4020 6406
131 434 203 495 τω
1107 435 1630 495 BIBLIOTHECA.
1660 462 1728 471 --
1762 436 1924 496 COD.
1953 437 2313 507 CCLXXIII.
3222 439 3330 505 234

138 548 346 613 Ἰωάννην
372 545 695 615 ἀπείληφεν,
720 547 749 597 6
778 548 1336 618 πεπαρῤησιασμένος
1361 550 1452 604 τὸν
1481 549 1656 619 ζηλω-
1684 552 1725 611 Α

1760 562 1935 607 morte
2000 555 2383 623 reprehendit,
2436 554 2823 625 prmdicantem
2883 566 3005 626 post
3055 570 3326 629 mortem,

124 640 212 707 τὴν,
235 639 259 689 6
284 637 417 705 μετὰ
467 636 695 690 θάνατον
728 638 966 707 ἐλέγχων
1014 640 1103 692 τὸν
1142 640 1483 711 κηρύττοντα
1516 641 1655 711 μετὰ

1760 645 1965 701 deserti
2006 646 2181 701 incola
2214 648 2381 704 totius
2415 647 2565 703 orbis
2594 648 2915 718 sapientem.
2953 649 3132 706 Habes
3163 653 3329 709 aliam

123 730 332 790 θάνατον,
367 730 394 779 ὁ
426 728 526 797 τῆς
564 730 775 799 ἐρήμου
827 730 1049 799 πολίτης
1092 732 1182 784 τὸν
1220 732 1404 802 πάσης
1436 732 1648 796 πόλεως

1759 747 1886 787 cum
1916 734 2181 801 apostolis
2213 737 2617 804 cognationem,
2657 737 2870 805 primus
2900 738 3040 806 apud
3071 739 3327 810 Scythas,

125 819 493 887 σωφρονιστὴν.
518 817 645 888 [829
669 818 764 890 Η.]
802 820 984 889 Ἔχεις
1015 823 1109 873 καὶ
1140 821 1307 892 ἄλλην
1346 822 1484 893 πρὸς
1530 824 1657 889 τοὺς

1755 828 1887 899 quid
1919 829 2068 897 quod
2112 830 2165 882 in
2193 827 2444 883 curribus
2475 826 2679 893 vivant,
2716 828 3024 884 bamaxobii
3047 830 3175 885 dicti
3203 847 3328 888 aras

119 910 409 974 ἀποστόλους
437 912 781 978 συγγένειαν.
814 912 1037 978 Πρῶτος
1088 915 1241 984 παρὰ
1290 918 1403 978 τοῖς
1448 916 1658 985 ἀμαξο-
1692 977 1702 985 ,

1755 921 2000 983 erexisti,
2028 930 2082 975 et
2113 920 2379 976 barbarus
2401 923 2489 977 vix
2518 923 2587 976 ab
2617 923 2775 991 equis
2799 922 3098 988 dissiliens,
3136 922 3330 979 didicit

118 1008 226 1067 6i9t;
250 1004 478 1069 Σκύθαις
529 1005 897 1077 θυσιαστήρια
922 1006 1128 1075 ἔπηξας
1154 1024 1168 1037 ·
1205 1008 1301 1061 καὶ
1353 1008 1507 1078 μόλις
1540 1009 1651 1063 τῶν

1758 1024 1897 1079 genu
1928 1010 2162 1074 ﬂet-tere,
2197 1019 2251 1064 et
2294 1012 2359 1064 ad
2399 1011 2771 1080 pavimentum
2802 1012 3100 1076 incurvari,
3146 1022 3201 1067 et
3232 1012 3328 1082 qui

117 1099 265 1149 ἵππων
298 1097 658 1167 ἀποπηδήσας
710 1100 739 1150 6
791 1098 1068 1170 βάρϐαρος
1119 1098 1290 1170 ἔμαθε
1334 1100 1463 1168 γόνυ
1515 1102 1657 1171 κάμ-

1755 1103 2101 1173 captivorum
2168 1103 2601 1182 lacrymis_non
2657 1113 2927 1171 movetur,
2983 1105 3175 1160 didicit
3226 1121 3327 1175 pro

114 1208 239 1242 πτειν
261 1190 347 1242 καὶ
370 1191 452 1253 είς
486 1190 681 1259 ἔδαφος
734 1190 1116 1255 έεαπλοῦσθαι.
1150 1194 1260 1248 Καὶ
1294 1196 1323 1248 6
1378 1198 1492 1259 τοῖς
1542 1196 1653 1249 τῶν

1755 1195 1997 1264 peccatis
2030 1194 2183 1249 ﬂere.
2213 1193 2354 1260 Quin
2385 1195 2551 1251 etiam
2576 1195 2936 1265 jaculatorem
2964 1196 3185 1253 Persam
3209 1198 3327 1252 vul-

117 1280 435 1351 αξχμαλώτων
476 1282 709 1352 δάκρυσι
760 1284 834 1353 μὴ
863 1284 1251 1354 καμπτόμενος
1280 1286 1484 1356 ἔμαθεν
1510 1288 1654 1358 ὑπὲρ

1754 1302 1958 1341 nerans
1985 1288 2386 1358 praedicatione,
2418 1298 2470 1341 ct
2489 1286 2651 1341 ferrei
2676 1287 2984 1342 didicerunt
3001 1289 3326 1343 cruciﬁxum

116 1372 491 1441 ἁμαρτημάτων
518 1372 798 1443 δακρύειν.
832 1374 940 1428 Nai.
955 1376 1002 1407 ⁸³
1041 1376 1149 1446 μὴν
1179 1377 1272 1429 καὶ
1292 1377 1387 1429 τὸν
1431 1378 1652 1450 τοξότην

1757 1372 2013 1427 adorare.
2045 1371 2189 1426 Vicit
2213 1382 2301 1425 tua
2336 1372 2520 1441 lingua
2542 1368 2927 1426 Chaldzeorum
2961 1381 3016 1427 et
3042 1370 3324 1441 Magorum

122 1463 299 1533 Πέρσην
350 1464 751 1528 άντετόξευσας
783 1465 861 1535 τῷ
911 1466 1253 1539 κηρύγματι,
1290 1470 1385 1523 καὶ
1436 1470 1651 1541 σιδηρο-

1751 1465 2113 1533 imposturas,
2148 1473 2203 1519 et
2237 1463 2529 1518 Persarum
2559 1463 2763 1517 inculta
2786 1464 2933 1519 natio
2972 1463 3173 1533 templa
3205 1479 3327 1533 ger—

120 1556 363 1623 ςοροῦντες
422 1557 837 1624 προσκυνοῦσιν
862 1560 1179 1613 έκεῖνοιτὸν
1234 1562 1642 1632 σταυρωθέντα.

1753 1555 2007 1609 minavit.
2055 1554 2172 1611 Non
2223 1556 2460 1624 amplius
2487 1553 2731 1626 Babylon
2779 1557 3033 1625 pietatem
3077 1563 3326 1610 aversata

129 1650 362 1718 Ἐνίκησεν
390 1651 424 1720 ἡ
453 1650 525 1721 σὴ
554 1651 770 1718 γλῶττα
802 1653 1087 1707 Χαλδαίων
1136 1655 1229 1708 καὶ
1261 1656 1452 1724 μάγων
1497 1673 1649 1726 μαγ-
1675 1668 1686 1683 ·

1751 1654 1856 1701 est.
1887 1644 2013 1701 Haec
2048 1654 2099 1700 te
2128 1646 2363 1701 similem
2398 1646 2659 1716 apostolis
2690 1646 2954 1710 fecerunt,
2980 1646 3159 1701 adhuc
3182 1644 3326 1715 apud

120 1743 415 1809 γσνευτήρια,
446 1742 546 1793 καὶ
577 1744 609 1811 ἠ
657 1744 1047 1814 κεχέρσωμένη
1075 1744 1279 1816 Περσὶς
1326 1746 1648 1817 εὐκτηρίους

1754 1753 1855 1793 nos
1879 1738 2090 1793 semina
2123 1739 2319 1809 linguae
2344 1740 2543 1809 vigent.
2571 1739 2801 1807 Quando
2833 1740 3100 1793 Joannem
3128 1739 3326 1809 aliquis

119 1832 257 1894 οἷκους
278 1832 635 1903 ἐϐλάστησεν.
665 1834 864 1888 Οὐκέτι
915 1835 1015 1902 τῆς
1040 1835 1297 1901 εὐσεϐοῦς
1350 1837 1644 1907 θρησκείας
1680 1906 1703 1907 7

1759 1832 2053 1893 nominat,
2090 1824 2320 1905 magnus
2373 1848 2545 1888 sonus
2586 1834 2898 1888 exauditur.
2941 1832 3324 1889 Ecclesiastica

122 1923 173 1975 τὰ
201 1924 486 1987 Βαδυλῶνος
524 1926 808 1998 ἀλλότρια.
860 1926 1048 1980 Ταῦτά
1076 1945 1136 1980 σε
1179 1930 1294 1991 τοῖς
1328 1906 1646 1992 ἀποστόλοις
1678 1906 1709 1961 Ε

1751 1923 1868 1993 lyra
1894 1924 2182 1993 antiquum
2233 1925 2498 1994 plectrum
2546 1926 2864 1997 cognoscit.
2913 1934 2968 1980 et
3009 1941 3108 1996 pro
3139 1924 3323 1995 digitis

124 2017 354 2082 συνέταξεν
371 2020 436 2073 ⁸³.
476 2020 608 2073 Ἔτι
635 2019 768 2089 παρ’
809 2020 942 2090 ἡμῖν
969 2020 1039 2073 τὰ
1083 2020 1373 2091 σπέρματα
1401 2020 1502 2091 τῆς
1547 2023 1646 2092 σῆς

1748 2014 2026 2071 sulliciunt
2086 2016 2307 2087 syllaba:
2355 2017 2598 2072 nominis
2653 2018 2753 2073 tui.
2820 2018 3323 2089 Constantinopolis

123 2108 319 2180 γλώττης
344 2111 489 2163 ἀνθεῖ
519 2127 536 2141 ο
561 2110 666 2165 κᾶν
711 2113 969 2183 Ἰωάννην
1001 2130 1084 2176 τις
1116 2113 1380 2185 ὀνομάσῃ,
1429 2113 1647 2178 πολὺςαό

1747 2107 1882 2162 vidit
1938 2108 2200 2180 Syrorum
2234 2109 2375 2174 vela,
2425 2120 2479 2165 et
2532 2113 2883 2181 contempsit.
2920 2109 3070 2165 Vidit
3109 2110 3321 2181 lapillos

124 2198 229 2271 ἦχος
267 2203 611 2271 ἐκκρούεται.
683 2204 748 2257 Ἦ
785 2206 895 2275 γὰρ
942 2204 1371 2274 ὲκκλησιαστικὴ
1414 2204 1551 2276 λύρα
1583 2205 1647 2258 τὸ

1748 2199 1986 2262 Indicos,
2020 2212 2076 2255 et
2104 2201 2312 2263 irrisit,
2345 2216 2446 2257 nec
2476 2200 2606 2272 Tyri
2648 2203 2795 2257 illam
2829 2202 2982 2257 color
3013 2217 3321 2272 purpureus

132 2296 306 2362 ἀρχαῖον
328 2295 599 2366 πλῆκτρον
644 2296 1021 2364 ἐπιγινώσκει,
1056 2298 1152 2350 καὶ
1206 2298 1328 2350 ἀντὶ
1366 2298 1644 2351 δακτύλων

1746 2290 2051 2347 delectavit.
2086 2292 2310 2347 Luteam
2335 2294 2644 2363 concupivit
2665 2294 2932 2364 linguam,
2952 2310 3073 2362 qua:
3096 2295 3320 2347 immor-

138 2386 340 2455 ἀρκοῦσιν
368 2390 409 2439 ai
432 2388 539 2440 τοῦ
568 2388 667 2442 σοῦ
712 2388 980 2459 ὀνόματος
1009 2388 1287 2442 συλλαϐαί.
1312 2390 1578 2443 Ἔδλεπεν
1594 2390 1642 2421 ⁸⁸

1746 2386 1881 2441 tales
1919 2385 2184 2441 doctrina:
2233 2385 2475 2454 liquores
2504 2385 2807 2440 distillavit.
2843 2386 2990 2440 Vidit
3015 2396 3065 2441 te
3094 2385 3319 2454 antiqua

140 2478 165 2544 ή
214 2475 377 2545 βασιλὶς
406 2480 570 2536 πόλις
621 2479 690 2531 τά
750 2480 815 2530 ὲκ
873 2478 1061 2549 Σηρῶν
1088 2480 1135 2512 ⁸³
1202 2480 1520 2550 ὑφάσματα,
1550 2481 1643 2534 καὶ

1744 2475 2017 2544 Ephesus,
2042 2488 2097 2531 et
2141 2475 2407 2531 Joannem
2450 2492 2652 2530 novum
2702 2477 2993 2545 appellavit
3018 2477 3187 2540 ,vidit
3211 2516 3226 2540 ,
3264 2486 3319 2530 et

135 2567 349 2620 ὁιέπτυεν·
374 2571 604 2641 ἐθεώρει
655 2571 781 2633 τοὺς
805 2571 863 2637 ἐξ
913 2571 1092 2623 Ἰνδῶν
1130 2570 1330 2636 λίθους,
1372 2572 1464 2625 καὶ
1508 2590 1641 2625 κατ-

1742 2567 2037 2637 evangelici
2085 2568 2404 2624 recordatus
2437 2576 2522 2624 est
2552 2568 2810 2623 tonitrus.
2839 2566 2997 2631 Hinc,
3044 2582 3077 2621 ο
3110 2567 3313 2631 dilecti,

129 2659 441 2729 εφρόνειθοὺδὲ
472 2664 590 2733 τῆς
618 2663 795 2733 Τύρου
823 2664 885 2715 τὸ
913 2663 1179 2736 ἁλουργὲς
1212 2665 1383 2734 αὐτὴν
1413 2666 1641 2736 ἔτερπεν

1744 2657 1926 2714 ﬂuxus
1952 2657 2154 2729 509a
2185 2658 2451 2714 orationis
2486 2672 2612 2714 cum
2651 2659 2854 2727 impetu
2884 2658 3079 2714 currit.
3108 2655 3214 2710 Sed
3248 2671 3316 2711 ne

127 2752 265 2816 ἄνθος.
289 2756 518 2825 Πηλίνην
555 2756 741 2810 ἐπόθει
777 2757 1047 2825 γλῶτταν,
1100 2757 1348 2811 ἀθάνατα
1389 2758 1641 2813 διδασκα-

1743 2750 2098 2820 asperitatem
2130 2750 2431 2822 fugiamus,
2463 2766 2597 2820 pace
2654 2750 2870 2805 tandem
2932 2749 3120 2804 ﬂuctui
3175 2749 3313 2803 viam

120 2840 213 2906 λίας
246 2848 569 2917 προχέουσαν
618 2849 860 2918 νάματα.
920 2843 1041 2901 Εἷδέ
1095 2866 1156 2901 σε
1209 2852 1302 2903 καὶ¹
1345 2851 1574 2919 Ἔφεσος
1603 2854 1643 2923 ἡ

1742 2853 2041 2899 sternente.
2075 2843 2134 2900 Si
2172 2844 2303 2914 quid
2329 2845 2474 2899 enim
2508 2845 2577 2899 de
2603 2844 2713 2900 tuis
2741 2844 2948 2908 nautis,
2986 2841 3167 2906 Pater,
3187 2856 3317 2895 con-

122 2933 263 3004 ἀρχαῖ’
335 2943 422 2993 καὶ
468 2941 604 2995 νέον
668 2940 923 3011 Ἰωάννην
974 2945 1294 3014 προσεῖπεν.
1353 2939 1497 3008 Εῐδε,
1544 2946 1637 2998 καὶ

1741 2939 2010 3008 quereris,
2043 2938 2089 2993 si
2134 2939 2267 3008 quid
2298 2948 2491 2995 contra
2532 2947 2653 2994 tuos
2699 2937 3127 3008 connavigantes
3170 2951 3316 2989 con—

121 3027 411 3103 mugitui};
440 3034 785 3104 ὑπεμνήσθη
841 3034 1089 3105 βροντῆς.
1135 3035 1436 3102 Ἐντεῦθεν,
1496 3038 1634 3106 ἁγα-

1738 3032 1937 3097 tristat,
2001 3032 2241 3102 intellige
2293 3031 2508 3102 hyemis
2544 3038 2947 3100 tempestatem,
2978 3027 3273 3097 procellam
3295 3066 3311 3092 ,

117 3122 329 3187 πητοὶ,τὺ
353 3125 544 3195 ῥεῦμα
594 3123 691 3178 τοῦ
746 3126 906 3194 λόγου
964 3125 1313 3198 τραχύνεται·
1364 3127 1505 3181 ἀλλὰ.
1558 3127 1632 3198 μὴ

1739 3134 1795 3180 et
1845 3140 1998 3179 mare
2043 3124 2412 3181 effervescens
2469 3122 2717 3194 coegisse
2785 3122 2909 3176 illos
2965 3121 3048 3173 vel
3111 3119 3313 3175 invitos

114 3211 318 3309 φύγιξιμεν
350 3218 447 3287 τὴν
498 3220 848 3291 τραχύτητα,
903 3221 1002 3291 τῆς
1033 3223 1258 3293 εἰρήνης
1303 3221 1490 3275 λοιπὸν
1519 3223 1632 3274 ὁδο⁸
1662 3246 1701 3309 C

1740 3217 1933 3273 Jonam
1984 3218 2122 3272 mari
2158 3217 2504 3288 immergere.
2542 3215 2659 3271 Non
2707 3230 2898 3269 eorum
2952 3214 3142 3267 odium
3167 3251 3183 3277 ,
3220 3211 3314 3265 scd

112 3305 315 3377 ποιούσης
340 3310 416 3379 τῷ
446 3309 716 3381 ῥεύματι.
775 3313 837 3365 Εἰ
868 3314 975 3384 γάρ
1030 3331 1084 3366 τι
1134 3315 1271 3385 πρὸς
1323 3315 1453 3377 τοὺς
1508 3315 1635 3376 σοὺς
1676 3305 1699 3309 ⁷

1740 3323 1833 3368 tua
1864 3312 2226 3367 exercitatio:
2281 3325 2393 3366 non
2442 3325 2632 3366 eorum
2679 3325 2854 3371 arma,
2890 3308 2984 3363 sed
3020 3315 3109 3361 tua
3138 3312 3320 3360 certa-

113 3397 282 3463 ναύτας,
312 3397 354 3455 ὦ
380 3405 598 3475 Πάτερ,
628 3407 978 3474 ἀγανακτεῖς,
1019 3408 1073 3461 εἴ
1106 3425 1158 3460 τι
1187 3409 1321 3479 πρὸς
1341 3408 1470 3470 τοὺς
1494 3424 1633 3475 συμ-

1739 3405 1884 3458 mina
1915 3418 1978 3458 ea
2012 3419 2135 3471 qua:
2177 3402 2319 3457 facta
2351 3412 2501 3467 sunt,
2536 3418 2642 3463 non
2666 3402 2742 3457 illi
2770 3418 2799 3456 a
2830 3402 3071 3457 fraterna
3097 3409 3316 3456 senten-

116 3492 420 3559 πεπλευκότας
443 3498 624 3568 λυπῇ,
654 3498 905 3567 ἐννόησον
938 3500 1017 3553 ὃτι
1043 3499 1248 3570 χειμὼν
1283 3503 1377 3553 καὶ
1426 3500 1635 3553 κλύδων

1738 3498 1811 3550 tia
1833 3496 2042 3565 expulsi
2062 3506 2211 3558 sunt,
2234 3497 2327 3551 sed
2350 3497 2591 3567 Oportuit
2612 3506 2665 3551 et
2688 3507 2740 3550 te
2760 3495 2994 3550 stadium
3014 3502 3312 3565 martyrum

117 3582 177 3633 tui
197 3584 412 3640 θάλασσα
434 3588 791 3660 βρασσομένη
815 3593 1123 3661 ἠνάγκασεν
1148 3592 1347 3655 αὐτοὺς
1364 3593 1457 3644 καὶ
1473 3592 1634 3645 ἄκον-

1739 3604 1982 3642 currere.
2039 3590 2257 3642 Arcana
2307 3590 2556 3658 quaedam
2601 3588 2972 3659 providentia,
3012 3595 3313 3641 scammata

114 3680 274 3739 τπςτὸν
304 3684 486 3736 Ίωνᾶν
527 3683 825 3754 προσρίψαι
878 3688 992 3748 τοῖς
1024 3686 1286 3755 κύμασιν.
1328 3686 1443 3739 Οὐκ
1488 3686 1635 3738 ὲκεί-

1738 3681 1834 3735 tibi
1868 3680 1981 3751 (17)
2022 3691 2076 3735 et
2115 3681 2437 3735 certaminis
2475 3680 2655 3735 locum
2689 3678 3038 3749 praeparavit.
3068 3676 3313 3732 Omnino

111 3784 183 3820 νων
202 3774 357 3839 μῖσος,
382 3774 532 3826 ἀλλὰ
562 3774 653 3825 σὸν
676 3774 978 3843 γυμνάσιον
999 3776 1061 3827 τὸ
1089 3776 1325 3847 συμὸάν⁸
1354 3777 1458 3829 οὐκ
1484 3776 1635 3828 ὲκεί-

1737 3774 1943 3827 dictum
1959 3773 2119 3827 estde
2134 3782 2185 3828 te
2201 3782 2394 3828 contra
2409 3773 2691 3827 hominum
2708 3785 3055 3826 communem
3076 3770 3309 3825 hostem:

107 3874 182 3907 νων
200 3862 437 3930 πόλεμος,
474 3862 621 3915 ἀλλὰ
652 3864 742 3925 σὸς
759 3862 909 3930 ἁγὼν
936 3864 1003 3916 τὰ
1024 3866 1315 3935 γενόμενα.
1340 3866 1454 3919 Οὐκ
1487 3868 1633 3920 ἐκεῖ·

1740 3865 1999 3937 Nunquid
2023 3866 2375 3921 considerasti
2398 3879 2601 3919 servum
2632 3879 2805 3917 meum
2826 3861 3090 3916 Joannem
3125 3871 3169 3924 ι’,
3204 3870 3310 3914 etc.

104 3961 161 3996 νοι
183 3950 264 4018 τῆς
310 3953 616 4023 ἁδελφικῆς
665 3954 1055 4025 ἀπηνέχθησαν
1102 3956 1306 4027 ψήφου,
1368 3957 1484 4010 ἀλλ’
1526 3957 1635 4010 ἔδει

1738 3957 1931 4014 Debuit
1968 3958 2129 4014 clara:
2168 3958 2293 4011 vitae
2342 3956 2487 4011 clara
2527 3956 2693 4009 etiam
2734 3970 2884 4010 mors
2935 3954 3082 4009 addi.
3132 3951 3312 4022 Oppu-

103 4040 170 4090 καὶ
195 4043 247 4093 σὲ
273 4045 361 4095 τὸν
386 4044 616 4099 δίαυλον
655 4046 764 4099 τῶν
813 4046 1109 4117 μαρτύρων
1154 4047 1403 4118 δραμεῖν.
1440 4049 1637 4120 ’Δπόῤ-

1738 4050 1923 4121 gnavit
1954 4050 2209 4104 diabolus
2238 4047 2360 4112 Job,
2394 4048 2671 4103 adversari
2696 4046 2857 4101 amici
2882 4046 3160 4100 nolebant.
3188 4044 3311 4098 Ideo

103 4129 228 4196 ῥητός
252 4150 328 4196 τις
351 4135 644 4205 οἰκονομία
676 4136 977 4206 σκάμματά
998 4137 1045 4169 ³⁸
1081 4153 1161 4190 σοι
1198 4139 1295 4191 xui.
1319 4138 1567 4199 διαύλους
1588 4138 1634 4170 ⁵⁷

1735 4151 1923 4211 postea
1944 4141 2087 4198 Deus
2103 4157 2259 4211 opem
2278 4142 2401 4196 tulit
2419 4142 2614 4197 amicis
2641 4141 2763 4206 Job,
2786 4149 2841 4193 et
2856 4139 3047 4194 amicis
3070 4137 3311 4193 amicum

100 4222 369 4293 ηὐτρέπισε.
411 4228 647 4290 Πάντως
679 4229 880 4300 ἐρρέθη
912 4230 1166 4299 καὶπερὶ
1219 4231 1313 4283 σοῦ
1354 4233 1490 4301 πρὸς
1542 4230 1635 4283 τὸν

1735 4234 1838 4289 Job
1856 4235 2106 4289 reddidit.
2130 4233 2243 4289 Hoc
2261 4234 2427 4289 etiam
2447 4234 2615 4298 hunc,
2632 4242 2692 4288 ut
2709 4232 2885 4297 video,
2906 4232 3105 4285 factum
3124 4230 3175 4283 in
3194 4239 3311 4295 te,o

100 4315 239 4367 κοινὸν
262 4321 557 4374 ἀντίπαλον
584 4320 686 4390 τῆς
719 4320 1162 4391 ἀνθρωπότητος·
1192 4325 1356 4389 Προσ
1358 4322 1433 4375 έσ
1438 4340 1539 4388 χες
1560 4321 1633 4390 τῇ

1735 4325 2204 4389 Pater,etdextras
2216 4325 2437 4381 Patrum
2451 4341 2575 4380 cum
2591 4325 2819 4378 invicem
2834 4323 3113 4393 copulatas
3124 4322 3310 4377 animo

98 4401 288 4475 διανοίᾳ
314 4428 430 4465 σου
457 4415 616 4465 κατὰ
646 4412 757 4465 τοῦ
778 4411 1142 4480 θεράποντάς
1160 4431 1281 4482 μου
1326 4414 1634 4477 Ἰωάννου;

1737 4420 1937 4489 cogito.
1953 4419 2177 4488 Recepit
2190 4420 2291 4473 Job
2310 4420 2466 4488 plura
2481 4433 2644 4487 quam
2660 4417 2809 4485 prius
2827 4416 3038 4479 habuit,
3058 4414 3309 4488 recepisti

100 4498 315 4569 καὶέξῆς.
354 4505 751 4575 Ἐχρεωστείτο
774 4504 851 4575 τῷ
877 4503 1116 4575 λαμπρῷ
1160 4505 1257 4574 βίῳ
1296 4506 1392 4558 καὶ
1434 4505 1635 4575 ήλαμ-

1735 4520 1789 4564 et
1804 4521 1860 4563 tu
1876 4526 2001 4564 cum
2015 4520 2170 4564 aucta
2180 4510 2260 4563 rio
2273 4510 2500 4579 gloriam
2516 4510 2584 4563 ab
2598 4507 2854 4563 omnibus
2871 4504 3311 4576 majoremJlanc

98 4590 188 4655 πρά
211 4594 449 4664 τελευτή.
484 4595 750 4668 Ἐπάλαιε
816 4598 916 4667 μὲν
947 4597 1025 4667 τῷ
1040 4597 1087 4629 ⁸⁸
1137 4597 1259 4650 Ἰὼό
1304 4598 1333 4649 6
1359 4596 1626 4659 διάϐολος.
1664 4611 1685 4665 ι

1737 4610 2044 4654 extremam
2076 4600 2344 4655 orationis
2368 4612 2576 4668 partem
2613 4599 2898 4668 inscriptio
2926 4600 2978 4652 in
3010 4598 3311 4667 apostolico

98 4678 275 4736 ἐδόκουν
296 4686 350 4738 δὲ
374 4666 753 4759 προσκρούειν
775 4666 827 4742 oi
850 4666 1029 4757 φίλοιο
1065 4688 1174 4742 διὰ·
1196 4688 1354 4741 τοῦτο
1406 4688 1531 4741 ῦστε
1542 4706 1634 4759 ρον

1735 4690 1939 4759 templo
1983 4690 2224 4744 habitam
2251 4666 2542 4760 signiticet.
2566 4666 2899 4745 Prommintn
2930 4666 3060 4745 vero
3083 4689 3308 4752 indicat,

97 4771 247 4836 ὁθεδς
268 4777 479 4843 ἐξιᾶται
510 4781 640 4842 τοὺς
667 4779 875 4847 φίλους,
909 4781 1003 4833 καὶ
1026 4783 1138 4843 τοῖς
1166 4780 1341 4849 φίλοις
1364 4780 1517 4849 φίλον
1544 4781 1636 4833 τὸν

1742 4790 2036 4837 auctorem
2066 4789 2193 4850 post
2243 4781 2353 4837 alia
2387 4783 2503 4839 haec
2552 4782 2858 4851 scripsisse.
2893 4781 2985 4836 Sic
3006 4783 3151 4836 enim
3196 4783 3306 4836 ait:

108 4857 200 4911 Ἰὼϐ
220 4866 531 4925 ἀποδίδωσι.
549 4868 720 4923 Τοῦτο
760 4871 852 4922 καὶ
874 4870 993 4933 νῦν,
1045 4869 1235 4941 ὥσπερ
1276 4870 1630 4939 αἰσθάνομαι,

1736 4870 2033 4942 Postquam
2070 4882 2121 4926 et
2162 4888 2254 4942 ego
2282 4872 2455 4929 dicere
2487 4873 2673 4927 ordine
2709 4872 2899 4938 debui,
2926 4890 3046 4927 cum
3075 4889 3167 4943 ego
3191 4889 3308 4925 cum

102 4953 296 5035 γεγονὸς,
320 4948 366 5008 ὧ
396 4958 588 5029 Πάτερ
615 4974 630 4989 ν
667 4959 764 5013 καὶ
795 4960 893 5021 τὰς
914 4960 1093 5024 δεξιὰς
1118 4960 1227 5013 τῶν
1260 4961 1516 5029 Πατέρων
1535 4960 1633 5013 άλ-

1740 4965 1942 5018 ceteris
1974 4980 2245 5033 assurgere
2279 4964 2347 5017 ad
2392 4967 2672 5019 dicendum
2716 4981 2893 5035 cogor,
2919 4981 3038 5018 cum
3069 4974 3308 5034 oporteat

103 5033 246 5106 λῆλαις
269 5050 762 5118 συνεφαπτομένας
781 5052 1144 5120 φαντάζομαι.
1182 5050 1479 5104 Ἀπέλαὸεν
1514 5052 1636 5104 ’1ὼὸ

1740 5065 1790 5110 et
1824 5073 1903 5110 me
1928 5059 2115 5125 patria:
2141 5067 2189 5111 et
2215 5057 2339 5112 bene
2358 5059 2587 5126 precari,
2610 5070 2657 5113 et
2678 5033 2830 5112 multi
2857 5033 3108 5111 debitumr
3127 5058 3308 5111 inexo-

104 5129 605 5195 πολυπλασιασθέντα
654 5144 723 5196 τὰ
785 5144 1071 5212 animum“
1125 5143 1400 5206 ἀπέλαϐες
1446 5144 1541 5196 καὶ
1568 5144 1632 5197 σὺ

1742 5146 1911 5200 rabile
1939 5158 2200 5217 petentes:
2229 5150 2372 5217 apud
2401 5165 2492 5202 nos
2522 5165 2640 5204 vero
2684 5148 2819 5203 nihil
2864 5149 3035 5203 simile
3072 5159 3305 5218 paterna:

108 5224 210 5283 μετὰ
231 5232 551 5302 προσθήκης
598 5235 699 5303 τὴν
746 5235 897 5303 παρὰ
945 5235 1162 5289 πάντων
1210 5238 1395 5306 τιμήν.
1430 5235 1630 5289 Τοῦτον

1554 5252 1630 5289 τον
1739 5240 1997 5295 virtutis:
2038 5242 2109 5295 da
2142 5218 2310 5307 nobis],
2341 5259 2372 5295 ο
2397 5239 2654 5307 Joannes,
2676 5253 2914 5295 mutuam
2949 5243 3141 5310 lyram.

156 5367 172 5394 ι

200 5359 291 5419 ³οδ
317 5382 355 5430 ιν
392 5366 447 5420 3-
1180 5400 1183 5403 ’
1315 5436 1549 5493 meum
1600 5438 2007 5498 LECTIONES-

183 5545 398 5628 "'th
434 5569 448 5604 ε
484 5551 696 5628 Ξοιες.⁸
763 5550 1183 5628 ⁸³συνέταξεν-έὶ
1223 5571 1249 5628 ε¹
1268 5549 1583 5628 συνέζευξεν
1612 5569 1673 5615 ς.
1777 5553 1824 5585 ει
1855 5538 2279 5610 ἔϐλεπεν-ηπ.
2306 5556 2408 5611 υιι.
2438 5558 2602 5628 τιμήν
2626 5572 2736 5611 om.
2780 5555 2837 5611 B.
2930 5557 2976 5590 σε
3021 5554 3207 5627 Συρῶν
3239 5572 3300 5619 ς.

172 5616 400 5687 σκάμμα.
482 5622 530 5651 ⁵⁷
559 5620 771 5675 δίαυλον
801 5637 946 5677 corr.
974 5622 1041 5676 A.
1117 5620 1163 5650 ⁸⁸⁵
1193 5619 1281 5672 τόν
1312 5622 1376 5674 Α.
1507 5616 1517 5618 ’

1567 5690 1801 5750 NOTAE.

158 5774 258 5859 (11)
279 5778 606 5859 chmmatis
632 5800 817 5841 vocem
842 5794 1297 5859 proarentcmeta
1322 5785 1641 5859 etpalmstra
1753 5790 1977 5845 Paulum
2023 5790 2362 5859 Leopardum
2421 5792 2515 5845 lib.
2581 5792 2940 5849 tMiscellan.
2974 5792 3044 5845 22
3103 5802 3155 5847 et
3214 5792 3303 5847 hic

108 5846 298 5903 adhibet
352 5848 758 5920 .Tertulliantts,
825 5846 877 5909 et
948 5857 1007 5911 B.
1046 5846 1457 5927 pllieronytuus.
1512 5855 1645 5915 Vide
1754 5846 2283 5932 Gracc'tcxetnplaris
2312 5864 2542 5917 stholia.

385 5946 648 6009 Pauor"
691 5950 805 6011 Gn.
845 5950 1002 6012 ClV.
2936 5965 2976 6021 ὅ
