4020 6452
670 442 775 504 235

1829 442 2087 503 ΡΙΙΟΤΙΙ
2128 441 2628 501 PATRIARCH/E
2653 442 2759 502 (ΞΡ.

3777 460 3864 520 236

669 558 760 609 τὸν
796 556 1024 625 ἔσχατον
1071 555 1229 624 λόγον
1279 556 1311 625 ἡ
1359 554 1639 626 ἐπιγραφὴ
1685 556 1742 605 ὲν
1787 555 1862 623 τῷ
1918 553 2253 622 ἀποστολείῳ
2292 551 2545 623 εἰρῆσθαι
2606 554 2791 622 λέγει*
2829 555 2888 607 τὸ
2928 556 2983 610 δὲ
3030 556 3313 628 προοίμιον
3378 558 3751 627 αίνίττεταιὼς
3790 566 3867 619 ἄλ-

668 648 776 701 λων
805 647 1178 718 προειπόντων
1206 647 1235 700 ὁ
1266 647 1618 716 συγγραφεὺς
1647 646 1765 717 μετ’
1818 646 2062 708 ἐκείνους
2094 646 2423 717 δημηγορεῖο
2462 643 2574 715 ἔχει
2603 648 2713 719 γὰρ
2746 647 2920 713 οὕτως
2943 664 2957 678 ο
2994 648 3228 718 Ἐπειδὴ
3259 650 3412 720 κάμὲ
3448 652 3593 720 πρὸς
3615 654 3675 708 τὸ
3704 657 3871 727 λέγειν

669 742 702 793 ό
728 738 960 803 κύκλος
981 739 1333 808 ἀνίστησιν,
1366 738 1526 810 [1520
1554 736 1645 809 IL]
1667 738 1875 809 ἐπειδὴ
1900 740 1967 793 τὸ
1992 740 2272 808 σύνθημα
2310 736 2458 807 πρὸς
2514 738 2631 807 τὴν
2666 742 2881 810 κοινὴν
2904 744 3148 813 χορείαν
3167 743 3399 812 ἐγείρει,
3429 744 3629 814 ἐπειδὴ
3644 746 3729 802 δεῖ
3749 751 3872 821 κάμὲ

671 833 797 904 [850
855 832 951 906 ιι]
998 834 1148 903 πρὸς
1183 834 1491 903 εὐφημίαν
1508 832 1809 902 πατρικὴν
1847 834 2342 902 ἁνακρούσασθαι
2400 831 2606 903 μέλος,
2639 836 2739 889 καί
2800 836 3019 891 πολλοὶ
3041 836 3229 906 μὲνοὶ
3253 838 3319 891 τὸ
3352 838 3587 907 ὄφλημα
3618 840 3679 894 τὸ
3710 842 3869 913 ἁπαρο

667 928 914 995 αἰτητον
939 927 1410 994 ἀπαιτοῦντες-⁸³,
1461 930 1598 995 παρ’
1632 927 1779 996 ἡμῖν
1840 925 1909 980 δὲ
1974 926 2157 982 οὐδὲν
2194 928 2305 997 τῆς

667 1018 851 1087 πάτερ
896 1019 1152 1089 Ἰωάννη,
1178 1019 1293 1089 τὴν
1314 1020 1509 1091 λύραν
1529 1017 1645 1087 τὴν
1675 1020 1817 1086 σήν.

1295 1133 1624 1191 CCLXXIV.

772 1226 999 1283 Joannis
1037 1228 1400 1300 Chrysostomi
1431 1228 1487 1281 in
1518 1225 1616 1279 XL
1658 1233 1915 1297 martyres
1946 1226 2140 1279 oratio.

2281 1121 2327 1176 Α

740 1390 1147 1462 LegiJoannem
1192 1389 1580 1460 Chrystomum
1629 1392 1685 1444 in
1732 1389 1945 1445 laudem
1989 1389 2058 1444 40
2103 1404 2247 1444 mar-

673 1497 869 1558 tyrum.

743 1580 1101 1634 Celebrantur
1143 1587 1409 1649 martyres
1442 1592 1554 1631 non
1609 1587 1669 1633 ut
1698 1577 1797 1647 ipsi
1849 1577 2066 1632 laudem
2104 1577 2246 1633 acci-

673 1674 863 1742 piant,
894 1688 1085 1726 verum
1127 1681 1185 1726 ut
1233 1686 1333 1726 nos
1376 1687 1471 1741 per
1500 1686 1685 1726 eorum
1719 1671 1933 1725 laudem
1965 1670 2034 1724 ad
2063 1670 2246 1723 imita-

676 1767 882 1820 tionem
936 1765 1318 1820 incendamur.
1388 1764 1662 1821 Molestias
1719 1764 1864 1834 passi
1914 1776 2045 1819 sunt
2074 1765 2149 1833 pii
2188 1772 2245 1817 et

672 1859 867 1928 impii,
908 1858 1005 1914 sed
1060 1858 1139 1912 illi
1186 1858 1254 1913 ad
1297 1858 1749 1913 exercitationem
1799 1856 2042 1927 iustitiae,
2087 1854 2143 1908 hi
2176 1854 2244 1908 ad

672 1951 879 2022 peccati
932 1950 1375 2020 castigationem.
1408 1948 1534 2004 ldeo
1576 1950 1853 2018 justorum
1902 1947 2044 2001 mala
2085 1959 2243 2000 sacra

670 2042 951 2114 Scriptura
1000 2026 1366 2096 tribulationes
1432 2049 1623 2105 vocat,
1680 2038 1906 2110 509b,
1970 2037 2240 2090 malorum

668 2146 859 2192 contra
904 2137 1300 2207 castigationes.
1346 2134 1517 2189 Vestri
1545 2136 1682 2188 beati
1710 2134 1869 2198 oculi,
1895 2132 2019 2203 quia
2043 2130 2240 2195 vident,

669 2226 720 2280 id
760 2234 864 2287 est,
890 2226 1021 2296 quia
1069 2224 1401 2295 intelligunt.
1441 2223 1499 2276 Si
1528 2221 1671 2278 enim
1727 2222 1781 2276 in
1814 2219 2045 2276 videndo
2066 2217 2240 2274 felici-

666 2328 772 2381 tas,
802 2318 964 2373 etiam
994 2316 1164 2373 Judazi
1189 2356 1203 2382 ,
1252 2316 1347 2387 qui
1387 2314 1718 2370 Salvatorem
1764 2312 2053 2379 viderunt,
2096 2308 2240 2367 beati

666 2408 919 2485 inissent.
955 2407 1061 2464 Sed
1088 2407 1267 2461 videre
1321 2407 1375 2459 in
1408 2419 1567 2460 sacra
1595 2402 1878 2473 Scriptura
1909 2411 1992 2456 est
2020 2400 2142 2471 capi
2172 2400 2238 2455 de

670 2475 1002 2571 intelligenti
1029 2500 1196 2553 animi
1228 2499 1410 2565 oculo,
1448 2506 1502 2553 et
1536 2495 1967 2567 profunditatem
1989 2492 2239 2549 veritatis
2275 2475 2319 2531 Β

664 2591 985 2661 intelligere.
1020 2588 1145 2645 Ideo
1178 2588 1481 2659 Prophetas
1506 2588 1635 2644 olim
1680 2586 1913 2641 videntes
1946 2591 2235 2640 vocarunt.

663 2683 832 2740 Beata
874 2682 1130 2753 praedicat
1173 2682 1426 2737 Salvator
1456 2681 1820 2736 instrumenta
1854 2676 2094 2741 virtutis,
2133 2674 2239 2731 etsi

663 2776 911 2845 corporis
938 2776 1086 2841 sint,
1121 2774 1312 2829 oculos
1359 2773 1495 2829 bene
1527 2772 1797 2837 videntes,
1827 2780 1881 2826 et
1916 2784 2081 2825 aures
2111 2783 2238 2823 cum

664 2871 996 2925 discretione
1020 2864 1556 2936 audientes.0portet
1580 2864 1724 2921 enim
1750 2864 2059 2919 audientem
2083 2862 2242 2918 intel-

665 2962 885 3025 lexisse,
925 2968 979 3014 et
1010 2958 1400 3029 intelligentem
1448 2957 1690 3022 audisse,
1718 2966 1782 3011 ut
1821 2957 2082 3027 scriptum
2112 2964 2233 3011 est:

664 3053 828 3118 Audi,
861 3050 997 3119 ﬁlia,
1022 3062 1070 3105 et
1095 3049 1227 3116 vide,
1245 3058 1294 3103 et
1326 3048 1526 3103 inclina
1556 3063 1740 3101 aurem
1768 3056 1933 3110 tuam,
1953 3054 1980 3082 ιι
2006 3060 2105 3115 pro
2128 3046 2234 3112 his,

663 3143 1026 3212 obtempera,
1082 3138 1346 3208 intellige.
1413 3134 1881 3202 Quemadmodum
1937 3134 2237 3187 hausturus

664 3250 887 3305 aquam,
917 3233 985 3287 ad
1018 3231 1253 3285 fistulam
1285 3228 1611 3294 acclinatur,
1643 3227 1721 3283 sic
1754 3226 1971 3281 auditus
1995 3225 2130 3295 justi
2168 3224 2236 3279 ad

664 3327 861 3382 divinat
898 3325 1032 3395 legis
1060 3324 1261 3378 ﬂuenta
1295 3338 1353 3377 se
1407 3321 1668 3375 inclinat:
1701 3319 1975 3375 Inclinabo
2008 3320 2146 3373 enim
2182 3321 2239 3372 in

662 3417 980 3490 parabolam
1028 3428 1210 3469 aurem
1246 3429 1416 3467 meam
1441 3421 1491 3465 ν.
1532 3410 1712 3479 Quare
1739 3410 2005 3464 inclinabo
2029 3410 2054 3462 ?
2099 3408 2235 3462 Cum

662 3510 843 3568 omnis
872 3524 1011 3565 urna
1069 3522 1267 3579 aquam
1324 3505 1566 3576 capiens,
1596 3503 1741 3573 capit
1791 3518 1851 3559 se
1900 3499 2234 3565 inclinanda,

662 3603 785 3657 ideo
813 3610 867 3657 et
904 3599 1083 3656 omnis
1112 3598 1262 3653 auris
1283 3597 1592 3667 suscipiens
1616 3595 1798 3650 ﬂuxus
1819 3594 1974 3649 verbi
1999 3591 2093 3647 Dei
2121 3632 2137 3659 ,
2168 3590 2237 3646 ad

662 3696 768 3750 hoc
801 3709 862 3749 se
916 3692 1181 3748 inclinare
1207 3690 1431 3746 dicitur.
1466 3686 1713 3743 Praedico
1745 3686 1903 3742 beata
1933 3693 2234 3754 martyrum

657 3787 853 3853 latera,
887 3799 1010 3854 qua:
1041 3782 1263 3852 pietatis
1315 3780 1485 3835 robur
1527 3777 1949 3848 inexpugnabile
1977 3774 2233 3830 ostende-
2268 3810 2316 3874 ο

659 3887 822 3942 runt,
852 3878 1109 3947 pietatem
1145 3888 1257 3928 non
1299 3872 1573 3928 amisisse.
1606 3870 1822 3926 Etenim
1857 3878 1918 3924 ut
1940 3867 2237 3939 plurimum

658 3969 909 4040 percussi
945 3976 1075 4021 sunt
1108 3967 1237 4020 totis
1267 3964 1461 4028 costis,
1502 3961 1952 4033 quandoquidem
1982 3976 2079 4032 per
2107 3976 2233 4016 cos-

660 4070 770 4112 tam
822 4066 1103 4127 peccatum
1163 4054 1411 4109 intravit.
1461 4051 1751 4108 Peccatum
1800 4051 1947 4107 enim
2001 4066 2112 4105 non
2152 4062 2238 4107 est

660 4150 866 4206 femina
894 4162 959 4205 x:
988 4150 1105 4219 ipsa
1135 4147 1339 4204 etenim
1373 4146 1538 4201 etiam
1570 4144 1665 4201 Dei
1693 4153 1947 4200 creatura
1974 4152 2058 4198 est
2080 4185 2095 4210 ,
2139 4144 2235 4198 sed

659 4247 789 4316 quia
840 4260 939 4315 per
966 4259 1087 4298 eam
1120 4239 1497 4312 praevaricatio
1522 4239 1667 4292 viam
1694 4236 1920 4291 invenit.
1944 4235 2235 4291 Poliuntur

658 4339 824 4408 igitur
849 4346 1120 4406 martyres
1148 4334 1203 4388 in
1250 4332 1440 4400 costis,
1489 4330 1635 4386 unde
1670 4339 1950 4401 peccatum
1987 4330 2228 4400 irrepsit.

656 4431 781 4483 ldeo
840 4427 1091 4482 Salvator
1120 4428 1173 4480 in
1208 4426 1381 4480 latere
1421 4428 1637 4479 hastam
1677 4428 1940 4493 suscepit,
1980 4434 2027 4477 et
2072 4423 2232 4477 exivit

655 4523 871 4593 sanguis
908 4528 956 4575 et
1004 4536 1163 4590 aqua,
1198 4533 1308 4588 quo
1342 4519 1578 4574 mundus
1617 4518 1834 4572 ablutus
1873 4525 1977 4581 est,
2010 4525 2065 4571 et
2087 4519 2230 4569 anti-

654 4629 823 4684 quum
853 4612 1053 4668 vulnus
1076 4611 1385 4681 depulsum.
1401 4609 1869 4677 Quemadmodum
1891 4612 2034 4664 enim
2054 4608 2232 4679 justo-

656 4720 777 4758 rum
812 4704 1058 4759 membra
1095 4702 1411 4773 singillatim
1446 4701 1698 4756 laudibus
1738 4700 2107 4765 celebrantur,
2150 4703 2231 4755 sic

654 4808 708 4852 et
740 4797 1029 4866 impiorum
1070 4797 1319 4851 membra
1348 4792 1572 4848 infamia
1597 4801 1877 4858 notantur,
1910 4800 1965 4848 et
1992 4793 2231 4861 singilla-

655 4891 751 4945 tim
790 4889 1031 4944 infelicia
1070 4887 1543 4959 depraadicantur:
1587 4884 1712 4940 Non
1737 4886 1912 4940 veniat
1958 4885 2089 4939 mihi
2140 4901 2228 4954 pes

651 4982 932 5052 superbiae,
962 4990 1011 5036 et
1057 4996 1248 5035 manus
1275 4980 1564 5051 peccatoris
1592 4996 1695 5033 non
1721 4987 1921 5034 moveat
1948 4995 2026 5034 me
2050 4988 2096 5034 ³.
2125 4976 2227 5033 Pes

649 5074 911 5144 superbia:
947 5073 1035 5129 via
1064 5081 1148 5128 est
1193 5071 1370 5128 factus
1436 5071 1720 5143 superbiae,
1748 5087 1945 5128 manus
1986 5085 2118 5127 vero
2146 5081 2229 5128 est

649 5168 817 5232 actio,
874 5176 933 5223 ut
982 5182 1163 5239 neque
1213 5166 1416 5222 factum
1467 5168 1717 5235 peccati,
1779 5181 1955 5237 neque
2032 5166 2223 5222 semita
2257 5157 2304 5216 D

650 5264 863 5319 accidat.
913 5263 1083 5329 mihi,
1142 5277 1321 5334 neque
1360 5260 1637 5333 profectus
1690 5262 1749 5316 in
1798 5261 2064 5316 deterius.
2099 5259 2225 5314 ldeo

647 5359 830 5414 Moses
861 5371 1047 5413 aurem
1091 5357 1339 5413 dextram
1378 5356 1683 5413 sacerdotis
1736 5356 2005 5427 sanguine
2037 5354 2224 5410 arietis

722 5481 744 5510 ε
778 5468 969 5525 Matth.
1016 5484 1117 5525 xm
1141 5508 1157 5533 ,
1192 5470 1301 5541 lti._
1392 5469 1412 5505 ι
1446 5466 1629 5541 ΙΔΒεε.
1666 5482 1799 5534 vin,
1842 5468 1892 5541 ι,
1910 5483 2029 5541 seq.

648 5556 768 5611 seq.
848 5541 1062 5595 110³11.
1091 5539 1330 5605 111,34.
1381 5548 1433 5615 ,ι
1456 5536 1604 5593 Psal.
1630 5553 1795 5608 xxxv,
1833 5538 1926 5594 12.

2126 5478 2155 5507 τι
2181 5469 2327 5527 Psal.
2368 5487 2495 5526 xuv
2519 5513 2534 5537 ,
2580 5472 2669 5526 12.

2372 928 2663 999 πατρικῆς
2691 927 3027 999 ἐφάμιλλον
3078 927 3319 998 ἀρετῆς,
3382 929 3613 999 χρῆσον
3649 931 3797 1003 ἡμῖν,
3838 936 3873 989 ὦ

3056 1124 3217 1179 ΣΟΔ’.

2363 1218 2645 1275 Ἰωάννου
2670 1218 2777 1271 τοῦ
2818 1219 3251 1286 Χρυσοστόμου
3280 1217 3348 1271 ἐκ
3376 1217 3482 1271 τοῦ
3510 1218 3785 1287 ἐγκωμίου
3810 1224 3878 1286 εὶς

2720 1288 2863 1353 τοὺς
2890 1288 3098 1357 ἁγίους
3123 1287 3180 1357 μ’
3207 1288 3532 1357 μάρτυρας.

2432 1380 2770 1451 ’Δνεγνώσθη
2824 1380 3070 1435 Ἰωάννου
3096 1381 3141 1411 ⁶⁰
3175 1379 3269 1433 τοῦ
3316 1382 3695 1452 Χρυσοστόμου
3724 1382 3781 1435 ἐκ
3802 1381 3878 1435 τοῦ
3990 1379 3991 1435 ξ

2349 1476 2628 1547 ὲγκωμίου
2664 1475 2758 1528 τοῦ
2782 1477 2862 1538 είς
2891 1475 3015 1538 τοὺς
3051 1474 3236 1542 ἁγίους
3271 1480 3323 1543 μ’
3367 1474 3668 1545 μάρτυρας.
3990 1452 3991 1459 ί

2428 1568 2898 1637 Ἐγκωμιάςονται
2966 1566 3245 1638 μάρτυρες
3328 1564 3426 1635 οὐχ
3480 1565 3567 1620 ῖνα
3616 1564 3757 1618 αὐτοὶ
3808 1565 3881 1617 τὸν

2347 1660 2569 1715 ἔπαινον
2598 1660 2857 1726 λάϐωσιν,
2913 1658 3028 1712 ἀλλ’
3070 1658 3157 1711 ἵνα
3204 1659 3367 1728 ἡμεῖς
3418 1657 3508 1710 διὰ
3540 1657 3646 1711 τῶν
3674 1658 3880 1711 ἐπαίνων

2344 1752 2721 1823 διαναστῶμεν
2780 1750 2919 1823 πρὸς
2973 1748 3073 1821 τὴν
3122 1747 3373 1820 μίμησιν.
3440 1748 3755 1817 Ἐθλίϐησαν
3807 1748 3882 1801 καὶ

2345 1844 2544 1899 δίκαιοι
2567 1846 2660 1898 καὶ
2690 1844 2888 1909 ἄδικοι,
2914 1842 3031 1897 ἀλλ’
3067 1844 3116 1895 οἱ
3149 1840 3249 1911 μὲν
3279 1841 3359 1904 είς
3390 1842 3690 1912 γυμνάσιον
3707 1841 3880 1894 δικαιο-

2348 1939 2538 2010 σύνης,
2574 1941 2622 1993 οἱ
2647 1938 2705 1992 δὲ
2758 1940 2840 2002 είς
2886 1936 3107 2008 ἔλεγχον
3154 1935 3453 2007 ἁμαρτίας.
3484 1934 3587 1989 Διὰ
3639 1933 3785 1988 τοῦτο
3829 1934 3884 1986 τὰ

2346 2031 2446 2101 μὲν
2473 2030 2582 2083 τῶν
2606 2028 2830 2083 δικαίων
2860 2027 3006 2099 πάθη
3040 2027 3287 2095 θλίψεις
3310 2026 3405 2097 ή⁶¹
3434 2025 3626 2097 Γραφὴ
3656 2024 3815 2087 καλεῖ,
3831 2024 3885 2076 τὰ

2340 2122 2398 2177 δὲ
2425 2122 2534 2175 τῶν
2562 2118 2899 2192 ἁμαρτωλῶν
2937 2117 3255 2188 μάστιγας.
3286 2116 3582 2185 Μάκαριοι
3616 2118 3669 2169 oi
3694 2117 3885 2185 ὀφθαλ-

2336 2215 2439 2285 μοί
2463 2214 2631 2285 ὑμῶν
2644 2214 2687 2247 ⁸⁸
2704 2213 2794 2267 δτι
2812 2214 2857 2245 ⁸³
2865 2214 3230 2277 βλέπουσιν,
3254 2210 3375 2265 ἀντὶ
3389 2210 3510 2276 τοῦ,
3534 2210 3617 2263 ὅτι
3640 2226 3886 2279 καταμανο

2343 2308 2616 2362 θάνουσιν.
2648 2307 2712 2359 Ei
2745 2305 2853 2376 γὰρ
2910 2304 3021 2359 ἀπὸ
3057 2302 3151 2357 τοῦ
3198 2303 3331 2375 όρᾷν
3355 2298 3425 2373 ἦν
3459 2303 3490 2356 ὁ
3546 2299 3885 2373 μακαρισμδς,

2341 2400 2436 2454 καὶ
2455 2400 2502 2452 oi
2531 2398 2772 2452 Ἰουδαῖοι
2798 2398 2889 2451 τὸν
2916 2397 3143 2466 Σωτῆρα
3172 2395 3474 2467 ὀφθαλμοῖς
3497 2394 3887 2462 ίδόντεςὲμακα-

2344 2490 2556 2563 ρίζοντο
2588 2492 2675 2546 ἄν.
2714 2490 2825 2545 Καὶ
2861 2488 2970 2561 γὰρ
2995 2488 3057 2541 τὸ
3083 2487 3342 2553 βλέπειν
3370 2485 3530 2558 παρὰ
3552 2488 3620 2557 τῇ
3639 2485 3816 2555 Γραφῇ
3840 2482 3888 2535 τὸ

2342 2585 2419 2656 τῷ
2447 2584 2622 2657 νοερῷ
2639 2584 2737 2656 τῆς
2765 2582 2945 2655 ψυχῆς
2970 2582 3179 2653 ὄμματι
3197 2578 3719 2651 καταλαμϐάνεσθαι
3744 2576 3886 2647 δηλοῖ,

2342 2681 2437 2733 καὶ
2463 2680 2525 2733 τὸ
2566 2680 2637 2735 τὰ
2677 2679 2814 2751 βάθη
2856 2677 3104 2751 καθορᾷν
3146 2675 3249 2748 τῆς
3300 2675 3588 2747 ἀληθείας.
3628 2671 3725 2727 Διὰ
3760 2669 3891 2725 τοῦτο

2342 2772 2435 2825 καὶ
2485 2772 2545 2823 έν
2598 2770 2712 2835 τοῖς
2741 2768 2989 2842 ἀρχαίοις
3046 2768 3177 2831 τοὺς
3233 2767 3528 2838 προφήτας
3572 2764 3890 2830 ,ϐλέποντας

2340 2860 2589 2915 ἐκάλουν.
2621 2860 2935 2931 Μακαρίξει
2964 2858 3145 2913 τοίνυν
3176 2859 3205 2913 ὁ
3255 2857 3446 2928 Σωτὴρ
3478 2856 3550 2911 τὰ
3574 2856 3777 2928 ὄργανα
3811 2851 3890 2920 τῆς

2340 2952 2563 3024 ἀρετῆς»
2591 2953 2693 3007 κᾶν
2718 2952 2814 3007 τοῦ
2847 2951 3100 3023 σώματος
3122 2946 3180 3026 ᾗ,
3224 2950 3546 3021 ὀφθαλμοὺς
3589 2948 3765 3011 καλῶς
3790 2944 3889 3017 βλὲ·

2339 3063 2543 3112 ποντας
2601 3047 2698 3101 καὶ
2729 3040 2868 3109 (itm,
2899 3044 3253 3115 διακριτικῶς
3298 3043 3599 3099 ἀκούοντα.
3670 3042 3757 3095 Δεῖ
3806 3037 3893 3107 γὰρ

2339 3138 2649 3193 ἀκούσαντα
2674 3138 2868 3209 νοῆσαι
2895 3138 2991 3191 καὶ
3010 3138 3283 3208 νοήσαντα
3309 3136 3654 3199 ὑπακοῦσαι,
3696 3130 3827 3187 κατὰ
3847 3129 3894 3181 τὸ

2339 3232 2747 3302 γεγραμμένον,
2801 3232 3123 3295 Ἄκουσον,
3163 3231 3434 3299 θύγατερ,
3504 3227 3606 3282 καὶ
3656 3226 3765 3291 ῑδε,
3809 3220 3892 3278 καί

2340 3324 2550 3379 κλῖνον
2600 3324 2667 3378 τὸ
2730 3318 2833 3387 οὖς
2892 3338 3032 3389 σου,
3091 3325 3212 3377 ἀντὶ
3266 3324 3359 3377 τοῦ
3392 3323 3710 3377 ὑπάκουσον
3737 3360 3753 3386 ,
3799 3319 3893 3386 νόηο

2340 3437 2452 3474 σον.
2485 3419 2696 3490 Ὠσπερ
2724 3415 2992 3487 δεξαμενὴ
3024 3415 3224 3487 σωλῆνι
3264 3415 3667 3486 προσκέκλιται
3717 3413 3896 3482 ῥέοντι,

2337 3509 2510 3573 οὕτως
2559 3510 2593 3580 ἡ
2622 3508 2763 3577 ἀκοὴ
2812 3507 2906 3562 τοῦ
2957 3505 3166 3561 δικαίου
3198 3504 3609 3576 προσκέκλιται
3647 3504 3738 3558 τοῦ
3776 3502 3898 3556 θείου

2338 3601 2506 3672 νόμου
2539 3604 2653 3665 τοῖς
2698 3602 2952 3670 νάμασιν.
2988 3596 3185 3654 Κλινῶ
3213 3598 3323 3668 γὰρ
3350 3600 3439 3664 εις
3470 3594 3825 3667 παραϐολὴν
3843 3592 3897 3645 τὸ

2336 3688 2446 3759 οὖς
2458 3710 2597 3762 μου.
2631 3691 2731 3744 Διὰ
2750 3692 2803 3743 τί
2824 3688 3011 3744 κλινῶ
3034 3706 3052 3755 ;
3078 3688 3269 3759 ἐπειδὴ
3299 3690 3449 3742 πᾶσα
3475 3684 3897 3760 ὑδρίαρδεχομένη

2347 3784 2492 3858 ὕδωρ
2518 3784 2826 3855 κεκλιμένῳ
2853 3782 2932 3854 τῷ
2966 3782 3207 3853 σχήματι
3234 3781 3474 3852 δέχεται,
3506 3782 3600 3835 διὰ
3642 3780 3794 3835 τοῦτο
3822 3775 3900 3830 καὶ

2351 3879 2501 3931 πᾶσα
2530 3876 2670 3948 ἀκοὴ
2713 3875 2980 3946 δεχομένη
3024 3873 3118 3928 τοῦ
3150 3873 3296 3928 θείου
3344 3872 3511 3943 λόγου
3548 3875 3620 3929 τά
3655 3872 3897 3946 ῥεύματα»,

2338 3966 2772 4040 προσκεκλίσθαι
2799 3966 3013 4031 τούτοις
3047 3966 3289 4035 λέγεται.
3334 3966 3658 4038 Μακαρίζω
3688 3964 3784 4028 τὰς
3808 3959 3901 4015 τῶν

2344 4061 2639 4134 μαρτύρων
2670 4060 2936 4131 πλευρὰς,
2971 4044 3157 4129 αἶ’τὴν
3192 4058 3295 4129 τῆς
3345 4056 3641 4123 εὐσεϐείας
3685 4053 3902 4126 πλευρὰν

2337 4157 2603 4227 ἀήττητον
2647 4152 2901 4224 ξεόμεναι
2946 4150 3174 4218 ἔδειξαν,
3233 4150 3333 4221 τὴν
3359 4150 3655 4205 εὐσέϐειαν
3684 4148 3758 4222 μὴ
3784 4148 3899 4201 ἁπο-

2339 4247 2617 4319 σμήξασαι
2642 4262 2655 4275 °
2679 4248 2774 4299 καὶ
2805 4244 2916 4319 γὰρ
2933 4246 3262 4315 ὲπλήττοντο
3287 4244 3364 4308 ὡς
3387 4244 3603 4298 ἐπίπαν
3635 4244 3733 4307 τὰς
3763 4241 3903 4295 πλευ·

2340 4338 2459 4410 ρὰς,
2502 4337 2689 4407 ἐπειδὴ
2747 4336 2857 4391 ἀπὸ
2917 4336 3159 4407 πλευρᾶς
3203 4335 3523 4408 ὴὰμαρτία
3553 4337 3898 4406 ἐϐλάστησεν.

2349 4431 2622 4504 Ἀμαρτία
2672 4430 2729 4484 δὲ
2787 4430 2884 4500 οὐχ
2932 4430 3169 4500 ήγυνή·
3204 4428 3339 4482 Θεοῦ
3398 4429 3511 4499 γὰρ
3561 4430 3790 4500 πλάσμα
3825 4425 3904 4478 καὶ

2334 4526 2474 4597 αὕτη
2500 4524 2545 4557 ⁶⁴⁵
2562 4538 2580 4556 ⁸
2602 4524 2716 4577 ἀλλ’
2750 4525 2831 4578 ὃτι
2850 4523 2917 4576 δι’
2945 4522 3162 4593 ἐκείνης
3183 4521 3298 4595 ῥδδν
3320 4514 3482 4592 εὗρεν
3511 4524 3547 4594 ἠ
3582 4519 3899 4593 παράϐασις·

2331 4618 2555 4673 Ξέονται
2596 4615 2689 4672 οὖν
2716 4620 2765 4671 οἱ
2801 4618 3079 4688 μάρτυρες
3124 4616 3225 4679 τὰς
3276 4615 3547 4686 πλευρὰς,
3576 4616 3639 4681 ἐξ
3676 4611 3751 4670 ὧν
3786 4609 3904 4677 ἐπή-

2332 4712 2549 4781 γασενή
2571 4709 2839 4781 ἁμαρτία.
2863 4708 2974 4762 Καὶ
2996 4709 3024 4761 ὁ
3040 4708 3229 4780 Σωτὴρ
3260 4707 3317 4761 δὲ
3348 4706 3437 4761 διὰ
3460 4708 3630 4762 τοῦτο
3664 4705 3800 4760 κατὰ
3817 4701 3903 4761 τὰς

2332 4802 2576 4874 πλευράς
2620 4801 2837 4866 ἐδέξατο
2885 4800 2984 4871 τὴν
3001 4800 3046 4833 ⁸⁵
3065 4799 3286 4871 λόγχην,
3318 4798 3417 4853 καὶ
3446 4799 3726 4868 ἐξῆλθεν
3758 4796 3902 4859 ὕδωρ

2331 4894 2433 4949 καὶ
2464 4890 2631 4965 αἷμα,
2662 4894 2757 4947 τοῦ
2789 4895 2995 4964 κόσμου
3044 4893 3341 4963 καθάρσιον
3390 4893 3489 4946 καὶ
3528 4893 3636 4963 τῆς
3685 4889 3904 4947 παλαιᾶς

2334 4986 2550 5056 ἐκείνης
2570 4985 2787 5056 πληγῆς
2807 4985 3183 5057 ἀλεξητήριον.
3216 4984 3427 5055 ’Ὠσπερ
3454 4983 3516 5038 δὲ
3539 4985 3686 5056 μέλη
3701 4982 3909 5037 δικαίων

2334 5076 2773 5149 ἐγκωμιάζονται
2815 5077 2955 5131 κατὰ
2992 5078 3181 5149 μέρος,
3212 5075 3354 5130 οὓτω
3381 5076 3480 5131 καὶ
3517 5078 3666 5149 μέλη
3713 5074 3909 5131 ἀσεϐῶν

2333 5169 2739 5241 στηλιτεύονται
2789 5170 2882 5223 καὶ
2935 5169 3317 5234 ταλανίζονται
3362 5168 3513 5223 κατὰ
3579 5170 3774 5243 μέρος.
3824 5165 3910 5232 Μὴ

2333 5262 2552 5319 ἐλθέτω
2558 5281 2659 5333 μοι
2672 5263 2825 5331 ποὺς
2838 5262 3273 5334 ὑπερηφανίας,
3295 5261 3395 5316 καί
3404 5262 3546 5331 χείρ
3567 5257 3912 5333 ἀμαρτωλοῦ

2327 5355 2414 5426 μὴ
2434 5356 2714 5427 σαλεύσῃ
2730 5354 3465 5427 με.Ποὺςὺπερηφανίαςηὴ
3483 5354 3613 5420 ὁδὸς
3638 5356 3742 5426 τῆς
3762 5355 3915 5421 ὑπερ-

2774 5480 2799 5509 ν
2830 5469 2975 5526 Psal.
3028 5483 3196 5525 xum
3227 5510 3242 5537 ,
3288 5469 3340 5524 5.
3378 5526 3397 5543 _
3438 5478 3467 5506 ι
3496 5468 3710 5527 Genes.
3781 5483 3838 5536 ιι,
3886 5464 3907 5517 1

1896 5654 2128 5715 νΑιιιΑι
2170 5656 2576 5715 LECTIONES.

716 5776 761 5847 "_
816 5772 1210 5847 πᾳραιτοῢντες
1248 5773 1313 5830 Α.
1394 5776 1440 5810 ⁶⁰
1488 5773 1735 5832 Ἰωάννου
1790 5789 1905 5834 om.
1950 5773 2011 5831 Β.
2091 5775 2133 5807 ⁸³
2168 5774 2225 5847 ἡ]
2281 5776 2374 5831 καὶ
2402 5777 2433 5847 ἡ
2466 5774 2526 5829 B-

644 5845 689 5879 ⁸³
713 5845 807 5916 τὴν
823 5844 947 5901 add.
974 5846 1040 5903 Α.

2641 5776 2683 5807 ⁶²
2726 5773 2885 5847 ἡμῶν
2916 5774 2979 5830 A.
3086 5776 3129 5809 "
3159 5776 3241 5830 ὅτι
3270 5791 3381 5833 om.
3423 5773 3486 5828 Β.
3608 5780 3655 5812 σε
3693 5779 3833 5851 αὐτή
3860 5774 3915 5831 Β.
