4020 6410
180 399 279 461 237

1210 395 1735 456 BIBLIOTHECA.
1775 415 1841 426 —
1864 392 2027 454 con.
2055 352 2395 453 CCLxxiv.

3326 386 3432 451 238

183 510 434 581 ηφανίας,
465 508 589 582 χεὶρ
638 509 684 563 δ’
720 511 752 580 ἡ
786 508 1003 582 πρᾶξις,
1035 503 1146 562 οἷον
1175 512 1312 580 μήτε
1344 508 1541 579 πρᾶξις
1564 507 1746 577 ἀμαρσ

1878 526 2043 596 Ingit,
2089 536 2140 581 et
2166 527 2415 596 pollicem
2459 539 2655 579 manus
2684 523 2803 594 ejus
2841 523 3067 587 dextras,
3100 523 3352 579 similiter
3380 538 3436 579 et

178 605 297 667 τίας
345 605 487 673 μήτε
534 601 719 673 τρίϐος
759 602 1037 674 προσέλθῃ
1065 601 1111 632 ⁶⁶
1146 619 1258 672 μοι,
1293 600 1426 671 μηδὲ
1474 600 1749 671 προκοπή.

176 697 268 747 Διὸ
292 696 386 748 καὶ
420 695 663 765 Μωῦσῆς
697 693 789 758 οὓς
819 695 877 746 τὸ
891 694 934 725 ⁸⁷
956 694 1130 758 δεξιὸν
1172 693 1266 747 τοῦ
1323 692 1514 763 ἱερέως
1553 691 1748 761 αἵματι

178 788 272 840 τοῦ
338 787 518 857 ἀμνοῦ
564 788 730 857 χρίει,
784 788 879 841 καὶ
934 788 992 839 τὸ
1027 786 1195 857 ἄκρον
1244 787 1342 855 τῆς
1371 785 1549 849 δεξιᾶς
1573 784 1755 856 χειρὸς

178 881 272 933 καὶ
295 879 392 933 τοῦ
422 880 598 945 δεξιοῦ
625 880 806 944 ποδὸς,
838 880 897 933 τὸ
928 880 1027 950 μὲν
1055 880 1129 942 ὡς
1148 877 1273 952 [851
1306 878 1399 951 Η.]
1425 880 1630 949 δοχεῖον
1662 876 1754 929 τοῦ

177 972 323 1026 θείου
379 973 543 1043 λόγου
594 973 786 1044 μέλλον
826 972 1068 1034 ἔσεσθαι,
1121 972 1220 1044 τὴν
1275 971 1333 1023 δὲ
1379 972 1454 1035 ὡς
1504 971 1757 1041 πράξεως

174 1068 507 1138 δηλωτικὴν,
542 1068 631 1121 τδν
659 1067 793 1121 πόδα
823 1067 879 1120 δὲ
910 1066 985 1130 ὡς
1019 1064 1307 1137 προκοπῆς
1336 1065 1436 1133 τῆς
1494 1065 1581 1118 ἐπ’
1628 1066 1758 1134 ἁρε-

176 1161 335 1230 τὴνεθ
367 1162 468 1213 καὶ
502 1160 839 1221 τελειώσεως
892 1159 1184 1230 σύμϐολον.
1223 1160 1327 1212 Δύο
1374 1156 1669 1228 ἐργάζεται
1723 1159 1757 1227 ή

176 1255 332 1325 πηγὴ
366 1252 464 1306 τοῦ
494 1252 851 1322 Εὑαγγελίου,
876 1253 1129 1324 καθαίρει
1154 1253 1250 1307 καὶ
1286 1253 1518 1317 ποτίζει·
1551 1250 1760 1314 ποτίζει

182 1348 276 1416 μὲν
310 1345 413 1408 τὰς
462 1344 724 1415 διψὼσας,
784 1345 1037 1416 καθαίρει
1082 1346 1139 1398 δὲ
1190 1344 1288 1407 τὰς
1331 1342 1589 1415 ῥυπώσας
1632 1342 1758 1414 [ψυ-

180 1435 390 1507 χάς,⁶⁹].
428 1435 585 1509 [1521
618 1435 711 1507 IL]
749 1437 809 1489 Ὀ
833 1437 1052 1505 μισθὸς
1069 1436 1115 1467 ⁷ο
1132 1434 1300 1504 ὑμῶν
1317 1434 1510 1499 πολὺς
1535 1435 1605 1487 ἐν
1640 1433 1763 1499 τοῖς

182 1527 486 1594 οὐρανοῖς.
533 1526 622 1579 Ἐν
667 1529 780 1590 τοῖς
826 1526 1178 1596 Εὐαγγελίοις
1215 1526 1359 1592 ἆπαξ
1411 1526 1647 1597 εἴρηται,
1688 1524 1764 1588 ὡς

185 1615 439 1679 ἐνταῦθα,
465 1618 497 1687 ή
535 1616 749 1681 πολὺςο
770 1615 942 1686 φωνὴ,
970 1616 1063 1669 καὶ
1097 1617 1155 1669 ἐν
1202 1619 1269 1686 τῇ
1307 1602 1524 1686 Παλαιᾷ
1544 1616 1585 1646 ⁷¹
1617 1615 1765 1678 ἅπαξ

188 1708 321 1777 πρὸς
354 1708 453 1761 τὸν
497 1708 771 1779 Ἀϐραὰμ,
806 1711 947 1778 μετὰ
998 1708 1098 1780 τὴν
1135 1710 1311 1779 κοπὴν
1350 1708 1458 1760 τῶν
1499 1708 1765 1778 βασιλέων

188 1800 276 1852 καὶ
328 1799 430 1869 τὴν
474 1800 773 1872 ἀνάρρυσιν
802 1802 913 1853 τῶν
953 1801 1339 1872 αἰχμαλώτων,
1377 1801 1472 1854 καὶ
1519 1802 1657 1871 μετὰ
1704 1800 1765 1852 τὸ

194 1892 263 1962 μὴ
292 1890 705 1956 καταδέξασθαι
733 1894 922 1963 μισθὸν
956 1893 1143 1947 λαϐεῖν
1167 1892 1278 1947 τῶν
1308 1892 1487 1946 πόνων
1535 1894 1627 1947 καὶ
1664 1896 1764 1963 τῆς

194 1986 330 2038 κατά
359 1985 474 2037 τῶν
526 1986 1054 2055 αίχμαλωτισάντων
1082 1986 1260 2055 νίκης.
1314 1987 1448 2040 Τότε
1480 1987 1588 2058 γάρ
1631 2004 1765 2057 φησι

197 2078 323 2146 πρὸς
358 2078 527 2130 αὐτὸν
560 2080 588 2131 ὀ
612 2078 769 2144 Θεὸς,
798 2079 896 2146 Μὴ
924 2079 1135 2149 φοϐοῦ,
1184 2079 1434 2149 Ἀϐραάμ
1454 2097 1468 2111 ·
1495 2082 1528 2134 ό
1549 2082 1769 2150 μισθός

202 2184 307 2221 σου
359 2168 561 2234 πολὺς
604 2168 779 2222 ἔσται
827 2170 1083 2239 σφόδρα.
1127 2171 1287 2224 Κατὰ
1319 2170 1464 2235 λέξιν
1512 2171 1570 2224 δὲ
1623 2170 1770 2234 ἅπαξ

210 2261 295 2311 καί
325 2261 471 2328 ἅπαξ
496 2262 561 2314 τὸ
594 2262 791 2329 πολὺς
807 2263 853 2293 τ’
881 2264 1120 2334 εῖρηται,
1146 2266 1285 2318 κατὰ
1314 2264 1369 2317 δὲ
1397 2265 1458 2319 τὸ
1508 2268 1771 2337 σημαινό-

225 2371 364 2421 μενον
386 2356 477 2408 καὶ
498 2356 787 2419 πολλάκις.
807 2358 917 2411 Καὶ
942 2358 1051 2430 γὰρ
1074 2360 1103 2412 6
1129 2359 1295 2413 Aa6i6
1325 2377 1489 2433 φησιν
1512 2362 1774 2417 ἀνταπό-

225 2443 381 2512 δοσις
399 2446 594 2516 πολλὴ
622 2449 743 2501 ἀντὶ
774 2448 867 2503 τοῦ
889 2448 1111 2518 μισθὸς
1136 2450 1352 2518 πολὺς,
1395 2452 1491 2505 καὶ
1517 2451 1771 2523 ἀλλαχοῦ.

230 2537 376 2590 Ὅταν
396 2539 449 2592 δὲ
477 2540 613 2603 Θεὸς
661 2542 793 2615 εἴπῃ
824 2542 1017 2609 πολὺς
1051 2545 1083 2596 ό
1100 2544 1345 2613 μισθὸς,
1394 2546 1651 2615 ἐννοήσας
1684 2548 1778 2600 τὸν

218 2632 673 2703 ἐπαγγελλόμενον
729 2635 900 2688 ἐννόει
953 2635 1049 2690 καὶ
1094 2637 1187 2691 τὸν
1241 2638 1449 2707 ἄφατον
1493 2638 1650 2706 λόγον
1684 2640 1778 2693 τοῦ

213 2726 413 2792 πολύς.
454 2726 621 2779 Ἀλλο
643 2728 751 2798 γάρ
778 2729 928 2782 ἐστιν
981 2729 1157 2781 εἰπεῖν
1200 2729 1408 2804 ἀγρότῃ
1456 2730 1781 2796 ﬂexuram}.

212 2818 326 2871 ἄλλο
377 2819 615 2891 πολῖτιν
664 2820 847 2889 μεῖζον
890 2820 936 2872 δ’
985 2822 1189 2891 ἀμφοῖν
1238 2823 1331 2875 τοῦ
1386 2823 1691 2894 στρατηγοῦ
1721 2824 1783 2876 τὸ

212 2910 372 2963 πολύυ
403 2912 474 2964 τὸ
516 2912 576 2963 δὲ
626 2911 777 2983 παρὰ
844 2911 921 2983 τῷ
970 2912 1183 2982 βασιλεῖ
1213 2914 1348 2967 πολὺ
1392 2914 1784 2986 μυριοπλάσιον

213 3005 305 3057 τῶν
330 3005 492 3075 παρὰ
520 3004 704 3068 ἄλλοις
722 3021 737 3036 ο
764 3004 827 3057 τὸ
846 3004 903 3057 δὲ
924 3005 1073 3076 παρά
1100 3007 1219 3077 Θεῷ
1246 3007 1379 3061 πολὺ
1411 3007 1785 3061 ποσαπλάσιον

1858 615 2013 682 pedis
2033 626 2084 668 α.
2114 615 2314 670 Aurem
2346 613 2567 683 quidem
2596 614 2753 683 quasi
2784 621 3165 682 suscepturam
3196 610 3432 667 Verbum

1860 705 2099 761 Domini.
2122 706 2339 762 Manum
2362 706 2519 776 quasi
2537 720 2701 775 Opera
2737 704 2993 760 ostendat
3018 721 3035 760 :
3057 705 3249 774 pedem
3274 720 3427 765 vero,

1857 797 1987 868 quia
2077 797 2475 868 progressionis
2560 806 2613 852 et
2690 796 3041 866 perfectionis
3090 795 3146 849 in
3238 798 3437 850 virtute

1859 889 2057 959 510a
2094 889 2307 959 signum
2333 897 2434 944 est.
2480 888 2597 943 Duo
2624 887 2744 943 fons
2774 887 3055 958 Evangelii
3088 897 3434 955 cooperatur,

1860 978 2115 1044 mundat,
2146 988 2335 1048 potum
2368 978 2603 1048 praebet:
2650 987 2835 1047 polqu
2873 977 3093 1047 quidem
3122 976 3436 1031 sitientibus

1862 1069 2098 1139 praebet:
2155 1068 2382 1122 mundat
2438 1084 2569 1123 vero
2635 1067 2849 1122 animas
2898 1065 3184 1122 sordidas:
3239 1064 3440 1119 Merces

1862 1168 2036 1213 vestra
2059 1158 2275 1229 copiosa
2297 1169 2373 1213 est
2412 1159 2469 1212 in
2504 1159 2647 1212 cazlis
2673 1159 2701 1198 ι)
2721 1176 2734 1212 :
2757 1159 2809 1211 in
2836 1157 3132 1228 Evangelio
3164 1160 3334 1214 semel
3361 1159 3445 1211 di-

1862 1262 2035 1319 ctum,
2056 1261 2117 1307 ut
2140 1252 2226 1307 hic
2249 1262 2303 1307 et
2319 1268 2420 1309 vox
2450 1254 2680 1323 copiosa,
2711 1262 2763 1307 et
2785 1254 2837 1307 in
2862 1254 3087 1323 antiquo
3120 1262 3445 1309 testamento

1862 1345 2175 1401 Abrahamo
2191 1345 2356 1400 semel
2372 1346 2513 1400 dicta
2536 1356 2933 1416 est,postquam
2957 1361 3112 1416 reges
3131 1346 3443 1413 occidisset,

1868 1435 2223 1506 captivosque
2256 1434 2579 1501 liberasset,
2616 1445 2671 1490 et
2696 1450 2819 1490 cum
2847 1436 3155 1492 mercedem
3194 1438 3445 1507 accipere

1866 1527 2115 1582 laborum
2139 1568 2155 1593 ,
2202 1527 2577 1597 victorimque,
2617 1542 2782 1597 quam
2821 1527 2889 1581 de
2921 1528 3264 1596 capientibus
3297 1540 3448 1583 retu-

1866 1621 2026 1683 lerat,
2073 1620 2361 1676 noluisset.
2416 1619 2555 1674 Tum
2614 1620 2760 1674 enim
2811 1620 2889 1675 ait
2930 1620 3007 1674 illi
3074 1620 3257 1677 Deus:
3319 1621 3448 1675 Noli

1869 1714 2071 1779 timere,
2110 1711 2400 1779 Abraham,
2431 1714 2558 1783 quia
2592 1728 2785 1766 merces
2829 1722 2922 1766 tua
2970 1730 3164 1784 magna
3203 1715 3447 1767 nimisc:

1871 1803 1936 1858 ad
1965 1803 2190 1858 verbum
2226 1802 2431 1869 semel,
2478 1811 2534 1858 et
2569 1801 2742 1857 semel
2781 1799 3037 1873 [merces
3079 1800 3207 1873 tua]
3239 1804 3451 1871 copicsa

1870 1897 2077 1951 dictum
2125 1906 2247 1962 est,
2283 1895 2375 1950 sed
2404 1888 2480 1949 in
2528 1892 2929 1965 signiﬁcatione
2973 1895 3197 1964 sa‘pius.
3236 1886 3452 1949 Etenim

1870 1988 2003 2044 dicit
2034 1987 2228 2052 David,
2254 1987 2529 2043 retributio
2565 1987 2733 2041 multa
2751 1986 2800 2050 ά,
2834 2004 2935 2058 pro
2969 2004 3165 2042 merces
3216 1988 3451 2055 copiosa,

1871 2089 1923 2135 ct
1964 2081 2127 2145 alibi,
2158 2096 2285 2137 cum
2314 2080 2450 2135 dicit
2483 2081 2650 2141 Deus,
2680 2081 2897 2150 copiosa
2936 2097 3157 2147 merces,
3200 2079 3456 2149 intelligit

1873 2174 2019 2243 quod
2062 2159 2269 2229 dictum
2318 2184 2438 2240 est,
2487 2174 2741 2245 intelligit
2770 2182 2825 2228 et
2857 2173 3135 2228 ineffabile
3183 2176 3449 2237 verbum,

1875 2267 2110 2335 copiosa.
2150 2265 2310 2320 Aliud
2341 2275 2425 2321 est
2466 2266 2610 2322 enim
2653 2267 2836 2321 dicere
2902 2265 3109 2320 rustico
3159 2265 3453 2331 copiosam,

1880 2358 2027 2413 aliud
2064 2359 2311 2424 urbano,
2347 2367 2583 2427 utroque
2613 2358 2797 2412 adhuc
2828 2358 3006 2428 majus
3035 2356 3160 2411 duci
3183 2358 3461 2412 exercitus

1879 2452 2191 2522 copiosum.
2220 2448 2375 2516 Quod
2403 2459 2589 2505 autem
2621 2465 2652 2504 a
2685 2465 2811 2519 rege
2848 2448 3236 2520 proﬁciscitur,
3273 2450 3461 2503 multis

1880 2545 2130 2617 partibus
2183 2544 2364 2598 adhuc
2412 2543 2589 2612 majus
2624 2550 2738 2605 est,
2797 2556 2962 2611 quam
3018 2541 3162 2611 quod
3217 2540 3288 2595 ab
3335 2540 3463 2594 aliis

1882 2645 2078 2700 datur:
2125 2643 2271 2714 quod
2304 2656 2436 2697 vero
2465 2656 2495 2695 a
2534 2640 2646 2695 Deo
2667 2640 2849 2701 datur,
2882 2638 3063 2692 adhuc
3095 2638 3349 2692 omnibus
3378 2644 3466 2692 est

1884 2736 2045 2805 longe
2112 2732 2438 2803 copiosius,
2511 2746 2609 2786 nec
2651 2729 2910 2800 explicari
2974 2738 3177 2798 potest.
3228 2728 3465 2799 Copiosa

1889 2830 2056 2899 igitur
2091 2842 2305 2883 merces
2334 2833 2661 2896 martyrum,
2687 2822 2780 2892 qui
2820 2822 2970 2876 nullo
2996 2821 3119 2890 iure
3166 2822 3234 2874 ad
3275 2836 3465 2876 necem

1886 2922 2196 2991 rapiuntur,
2238 2919 2449 2989 quique
2481 2918 2551 2973 ob
2584 2916 2754 2971 Deum
2784 2925 3138 2981 accusantur,
3164 2914 3257 2985 qui
3298 2930 3471 2984 angu-

1889 3014 2147 3077 stiantur,
2178 3012 2382 3081 quique
2418 3011 2719 3064 humanam
2762 3009 3015 3079 gloriam,
3068 3015 3129 3061 ut
3166 3006 3468 3071 Abraham,

210 3098 267 3150 civ
318 3100 665 3170 συμπάντων
700 3101 808 3171 εἴη,
861 3100 971 3154 οὐδ’
1021 3102 1138 3153 ἐστὶ
1194 3102 1377 3171 ῥητόν.
1422 3101 1599 3164 Πολὺς
1627 3097 1722 3155 οῦν
1759 3103 1776 3154 ἐ

1890 3106 2124 3161 calcant.
2160 3103 2298 3159 Nam
2344 3104 2432 3159 ille
2484 3103 2705 3173 regibus
2747 3100 3067 3157 Gomorrlue
3103 3110 3158 3155 et
3201 3099 3473 3155 Sodomo-

208 3193 392 3259 μισθὸς
421 3193 537 3247 τῶν
579 3193 896 3264 μαρτύρων,
915 3194 1024 3247 τῶν
1058 3195 1257 3258 ἀδίκως
1291 3195 1658 3266 διωκομένων,
1680 3190 1776 3248 τῶι

1893 3215 2015 3254 rum
2044 3214 2261 3253 omnem
2295 3197 2600 3268 equitatum
2647 3195 2926 3261 dantibus,
2954 3203 3011 3249 et
3052 3193 3159 3249 illis
3191 3194 3473 3248 honorari»

208 3288 737 3357 σνκοφαντουμένων
762 3287 924 3340 ἓνεκα
963 3287 1119 3349 Θεοῦ,
1153 3286 1263 3340 τῶν
1313 3285 1665 3356 θλιϐομένων,
1692 3288 1776 3340 καὶ

1896 3294 2063 3358 tibus,
2116 3301 2177 3347 ut
2240 3292 2375 3361 ipsis
2427 3298 2672 3346 servaret
2717 3288 2958 3357 captivos
3027 3302 3262 3358 pueros,
3312 3298 3475 3356 atque

204 3379 302 3430 τῶν
363 3378 729 3450 ἀνθρωπίνης
782 3379 939 3449 δόξης
978 3380 1166 3450 ὥσπερ
1212 3381 1241 3433 6
1299 3380 1551 3449 ’Δὸραὰμ
1622 3398 1776 3434 κατα-

1900 3400 2122 3448 usores,
2148 3386 2357 3454 respuit
2387 3397 2581 3437 eorum
2614 3381 2877 3435 honorem
2902 3421 2919 3446 ,
2951 3395 3059 3434 non
3108 3379 3335 3449 cupiens
3387 3376 3474 3430 sui

205 3472 548 3525 πατούντων.
585 3472 695 3524 Καὶ
728 3472 835 3543 γὰρ
873 3475 1079 3535 ἐκεῖνος
1107 3473 1206 3545 τὴν
1231 3472 1397 3527 ἵππον
1427 3476 1608 3531 πᾶσαν
1626 3474 1776 3527 διδόν

1903 3478 2106 3532 laboris
2164 3475 2470 3531 mercedem
2530 3473 2598 3528 ab
2650 3472 2969 3527 hominibus
3020 3471 3290 3540 accipere.
3350 3468 3477 3523 Ideo

203 3581 300 3617 των
321 3566 445 3620 τῶν
473 3568 576 3637 τῆς
593 3567 632 3618 Γ
636 3568 878 3637 ομόῤῥας
904 3568 999 3620 καὶ
1042 3567 1154 3623 τῶν
1202 3569 1455 3639 Σοδόμων
1500 3569 1776 3640 βασιλέων1

1901 3570 2099 3639 dignus
2125 3567 2230 3621 fuit
2262 3566 2455 3621 audire
2482 3581 2511 3619 a
2546 3564 2679 3628 Deo,
2714 3562 2916 3617 Merces
2944 3572 3036 3617 tua
3064 3564 3167 3631 fuit
3212 3562 3474 3631 copiosa'.

205 3662 289 3712 ul.
310 3660 541 3723 τούτοις
564 3660 850 3728 τιμώντων
875 3662 993 3715 ἀνθ’
1046 3656 1121 3716 ὧν
1184 3664 1367 3725 αὐτοῖς
1432 3663 1747 3718 ἀνεσώσατο
1781 3665 1890 3718 τῶν
1928 3660 2206 3731 γυναικῶν
2240 3659 2335 3731 καὶ
2384 3657 2590 3712 παίδων
2634 3655 2735 3725 τὴν
2780 3652 3181 3725 αἰχμαλωσίαν,
3229 3652 3478 3724 παρῃτή-

208 3770 333 3809 σατο
355 3756 471 3826 τὴν
496 3755 631 3825 παρ’
662 3755 843 3809 αὐτῶν
868 3754 1045 3821 δόξαν,
1107 3756 1183 3826 μὴ
1222 3756 1456 3823 θελήσας
1500 3757 1609 3812 τῶν
1669 3758 1814 3811 ἰδίων
1853 3755 2114 3828 καμάτων
2169 3752 2320 3822 παρά
2350 3749 2655 3821 ἀνθρώπων
2688 3749 2872 3802 λαϐεῖν
2912 3747 3039 3809 τοὺς
3089 3743 3338 3814 μισθούς.
3386 3742 3479 3796 Διὸ

205 3852 295 3905 καὶ
324 3850 552 3923 ἠξιώθη
574 3849 726 3920 παρά
749 3848 885 3902 Θεοῦ
926 3849 1155 3903 ἀκοῦσαι
1187 3850 1268 3903 ὅτι
1303 3850 1357 3902 Ὁ
1370 3851 1588 3919 μισθός
1614 3866 1731 3905 σου
1754 3849 1967 3913 πόλυς.
3360 3841 3373 3853 ’

222 3980 223 3983 η
270 3945 640 4017 Σφαιρωτήρ
666 3961 798 4015 φησι
824 3944 884 3997 τὸ
914 3944 1067 4015 παρὰ
1092 3947 1206 4008 τοῖς
1245 3944 1463 4007 πολλοῖς
1497 3944 1776 4013 λεγόμενοι

1971 3937 2299 4010 Σφαιρωτὴρ
2374 3935 2554 4000 dicit,
2607 3948 2769 4003 quam
2836 3931 3031 4003 vulgus
3088 3931 3307 4001 ligulam
3374 3946 3475 3987 seu

206 4039 432 4110 λώριον,
479 4036 872 4106 σφαιρωτῆρα
909 4036 966 4088 δὲ
998 4036 1253 4102 λέγεσθαι
1310 4035 1399 4088 διὰ
1439 4036 1500 4088 τὸ
1543 4034 1776 4088 πολλάκι

1900 4034 2189 4104 corrigiam
2221 4030 2458 4101 appellat
2491 4048 2505 4083 :
2539 4027 2903 4098 σφαιρωτῆρα
2946 4034 3128 4081 autem
3183 4025 3475 4088 nominari,

210 4131 535 4193 κυκλοειδὲς
577 4126 992 4197 ἀπεργάζεσθαι
1030 4126 1092 4179 τὸ
1135 4128 1311 4197 δέρμα
1363 4127 1455 4180 τὸν
1515 4125 1767 4197 τεχνίτην
1792 4166 1806 4189 ,

214 4226 305 4279 δια)⁸
333 4225 493 4278 οὕτω
515 4222 760 4292 τέμνειν.
802 4220 962 4284 Τινὲς
981 4220 1040 4273 δέ
1067 4238 1199 4289 φασι
1250 4222 1348 4291 τὴν
1394 4221 1586 4290 κλῆσιν
1616 4219 1804 4274 λαϐεῖν

210 4317 315 4369 ἀπὸ
338 4315 447 4369 τοῦ
484 4312 668 4385 σφυρὰ
695 4317 903 4385 τηρεῖν.

281 4410 627 4481 Κρινοῦσιν
676 4413 731 4463 oi
775 4407 1004 4462 δώδεκα
1040 4406 1147 4473 τὰς
1187 4405 1415 4459 δώδεκα
1448 4403 1647 4473 φυλὰς
1694 4400 1802 4455 τοῦ

224 4504 507 4574 Ἰσραήλ.
567 4504 761 4573 Κρινεῖ
811 4500 906 4555 καὶ
966 4499 1177 4562 Παῦλος
1225 4499 1325 4565 τὴν
1389 4494 1735 4565 οἰκουμένην,
1775 4494 1804 4544 6

216 4600 396 4671 κῆρυξ
429 4598 534 4667 τῆς
569 4594 914 4665 οἰκουμένης.
942 4594 1018 4647 Οὐ
1043 4591 1255 4654 Παῦλος
1287 4590 1345 4642 δὲ
1379 4590 1538 4657 μόνος
1558 4587 1621 4651 ⁷³,
1663 4585 1804 4638 ἀλλά

1899 4126 2044 4197 quod
2076 4123 2276 4178 artifex
2312 4121 2525 4177 corium
2558 4119 2855 4174 rotundum
2886 4118 3152 4181 elaboret,
3195 4126 3249 4171 et
3276 4117 3358 4172 sic
3390 4132 3480 4170 se-

1901 4229 2009 4274 eet.
2046 4215 2307 4271 Nonnulli
2334 4214 2527 4269 dicunt
2550 4226 2750 4267 nomen
2792 4209 2843 4263 ei
2876 4209 3108 4263 inditum
3142 4223 3288 4274 esse,
3346 4208 3479 4279 quia

1911 4310 2066 4380 pedis
2092 4309 2263 4363 talum
2292 4314 2493 4362 servat.

1978 4399 2311 4454 Judicabunt
2340 4399 2394 4451 hi
2413 4398 2689 4450 duodecim
2719 4396 2889 4449 tribus
2926 4392 3098 4447 Israel
3130 4392 3148 4430 ί
3176 4410 3191 4448 :
3211 4391 3483 4461 iudicabit

1909 4500 1963 4547 et
1990 4490 2215 4555 Paulus,
2254 4490 2406 4544 orbis
2441 4503 2640 4559 praeco,
2673 4488 2885 4550 orbem,
2921 4494 2976 4541 et
3027 4485 3105 4539 illi
3166 4483 3260 4555 qui
3290 4484 3481 4538 eadem

1910 4597 2035 4637 cum
2073 4581 2243 4636 Paulo
2273 4580 2537 4635 sentiunt.
2559 4578 2697 4633 Audi
2730 4577 2876 4632 enim
2901 4575 3033 4646 quid
3066 4575 3154 4629 ille
3176 4575 3322 4627 dicat
3351 4589 3366 4626 :
3401 4573 3484 4624 Au

362 4663 419 4742 οἱ
467 4663 538 4739 τὰ
582 4663 793 4737 ἐκείνου
840 4663 1188 4753 ῲρονοῦντες.
1245 4681 1444 4732 ’Ἄκουε
1484 4677 1593 4748 γὰρ
1636 4676 1776 4728 αὐτοῖ

1912 4674 2127 4728 nescitis
2150 4711 2165 4734 ,
2222 4672 2350 4740 quia
2398 4670 2573 4729 sancti
2622 4669 2688 4721 de
2714 4668 2810 4721 hoc
2838 4667 3033 4720 mundo
3058 4664 3382 4734 judicabant
3404 4664 3429 4701 Β
3460 4663 3484 4713 ?

216 4740 501 4848 λέγοντος,
548 4777 671 4829 Οὐκ
691 4740 955 4828 οἴδατε-τ’⁵
992 4772 1082 4825 ὅτι
1124 4740 1180 4823 δι
1228 4768 1379 4834 ἅγιοι
1418 4740 1524 4819 τὸκ
1562 4740 1776 4834 ’κόσμοι

1878 4751 1964 4822 ἐι
2005 4767 2051 4820 si
2087 4766 2140 4819 in
2168 4764 2324 4818 vobis
2352 4762 2691 4833 iudicabitur
2725 4761 2965 4815 mundus
2991 4799 3006 4824 ,
3062 4758 3271 4826 indigni
3323 4755 3480 4818 estis,

218 4868 541 4938 κρινοῦσι;
576 4866 672 4919 καὶ
710 4866 759 4916 εἰ
794 4868 850 4916 ὲν
904 4864 1034 4932 ὑμῖν
1098 4860 1344 4930 κρίνεται
1367 4858 1393 4909 6
1429 4857 1656 4927 κόσμος,
1700 4856 1799 4908 ἀνο

222 4962 360 5027 ἀξιοῖ
389 4964 522 5015 ἐστε
549 4958 851 5029 κριτηρίων
872 4954 1187 5025 ἐλαχίστων.

296 5057 475 5109 Ἀλλο
505 5052 678 5116 ἐθνῶν
705 5051 1039 5118 ἐκδίκησις,
1069 5051 1163 5103 καί
1184 5047 1325 5102 ,ἄλλο
1357 5045 1502 5100 λαῶν
1548 5040 1803 5109 ἐλεγξις.

234 5146 297 5201 Ἦ
328 5148 439 5218 μὲν
488 5145 599 5214 γὰρ
628 5142 942 5209 ἐκδίκησις
986 5143 1045 5194 ἐν
1088 5142 1201 5201 τοῖς
1248 5138 1580 5208 ἁπιστήσασι
1616 5148 1811 5185 παντε-

227 5239 360 5303 λῶςο
388 5239 560 5299 λαοὺς
588 5237 645 5289 δὲ
671 5237 796 5299 τοὺς
821 5235 895 5305 μὴ
925 5233 1258 5304 θελήσαντας
1295 5233 1373 5293 είς
1412 5229 1709 5295 ἐπίγνωσιν
1729 5224 1807 5275 ὲλ-

230 5331 363 5399 θεῖν,
389 5324 469 5385 ὧν
496 5331 592 5382 καὶ
621 5330 670 5382 οἱ
702 5327 949 5398 ὲλεγμοί·
982 5326 1076 5397 ἀφ’
1089 5319 1163 5378 ὧν
1202 5322 1522 5390 ἐκδίκησιν
1553 5320 1655 5371 οὐκ
1693 5318 1807 5368 εἱσ-

1912 4860 2007 4930 qui
2046 4861 2112 4912 de
2142 4857 2385 4911 minimis
2412 4855 2691 4925 iudicetis.

1985 5034 2106 5087 Alia
2136 5039 2221 5086 est
2246 5028 2525 5098 ἐκδίκησις
2550 5025 2689 5080 ultio
2719 5023 3004 5094 gentilium
3037 5040 3049 5074 :
3081 5019 3187 5072 alia
3221 5031 3350 5070 vero
3385 5029 3484 5083 po-

1913 5126 2161 5197 pulorum
2180 5121 2387 5189 ἐλεγξις
2404 5121 2455 5173 h.
2475 5118 2785 5187 Ἐκδίκησις
2804 5114 2948 5170 εηίιη
2978 5112 3031 5166 in
3050 5110 3118 5165 iis
3144 5111 3236 5178 qui
3261 5107 3487 5162 omnino

1917 5233 2028 5272 non
2064 5213 2451 5270 crcdiderunti
2485 5228 2499 5263 :
2531 5208 2722 5279 5106
2754 5206 2989 5276 papulus
3013 5211 3193 5257 autem
3217 5199 3405 5253 nolens
3430 5198 3486 5251 in

1917 5322 2109 5375 eorum
2139 5303 2472 5375 agnitionem
2509 5302 2714 5364 venire,
2735 5298 2802 5353 de
2827 5296 3027 5368 quibus
3056 5302 3383 5365 arguuntur,
3402 5292 3492 5342 ὲκ·-

290 5458 315 5485 !
344 5444 526 5499 Levit.
550 5458 668 5505 vui,
688 5440 778 5495 22.
820 5440 849 5479 δ
871 5438 1061 5492 Matth.
1089 5452 1178 5497 xv,
1204 5435 1291 5490 l2.
1371 5443 1392 5470 ο
1416 5431 1613 5505 Cenes.
1640 5442 1728 5487 xv,
1757 5427 1831 5505 1...
1884 5420 1911 5461 ἀ
1934 5420 2078 5476 Psal.
2125 5431 2280 5481 xvm,
2311 5412 2398 5467 i2.
2440 5424 2458 5443 ε
2483 5411 2617 5466 Gen.
2650 5425 2761 5473 xw,
2790 5408 2880 5463 2'5.
2961 5405 2981 5444 ῐ
3014 5405 3199 5459 Matth.
3253 5419 3366 5467 six,
3394 5400 3489 5453 28.

239 5513 466 5570 slCor.
504 5531 624 5577 vm,
662 5512 717 5565 2.
802 5507 831 5547 5
858 5511 991 5564 Luc.
1024 5524 1178 5570 xvm,
1218 5507 1273 5559 7.

1362 5505 1377 5543 ί
1418 5502 1460 5554 Il
1492 5499 1637 5553 Petr.
1678 5514 1738 5560 ιι,
1767 5496 1852 5549 16.

1510 5613 1750 5670 νιὶῐῖΙίΕ
1794 5607 2204 5666 LECTIONES.

342 5734 391 5764 “
423 5728 713 5782 προσέλθοι
750 5727 808 5781 Β.
888 5727 930 5757 ⁸⁷
952 5725 1013 5777 τὸ
1043 5723 1168 5777 add.
1208 5722 1269 5774 Β.
1289 5729 1343 5774 ει
1370 5733 1449 5773 rc.
1478 5716 1541 5769 Α.
1619 5712 1662 5744 ⁸⁸
1727 5711 1895 5782 ἀρετῇ
1920 5725 1981 5770 ς.
2002 5778 2013 5782 Α
2062 5706 2106 5735 ‘9
2137 5703 2319 5782 ψυχάς
2348 5698 2560 5782 0m.‘A.

468 5748 713 5800 ροσεΑοοι
751 5748 808 5781 υ.
888 5748 925 5757 "'
952 5748 1013 5777 το
1043 5748 1168 5777 auu.
1210 5748 1343 5774 ιλιι
1373 5748 1449 5773 lu.
1478 5748 1541 5769 ει.
1726 5748 1895 5793 εγω-υς,
1922 5748 1981 5770 κο.
2143 5748 2316 5772 τηρ-τ
2352 5748 2458 5755 ω---
2496 5748 2560 5753 ---
2646 5770 2657 5785 ἢ
2736 5748 2751 5751 -

517 5802 564 5832 τι
595 5803 652 5845 ὲν
676 5802 740 5845 τιῖι
772 5794 998 5845 «calata.
1035 5797 1067 5845 ἡ
1102 5792 1306 5845 παλαιὰ
1335 5790 1398 5844 Α.
1508 5788 1550 5817 ⁷³
1575 5783 1633 5837 τὸ
1656 5797 1819 5841 πολυς
1871 5782 1911 5830 Α
1946 5794 1960 5843 ;
1992 5778 2019 5829 6
2058 5774 2246 5845 μισθός
2298 5790 2391 5825 σου
2428 5771 2491 5823 τὸ
2538 5768 2705 5832 πολυς
2737 5786 2797 5831 ς.

241 5820 349 5857 om.
379 5802 444 5855 Β.
468 5790 479 5800 ’
517 5802 564 5832 τί
595 5803 652 5853 ὲν
676 5802 741 5871 τῇ
772 5794 998 5867 παλαιᾷ,
1035 5797 1067 5865 ὴ
1102 5792 1306 5846 παλαιὰ
1335 5790 1398 5844 Α.

239 5876 421 5927 οἴδατε
451 5888 563 5929 om.
591 5872 656 5924 A.

2661 5700 2705 5730 ⁷ο
2729 5699 2757 5751 ό
2812 5695 2999 5768 μισθός
3025 5723 3096 5768 5—-
3126 5688 3496 5768 nepthozion;

2918 5765 2962 5798 ⁷⁸
2993 5767 3151 5835 μόνον
3181 5760 3241 5826 ς.
3319 5760 3365 5791 ⁷⁸
3391 5760 3493 5810 οὐκ
