3856 6298
539 391 652 456 239

1705 387 1968 449 ΡΙΙΟΤΙΙ
2009 383 2509 445 PATBIARCILE
2542 387 2649 447 CP.

3669 410 3825 492 240_

542 507 771 579 -δίκησιν
804 521 915 562 non
952 507 1177 563 subibit.
1230 507 1457 564 Exactio
1505 507 1652 561 enim
1710 506 1947 561 hostium
1998 514 2123 560 est:

2237 503 2468 603 πράττει
2495 504 2551 575 (ή
2580 503 2689 603 γὰρ
2731 502 3017 603 εἰσπραξις
3053 504 3164 603 ⁶τῶν
3196 508 3444 603 ἐχθρῶν),
3490 518 3599 574 ἀλλ’
3626 527 3760 603 ἐλέγ.

545 603 863 674 redargutio
918 618 1050 658 vero
1111 613 1338 673 peccata
1398 599 1848 672 reprehendentis
1903 598 2121 655 Domini

534 708 648 753 est.

616 789 812 845 Anima
844 790 977 860 justi
1004 805 1132 846 cum
1171 791 1300 844 hinc
1322 787 1640 849 excesserit,
1665 786 1981 858 angelorum
2005 802 2120 842 ma-

547 879 708 934 nibus
739 888 1014 949 portatur,
1040 880 1134 950 qui
1158 879 1303 934 illam
1338 880 1392 937 in
1412 878 1616 949 regiam
1647 878 1836 931 urbem
1858 875 2117 943 referunt,

544 985 667 1041 qua:
694 977 778 1025 est
810 971 1054 1027 caelestis
1087 968 1415 1026 Jerusalem.

704 1150 771 1205 In
802 1150 1209 1206 decollationem
1238 1150 1414 1203 sancti
1438 1147 1669 1204 Joannis
1698 1147 1975 1218 Baptistw.

612 1243 739 1298 ﬂare
767 1243 945 1298 oratio
980 1238 1156 1296 sancti
1185 1238 1566 1312 Chrysostomi
1595 1241 1819 1296 nomine
1862 1239 2120 1295 inscribi-

543 1344 650 1401 tur,
686 1349 794 1389 non
818 1348 1001 1388 tamen
1028 1333 1160 1387 mihi
1185 1332 1305 1404 ejus
1336 1333 1568 1388 videtur.
1597 1332 1951 1404 Argumentis
1975 1332 2120 1386 enim

542 1426 812 1496 modoquo
846 1426 1122 1481 scribendi
1163 1427 1398 1482 multum
1423 1442 1452 1481 a
1485 1425 1717 1497 reliquis
1762 1425 2119 1497 ejus_oratio-

540 1520 706 1574 nibus
731 1518 1093 1588 distinguitur
1115 1559 1131 1584 ,
1181 1519 1287 1574 nisi
1334 1518 1480 1587 quoi
1511 1517 1762 1586 quaedam
1800 1531 1869 1571 ex
1902 1516 1970 1572 iis
2014 1517 2123 1572 huc

542 1612 883 1682 rejiciantur.
915 1611 1012 1667 Est
1050 1621 1234 1667 autem
1264 1611 1438 1667 dictio
1469 1612 1607 1667 satis
1628 1610 1776 1674 vilis,
1810 1618 1865 1665 et
1906 1612 1975 1664 ab
2002 1609 2122 1680 ejus

541 1705 681 1776 Stylo
708 1704 885 1760 aliena
915 1704 959 1759 i.

615 1796 660 1851 0
693 1812 805 1851 rem
837 1798 1069 1852 novam!
1102 1795 1343 1854 Joannes
1372 1797 1611 1852 animam
1634 1794 1866 1852 Herodis
1902 1795 2121 1866 ligatam

2222 612 2309 667 χει
2339 595 2415 660 ὼς
2443 597 2745 667 Δεσπότης,
2771 596 2840 651 τὰ
2871 597 3248 668 ἁμαρτήματα
3282 602 3601 677 ἀνακρίνων.

2298 772 2425 846 [852
2454 772 2549 844 H.]
2592 774 2763 827 Ὅταν
2807 773 2999 845 ἐξέλθῃ
3039 773 3188 846 ψυχὴ
3246 774 3455 833 δικαίου
3514 784 3761 860 ἐντεῦθεν,

2224 867 2658 938 παραπέμπεται
2682 866 2773 920 διὰ
2798 867 2999 937 χειρῶν
3027 866 3298 937 ἀγγέλων,
3322 870 3415 923 καὶ
3454 881 3762 947 παρεστῶσιν

2223 958 2395 1029 αὐτὴν
2424 960 2481 1012 ὲν
2506 961 2573 1030 τῇ
2615 957 2847 1029 βασιλίδι
2872 959 3047 1026 πόλει,
3072 959 3197 1030 ἦτις
3224 960 3372 1015 ὲστίν
3395 963 3553 1036 ⁴ήᾶνω
3582 969 3763 1042 Ἰερου.

2225 1050 2359 1121 σαλή
2369 1068 2427 1122 μ.

2287 1146 2389 1211 Εἰς
2417 1143 2534 1212 τὴν
2554 1144 2873 1214 ἀποτομὴν
2912 1144 3196 1199 Ἰωάννου
3221 1146 3330 1201 τοῦ
3358 1152 3699 1213 Βαπτιστοῦ.

2305 1236 2701 1308 Ἐπιγράφεται
2742 1235 2841 1307 μὲν
2858 1237 2904 1269 ⁷⁸
2929 1236 3024 1289 τοῦ
3069 1237 3479 1310 Χρυσοστόμου,
3529 1245 3623 1299 οὐκ
3655 1250 3765 1317 ἐμοὶ

2220 1325 2369 1379 δοκεῖ
2395 1325 2487 1379 δέ’
2513 1328 2627 1389 τοῖς
2656 1343 2716 1379 τε
2760 1324 2869 1397 γὰρ
2908 1326 3279 1399 ἐνθυμήμασι,
3315 1329 3409 1382 καί
3454 1334 3579 1403 aii"
3619 1338 3764 1409 πείρᾳ

2224 1418 2325 1488 τῆς
2357 1420 2576 1489 γραφῆς
2600 1418 2734 1472 πολὺ
2763 1419 2825 1473 τὸ
2855 1420 3034 1485 ἐνδεὲς
3071 1421 3183 1474 τῶν
3212 1419 3387 1474 ἄλλων
3425 1424 3584 1476 αὐτοῦ
3610 1425 3765 1494 λόγων

2222 1509 2581 1580 ἀποφέρεται.
2612 1510 2759 1580 ΙΙλήν
2783 1527 2908 1564 τινα
2964 1511 3060 1566 καὶ
3094 1510 3154 1575 ἐξ
3191 1509 3357 1572 αὑτοῦ
3381 1513 3760 1585 παρεξεόλήθη.

2228 1604 2385 1656 Ἔστι
2413 1603 2470 1656 δὲ
2500 1603 2664 1656 αὑτοῦ
2696 1603 2792 1658 καὶ
2812 1606 2847 1676 ή
2879 1604 3024 1672 λέξις
3054 1586 3272 1675 χυδαία’
3300 1606 3398 1659 καί⁸
3446 1607 3543 1677 τῆς
3579 1607 3765 1661 ἐκείνου

2228 1695 2607 1767 παραλλάττον
2616 1713 2702 1750 σα.

2300 1789 2365 1839 Ὢ
2398 1788 2728 1859 πράγματος
2760 1786 3088 1842 ἀλλοκότουί
3141 1787 3396 1860 Ἰωάννης
3422 1789 3519 1861 τὴν
3569 1791 3767 1862 δεδεμέ-

546 1888 769 1943 vinculo
806 1888 1054 1958 peccati,
1116 1887 1496 1962 redarguendo
1530 1888 1747 1944 solvere
1794 1885 1964 1942 voluit
1992 1902 2005 1937 :
2031 1885 2121 1940 ille

2236 1898 2323 1951 νην
2364 1878 2531 1933 αὐτοῦ
2576 1878 2755 1951 ψυχὴν
2804 1882 2869 1951 τῇ
2927 1883 3086 1953 σειρᾷ
3117 1879 3219 1950 τῆς
3247 1881 3519 1952 ἁμαρτίας
3563 1882 3643 1936 διὰ
3685 1885 3767 1938 τοῦ

542 1997 674 2037 vero
708 1981 1007 2055 solventem
1053 1981 1262 2054 ligavit.

541 2181 799 2252 Ejusdem
833 2182 1003 2234 oratio
1035 2179 1348 2235 inscribitur
1365 2178 1428 2252 in
1451 2178 2019 2252 idetnargumentum,
2068 2182 2119 2227 et

936 2260 1013 2305 est
1045 2252 1256 2305 omnino
1290 2249 1461 2319 priori
1488 2247 1703 2301 similis.

612 2400 924 2468 Mandatum
956 2410 1060 2467 fuit
1087 2410 1313 2475 Judaeis,
1333 2424 1563 2465 uxorem
1592 2407 1782 2464 fratris
1811 2407 1932 2463 sine
1966 2405 2137 2476 prole
2174 2394 2211 2405 ””

534 2505 786 2562 defuncti
820 2506 1053 2571 ducere,
1087 2502 1380 2575 prohibitis
1423 2502 1631 2572 nuptiis
1664 2515 1791 2556 cum
1839 2498 2115 2570 gentibus,

537 2614 662 2670 quae
693 2599 867 2655 solita:
915 2606 1076 2653 erant
1127 2597 1197 2652 ad
1246 2596 1390 2651 idola
1438 2609 1663 2650 currere
1692 2592 1761 2648 ll:
1798 2593 1903 2648 tale
1952 2591 2118 2661 igitur

538 2692 958 2747 matrimonium
995 2689 1403 2745 concedebatur
1427 2728 1442 2754 ,
1474 2698 1536 2743 ut
1583 2685 1924 2742 tolerabilius
1951 2698 2115 2753 quam

540 2782 871 2839 idololatria.
932 2779 1277 2851 Tripudiavit
1333 2780 1444 2834 ﬁlia
1512 2777 1837 2834 Herodiadis
1868 2796 1883 2831 :
1918 2775 2119 2846 dignus

539 2875 683 2931 festo
711 2874 907 2938 honor,
935 2872 1229 2928 delectatio
1252 2871 1587 2927 celebritate.
1622 2868 1837 2924 Iuravit
1860 2868 1943 2922 illi
1962 2866 2118 2938 quid-

538 2966 667 3039 quid
691 2966 922 3035 petiisset
958 2963 977 3003 1
1018 2981 1032 3017 :
1069 2975 1123 3020 et
1148 2964 1282 3019 illud
1313 2962 1705 3034 turpitudinem
1734 2967 1927 3031 auget,
1964 2958 2119 3029 jura-

539 3066 788 3115 mentum
834 3057 1181 3113 indeﬁnitum
1208 3096 1224 3123 ,
1272 3063 1328 3111 et
1368 3056 1474 3110 hoc
1501 3061 1723 3124 propter
1751 3051 2117 3108 saltationem.

544 3151 804 3222 Itegalem
840 3151 1226 3206 auctoritatem
1255 3150 1452 3220 puella:
1480 3148 1708 3218 pedibus
1748 3146 1947 3202 stultus
1989 3143 2121 3199 sub-

2224 1972 2452 2043 ἐλέγχου
2522 1972 2671 2025 λύειν
2742 1971 2995 2025 ἐϐούλετο
3023 2012 3038 2038 ,
3112 1973 3367 2035 κάκεῖνος
3431 1974 3522 2026 τὸν
3593 1973 3768 2030 λύοντα

2222 2064 2461 2135 ἐδέσμει.

2172 2172 2174 2174 ⁷
2223 2175 2385 2249 [1524
2407 2177 2648 2249 Β.]’Τοῦ
2677 2178 2865 2232 αὑτοῦ
2901 2178 3286 2248 ἐπιγράφεται
3320 2180 3501 2249 λόγος
3543 2179 3625 2244 εἰς
3667 2181 3766 2245 τὴν

2290 2248 2826 2319 αὐτὴκὺπόθεσιν,
2859 2249 2955 2303 καὶ
2980 2250 3111 2303 ἐστι
3140 2249 3293 2304 κατὰ
3335 2248 3529 2319 πάντα
3577 2251 3766 2318 ὁμοίως

2290 2320 2451 2389 ἔχων
2474 2317 2555 2383 τῷ
2581 2320 2695 2387 πρὸ
2723 2320 2932 2375 αὐτοῦ.

2303 2412 2581 2476 Ἰουδαίοις
2633 2412 3032 2483 ἐπιτέτραπται
3082 2414 3323 2481 γυναῖκα
3375 2413 3513 2484 μετὰ
3562 2412 3766 2467 θάνατον

2223 2504 2319 2559 καί¹
2346 2505 2552 2560 ἄπαιδα
2583 2504 2676 2558 τοῦ
2707 2504 2939 2574 ἀδελφοῦ
2966 2504 3219 2573 ἄγεσθαι,
3262 2504 3360 2576 τὴν
3394 2507 3527 2577 πρὸς
3566 2505 3632 2558 τὰ
3658 2506 3767 2576 ἔθνη

2220 2596 2446 2649 κωλύων
2476 2593 2794 2665 ἐπιγαμίαν,
2810 2594 2929 2658 ἔθος
2957 2594 3183 2666 ἔχουσαν
3211 2599 3325 2659 τοῖς
3359 2595 3595 2658 εἰδώλοις
3613 2613 3767 2668 προσ-

2218 2687 2462 2757 τρέχεινο
2490 2687 2565 2750 ὡς
2626 2688 2952 2758 κουφότερον
3010 2684 3103 2742 οὖν
3159 2687 3259 2754 τῆς
3304 2688 3772 2758 εἰδωλολατρείαςὸ

2218 2777 2462 2838 τοιοῦτος
2504 2779 2682 2849 γάμος
2727 2780 2841 2843 τοῖς
2882 2780 3161 2844 Ἰουδαίοις
3196 2781 3605 2851 συγκεχώρητα
3670 2781 3773 2847 Ὡρ-

2220 2870 2430 2941 χήσατο
2483 2871 2518 2941 ή
2565 2869 2814 2941 θυγάτηρ
2869 2871 3033 2941 sic"
3081 2872 3444 2942 Ἱιρωδιάδος.
3501 2873 3644 2939 Ἀξία
3686 2872 3771 2940 τῆς

2221 2963 2415 3033 ἑορτῆς
2460 2964 2494 3034 ὴ
2524 2964 2683 3034 τιμὴ,
2733 2965 2767 3034 ἡ
2820 2964 3011 3035 τέρψις
3075 2964 3175 3034 τῆς
3218 2964 3602 3036 πανηγύρεως.
3653 2966 3771 3019 Μεθ’

2220 3054 2387 3126 ὅρκου
2441 3053 2794 3125 ὡμολόγησεν
2834 3055 2975 3125 αὐτῇ
3026 3056 3054 3108 ὅ
3091 3073 3144 3108 τι
3191 3054 3259 3110 ἂν
3312 3056 3630 3125 αἰτήσηται’
3691 3055 3772 3108 καί

2219 3143 2377 3198 τοῦτο
2399 3144 2685 3215 προσθήκη
2707 3144 2813 3197 τῶν
2847 3144 3091 3216 αἰσχρῶν
3123 3145 3403 3217 βαρυτέρα
3425 3186 3439 3211 ,
3467 3147 3621 3218 ὅρκος
3671 3146 3771 3200 ἀδι-

537 3244 671 3316 jecit
700 3261 716 3299 :
750 3243 1001 3315 permisit
1035 3243 1243 3316 regiam
1279 3242 1599 3314 dignitatem
1628 3239 1978 3301 conculcari,
2013 3236 2116 3292 sub

2236 3238 2561 3309 5ριστος,καί
2586 3231 2737 3300 οὗτος
2758 3237 2824 3291 δι’
2846 3238 3095 3309 ὄρχησιν.
3133 3239 3245 3311 Τὴν
3280 3238 3559 3309 βασιλικὴν
3600 3238 3771 3291 αὐθεν-

543 3351 652 3408 qua
682 3351 744 3393 se
765 3339 1080 3407 juramento
1113 3335 1463 3399 constrinxit,
1508 3332 1603 3403 qui
1651 3330 1948 3401 cupiditate
1975 3342 2120 3384 caeca

2236 3330 2347 3386 ιίαν
2367 3330 2412 3362 ⁷⁸
2448 3332 2564 3394 τοῖς
2619 3330 2752 3383 ποσὶ
2792 3330 2896 3401 τῆς
2945 3332 3117 3402 κόρης
3154 3333 3183 3386 6
3231 3332 3465 3403 μάταιος
3502 3330 3771 3396 ὑπέταξεν·

542 3439 736 3500 captus
765 3437 885 3484 erat
919 3446 934 3484 :
972 3427 1179 3483 invitus
1214 3437 1401 3497 postea
1434 3425 1629 3496 puella:
1658 3423 1818 3479 nutui
1847 3422 2122 3479 obsecun-

2236 3420 2401 3475 ἔδωκε
2428 3421 2529 3494 τὴν
2557 3423 2653 3494 τῆς
2681 3421 3018 3492 βασιλείας⁷⁹
3043 3423 3202 3488 ἀξίαν
3225 3423 3540 3494 πατηθῆναι
3563 3440 3577 3456 ο
3606 3423 3688 3490 ὑφ’
3716 3416 3772 3495 ἧς

541 3522 712 3588 davit,
746 3520 879 3591 quin
929 3520 1115 3591 potius
1166 3519 1293 3575 Evae
1344 3519 1541 3574 iterum
1596 3517 1681 3571 vir
1720 3530 1845 3571 esca
1888 3516 2119 3587 capitur.

2236 3511 2393 3585 ξγεδθ]
2420 3513 2571 3585 ὅρκῳ
2594 3514 2787 3583 γέγονε
2835 3515 3055 3585 δέσμιος
3081 3516 3111 3568 6
3139 3515 3239 3587 τῆς
3262 3515 3560 3587 ἐπιθυμίας
3597 3515 3773 3586 αἰχμά-

540 3612 786 3669 Audacia
821 3612 1109 3684 petitionis
1129 3628 1262 3669 sane
1314 3626 1533 3683 magna,
1580 3618 1763 3681 petere
1791 3607 1927 3680 justi
1960 3613 2122 3677 caput

2236 3608 2415 3669 ἰωτος.
2452 3606 2636 3660 Ἀκων
2661 3606 2846 3661 λοιπὸν
2870 3607 2949 3678 τῷ
2980 3609 3081 3679 τῆς
3106 3608 3280 3680 κόρης
3321 3608 3636 3663 δεδούλωται
3672 3604 3773 3659 νεύ·

544 3706 602 3761 in
639 3706 793 3762 disco
823 3745 840 3773 ,
880 3716 935 3762 et
953 3705 1145 3762 dolore
1173 3704 1428 3776 gaudium
1463 3710 1825 3765 commutare,
1874 3712 2121 3755 mensam

2236 3714 2384 3765 ματι,
2420 3697 2622 3767 μᾶλλον
2669 3698 2727 3752 δὲ
2757 3699 2837 3770 τῷ
2892 3700 2992 3770 τῆς
3035 3699 3178 3766 Εὔας
3223 3701 3389 3756 πάλιν
3436 3704 3466 3755 6
3518 3700 3774 3770 ἄνθρωπος

544 3797 859 3869 sepulcrum
884 3796 1089 3852 facere.
1125 3796 1453 3860 Decebatne,
1482 3809 1515 3848 o
1535 3793 1718 3858 miser,
1746 3794 1875 3847 dare
1898 3790 1953 3845 in
1984 3803 2123 3844 mer-

2236 3790 2523 3844 Βποπίπτει
2556 3791 2903 3861 δελεάσματι.
2955 3795 3139 3847 Δεινὸν
3166 3794 3229 3848 τὸ
3266 3795 3366 3866 τῆς
3392 3795 3654 3865 αἰτήσεως
3673 3792 3775 3846 τόλ-

548 3889 739 3945 cedem
776 3888 1102 3959 tripudianti
1143 3886 1342 3941 caedem
1375 3884 1663 3951 nefariam,
1708 3894 1764 3939 et
1796 3892 2027 3939 mortem
2067 3881 2119 3935 in

2236 3896 2417 3951 μημα,
2445 3880 2700 3953 κεφαλὴν
2741 3882 2953 3936 δικαίου
2978 3882 3163 3939 λαϐεῖν
3182 3885 3280 3939 ἐπὶ
3305 3887 3514 3950 πίνακι,
3542 3885 3632 3939 καὶ
3663 3884 3774 3953 τέρ-

543 3980 833 4036 ebrietatis
879 3976 1302 4035 delectationem
1359 3975 1598 4031 aﬂ‘erre?
1644 3974 2023 4030 Juramentum
2072 3980 2123 4026 te

2236 3969 2315 4040 laet
2346 3971 2784 4038 ἀνταλλάξασθαι
2815 3974 3011 4039 πένθος
3026 3976 3070 4008 ⁸¹
3113 3975 3207 4029 καί
3244 3978 3418 4047 τάφον
3460 3976 3774 4045 καταστῆσαι

544 4073 841 4145 obstringit
875 4090 891 4127 :
923 4071 1017 4128 sed
1036 4071 1211 4127 credes
1245 4068 1518 4141 prohibet.
1558 4066 1987 4124 Promissionem
2035 4079 2123 4120 re-

2236 4062 2324 4131 ιὴν
2389 4063 2690 4134 τράπεζαν.
2755 4065 3087 4137 Ἔκθεσμον,
3136 4066 3313 4134 ἄθλιε,
3388 4067 3572 4123 δοῦναι
3637 4067 3776 4136 φόνον

544 4168 723 4238 poscit
754 4185 767 4221 :
798 4166 893 4222 sed
952 4165 1218 4236 aequalem
1259 4163 1521 4235 tripudio.
1560 4162 1679 4217 Non
1715 4170 1800 4217 est
1841 4174 1966 4217 cum
2012 4158 2123 4215 vita

2236 4153 2421 4223 μισθὸν
2461 4155 2568 4210 ἔδει
2624 4158 2692 4227 τῇ
2740 4156 2986 4229 ὀρχήσει,
3027 4158 3125 4213 καὶ
3156 4159 3391 4214 θάνατον
3435 4160 3574 4233 μέθῃ
3607 4158 3777 4229 τέρψιν

544 4259 783 4316 mundus
799 4256 1226 4328 comparandus.
1247 4255 1456 4311 Novum
1474 4262 1559 4311 est
1574 4252 1802 4309 Herodis
1817 4252 2082 4324 judicium
2105 4267 2121 4318 ;

2236 4246 2551 4317 χαρίσασθαι
2575 4265 2590 4313 ;
2615 4249 2777 4319 ὅρκος
2799 4267 2857 4304 σε
2879 4250 3103 4322 κατέχει
3126 4268 3142 4285 ⁸
3176 4252 3294 4306 ἀλλ’
3320 4254 3350 4308 6
3388 4253 3546 4323 φόνος
3577 4250 3775 4305 κωλύει.

546 4366 759 4416 mensa,
800 4350 1066 4417 ebrietas,
1096 4360 1152 4406 et
1182 4349 1479 4421 tripudium
1507 4347 1843 4421 judicarunt.
1876 4345 1920 4403 0
1957 4344 2123 4416 justi-

2239 4335 2563 4407 Ὑπόσχεσιν
2602 4338 2853 4393 ἀπαιτεῖ’
2903 4340 3021 4395 ἀλλ’
3059 4341 3182 4414 ίσην
3234 4344 3488 4415 ὀρχήσει,
3539 4343 3633 4413 οὐχ
3663 4336 3775 4411 ἦς⁸¹

546 4441 681 4497 tiam
713 4440 905 4512 iniqua
929 4439 1221 4495 audentem
1253 4438 1267 4492 !
1305 4438 1507 4494 Sancte
1537 4451 1597 4492 se
1622 4434 1808 4507 jurare
1836 4434 1991 4504 ﬁngit
2005 4473 2029 4507 ρ
2068 4438 2123 4489 et

2236 4426 2482 4495 Ξιντὰξιος
2539 4429 2649 4485 οὐδ’
2704 4432 2733 4485 6
2782 4431 3006 4503 κόσμος.
3057 4432 3220 4491 Ξένον
3285 4435 3383 4489 τοῦ
3452 4434 3686 4506 Ἡρώδου
3724 4430 3776 4485 τὸ

541 4534 794 4590 occidere
820 4548 928 4589 non
952 4531 1246 4588 erubescit.
1281 4530 1498 4586 Utinam
1528 4538 1676 4584 recte
1722 4526 2039 4597 pejerasset,
2065 4532 2121 4579 et

2236 4518 2614 4592 δικαστήριονο
2660 4523 2910 4593 τράπεζα
2959 4524 3056 4580 καὶ
3090 4526 3231 4598 μέθη
3289 4528 3388 4583 καὶ
3414 4528 3639 4601 ὄρχησις
3689 4522 3781 4577 ἐδί-

540 4638 654 4680 ιιοιι
716 4624 906 4694 inique
941 4630 1132 4680 sancte
1178 4622 1440 4690 jurasset.
1505 4617 1551 4674 0
1608 4618 1920 4673 convivium
1982 4616 2118 4687 justi

2236 4610 2391 4677 καξεν
2408 4612 2475 4667 ⁸³.
2543 4614 2608 4667 Ὢ
2691 4615 3040 4689 δικαιοσύνης
3116 4618 3408 4693 τολμώσης
3477 4614 3776 4690 παράνομαί

539 4714 852 4772 admiscens
901 4714 1166 4771 mortem!
1205 4713 1250 4769 0
1283 4712 1599 4768 convivium
1645 4710 1781 4782 legis
1820 4710 2121 4765 observan-

2236 4705 2474 4776 εὐορκεῖν
2502 4708 2880 4779 ὑποκρίνεται,
2907 4716 3005 4767 καὶ
3038 4712 3286 4783 φονεύειν
3315 4714 3419 4768 οὐκ
3464 4712 3774 4784 αἰσχύνεται.

542 4807 738 4865 tissimi
775 4822 1059 4877 aspersum
1093 4806 1397 4876 sanguine!

2236 4797 2353 4852 Εἴθε
2391 4787 2959 4872 καλῶς’ὲπιὼρκησας
2986 4804 3082 4858 καὶ
3117 4803 3193 4873 μὴ
3242 4805 3577 4876 παρανόμως
3625 4799 3780 4871 εὒώρ-

2227 4905 2424 4959 κησας.
2482 4892 2549 4943 Ὢ
2611 4892 2915 4963 συμπόσιον
2962 4894 3175 4949 δικαίου
3237 4896 3441 4967 κιρνῶν
3456 4897 3504 4928 ⁸⁸
3551 4896 3778 4950 θάνατον.

2229 4981 2298 5034 Ὦ
2352 4983 2658 5053 συμπόσιον
2715 4985 3097 5057 νομοφύλακος
3147 4988 3559 5060 οἰνοχοούμενον
3587 4988 3779 5059 αἵματι.

966 5090 1163 5162 511a
1192 5089 1446 5160 Ejusdem
1477 5090 1531 5144 in
1560 5090 1719 5144 idem.

2444 5096 2554 5149 Τοῦ
2584 5098 2771 5153 αὑτοῦ
2801 5103 2887 5165 εἰς
2910 5100 3025 5169 τὴν
3048 5102 3243 5172 αὐτὴν
3264 5105 3579 5160 ὑπόθεσιν.

610 5184 841 5242 Videtur
886 5186 1007 5241 haec
1052 5185 1227 5240 oratio
1287 5192 1522 5254 cognata
1573 5198 1696 5239 esse
1734 5184 2115 5256 Chrysostomi

2301 5188 2485 5241 Ἔοικε
2531 5190 2577 5243 δ’
2624 5187 2777 5255 οὗτος
2824 5196 2853 5246 6
2896 5194 3052 5263 λόγος
3095 5197 3365 5268 συγγενὴς
3394 5193 3534 5253 εῖναι
3574 5197 3677 5251 τῶν
3700 5193 3783 5247 τοῦ

538 5279 903 5346 orationibus,
936 5294 1046 5335 non
1069 5285 1252 5335 tamen
1282 5286 1385 5343 est,
1422 5290 1521 5331 nec
1543 5275 1957 5333 convenientem
1986 5292 2110 5332 cum

2236 5281 2616 5352 Κρυσοστόμου
2675 5284 2869 5353 λόγων,
2932 5287 3032 5343 οὐκ
3088 5287 3216 5360 [855
3265 5288 3361 5361 H.]
3404 5290 3520 5345 ἐστι
3550 5290 3643 5360 ⁸δὲ,
3679 5287 3785 5342 οὐδὲ

578 5456 594 5508 i
622 5456 814 5513 Matth.
852 5475 976 5527 xw;
1005 5458 1173 5515 Marc.
1212 5476 1304 5526 vi;
1335 5459 1473 5515 Luc.
1505 5476 1585 5528 ιιι,
1622 5459 1716 5514 20.
1787 5456 1813 5496 ¹ί
1837 5459 2000 5516 Deut.
2034 5476 2123 5515 ut

2236 5462 2265 5517 ἱ.
2332 5459 2530 5521 1Marc.
2563 5481 2637 5532 vn,
2663 5465 2755 5521 24.

1841 5600 1929 5656 VA
1939 5601 2079 5657 [lle
2121 5602 2531 5662 LECTlONES.

611 5756 657 5789 ἰ
681 5756 875 5846 preme
899 5758 1009 5846 Α..⁸
1040 5757 1413 5846 τξτῇτοάιί.Α;
1497 5759 1552 5840 :1
1583 5758 1683 5829 τῆς
1715 5758 1999 5846 anteMLHQ.
2038 5775 2152 5815 om.
2191 5737 2279 5846 ᾼᾏ
2336 5764 2383 5846 ξς
2415 5764 2745 5846 αὐθεντείαν.
2777 5770 2843 5825 Α.
2877 5843 2886 5846 _
2928 5774 2973 5806 τι
3030 5774 3295 5845 βασιλίδος
3325 5791 3391 5841 ς.
3428 5773 3483 5812 ὀ
3527 5792 3587 5846 γε
3612 5790 3718 5832 οιιι.
3750 5771 3792 5830 Α

637 5777 657 5789 ’
683 5777 875 5831 μεν]οε
899 5777 963 5814 Α.
1045 5777 1164 5828 "Tn
1199 5777 1413 5813 δοραὶ.
1509 5777 1546 5791 ⁵⁸
1583 5777 1683 5829 της
1715 5777 1840 5813 ante
1894 5777 1935 5811 ﬂ
1985 5798 1999 5813 ο
2038 5777 2152 5815 om.
2191 5777 2258 5815 Α.
2340 5777 2383 5795 ⁷⁵
2415 5777 2732 5821 αύυεντείαν
2777 5777 2843 5825 Δ.

538 5834 581 5866 ⁸³
624 5828 795 5893 πάθος
827 5847 888 5893 ς.
963 5830 1009 5863 ⁸³
1034 5830 1134 5902 οὐχ
1163 5824 1229 5902 ἧς
1257 5832 1303 5883 A
1336 5847 1349 5887 :
1380 5828 1561 5901 ψυχῆς
1594 5846 1656 5894 ς.
1726 5830 1774 5863 ⁸³
1797 5777 2033 5896 ἐδίδαξεν
2066 5848 2153 5904 pr.
2185 5834 2257 5889 A.
2335 5834 2381 5867 ⁸⁵
2405 5836 2630 5909 κιρνῶν]
2655 5840 2837 5909 κρίνον
2860 5843 2929 5899 Α.
