4020 6408
244 411 335 476 24!

1278 422 1354 480 BI
1363 422 1797 483 BLIOTHECA.
1821 450 1889 459 —
1913 426 2078 487 COD.
2118 426 2424 486 CCLXXV.

3372 428 3479 492 242

242 536 436 605 συνεχῆ
462 536 512 567 ⁸⁸
536 536 628 589 τὸν
660 536 784 589 νοῦν
814 538 1041 601 ἐκείνοις
1082 539 1511 610 ἐνδεικνύμενος,
1540 542 1725 611 ὥσπερ
1752 542 1801 594 οἱ

1910 542 2008 598 illis
2039 559 2259 600 sensum
2290 543 2510 614 praefert
2541 558 2555 598 :
2585 545 3044 613 quemadmodum
3090 553 3143 598 et
3202 545 3305 600 illa:
3353 548 3475 601 duce

239 625 329 679 δύο
392 628 591 680 ἑκείνοι
651 628 751 697 τὴν
812 630 947 700 πρὸς
990 630 1251 700 ἀλλήλους
1309 632 1493 701 σχέσιν
1556 632 1651 685 καὶ
1707 633 1804 685 άλ-

238 718 526 789 λη).ουχίαν
566 719 943 788 διασώζουσιν,
989 722 1103 775 ἀλλ’
1142 723 1236 775 ἀπ’
1276 723 1453 793 ἀρχῆς
1489 723 1627 787 ἰδίας
1675 740 1807 795 προ-

238 812 476 879 έρχεται.

305 898 562 974 Ἰωάννην
589 906 978 976 άνευφημήσω,
1014 907 1106 959 καὶ
1126 907 1224 977 τὴν
1247 906 1457 959 ἐκείνου
1489 905 1679 973 σοφίαν
1707 908 1810 961 πᾶ-

234 1018 334 1053 σαν
361 1000 493 1069 ὑμῖν
516 998 791 1068 γνώριμον
821 998 1168 1067 καταστήσω.
1195 998 1449 1068 Ἰωάννην
1468 998 1557 1051 τὸν
1580 999 1807 1068 μερισά-

193 1093 197 1097 “
235 1108 397 1161 μενον
429 1089 568 1160 μετά
600 1088 695 1142 τοῦ
718 1089 928 1159 Πατρδς
956 1089 1018 1141 τὸ
1045 1089 1139 1142 τοῦ
1164 1089 1501 1159 Μονογενοῦς
1522 1092 1807 1163 κήρυγμα.

235 1183 348 1236 Καὶ
367 1183 476 1252 γὰρ
503 1184 531 1235 6
561 1181 681 1252 μὲν,
708 1176 896 1245 Οὗτός
919 1181 1109 1245 ἐστιν,
1138 1182 1343 1236 ἀνωθεν
1361 1182 1659 1254 ἐμαρτύρει
1677 1185 1745 1250 ⁸⁸,
1776 1187 1809 1239 ό

241 1274 377 1339 Υἱός
396 1290 519 1341 μου
557 1277 591 1328 ὀ
628 1273 956 1341 ἀγαπητὸς,
986 1275 1015 1326 6
1034 1273 1089 1327 δὲ
1112 1273 1374 1339 κάτωθεν,
1412 1273 1522 1328 Ἴδε
1552 1277 1584 1329 ὀ
1608 1275 1807 1346 Ἇμνός

230 1366 341 1420 τοῦ
371 1365 543 1431 Θεοῦ,
575 1369 607 1419 ό
629 1366 812 1433 αἴρων
840 1364 955 1434 τὴν
973 1366 1266 1435 ἁμαρτίαν
1294 1367 1398 1421 τοῦ
1421 1368 1671 1437 κόσμου.
1700 1370 1809 1423 Καὶ

228 1460 257 1511 6
290 1458 390 1526 μὲν
424 1456 615 1528 Πατὴρ
653 1457 741 1511 διὰ
775 1457 874 1527 τῆς
911 1458 1239 1529 περιστερᾶς
1272 1458 1364 1511 τὸν
1393 1459 1678 1530 ἀγαπητὸν
1707 1461 1809 1514 ὑπ-

230 1550 530 1615 εδείκνυεν,
556 1550 584 1602 6
603 1549 661 1603 δὲ
686 1551 753 1620 τῇ
779 1548 926 1619 χειρὶ
951 1548 1041 1601 τὸν
1065 1550 1163 1619 τῆς
1186 1549 1509 1620 οἰκουμένης
1531 1551 1811 1623 λυτρωτὴν

230 1639 570 1709 ἐνεφάνιζεν.
598 1641 797 1711 Ἐχρῆν
827 1641 1009 1710 φωνῆς
1030 1640 1379 1711 γεννηθείσης
1411 1642 1502 1696 τὸν
1527 1642 1697 1712 Λόγον
1719 1644 1809 1698 λυ-

232 1736 390 1805 θῆναι
418 1735 518 1788 τοῦ
550 1736 783 1806 Πατρός.
810 1736 1028 1809 Ἐπειδὴ
1058 1736 1166 1807 γὰρ
1185 1738 1284 1791 οὐκ
1312 1738 1631 1794 ἐπίστευσεν
1654 1741 1683 1793 6
1713 1742 1810 1796 Ζα-

230 1828 431 1898 χαρίας
469 1829 553 1882 ὅτι
593 1828 776 1882 λύεται
810 1828 909 1898 τῆς
938 1830 1221 1883 Ἐλισάσετ
1248 1833 1281 1902 ή
1316 1832 1625 1901 στείρωσις,
1652 1836 1805 1906 ἐδέθη

229 1922 287 1973 τὸ
327 1921 568 1992 ὄργανον
607 1922 706 1992 τῆς
741 1921 1012 1993 γλώσσης.
1045 1922 1131 1977 ἵνα
1175 1914 1255 1994 μή
1283 1924 1519 1997 προέλθῃ
1562 1926 1717 1995 λόγος
1744 1927 1805 1994 ἐξ

230 2014 465 2067 ἀπίστου
499 2013 801 2083 στόματος·
829 2015 951 2068 ἐπεὶ
973 2014 1018 2067 δ’
1040 2014 1227 2068 ἐλύετο
1255 2017 1288 2086 ή
1320 2017 1507 2088 στείρα
1543 2019 1635 2072 καὶ
1671 2037 1805 2089 προ-

231 2107 387 2175 ῆλθεν
410 2109 448 2176 ἡ
472 2106 647 2175 φωνὴ,
671 2106 835 2179 ἐλύθη
852 2108 946 2161 καὶ
969 2107 1110 2179 ήτοῦ
1141 2109 1411 2179 Ζαχαρίου
1436 2109 1679 2178 γλῶσσα,
1710 2114 1805 2166 καὶ

235 2200 541 2270 προήρχετο
587 2202 617 2253 6
657 2199 839 2268 λόγος.
880 2201 944 2253 Ὦ
981 2200 1168 2271 φωνῆς
1196 2201 1423 2255 ἀεννάου
1457 2203 1503 2234 ⁸⁷
1537 2202 1632 2256 κα)⁵
1667 2208 1805 2273 μετὰ

241 2294 456 2347 θάνατον
486 2294 590 2366 τὴν
615 2293 940 2366 οἰκουμένην
972 2294 1365 2366 περιηχούσης.

941 2410 1104 2463 ΣοΕ’.

261 2500 539 2567 Ἡσυχίου
586 2501 997 2572 πρεσϐυτέρου
1036 2502 1461 2572 Ἰεροσολύμων
1477 2507 1565 2570 είς
1610 2505 1803 2559 Ἰάκω-

303 2572 401 2657 ϐοΐ·
433 2572 547 2624 τὸν
578 2571 848 2640 ἀδελφὸν
888 2573 994 2627 τοῦ
1033 2575 1253 2642 Kvpt'ov
1279 2616 1293 2639 ,
1321 2571 1416 2627 καὶ
1456 2575 1636 2629 Δαυῒδ
1673 2580 1802 2630 θεο-

296 2657 550 2708 πατορα.

288 2732 639 2802 ’Δνεγνώσθη
682 2732 961 2804 Ἦσυχίου,
987 2735 1358 2807 πρεσϐυτέρου
1391 2737 1798 2809 Ἰεροσολύμων,

226 2828 297 2887 εἰς
324 2824 593 2878 Ἰάκωϐον
638 2826 731 2879 τὸν
759 2826 986 2896 ἀδελφὸν
1023 2826 1116 2881 τοῦ
1149 2828 1353 2900 Κυρίου
1387 2831 1479 2883 καὶ
1518 2832 1682 2885 Δαῦὶδ
1712 2834 1803 2886 τὸν

225 2917 555 2985 θεοπάτορα.

286 3008 458 3081 [1525
481 3006 577 3079 R.]
612 3008 671 3060 Ei
692 3008 767 3077 μὴ
783 3008 1185 3063 ἐταπείνωσεν
1212 3010 1429 3064 ἑαυτὸν
1451 3012 1800 3082 γενόμενος,

219 3106 245 3156 ὁ
290 3104 493 3173 Σωτὴρ
525 3103 705 3172 ἡμῶν,
744 3101 1017 3169 ὑπήκοος
1048 3105 1227 3173 μέχρι
1271 3106 1553 3173 θανάτου,
1591 3108 1690 3160 οὐκ
1738 3108 1803 3161 ἂν

1908 635 1976 689 ab
2004 650 2064 689 se
2096 635 2325 691 invicem
2358 636 2588 692 diversae
2613 648 2722 690 non
2754 647 2903 702 sunt,
2930 636 3022 691 sed
3055 636 3279 707 proprio
3312 652 3474 690 exor-

1908 728 1999 783 dio
2032 728 2240 798 incipit.

1978 899 2242 957 Joannem
2297 904 2602 973 praedicabo
2623 944 2639 967 ,
2699 914 2753 959 et
2790 904 2936 960 illius
2968 905 3292 973 sapientiam
3324 905 3479 959 vobis

1909 993 2167 1048 omnibus
2206 1003 2387 1048 notam
2421 987 2635 1049 faciam.
2667 993 2954 1059 Joannem,
3006 997 3099 1065 qui
3145 996 3331 1051 divisit
3355 1011 3478 1050 cum

1909 1084 2069 1141 Patre
2121 1085 2564 1156 praedicationem
2605 1087 2904 1159 Unigeniti.
2944 1087 3155 1143 Etenim
3207 1088 3335 1143 ille:
3376 1087 3480 1141 llic

1908 1188 1987 1233 est
2017 1177 2190 1233 Filius
2217 1195 2361 1233 meus
2389 1179 2607 1233 dilectus
2646 1191 2706 1245 ω,
2741 1181 2977 1250 desuper
3006 1196 3035 1234 e
3072 1180 3214 1235 coelo
3246 1189 3480 1235 testatus

1906 1280 2015 1335 est,
2049 1272 2137 1326 hic
2175 1286 2305 1327 vero
2332 1272 2471 1326 infra
2501 1272 2553 1326 in
2597 1282 2737 1327 terra
2770 1291 2785 1328 :
2820 1272 2959 1327 Ecce
3006 1275 3183 1345 Agnus
3219 1272 3337 1339 Dei,
3388 1274 3481 1343 qui

1912 1365 2051 1417 tollit
2081 1374 2298 1432 peccata
2325 1365 2510 1420 mundi
2536 1376 2560 1403 η
2600 1382 2613 1418 ;
2649 1374 2702 1420 et
2728 1364 2890 1420 Pater
2920 1381 3018 1436 per
3057 1365 3371 1421 columbam
3399 1364 3483 1419 di-

1911 1456 2121 1529 lectum
2142 1472 2302 1512 suum
2329 1456 2599 1524 ostendit,
2655 1456 2744 1512 ille
2775 1457 2947 1529 digito
2997 1458 3238 1513 ostendit
3290 1454 3480 1512 mundi

1911 1526 2348 1618 Redeni‘ptorem.
2382 1547 2633 1619 Oportuit
2655 1564 2788 1605 voce
2814 1526 2995 1621 genita
3031 1551 3255 1604 verbum
3302 1548 3481 1602 Patris

1910 1641 2046 1696 solvi
2074 1650 2120 1695 ο.
2156 1643 2291 1697 Dum
2320 1643 2465 1697 enim
2500 1641 2796 1699 Zacharias
2832 1659 2939 1698 non
2980 1644 3261 1707 crederet,
3305 1640 3482 1696 Elisa-

1912 1732 2088 1788 bethte
2116 1735 2453 1790 sterilitatem
2490 1734 2557 1788 iri
2580 1734 2840 1802 solutum,
2861 1746 3048 1790 mutus
3077 1734 3251 1789 factus
3279 1743 3383 1798 est,
3415 1748 3483 1787 ne

1912 1826 2248 1882 incredulum
2273 1844 2334 1882 os
2364 1828 2677 1898 loqueretur
2704 1810 3033 1898 :po'stquam
3060 1826 3235 1882 soluta
3268 1833 3350 1880 est
3373 1835 3481 1880 ste-

1908 1918 2106 1985 rilitas,
2142 1926 2197 1973 et
2236 1935 2341 1973 vox
2377 1918 2578 1988 prodiit
2608 1958 2623 1982 ,
2658 1919 2837 1974 soluta
2877 1926 2963 1973 est
2992 1917 3157 1971 etiam
3203 1915 3481 1970 Zacharia:

1906 2008 2113 2084 lingua,
2148 2021 2203 2067 et
2258 2014 2476 2068 locutus
2511 2019 2614 2069 est.
2647 2010 2691 2067 Ο
2723 2027 2911 2067 vocem
2946 2022 3229 2077 teternam,
3267 2016 3321 2066 ct
3352 2014 3478 2081 post

1906 2116 2137 2161 mortem
2162 2105 2323 2161 etiam
2355 2106 2541 2161 orbem
2572 2115 2845 2161 terrarum
2886 2106 3187 2175 replentem
3223 2104 3236 2157 !

2573 2414 2873 2469 CCLXXV.

1892 2502 2201 2576 'Ilcsychius
2256 2505 2769 2575 Ilierosolymitanus
2820 2504 3107 2576 presbyter.
3155 2530 3226 2576 f_—_-
3257 2499 3339 2576 ΔΙιι
3382 2500 3480 2553 Ja-

1976 2571 2162 2631 cobum
2197 2578 2417 2647 fratrem
2448 2571 2659 2630 Domini
2685 2616 2697 2640 ,
2750 2571 3098 2629 et'Davidcm
3144 2571 3339 2628 Christi
3391 2586 3478 2638 pa-

1977 2659 2105 2701 trem
2116 2688 2131 2702 ο

1976 2740 2102 2807 Legi
2138 2739 2469 2811 llesychium
2516 2738 2895 2807 presbyterum
2948 2732 3477 2802 Hierosolymorum,

1906 2828 1959 2882 in
1988 2827 2251 2883 Jacobum
2282 2826 2509 2881 fratrem
2540 2826 2775 2890 Domini,
2811 2832 2866 2881 et
2902 2824 2956 2879 in
2981 2823 3239 2878 Davidem
3270 2820 3479 2879 Christi

1904 2923 2113 2979 dictum
2146 2932 2380 2993 patrem.

1976 3013 2088 3068 Nisi
2117 3012 2366 3068 Salvator
2394 3012 2722 3067 humiliasset
2756 3013 3091 3082 semetipsum
3118 3051 3133 3075 ,
3185 3011 3357 3081 factus
3389 3027 3482 3080 pro

1906 3106 2052 3158 nobis
2070 3104 2311 3159 obediens
2339 3120 2500 3174 usque
2534 3103 2604 3156 ad
2636 3114 2853 3157 mortem
2869 3114 2918 3170 P,
2944 3119 3051 3157 non
3076 3100 3359 3157 domestici
3388 3118 3453 3155 co
3477 3132 3486 3141 -

216 3194 432 3246 οἰκέται
469 3194 752 3259 συγγενεῖς
790 3191 1177 3262 ἐχρημάτιζον,
1208 3196 1308 3248 οὐκ
1338 3194 1403 3247 ἂν
1433 3199 1460 3249 ὁ
1490 3196 1661 3266 πηλὸς
1693 3215 1801 3249 πα·

1910 3197 2055 3268 gnati
2097 3197 2427 3263 dicerentur,
2466 3197 2768 3250 nonlutum
2822 3205 2976 3266 pater
3004 3195 3154 3265 figuli
3184 3194 3481 3249 diceretur.

214 3285 311 3354 τὴρ
340 3283 451 3337 τοῦ
483 3284 772 3353 κεραμέως
795 3285 1030 3352 ἐλέγετο.
1060 3286 1149 3339 Ἐν
1174 3290 1239 3356 τῇ
1264 3288 1401 3340 Σιὼν
1428 3289 1527 3358 τὴν
1557 3290 1804 3359 Βηθλεέμ

213 3378 283 3439 ὡς
314 3376 615 3445 παροῦσαν
645 3377 982 3447 ἀσπάζομαι,
1016 3380 1073 3431 ἐν
1099 3382 1165 3449 τῆ
1196 3380 1427 3450 θυγατρὶ
1459 3380 1557 3452 τὴν
1594 3384 1807 3452 μητέρα

215 3472 428 3539 βλέπω.
462 3470 555 3523 Ἐν
585 3471 666 3523 σοὶ
691 3471 949 3541 δᾳδοῦχος
971 3471 1146 3541 ἀστὴρ
1174 3466 1253 3534 εἷς
1282 3473 1521 3542 ἀνήφθη,
1548 3475 1607 3525 ὲν
1637 3474 1805 3545 ταύτῃ

210 3566 264 3617 δὲ
321 3564 548 3618 πολλοί.
580 3564 818 3626 Ἐκεῖνος
866 3563 991 3626 τοὺς
1044 3564 1253 3634 μάγους
1309 3562 1612 3634 ὡδήγησεν,
1664 3565 1805 3637 αὕτη

216 3658 479 3728 Πάρθους
542 3658 637 3710 καὶ
676 3657 893 3727 Μήδους
943 3656 1037 3708 καὶ
1095 3655 1389 3726 Ἐλαμίτας
1440 3658 1534 3710 καὶ
1580 3659 1706 3721 τοὺς
1750 3660 1810 3723 ἐξ

212 3750 388 3803 ἐθνῶν
428 3750 655 3803 πάντων
690 3749 767 3818 τῷ
810 3749 950 3817 φωτὶ
993 3750 1089 3819 τῆς
1122 3749 1414 3818 ἀστραπῆς
1459 3750 1805 3821 ὲδᾳδούχησε.

212 3844 284 3897 Σὺ
310 3842 468 3910 γάλα
486 3841 667 3905 ἕλκεις
690 3843 754 3894 ἐκ
781 3840 1011 3910 μασθῶν
1036 3841 1401 3911 παρθενικῶν,
1423 3842 1561 3913 α’ύτη
1592 3844 1809 3915 πνεῦμα

212 3935 275 3987 ἐκ
305 3934 541 3987 κόλπων
568 3935 795 4001 κατάγει
821 3932 1127 4003 πατρικῶν.
1168 3934 1239 3987 Σὺ
1280 3935 1371 3986 τὸν
1399 3934 1562 4005 ἄρτον
1591 3936 1808 4005 ὲζύμω·

214 4043 333 4090 σας,
370 4024 496 4078 ἀλλ’
529 4026 563 4093 ἠ
594 4024 732 4076 Σιὼν
777 4024 988 4076 δεῖπνον
1040 4022 1279 4087 ἀνέδειξε
1304 4041 1316 4054 ·
1364 4026 1428 4077 σὺ
1480 4026 1574 4077 τὸν
1609 4028 1810 4096 μόσχον

165 4158 177 4174 .
213 4118 303 4169 ἐπὶ
332 4117 447 4185 τῆς
479 4117 688 4185 φάτνης
716 4116 970 4185 ἔθρεψας,
1003 4114 1117 4167 ἀλλ’
1144 4117 1175 4186 ἡ
1211 4114 1349 4168 Σιὼν
1392 4118 1472 4179 εἰς
1504 4117 1595 4170 τὸν
1628 4116 1810 4187 βωμὸν

214 4210 472 4279 ἀνήγαγε
495 4224 510 4239 ο
540 4210 605 4261 σὺ
631 4208 722 4261 τὸν
742 4206 947 4275 Ἰησοῦν
971 4209 1028 4260 ἐν
1051 4210 1164 4269 τοῖς
1188 4207 1522 4276 σπαργάνοις
1543 4207 1806 4278 ἔκρυψας,

214 4300 355 4370 αὕτη
383 4299 447 4352 δὲ
475 4298 556 4368 τῷ
579 4300 750 4369 Θωμᾷ
772 4298 871 4368 τὴν
892 4299 1132 4369 πλευράν
1152 4298 1199 4330 ⁸⁸
1223 4298 1536 4368 βουληθέντι
1564 4300 1812 4371 ψηλαφήσ-

216 4408 306 4443 σαι
338 4390 640 4460 ἐγύμνωσε
664 4406 677 4418 ·
714 4391 779 4444 σὺ
803 4390 1071 4460 παρθένον
1107 4390 1253 4461 ἔχεις
1277 4391 1569 4445 τίκτουσαν
1602 4394 1809 4447 κεκλει-

215 4484 441 4549 σμένων
469 4481 579 4535 τῶν
605 4482 851 4551 ὀργάνων
880 4484 976 4552 τῆς
1004 4483 1238 4552 φύσεως,
1264 4482 1405 4553 α’ύτη
1434 4486 1684 4540 παστάδα
1711 4504 1805 4539 κε-

1910 3288 1966 3344 Ιιι
2005 3288 2135 3343 Siou
2162 3289 2435 3344 Bethleem
2469 3297 2527 3343 ut
2560 3304 2798 3358 praesens
2832 3297 2884 3342 te
2921 3290 3121 3353 saluto,
3148 3287 3202 3340 in
3232 3286 3338 3339 lilia
3380 3299 3489 3339 ma-

1910 3394 2047 3437 trem
2078 3384 2253 3437 video.
2296 3382 2350 3435 ln
2388 3392 2437 3436 te
2478 3382 2721 3436 taedifera
2752 3382 2907 3436 stella
2932 3396 3038 3435 una
3067 3380 3265 3443 eluxit,
3300 3379 3353 3431 in
3385 3378 3487 3433 hac

1911 3476 2114 3529 multae.
2163 3473 2253 3528 Illa
2300 3490 2490 3545 magos
2516 3474 2711 3539 duxit;
2765 3475 2882 3529 haec
2911 3473 3165 3537 Parthos,
3196 3483 3248 3526 ct
3280 3471 3484 3534 Medos,

1910 3578 1963 3622 et
1989 3565 2271 3627 Elamitas,
2303 3573 2357 3619 ct
2384 3580 2575 3619 omnes
2606 3574 2795 3634 gentes
2829 3564 3053 3619 luminis
3094 3563 3309 3634 fulgore
3356 3562 3487 3617 ilIu--

1911 3660 2122 3715 stravit.
2156 3658 2237 3711 Tu
2256 3659 2336 3711 lac
2370 3657 2539 3711 trabis
2562 3672 2627 3711 ex
2647 3657 2910 3711 uberibus
2925 3656 3207 3726 virgineis,
3232 3656 3346 3710 hazc
3367 3654 3489 3723 Spi-

1911 3754 2075 3807 ritum
2103 3767 2168 3806 ex
2192 3753 2313 3806 sinu
2340 3751 2508 3805 trahit
2528 3758 2776 3820 paterno.
2797 3749 2876 3804 Tu
2900 3766 3095 3819 panem
3120 3748 3488 3811 fermentasti,

1912 3844 2007 3900 sed
2045 3842 2175 3897 Sion
2207 3857 2421 3897 C(Bllam
2451 3842 2723 3897 ostendit.
2747 3842 2830 3897 Tu
2854 3842 3090 3896 vitulum
3116 3842 3168 3895 in
3190 3840 3466 3911 praisepio

1912 3933 2323 3997 nutrivisti,sed
2352 3932 2480 3988 Sion
2511 3934 2577 3988 ad
2604 3949 2754 3988 aram
2783 3935 2960 3988 duxit.
2986 3932 3066 3986 Tu
3091 3930 3277 3987 Jesum
3301 3929 3491 3985 fasciis

1913 4025 2212 4092 involvisti,
2261 4026 2376 4081 hate
2420 4026 2561 4081 latus
2591 4024 2818 4080 Thoma:
2850 4025 3045 4096 51ιὸ
3080 4034 3371 4079 attrectare
3401 4038 3490 4076 vu-

1914 4118 2042 4172 lenti
2066 4118 2307 4173 nudavit.
2342 4118 2425 4173 Tu
2450 4120 2716 4189 virginem
2742 4119 2909 4172 babes
2932 4117 3259 4187 parientem,
3285 4115 3491 4170 clausis

1914 4222 2125 4265 natura:
2157 4212 2379 4281 organis
2410 4229 2425 4266 :
2452 4212 2571 4266 btec
2586 4210 2890 4264 thalamum
2928 4209 3128 4264 clausis
3158 4209 3316 4264 ostiis
3344 4208 3491 4261 intus

1915 4318 2179 4372 sponsum
2216 4312 2271 4359 et
2312 4303 2670 4373 accipientem
2722 4310 2777 4356 et
2834 4301 3149 4356 habentem.
3200 4300 3490 4366 Quomodo

1914 4395 2224 4465 praedicabo
2256 4412 2478 4452 servum
2511 4395 2734 4459 Christi,
2763 4402 2818 4449 et
2854 4392 3101 4458 fratrem,
3135 4408 3288 4448 novae
3331 4389 3491 4447 Jeru-

1917 4488 2085 4545 salem
2115 4502 2394 4543 summum
2409 4487 2624 4549 ducem,
2640 4486 2985 4540 sacerdotum
3006 4484 3332 4554 principem,
3350 4499 3488 4554 apo-

215 4574 564 4643 κλεισμένων
594 4573 700 4626 τῶν
726 4574 905 4645 θυρῶν
940 4574 1087 4629 ἔνδον
1115 4575 1206 4629 τὸν
1245 4577 1478 4648 νυμφίον
1505 4578 1805 4650 δεχομένην

1915 4581 2181 4637 stolorurn
2203 4587 2387 4648 caput,
2405 4577 2458 4631 in
2475 4577 2747 4646 capitibus
2762 4576 3042 4641 verticem,
3061 4577 3116 4631 in
3146 4576 3493 4645 lampadibus

211 4666 308 4717 aut
360 4664 623 4735 ἔχουσαν.
672 4665 796 4729 Πῶς
842 4666 1177 4736 ἐγκωμιάσω
1227 4669 1319 4721 τὸν
1358 4667 1451 4721 τοῦ
1476 4670 1524 4702 ⁸³
1567 4670 1805 4740 Χριστοῦ

1910 4671 2470 4743 supersplendentem,
2496 4679 2551 4723 et
2582 4670 2724 4722 inter
2750 4676 2899 4723 astra
2921 4668 3159 4722 maxime
3190 4668 3485 4722 illustrem.

209 4754 402 4809 δοῦλον
431 4757 529 4808 καὶ
564 4756 812 4826 ἀδελφὸν,
840 4758 930 4811 τὸν
959 4758 1059 4828 τῆς
1092 4760 1217 4823 νέας
1258 4760 1613 4833 Ἰερουσαλὴμ
1647 4766 1805 4834 ἀρχι-

1910 4762 2097 4818 Petrus
2140 4759 2418 4830 praedicat,
2473 4756 2712 4812 Jacobus
2746 4756 3006 4819 decernit,
3046 4764 3100 4810 et
3122 4771 3307 4826 paucae
3330 4770 3492 4810 voces

210 4850 551 4917 στράτηγον,
573 4848 665 4900 τὸν
694 4849 802 4901 τῶν
838 4850 1029 4921 ἱερέων
1060 4850 1326 4921 ἡγεμόνα,
1360 4852 1468 4905 τῶν
1489 4854 1805 4909 ἀποστόλων

1910 4850 2337 4923 magnitudinem
2356 4848 2678 4920 quaestionis
2692 4846 3241 4918 comprehenderunt.
3266 4844 3380 4916 Ego
3389 4845 3486 4914 ju~

208 4944 302 4995 τὸν
332 4942 592 5013 ἔξαρχον,
621 4942 709 4995 τὸν
743 4944 800 4995 ἐν
823 4944 1087 5013 κεφαλαῖς
1118 4944 1383 5015 κορυφὴν,
1403 4944 1491 4997 τὸν
1514 4947 1571 4999 ἐν
1592 4944 1805 5015 λύχνοις

1910 4946 2020 5000 dico
2046 4961 2149 4998 non
2182 4942 2470 5013 inquietari
2512 4958 2599 4996 eos
2629 4941 2718 5010 qui
2745 4956 2809 4994 ea:
2841 4937 3081 5009 gentibus
3112 4946 3490 4991 convertuntur

210 5034 675 5105 ὑπερλάμποντα,
723 5034 815 5087 τὸν
859 5036 918 5087 ἐν
955 5035 1177 5105 ἄστροις
1219 5035 1654 5106 ὑπερφαίνοντας
1699 5037 1801 5090 Πέ-

209 5139 338 5191 τρος
370 5123 702 5192 δημηγορεῖ,
728 5123 844 5177 ἀλλ’
871 5122 1126 5188 Ἰάκωϐος
1164 5125 1464 5195 νομοθετεῖ,
1499 5127 1590 5179 καὶ
1621 5127 1800 5195 ὀλίγαι

210 5212 390 5279 λέξεις
420 5212 484 5266 τὸ
510 5212 608 5265 τοῦ
635 5212 946 5285 ζητήματος
970 5215 1317 5269 συνέστειλαν
1347 5216 1598 5286 μέγεθος.
1654 5218 1803 5288 Ἐγὼ

213 5308 402 5370 κρίνω
446 5306 536 5375 μὴ
575 5306 974 5377 παρενοχλεῖν
1016 5306 1139 5373 τοῖς
1173 5307 1292 5361 ἀπὸ
1318 5307 1436 5361 τῶν
1462 5308 1671 5374 ἐθνῶν,
1709 5312 1805 5364 καὶ

213 5398 371 5465 ἑξῆς.
427 5397 572 5465 Ἐγὼ
618 5398 808 5465 κρίνω,
840 5393 900 5453 οὗ
944 5399 1045 5469 τὴν
1082 5398 1263 5469 κρίσιν
1306 5398 1517 5453 ἀθετεῖν
1557 5401 1618 5453 οὐ
1648 5401 1805 5473 θέμις

212 5488 338 5541 οὐδὲ
356 5488 408 5522 ’⁸
432 5489 716 5558 φαυλίζειν
740 5490 802 5544 τὸ
822 5489 1083 5561 ψήφισμα
1106 5506 1120 5519 ·
1156 5492 1215 5544 ἐν
1243 5490 1369 5562 ἐμοὶ⁹
1392 5491 1502 5563 γάρ
1531 5493 1560 5546 6
1585 5492 1804 5549 πάντων

1910 5038 1978 5090 ad
1997 5037 2159 5090 Deum
2174 5046 2223 5101 (ι,
2238 5046 2346 5089 etc.
2368 5035 2481 5105 Ego
2500 5033 2687 5104 judico
2703 5048 2850 5097 eum,
2867 5028 3306 5100 cujusjudicium
3324 5027 3489 5082 abro-

1912 5144 2038 5198 gare
2068 5145 2175 5182 non
2202 5129 2347 5189 licet,
2366 5141 2540 5198 neque
2562 5126 2860 5193 depravare
2877 5124 3114 5178 decreta.
3143 5120 3199 5172 lu
3225 5134 3312 5172 me
3335 5118 3483 5172 enim

1911 5222 2155 5277 omnium
2176 5221 2340 5291 judex
2358 5221 2606 5274 vivorum
2637 5226 2692 5272 et
2713 5226 3051 5271 mortuorum
3084 5212 3326 5282 loquitur
3353 5226 3477 5264 meo

1910 5325 2139 5381 organo,
2172 5311 2267 5365 sed
2297 5308 2495 5364 artifex
2521 5323 2685 5377 supra
2701 5314 2806 5362 est.
2831 5304 2942 5376 Ego
2972 5304 3211 5373 linguam
3242 5302 3483 5372 przebeo,

1918 5406 2013 5459 sed
2063 5404 2213 5458 vocis
2263 5401 2446 5473 opifex
2482 5416 2671 5455 vocem
2738 5397 3065 5468 suppeditat.
3106 5396 3341 5449 Attende
3375 5410 3483 5448 non

1911 5496 2143 5562 calamo,
2173 5497 2272 5552 sed
2301 5494 2598 5551 scribenti:
2627 5492 2839 5547 auditui
2862 5489 3173 5547 obcdientia
3201 5487 3486 5552 succedat.

269 5613 313 5642 ιι
347 5600 538 5657 Matth.
573 5620 656 5669 in,
686 5605 773 5658 l7.
850 5613 878 5642 ιι
906 5604 1065 5660 Joan.
1109 5622 1148 5669 ι,
1182 5606 1274 5662 ‘29.
1325 5614 1350 5641 ο
1391 5606 1524 5663 Luc.
1572 5623 1610 5673 ι,
1645 5608 1737 5663 20.

1912 5611 2101 5693 hilipp.
2132 5628 2191 5675 ll,
2236 5612 2366 5677 7,8.
2423 5622 2451 5661 σι
2500 5611 2621 5665 Act.
2674 5607 2845 5671 “,4.

1544 5703 1783 5760 VARUS
1821 5706 2225 5765 LECTIONES.

288 5791 580 5864 ⁸⁸ῌσυνέχει
608 5794 672 5850 Α.

338 5797 580 5875 μσυνέχει
608 5797 672 5850 Α.
777 5797 821 5829 ¹¹⁶
856 5797 1153 5871 ἐμαρτύρει
1204 5799 1409 5856 ἄνωθεν
1446 5816 1505 5864 ς.

219 5864 266 5896 ’⁸
303 5864 433 5915 οὔτε
452 5878 510 5927 ς.

1610 5798 1655 5835 ⁸⁷
1709 5802 1904 5858 ἀενάου
1938 5822 1996 5867 ς.

2096 5806 2143 5837 ⁸⁸
2181 5802 2278 5875 τὴν
2308 5802 2545 5870 πλ;υρὰν
2582 5798 2657 5869 τῷ
2712 5790 2883 5869 Θωμᾷ
2912 5817 2970 5862 τ.
3078 5799 3121 5831 ⁸ο
3150 5795 3242 5849 τοῦ
3267 5807 3375 5848 om.
3416 5789 3483 5845 A.
