  <div class='ocr_page' id='page_1' title='image "/cluster/home/n/w/nwhite01/storage/ocr_20150623/104/hvd.32044018872853/129.png"; bbox 0 0 4020 6476; ppageno 0'>
   <div class='ocr_carea' id='block_1_1' title="bbox 522 426 3754 499">
    <p class='ocr_par' dir='ltr' id='par_1_1' title="bbox 522 426 3754 499">
     <span class='ocr_line' id='line_1_1' title="bbox 522 426 3754 499; baseline 0.004 -19"><span class='ocrx_word' id='word_1_1' title='bbox 522 431 627 499; x_wconf 58' lang='grc'>943</span> <span class='ocrx_word' id='word_1_2' title='bbox 1672 430 1935 490; x_wconf 88' lang='grc' dir='ltr'><strong>ΡΗΟΤΙΙ</strong></span> <span class='ocrx_word' id='word_1_3' title='bbox 1972 426 2473 490; x_wconf 71' lang='grc' dir='ltr'><strong>ΡΑΤΒΙΑΗΟΗᾹΞ</strong></span> <span class='ocrx_word' id='word_1_4' title='bbox 2501 428 2608 486; x_wconf 85' lang='lat' dir='ltr'><strong>CP.</strong></span> <span class='ocrx_word' id='word_1_5' title='bbox 3658 431 3754 493; x_wconf 65' lang='grc'><strong>244</strong></span> 
     </span>
    </p>
   </div>
   <div class='ocr_carea' id='block_1_2' title="bbox 526 538 3756 613">
    <p class='ocr_par' dir='ltr' id='par_1_2' title="bbox 526 538 3756 613">
     <span class='ocr_line' id='line_1_2' title="bbox 526 538 3756 613; baseline 0.002 -22"><span class='ocrx_word' id='word_1_6' title='bbox 526 538 717 610; x_wconf 85' lang='grc' dir='ltr'>κριτὴς</span> <span class='ocrx_word' id='word_1_7' title='bbox 753 538 848 593; x_wconf 72' lang='grc' dir='ltr'>καὶ</span> <span class='ocrx_word' id='word_1_8' title='bbox 883 538 1093 610; x_wconf 82' lang='grc' dir='ltr'>νεκρῶν</span> <span class='ocrx_word' id='word_1_9' title='bbox 1118 540 1212 594; x_wconf 71' lang='grc' dir='ltr'><strong>καὶ</strong></span> <span class='ocrx_word' id='word_1_10' title='bbox 1236 539 1454 605; x_wconf 76' lang='grc' dir='ltr'>ζώντων</span> <span class='ocrx_word' id='word_1_11' title='bbox 1520 540 1836 611; x_wconf 82' lang='grc' dir='ltr'><strong>φθέγγεται.</strong></span> <span class='ocrx_word' id='word_1_12' title='bbox 1901 539 2065 611; x_wconf 80' lang='grc' dir='ltr'>Ἐμὸν</span> <span class='ocrx_word' id='word_1_13' title='bbox 2097 539 2159 593; x_wconf 82' lang='grc' dir='ltr'><strong>τὸ</strong></span> <span class='ocrx_word' id='word_1_14' title='bbox 2195 540 2444 609; x_wconf 76' lang='grc' dir='ltr'>ὄργανον,</span> <span class='ocrx_word' id='word_1_15' title='bbox 2467 539 2581 592; x_wconf 76' lang='grc' dir='ltr'>ἀλλ’</span> <span class='ocrx_word' id='word_1_16' title='bbox 2609 542 2636 593; x_wconf 99' lang='lat'><strong>6</strong></span> <span class='ocrx_word' id='word_1_17' title='bbox 2658 541 2903 611; x_wconf 78' lang='grc' dir='ltr'><strong>τεχνίτης</strong></span> <span class='ocrx_word' id='word_1_18' title='bbox 2924 541 3061 609; x_wconf 79' lang='grc' dir='ltr'>ὑπὲρ</span> <span class='ocrx_word' id='word_1_19' title='bbox 3087 542 3207 611; x_wconf 82' lang='grc' dir='ltr'><strong>ὲμέ.</strong></span> <span class='ocrx_word' id='word_1_20' title='bbox 3231 541 3371 610; x_wconf 83' lang='grc' dir='ltr'><strong>Ἐγὼ</strong></span> <span class='ocrx_word' id='word_1_21' title='bbox 3393 542 3493 613; x_wconf 84' lang='grc' dir='ltr'><strong>τὴν</strong></span> <span class='ocrx_word' id='word_1_22' title='bbox 3515 543 3756 611; x_wconf 83' lang='grc' dir='ltr'>γλῶσσαν</span> 
     </span>
    </p>
   </div>
   <div class='ocr_carea' id='block_1_3' title="bbox 526 626 3757 707">
    <p class='ocr_par' dir='ltr' id='par_1_3' title="bbox 526 626 3757 707">
     <span class='ocr_line' id='line_1_3' title="bbox 526 626 3757 707; baseline 0.002 -21"><span class='ocrx_word' id='word_1_23' title='bbox 526 626 654 703; x_wconf 74' lang='grc'><strong>[854</strong></span> <span class='ocrx_word' id='word_1_24' title='bbox 677 631 771 705; x_wconf 86' lang='grc' dir='ltr'><strong>Η.]</strong></span> <span class='ocrx_word' id='word_1_25' title='bbox 796 633 1040 703; x_wconf 82' lang='grc' dir='ltr'><strong>παρέχω,</strong></span> <span class='ocrx_word' id='word_1_26' title='bbox 1077 634 1191 688; x_wconf 82' lang='grc' dir='ltr'>ἀλλ’</span> <span class='ocrx_word' id='word_1_27' title='bbox 1223 638 1250 689; x_wconf 91' lang='lat'><strong>6</strong></span> <span class='ocrx_word' id='word_1_28' title='bbox 1280 636 1605 707; x_wconf 80' lang='grc' dir='ltr'>δημιουργὸς</span> <span class='ocrx_word' id='word_1_29' title='bbox 1627 637 1800 704; x_wconf 84' lang='grc' dir='ltr'>Λόγος</span> <span class='ocrx_word' id='word_1_30' title='bbox 1858 650 1950 690; x_wconf 87' lang='grc' dir='ltr'><strong>τον</strong></span> <span class='ocrx_word' id='word_1_31' title='bbox 2007 635 2164 703; x_wconf 82' lang='grc' dir='ltr'>λόγον</span> <span class='ocrx_word' id='word_1_32' title='bbox 2202 638 2445 705; x_wconf 86' lang='grc' dir='ltr'>χορηγεῖ.</span> <span class='ocrx_word' id='word_1_33' title='bbox 2482 635 2572 705; x_wconf 83' lang='grc' dir='ltr'><strong>Μὴ</strong></span> <span class='ocrx_word' id='word_1_34' title='bbox 2605 634 2681 706; x_wconf 83' lang='grc' dir='ltr'>τῷ</span> <span class='ocrx_word' id='word_1_35' title='bbox 2721 634 2972 705; x_wconf 84' lang='grc' dir='ltr'>καλάμῳ,</span> <span class='ocrx_word' id='word_1_36' title='bbox 3001 634 3077 705; x_wconf 83' lang='grc' dir='ltr'>τῷ</span> <span class='ocrx_word' id='word_1_37' title='bbox 3105 634 3163 688; x_wconf 78' lang='grc' dir='ltr'>δὲ</span> <span class='ocrx_word' id='word_1_38' title='bbox 3202 635 3464 704; x_wconf 77' lang='grc' dir='ltr'><strong>γράφοντι</strong></span> <span class='ocrx_word' id='word_1_39' title='bbox 3507 636 3757 707; x_wconf 83' lang='grc' dir='ltr'>πρόσεχε.</span> 
     </span>
    </p>
   </div>
   <div class='ocr_carea' id='block_1_4' title="bbox 529 721 1530 798">
    <p class='ocr_par' dir='ltr' id='par_1_4' title="bbox 529 721 1530 798">
     <span class='ocr_line' id='line_1_4' title="bbox 529 721 1530 798; baseline 0.004 -22"><span class='ocrx_word' id='word_1_40' title='bbox 529 721 641 793; x_wconf 81' lang='grc' dir='ltr'>Τὴν</span> <span class='ocrx_word' id='word_1_41' title='bbox 662 724 833 794; x_wconf 83' lang='grc' dir='ltr'>ἀκοὴν</span> <span class='ocrx_word' id='word_1_42' title='bbox 860 725 1074 797; x_wconf 79' lang='grc' dir='ltr'>ὑπακοὴ</span> <span class='ocrx_word' id='word_1_43' title='bbox 1104 727 1149 759; x_wconf 82' lang='grc'><strong>⁹¹</strong></span> <span class='ocrx_word' id='word_1_44' title='bbox 1184 727 1530 798; x_wconf 82' lang='grc' dir='ltr'>διαδεχέσθω.</span> 
     </span>
    </p>
   </div>
   <div class='ocr_carea' id='block_1_5' title="bbox 566 839 2137 918">
    <p class='ocr_par' dir='ltr' id='par_1_5' title="bbox 566 841 2137 918">
     <span class='ocr_line' id='line_1_5' title="bbox 566 841 2137 918; baseline 0.008 -23"><span class='ocrx_word' id='word_1_45' title='bbox 566 841 794 898; x_wconf 82' lang='lat' dir='ltr'><strong>Modesti</strong></span> <span class='ocrx_word' id='word_1_46' title='bbox 824 847 1204 917; x_wconf 74' lang='lat' dir='ltr'><strong>archiepiscopi</strong></span> <span class='ocrx_word' id='word_1_47' title='bbox 1235 847 1726 918; x_wconf 82' lang='lat' dir='ltr'><strong>Hierosolymitani.</strong></span> <span class='ocrx_word' id='word_1_48' title='bbox 1758 881 1828 893; x_wconf 85' lang='lat'><strong>-—</strong></span> <span class='ocrx_word' id='word_1_49' title='bbox 1867 848 1935 903; x_wconf 82' lang='lat' dir='ltr'><strong>In</strong></span> <span class='ocrx_word' id='word_1_50' title='bbox 1965 866 2064 903; x_wconf 86' lang='lat' dir='ltr'><strong>un-</strong></span> <span class='ocrx_word' id='word_1_51' title='bbox 2123 882 2137 908; x_wconf 59' lang='grc' dir='ltr'><em>λ</em></span> 
     </span>
    </p>
   </div>
   <div class='ocr_carea' id='block_1_6' title="bbox 2237 839 3763 918">
    <p class='ocr_par' dir='ltr' id='par_1_6' title="bbox 2237 839 3763 918">
     <span class='ocr_line' id='line_1_6' title="bbox 2237 839 3763 918; baseline -0.005 -18"><span class='ocrx_word' id='word_1_52' title='bbox 2237 843 2509 901; x_wconf 80' lang='grc' dir='ltr'>ιοδέστου</span> <span class='ocrx_word' id='word_1_53' title='bbox 2530 843 2574 874; x_wconf 77' lang='grc'><strong>⁸⁸</strong></span> <span class='ocrx_word' id='word_1_54' title='bbox 2594 840 3071 918; x_wconf 73' lang='grc' dir='ltr'>ἀρχιεπισκόπρυ</span> <span class='ocrx_word' id='word_1_55' title='bbox 3105 839 3540 907; x_wconf 77' lang='grc' dir='ltr'>Ἰεροσολύμων</span> <span class='ocrx_word' id='word_1_56' title='bbox 3562 841 3648 905; x_wconf 84' lang='grc' dir='ltr'><strong>είς</strong></span> <span class='ocrx_word' id='word_1_57' title='bbox 3665 841 3763 905; x_wconf 83' lang='grc' dir='ltr'>τὰς</span> 
     </span>
    </p>
   </div>
   <div class='ocr_carea' id='block_1_7' title="bbox 952 910 2137 987">
    <p class='ocr_par' dir='ltr' id='par_1_7' title="bbox 952 910 1680 987">
     <span class='ocr_line' id='line_1_7' title="bbox 952 910 1680 987; baseline 0.007 -18"><span class='ocrx_word' id='word_1_58' title='bbox 952 910 1159 986; x_wconf 62' lang='grc' dir='ltr'><strong>ῃιὶεηιιί</strong></span> <span class='ocrx_word' id='word_1_59' title='bbox 1172 918 1391 987; x_wconf 78' lang='lat' dir='ltr'><strong>ferentes</strong></span> <span class='ocrx_word' id='word_1_60' title='bbox 1415 910 1680 974; x_wconf 57' lang='lat' dir='ltr'><strong>mtilieres.</strong></span> 
     </span>
    </p>
   </div>
   <div class='ocr_carea' id='block_1_8' title="bbox 2237 910 3178 987">
    <p class='ocr_par' dir='ltr' id='par_1_8' title="bbox 2775 910 3178 979">
     <span class='ocr_line' id='line_1_8' title="bbox 2775 910 3178 979; baseline 0 -16"><span class='ocrx_word' id='word_1_61' title='bbox 2775 910 3178 979; x_wconf 73' lang='grc' dir='ltr'>μυροςρόρους.</span> 
     </span>
    </p>
   </div>
   <div class='ocr_carea' id='block_1_9' title="bbox 604 999 2137 1080">
    <p class='ocr_par' dir='ltr' id='par_1_9' title="bbox 604 1005 2102 1080">
     <span class='ocr_line' id='line_1_9' title="bbox 604 1005 2102 1080; baseline 0.004 -21"><span class='ocrx_word' id='word_1_62' title='bbox 604 1005 911 1077; x_wconf 76' lang='lat' dir='ltr'><strong>Septimum</strong></span> <span class='ocrx_word' id='word_1_63' title='bbox 944 1024 1256 1074; x_wconf 85' lang='lat' dir='ltr'><strong>numerum,</strong></span> <span class='ocrx_word' id='word_1_64' title='bbox 1292 1020 1347 1065; x_wconf 87' lang='lat' dir='ltr'><strong>et</strong></span> <span class='ocrx_word' id='word_1_65' title='bbox 1374 1011 1440 1065; x_wconf 90' lang='lat' dir='ltr'><strong>de</strong></span> <span class='ocrx_word' id='word_1_66' title='bbox 1470 1011 1665 1066; x_wconf 82' lang='lat' dir='ltr'><strong>virtute</strong></span> <span class='ocrx_word' id='word_1_67' title='bbox 1692 1020 1748 1067; x_wconf 90' lang='lat' dir='ltr'><strong>et</strong></span> <span class='ocrx_word' id='word_1_68' title='bbox 1786 1012 1854 1066; x_wconf 90' lang='lat' dir='ltr'><strong>de</strong></span> <span class='ocrx_word' id='word_1_69' title='bbox 1879 1020 2102 1080; x_wconf 86' lang='lat' dir='ltr'><strong>peccato</strong></span> 
     </span>
    </p>
   </div>
   <div class='ocr_carea' id='block_1_10' title="bbox 2237 999 3766 1080">
    <p class='ocr_par' dir='ltr' id='par_1_10' title="bbox 2274 999 3766 1073">
     <span class='ocr_line' id='line_1_10' title="bbox 2274 999 3766 1073; baseline -0.003 -16"><span class='ocrx_word' id='word_1_70' title='bbox 2274 1005 2377 1058; x_wconf 85' lang='grc' dir='ltr'>Τδν</span> <span class='ocrx_word' id='word_1_71' title='bbox 2424 1002 2650 1073; x_wconf 71' lang='grc' dir='ltr'>ἕϐδομον</span> <span class='ocrx_word' id='word_1_72' title='bbox 2676 1001 2725 1033; x_wconf 75' lang='grc'><strong>³³</strong></span> <span class='ocrx_word' id='word_1_73' title='bbox 2774 999 3006 1070; x_wconf 86' lang='grc' dir='ltr'>ἀριθμὸν</span> <span class='ocrx_word' id='word_1_74' title='bbox 3046 1000 3142 1053; x_wconf 70' lang='grc' dir='ltr'><strong>καὶ¹</strong></span> <span class='ocrx_word' id='word_1_75' title='bbox 3184 999 3277 1051; x_wconf 79' lang='grc' dir='ltr'>ἐπὶ</span> <span class='ocrx_word' id='word_1_76' title='bbox 3309 1003 3408 1069; x_wconf 81' lang='grc' dir='ltr'><strong>τῆς</strong></span> <span class='ocrx_word' id='word_1_77' title='bbox 3450 1000 3652 1070; x_wconf 74' lang='grc' dir='ltr'>ἀρετῆς</span> <span class='ocrx_word' id='word_1_78' title='bbox 3680 1003 3766 1054; x_wconf 85' lang='grc' dir='ltr'><strong>καί</strong></span> 
     </span>
    </p>
   </div>
   <div class='ocr_carea' id='block_1_11' title="bbox 536 1092 2137 1175">
    <p class='ocr_par' dir='ltr' id='par_1_11' title="bbox 536 1097 2106 1175">
     <span class='ocr_line' id='line_1_11' title="bbox 536 1097 2106 1175; baseline 0.002 -25"><span class='ocrx_word' id='word_1_79' title='bbox 536 1113 593 1159; x_wconf 76' lang='grc' dir='ltr'><strong>ιη</strong></span> <span class='ocrx_word' id='word_1_80' title='bbox 633 1097 919 1166; x_wconf 77' lang='lat' dir='ltr'><strong>Scriptura</strong></span> <span class='ocrx_word' id='word_1_81' title='bbox 968 1109 1252 1175; x_wconf 81' lang='lat' dir='ltr'><strong>acoeptum</strong></span> <span class='ocrx_word' id='word_1_82' title='bbox 1288 1100 1605 1157; x_wconf 83' lang='lat' dir='ltr'><strong>invenimus</strong></span> <span class='ocrx_word' id='word_1_83' title='bbox 1642 1111 1687 1157; x_wconf 72' lang='grc' dir='ltr'><strong>τ.</strong></span> <span class='ocrx_word' id='word_1_84' title='bbox 1719 1101 1911 1156; x_wconf 86' lang='lat' dir='ltr'><strong>Merito</strong></span> <span class='ocrx_word' id='word_1_85' title='bbox 1941 1101 2106 1172; x_wconf 87' lang='lat' dir='ltr'><strong>igitur</strong></span> 
     </span>
    </p>
   </div>
   <div class='ocr_carea' id='block_1_12' title="bbox 2237 1092 3769 1175">
    <p class='ocr_par' dir='ltr' id='par_1_12' title="bbox 2237 1092 3769 1167">
     <span class='ocr_line' id='line_1_12' title="bbox 2237 1092 3769 1167; baseline -0.004 -16"><span class='ocrx_word' id='word_1_86' title='bbox 2237 1097 2298 1151; x_wconf 75' lang='grc' dir='ltr'>πὶ</span> <span class='ocrx_word' id='word_1_87' title='bbox 2328 1097 2428 1167; x_wconf 79' lang='grc' dir='ltr'>τῆς</span> <span class='ocrx_word' id='word_1_88' title='bbox 2456 1095 2653 1157; x_wconf 78' lang='grc' dir='ltr'>κακίας</span> <span class='ocrx_word' id='word_1_89' title='bbox 2684 1093 3011 1163; x_wconf 84' lang='grc' dir='ltr'>εὑρίσκομεν</span> <span class='ocrx_word' id='word_1_90' title='bbox 3040 1092 3139 1164; x_wconf 79' lang='grc' dir='ltr'>τὴν</span> <span class='ocrx_word' id='word_1_91' title='bbox 3162 1092 3383 1163; x_wconf 83' lang='grc' dir='ltr'>Γραφὴν</span> <span class='ocrx_word' id='word_1_92' title='bbox 3414 1092 3769 1163; x_wconf 81' lang='grc' dir='ltr'>παραλαμϐά-</span> 
     </span>
    </p>
   </div>
   <div class='ocr_carea' id='block_1_13' title="bbox 535 1183 2137 1263">
    <p class='ocr_par' dir='ltr' id='par_1_13' title="bbox 535 1188 2104 1263">
     <span class='ocr_line' id='line_1_13' title="bbox 535 1188 2104 1263; baseline 0.002 -21"><span class='ocrx_word' id='word_1_93' title='bbox 535 1188 697 1259; x_wconf 82' lang='lat' dir='ltr'><strong>elegit</strong></span> <span class='ocrx_word' id='word_1_94' title='bbox 725 1189 948 1244; x_wconf 83' lang='lat' dir='ltr'><strong>Mariam</strong></span> <span class='ocrx_word' id='word_1_95' title='bbox 996 1190 1366 1261; x_wconf 84' lang='lat' dir='ltr'><strong>Magdalenam</strong></span> <span class='ocrx_word' id='word_1_96' title='bbox 1401 1191 1672 1257; x_wconf 86' lang='lat' dir='ltr'><strong>Salvator,</strong></span> <span class='ocrx_word' id='word_1_97' title='bbox 1696 1208 1727 1248; x_wconf 88' lang='lat' dir='ltr'><strong>e</strong></span> <span class='ocrx_word' id='word_1_98' title='bbox 1769 1209 1877 1263; x_wconf 89' lang='lat' dir='ltr'><strong>qua</strong></span> <span class='ocrx_word' id='word_1_99' title='bbox 1899 1202 2104 1262; x_wconf 89' lang='lat' dir='ltr'><strong>septem</strong></span> 
     </span>
    </p>
   </div>
   <div class='ocr_carea' id='block_1_14' title="bbox 2237 1183 3771 1263">
    <p class='ocr_par' dir='ltr' id='par_1_14' title="bbox 2239 1183 3771 1254">
     <span class='ocr_line' id='line_1_14' title="bbox 2239 1183 3771 1254; baseline -0.003 -13"><span class='ocrx_word' id='word_1_100' title='bbox 2239 1205 2422 1242; x_wconf 89' lang='grc' dir='ltr'>ουσαν.</span> <span class='ocrx_word' id='word_1_101' title='bbox 2455 1186 2692 1249; x_wconf 80' lang='grc' dir='ltr'><strong>Εἰκότως</strong></span> <span class='ocrx_word' id='word_1_102' title='bbox 2729 1183 2821 1237; x_wconf 71' lang='grc' dir='ltr'><strong>οὖν</strong></span> <span class='ocrx_word' id='word_1_103' title='bbox 2848 1183 2947 1254; x_wconf 84' lang='grc' dir='ltr'><strong>τὴν</strong></span> <span class='ocrx_word' id='word_1_104' title='bbox 2971 1183 3190 1253; x_wconf 80' lang='grc' dir='ltr'>Μαρίαν</span> <span class='ocrx_word' id='word_1_105' title='bbox 3222 1183 3508 1251; x_wconf 79' lang='grc' dir='ltr'><strong>ἐκλέγεται</strong></span> <span class='ocrx_word' id='word_1_106' title='bbox 3536 1185 3636 1253; x_wconf 84' lang='grc' dir='ltr'>τὴν</span> <span class='ocrx_word' id='word_1_107' title='bbox 3659 1185 3771 1237; x_wconf 85' lang='grc' dir='ltr'><strong>Μα-</strong></span> 
     </span>
    </p>
   </div>
   <div class='ocr_carea' id='block_1_15' title="bbox 538 1269 2137 1355">
    <p class='ocr_par' dir='ltr' id='par_1_15' title="bbox 538 1280 2108 1355">
     <span class='ocr_line' id='line_1_15' title="bbox 538 1280 2108 1355; baseline 0.003 -22"><span class='ocrx_word' id='word_1_108' title='bbox 538 1280 808 1335; x_wconf 66' lang='lat' dir='ltr'><strong>daemonia</strong></span> <span class='ocrx_word' id='word_1_109' title='bbox 839 1282 1023 1352; x_wconf 88' lang='lat' dir='ltr'><strong>ejecit,</strong></span> <span class='ocrx_word' id='word_1_110' title='bbox 1060 1292 1121 1338; x_wconf 90' lang='lat' dir='ltr'><strong>ut</strong></span> <span class='ocrx_word' id='word_1_111' title='bbox 1155 1284 1457 1353; x_wconf 86' lang='lat' dir='ltr'><strong>principem</strong></span> <span class='ocrx_word' id='word_1_112' title='bbox 1497 1286 1707 1354; x_wconf 89' lang='lat' dir='ltr'><strong>peccati</strong></span> <span class='ocrx_word' id='word_1_113' title='bbox 1735 1301 1831 1355; x_wconf 91' lang='lat' dir='ltr'><strong>per</strong></span> <span class='ocrx_word' id='word_1_114' title='bbox 1864 1285 2012 1339; x_wconf 84' lang='lat' dir='ltr'><strong>illam</strong></span> <span class='ocrx_word' id='word_1_115' title='bbox 2039 1283 2108 1338; x_wconf 89' lang='lat' dir='ltr'><strong>ab</strong></span> 
     </span>
    </p>
   </div>
   <div class='ocr_carea' id='block_1_16' title="bbox 2237 1269 3769 1355">
    <p class='ocr_par' dir='ltr' id='par_1_16' title="bbox 2237 1269 3769 1349">
     <span class='ocr_line' id='line_1_16' title="bbox 2237 1269 3769 1349; baseline -0.005 -15"><span class='ocrx_word' id='word_1_116' title='bbox 2237 1278 2476 1349; x_wconf 80' lang='grc' dir='ltr'>’δαληνὴν</span> <span class='ocrx_word' id='word_1_117' title='bbox 2505 1280 2532 1332; x_wconf 88' lang='grc' dir='ltr'>ὁ</span> <span class='ocrx_word' id='word_1_118' title='bbox 2554 1276 2765 1348; x_wconf 79' lang='grc' dir='ltr'>Σωτὴρ,</span> <span class='ocrx_word' id='word_1_119' title='bbox 2792 1275 2885 1345; x_wconf 83' lang='grc' dir='ltr'><strong>ἀφ’</strong></span> <span class='ocrx_word' id='word_1_120' title='bbox 2907 1269 2974 1345; x_wconf 81' lang='grc' dir='ltr'>ἧς</span> <span class='ocrx_word' id='word_1_121' title='bbox 3001 1274 3319 1345; x_wconf 74' lang='grc' dir='ltr'>ἐκϐεϐλήκει</span> <span class='ocrx_word' id='word_1_122' title='bbox 3342 1274 3598 1344; x_wconf 85' lang='grc' dir='ltr'>δαιμόνια</span> <span class='ocrx_word' id='word_1_123' title='bbox 3618 1275 3769 1340; x_wconf 80' lang='grc' dir='ltr'>ἑπτὰ,</span> 
     </span>
    </p>
   </div>
   <div class='ocr_carea' id='block_1_17' title="bbox 540 1366 2137 1442">
    <p class='ocr_par' dir='ltr' id='par_1_17' title="bbox 540 1367 2108 1442">
     <span class='ocr_line' id='line_1_17' title="bbox 540 1367 2108 1442; baseline 0.003 -21"><span class='ocrx_word' id='word_1_124' title='bbox 540 1367 857 1425; x_wconf 91' lang='lat' dir='ltr'><strong>hominibus</strong></span> <span class='ocrx_word' id='word_1_125' title='bbox 885 1372 1199 1441; x_wconf 81' lang='lat' dir='ltr'><strong>expelleret.</strong></span> <span class='ocrx_word' id='word_1_126' title='bbox 1227 1371 1482 1429; x_wconf 68' lang='lat' dir='ltr'><strong>Historiae</strong></span> <span class='ocrx_word' id='word_1_127' title='bbox 1501 1375 1721 1428; x_wconf 86' lang='lat' dir='ltr'><strong>tradunt</strong></span> <span class='ocrx_word' id='word_1_128' title='bbox 1737 1372 2108 1442; x_wconf 79' lang='lat' dir='ltr'><strong>Magdalenam</strong></span> 
     </span>
    </p>
   </div>
   <div class='ocr_carea' id='block_1_18' title="bbox 2237 1366 3774 1442">
    <p class='ocr_par' dir='ltr' id='par_1_18' title="bbox 2237 1366 3774 1441">
     <span class='ocr_line' id='line_1_18' title="bbox 2237 1366 3774 1441; baseline -0.005 -14"><span class='ocrx_word' id='word_1_129' title='bbox 2237 1391 2300 1427; x_wconf 85' lang='grc' dir='ltr'><strong>να</strong></span> <span class='ocrx_word' id='word_1_130' title='bbox 2344 1372 2434 1425; x_wconf 81' lang='grc' dir='ltr'><strong>τὸν</strong></span> <span class='ocrx_word' id='word_1_131' title='bbox 2472 1371 2709 1441; x_wconf 86' lang='grc' dir='ltr'>ἄρχοντα</span> <span class='ocrx_word' id='word_1_132' title='bbox 2744 1369 2845 1438; x_wconf 83' lang='grc' dir='ltr'><strong>τῆς</strong></span> <span class='ocrx_word' id='word_1_133' title='bbox 2878 1367 3074 1431; x_wconf 86' lang='grc' dir='ltr'>κακίας</span> <span class='ocrx_word' id='word_1_134' title='bbox 3105 1368 3171 1421; x_wconf 87' lang='grc' dir='ltr'><strong>δι’</strong></span> <span class='ocrx_word' id='word_1_135' title='bbox 3199 1367 3368 1437; x_wconf 74' lang='grc' dir='ltr'>αὐτῆς</span> <span class='ocrx_word' id='word_1_136' title='bbox 3408 1366 3658 1437; x_wconf 81' lang='grc' dir='ltr'><strong>ἀπελάσῃ</strong></span> <span class='ocrx_word' id='word_1_137' title='bbox 3683 1368 3774 1435; x_wconf 73' lang='grc' dir='ltr'>τῆς</span> 
     </span>
    </p>
   </div>
   <div class='ocr_carea' id='block_1_19' title="bbox 541 1459 2110 1535">
    <p class='ocr_par' dir='ltr' id='par_1_19' title="bbox 541 1459 2110 1535">
     <span class='ocr_line' id='line_1_19' title="bbox 541 1459 2110 1535; baseline 0.004 -23"><span class='ocrx_word' id='word_1_138' title='bbox 541 1460 684 1514; x_wconf 91' lang='lat' dir='ltr'><strong>hanc</strong></span> <span class='ocrx_word' id='word_1_139' title='bbox 714 1459 980 1531; x_wconf 80' lang='lat' dir='ltr'><strong>virginem</strong></span> <span class='ocrx_word' id='word_1_140' title='bbox 1015 1462 1209 1528; x_wconf 90' lang='lat' dir='ltr'><strong>fuisse,</strong></span> <span class='ocrx_word' id='word_1_141' title='bbox 1242 1474 1297 1520; x_wconf 89' lang='lat' dir='ltr'><strong>et</strong></span> <span class='ocrx_word' id='word_1_142' title='bbox 1338 1464 1666 1535; x_wconf 86' lang='lat' dir='ltr'><strong>martyrium</strong></span> <span class='ocrx_word' id='word_1_143' title='bbox 1706 1463 1868 1533; x_wconf 81' lang='lat' dir='ltr'><strong>hujus</strong></span> <span class='ocrx_word' id='word_1_144' title='bbox 1899 1479 2110 1518; x_wconf 89' lang='lat' dir='ltr'><strong>memo-</strong></span> 
     </span>
    </p>
   </div>
   <div class='ocr_carea' id='block_1_20' title="bbox 541 1550 2114 1625">
    <p class='ocr_par' dir='ltr' id='par_1_20' title="bbox 541 1550 2114 1625">
     <span class='ocr_line' id='line_1_20' title="bbox 541 1550 2114 1625; baseline 0.003 -22"><span class='ocrx_word' id='word_1_145' title='bbox 541 1558 694 1603; x_wconf 82' lang='lat' dir='ltr'><strong>ratur</strong></span> <span class='ocrx_word' id='word_1_146' title='bbox 724 1566 738 1603; x_wconf 90' lang='lat'><strong>:</strong></span> <span class='ocrx_word' id='word_1_147' title='bbox 778 1550 867 1604; x_wconf 92' lang='lat' dir='ltr'><strong>ubi</strong></span> <span class='ocrx_word' id='word_1_148' title='bbox 894 1552 1120 1621; x_wconf 89' lang='lat' dir='ltr'><strong>dicitur,</strong></span> <span class='ocrx_word' id='word_1_149' title='bbox 1162 1563 1384 1624; x_wconf 87' lang='lat' dir='ltr'><strong>propter</strong></span> <span class='ocrx_word' id='word_1_150' title='bbox 1407 1566 1690 1610; x_wconf 82' lang='lat' dir='ltr'><strong>summam</strong></span> <span class='ocrx_word' id='word_1_151' title='bbox 1719 1555 1866 1611; x_wconf 92' lang='lat' dir='ltr'><strong>illius</strong></span> <span class='ocrx_word' id='word_1_152' title='bbox 1897 1555 2114 1625; x_wconf 82' lang='lat' dir='ltr'><strong>virgini-</strong></span> 
     </span>
    </p>
   </div>
   <div class='ocr_carea' id='block_1_21' title="bbox 542 1640 2113 1713">
    <p class='ocr_par' dir='ltr' id='par_1_21' title="bbox 542 1640 2113 1713">
     <span class='ocr_line' id='line_1_21' title="bbox 542 1640 2113 1713; baseline 0.003 -20"><span class='ocrx_word' id='word_1_153' title='bbox 542 1646 732 1701; x_wconf 89' lang='lat' dir='ltr'><strong>tatem,</strong></span> <span class='ocrx_word' id='word_1_154' title='bbox 766 1646 820 1692; x_wconf 89' lang='lat' dir='ltr'><strong>et</strong></span> <span class='ocrx_word' id='word_1_155' title='bbox 851 1640 1165 1709; x_wconf 83' lang='lat' dir='ltr'><strong>puritatem,</strong></span> <span class='ocrx_word' id='word_1_156' title='bbox 1201 1643 1350 1696; x_wconf 88' lang='lat' dir='ltr'><strong>illam</strong></span> <span class='ocrx_word' id='word_1_157' title='bbox 1393 1652 1653 1713; x_wconf 85' lang='lat' dir='ltr'><strong>tanquam</strong></span> <span class='ocrx_word' id='word_1_158' title='bbox 1688 1645 1885 1698; x_wconf 87' lang='lat' dir='ltr'><strong>vitrum</strong></span> <span class='ocrx_word' id='word_1_159' title='bbox 1917 1659 2113 1713; x_wconf 91' lang='lat' dir='ltr'><strong>purum</strong></span> 
     </span>
    </p>
   </div>
   <div class='ocr_carea' id='block_1_22' title="bbox 543 1729 2115 1790">
    <p class='ocr_par' dir='ltr' id='par_1_22' title="bbox 543 1729 2115 1790">
     <span class='ocr_line' id='line_1_22' title="bbox 543 1729 2115 1790; baseline 0.002 -5"><span class='ocrx_word' id='word_1_160' title='bbox 543 1729 843 1785; x_wconf 80' lang='lat' dir='ltr'><strong>tortoribus</strong></span> <span class='ocrx_word' id='word_1_161' title='bbox 869 1731 1041 1785; x_wconf 88' lang='lat' dir='ltr'><strong>visam</strong></span> <span class='ocrx_word' id='word_1_162' title='bbox 1081 1747 1223 1787; x_wconf 89' lang='lat' dir='ltr'><strong>esse.</strong></span> <span class='ocrx_word' id='word_1_163' title='bbox 1254 1730 1855 1788; x_wconf 84' lang='lat' dir='ltr'><strong>Postobdormitionem</strong></span> <span class='ocrx_word' id='word_1_164' title='bbox 1883 1734 2115 1790; x_wconf 86' lang='lat' dir='ltr'><strong>sanctis-</strong></span> 
     </span>
    </p>
   </div>
   <div class='ocr_carea' id='block_1_23' title="bbox 544 1819 2115 1896">
    <p class='ocr_par' dir='ltr' id='par_1_23' title="bbox 544 1819 2115 1896">
     <span class='ocr_line' id='line_1_23' title="bbox 544 1819 2115 1896; baseline 0.003 -21"><span class='ocrx_word' id='word_1_165' title='bbox 544 1819 699 1875; x_wconf 66' lang='lat' dir='ltr'><strong>sima:</strong></span> <span class='ocrx_word' id='word_1_166' title='bbox 721 1821 957 1876; x_wconf 63' lang='lat' dir='ltr'><strong>dominae</strong></span> <span class='ocrx_word' id='word_1_167' title='bbox 987 1831 1191 1878; x_wconf 80' lang='lat' dir='ltr'><strong>nostrae</strong></span> <span class='ocrx_word' id='word_1_168' title='bbox 1206 1823 1449 1894; x_wconf 70' lang='lat' dir='ltr'><strong>Deiparze</strong></span> <span class='ocrx_word' id='word_1_169' title='bbox 1474 1825 1721 1896; x_wconf 89' lang='lat' dir='ltr'><strong>profecta</strong></span> <span class='ocrx_word' id='word_1_170' title='bbox 1737 1835 1820 1880; x_wconf 88' lang='lat' dir='ltr'><strong>est</strong></span> <span class='ocrx_word' id='word_1_171' title='bbox 1839 1824 2115 1895; x_wconf 87' lang='lat' dir='ltr'><strong>Ephesum</strong></span> 
     </span>
    </p>
   </div>
   <div class='ocr_carea' id='block_1_24' title="bbox 546 1911 2162 1986">
    <p class='ocr_par' dir='ltr' id='par_1_24' title="bbox 546 1911 2162 1986">
     <span class='ocr_line' id='line_1_24' title="bbox 546 1911 2162 1986; baseline 0.003 -22"><span class='ocrx_word' id='word_1_172' title='bbox 546 1911 614 1966; x_wconf 84' lang='lat' dir='ltr'><strong>ad</strong></span> <span class='ocrx_word' id='word_1_173' title='bbox 644 1911 901 1968; x_wconf 90' lang='lat' dir='ltr'><strong>dilectum</strong></span> <span class='ocrx_word' id='word_1_174' title='bbox 952 1913 1284 1985; x_wconf 89' lang='lat' dir='ltr'><strong>discipulum</strong></span> <span class='ocrx_word' id='word_1_175' title='bbox 1317 1933 1330 1968; x_wconf 89' lang='lat'><strong>:</strong></span> <span class='ocrx_word' id='word_1_176' title='bbox 1370 1916 1462 1970; x_wconf 91' lang='lat' dir='ltr'><strong>ubi</strong></span> <span class='ocrx_word' id='word_1_177' title='bbox 1499 1933 1722 1972; x_wconf 86' lang='lat' dir='ltr'><strong>cursum</strong></span> <span class='ocrx_word' id='word_1_178' title='bbox 1758 1916 2117 1986; x_wconf 88' lang='lat' dir='ltr'><strong>apostolicum</strong></span> <span class='ocrx_word' id='word_1_179' title='bbox 2159 1931 2162 1934; x_wconf 73' lang='lat'><strong><em>&#39;</em></strong></span> 
     </span>
    </p>
   </div>
   <div class='ocr_carea' id='block_1_25' title="bbox 545 2003 2121 2080">
    <p class='ocr_par' dir='ltr' id='par_1_25' title="bbox 545 2003 2121 2080">
     <span class='ocr_line' id='line_1_25' title="bbox 545 2003 2121 2080; baseline 0.005 -25"><span class='ocrx_word' id='word_1_180' title='bbox 545 2016 645 2080; x_wconf 88' lang='lat' dir='ltr'><strong>per</strong></span> <span class='ocrx_word' id='word_1_181' title='bbox 681 2003 1005 2074; x_wconf 86' lang='lat' dir='ltr'><strong>martyrium</strong></span> <span class='ocrx_word' id='word_1_182' title='bbox 1038 2005 1424 2076; x_wconf 85' lang='lat' dir='ltr'><strong>unguentifera</strong></span> <span class='ocrx_word' id='word_1_183' title='bbox 1452 2006 1622 2061; x_wconf 87' lang='lat' dir='ltr'><strong>Maria</strong></span> <span class='ocrx_word' id='word_1_184' title='bbox 1648 2007 1896 2077; x_wconf 84' lang='lat' dir='ltr'><strong>perfecit,</strong></span> <span class='ocrx_word' id='word_1_185' title='bbox 1930 2008 2121 2063; x_wconf 88' lang='lat' dir='ltr'><strong>nolens</strong></span> 
     </span>
    </p>
   </div>
   <div class='ocr_carea' id='block_1_26' title="bbox 548 2093 2116 2168">
    <p class='ocr_par' dir='ltr' id='par_1_26' title="bbox 548 2093 2116 2168">
     <span class='ocr_line' id='line_1_26' title="bbox 548 2093 2116 2168; baseline 0.001 -19"><span class='ocrx_word' id='word_1_186' title='bbox 548 2093 616 2149; x_wconf 89' lang='lat' dir='ltr'><strong>ad</strong></span> <span class='ocrx_word' id='word_1_187' title='bbox 640 2103 943 2151; x_wconf 82' lang='lat' dir='ltr'><strong>extremum</strong></span> <span class='ocrx_word' id='word_1_188' title='bbox 978 2112 1152 2166; x_wconf 91' lang='lat' dir='ltr'><strong>usque</strong></span> <span class='ocrx_word' id='word_1_189' title='bbox 1175 2097 1429 2168; x_wconf 87' lang='lat' dir='ltr'><strong>spiritum</strong></span> <span class='ocrx_word' id='word_1_190' title='bbox 1465 2111 1494 2150; x_wconf 88' lang='lat' dir='ltr'><strong>a</strong></span> <span class='ocrx_word' id='word_1_191' title='bbox 1524 2098 1683 2153; x_wconf 87' lang='lat' dir='ltr'><strong>beato</strong></span> <span class='ocrx_word' id='word_1_192' title='bbox 1709 2096 1920 2153; x_wconf 83' lang='lat' dir='ltr'><strong>Joanne</strong></span> <span class='ocrx_word' id='word_1_193' title='bbox 1951 2112 2116 2151; x_wconf 87' lang='lat' dir='ltr'><strong>cvan-</strong></span> 
     </span>
    </p>
   </div>
   <div class='ocr_carea' id='block_1_27' title="bbox 2212 1458 3776 1533">
    <p class='ocr_par' dir='ltr' id='par_1_27' title="bbox 2212 1458 3776 1533">
     <span class='ocr_line' id='line_1_27' title="bbox 2212 1458 3776 1533; baseline -0.006 -15"><span class='ocrx_word' id='word_1_194' title='bbox 2212 1463 2556 1533; x_wconf 81' lang='grc' dir='ltr'>ἀνθρωπίνης</span> <span class='ocrx_word' id='word_1_195' title='bbox 2583 1462 2818 1531; x_wconf 81' lang='grc' dir='ltr'>φύσεως.</span> <span class='ocrx_word' id='word_1_196' title='bbox 2862 1460 3008 1527; x_wconf 85' lang='grc' dir='ltr'>Ὅτι,</span> <span class='ocrx_word' id='word_1_197' title='bbox 3059 1460 3246 1531; x_wconf 74' lang='grc' dir='ltr'>φησὶν,</span> <span class='ocrx_word' id='word_1_198' title='bbox 3302 1461 3358 1512; x_wconf 81' lang='grc' dir='ltr'>αἱ</span> <span class='ocrx_word' id='word_1_199' title='bbox 3402 1458 3638 1528; x_wconf 77' lang='grc' dir='ltr'>ἱστορίαι</span> <span class='ocrx_word' id='word_1_200' title='bbox 3686 1460 3776 1528; x_wconf 78' lang='grc' dir='ltr'>τὴν</span> 
     </span>
    </p>
   </div>
   <div class='ocr_carea' id='block_1_28' title="bbox 2213 1548 3776 1625">
    <p class='ocr_par' dir='ltr' id='par_1_28' title="bbox 2213 1548 3776 1625">
     <span class='ocr_line' id='line_1_28' title="bbox 2213 1548 3776 1625; baseline -0.005 -16"><span class='ocrx_word' id='word_1_201' title='bbox 2213 1553 2576 1625; x_wconf 81' lang='grc' dir='ltr'>Μαγδαληνὴν</span> <span class='ocrx_word' id='word_1_202' title='bbox 2614 1553 2816 1623; x_wconf 80' lang='grc' dir='ltr'>ταύτην</span> <span class='ocrx_word' id='word_1_203' title='bbox 2855 1552 2942 1605; x_wconf 79' lang='grc' dir='ltr'>διὰ</span> <span class='ocrx_word' id='word_1_204' title='bbox 2975 1550 3092 1621; x_wconf 85' lang='grc' dir='ltr'>βίου</span> <span class='ocrx_word' id='word_1_205' title='bbox 3139 1549 3408 1619; x_wconf 78' lang='grc' dir='ltr'>παρθένον</span> <span class='ocrx_word' id='word_1_206' title='bbox 3452 1548 3776 1601; x_wconf 78' lang='grc' dir='ltr'><strong>διδάσκουσι.</strong></span> 
     </span>
    </p>
   </div>
   <div class='ocr_carea' id='block_1_29' title="bbox 2215 1635 3781 1717">
    <p class='ocr_par' dir='ltr' id='par_1_29' title="bbox 2215 1635 3781 1717">
     <span class='ocr_line' id='line_1_29' title="bbox 2215 1635 3781 1717; baseline -0.008 -14"><span class='ocrx_word' id='word_1_207' title='bbox 2215 1649 2325 1704; x_wconf 80' lang='grc' dir='ltr'>Καὶ</span> <span class='ocrx_word' id='word_1_208' title='bbox 2360 1645 2656 1717; x_wconf 79' lang='grc' dir='ltr'>μαρτύριον</span> <span class='ocrx_word' id='word_1_209' title='bbox 2690 1646 2745 1698; x_wconf 84' lang='grc' dir='ltr'><strong>δὲ</strong></span> <span class='ocrx_word' id='word_1_210' title='bbox 2778 1646 2946 1715; x_wconf 81' lang='grc' dir='ltr'>αὐτῆς</span> <span class='ocrx_word' id='word_1_211' title='bbox 2971 1644 3212 1714; x_wconf 80' lang='grc' dir='ltr'>φέρεται,</span> <span class='ocrx_word' id='word_1_212' title='bbox 3254 1645 3312 1696; x_wconf 81' lang='grc' dir='ltr'>ὲν</span> <span class='ocrx_word' id='word_1_213' title='bbox 3354 1635 3399 1709; x_wconf 82' lang='grc' dir='ltr'>ᾧ</span> <span class='ocrx_word' id='word_1_214' title='bbox 3442 1641 3663 1710; x_wconf 83' lang='grc' dir='ltr'>λέγεται</span> <span class='ocrx_word' id='word_1_215' title='bbox 3701 1641 3781 1692; x_wconf 75' lang='grc' dir='ltr'>διὰ</span> 
     </span>
    </p>
   </div>
   <div class='ocr_carea' id='block_1_30' title="bbox 2216 1729 3779 1811">
    <p class='ocr_par' dir='ltr' id='par_1_30' title="bbox 2216 1729 3779 1811">
     <span class='ocr_line' id='line_1_30' title="bbox 2216 1729 3779 1811; baseline -0.006 -16"><span class='ocrx_word' id='word_1_216' title='bbox 2216 1741 2314 1811; x_wconf 77' lang='grc' dir='ltr'><strong>τὴν</strong></span> <span class='ocrx_word' id='word_1_217' title='bbox 2352 1729 2524 1811; x_wconf 64' lang='grc' dir='ltr'>άκρέν</span> <span class='ocrx_word' id='word_1_218' title='bbox 2551 1738 2722 1808; x_wconf 76' lang='grc' dir='ltr'>αὐτῆς</span> <span class='ocrx_word' id='word_1_219' title='bbox 2748 1735 3042 1807; x_wconf 81' lang='grc' dir='ltr'>παρθενίαν</span> <span class='ocrx_word' id='word_1_220' title='bbox 3074 1735 3169 1790; x_wconf 76' lang='grc' dir='ltr'>καὶ</span> <span class='ocrx_word' id='word_1_221' title='bbox 3206 1734 3559 1805; x_wconf 75' lang='grc' dir='ltr'>καθαρότητα</span> <span class='ocrx_word' id='word_1_222' title='bbox 3589 1733 3660 1795; x_wconf 88' lang='grc' dir='ltr'>ὡς</span> <span class='ocrx_word' id='word_1_223' title='bbox 3689 1732 3779 1785; x_wconf 78' lang='grc' dir='ltr'><strong>ὕα-</strong></span> 
     </span>
    </p>
   </div>
   <div class='ocr_carea' id='block_1_31' title="bbox 2219 1823 3780 1901">
    <p class='ocr_par' dir='ltr' id='par_1_31' title="bbox 2219 1823 3780 1901">
     <span class='ocr_line' id='line_1_31' title="bbox 2219 1823 3780 1901; baseline -0.006 -15"><span class='ocrx_word' id='word_1_224' title='bbox 2219 1834 2308 1885; x_wconf 87' lang='grc' dir='ltr'><strong>λον</strong></span> <span class='ocrx_word' id='word_1_225' title='bbox 2339 1832 2387 1864; x_wconf 63' lang='grc' dir='ltr'>’δ</span> <span class='ocrx_word' id='word_1_226' title='bbox 2433 1830 2605 1901; x_wconf 83' lang='grc' dir='ltr'>αὐτὴν</span> <span class='ocrx_word' id='word_1_227' title='bbox 2645 1828 2883 1899; x_wconf 79' lang='grc' dir='ltr'>καθαρὸν</span> <span class='ocrx_word' id='word_1_228' title='bbox 2918 1830 3039 1891; x_wconf 84' lang='grc' dir='ltr'>ταῖς</span> <span class='ocrx_word' id='word_1_229' title='bbox 3080 1824 3432 1897; x_wconf 82' lang='grc' dir='ltr'>βασανισταῖς</span> <span class='ocrx_word' id='word_1_230' title='bbox 3481 1823 3780 1895; x_wconf 82' lang='grc' dir='ltr'>φαίνεσθαι.</span> 
     </span>
    </p>
   </div>
   <div class='ocr_carea' id='block_1_32' title="bbox 2224 1914 3784 1990">
    <p class='ocr_par' dir='ltr' id='par_1_32' title="bbox 2224 1914 3784 1990">
     <span class='ocr_line' id='line_1_32' title="bbox 2224 1914 3784 1990; baseline -0.006 -14"><span class='ocrx_word' id='word_1_231' title='bbox 2224 1925 2368 1988; x_wconf 82' lang='grc' dir='ltr'>Ὅτι,</span> <span class='ocrx_word' id='word_1_232' title='bbox 2398 1923 2552 1990; x_wconf 74' lang='grc' dir='ltr'>φησὶ,</span> <span class='ocrx_word' id='word_1_233' title='bbox 2591 1920 2727 1990; x_wconf 87' lang='grc' dir='ltr'>μετὰ</span> <span class='ocrx_word' id='word_1_234' title='bbox 2763 1919 2861 1990; x_wconf 84' lang='grc' dir='ltr'><strong>τὴν</strong></span> <span class='ocrx_word' id='word_1_235' title='bbox 2898 1919 3153 1988; x_wconf 87' lang='grc' dir='ltr'>κοίμησιν</span> <span class='ocrx_word' id='word_1_236' title='bbox 3183 1918 3281 1988; x_wconf 82' lang='grc' dir='ltr'>τῆς</span> <span class='ocrx_word' id='word_1_237' title='bbox 3317 1916 3616 1985; x_wconf 82' lang='grc' dir='ltr'>Δεσποίνης</span> <span class='ocrx_word' id='word_1_238' title='bbox 3640 1914 3784 1984; x_wconf 84' lang='grc' dir='ltr'>ἡμῶν</span> 
     </span>
    </p>
   </div>
   <div class='ocr_carea' id='block_1_33' title="bbox 2221 2008 3785 2082">
    <p class='ocr_par' dir='ltr' id='par_1_33' title="bbox 2221 2008 3785 2082">
     <span class='ocr_line' id='line_1_33' title="bbox 2221 2008 3785 2082; baseline -0.007 -13"><span class='ocrx_word' id='word_1_239' title='bbox 2221 2016 2482 2069; x_wconf 88' lang='grc' dir='ltr'>Θεοτόκου</span> <span class='ocrx_word' id='word_1_240' title='bbox 2513 2013 2838 2082; x_wconf 82' lang='grc' dir='ltr'>πορευθεῖσα</span> <span class='ocrx_word' id='word_1_241' title='bbox 2878 2014 2958 2076; x_wconf 86' lang='grc' dir='ltr'><strong>είς</strong></span> <span class='ocrx_word' id='word_1_242' title='bbox 2992 2013 3223 2080; x_wconf 80' lang='grc' dir='ltr'>Ἔφεσον</span> <span class='ocrx_word' id='word_1_243' title='bbox 3261 2010 3398 2081; x_wconf 81' lang='grc' dir='ltr'>πρὸς</span> <span class='ocrx_word' id='word_1_244' title='bbox 3441 2008 3535 2061; x_wconf 79' lang='grc' dir='ltr'>τὸν</span> <span class='ocrx_word' id='word_1_245' title='bbox 3574 2009 3785 2077; x_wconf 73' lang='grc' dir='ltr'>ἠγαπη-</span> 
     </span>
    </p>
   </div>
   <div class='ocr_carea' id='block_1_34' title="bbox 2226 2098 3787 2176">
    <p class='ocr_par' dir='ltr' id='par_1_34' title="bbox 2226 2098 3787 2176">
     <span class='ocr_line' id='line_1_34' title="bbox 2226 2098 3787 2176; baseline -0.006 -19"><span class='ocrx_word' id='word_1_246' title='bbox 2226 2106 2385 2175; x_wconf 86' lang='grc' dir='ltr'>μένον</span> <span class='ocrx_word' id='word_1_247' title='bbox 2416 2104 2684 2176; x_wconf 82' lang='grc' dir='ltr'>μαθητὴν,</span> <span class='ocrx_word' id='word_1_248' title='bbox 2731 2104 2908 2156; x_wconf 74' lang='grc' dir='ltr'>ἐκεῖσε</span> <span class='ocrx_word' id='word_1_249' title='bbox 2945 2102 3039 2155; x_wconf 84' lang='grc' dir='ltr'><strong>τὸν</strong></span> <span class='ocrx_word' id='word_1_250' title='bbox 3071 2102 3269 2172; x_wconf 85' lang='grc' dir='ltr'>δρόμον</span> <span class='ocrx_word' id='word_1_251' title='bbox 3310 2100 3401 2152; x_wconf 87' lang='grc' dir='ltr'><strong>τὸν</strong></span> <span class='ocrx_word' id='word_1_252' title='bbox 3441 2098 3787 2152; x_wconf 69' lang='grc' dir='ltr'>ἀποστολικὸν</span> 
     </span>
    </p>
   </div>
   <div class='ocr_carea' id='block_1_35' title="bbox 549 2184 2137 2266">
    <p class='ocr_par' dir='ltr' id='par_1_35' title="bbox 549 2188 2119 2260">
     <span class='ocr_line' id='line_1_35' title="bbox 549 2188 2119 2260; baseline -0.001 -18"><span class='ocrx_word' id='word_1_253' title='bbox 549 2189 764 2259; x_wconf 82' lang='lat' dir='ltr'><strong>gelista,</strong></span> <span class='ocrx_word' id='word_1_254' title='bbox 787 2198 840 2243; x_wconf 89' lang='lat' dir='ltr'><strong>et</strong></span> <span class='ocrx_word' id='word_1_255' title='bbox 859 2189 1071 2259; x_wconf 85' lang='lat' dir='ltr'><strong>virgine</strong></span> <span class='ocrx_word' id='word_1_256' title='bbox 1110 2190 1374 2260; x_wconf 85' lang='lat' dir='ltr'><strong>separari.</strong></span> <span class='ocrx_word' id='word_1_257' title='bbox 1408 2188 1898 2256; x_wconf 89' lang='lat' dir='ltr'><strong>Quemadmodum,</strong></span> <span class='ocrx_word' id='word_1_258' title='bbox 1924 2188 2119 2257; x_wconf 87' lang='lat' dir='ltr'><strong>inquit,</strong></span> 
     </span>
    </p>
   </div>
   <div class='ocr_carea' id='block_1_36' title="bbox 2237 2184 3789 2266">
    <p class='ocr_par' dir='ltr' id='par_1_36' title="bbox 2237 2184 3789 2266">
     <span class='ocr_line' id='line_1_36' title="bbox 2237 2184 3789 2266; baseline -0.009 -15"><span class='ocrx_word' id='word_1_259' title='bbox 2237 2197 2312 2251; x_wconf 73' lang='grc' dir='ltr'>Ξιά</span> <span class='ocrx_word' id='word_1_260' title='bbox 2338 2196 2431 2250; x_wconf 81' lang='grc' dir='ltr'>τοῦ</span> <span class='ocrx_word' id='word_1_261' title='bbox 2463 2194 2763 2266; x_wconf 82' lang='grc' dir='ltr'>μαρτυρίου</span> <span class='ocrx_word' id='word_1_262' title='bbox 2788 2196 2820 2263; x_wconf 81' lang='grc' dir='ltr'>ἡ</span> <span class='ocrx_word' id='word_1_263' title='bbox 2850 2192 3153 2264; x_wconf 72' lang='grc' dir='ltr'>μυροφόρος</span> <span class='ocrx_word' id='word_1_264' title='bbox 3178 2191 3365 2260; x_wconf 86' lang='grc' dir='ltr'>Μαρία</span> <span class='ocrx_word' id='word_1_265' title='bbox 3388 2188 3691 2251; x_wconf 74' lang='grc' dir='ltr'>ἐτελείωσε,</span> <span class='ocrx_word' id='word_1_266' title='bbox 3721 2184 3789 2255; x_wconf 78' lang='grc' dir='ltr'>μὴ</span> 
     </span>
    </p>
   </div>
   <div class='ocr_carea' id='block_1_37' title="bbox 549 2281 2124 2353">
    <p class='ocr_par' dir='ltr' id='par_1_37' title="bbox 549 2281 2124 2353">
     <span class='ocr_line' id='line_1_37' title="bbox 549 2281 2124 2353; baseline 0.001 -19"><span class='ocrx_word' id='word_1_267' title='bbox 549 2281 804 2350; x_wconf 86' lang='lat' dir='ltr'><strong>princeps</strong></span> <span class='ocrx_word' id='word_1_268' title='bbox 846 2282 1220 2352; x_wconf 88' lang='lat' dir='ltr'><strong>apostolorum</strong></span> <span class='ocrx_word' id='word_1_269' title='bbox 1266 2283 1334 2337; x_wconf 89' lang='lat' dir='ltr'><strong>ab</strong></span> <span class='ocrx_word' id='word_1_270' title='bbox 1371 2283 1637 2337; x_wconf 84' lang='lat' dir='ltr'><strong>immobili</strong></span> <span class='ocrx_word' id='word_1_271' title='bbox 1670 2283 1775 2337; x_wconf 81' lang='lat' dir='ltr'><strong>fide</strong></span> <span class='ocrx_word' id='word_1_272' title='bbox 1821 2297 1986 2353; x_wconf 90' lang='lat' dir='ltr'><strong>quam</strong></span> <span class='ocrx_word' id='word_1_273' title='bbox 2029 2282 2124 2335; x_wconf 89' lang='lat' dir='ltr'><strong>ha—</strong></span> 
     </span>
    </p>
   </div>
   <div class='ocr_carea' id='block_1_38' title="bbox 548 2372 2126 2447">
    <p class='ocr_par' dir='ltr' id='par_1_38' title="bbox 548 2372 2126 2447">
     <span class='ocr_line' id='line_1_38' title="bbox 548 2372 2126 2447; baseline 0 -18"><span class='ocrx_word' id='word_1_274' title='bbox 548 2373 671 2429; x_wconf 86' lang='lat' dir='ltr'><strong>buit</strong></span> <span class='ocrx_word' id='word_1_275' title='bbox 701 2372 758 2428; x_wconf 87' lang='lat' dir='ltr'><strong>in</strong></span> <span class='ocrx_word' id='word_1_276' title='bbox 790 2384 1001 2445; x_wconf 87' lang='lat' dir='ltr'><strong>petram</strong></span> <span class='ocrx_word' id='word_1_277' title='bbox 1020 2373 1321 2441; x_wconf 87' lang='lat' dir='ltr'><strong>Christum,</strong></span> <span class='ocrx_word' id='word_1_278' title='bbox 1351 2376 1545 2431; x_wconf 89' lang='lat' dir='ltr'><strong>Petrus</strong></span> <span class='ocrx_word' id='word_1_279' title='bbox 1574 2375 1876 2447; x_wconf 87' lang='lat' dir='ltr'><strong>appellatus</strong></span> <span class='ocrx_word' id='word_1_280' title='bbox 1897 2383 1981 2431; x_wconf 80' lang='lat' dir='ltr'><strong>est</strong></span> <span class='ocrx_word' id='word_1_281' title='bbox 2001 2414 2017 2440; x_wconf 90' lang='lat'><strong>,</strong></span> <span class='ocrx_word' id='word_1_282' title='bbox 2046 2373 2126 2429; x_wconf 91' lang='lat' dir='ltr'><strong>sic</strong></span> 
     </span>
    </p>
   </div>
   <div class='ocr_carea' id='block_1_39' title="bbox 550 2466 2127 2540">
    <p class='ocr_par' dir='ltr' id='par_1_39' title="bbox 550 2466 2127 2540">
     <span class='ocr_line' id='line_1_39' title="bbox 550 2466 2127 2540; baseline 0.001 -19"><span class='ocrx_word' id='word_1_283' title='bbox 550 2478 606 2521; x_wconf 89' lang='lat' dir='ltr'><strong>et</strong></span> <span class='ocrx_word' id='word_1_284' title='bbox 631 2466 723 2522; x_wconf 89' lang='lat' dir='ltr'><strong>illa</strong></span> <span class='ocrx_word' id='word_1_285' title='bbox 758 2468 1009 2539; x_wconf 86' lang='lat' dir='ltr'><strong>princeps</strong></span> <span class='ocrx_word' id='word_1_286' title='bbox 1037 2468 1438 2539; x_wconf 88' lang='lat' dir='ltr'><strong>discipularum</strong></span> <span class='ocrx_word' id='word_1_287' title='bbox 1470 2470 1541 2525; x_wconf 91' lang='lat' dir='ltr'><strong>ob</strong></span> <span class='ocrx_word' id='word_1_288' title='bbox 1568 2470 1860 2540; x_wconf 84' lang='lat' dir='ltr'><strong>puritatem</strong></span> <span class='ocrx_word' id='word_1_289' title='bbox 1893 2478 1949 2524; x_wconf 87' lang='lat' dir='ltr'><strong>et</strong></span> <span class='ocrx_word' id='word_1_290' title='bbox 1972 2482 2127 2522; x_wconf 87' lang='lat' dir='ltr'><strong>amo-</strong></span> 
     </span>
    </p>
   </div>
   <div class='ocr_carea' id='block_1_40' title="bbox 550 2546 2127 2632">
    <p class='ocr_par' dir='ltr' id='par_1_40' title="bbox 550 2546 2127 2632">
     <span class='ocr_line' id='line_1_40' title="bbox 550 2546 2127 2632; baseline 0.001 -19"><span class='ocrx_word' id='word_1_291' title='bbox 550 2573 818 2630; x_wconf 69' lang='lat' dir='ltr'><strong>nm,quo</strong></span> <span class='ocrx_word' id='word_1_292' title='bbox 834 2559 1116 2616; x_wconf 85' lang='lat' dir='ltr'><strong>Christum</strong></span> <span class='ocrx_word' id='word_1_293' title='bbox 1144 2563 1432 2632; x_wconf 84' lang='lat' dir='ltr'><strong>complexa</strong></span> <span class='ocrx_word' id='word_1_294' title='bbox 1462 2546 1566 2625; x_wconf 85' lang='lat' dir='ltr'><strong>est,</strong></span> <span class='ocrx_word' id='word_1_295' title='bbox 1593 2562 1664 2617; x_wconf 89' lang='lat' dir='ltr'><strong>ab</strong></span> <span class='ocrx_word' id='word_1_296' title='bbox 1688 2562 1809 2632; x_wconf 90' lang='lat' dir='ltr'><strong>ipso</strong></span> <span class='ocrx_word' id='word_1_297' title='bbox 1847 2562 2127 2616; x_wconf 89' lang='lat' dir='ltr'><strong>nominata</strong></span> 
     </span>
    </p>
   </div>
   <div class='ocr_carea' id='block_1_41' title="bbox 553 2653 2130 2725">
    <p class='ocr_par' dir='ltr' id='par_1_41' title="bbox 553 2653 2130 2725">
     <span class='ocr_line' id='line_1_41' title="bbox 553 2653 2130 2725; baseline 0 -17"><span class='ocrx_word' id='word_1_298' title='bbox 553 2661 659 2720; x_wconf 87' lang='lat' dir='ltr'><strong>est,</strong></span> <span class='ocrx_word' id='word_1_299' title='bbox 695 2654 785 2709; x_wconf 91' lang='lat' dir='ltr'><strong>cui</strong></span> <span class='ocrx_word' id='word_1_300' title='bbox 814 2654 957 2709; x_wconf 86' lang='lat' dir='ltr'><strong>idem</strong></span> <span class='ocrx_word' id='word_1_301' title='bbox 978 2653 1082 2709; x_wconf 87' lang='lat' dir='ltr'><strong>fuit</strong></span> <span class='ocrx_word' id='word_1_302' title='bbox 1104 2669 1327 2722; x_wconf 89' lang='lat' dir='ltr'><strong>nomen,</strong></span> <span class='ocrx_word' id='word_1_303' title='bbox 1358 2656 1503 2725; x_wconf 91' lang='lat' dir='ltr'><strong>quod</strong></span> <span class='ocrx_word' id='word_1_304' title='bbox 1527 2656 1619 2710; x_wconf 92' lang='lat' dir='ltr'><strong>Dei</strong></span> <span class='ocrx_word' id='word_1_305' title='bbox 1645 2655 1828 2709; x_wconf 83' lang='lat' dir='ltr'><strong>matri.</strong></span> <span class='ocrx_word' id='word_1_306' title='bbox 1860 2653 2130 2720; x_wconf 85' lang='lat' dir='ltr'><strong>Quemad-</strong></span> 
     </span>
    </p>
   </div>
   <div class='ocr_carea' id='block_1_42' title="bbox 553 2744 2126 2816">
    <p class='ocr_par' dir='ltr' id='par_1_42' title="bbox 553 2744 2126 2816">
     <span class='ocr_line' id='line_1_42' title="bbox 553 2744 2126 2816; baseline -0.001 -16"><span class='ocrx_word' id='word_1_307' title='bbox 553 2744 782 2808; x_wconf 81' lang='lat' dir='ltr'><strong>modum</strong></span> <span class='ocrx_word' id='word_1_308' title='bbox 807 2744 1103 2801; x_wconf 90' lang='lat' dir='ltr'><strong>Dominum</strong></span> <span class='ocrx_word' id='word_1_309' title='bbox 1132 2746 1532 2816; x_wconf 88' lang='lat' dir='ltr'><strong>discipulorum</strong></span> <span class='ocrx_word' id='word_1_310' title='bbox 1552 2747 1756 2801; x_wconf 79' lang='lat' dir='ltr'><strong>Chorus</strong></span> <span class='ocrx_word' id='word_1_311' title='bbox 1777 2756 2000 2802; x_wconf 88' lang='lat' dir='ltr'><strong>secutus</strong></span> <span class='ocrx_word' id='word_1_312' title='bbox 2025 2755 2126 2810; x_wconf 88' lang='lat' dir='ltr'><strong>est,</strong></span> 
     </span>
    </p>
   </div>
   <div class='ocr_carea' id='block_1_43' title="bbox 557 2837 2130 2911">
    <p class='ocr_par' dir='ltr' id='par_1_43' title="bbox 557 2837 2130 2911">
     <span class='ocr_line' id='line_1_43' title="bbox 557 2837 2130 2911; baseline 0 -20"><span class='ocrx_word' id='word_1_313' title='bbox 557 2839 640 2900; x_wconf 80' lang='lat' dir='ltr'><strong>sic</strong></span> <span class='ocrx_word' id='word_1_314' title='bbox 664 2838 863 2911; x_wconf 78' lang='lat' dir='ltr'><strong>512a</strong></span> <span class='ocrx_word' id='word_1_315' title='bbox 889 2838 1169 2893; x_wconf 86' lang='lat' dir='ltr'><strong>Dominam</strong></span> <span class='ocrx_word' id='word_1_316' title='bbox 1195 2848 1249 2893; x_wconf 85' lang='lat' dir='ltr'><strong>et</strong></span> <span class='ocrx_word' id='word_1_317' title='bbox 1279 2837 1505 2892; x_wconf 84' lang='lat' dir='ltr'><strong>Matrem</strong></span> <span class='ocrx_word' id='word_1_318' title='bbox 1527 2838 1744 2897; x_wconf 89' lang='lat' dir='ltr'><strong>Domini</strong></span> <span class='ocrx_word' id='word_1_319' title='bbox 1779 2840 1982 2893; x_wconf 90' lang='lat' dir='ltr'><strong>chorus</strong></span> <span class='ocrx_word' id='word_1_320' title='bbox 2042 2838 2130 2892; x_wconf 90' lang='lat' dir='ltr'><strong>di-</strong></span> 
     </span>
    </p>
   </div>
   <div class='ocr_carea' id='block_1_44' title="bbox 557 2928 2129 3000">
    <p class='ocr_par' dir='ltr' id='par_1_44' title="bbox 557 2928 2129 3000">
     <span class='ocr_line' id='line_1_44' title="bbox 557 2928 2129 3000; baseline -0.001 -14"><span class='ocrx_word' id='word_1_321' title='bbox 557 2930 916 2999; x_wconf 76' lang='lat' dir='ltr'><strong>scipularum.</strong></span> <span class='ocrx_word' id='word_1_322' title='bbox 944 2928 1123 2983; x_wconf 81' lang='lat' dir='ltr'><strong>Mirati</strong></span> <span class='ocrx_word' id='word_1_323' title='bbox 1169 2930 1315 2983; x_wconf 88' lang='lat' dir='ltr'><strong>enim</strong></span> <span class='ocrx_word' id='word_1_324' title='bbox 1344 2930 1640 2999; x_wconf 84' lang='lat' dir='ltr'><strong>aliquando</strong></span> <span class='ocrx_word' id='word_1_325' title='bbox 1672 2930 1921 3000; x_wconf 89' lang='lat' dir='ltr'><strong>discipuli</strong></span> <span class='ocrx_word' id='word_1_326' title='bbox 1954 2942 2129 2997; x_wconf 89' lang='lat' dir='ltr'><strong>erant,</strong></span> 
     </span>
    </p>
   </div>
   <div class='ocr_carea' id='block_1_45' title="bbox 559 3018 2132 3091">
    <p class='ocr_par' dir='ltr' id='par_1_45' title="bbox 559 3018 2132 3091">
     <span class='ocr_line' id='line_1_45' title="bbox 559 3018 2132 3091; baseline -0.001 -16"><span class='ocrx_word' id='word_1_327' title='bbox 559 3020 706 3090; x_wconf 88' lang='lat' dir='ltr'><strong>quod</strong></span> <span class='ocrx_word' id='word_1_328' title='bbox 736 3035 860 3075; x_wconf 90' lang='lat' dir='ltr'><strong>cum</strong></span> <span class='ocrx_word' id='word_1_329' title='bbox 904 3018 1108 3074; x_wconf 82' lang='lat' dir='ltr'><strong>femina</strong></span> <span class='ocrx_word' id='word_1_330' title='bbox 1142 3019 1462 3089; x_wconf 87' lang='lat' dir='ltr'><strong>loqueretur</strong></span> <span class='ocrx_word' id='word_1_331' title='bbox 1494 3028 1516 3057; x_wconf 80' lang='grc'>⁸</span> <span class='ocrx_word' id='word_1_332' title='bbox 1550 3038 1564 3074; x_wconf 86' lang='lat'><strong>:</strong></span> <span class='ocrx_word' id='word_1_333' title='bbox 1605 3021 1735 3075; x_wconf 91' lang='lat' dir='ltr'><strong>hinc</strong></span> <span class='ocrx_word' id='word_1_334' title='bbox 1766 3030 1914 3091; x_wconf 89' lang='lat' dir='ltr'><strong>patet</strong></span> <span class='ocrx_word' id='word_1_335' title='bbox 1944 3021 2132 3076; x_wconf 91' lang='lat' dir='ltr'><strong>Domi-</strong></span> 
     </span>
    </p>
   </div>
   <div class='ocr_carea' id='block_1_46' title="bbox 560 3111 2135 3169">
    <p class='ocr_par' dir='ltr' id='par_1_46' title="bbox 560 3111 2135 3169">
     <span class='ocr_line' id='line_1_46' title="bbox 560 3111 2135 3169; baseline 0 -2"><span class='ocrx_word' id='word_1_336' title='bbox 560 3128 695 3169; x_wconf 88' lang='lat' dir='ltr'><strong>num</strong></span> <span class='ocrx_word' id='word_1_337' title='bbox 718 3128 845 3169; x_wconf 90' lang='lat' dir='ltr'><strong>cum</strong></span> <span class='ocrx_word' id='word_1_338' title='bbox 873 3113 1197 3168; x_wconf 87' lang='lat' dir='ltr'><strong>mulieribus</strong></span> <span class='ocrx_word' id='word_1_339' title='bbox 1221 3114 1557 3169; x_wconf 88' lang='lat' dir='ltr'><strong>consortium</strong></span> <span class='ocrx_word' id='word_1_340' title='bbox 1588 3128 1697 3167; x_wconf 89' lang='lat' dir='ltr'><strong>non</strong></span> <span class='ocrx_word' id='word_1_341' title='bbox 1725 3113 2003 3169; x_wconf 88' lang='lat' dir='ltr'><strong>habuisse.</strong></span> <span class='ocrx_word' id='word_1_342' title='bbox 2028 3111 2135 3168; x_wconf 87' lang='lat' dir='ltr'><strong>Sed</strong></span> 
     </span>
    </p>
   </div>
   <div class='ocr_carea' id='block_1_47' title="bbox 538 3204 2137 3276">
    <p class='ocr_par' dir='ltr' id='par_1_47' title="bbox 538 3204 2137 3276">
     <span class='ocr_line' id='line_1_47' title="bbox 538 3204 2137 3276; baseline 0.001 -17"><span class='ocrx_word' id='word_1_343' title='bbox 538 3212 740 3260; x_wconf 35' lang='lat' dir='ltr'><strong>‘matre</strong></span> <span class='ocrx_word' id='word_1_344' title='bbox 772 3204 986 3259; x_wconf 91' lang='lat' dir='ltr'><strong>Domini</strong></span> <span class='ocrx_word' id='word_1_345' title='bbox 1009 3206 1381 3276; x_wconf 80' lang='lat' dir='ltr'><strong>evangelicum</strong></span> <span class='ocrx_word' id='word_1_346' title='bbox 1403 3222 1627 3263; x_wconf 88' lang='lat' dir='ltr'><strong>cursum</strong></span> <span class='ocrx_word' id='word_1_347' title='bbox 1653 3222 1759 3261; x_wconf 89' lang='lat' dir='ltr'><strong>una</strong></span> <span class='ocrx_word' id='word_1_348' title='bbox 1778 3223 1900 3262; x_wconf 92' lang='lat' dir='ltr'><strong>cum</strong></span> <span class='ocrx_word' id='word_1_349' title='bbox 1921 3205 2059 3261; x_wconf 86' lang='lat' dir='ltr'><strong>Filio</strong></span> <span class='ocrx_word' id='word_1_350' title='bbox 2082 3216 2137 3261; x_wconf 89' lang='lat' dir='ltr'><strong>et</strong></span> 
     </span>
    </p>
   </div>
   <div class='ocr_carea' id='block_1_48' title="bbox 562 3295 2135 3369">
    <p class='ocr_par' dir='ltr' id='par_1_48' title="bbox 562 3295 2135 3369">
     <span class='ocr_line' id='line_1_48' title="bbox 562 3295 2135 3369; baseline 0.003 -19"><span class='ocrx_word' id='word_1_351' title='bbox 562 3295 821 3361; x_wconf 79' lang='lat' dir='ltr'><strong>Creatore</strong></span> <span class='ocrx_word' id='word_1_352' title='bbox 837 3298 1166 3368; x_wconf 87' lang='lat' dir='ltr'><strong>complente,</strong></span> <span class='ocrx_word' id='word_1_353' title='bbox 1192 3308 1245 3353; x_wconf 91' lang='lat' dir='ltr'><strong>et</strong></span> <span class='ocrx_word' id='word_1_354' title='bbox 1273 3299 1404 3369; x_wconf 67' lang='lat' dir='ltr'><strong>ipsa:</strong></span> <span class='ocrx_word' id='word_1_355' title='bbox 1428 3299 1574 3353; x_wconf 88' lang='lat' dir='ltr'><strong>illam</strong></span> <span class='ocrx_word' id='word_1_356' title='bbox 1599 3310 1821 3362; x_wconf 81' lang='lat' dir='ltr'><strong>secutae,</strong></span> <span class='ocrx_word' id='word_1_357' title='bbox 1850 3302 2135 3355; x_wconf 90' lang='lat' dir='ltr'><strong>communi</strong></span> 
     </span>
    </p>
   </div>
   <div class='ocr_carea' id='block_1_49' title="bbox 564 3384 2138 3460">
    <p class='ocr_par' dir='ltr' id='par_1_49' title="bbox 564 3384 2138 3460">
     <span class='ocr_line' id='line_1_49' title="bbox 564 3384 2138 3460; baseline 0.006 -20"><span class='ocrx_word' id='word_1_358' title='bbox 564 3384 801 3443; x_wconf 89' lang='lat' dir='ltr'><strong>Domino</strong></span> <span class='ocrx_word' id='word_1_359' title='bbox 830 3397 883 3445; x_wconf 89' lang='lat' dir='ltr'><strong>et</strong></span> <span class='ocrx_word' id='word_1_360' title='bbox 910 3387 1192 3460; x_wconf 88' lang='lat' dir='ltr'><strong>discipulis</strong></span> <span class='ocrx_word' id='word_1_361' title='bbox 1218 3390 1285 3445; x_wconf 89' lang='lat' dir='ltr'><strong>de</strong></span> <span class='ocrx_word' id='word_1_362' title='bbox 1309 3390 1667 3447; x_wconf 83' lang='lat' dir='ltr'><strong>facultatibus</strong></span> <span class='ocrx_word' id='word_1_363' title='bbox 1703 3392 1819 3448; x_wconf 90' lang='lat' dir='ltr'><strong>suis</strong></span> <span class='ocrx_word' id='word_1_364' title='bbox 1865 3393 1918 3447; x_wconf 91' lang='lat' dir='ltr'><strong>in</strong></span> <span class='ocrx_word' id='word_1_365' title='bbox 1973 3394 2138 3450; x_wconf 90' lang='lat' dir='ltr'><strong>rebus</strong></span> 
     </span>
    </p>
   </div>
   <div class='ocr_carea' id='block_1_50' title="bbox 565 3481 1337 3538">
    <p class='ocr_par' dir='ltr' id='par_1_50' title="bbox 565 3481 1337 3538">
     <span class='ocr_line' id='line_1_50' title="bbox 565 3481 1337 3538; baseline 0.004 -3"><span class='ocrx_word' id='word_1_366' title='bbox 565 3481 895 3538; x_wconf 89' lang='lat' dir='ltr'><strong>necessariis</strong></span> <span class='ocrx_word' id='word_1_367' title='bbox 933 3483 1337 3538; x_wconf 86' lang='lat' dir='ltr'><strong>ministrabant.</strong></span> 
     </span>
    </p>
   </div>
   <div class='ocr_carea' id='block_1_51' title="bbox 2228 2278 3788 2360">
    <p class='ocr_par' dir='ltr' id='par_1_51' title="bbox 2228 2278 3788 2360">
     <span class='ocr_line' id='line_1_51' title="bbox 2228 2278 3788 2360; baseline -0.008 -18"><span class='ocrx_word' id='word_1_368' title='bbox 2228 2288 2503 2360; x_wconf 85' lang='grc' dir='ltr'>θελήσασα</span> <span class='ocrx_word' id='word_1_369' title='bbox 2546 2286 2704 2358; x_wconf 81' lang='grc' dir='ltr'>μέχρι</span> <span class='ocrx_word' id='word_1_370' title='bbox 2734 2287 2832 2356; x_wconf 81' lang='grc' dir='ltr'>τῆς</span> <span class='ocrx_word' id='word_1_371' title='bbox 2861 2284 3115 2353; x_wconf 79' lang='grc' dir='ltr'>τελευτῆς</span> <span class='ocrx_word' id='word_1_372' title='bbox 3154 2281 3489 2353; x_wconf 84' lang='grc' dir='ltr'>χωρισθῆναι</span> <span class='ocrx_word' id='word_1_373' title='bbox 3530 2278 3624 2332; x_wconf 76' lang='grc' dir='ltr'>τοῦ</span> <span class='ocrx_word' id='word_1_374' title='bbox 3661 2294 3788 2345; x_wconf 83' lang='grc' dir='ltr'>παρ-</span> 
     </span>
    </p>
   </div>
   <div class='ocr_carea' id='block_1_52' title="bbox 2228 2369 3786 2455">
    <p class='ocr_par' dir='ltr' id='par_1_52' title="bbox 2228 2369 3786 2455">
     <span class='ocr_line' id='line_1_52' title="bbox 2228 2369 3786 2455; baseline -0.009 -21"><span class='ocrx_word' id='word_1_375' title='bbox 2228 2381 2383 2434; x_wconf 79' lang='grc' dir='ltr'>θένου</span> <span class='ocrx_word' id='word_1_376' title='bbox 2414 2379 2508 2433; x_wconf 76' lang='grc' dir='ltr'>καὶ</span> <span class='ocrx_word' id='word_1_377' title='bbox 2543 2376 2941 2455; x_wconf 58' lang='grc' dir='ltr'>Εὐαγγελισςοῦ</span> <span class='ocrx_word' id='word_1_378' title='bbox 2970 2376 3244 2429; x_wconf 83' lang='grc' dir='ltr'>Ἰωάννου.</span> <span class='ocrx_word' id='word_1_379' title='bbox 3270 2374 3510 2443; x_wconf 81' lang='grc' dir='ltr'>Ὥσπερ,</span> <span class='ocrx_word' id='word_1_380' title='bbox 3549 2369 3728 2440; x_wconf 68' lang='grc' dir='ltr'>φησὶν,</span> <span class='ocrx_word' id='word_1_381' title='bbox 3756 2372 3786 2438; x_wconf 82' lang='grc' dir='ltr'>ὴ</span> 
     </span>
    </p>
   </div>
   <div class='ocr_carea' id='block_1_53' title="bbox 2229 2461 3790 2543">
    <p class='ocr_par' dir='ltr' id='par_1_53' title="bbox 2229 2461 3790 2543">
     <span class='ocr_line' id='line_1_53' title="bbox 2229 2461 3790 2543; baseline -0.008 -18"><span class='ocrx_word' id='word_1_382' title='bbox 2229 2473 2452 2543; x_wconf 82' lang='grc' dir='ltr'>ἀπαρχὴ</span> <span class='ocrx_word' id='word_1_383' title='bbox 2493 2470 2601 2525; x_wconf 79' lang='grc' dir='ltr'><strong>τῶν</strong></span> <span class='ocrx_word' id='word_1_384' title='bbox 2638 2470 2955 2524; x_wconf 84' lang='grc' dir='ltr'>ἀποστόλων</span> <span class='ocrx_word' id='word_1_385' title='bbox 2996 2470 3203 2539; x_wconf 81' lang='grc' dir='ltr'>Πέτρος</span> <span class='ocrx_word' id='word_1_386' title='bbox 3241 2466 3537 2537; x_wconf 81' lang='grc' dir='ltr'>ὠνομάσθη</span> <span class='ocrx_word' id='word_1_387' title='bbox 3586 2463 3671 2517; x_wconf 72' lang='grc' dir='ltr'>διὰ</span> <span class='ocrx_word' id='word_1_388' title='bbox 3701 2461 3790 2532; x_wconf 77' lang='grc' dir='ltr'>τὴν</span> 
     </span>
    </p>
   </div>
   <div class='ocr_carea' id='block_1_54' title="bbox 2230 2554 3789 2633">
    <p class='ocr_par' dir='ltr' id='par_1_54' title="bbox 2230 2554 3789 2633">
     <span class='ocr_line' id='line_1_54' title="bbox 2230 2554 3789 2633; baseline -0.01 -14"><span class='ocrx_word' id='word_1_389' title='bbox 2230 2565 2524 2620; x_wconf 86' lang='grc' dir='ltr'>ἀσάλευτον</span> <span class='ocrx_word' id='word_1_390' title='bbox 2553 2562 2756 2625; x_wconf 80' lang='grc' dir='ltr'>πίστιν,</span> <span class='ocrx_word' id='word_1_391' title='bbox 2777 2563 2844 2633; x_wconf 81' lang='grc' dir='ltr'>ἦν</span> <span class='ocrx_word' id='word_1_392' title='bbox 2871 2557 3019 2632; x_wconf 77' lang='grc' dir='ltr'>εἶχεν</span> <span class='ocrx_word' id='word_1_393' title='bbox 3050 2562 3139 2613; x_wconf 74' lang='grc' dir='ltr'><strong>ἐπὶ</strong></span> <span class='ocrx_word' id='word_1_394' title='bbox 3170 2560 3402 2629; x_wconf 82' lang='grc' dir='ltr'>Χριστὸν</span> <span class='ocrx_word' id='word_1_395' title='bbox 3442 2558 3542 2627; x_wconf 87' lang='grc' dir='ltr'>τὴν</span> <span class='ocrx_word' id='word_1_396' title='bbox 3578 2554 3789 2623; x_wconf 80' lang='grc' dir='ltr'>πέτραν,</span> 
     </span>
    </p>
   </div>
   <div class='ocr_carea' id='block_1_55' title="bbox 2229 2646 3791 2728">
    <p class='ocr_par' dir='ltr' id='par_1_55' title="bbox 2229 2646 3791 2728">
     <span class='ocr_line' id='line_1_55' title="bbox 2229 2646 3791 2728; baseline -0.008 -17"><span class='ocrx_word' id='word_1_397' title='bbox 2229 2657 2371 2711; x_wconf 70' lang='grc' dir='ltr'>οὕτω</span> <span class='ocrx_word' id='word_1_398' title='bbox 2397 2657 2490 2710; x_wconf 73' lang='grc' dir='ltr'><strong>καὶ</strong></span> <span class='ocrx_word' id='word_1_399' title='bbox 2521 2656 2657 2728; x_wconf 79' lang='grc' dir='ltr'>αὓτη</span> <span class='ocrx_word' id='word_1_400' title='bbox 2681 2656 2726 2689; x_wconf 74' lang='lat'><strong>9&#39;</strong></span> <span class='ocrx_word' id='word_1_401' title='bbox 2754 2654 2995 2726; x_wconf 80' lang='grc' dir='ltr'>ἀρχηγὸς</span> <span class='ocrx_word' id='word_1_402' title='bbox 3037 2653 3146 2706; x_wconf 83' lang='grc' dir='ltr'><strong>τῶν</strong></span> <span class='ocrx_word' id='word_1_403' title='bbox 3177 2650 3498 2723; x_wconf 84' lang='grc' dir='ltr'>μαθητριῶν</span> <span class='ocrx_word' id='word_1_404' title='bbox 3538 2646 3791 2717; x_wconf 79' lang='grc' dir='ltr'>γενομένη</span> 
     </span>
    </p>
   </div>
   <div class='ocr_carea' id='block_1_56' title="bbox 2231 2734 3792 2821">
    <p class='ocr_par' dir='ltr' id='par_1_56' title="bbox 2231 2734 3792 2821">
     <span class='ocr_line' id='line_1_56' title="bbox 2231 2734 3792 2821; baseline -0.01 -17"><span class='ocrx_word' id='word_1_405' title='bbox 2231 2750 2318 2803; x_wconf 79' lang='grc' dir='ltr'><strong>διὰ</strong></span> <span class='ocrx_word' id='word_1_406' title='bbox 2346 2750 2446 2821; x_wconf 79' lang='grc' dir='ltr'><strong>τὴν</strong></span> <span class='ocrx_word' id='word_1_407' title='bbox 2476 2749 2821 2819; x_wconf 80' lang='grc' dir='ltr'>καθαρότητα</span> <span class='ocrx_word' id='word_1_408' title='bbox 2852 2750 2899 2780; x_wconf 71' lang='grc'><strong>⁸⁸</strong></span> <span class='ocrx_word' id='word_1_409' title='bbox 2932 2749 3100 2815; x_wconf 77' lang='grc' dir='ltr'>αὐτῆς</span> <span class='ocrx_word' id='word_1_410' title='bbox 3130 2749 3223 2799; x_wconf 72' lang='grc' dir='ltr'>καὶ</span> <span class='ocrx_word' id='word_1_411' title='bbox 3249 2745 3340 2798; x_wconf 82' lang='grc' dir='ltr'><strong>τὸν</strong></span> <span class='ocrx_word' id='word_1_412' title='bbox 3370 2743 3538 2797; x_wconf 84' lang='grc' dir='ltr'>πόθον</span> <span class='ocrx_word' id='word_1_413' title='bbox 3574 2741 3631 2794; x_wconf 83' lang='grc' dir='ltr'>ὃν</span> <span class='ocrx_word' id='word_1_414' title='bbox 3663 2734 3792 2807; x_wconf 78' lang='grc' dir='ltr'>εἶχεν</span> 
     </span>
    </p>
   </div>
   <div class='ocr_carea' id='block_1_57' title="bbox 2233 2828 3792 2911">
    <p class='ocr_par' dir='ltr' id='par_1_57' title="bbox 2233 2828 3792 2911">
     <span class='ocr_line' id='line_1_57' title="bbox 2233 2828 3792 2911; baseline -0.01 -16"><span class='ocrx_word' id='word_1_415' title='bbox 2233 2844 2313 2906; x_wconf 86' lang='grc' dir='ltr'><strong>είς</strong></span> <span class='ocrx_word' id='word_1_416' title='bbox 2338 2842 2501 2895; x_wconf 82' lang='grc' dir='ltr'>αὑτὸν</span> <span class='ocrx_word' id='word_1_417' title='bbox 2532 2842 2719 2911; x_wconf 86' lang='grc' dir='ltr'>Μαρία</span> <span class='ocrx_word' id='word_1_418' title='bbox 2751 2838 3058 2911; x_wconf 76' lang='grc' dir='ltr'>ὁμωνύμως</span> <span class='ocrx_word' id='word_1_419' title='bbox 3083 2840 3147 2908; x_wconf 77' lang='grc' dir='ltr'>τῇ</span> <span class='ocrx_word' id='word_1_420' title='bbox 3180 2836 3348 2908; x_wconf 78' lang='grc' dir='ltr'>μητρὶ</span> <span class='ocrx_word' id='word_1_421' title='bbox 3381 2834 3537 2901; x_wconf 81' lang='grc' dir='ltr'>παρὰ</span> <span class='ocrx_word' id='word_1_422' title='bbox 3570 2829 3658 2884; x_wconf 78' lang='grc' dir='ltr'>τοῦ</span> <span class='ocrx_word' id='word_1_423' title='bbox 3693 2828 3792 2880; x_wconf 87' lang='grc' dir='ltr'>Σω-</span> 
     </span>
    </p>
   </div>
   <div class='ocr_carea' id='block_1_58' title="bbox 2232 2922 3796 3009">
    <p class='ocr_par' dir='ltr' id='par_1_58' title="bbox 2232 2922 3796 3009">
     <span class='ocr_line' id='line_1_58' title="bbox 2232 2922 3796 3009; baseline -0.02 -5"><span class='ocrx_word' id='word_1_424' title='bbox 2232 2939 2397 3009; x_wconf 81' lang='grc' dir='ltr'>τῆρος</span> <span class='ocrx_word' id='word_1_425' title='bbox 2422 2938 2873 3008; x_wconf 79' lang='grc' dir='ltr'>προσηγόρευται.</span> <span class='ocrx_word' id='word_1_426' title='bbox 2908 2935 3115 3004; x_wconf 86' lang='grc' dir='ltr'>Ὠσπερ</span> <span class='ocrx_word' id='word_1_427' title='bbox 3135 2932 3213 3001; x_wconf 81' lang='grc' dir='ltr'>τῷ</span> <span class='ocrx_word' id='word_1_428' title='bbox 3235 2929 3484 2999; x_wconf 83' lang='grc' dir='ltr'>Δεσπότῃ</span> <span class='ocrx_word' id='word_1_429' title='bbox 3502 2926 3608 2980; x_wconf 81' lang='grc' dir='ltr'><strong>τῶν</strong></span> <span class='ocrx_word' id='word_1_430' title='bbox 3640 2922 3796 2993; x_wconf 82' lang='grc' dir='ltr'>μαθη-</span> 
     </span>
    </p>
   </div>
   <div class='ocr_carea' id='block_1_59' title="bbox 2232 3019 3796 3109">
    <p class='ocr_par' dir='ltr' id='par_1_59' title="bbox 2232 3019 3796 3109">
     <span class='ocr_line' id='line_1_59' title="bbox 2232 3019 3796 3109; baseline -0.01 -23"><span class='ocrx_word' id='word_1_431' title='bbox 2232 3032 2341 3087; x_wconf 85' lang='grc' dir='ltr'>τῶν</span> <span class='ocrx_word' id='word_1_432' title='bbox 2370 3031 2654 3109; x_wconf 73' lang='grc' dir='ltr'>ἡκολούθει</span> <span class='ocrx_word' id='word_1_433' title='bbox 2679 3034 2706 3084; x_wconf 88' lang='lat'><strong>6</strong></span> <span class='ocrx_word' id='word_1_434' title='bbox 2735 3031 2913 3102; x_wconf 79' lang='grc' dir='ltr'>χορὸς,</span> <span class='ocrx_word' id='word_1_435' title='bbox 2947 3029 3089 3083; x_wconf 73' lang='grc' dir='ltr'>οὕτω</span> <span class='ocrx_word' id='word_1_436' title='bbox 3120 3030 3185 3100; x_wconf 81' lang='grc' dir='ltr'>τῇ</span> <span class='ocrx_word' id='word_1_437' title='bbox 3213 3025 3482 3097; x_wconf 81' lang='grc' dir='ltr'>Δεσποίνῃ</span> <span class='ocrx_word' id='word_1_438' title='bbox 3516 3024 3609 3076; x_wconf 75' lang='grc' dir='ltr'>καὶ</span> <span class='ocrx_word' id='word_1_439' title='bbox 3630 3019 3796 3090; x_wconf 82' lang='grc' dir='ltr'>Μητρὶ</span> 
     </span>
    </p>
   </div>
   <div class='ocr_carea' id='block_1_60' title="bbox 2234 3111 3795 3195">
    <p class='ocr_par' dir='ltr' id='par_1_60' title="bbox 2234 3111 3795 3195">
     <span class='ocr_line' id='line_1_60' title="bbox 2234 3111 3795 3195; baseline -0.01 -17"><span class='ocrx_word' id='word_1_440' title='bbox 2234 3124 2327 3178; x_wconf 80' lang='grc' dir='ltr'>τοῦ</span> <span class='ocrx_word' id='word_1_441' title='bbox 2362 3124 2570 3195; x_wconf 86' lang='grc' dir='ltr'>Κυρίου</span> <span class='ocrx_word' id='word_1_442' title='bbox 2615 3122 2726 3176; x_wconf 83' lang='grc' dir='ltr'><strong>τῶν</strong></span> <span class='ocrx_word' id='word_1_443' title='bbox 2758 3119 3217 3193; x_wconf 83' lang='grc' dir='ltr'>μαθητευομένων</span> <span class='ocrx_word' id='word_1_444' title='bbox 3256 3117 3533 3187; x_wconf 87' lang='grc' dir='ltr'>γυναικῶν</span> <span class='ocrx_word' id='word_1_445' title='bbox 3570 3117 3597 3167; x_wconf 88' lang='lat'><strong>6</strong></span> <span class='ocrx_word' id='word_1_446' title='bbox 3630 3111 3795 3183; x_wconf 86' lang='grc' dir='ltr'>χορός.</span> 
     </span>
    </p>
   </div>
   <div class='ocr_carea' id='block_1_61' title="bbox 2235 3201 3800 3287">
    <p class='ocr_par' dir='ltr' id='par_1_61' title="bbox 2235 3201 3800 3287">
     <span class='ocr_line' id='line_1_61' title="bbox 2235 3201 3800 3287; baseline -0.01 -16"><span class='ocrx_word' id='word_1_447' title='bbox 2235 3215 2579 3287; x_wconf 78' lang='grc' dir='ltr'>Ἐθαύμαζον</span> <span class='ocrx_word' id='word_1_448' title='bbox 2632 3215 2761 3286; x_wconf 83' lang='grc' dir='ltr'>γὰρ,</span> <span class='ocrx_word' id='word_1_449' title='bbox 2810 3215 2964 3285; x_wconf 76' lang='grc' dir='ltr'>φησὶ,</span> <span class='ocrx_word' id='word_1_450' title='bbox 3006 3213 3137 3266; x_wconf 80' lang='grc' dir='ltr'>ποτὲ</span> <span class='ocrx_word' id='word_1_451' title='bbox 3186 3212 3233 3265; x_wconf 88' lang='grc' dir='ltr'>οἱ</span> <span class='ocrx_word' id='word_1_452' title='bbox 3284 3210 3526 3279; x_wconf 73' lang='grc' dir='ltr'>μαθηταὶ</span> <span class='ocrx_word' id='word_1_453' title='bbox 3562 3208 3643 3260; x_wconf 83' lang='grc' dir='ltr'><strong>ὅτι</strong></span> <span class='ocrx_word' id='word_1_454' title='bbox 3677 3201 3800 3275; x_wconf 77' lang='grc' dir='ltr'>μετὰ</span> 
     </span>
    </p>
   </div>
   <div class='ocr_carea' id='block_1_62' title="bbox 2236 3299 3799 3377">
    <p class='ocr_par' dir='ltr' id='par_1_62' title="bbox 2236 3299 3799 3377">
     <span class='ocr_line' id='line_1_62' title="bbox 2236 3299 3799 3377; baseline -0.011 -16"><span class='ocrx_word' id='word_1_455' title='bbox 2236 3308 2495 3377; x_wconf 81' lang='grc' dir='ltr'>γυναικὸς</span> <span class='ocrx_word' id='word_1_456' title='bbox 2534 3307 2734 3373; x_wconf 81' lang='grc' dir='ltr'>ἐλάλει,</span> <span class='ocrx_word' id='word_1_457' title='bbox 2776 3305 2934 3376; x_wconf 76' lang='grc' dir='ltr'>δῆλον</span> <span class='ocrx_word' id='word_1_458' title='bbox 2962 3305 3037 3368; x_wconf 82' lang='grc' dir='ltr'>ὡς</span> <span class='ocrx_word' id='word_1_459' title='bbox 3063 3304 3162 3357; x_wconf 76' lang='grc' dir='ltr'>οὐκ</span> <span class='ocrx_word' id='word_1_460' title='bbox 3191 3302 3356 3371; x_wconf 70' lang='grc' dir='ltr'>οὔσης</span> <span class='ocrx_word' id='word_1_461' title='bbox 3388 3299 3649 3366; x_wconf 84' lang='grc' dir='ltr'>τοιαύτης</span> <span class='ocrx_word' id='word_1_462' title='bbox 3686 3310 3799 3346; x_wconf 84' lang='grc' dir='ltr'>συν-</span> 
     </span>
    </p>
   </div>
   <div class='ocr_carea' id='block_1_63' title="bbox 2239 3385 3797 3470">
    <p class='ocr_par' dir='ltr' id='par_1_63' title="bbox 2239 3385 3797 3470">
     <span class='ocr_line' id='line_1_63' title="bbox 2239 3385 3797 3470; baseline -0.004 -19"><span class='ocrx_word' id='word_1_463' title='bbox 2239 3398 2428 3469; x_wconf 86' lang='grc' dir='ltr'>ηθείας</span> <span class='ocrx_word' id='word_1_464' title='bbox 2459 3399 2537 3470; x_wconf 82' lang='grc' dir='ltr'><strong>τῷ</strong></span> <span class='ocrx_word' id='word_1_465' title='bbox 2566 3399 2783 3470; x_wconf 84' lang='grc' dir='ltr'>Κυρίῳ,</span> <span class='ocrx_word' id='word_1_466' title='bbox 2815 3397 2950 3451; x_wconf 81' lang='grc' dir='ltr'>ἀλλὰ</span> <span class='ocrx_word' id='word_1_467' title='bbox 2978 3396 3070 3451; x_wconf 76' lang='grc' dir='ltr'><strong>τὸν</strong></span> <span class='ocrx_word' id='word_1_468' title='bbox 3101 3393 3457 3463; x_wconf 82' lang='grc' dir='ltr'>εὐαγγελικὸν</span> <span class='ocrx_word' id='word_1_469' title='bbox 3486 3390 3682 3460; x_wconf 82' lang='grc' dir='ltr'>δρόμον</span> <span class='ocrx_word' id='word_1_470' title='bbox 3711 3385 3797 3454; x_wconf 80' lang='grc' dir='ltr'><strong>τῆς</strong></span> 
     </span>
    </p>
   </div>
   <div class='ocr_carea' id='block_1_64' title="bbox 2238 3478 3801 3562">
    <p class='ocr_par' dir='ltr' id='par_1_64' title="bbox 2238 3478 3801 3562">
     <span class='ocr_line' id='line_1_64' title="bbox 2238 3478 3801 3562; baseline -0.011 -16"><span class='ocrx_word' id='word_1_471' title='bbox 2238 3491 2465 3562; x_wconf 79' lang='grc' dir='ltr'>Μητρὸς</span> <span class='ocrx_word' id='word_1_472' title='bbox 2519 3490 2612 3543; x_wconf 82' lang='grc' dir='ltr'>τοῦ</span> <span class='ocrx_word' id='word_1_473' title='bbox 2666 3490 2936 3543; x_wconf 90' lang='grc' dir='ltr'>Δεσπότου</span> <span class='ocrx_word' id='word_1_474' title='bbox 2995 3485 3423 3554; x_wconf 76' lang='grc' dir='ltr'>συνεξανυούσης</span> <span class='ocrx_word' id='word_1_475' title='bbox 3465 3483 3547 3554; x_wconf 83' lang='grc' dir='ltr'>τῷ</span> <span class='ocrx_word' id='word_1_476' title='bbox 3576 3481 3686 3551; x_wconf 82' lang='grc' dir='ltr'><strong>Υίῷ</strong></span> <span class='ocrx_word' id='word_1_477' title='bbox 3720 3478 3801 3530; x_wconf 77' lang='grc' dir='ltr'>καὶ</span> 
     </span>
    </p>
   </div>
   <div class='ocr_carea' id='block_1_65' title="bbox 566 3572 3802 3657">
    <p class='ocr_par' dir='ltr' id='par_1_65' title="bbox 566 3572 3802 3657">
     <span class='ocr_line' id='line_1_65' title="bbox 566 3572 3802 3657; baseline 0.001 -28"><span class='ocrx_word' id='word_1_478' title='bbox 566 3576 913 3649; x_wconf 70' lang='grc' dir='ltr'>Δημιουργῷ.</span> <span class='ocrx_word' id='word_1_479' title='bbox 969 3576 1131 3651; x_wconf 72' lang='grc'><strong>[1528</strong></span> <span class='ocrx_word' id='word_1_480' title='bbox 1161 3577 1256 3651; x_wconf 65' lang='lat' dir='ltr'><strong>IL]</strong></span> <span class='ocrx_word' id='word_1_481' title='bbox 1311 3580 1419 3635; x_wconf 72' lang='grc' dir='ltr'><strong>Καὶ</strong></span> <span class='ocrx_word' id='word_1_482' title='bbox 1454 3575 1612 3635; x_wconf 71' lang='grc' dir='ltr'>αὗται</span> <span class='ocrx_word' id='word_1_483' title='bbox 1656 3583 2142 3638; x_wconf 78' lang='grc' dir='ltr'>συνακολουθοῦσαι</span> <span class='ocrx_word' id='word_1_484' title='bbox 2166 3589 2303 3657; x_wconf 79' lang='grc' dir='ltr'>αὐτῇ</span> <span class='ocrx_word' id='word_1_485' title='bbox 2366 3586 2445 3657; x_wconf 83' lang='grc' dir='ltr'>τῷ</span> <span class='ocrx_word' id='word_1_486' title='bbox 2510 3585 2674 3657; x_wconf 82' lang='grc' dir='ltr'>κοινῷ</span> <span class='ocrx_word' id='word_1_487' title='bbox 2713 3584 2960 3655; x_wconf 76' lang='grc' dir='ltr'>ᾼεσπότῃ</span> <span class='ocrx_word' id='word_1_488' title='bbox 3006 3584 3070 3636; x_wconf 79' lang='grc' dir='ltr'><strong>ἐκ</strong></span> <span class='ocrx_word' id='word_1_489' title='bbox 3097 3581 3206 3637; x_wconf 84' lang='grc' dir='ltr'>τῶν</span> <span class='ocrx_word' id='word_1_490' title='bbox 3230 3578 3588 3650; x_wconf 79' lang='grc' dir='ltr'>ὑπαρχόντων</span> <span class='ocrx_word' id='word_1_491' title='bbox 3626 3577 3680 3629; x_wconf 80' lang='grc' dir='ltr'>ὲν</span> <span class='ocrx_word' id='word_1_492' title='bbox 3705 3572 3802 3632; x_wconf 80' lang='grc' dir='ltr'>τοῖς</span> 
     </span>
    </p>
   </div>
   <div class='ocr_carea' id='block_1_66' title="bbox 565 3669 1762 3744">
    <p class='ocr_par' dir='ltr' id='par_1_66' title="bbox 565 3669 1762 3744">
     <span class='ocr_line' id='line_1_66' title="bbox 565 3669 1762 3744; baseline 0.004 -22"><span class='ocrx_word' id='word_1_493' title='bbox 565 3669 884 3738; x_wconf 76' lang='grc' dir='ltr'>ἀναγκαίοις</span> <span class='ocrx_word' id='word_1_494' title='bbox 906 3672 1001 3724; x_wconf 80' lang='grc' dir='ltr'><strong>καὶ</strong></span> <span class='ocrx_word' id='word_1_495' title='bbox 1029 3673 1139 3734; x_wconf 85' lang='grc' dir='ltr'>τοῖς</span> <span class='ocrx_word' id='word_1_496' title='bbox 1166 3672 1438 3744; x_wconf 83' lang='grc' dir='ltr'>μαθηταῖς</span> <span class='ocrx_word' id='word_1_497' title='bbox 1462 3672 1762 3744; x_wconf 87' lang='grc' dir='ltr'>διηκόνουν.</span> 
     </span>
    </p>
   </div>
   <div class='ocr_carea' id='block_1_67' title="bbox 636 3762 2212 3836">
    <p class='ocr_par' dir='ltr' id='par_1_67' title="bbox 636 3762 2212 3836">
     <span class='ocr_line' id='line_1_67' title="bbox 636 3762 2212 3836; baseline 0.003 -19"><span class='ocrx_word' id='word_1_498' title='bbox 636 3762 767 3834; x_wconf 84' lang='lat' dir='ltr'><strong>Legi</strong></span> <span class='ocrx_word' id='word_1_499' title='bbox 799 3764 1045 3835; x_wconf 85' lang='lat' dir='ltr'><strong>ejusdem</strong></span> <span class='ocrx_word' id='word_1_500' title='bbox 1075 3766 1379 3823; x_wconf 87' lang='lat' dir='ltr'><strong>orationem</strong></span> <span class='ocrx_word' id='word_1_501' title='bbox 1409 3782 1530 3836; x_wconf 66' lang='lat' dir='ltr'><strong>quae</strong></span> <span class='ocrx_word' id='word_1_502' title='bbox 1568 3768 1888 3823; x_wconf 87' lang='lat' dir='ltr'><strong>inscribitur</strong></span> <span class='ocrx_word' id='word_1_503' title='bbox 1918 3789 1930 3818; x_wconf 85' lang='lat'><strong>:</strong></span> <span class='ocrx_word' id='word_1_504' title='bbox 1960 3766 2137 3822; x_wconf 86' lang='lat' dir='ltr'><strong>Enco-</strong></span> <span class='ocrx_word' id='word_1_505' title='bbox 2166 3774 2212 3832; x_wconf 75' lang='grc' dir='ltr'>ο</span> 
     </span>
    </p>
   </div>
   <div class='ocr_carea' id='block_1_68' title="bbox 568 3857 2144 3929">
    <p class='ocr_par' dir='ltr' id='par_1_68' title="bbox 568 3857 2144 3929">
     <span class='ocr_line' id='line_1_68' title="bbox 568 3857 2144 3929; baseline 0 -18"><span class='ocrx_word' id='word_1_506' title='bbox 568 3860 736 3911; x_wconf 78' lang='lat' dir='ltr'><strong>mium</strong></span> <span class='ocrx_word' id='word_1_507' title='bbox 792 3858 850 3912; x_wconf 81' lang='lat' dir='ltr'><strong>in</strong></span> <span class='ocrx_word' id='word_1_508' title='bbox 897 3858 1336 3917; x_wconf 83' lang='lat' dir='ltr'><strong>obdormitionem</strong></span> <span class='ocrx_word' id='word_1_509' title='bbox 1379 3858 1621 3928; x_wconf 67' lang='grc' dir='ltr'>Πείρου-ιε</span> <span class='ocrx_word' id='word_1_510' title='bbox 1666 3857 1919 3929; x_wconf 83' lang='lat' dir='ltr'><strong>Virginis.</strong></span> <span class='ocrx_word' id='word_1_511' title='bbox 1961 3858 2144 3928; x_wconf 85' lang='lat' dir='ltr'><strong>Longa</strong></span> 
     </span>
    </p>
   </div>
   <div class='ocr_carea' id='block_1_69' title="bbox 566 3949 2144 4020">
    <p class='ocr_par' dir='ltr' id='par_1_69' title="bbox 566 3949 2144 4020">
     <span class='ocr_line' id='line_1_69' title="bbox 566 3949 2144 4020; baseline 0.003 -19"><span class='ocrx_word' id='word_1_512' title='bbox 566 3949 789 4018; x_wconf 80' lang='lat' dir='ltr'><strong>quidem</strong></span> <span class='ocrx_word' id='word_1_513' title='bbox 813 3958 896 4004; x_wconf 88' lang='lat' dir='ltr'><strong>est</strong></span> <span class='ocrx_word' id='word_1_514' title='bbox 924 3949 1122 4010; x_wconf 87' lang='lat' dir='ltr'><strong>oratio,</strong></span> <span class='ocrx_word' id='word_1_515' title='bbox 1155 3949 1250 4005; x_wconf 88' lang='lat' dir='ltr'><strong>sed</strong></span> <span class='ocrx_word' id='word_1_516' title='bbox 1288 3950 1422 4004; x_wconf 88' lang='lat' dir='ltr'><strong>nihil</strong></span> <span class='ocrx_word' id='word_1_517' title='bbox 1449 3952 1849 4017; x_wconf 88' lang='lat' dir='ltr'><strong>necessarium,</strong></span> <span class='ocrx_word' id='word_1_518' title='bbox 1875 3966 1977 4006; x_wconf 90' lang='lat' dir='ltr'><strong>nec</strong></span> <span class='ocrx_word' id='word_1_519' title='bbox 2005 3967 2144 4020; x_wconf 68' lang='lat' dir='ltr'><strong>pra:-</strong></span> 
     </span>
    </p>
   </div>
   <div class='ocr_carea' id='block_1_70' title="bbox 569 4038 1967 4111">
    <p class='ocr_par' dir='ltr' id='par_1_70' title="bbox 569 4038 1967 4111">
     <span class='ocr_line' id='line_1_70' title="bbox 569 4038 1967 4111; baseline 0.002 -17"><span class='ocrx_word' id='word_1_520' title='bbox 569 4039 783 4097; x_wconf 86' lang='lat' dir='ltr'><strong>cedenti</strong></span> <span class='ocrx_word' id='word_1_521' title='bbox 818 4038 949 4110; x_wconf 90' lang='lat' dir='ltr'><strong>quid</strong></span> <span class='ocrx_word' id='word_1_522' title='bbox 980 4038 1254 4096; x_wconf 79' lang='lat' dir='ltr'><strong>familiare</strong></span> <span class='ocrx_word' id='word_1_523' title='bbox 1283 4051 1686 4111; x_wconf 85' lang='lat' dir='ltr'><strong>cognatumque</strong></span> <span class='ocrx_word' id='word_1_524' title='bbox 1714 4040 1967 4097; x_wconf 78' lang='lat' dir='ltr'><strong>aﬂ‘erens.</strong></span> 
     </span>
    </p>
   </div>
   <div class='ocr_carea' id='block_1_71' title="bbox 570 4217 2149 4290">
    <p class='ocr_par' dir='ltr' id='par_1_71' title="bbox 570 4217 2149 4290">
     <span class='ocr_line' id='line_1_71' title="bbox 570 4217 2149 4290; baseline -0.001 -18"><span class='ocrx_word' id='word_1_525' title='bbox 570 4217 799 4279; x_wconf 72' lang='lat' dir='ltr'><strong>Modesti</strong></span> <span class='ocrx_word' id='word_1_526' title='bbox 850 4219 1320 4290; x_wconf 79' lang='lat' dir='ltr'><strong>Hierosolymitani</strong></span> <span class='ocrx_word' id='word_1_527' title='bbox 1353 4220 1824 4290; x_wconf 81' lang='lat' dir='ltr'><strong>archiepiscopi.—</strong></span> <span class='ocrx_word' id='word_1_528' title='bbox 1854 4219 1922 4274; x_wconf 83' lang='lat' dir='ltr'><strong>In</strong></span> <span class='ocrx_word' id='word_1_529' title='bbox 1949 4220 2149 4277; x_wconf 85' lang='lat' dir='ltr'><strong>Occur-</strong></span> 
     </span>
    </p>
   </div>
   <div class='ocr_carea' id='block_1_72' title="bbox 1292 4307 1430 4345">
    <p class='ocr_par' dir='ltr' id='par_1_72' title="bbox 1292 4307 1430 4345">
     <span class='ocr_line' id='line_1_72' title="bbox 1292 4307 1430 4345; baseline -0.007 0"><span class='ocrx_word' id='word_1_530' title='bbox 1292 4307 1430 4345; x_wconf 82' lang='lat' dir='ltr'><strong>sum.</strong></span> 
     </span>
    </p>
   </div>
   <div class='ocr_carea' id='block_1_73' title="bbox 642 4381 2148 4466">
    <p class='ocr_par' dir='ltr' id='par_1_73' title="bbox 642 4381 2148 4466">
     <span class='ocr_line' id='line_1_73' title="bbox 642 4381 2148 4466; baseline -0.001 -29"><span class='ocrx_word' id='word_1_531' title='bbox 642 4383 798 4447; x_wconf 84' lang='lat' dir='ltr'><strong>Anna</strong></span> <span class='ocrx_word' id='word_1_532' title='bbox 830 4399 952 4439; x_wconf 91' lang='lat' dir='ltr'><strong>cum</strong></span> <span class='ocrx_word' id='word_1_533' title='bbox 990 4385 1109 4438; x_wconf 87' lang='lat' dir='ltr'><strong>virn</strong></span> <span class='ocrx_word' id='word_1_534' title='bbox 1140 4393 1349 4454; x_wconf 86' lang='lat' dir='ltr'><strong>septem</strong></span> <span class='ocrx_word' id='word_1_535' title='bbox 1385 4381 1903 4466; x_wconf 53' lang='lat' dir='ltr'><strong>ann_os,Sahb.atum</strong></span> <span class='ocrx_word' id='word_1_536' title='bbox 1937 4382 2148 4445; x_wconf 91' lang='lat' dir='ltr'><strong>colens,</strong></span> 
     </span>
    </p>
   </div>
   <div class='ocr_carea' id='block_1_74' title="bbox 571 4475 2153 4546">
    <p class='ocr_par' dir='ltr' id='par_1_74' title="bbox 571 4475 2153 4546">
     <span class='ocr_line' id='line_1_74' title="bbox 571 4475 2153 4546; baseline -0.002 -17"><span class='ocrx_word' id='word_1_537' title='bbox 571 4476 830 4545; x_wconf 90' lang='lat' dir='ltr'><strong>precibus</strong></span> <span class='ocrx_word' id='word_1_538' title='bbox 892 4487 947 4530; x_wconf 85' lang='lat' dir='ltr'><strong>et</strong></span> <span class='ocrx_word' id='word_1_539' title='bbox 992 4476 1220 4545; x_wconf 89' lang='lat' dir='ltr'><strong>jejuniis</strong></span> <span class='ocrx_word' id='word_1_540' title='bbox 1253 4476 1559 4539; x_wconf 55' lang='lat' dir='ltr'><strong>adhaerens,</strong></span> <span class='ocrx_word' id='word_1_541' title='bbox 1595 4475 1872 4546; x_wconf 79' lang='lat' dir='ltr'><strong>octoginta</strong></span> <span class='ocrx_word' id='word_1_542' title='bbox 1915 4484 2153 4543; x_wconf 89' lang='lat' dir='ltr'><strong>quatuor</strong></span> 
     </span>
    </p>
   </div>
   <div class='ocr_carea' id='block_1_75' title="bbox 574 4567 2151 4638">
    <p class='ocr_par' dir='ltr' id='par_1_75' title="bbox 574 4567 2151 4638">
     <span class='ocr_line' id='line_1_75' title="bbox 574 4567 2151 4638; baseline -0.001 -16"><span class='ocrx_word' id='word_1_543' title='bbox 574 4582 751 4623; x_wconf 88' lang='lat' dir='ltr'><strong>annos</strong></span> <span class='ocrx_word' id='word_1_544' title='bbox 774 4584 899 4622; x_wconf 91' lang='lat' dir='ltr'><strong>cum</strong></span> <span class='ocrx_word' id='word_1_545' title='bbox 926 4569 1282 4638; x_wconf 77' lang='lat' dir='ltr'><strong>exegisset&quot;,</strong></span> <span class='ocrx_word' id='word_1_546' title='bbox 1307 4583 1530 4623; x_wconf 90' lang='lat' dir='ltr'><strong>carnem</strong></span> <span class='ocrx_word' id='word_1_547' title='bbox 1553 4583 1583 4624; x_wconf 93' lang='lat' dir='ltr'><strong>e</strong></span> <span class='ocrx_word' id='word_1_548' title='bbox 1610 4577 1846 4638; x_wconf 88' lang='lat' dir='ltr'><strong>quatuor</strong></span> <span class='ocrx_word' id='word_1_549' title='bbox 1864 4567 2151 4622; x_wconf 88' lang='lat' dir='ltr'><strong>elementis</strong></span> 
     </span>
    </p>
   </div>
   <div class='ocr_carea' id='block_1_76' title="bbox 573 4659 2153 4731">
    <p class='ocr_par' dir='ltr' id='par_1_76' title="bbox 573 4659 2153 4731">
     <span class='ocr_line' id='line_1_76' title="bbox 573 4659 2153 4731; baseline -0.003 -14"><span class='ocrx_word' id='word_1_550' title='bbox 573 4660 937 4731; x_wconf 86' lang='lat' dir='ltr'><strong>compositam</strong></span> <span class='ocrx_word' id='word_1_551' title='bbox 968 4661 1211 4728; x_wconf 88' lang='lat' dir='ltr'><strong>vincens,</strong></span> <span class='ocrx_word' id='word_1_552' title='bbox 1250 4671 1304 4725; x_wconf 87' lang='lat' dir='ltr'><strong>et</strong></span> <span class='ocrx_word' id='word_1_553' title='bbox 1339 4670 1575 4718; x_wconf 88' lang='lat' dir='ltr'><strong>mentem</strong></span> <span class='ocrx_word' id='word_1_554' title='bbox 1610 4662 1888 4716; x_wconf 86' lang='lat' dir='ltr'><strong>mundans</strong></span> <span class='ocrx_word' id='word_1_555' title='bbox 1923 4659 1991 4714; x_wconf 91' lang='lat' dir='ltr'><strong>ad</strong></span> <span class='ocrx_word' id='word_1_556' title='bbox 2022 4675 2153 4715; x_wconf 88' lang='lat' dir='ltr'><strong>san-</strong></span> 
     </span>
    </p>
   </div>
   <div class='ocr_carea' id='block_1_77' title="bbox 573 4754 2154 4827">
    <p class='ocr_par' dir='ltr' id='par_1_77' title="bbox 573 4754 2154 4827">
     <span class='ocr_line' id='line_1_77' title="bbox 573 4754 2154 4827; baseline -0.003 -16"><span class='ocrx_word' id='word_1_557' title='bbox 573 4755 649 4811; x_wconf 86' lang='lat' dir='ltr'><strong>eti</strong></span> <span class='ocrx_word' id='word_1_558' title='bbox 685 4755 922 4823; x_wconf 84' lang='lat' dir='ltr'><strong>Spiritus</strong></span> <span class='ocrx_word' id='word_1_559' title='bbox 952 4756 1345 4825; x_wconf 86' lang='lat' dir='ltr'><strong>receptionem,</strong></span> <span class='ocrx_word' id='word_1_560' title='bbox 1376 4765 1430 4810; x_wconf 87' lang='lat' dir='ltr'><strong>et</strong></span> <span class='ocrx_word' id='word_1_561' title='bbox 1458 4756 1805 4827; x_wconf 85' lang='lat' dir='ltr'><strong>generalibus</strong></span> <span class='ocrx_word' id='word_1_562' title='bbox 1831 4754 2019 4827; x_wconf 80' lang='lat' dir='ltr'><strong>[vulgo</strong></span> <span class='ocrx_word' id='word_1_563' title='bbox 2040 4769 2154 4815; x_wconf 84' lang='lat' dir='ltr'><strong>car-</strong></span> 
     </span>
    </p>
   </div>
   <div class='ocr_carea' id='block_1_78' title="bbox 573 4846 2151 4920">
    <p class='ocr_par' dir='ltr' id='par_1_78' title="bbox 573 4846 2151 4920">
     <span class='ocr_line' id='line_1_78' title="bbox 573 4846 2151 4920; baseline -0.002 -18"><span class='ocrx_word' id='word_1_564' title='bbox 573 4846 849 4902; x_wconf 88' lang='lat' dir='ltr'><strong>dinalibus</strong></span> <span class='ocrx_word' id='word_1_565' title='bbox 869 4846 1057 4920; x_wconf 87' lang='lat' dir='ltr'><strong>dictis]</strong></span> <span class='ocrx_word' id='word_1_566' title='bbox 1075 4864 1132 4902; x_wconf 90' lang='lat' dir='ltr'><strong>se</strong></span> <span class='ocrx_word' id='word_1_567' title='bbox 1165 4849 1335 4917; x_wconf 89' lang='lat' dir='ltr'><strong>ipsam</strong></span> <span class='ocrx_word' id='word_1_568' title='bbox 1364 4848 1658 4904; x_wconf 90' lang='lat' dir='ltr'><strong>virtutibus</strong></span> <span class='ocrx_word' id='word_1_569' title='bbox 1676 4861 1973 4911; x_wconf 81' lang='lat' dir='ltr'><strong>exornans,</strong></span> <span class='ocrx_word' id='word_1_570' title='bbox 1996 4854 2151 4900; x_wconf 90' lang='lat' dir='ltr'><strong>octo-</strong></span> 
     </span>
    </p>
   </div>
   <div class='ocr_carea' id='block_1_79' title="bbox 577 4940 2155 5012">
    <p class='ocr_par' dir='ltr' id='par_1_79' title="bbox 577 4940 2155 5012">
     <span class='ocr_line' id='line_1_79' title="bbox 577 4940 2155 5012; baseline 0 -20"><span class='ocrx_word' id='word_1_571' title='bbox 577 4940 846 5011; x_wconf 86' lang='lat' dir='ltr'><strong>gesimum</strong></span> <span class='ocrx_word' id='word_1_572' title='bbox 886 4956 1092 4999; x_wconf 88' lang='lat' dir='ltr'><strong>annum</strong></span> <span class='ocrx_word' id='word_1_573' title='bbox 1120 4952 1410 5012; x_wconf 88' lang='lat' dir='ltr'><strong>postquam</strong></span> <span class='ocrx_word' id='word_1_574' title='bbox 1443 4944 1703 5008; x_wconf 70' lang='lat' dir='ltr'><strong>excessit,</strong></span> <span class='ocrx_word' id='word_1_575' title='bbox 1743 4941 1799 4997; x_wconf 88' lang='lat' dir='ltr'><strong>in</strong></span> <span class='ocrx_word' id='word_1_576' title='bbox 1830 4941 2036 5010; x_wconf 89' lang='lat' dir='ltr'><strong>templo</strong></span> <span class='ocrx_word' id='word_1_577' title='bbox 2070 4940 2155 4992; x_wconf 82' lang='lat' dir='ltr'><strong>in-</strong></span> 
     </span>
    </p>
   </div>
   <div class='ocr_carea' id='block_1_80' title="bbox 575 5031 2151 5106">
    <p class='ocr_par' dir='ltr' id='par_1_80' title="bbox 575 5031 2151 5106">
     <span class='ocr_line' id='line_1_80' title="bbox 575 5031 2151 5106; baseline 0.001 -21"><span class='ocrx_word' id='word_1_578' title='bbox 575 5032 727 5086; x_wconf 85' lang='lat' dir='ltr'><strong>venit</strong></span> <span class='ocrx_word' id='word_1_579' title='bbox 752 5031 921 5087; x_wconf 86' lang='lat' dir='ltr'><strong>futuri</strong></span> <span class='ocrx_word' id='word_1_580' title='bbox 958 5035 1222 5106; x_wconf 88' lang='lat' dir='ltr'><strong>temporis</strong></span> <span class='ocrx_word' id='word_1_581' title='bbox 1253 5033 1619 5102; x_wconf 86' lang='lat' dir='ltr'><strong>Salvatorem,</strong></span> <span class='ocrx_word' id='word_1_582' title='bbox 1678 5038 1826 5092; x_wconf 89' lang='lat' dir='ltr'><strong>ulnis</strong></span> <span class='ocrx_word' id='word_1_583' title='bbox 1858 5044 2151 5103; x_wconf 77' lang='lat' dir='ltr'><strong>gestatum.</strong></span> 
     </span>
    </p>
   </div>
   <div class='ocr_carea' id='block_1_81' title="bbox 2331 3745 3801 3835">
    <p class='ocr_par' dir='ltr' id='par_1_81' title="bbox 2331 3745 3801 3835">
     <span class='ocr_line' id='line_1_81' title="bbox 2331 3745 3801 3835; baseline -0.013 -14"><span class='ocrx_word' id='word_1_584' title='bbox 2331 3764 2668 3835; x_wconf 79' lang='grc' dir='ltr'>Ἀνεγνὼσθη</span> <span class='ocrx_word' id='word_1_585' title='bbox 2720 3762 2815 3815; x_wconf 75' lang='grc' dir='ltr'>τοῦ</span> <span class='ocrx_word' id='word_1_586' title='bbox 2870 3761 3034 3814; x_wconf 81' lang='grc' dir='ltr'>αὑτοῦ</span> <span class='ocrx_word' id='word_1_587' title='bbox 3083 3756 3397 3827; x_wconf 78' lang='grc' dir='ltr'>ἐπιγραφὴν</span> <span class='ocrx_word' id='word_1_588' title='bbox 3439 3754 3582 3825; x_wconf 76' lang='grc' dir='ltr'>ἔχων</span> <span class='ocrx_word' id='word_1_589' title='bbox 3612 3745 3801 3819; x_wconf 79' lang='grc' dir='ltr'><strong>Ἐγκώ⁶</strong></span> 
     </span>
    </p>
   </div>
   <div class='ocr_carea' id='block_1_82' title="bbox 2245 3839 3800 3934">
    <p class='ocr_par' dir='ltr' id='par_1_82' title="bbox 2245 3839 3800 3934">
     <span class='ocr_line' id='line_1_82' title="bbox 2245 3839 3800 3934; baseline -0.015 -22"><span class='ocrx_word' id='word_1_590' title='bbox 2245 3874 2389 3928; x_wconf 59' lang='lat' dir='ltr'><strong>tuor</strong></span> <span class='ocrx_word' id='word_1_591' title='bbox 2430 3858 2517 3921; x_wconf 83' lang='grc' dir='ltr'><strong>είς</strong></span> <span class='ocrx_word' id='word_1_592' title='bbox 2551 3854 2665 3921; x_wconf 79' lang='grc' dir='ltr'><strong>τὴν</strong></span> <span class='ocrx_word' id='word_1_593' title='bbox 2708 3852 2996 3920; x_wconf 83' lang='grc' dir='ltr'>κοιμησιν</span> <span class='ocrx_word' id='word_1_594' title='bbox 3037 3848 3144 3917; x_wconf 82' lang='grc' dir='ltr'>τῆς</span> <span class='ocrx_word' id='word_1_595' title='bbox 3179 3845 3479 3915; x_wconf 56' lang='lat' dir='ltr'><strong>nava-plac</strong></span> <span class='ocrx_word' id='word_1_596' title='bbox 3508 3839 3800 3934; x_wconf 57' lang='grc' dir='ltr'><strong>Θεοτόκουζ</strong></span> 
     </span>
    </p>
   </div>
   <div class='ocr_carea' id='block_1_83' title="bbox 2252 3929 3803 4018">
    <p class='ocr_par' dir='ltr' id='par_1_83' title="bbox 2252 3929 3803 4018">
     <span class='ocr_line' id='line_1_83' title="bbox 2252 3929 3803 4018; baseline -0.018 -14"><span class='ocrx_word' id='word_1_597' title='bbox 2252 3948 2580 4018; x_wconf 79' lang='grc' dir='ltr'>Πολύστιχος</span> <span class='ocrx_word' id='word_1_598' title='bbox 2611 3945 2707 4016; x_wconf 83' lang='grc' dir='ltr'><strong>μὲν</strong></span> <span class='ocrx_word' id='word_1_599' title='bbox 2740 3946 2771 3999; x_wconf 89' lang='grc' dir='ltr'>ὁ</span> <span class='ocrx_word' id='word_1_600' title='bbox 2796 3943 2973 4011; x_wconf 88' lang='grc' dir='ltr'>λόγος,</span> <span class='ocrx_word' id='word_1_601' title='bbox 3004 3939 3155 3993; x_wconf 76' lang='grc' dir='ltr'>οὐδὲν</span> <span class='ocrx_word' id='word_1_602' title='bbox 3188 3938 3231 3990; x_wconf 80' lang='grc' dir='ltr'>δ’</span> <span class='ocrx_word' id='word_1_603' title='bbox 3260 3936 3559 4003; x_wconf 82' lang='grc' dir='ltr'>ἀναγκαῖον</span> <span class='ocrx_word' id='word_1_604' title='bbox 3582 3929 3698 3983; x_wconf 77' lang='grc' dir='ltr'>οὐδὲ</span> <span class='ocrx_word' id='word_1_605' title='bbox 3722 3929 3803 3978; x_wconf 79' lang='grc' dir='ltr'>τοῦ</span> 
     </span>
    </p>
   </div>
   <div class='ocr_carea' id='block_1_84' title="bbox 2251 4021 3804 4108">
    <p class='ocr_par' dir='ltr' id='par_1_84' title="bbox 2251 4021 3804 4108">
     <span class='ocr_line' id='line_1_84' title="bbox 2251 4021 3804 4108; baseline -0.016 -15"><span class='ocrx_word' id='word_1_606' title='bbox 2251 4026 2745 4108; x_wconf 75' lang='grc' dir='ltr'>προγεγραμμένου</span> <span class='ocrx_word' id='word_1_607' title='bbox 2780 4034 2940 4101; x_wconf 87' lang='grc' dir='ltr'>λόγου</span> <span class='ocrx_word' id='word_1_608' title='bbox 2970 4032 3169 4085; x_wconf 84' lang='grc' dir='ltr'>οἰκεῖον</span> <span class='ocrx_word' id='word_1_609' title='bbox 3193 4027 3240 4061; x_wconf 73' lang='grc'>³⁷</span> <span class='ocrx_word' id='word_1_610' title='bbox 3280 4028 3374 4080; x_wconf 78' lang='grc' dir='ltr'><strong>καὶ</strong></span> <span class='ocrx_word' id='word_1_611' title='bbox 3406 4022 3666 4093; x_wconf 81' lang='grc' dir='ltr'>συγγενὲς</span> <span class='ocrx_word' id='word_1_612' title='bbox 3702 4021 3804 4071; x_wconf 78' lang='grc' dir='ltr'>ἐπι-</span> 
     </span>
    </p>
   </div>
   <div class='ocr_carea' id='block_1_85' title="bbox 2252 4128 2613 4198">
    <p class='ocr_par' dir='ltr' id='par_1_85' title="bbox 2252 4128 2613 4198">
     <span class='ocr_line' id='line_1_85' title="bbox 2252 4128 2613 4198; baseline -0.017 -14"><span class='ocrx_word' id='word_1_613' title='bbox 2252 4130 2428 4197; x_wconf 85' lang='grc' dir='ltr'>δεδειγ</span> <span class='ocrx_word' id='word_1_614' title='bbox 2436 4128 2613 4198; x_wconf 76' lang='grc' dir='ltr'>μένος,</span> 
     </span>
    </p>
   </div>
   <div class='ocr_carea' id='block_1_86' title="bbox 2251 4197 3803 4289">
    <p class='ocr_par' dir='ltr' id='par_1_86' title="bbox 2251 4197 3803 4289">
     <span class='ocr_line' id='line_1_86' title="bbox 2251 4197 3803 4289; baseline -0.023 -9"><span class='ocrx_word' id='word_1_615' title='bbox 2251 4197 2563 4279; x_wconf 73' lang='grc' dir='ltr'>Μοδέάτου</span> <span class='ocrx_word' id='word_1_616' title='bbox 2588 4216 3067 4289; x_wconf 60' lang='grc' dir='ltr'>ἀρχιεπισκόθζου</span> <span class='ocrx_word' id='word_1_617' title='bbox 3099 4210 3528 4289; x_wconf 63' lang='grc' dir='ltr'>Ἰεροσολύμων</span> <span class='ocrx_word' id='word_1_618' title='bbox 3554 4209 3621 4262; x_wconf 75' lang='grc' dir='ltr'>ἐκ</span> <span class='ocrx_word' id='word_1_619' title='bbox 3652 4200 3748 4257; x_wconf 82' lang='grc' dir='ltr'><strong>τοῦ</strong></span> <span class='ocrx_word' id='word_1_620' title='bbox 3766 4197 3803 4228; x_wconf 76' lang='grc'><strong>’⁸</strong></span> 
     </span>
    </p>
   </div>
   <div class='ocr_carea' id='block_1_87' title="bbox 2713 4283 3370 4356">
    <p class='ocr_par' dir='ltr' id='par_1_87' title="bbox 2713 4283 3370 4356">
     <span class='ocr_line' id='line_1_87' title="bbox 2713 4283 3370 4356; baseline -0.012 -14"><span class='ocrx_word' id='word_1_621' title='bbox 2713 4293 2799 4355; x_wconf 81' lang='grc' dir='ltr'><strong>είς</strong></span> <span class='ocrx_word' id='word_1_622' title='bbox 2813 4288 2927 4356; x_wconf 79' lang='grc' dir='ltr'><strong>τὴν</strong></span> <span class='ocrx_word' id='word_1_623' title='bbox 2970 4283 3370 4350; x_wconf 76' lang='grc' dir='ltr'>Ὺπαπαντήν.</span> 
     </span>
    </p>
   </div>
   <div class='ocr_carea' id='block_1_88' title="bbox 2322 4355 3805 4456">
    <p class='ocr_par' dir='ltr' id='par_1_88' title="bbox 2322 4355 3805 4456">
     <span class='ocr_line' id='line_1_88' title="bbox 2322 4355 3805 4456; baseline -0.021 -15"><span class='ocrx_word' id='word_1_624' title='bbox 2322 4388 2433 4441; x_wconf 78' lang='grc' dir='ltr'><strong>Καὶ</strong></span> <span class='ocrx_word' id='word_1_625' title='bbox 2465 4386 2497 4456; x_wconf 74' lang='grc' dir='ltr'><strong>ὴ</strong></span> <span class='ocrx_word' id='word_1_626' title='bbox 2526 4384 2616 4438; x_wconf 80' lang='grc' dir='ltr'><strong>τὸν</strong></span> <span class='ocrx_word' id='word_1_627' title='bbox 2652 4380 3021 4450; x_wconf 74' lang='grc' dir='ltr'>ἑϐδομήκοντα</span> <span class='ocrx_word' id='word_1_628' title='bbox 3051 4376 3244 4446; x_wconf 84' lang='grc' dir='ltr'>χρόνον</span> <span class='ocrx_word' id='word_1_629' title='bbox 3278 4370 3651 4425; x_wconf 76' lang='grc' dir='ltr'>σαϐϐατίσασα</span> <span class='ocrx_word' id='word_1_630' title='bbox 3685 4355 3805 4430; x_wconf 74' lang='grc' dir='ltr'><strong>μετᾶ</strong></span> 
     </span>
    </p>
   </div>
   <div class='ocr_carea' id='block_1_89' title="bbox 2254 4465 3803 4549">
    <p class='ocr_par' dir='ltr' id='par_1_89' title="bbox 2254 4465 3803 4549">
     <span class='ocr_line' id='line_1_89' title="bbox 2254 4465 3803 4549; baseline -0.019 -15"><span class='ocrx_word' id='word_1_631' title='bbox 2254 4480 2445 4549; x_wconf 80' lang='grc' dir='ltr'>ἀνδρὸς</span> <span class='ocrx_word' id='word_1_632' title='bbox 2478 4473 3003 4545; x_wconf 75' lang='grc' dir='ltr'>Ἀννα,προσευχαῖς</span> <span class='ocrx_word' id='word_1_633' title='bbox 3042 4468 3138 4522; x_wconf 69' lang='lat' dir='ltr'><strong>ml</strong></span> <span class='ocrx_word' id='word_1_634' title='bbox 3177 4465 3454 4535; x_wconf 83' lang='grc' dir='ltr'>νηστείαις</span> <span class='ocrx_word' id='word_1_635' title='bbox 3490 4466 3803 4532; x_wconf 80' lang='grc' dir='ltr'>προσκαρτε-</span> 
     </span>
    </p>
   </div>
   <div class='ocr_carea' id='block_1_90' title="bbox 2262 4553 3802 4643">
    <p class='ocr_par' dir='ltr' id='par_1_90' title="bbox 2262 4553 3802 4643">
     <span class='ocr_line' id='line_1_90' title="bbox 2262 4553 3802 4643; baseline -0.018 -16"><span class='ocrx_word' id='word_1_636' title='bbox 2262 4572 2451 4643; x_wconf 85' lang='grc' dir='ltr'>ροῦσα,</span> <span class='ocrx_word' id='word_1_637' title='bbox 2492 4569 2823 4639; x_wconf 81' lang='grc' dir='ltr'>ὀγδοήκοντα</span> <span class='ocrx_word' id='word_1_638' title='bbox 2864 4565 2960 4618; x_wconf 79' lang='grc' dir='ltr'><strong>καὶ</strong></span> <span class='ocrx_word' id='word_1_639' title='bbox 2988 4560 3268 4631; x_wconf 77' lang='grc' dir='ltr'>τεσσάρων</span> <span class='ocrx_word' id='word_1_640' title='bbox 3307 4556 3444 4609; x_wconf 76' lang='grc' dir='ltr'>ἐτῶν</span> <span class='ocrx_word' id='word_1_641' title='bbox 3487 4553 3802 4643; x_wconf 47' lang='grc' dir='ltr'>ὑπάρχουσατ</span> 
     </span>
    </p>
   </div>
   <div class='ocr_carea' id='block_1_91' title="bbox 2256 4630 3805 4736">
    <p class='ocr_par' dir='ltr' id='par_1_91' title="bbox 2256 4630 3805 4736">
     <span class='ocr_line' id='line_1_91' title="bbox 2256 4630 3805 4736; baseline -0.016 -17"><span class='ocrx_word' id='word_1_642' title='bbox 2256 4666 2354 4736; x_wconf 85' lang='grc' dir='ltr'>τὴν</span> <span class='ocrx_word' id='word_1_643' title='bbox 2379 4666 2444 4717; x_wconf 80' lang='grc' dir='ltr'><strong>ἐκ</strong></span> <span class='ocrx_word' id='word_1_644' title='bbox 2469 4662 2577 4715; x_wconf 84' lang='grc' dir='ltr'><strong>τῶν</strong></span> <span class='ocrx_word' id='word_1_645' title='bbox 2603 4660 2885 4730; x_wconf 82' lang='grc' dir='ltr'>τεσσάρων</span> <span class='ocrx_word' id='word_1_646' title='bbox 2911 4653 3189 4723; x_wconf 86' lang='grc' dir='ltr'>στοιχείων</span> <span class='ocrx_word' id='word_1_647' title='bbox 3216 4650 3485 4719; x_wconf 83' lang='grc' dir='ltr'>νικήσασα</span> <span class='ocrx_word' id='word_1_648' title='bbox 3517 4644 3704 4713; x_wconf 76' lang='grc' dir='ltr'>σάρκα,</span> <span class='ocrx_word' id='word_1_649' title='bbox 3721 4630 3805 4736; x_wconf 39' lang='grc' dir='ltr'>λίαὶ</span> 
     </span>
    </p>
   </div>
   <div class='ocr_carea' id='block_1_92' title="bbox 2258 4728 3803 4822">
    <p class='ocr_par' dir='ltr' id='par_1_92' title="bbox 2258 4728 3803 4822">
     <span class='ocr_line' id='line_1_92' title="bbox 2258 4728 3803 4822; baseline -0.017 -11"><span class='ocrx_word' id='word_1_650' title='bbox 2258 4728 2348 4812; x_wconf 63' lang='grc' dir='ltr'><strong>τόν</strong></span> <span class='ocrx_word' id='word_1_651' title='bbox 2378 4755 2503 4809; x_wconf 78' lang='grc' dir='ltr'>νοῦν</span> <span class='ocrx_word' id='word_1_652' title='bbox 2523 4728 2812 4822; x_wconf 86' lang='grc' dir='ltr'>καθάρασα</span> <span class='ocrx_word' id='word_1_653' title='bbox 2837 4749 2971 4820; x_wconf 81' lang='grc' dir='ltr'>πρὸς</span> <span class='ocrx_word' id='word_1_654' title='bbox 3002 4744 3271 4815; x_wconf 69' lang='grc' dir='ltr'>ὑποδοχὴν</span> <span class='ocrx_word' id='word_1_655' title='bbox 3302 4741 3617 4812; x_wconf 80' lang='grc' dir='ltr'>Πνεὺματος</span> <span class='ocrx_word' id='word_1_656' title='bbox 3649 4728 3803 4797; x_wconf 64' lang='grc' dir='ltr'>ἁγίου,</span> 
     </span>
    </p>
   </div>
   <div class='ocr_carea' id='block_1_93' title="bbox 2259 4827 3804 4925">
    <p class='ocr_par' dir='ltr' id='par_1_93' title="bbox 2259 4827 3804 4925">
     <span class='ocr_line' id='line_1_93' title="bbox 2259 4827 3804 4925; baseline -0.017 -20"><span class='ocrx_word' id='word_1_657' title='bbox 2259 4852 2354 4905; x_wconf 72' lang='grc' dir='ltr'>καὶ</span> <span class='ocrx_word' id='word_1_658' title='bbox 2392 4852 2511 4912; x_wconf 87' lang='grc' dir='ltr'>ταῖς</span> <span class='ocrx_word' id='word_1_659' title='bbox 2552 4848 2796 4915; x_wconf 88' lang='grc' dir='ltr'>γενικαῖς</span> <span class='ocrx_word' id='word_1_660' title='bbox 2839 4842 3036 4910; x_wconf 78' lang='grc' dir='ltr'>ἑαυτὴν</span> <span class='ocrx_word' id='word_1_661' title='bbox 3075 4838 3299 4909; x_wconf 86' lang='grc' dir='ltr'>ἀρεταῖς</span> <span class='ocrx_word' id='word_1_662' title='bbox 3345 4827 3804 4925; x_wconf 48' lang='grc' dir='ltr'>κατακοσμήσασξίν</span> 
     </span>
    </p>
   </div>
   <div class='ocr_carea' id='block_1_94' title="bbox 2256 4914 3805 5010">
    <p class='ocr_par' dir='ltr' id='par_1_94' title="bbox 2256 4914 3805 5010">
     <span class='ocr_line' id='line_1_94' title="bbox 2256 4914 3805 5010; baseline -0.031 -6"><span class='ocrx_word' id='word_1_663' title='bbox 2256 4944 2348 4996; x_wconf 70' lang='grc' dir='ltr'><strong>τὸν</strong></span> <span class='ocrx_word' id='word_1_664' title='bbox 2381 4941 2479 5010; x_wconf 83' lang='grc' dir='ltr'><strong>τῆς</strong></span> <span class='ocrx_word' id='word_1_665' title='bbox 2504 4914 2919 5007; x_wconf 84' lang='grc' dir='ltr'>ὀγδοηκοντάδος</span> <span class='ocrx_word' id='word_1_666' title='bbox 2952 4931 3265 5001; x_wconf 76' lang='grc' dir='ltr'>παρέδραμε</span> <span class='ocrx_word' id='word_1_667' title='bbox 3299 4928 3343 4959; x_wconf 74' lang='grc'><strong>⁸³</strong></span> <span class='ocrx_word' id='word_1_668' title='bbox 3375 4923 3583 4995; x_wconf 64' lang='grc' dir='ltr'>καιρὸν,</span> <span class='ocrx_word' id='word_1_669' title='bbox 3617 4914 3702 5010; x_wconf 68' lang='grc' dir='ltr'><strong>καὶ</strong></span> <span class='ocrx_word' id='word_1_670' title='bbox 3728 4914 3805 5010; x_wconf 63' lang='lat' dir='ltr'><strong>ei)-</strong></span> 
     </span>
    </p>
   </div>
   <div class='ocr_carea' id='block_1_95' title="bbox 2264 5000 3806 5106">
    <p class='ocr_par' dir='ltr' id='par_1_95' title="bbox 2264 5000 3806 5106">
     <span class='ocr_line' id='line_1_95' title="bbox 2264 5000 3806 5106; baseline -0.017 -18"><span class='ocrx_word' id='word_1_671' title='bbox 2264 5052 2353 5106; x_wconf 84' lang='lat' dir='ltr'><strong>pzv</strong></span> <span class='ocrx_word' id='word_1_672' title='bbox 2393 5036 2451 5085; x_wconf 85' lang='grc' dir='ltr'>ὲν</span> <span class='ocrx_word' id='word_1_673' title='bbox 2476 5032 2555 5101; x_wconf 82' lang='grc' dir='ltr'><strong>τῷ</strong></span> <span class='ocrx_word' id='word_1_674' title='bbox 2576 5029 2690 5100; x_wconf 78' lang='grc' dir='ltr'><strong>ναῷ</strong></span> <span class='ocrx_word' id='word_1_675' title='bbox 2730 5028 2820 5082; x_wconf 78' lang='grc' dir='ltr'><strong>τὸν</strong></span> <span class='ocrx_word' id='word_1_676' title='bbox 2860 5026 3092 5095; x_wconf 79' lang='grc' dir='ltr'>Σωτῆρα</span> <span class='ocrx_word' id='word_1_677' title='bbox 3124 5021 3217 5074; x_wconf 77' lang='grc' dir='ltr'><strong>τοῦ</strong></span> <span class='ocrx_word' id='word_1_678' title='bbox 3246 5019 3529 5088; x_wconf 76' lang='grc' dir='ltr'>μέλλοντος</span> <span class='ocrx_word' id='word_1_679' title='bbox 3560 5000 3806 5106; x_wconf 41' lang='lat' dir='ltr'><strong>animi“</strong></span> 
     </span>
    </p>
   </div>
   <div class='ocr_carea' id='block_1_96' title="bbox 577 5090 2137 5194">
    <p class='ocr_par' dir='ltr' id='par_1_96' title="bbox 577 5090 2137 5194">
     <span class='ocr_line' id='line_1_96' title="bbox 577 5090 2137 5194; baseline 0.001 -20"><span class='ocrx_word' id='word_1_680' title='bbox 577 5118 772 5175; x_wconf 77' lang='lat' dir='ltr'><strong>Merito</strong></span> <span class='ocrx_word' id='word_1_681' title='bbox 793 5121 875 5175; x_wconf 83' lang='lat' dir='ltr'><strong>lex</strong></span> <span class='ocrx_word' id='word_1_682' title='bbox 899 5132 956 5176; x_wconf 89' lang='lat' dir='ltr'><strong>ut</strong></span> <span class='ocrx_word' id='word_1_683' title='bbox 979 5090 1202 5178; x_wconf 52' lang='lat' dir='ltr'><strong>causam</strong></span> <span class='ocrx_word' id='word_1_684' title='bbox 1228 5125 1506 5193; x_wconf 83' lang='lat' dir='ltr'><strong>peccantis</strong></span> <span class='ocrx_word' id='word_1_685' title='bbox 1525 5126 1842 5194; x_wconf 84' lang='lat' dir='ltr'><strong>voluptatis,</strong></span> <span class='ocrx_word' id='word_1_686' title='bbox 1867 5124 2007 5178; x_wconf 83' lang='lat' dir='ltr'><strong>ﬁlias</strong></span> <span class='ocrx_word' id='word_1_687' title='bbox 2029 5124 2137 5176; x_wconf 81' lang='lat' dir='ltr'><strong>Eva</strong></span> 
     </span>
    </p>
   </div>
   <div class='ocr_carea' id='block_1_97' title="bbox 2237 5090 3805 5194">
    <p class='ocr_par' dir='ltr' id='par_1_97' title="bbox 2258 5090 3805 5194">
     <span class='ocr_line' id='line_1_97' title="bbox 2258 5090 3805 5194; baseline -0.035 1"><span class='ocrx_word' id='word_1_688' title='bbox 2258 5090 2538 5194; x_wconf 64' lang='grc' dir='ltr'>έιγκάλαιέ</span> <span class='ocrx_word' id='word_1_689' title='bbox 2559 5090 2981 5193; x_wconf 45' lang='grc' dir='ltr'>βασῖταζόμενον.</span> <span class='ocrx_word' id='word_1_690' title='bbox 3004 5090 3143 5187; x_wconf 42' lang='lat'><strong>{-855</strong></span> <span class='ocrx_word' id='word_1_691' title='bbox 3170 5111 3263 5184; x_wconf 80' lang='lat'><strong>1].]</strong></span> <span class='ocrx_word' id='word_1_692' title='bbox 3282 5110 3516 5169; x_wconf 79' lang='grc' dir='ltr'>Εἰκότως</span> <span class='ocrx_word' id='word_1_693' title='bbox 3651 5090 3805 5194; x_wconf 48' lang='grc' dir='ltr'>αἰτίας</span> 
     </span>
    </p>
   </div>
   <div class='ocr_carea' id='block_1_98' title="bbox 575 5214 2151 5290">
    <p class='ocr_par' dir='ltr' id='par_1_98' title="bbox 575 5214 2151 5290">
     <span class='ocr_line' id='line_1_98' title="bbox 575 5214 2151 5290; baseline 0.001 -23"><span class='ocrx_word' id='word_1_694' title='bbox 575 5214 744 5290; x_wconf 84' lang='lat' dir='ltr'><strong>jussit</strong></span> <span class='ocrx_word' id='word_1_695' title='bbox 779 5216 974 5270; x_wconf 86' lang='lat' dir='ltr'><strong>ailerre</strong></span> <span class='ocrx_word' id='word_1_696' title='bbox 1001 5232 1100 5287; x_wconf 89' lang='lat' dir='ltr'><strong>pro</strong></span> <span class='ocrx_word' id='word_1_697' title='bbox 1138 5219 1518 5288; x_wconf 80' lang='lat' dir='ltr'><strong>purificatione</strong></span> <span class='ocrx_word' id='word_1_698' title='bbox 1553 5233 1651 5289; x_wconf 89' lang='lat' dir='ltr'><strong>par</strong></span> <span class='ocrx_word' id='word_1_699' title='bbox 1683 5228 1957 5275; x_wconf 87' lang='lat' dir='ltr'><strong>turturum</strong></span> <span class='ocrx_word' id='word_1_700' title='bbox 1983 5258 1999 5285; x_wconf 86' lang='lat'><strong>,</strong></span> <span class='ocrx_word' id='word_1_701' title='bbox 2067 5216 2151 5279; x_wconf 80' lang='lat' dir='ltr'><strong>vel</strong></span> 
     </span>
    </p>
   </div>
   <div class='ocr_carea' id='block_1_99' title="bbox 654 5394 2106 5466">
    <p class='ocr_par' dir='ltr' id='par_1_99' title="bbox 654 5394 2106 5466">
     <span class='ocr_line' id='line_1_99' title="bbox 654 5394 2106 5466; baseline -0.004 -12"><span class='ocrx_word' id='word_1_702' title='bbox 654 5408 677 5435; x_wconf 72' lang='grc' dir='ltr'><strong><em>τ</em></strong></span> <span class='ocrx_word' id='word_1_703' title='bbox 719 5398 850 5455; x_wconf 87' lang='lat' dir='ltr'><strong>Luc.</strong></span> <span class='ocrx_word' id='word_1_704' title='bbox 886 5417 1003 5466; x_wconf 86' lang='lat' dir='ltr'><strong>vm,</strong></span> <span class='ocrx_word' id='word_1_705' title='bbox 1027 5402 1081 5465; x_wconf 78' lang='lat'><strong>‘2.</strong></span> <span class='ocrx_word' id='word_1_706' title='bbox 1175 5411 1196 5439; x_wconf 79' lang='grc'><strong><em>³</em></strong></span> <span class='ocrx_word' id='word_1_707' title='bbox 1228 5399 1383 5459; x_wconf 81' lang='lat' dir='ltr'><strong>Joan.</strong></span> <span class='ocrx_word' id='word_1_708' title='bbox 1414 5418 1484 5465; x_wconf 80' lang='grc' dir='ltr'><strong>ιν,</strong></span> <span class='ocrx_word' id='word_1_709' title='bbox 1522 5399 1613 5465; x_wconf 77' lang='lat'><strong>‘27.</strong></span> <span class='ocrx_word' id='word_1_710' title='bbox 1691 5404 1735 5441; x_wconf 71' lang='grc'><strong>⁸⁸</strong></span> <span class='ocrx_word' id='word_1_711' title='bbox 1758 5400 1889 5453; x_wconf 90' lang='lat' dir='ltr'><strong>Luc.</strong></span> <span class='ocrx_word' id='word_1_712' title='bbox 1925 5414 1985 5463; x_wconf 78' lang='grc' dir='ltr'>ιι,</span> <span class='ocrx_word' id='word_1_713' title='bbox 2019 5394 2106 5449; x_wconf 81' lang='grc'><strong>16.</strong></span> 
     </span>
    </p>
   </div>
   <div class='ocr_carea' id='block_1_100' title="bbox 2258 5179 3807 5282">
    <p class='ocr_par' dir='ltr' id='par_1_100' title="bbox 2258 5179 3807 5282">
     <span class='ocr_line' id='line_1_100' title="bbox 2258 5179 3807 5282; baseline -0.01 -17"><span class='ocrx_word' id='word_1_714' title='bbox 2258 5179 2357 5282; x_wconf 57' lang='grc' dir='ltr'><strong>της</strong></span> <span class='ocrx_word' id='word_1_715' title='bbox 2398 5179 2778 5280; x_wconf 68' lang='grc' dir='ltr'>ὲναμάρτήτου</span> <span class='ocrx_word' id='word_1_716' title='bbox 2803 5179 2825 5236; x_wconf 48' lang='grc'><strong>’³</strong></span> <span class='ocrx_word' id='word_1_717' title='bbox 2863 5179 3058 5277; x_wconf 61' lang='grc' dir='ltr'>ήδονης</span> <span class='ocrx_word' id='word_1_718' title='bbox 3103 5201 3200 5265; x_wconf 83' lang='grc' dir='ltr'><strong>τὰς</strong></span> <span class='ocrx_word' id='word_1_719' title='bbox 3232 5179 3533 5269; x_wconf 79' lang='grc' dir='ltr'>θυγατέρας</span> <span class='ocrx_word' id='word_1_720' title='bbox 3562 5192 3654 5259; x_wconf 81' lang='grc' dir='ltr'><strong>τῆς</strong></span> <span class='ocrx_word' id='word_1_721' title='bbox 3688 5179 3807 5238; x_wconf 52' lang='lat' dir='ltr'><strong>Eb“</strong></span> 
     </span>
    </p>
   </div>
   <div class='ocr_carea' id='block_1_101' title="bbox 1899 5568 2572 5637">
    <p class='ocr_par' dir='ltr' id='par_1_101' title="bbox 1899 5568 2572 5637">
     <span class='ocr_line' id='line_1_101' title="bbox 1899 5568 2572 5637; baseline -0.006 -11"><span class='ocrx_word' id='word_1_722' title='bbox 1899 5574 2131 5629; x_wconf 75' lang='lat' dir='ltr'><strong>VARle</strong></span> <span class='ocrx_word' id='word_1_723' title='bbox 2168 5568 2572 5637; x_wconf 77' lang='lat' dir='ltr'><strong>LECTIONES.</strong></span> 
     </span>
    </p>
   </div>
   <div class='ocr_carea' id='block_1_102' title="bbox 650 5751 3440 5835">
    <p class='ocr_par' dir='ltr' id='par_1_102' title="bbox 650 5751 3440 5835">
     <span class='ocr_line' id='line_1_102' title="bbox 650 5751 3440 5835; baseline -0.003 -15"><span class='ocrx_word' id='word_1_724' title='bbox 650 5768 694 5798; x_wconf 69' lang='grc' dir='ltr'>θ’</span> <span class='ocrx_word' id='word_1_725' title='bbox 732 5769 979 5835; x_wconf 72' lang='grc' dir='ltr'>ὑπακοήν</span> <span class='ocrx_word' id='word_1_726' title='bbox 1004 5770 1066 5820; x_wconf 72' lang='grc' dir='ltr'><strong>Α.</strong></span> <span class='ocrx_word' id='word_1_727' title='bbox 1104 5769 1147 5799; x_wconf 73' lang='grc'><strong>’³</strong></span> <span class='ocrx_word' id='word_1_728' title='bbox 1177 5768 1449 5821; x_wconf 82' lang='grc' dir='ltr'>Μοδέστου</span> <span class='ocrx_word' id='word_1_729' title='bbox 1472 5798 1539 5807; x_wconf 93' lang='grc'><strong>-</strong></span> <span class='ocrx_word' id='word_1_730' title='bbox 1564 5767 1725 5835; x_wconf 84' lang='grc' dir='ltr'>σαρκί</span> <span class='ocrx_word' id='word_1_731' title='bbox 1758 5783 1867 5820; x_wconf 87' lang='lat' dir='ltr'><strong>om.</strong></span> <span class='ocrx_word' id='word_1_732' title='bbox 1906 5766 1961 5818; x_wconf 87' lang='grc' dir='ltr'><strong>Β.</strong></span> <span class='ocrx_word' id='word_1_733' title='bbox 2032 5767 2077 5796; x_wconf 70' lang='grc'><strong>’³</strong></span> <span class='ocrx_word' id='word_1_734' title='bbox 2105 5764 2352 5835; x_wconf 71' lang='grc' dir='ltr'>ἕϐδομον.</span> <span class='ocrx_word' id='word_1_735' title='bbox 2390 5758 2681 5835; x_wconf 36' lang='grc' dir='ltr'>ϋηο-ἑπτά.</span> <span class='ocrx_word' id='word_1_736' title='bbox 2733 5758 2803 5835; x_wconf 56' lang='lat'><strong>_’:‘</strong></span> <span class='ocrx_word' id='word_1_737' title='bbox 2833 5756 2984 5835; x_wconf 58' lang='lat'><strong>537-9&quot;</strong></span> <span class='ocrx_word' id='word_1_738' title='bbox 3013 5753 3075 5806; x_wconf 78' lang='lat' dir='ltr'><strong>C-</strong></span> <span class='ocrx_word' id='word_1_739' title='bbox 3111 5756 3198 5835; x_wconf 51' lang='lat' dir='ltr'><strong>ﬂ”</strong></span> <span class='ocrx_word' id='word_1_740' title='bbox 3218 5751 3354 5823; x_wconf 62' lang='grc' dir='ltr'>αὖτή</span> <span class='ocrx_word' id='word_1_741' title='bbox 3379 5770 3440 5817; x_wconf 61' lang='grc' dir='ltr'><strong>ς.</strong></span> 
     </span>
    </p>
   </div>
   <div class='ocr_carea' id='block_1_103' title="bbox 2113 5826 3168 5904">
    <p class='ocr_par' dir='ltr' id='par_1_103' title="bbox 2113 5826 3168 5904">
     <span class='ocr_line' id='line_1_103' title="bbox 2113 5826 3168 5904; baseline -0.009 -17"><span class='ocrx_word' id='word_1_742' title='bbox 2113 5834 2156 5865; x_wconf 61' lang='lat'><strong>9”</strong></span> <span class='ocrx_word' id='word_1_743' title='bbox 2182 5826 2428 5904; x_wconf 79' lang='grc' dir='ltr'>πάρέδρα</span> <span class='ocrx_word' id='word_1_744' title='bbox 2458 5831 2555 5902; x_wconf 80' lang='grc' dir='ltr'>μέν</span> <span class='ocrx_word' id='word_1_745' title='bbox 2585 5829 2651 5885; x_wconf 76' lang='grc' dir='ltr'><strong>Α.</strong></span> <span class='ocrx_word' id='word_1_746' title='bbox 2731 5830 2745 5860; x_wconf 78' lang='grc'>³</span> <span class='ocrx_word' id='word_1_747' title='bbox 2779 5826 3081 5896; x_wconf 77' lang='grc' dir='ltr'>ὲναμάρτου</span> <span class='ocrx_word' id='word_1_748' title='bbox 3107 5826 3168 5879; x_wconf 79' lang='lat' dir='ltr'><strong>C.</strong></span> 
     </span>
    </p>
   </div>
   <div class='ocr_carea' id='block_1_104' title="bbox 584 5837 2019 5914">
    <p class='ocr_par' dir='ltr' id='par_1_104' title="bbox 584 5837 2019 5914">
     <span class='ocr_line' id='line_1_104' title="bbox 584 5837 2019 5914; baseline -0.001 -22"><span class='ocrx_word' id='word_1_749' title='bbox 584 5856 718 5914; x_wconf 75' lang='grc' dir='ltr'>τητα</span> <span class='ocrx_word' id='word_1_750' title='bbox 745 5841 806 5893; x_wconf 83' lang='grc' dir='ltr'><strong>Α.</strong></span> <span class='ocrx_word' id='word_1_751' title='bbox 885 5842 927 5871; x_wconf 62' lang='grc' dir='ltr'><strong>υτ</strong></span> <span class='ocrx_word' id='word_1_752' title='bbox 957 5839 1154 5891; x_wconf 63' lang='grc' dir='ltr'>οἰκνῖόν</span> <span class='ocrx_word' id='word_1_753' title='bbox 1180 5856 1239 5893; x_wconf 86' lang='grc' dir='ltr'><strong>τε</strong></span> <span class='ocrx_word' id='word_1_754' title='bbox 1273 5838 1364 5891; x_wconf 84' lang='grc' dir='ltr'><strong>καί</strong></span> <span class='ocrx_word' id='word_1_755' title='bbox 1392 5856 1451 5900; x_wconf 75' lang='grc' dir='ltr'><strong>ς’.</strong></span> <span class='ocrx_word' id='word_1_756' title='bbox 1528 5839 1573 5870; x_wconf 78' lang='grc'><strong>⁹⁸</strong></span> <span class='ocrx_word' id='word_1_757' title='bbox 1610 5840 1673 5893; x_wconf 74' lang='grc' dir='ltr'>ἐκ</span> <span class='ocrx_word' id='word_1_758' title='bbox 1702 5838 1791 5890; x_wconf 78' lang='grc' dir='ltr'>τοῦ</span> <span class='ocrx_word' id='word_1_759' title='bbox 1822 5854 1929 5895; x_wconf 85' lang='lat' dir='ltr'><strong>om.</strong></span> <span class='ocrx_word' id='word_1_760' title='bbox 1957 5837 2019 5890; x_wconf 76' lang='lat' dir='ltr'><strong>C.</strong></span> 
     </span>
    </p>
   </div>
   <div class='ocr_carea' id='block_1_105' title="bbox 3513 5722 3804 5799">
    <p class='ocr_par' dir='ltr' id='par_1_105' title="bbox 3513 5722 3804 5799">
     <span class='ocr_line' id='line_1_105' title="bbox 3513 5722 3804 5799; baseline -0.01 -22"><span class='ocrx_word' id='word_1_761' title='bbox 3513 5745 3556 5778; x_wconf 68' lang='lat' dir='ltr'><strong>eo</strong></span> <span class='ocrx_word' id='word_1_762' title='bbox 3578 5722 3804 5799; x_wconf 74' lang='grc' dir='ltr'>καθαριό-</span> 
     </span>
    </p>
   </div>
   <div class='ocr_carea' id='block_1_106' title="bbox 3968 1366 3971 1399">
    <p class='ocr_par' dir='ltr' id='par_1_106' title="bbox 3968 1366 3971 1399">
     <span class='ocr_line' id='line_1_106' title="bbox 3968 1366 3971 1399; baseline 0 0"><span class='ocrx_word' id='word_1_763' title='bbox 3968 1366 3971 1399; x_wconf 67' lang='lat' dir='ltr'><strong>l</strong></span> 
     </span>
    </p>
   </div>
  </div>
