4020 6444
242 386 333 449 2ίὸ

1225 390 1763 452 ιΒΙΒιΙΟΤΗΕΟΑ.
1786 415 1854 425 -
1883 391 2044 453 COD.
2101 391 2442 455 CCLXXVI.

3372 390 3476 451 246

239 493 561 564 προσφέρειν
619 495 649 547 ὁ
703 495 869 565 νόμος
928 497 1261 568 προσέταξεν
1316 498 1457 566 ὑπὲρ
1497 497 1591 551 τοῦ
1636 498 1805 551 καθα·-

1917 498 2042 554 luos
2074 499 2255 568 pullos
2302 500 2681 555 columbarum
2720 497 2790 553 ad
2843 496 3283 554 sacriﬁcandum.
3336 498 3478 569 Lege

233 586 424 657 ρισμοῦ
486 584 669 639 αὐτῶν
728 586 827 658 τὴν
913 588 1104 642 θυσίαν
1178 590 1287 643 τῶν
1357 589 1453 643 δύο
1527 589 1807 659 τρυγόνων

229 677 308 747 η’
357 676 456 730 δύο
529 678 831 742 νεοσσοὺς³
899 680 1240 751 περιστερῶν
1269 719 1285 745 ,
1347 680 1635 752 δηλοῦντος
1710 679 1805 733 τοῦ

226 770 390 837 νόμου
475 769 560 822 ὅτι
617 771 700 823 δεῖ
756 770 849 825 τδν
924 774 1360 844 προσερχόμενον
1409 773 1555 845 ζΘεῷ
1633 773 1807 828 καθα-

227 860 410 929 ρεύειν
455 862 556 916 καὶ
594 862 741 934 ψυχῇ
764 864 859 918 καὶ
911 863 1120 934 σώματι
1165 867 1259 920 καὶ
1289 865 1528 931 ἀκακίας
1568 866 1807 938 ἔχεσθαι.

235 953 293 1006 '0
315 954 560 1024 Χριστὸς
593 956 893 1028 πληρωτὴς
932 958 1098 1023 ἐστιν,
1149 959 1249 1013 οὐκ
1308 957 1592 1029 ὀφειλέτης
1618 958 1807 1028 νόμου⁶

224 1047 313 1111 εὶς
344 1045 585 1102 πτῶσιν
624 1048 694 1102 δὲ
720 1048 819 1103 καὶ
852 1048 1197 1106 ἀνάστασιν
1224 1050 1433 1116 κεῖται,
1467 1051 1673 1105 πτῶσιν
1708 1051 1807 1122 μὲν

224 1140 325 1209 τῆς
356 1140 660 1211 ἁμαρτίας,
685 1141 972 1213 ἀνέγερσιν
1009 1141 1066 1194 δὲ
1084 1141 1185 1210 τῆς
1207 1141 1576 1213 δικαιοσύνης,
1607 1140 1701 1194 καὶ
1728 1141 1809 1204 είς

232 1235 464 1302 σημεῖον
508 1234 924 1305 ἀντιλεγόμενον
968 1235 1083 1294 τοῖς
1128 1234 1497 1305 κυριοκτόνοις
1536 1233 1811 1296 Ἰουδαίοις

224 1329 337 1387 τοῖς
365 1325 625 1394 λέγουσιν
647 1368 662 1394 ,
693 1329 763 1381 El
802 1328 932 1394 Υἱὸς
965 1324 1022 1381 εἷ
1036 1326 1144 1382 τοῦ
1174 1328 1344 1392 Θεοῦ,
1377 1326 1660 1395 κατάϐηθι
1695 1326 1813 1382 ἀπὸ

222 1414 331 1470 ιὀῦ
366 1418 663 1485 σταυροῦ,
704 1418 805 1472 καὶ
836 1419 1201 1489 πιστεύομέν
1224 1419 1245 1450 ³
1286 1436 1406 1474 σοι.
1436 1419 1567 1485 Καὶ,
1600 1419 1717 1473 Σοῦ
1749 1418 1815 1471 δὲ

224 1507 416 1576 αὐτῆς
462 1508 582 1578 τὴν
634 1510 855 1580 ψυχὴν,
895 1511 1270 1586 διελεύσεται
1317 1511 1604 1580 ῥομφαία,
1649 1511 1813 1576 ὅπως

226 1599 301 1653 ἂν
317 1602 337 1632 ⁵
370 1602 898 1670 ἀποκαλυφθῶσιν
912 1603 981 1676 ἐκ
1007 1603 1255 1657 πολλῶν
1280 1602 1537 1672 καρδιῶν
1556 1602 1814 1673 διαλογι-

1909 591 2120 647 scilicet
2152 592 2490 663 signiﬁcante
2516 592 2560 659 ί,
2605 607 2733 648 eum
2767 590 2863 662 qui
2918 591 2986 646 ad
3016 590 3187 647 Deum
3232 592 3479 654 accedat,

1910 685 2106 742 debere
2142 693 2195 740 et
2221 686 2466 740 animum
2497 694 2552 741 et
2585 699 2788 756 corpus
2816 684 2885 741 ab
2908 684 3059 740 omni
3090 692 3314 755 peccato
3343 685 3477 739 libed

1910 791 2032 830 rum
2079 776 2300 832 habere.
2328 776 2580 833 Christus
2610 776 2785 848 legem
2828 776 3016 848 implet
3044 788 3093 842 ιι,
3127 792 3237 831 non
3265 777 3479 832 debitor

1911 877 1996 925 est
2026 868 2183 940 legis,
2211 870 2268 924 in
2298 871 2508 924 ruinam
2538 881 2586 925 et
2622 871 3055 925 resurrectionem
3078 868 3363 923 multorum
3387 885 3482 938 po-

1912 964 2046 1019 situs
2073 972 2221 1018 est'.
2261 963 2321 1017 In
2365 963 2579 1018 ruinam
2613 964 2859 1033 peccati.
2917 962 2973 1017 in
3016 960 3481 1017 resurrectionem

1901 1054 2149 1124 justitiaa,
2180 1065 2236 1110 et
2262 1054 2316 1109 in
2348 1055 2591 1126 signum,
2625 1055 2713 1110 cui
2736 1052 2932 1118 Judaei,
2964 1054 3059 1123 qui
3089 1052 3369 1109 Christum
3396 1067 3483 1108 oo-

1909 1145 2175 1211 ciderunt,
2216 1144 2670 1202 contradixerunt
2714 1162 2728 1198 :
2773 1143 2832 1199 Si
2867 1155 2921 1197 tu
2951 1161 3004 1198 es
3036 1142 3215 1197 Filius
3246 1142 3365 1210 Dei,
3394 1142 3484 1196 de-

1908 1237 2092 1293 scende
2116 1238 2180 1293 de
2212 1253 2383 1304 cruce,
2409 1238 2752 1292 et‘credemus
2788 1235 2883 1289 tibi
2915 1250 2963 1288 ι.
2991 1236 3060 1289 Et
3093 1253 3106 1289 :
3134 1234 3300 1288 Tuam
3318 1234 3482 1303 ipsius

1913 1332 2148 1407 animam
2170 1331 2514 1402 pertransibit
2548 1330 2783 1402 gladius,
2816 1338 2873 1383 ut
2897 1330 3190 1383 revelentur
3210 1344 3276 1381 ea:
3300 1327 3485 1380 multis

1915 1421 2162 1477 cordibus
2200 1424 2543 1495 cogitationes
2576 1431 2626 1479 7.
2660 1421 2796 1488 Quia
2828 1430 3000 1477 mater
3047 1436 3140 1487 es,
3194 1436 3316 1490 qua:
3358 1434 3487 1475 vere

1906 1513 2217 1581 patiebatur
2242 1515 2489 1569 dolorem
2532 1516 2722 1569 matris
2769 1528 2869 1584 pro
2914 1512 3078 1577 Filio,
3116 1521 3169 1567 et
3207 1511 3339 1578 Deo,
3386 1525 3487 1580 pro

1903 1603 2062 1659 nobis
2089 1620 2256 1659 carne
2282 1620 2466 1674 passo.

227 1691 393 1759 σμοῑ,
428 1692 516 1745 ὅτι
539 1695 725 1764 μήτηρ
759 1689 813 1747 εἴ
840 1694 981 1748 κατὰ
1009 1695 1268 1768 ἀλήθειαν
1298 1695 1583 1766 πάσχουσα
1611 1694 1679 1748 τὰ
1749 1692 1953 1764 μητρὸς
2011 1696 2150 1769 ύπέρ
2215 1697 2309 1751 τοῦ
2343 1700 2364 1731 ⁶
2391 1697 2580 1752 τέκνου
2618 1698 2716 1752 καὶ
2750 1698 2887 1754 Θεοῦ
2914 1699 3017 1754 τοῦ.
3047 1699 3315 1762 παθόντος
3339 1698 3485 1768 ὑπὲρ

225 1789 257 1856 ἡ
266 1789 386 1856 μῶν
414 1787 609 1860 σαρκί.

933 1908 1111 1962 ΣΟΕῬ.

933 1910 1015 1961 ΣΟ
1096 1947 1111 1962 .

229 1998 341 2052 Τοῦ
364 2000 676 2068 μακαρίου
709 2000 931 2054 Νείλου
960 1910 1089 2066 δεῖ
1076 1999 1144 2054 τὸ
1175 1999 1392 2069 Πάσχα
1428 1998 1613 2069 λόγος
1648 1996 1805 2068 πρῶ-

956 2088 1079 2136 τος.

306 2161 663 2233 Ἀνεγνώσθη
699 2162 792 2216 τοῦ
840 2163 1111 2233 μακαρίου
1152 2162 1350 2217 Νείλου
1386 2163 1451 2216 ἐκ
1489 2162 1582 2216 τοῦ
1631 2164 1710 2226 εἰς
1747 2162 1809 2217 τὸ

229 2254 422 2325 Πάσχα
474 2254 641 2324 λόγου
702 2254 949 2327 πρώτου*
1001 2248 1062 2309 οὗ
1116 2258 1149 2326 ή
1203 2255 1367 2326 ἀρχὴ,
1396 2255 1809 2322 ’.ἀναστάσεως

236 2345 437 2413 λόγοις
485 2344 604 2413 τὴν
663 2344 777 2415 τῆς
835 2345 1228 2413 ἀναστάσεως
1267 2344 1500 2414 ἡμέραν
1551 2345 1808 2415 τιμήσω-

244 2453 379 2503 μεν.

312 2528 464 2596 Ψυχή
494 2529 574 2592 τίς
610 2531 727 2582 ἐστι
757 2529 983 2600 δευτέρα
1011 2533 1125 2593 τοῖς
1156 2530 1468 2603 ἀνθρώποις
1500 2532 1533 2601 ἡ
1568 2532 1806 2585 ἀνάστα-

236 2634 341 2681 σις,
372 2619 511 2689 πρὸς
536 2621 641 2683 τάς
680 2620 783 2690 τῆς
810 2621 1015 2692 ἀρετῆς
1042 2622 1384 2694 διεγείρουσα
1413 2621 1659 2695 πράξεις.
1688 2623 1809 2676 Κᾶν

225 2711 430 2782 ταύτην
462 2712 574 2765 τῶν
610 2711 916 2785 ἀνθρώπων
944 2713 1160 2786 ἀνέλῃς,
1191 2715 1384 2786 νεκρὸν
1412 2715 1549 2787 πρὸς
1584 2715 1812 2785 πράξεις

224 2805 430 2874 ἀρετῆς
476 2806 803 2878 ἀπειργάσω
855 2805 915 2859 τὸ
940 2806 1119 2878 σῶμα.
1177 2806 1265 2871 Ὧς
1309 2803 1402 2861 οὖν
1437 2808 1578 2879 ὑπὲρ
1606 2806 1811 2878 βλάϐης

226 2897 413 2967 κοινῆς
442 2898 585 2969 πρὸς
622 2898 717 2952 τὸν
749 2898 890 2973 ὑπὲρ
930 2900 1029 2969 τῆς
1076 2899 1427 2963 ἀναστάσεως
1462 2899 1813 2971 όπλισώμεθα

229 2988 500 3058 πόλεμον,
542 2990 671 3061 ὃλην
723 2989 978 3055 λαᾶόντες
1019 2992 1150 3062 ἡμῖν
1194 2992 1659 3065 συνοπλιζομένην
1714 2992 1812 3065 τὴν

229 3079 426 3132 κτίσιν.
486 3081 899 3152 Ἐπιστρατεύει
942 3082 1050 3152 γὰρ
1098 3083 1325 3155 οὐρανὸς
1369 3084 1486 3155 μεθ’
1513 3084 1671 3155 ἡμῶν
1700 3086 1813 3148 τοῖς

225 3170 482 3234 ἀπίστοις
502 3185 517 3200 ο
543 3171 604 3223 ὃν
624 3173 732 3243 γὰρ
756 3172 814 3237 ἐξ
827 3174 1174 3238 ἀναστάσεως
1189 3175 1465 3246 Δεσπότην
1491 3174 1722 3241 ἐδέξατο,
1745 3178 1811 3245 τῇ

2574 1900 2902 1957 CCLXXVI.

2150 1992 2338 2050 Sancti
2377 1991 2517 2058 Nili,
2544 1994 2714 2047 oratio
2742 1994 2916 2061 prima
2950 1992 3005 2046 in
3030 1991 3237 2046 Pacha.

1986 2175 2115 2247 Legi
2161 2176 2396 2246 primam
2432 2175 2736 2230 orationem
2790 2173 2964 2228 sancti
3017 2172 3121 2227 Nili
3169 2173 3223 2227 in
3256 2171 3487 2237 Pascha,

1914 2267 2073 2336 cujus
2105 2265 2206 2319 hoc
2236 2264 2487 2319 initium:
2516 2263 2933 2317 Resurrectionis
2961 2262 3492 2318 verbislresurrectio-

1916 2361 1997 2414 nis
2026 2358 2165 2412 diem
2196 2356 2587 2412 honorabimus.

1987 2529 2179 2600 512b
2237 2530 2449 2584 Animae
2507 2537 2590 2583 est
2640 2528 2923 2599 quaedam,
2972 2529 3142 2585 altera
3205 2530 3491 2585 hominum

1916 2618 2241 2673 resurrectio
2268 2660 2283 2685 ,
2320 2619 2386 2671 ad
2438 2619 2691 2673 virtutem
2731 2619 2998 2685 excitans,
3030 2629 3085 2674 et
3138 2618 3183 2675 si
3225 2620 3376 2675 illam
3425 2622 3494 2675 ab

1920 2710 2225 2766 hominibus
2276 2711 2565 2767 sustuleris
2597 2750 2613 2775 ,
2656 2720 2931 2766 mortuum
2982 2713 3049 2766 ad
3110 2712 3352 2768 actiones
3382 2712 3501 2766 vir-

1920 2812 2094 2859 tutum
2118 2818 2313 2873 corpus
2338 2803 2663 2859 reddideris.
2695 2805 2863 2876 Igitur
2892 2805 3051 2874 quasi
3079 2819 3177 2873 pro
3213 2806 3495 2859 communi

1919 2895 2227 2952 calamitate
2251 2896 2318 2950 ad
2332 2896 2530 2951 bellum
2560 2912 2661 2967 pro
2688 2876 3092 2952 resurrectione
3114 2898 3492 2968 accingamur,

1920 3004 2139 3044 omnem
2174 2998 2489 3045 creaturam
2554 2990 2716 3046 nobis
2778 3001 3045 3045 armatam
3110 2990 3495 3060 adiungeutes.

1919 3082 2132 3153 Pugnat
2182 3083 2327 3139 enim
2380 3082 2671 3138 nobiscum
2707 3084 2905 3139 cmlum
2939 3092 3131 3139 contra
3166 3084 3496 3138 incredulos.

1921 3172 2096 3241 Quem
2132 3175 2275 3231 enim
2307 3191 2338 3230 e
2366 3177 2768 3232 resurrectione
2797 3175 3088 3231 Dominum
3125 3175 3389 3245 suscepit,
3418 3176 3501 3228 vi-

226 3261 326 3331 τῆς
354 3262 712 3328 ἀναστάσεως
742 3264 931 3334 βλέπει
956 3266 1418 3336 συναθετούμενον
1446 3267 1592 3340 δόξῃ.
1617 3270 1813 3321 Κοινω-

1918 3264 2009 3321 det
2040 3266 2470 3321 resurrectionis
2500 3267 2669 3337 gloria
2696 3267 2921 3337 privari.
2952 3266 3131 3322 Terra
3170 3284 3392 3338 quoque
3433 3268 3500 3325 ad

227 3354 383 3421 νήσει
418 3354 719 3425 προθύμως
743 3356 875 3426 ἡμῖν
898 3357 919 3389 ⁷
947 3357 1040 3410 τοῦ
1070 3357 1306 3428 πολέμου
1339 3359 1432 3411 καὶ
1463 3361 1534 3428 γῆ
1557 3357 1610 3391 ⁸⁸
1652 3376 1819 3413 συκο-ν

228 3444 614 3516 φαντουμένην
657 3445 765 3515 γὰρ
796 3446 899 3518 τὴν
929 3447 1226 3501 ἀνάστασιν
1253 3442 1415 3514 οἶδεν,
1447 3448 1541 3519 ἀφ’
1568 3442 1643 3502 ὧν
1690 3450 1819 3503 πολ-

227 3535 390 3599 λάκις
419 3537 652 3607 νεκροὺς
696 3538 787 3591 ὑπ’
820 3540 989 3609 αὐτῆς
1036 3540 1289 3613 ἀφῃρέθη
1316 3541 1358 3596 ³.
1393 3542 1492 3595 Διά
1529 3540 1689 3596 τοῦτο
1722 3544 1817 3596 καὶ

232 3627 446 3691 Παῦλος
493 3628 587 3680 τὸν
640 3628 739 3699 τῆς
776 3630 1126 3695 ἀναστάσεως
1156 3634 1222 3703 τῇ
1257 3632 1433 3686 κτίσει
1474 3632 1817 3705 περιτίθησιν

227 3718 443 3786 ἔρωτα·
507 3719 581 3773 Ἠ
615 3719 724 3789 γὰρ
760 3722 1134 3791 ἁποραδοκία
1182 3722 1293 3792 τῆς
1342 3726 1615 3790 κτίσεως,
1659 3727 1813 3795 φησὶ,

228 3811 349 3879 τὴν
377 3811 772 3883 ἀποκάλυψιν
788 3815 909 3869 τῶν
926 3816 1075 3871 υίῶν
1092 3817 1201 3871 τοῦ
1230 3818 1377 3872 Θεοῦ
1401 3818 1814 3888 ἀπεκδέχεται.

228 3904 504 3974 Καθάπερ
539 3906 647 3977 γὰρ
697 3908 851 3971 πόλις
887 3910 1170 3981 βασιλικῆς,
1212 3909 1506 3982 ἐπιδημίας
1546 3911 1815 3982 δεξαμένη

230 3996 583 4065 προδρόμους
626 3999 763 4068 πρὸς
804 4000 904 4071 τὴν
945 4002 1161 4073 ἐκείνης
1191 4002 1286 4072 ὅλη
1325 4002 1628 4071 παρουσίαν
1657 4004 1818 4057 ἐπτέ-

234 4103 433 4154 ρωται,
458 4087 600 4139 οὓτω
632 4088 850 4160 καὶτῆς
882 4091 1230 4154 ἀναστάσεωέ
1262 4092 1452 4164 ὥσπερ
1483 4093 1628 4157 τινὸς
1659 4094 1819 4165 βασι-

229 4178 380 4240 Εδος
421 4181 488 4248 τῇ
529 4182 703 4235 κτίσει
734 4184 1214 4256 προκηρυχθείσης
1247 4185 1342 4256 ὅλη
1374 4184 1509 4257 πρὸς
1538 4185 1637 4257 τὴν
1674 4186 1818 4239 ὲκεί-

232 4288 333 4338 νης
369 4274 670 4342 παρουσίαν
713 4277 1092 4334 συντέτακται.
1128 4280 1241 4331 Καὶ
1280 4278 1355 4349 μὴ
1398 4278 1687 4351 θαυμάσῃς
1725 4280 1817 4333 τὸν

229 4363 339 4431 τῆς
380 4364 726 4437 ἀναστάσεως
760 4369 1078 4439 ἐγκείμενον
1118 4372 1184 4439 τῇ
1224 4369 1400 4422 κτίσει
1433 4370 1819 4440 διδασκόμενος

234 4454 407 4507 πόθον
426 4470 440 4485 ⁸
472 4454 634 4527 [1529
657 4457 725 4530 R]
767 4459 965 4529 τροφὸς
992 4460 1101 4530 γάρ
1128 4478 1209 4523 τις
1239 4459 1345 4513 τῶν
1381 4458 1683 4531 ἀνθρώπων
1712 4461 1817 4513 ὑπ·-

235 4544 488 4614 ἀρχουσα
510 4548 732 4601 σπεύδει
761 4548 860 4619 τὴν
890 4550 1322 4619 ἐπαγγελθεῖσαν
1354 4552 1481 4605 ἰδεῖν
1514 4550 1814 4622 βασιλείαν.

1918 3354 2120 3409 bellum
2150 3355 2435 3409 nobiscum
2460 3364 2671 3425 parata.
2694 3355 3004 3411 Viditenim
3038 3358 3499 3414 resurrectionem

1919 3446 2322 3515 blasphemari,
2378 3458 2473 3516 per
2499 3462 2665 3514 quam
2724 3447 2930 3516 saepius
2981 3448 3086 3519 ipsi
3128 3450 3332 3506 mortui
3374 3460 3501 3507 sunt

1922 3536 2196 3607 praerepti.
2245 3536 2371 3591 Ideo
2403 3546 2457 3591 et
2483 3536 2686 3592 Paulus
2716 3546 2984 3599 creaturae
3027 3554 3271 3595 amorem
3306 3541 3501 3595 tribuit

1920 3629 2337 3685 resurrectionis
2360 3647 2373 3683 :
2401 3628 2543 3683 Nam
2571 3632 2894 3699 exspectatio
2921 3672 2935 3694 ,
2991 3630 3190 3700 inquit,
3225 3642 3500 3698 creaturae,

1921 3720 2289 3775 reuelationem
2314 3718 2552 3788 ﬁliorum
2587 3718 2682 3773 Dei
2733 3728 3000 3789 exspectat
3037 3729 3084 3774 τ.
3131 3719 3502 3786 Quemadmo-

1920 3814 2051 3868 dum
2088 3812 2231 3867 enim
2259 3811 2453 3867 civitas
2481 3811 2615 3882 regii
2669 3812 2942 3867 adventus
2967 3812 3237 3883 recipiens
3261 3828 3501 3883 praecur-

1921 3919 2096 3972 sores,
2158 3904 2225 3960 ad
2279 3903 2399 3974 ejus
2441 3904 2790 3974 praesentiam
2822 3912 2934 3958 tota
2974 3918 3033 3959 se
3062 3912 3336 3975 praeparat
3371 3948 3386 3972 ,
3424 3906 3502 3962 sic

1920 3996 2329 4053 resurrectione
2353 4004 2612 4066 tanquam
2637 3995 2826 4067 regina
2844 3996 3052 4065 aliqua,
3076 4004 3343 4052 creaturae
3369 4012 3501 4067 prte-

1919 4087 2193 4152 nuntiata,
2216 4094 2330 4141 tota
2350 4087 2416 4141 ad
2433 4086 2583 4142 illius
2600 4085 2947 4156 praesentiam
2967 4101 3027 4141 se
3043 4088 3409 4157 comparavit.
3443 4087 3502 4142 Et

1919 4198 1987 4238 ne
1999 4182 2213 4237 mireris
2223 4189 2506 4236 creaturas
2518 4173 2693 4250 ipsam
2707 4180 3161 4236 resurrectionem
3173 4181 3501 4239 desiderare.

1918 4278 2015 4332 Est
2060 4278 2205 4330 enim
2236 4274 2573 4345 :hominibus
2602 4274 2775 4329 instar
2834 4273 3083 4338 nutricis,
3111 4288 3233 4342 quae
3279 4273 3501 4329 festinat

1919 4366 2254 4437 promissum
2312 4380 2544 4436 regnum
2588 4365 2800 4429 videre,
2836 4375 2889 4419 et
2923 4363 3237 4419 futurorum
3270 4366 3502 4419 tarditas

1919 4474 2028 4514 non
2060 4457 2311 4514 dissolvit
2332 4472 2486 4527 spem
2516 4456 2766 4512 nutricis.
2791 4454 2966 4511 Habet
2999 4457 3143 4511 enim
3169 4457 3224 4511 in
3260 4472 3320 4512 se
3355 4473 3500 4513 sem-

1922 4566 2020 4620 per
2056 4549 2265 4606 semina
2304 4548 2748 4613 resurrectionis,
2785 4563 3022 4618 quorum
3074 4563 3243 4619 grana
3266 4549 3502 4604 ostendit

232 4636 351 4689 Kal.
384 4637 444 4689 τὸ
500 4637 667 4707 βραδὺ
702 4643 813 4694 τῶν
859 4642 1160 4713 μελλόντων
1185 4645 1286 4697 οὐκ
1324 4644 1505 4698 ἐκλύει
1540 4647 1605 4715 τῇ
1638 4644 1813 4714 τροφῷ

1927 4642 2194 4704 viventes,
2225 4649 2566 4694 mortuorum
2593 4638 3016 4695 resurrectionis
3039 4639 3093 4693 in
3126 4640 3309 4710 parvis
3353 4655 3502 4709 spem

232 4728 333 4791 τὰς
365 4726 585 4793 ἐλπίδας
610 4748 625 4761 ⁸
657 4730 771 4802 ἔχει
799 4733 907 4805 γὰρ
937 4734 1025 4787 ἀεὶ
1056 4734 1283 4788 συνόντα
1318 4736 1454 4806 αὐτῇ
1480 4734 1549 4788 τὰ
1577 4735 1675 4800 τῆς
1701 4737 1823 4790 ἀνα-

233 4820 489 4884 στάσεως
546 4823 857 4895 σπέρματα,
904 4820 979 4880 ὧν
1024 4827 1151 4891 τοὺς
1199 4824 1431 4889 κόκκους
1476 4826 1821 4880 ἀναδείκνυσι

230 4910 473 4973 ζῶντας,
517 4913 613 4980 τῆς
645 4915 756 4967 τῶν
793 4916 1002 4987 νεκρῶν
1035 4916 1304 4985 σωμάτων
1343 4916 1615 4987 ἐγέρσεως
1645 4917 1703 4969 ἐν
1734 4934 1823 4988 μι-

230 5002 391 5071 κροῖς
428 5002 559 5070 ἡμῖν
579 5002 929 5072 βεϐαιοῦντας
958 5004 1059 5068 τὰς
1089 5005 1334 5069 ἐλπίδας.
1367 5006 1675 5060 Θάπτονται
1723 5006 1823 5077 μὲν

228 5093 344 5162 γὰρ
372 5092 432 5144 ἐν
462 5094 621 5165 αὐτῇ,
650 5094 727 5158 ὡς
755 5096 994 5168 ὁρῶμεν,
1017 5097 1127 5151 τῶν
1162 5098 1499 5168 σπερμάτων
1529 5099 1571 5129 ¹⁰
1607 5099 1655 5150 οἱ
1688 5097 1821 5151 κόκ-

228 5200 345 5248 κοι,
371 5185 483 5239 τῶν
509 5186 759 5240 αὐλάκων
810 5189 929 5242 ἀντὶ
971 5190 1158 5259 τάφων
1194 5191 1496 5259 γινομένων
1529 5192 1641 5252 τοῖς
1672 5205 1813 5242 σπα-

294 5394 315 5427 ι
356 5389 530 5445 Levit.
574 5406 676 5457 xu,
710 5384 762 5446 7.
810 5399 839 5428 ιι
869 5391 1058 5449 Matth.
1091 5409 1144 5458 v,
1181 5393 1269 5447 l7.
1348 5404 1373 5430 ν
1410 5392 1544 5449 Luc.
1571 5410 1631 5459 ιι,
1669 5393 1760 5449 5i.

1854 5401 1877 5429 ι
1907 5391 2100 5448 Matth.
2144 5409 2278 5460 xvn,
2307 5394 2416 5464 40..

1929 4733 2087 4788 nobis
2115 4730 2517 4787 confirmantia.
2554 4729 2908 4800 Sepelluntur
2935 4731 2988 4784 in
3023 4731 3137 4796 illa,
3170 4738 3228 4785 ut
3257 4732 3503 4787 videmus

1929 4820 2199 4876 seminum
2230 4832 2420 4890 grana,
2452 4833 2576 4872 cum
2618 4817 2754 4873 sulci
2789 4819 2899 4873 sint
2920 4819 3056 4874 satis
3086 4834 3183 4888 pro
3216 4818 3503 4889 sepulcris.

1930 4911 2052 4981 Ipsa
2084 4925 2234 4976 vero,
2260 4910 2563 4966 seminibus
2586 4912 2848 4981 acceptis,
2868 4911 3113 4967 imitatur
3129 4920 3501 4978 monumenta,

1930 5012 1984 5060 et
2018 5002 2308 5074 putrefacit
2340 5018 2593 5074 granum,
2625 5012 2686 5058 ut
2717 5004 2894 5073 ipsum
2933 5004 3242 5073 sepulcrum
3282 5019 3501 5075 corpus,

1927 5104 1982 5151 et
2036 5094 2313 5164 accipiens
2364 5094 2570 5159 vivum,
2626 5104 2903 5149 mortuum
2956 5094 3156 5159 reddit,
3182 5101 3245 5147 et.
3266 5093 3519 5147 medium.

1922 5186 2079 5257 grani
2107 5185 2268 5256 plane
2297 5184 2667 5256 putrefaciens
2701 5184 3007 5249 corculum,
3031 5184 3193 5239 etiam
3227 5184 3362 5255 ipsis
3396 5184 3500 5239 for-

2492 5402 2521 5443 γ
2552 5394 2685 5449 Luc.
2722 5409 2779 5457 ιι,
2816 5392 2937 5459 55.,
2991 5403 3012 5429 ι
3050 5391 3207 5447 Rom.
3246 5406 3361 5457 Vill,
3409 5389 3499 5444 19.

1512 5594 1754 5650 VARUE
1785 5592 2189 5650 LECTIONES.

783 5755 801 5787 ³
835 5753 1067 5807 νεοσσῶν
1093 5753 1153 5807 (Ζ.

478 5755 568 5808 καί
597 5756 701 5807 AC.

1232 5755 1252 5785 ⁸
1282 5750 1604 5821 πιστεύομέν
1628 5752 1715 5806 ΛΟ
1744 5769 1759 5805 :
1793 5751 2157 5819 πιστεύσομέν
2193 5769 2250 5815 ς.
2329 5751 2349 5781 ⁵
2372 5750 2437 5803 ἂν
2470 5764 2579 5804 οιιι.
2617 5753 2677 5806 Α.
2758 5753 2776 5783 ⁸
2818 5752 2903 5807 τοῦ
2943 5768 3052 5808 om.
3095 5753 3151 5808 C.
3232 5753 3251 5783 ⁷
3283 5754 3412 5822 ἡμῖν
3439 5770 3497 5815 ς.

226 5824 250 5855 ⁸
282 5826 357 5894 γῆ
410 5823 455 5877 Δ
484 5846 490 5853 ·
525 5828 557 5895 ἡ
589 5827 662 5896 γῆ
695 5843 751 5889 τ.
830 5830 849 5857 ³
878 5826 1123 5898 ἀφῃρέθη
1179 5825 1266 5878 ὑπ’
1304 5826 1467 5897 αὐτῆς
1494 5841 1552 5887 τ.
1634 5824 1675 5855 ίθ
1703 5822 1809 5875 τῶν
1846 5822 2173 5895 σπερμάτων
2202 5823 2275 5886 ὡς
2313 5822 2527 5893 ὁρῶμεν
2559 5822 2618 5877 Β.
