4020 6462
601 389 702 456 217

1750 383 2013 446 PHOTlI
2052 375 2553 439 PATIiIARCH/E
2572 376 2681 434 CP.

3731 372 3825 434 248

602 500 759 554 micis
789 498 979 555 inutile
1007 499 1074 554 ad
1121 500 1514 555 comedendum
1564 496 1712 551 facit.
1748 496 2158 562 Corruptioncm

2274 487 2471 556 ρεῖσιν’
2540 485 2574 553 ἡ
2631 482 2688 535 δὲ
2716 480 2956 534 λαϐοῦσα
3013 480 3080 533 τά
3132 479 3423 549 σπέρματα
3479 480 3723 550 μιμεῖται
3768 488 3827 538 τὰ

600 594 785 641 autem
810 596 1070 657 tanquam
1096 588 1507 656 conceptionem
1541 583 1829 655 quamdam
1857 581 2169 652 possidens,

601 690 875 734 mortuam
911 680 1182 734 seminum
1209 677 1437 733 feturam
1466 676 1866 749 putrefactione
1902 681 2098 744 gestat,
2119 682 2172 728 et

600 772 660 824 fit
713 780 888 825 mater
932 771 1078 835 vitae,
1133 772 1317 841 granis
1358 769 1656 839 corruptio,
1697 776 1754 823 et
1796 782 1948 822 mors
1982 774 2171 836 partus

598 874 756 934 pater
830 864 1173 934 designatur.
1226 862 1375 917 Nova
1428 863 1519 917 illa
1561 861 1767 916 doloris
1803 869 1960 915 terra:
1982 869 2171 929 partu-

599 956 793 1011 rientis
819 955 905 1011 lex
935 966 1038 1020 est,
1059 956 1160 1010 nisi
1187 956 1277 1009 fiat
1302 966 1553 1010 mortuus
1579 954 1741 1020 fetus,
1768 969 1879 1008 non
1908 953 2164 1023 fingitur:

598 1047 644 1099 si
670 1045 883 1112 vixerit,
902 1061 1011 1101 non
1044 1046 1331 1101 formatur.
1356 1045 1493 1100 Hinc
1516 1046 1679 1116 igitur
1707 1054 1764 1101 et
1786 1045 2029 1100 formica!
2056 1046 2169 1100 dis—

597 1147 746 1192 secta
788 1153 953 1207 grana
1004 1139 1057 1192 in
1106 1150 1307 1194 terram
1332 1138 1639 1205 defodiunt,
1680 1137 1921 1193 sectione
1944 1152 2164 1207 germen

596 1244 626 1281 c
658 1230 1008 1299 corruptione
1045 1228 1855 1299 impedientes.Oportuitenim
1880 1237 1935 1282 et
1958 1224 2117 1299 513
2136 1244 2169 1280 a

596 1318 623 1373 f
640 1321 949 1376 trmicarnm
974 1328 1226 1375 naturam
1262 1321 1563 1385 testificari,
1596 1330 1793 1374 terram
1830 1328 1946 1389 post
1973 1335 2166 1373 corru-

595 1412 834 1478 ptionem
879 1411 1182 1481 producere
1221 1411 1478 1465 semina:
1525 1420 1580 1464 et
1614 1410 1735 1464 vide
1783 1408 2028 1478 pariendi
2071 1407 2163 1461 tali

593 1504 754 1557 modo
804 1503 998 1558 miram
1045 1513 1324 1559 naturam.
1354 1502 1642 1572 Accipiens
1698 1501 1876 1555 solum
1912 1515 2161 1571 granum,

592 1594 915 1664 corrumpit,
948 1604 1265 1664 corruptum
1311 1610 1439 1647 vero
1483 1592 1856 1662 multipliciter
1898 1591 2166 1661 pullulare

2275 577 2553 647 μνήματα,
2607 573 2704 627 καὶ
2761 574 2925 643 σήπει
2968 572 3059 625 τὸν
3106 571 3308 624 κόκκον
3351 571 3426 634 ὡς
3454 573 3483 625 ό
3510 572 3553 602 ²¹
3587 573 3749 641 τάφος
3775 576 3826 627 τὸ

2273 669 2453 739 σῶμα,
2487 668 2582 721 καὶ
2620 664 2890 735 δεξαμένη
2927 663 3105 728 ζῶντα
3140 663 3496 735 καταφθείρει
3536 665 3824 735 νεκρότητι,

2274 762 2444 829 μέσην
2465 758 2590 831 [856
2611 756 2703 829 Η
2718 773 2778 809 τε
2797 757 2840 787 ¹¹
2868 754 3054 823 σαφῶς
3071 756 3169 825 τὴν
3196 754 3290 809 τοῦ
3321 755 3521 809 κόκκου
3539 755 3827 826 διασήψασα

2271 850 2499 920 καρδίαν
2527 851 2798 920 ἄχρηστον
2824 850 2919 903 καὶ
2950 847 3230 918 μύρμηξιν
3261 850 3343 910 είς
3366 848 3575 918 τροφὴν
3601 849 3827 918 άπεργά·

2270 945 2441 1007 ςεται.
2469 944 2679 1013 Ὥσπερ
2717 941 2775 994 δέ
2805 957 2927 994 τινα
2973 938 3233 1009 σύλληψιν
3276 940 3375 1011 τήν
3404 937 3614 1008 φθοράν
3646 957 3828 1010 κτησα-

2273 1035 2430 1105 μένη,
2459 1035 2719 1105 κυοφορεῖ
2746 1032 3103 1102 νεκρωθέντα·
3137 1033 3203 1103 τῇ
3247 1031 3407 1100 σήψει
3456 1029 3567 1083 τῶν
3602 1035 3829 1102 σπρμὰς

2268 1142 2375 1178 των
2401 1124 2470 1178 τά
2492 1124 2706 1196 ἔμϐρυα
2727 1140 2741 1153 ·
2766 1123 2859 1176 καὶ
2882 1122 3091 1190 γίνεται
3120 1122 3303 1193 μήτηρ
3326 1120 3472 1190 ζωῆς
3492 1121 3604 1183 τοῖς
3628 1122 3828 1182 κόκκοις

2269 1216 2302 1283 ἡ
2337 1215 2622 1285 νέκρωσις,
2654 1214 2747 1268 καὶ
2783 1212 3007 1276 θάνατος
3039 1212 3199 1265 τόκου
3229 1212 3414 1281 πατὴρ
3443 1211 3824 1265 ἀναδείκνυται.

2268 1307 2467 1370 Καινὸς
2495 1300 2649 1370 οὗτος
2668 1309 2732 1378 τῇ
2759 1308 2828 1377 γῇ
2852 1306 2960 1358 τῶν
2984 1305 3185 1358 ὠδίνων
3206 1307 3234 1358 ὀ
3257 1304 3420 1375 νόμος
3439 1322 3455 1336 ·
3488 1304 3557 1358 ἂν
3584 1305 3659 1374 μὴ
3686 1304 3827 1373 γένη-

2265 1418 2354 1453 ται
2385 1401 2577 1471 νεκρὸν
2604 1400 2665 1452 τὸ
2698 1398 2916 1469 βρέφος,
2941 1399 3001 1451 ού
3037 1398 3364 1452 πλάττεταιο
3395 1399 3462 1452 ἂν
3491 1396 3580 1467 ζῇ,
3613 1399 3671 1449 οὺ
3707 1414 3824 1467 μορ-

2268 1492 2481 1560 φοῦται.
2512 1492 2699 1563 Ταύτῃ
2726 1490 2835 1560 ἄρα
2868 1493 2961 1545 καὶ
2995 1490 3287 1561 μύρμηκες
3313 1472 3690 1558 τετμημένους
3716 1490 3825 1551 τοὺς

2266 1585 2501 1648 κόκκους
2526 1586 2604 1647 είς
2627 1585 2732 1655 γῆν
2754 1585 3123 1650 ἀποτίθενται,
3147 1586 3213 1656 τῇ
3236 1586 3378 1654 τομῇ
3401 1583 3502 1653 τὴν
3521 1582 3629 1637 ἀπὸ
3647 1583 3739 1652 τῆς
3759 1601 3825 1635 νε-

590 1685 744 1748 facit,
776 1701 1002 1757 granum
1041 1688 1096 1741 in
1134 1687 1317 1742 varias
1362 1695 1543 1757 partes
1578 1684 1844 1742 formans.
1878 1684 2158 1739 Calamum

2265 1677 2522 1747 κρώσεως
2540 1676 2833 1749 βλάστησιν
2847 1678 3167 1741 κωλύοντες·
3185 1676 3290 1730 εδει
3306 1677 3414 1747 γάρ
3428 1677 3523 1730 καὶ
3543 1672 3826 1746 μυρμήκων

590 1773 759 1842 spicis
797 1772 889 1828 dat
942 1790 1042 1843 pro
1084 1775 1327 1839 ossibus,
1361 1786 1415 1829 et
1445 1784 1659 1828 tenuem
1694 1790 1799 1844 pro
1835 1774 1975 1843 pelle
2007 1782 2158 1829 exte-

2270 1770 2431 1839 φύσιν
2465 1770 2809 1841 μαρτυρῆσαι
2846 1772 2912 1839 τῇ
2958 1772 3028 1841 γῇ
3081 1769 3221 1839 μετά
3255 1767 3465 1839 φθορὰν
3506 1767 3745 1837 γεννώσῃ
3768 1766 3826 1819 τά

592 1864 710 1919 rius
746 1866 965 1935 adaptat
1012 1846 1331 1933 tuniculam,
1379 1866 1618 1922 radicem
1663 1865 1891 1922 inferius
1930 1866 2158 1922 vinculis

2273 1835 2581 1928 σπέρματά.
2612 1835 2723 1911 Kal
2746 1835 2937 1911 σκόπει
2966 1835 3054 1928 μοι
3076 1835 3175 1927 τῆς
3204 1835 3387 1921 ὠδῖνος
3416 1858 3477 1910 τὸ
3506 1835 3687 1927 θαῦμα
3703 1835 3823 1908 οπλα.

591 1952 919 2020 quibusdam
969 1963 1230 2023 tanquam
1292 1955 1497 2020 nervis,
1534 1964 1588 2009 et
1641 1955 1795 2010 venis
1840 1955 2030 2026 cingit,
2065 1970 2158 2024 pro

2269 1949 2439 2004 δοῦσα
2472 1949 2631 2020 μόνον
2663 1951 2755 2033 τδν
2786 1951 2983 2005 κόκκον
3011 1950 3187 2022 φθορᾷ
3218 1949 3577 2021 παραδίδωσι,
3613 1948 3824 2021 φθαρέν-

589 2048 864 2121 unguibus
893 2048 1074 2115 granis
1105 2048 1253 2102 addit
1283 2048 1483 2103 aristas
1513 2050 1951 2120 spicarum,quaz
1968 2061 2158 2106 contra

2268 2059 2335 2095 τα
2361 2044 2419 2096 δὲ
2444 2042 2736 2097 πολλοστὸν
2758 2042 3050 2098 ἀναθάλλει
3077 2042 3212 2114 πρὸς
3250 2041 3474 2096 ποικίλα
3510 2042 3604 2094 τὸν
3645 2041 3822 2094 κόκκον

590 2140 836 2197 volucres
880 2150 1107 2197 certent.
1163 2137 1452 2209 Quomodo
1503 2140 1620 2196 haec
1681 2142 1866 2196 omnia
1921 2158 1988 2197 ex
2050 2157 2162 2197 uno

587 2248 759 2302 grano
780 2240 1035 2304 corrupto
1054 2234 1350 2289 oriuntur?
1373 2231 1485 2290 [loc
1522 2248 1653 2291 vero
1674 2244 1761 2291 es:
1790 2234 1962 2289 multo
1988 2235 2158 2289 mira-

587 2324 750 2381 bilius
801 2328 1224 2382 resurrectione.
1268 2327 1402 2382 Nam
1467 2337 1594 2384 tunc
1643 2327 1868 2399 quidem
1914 2337 2162 2383 mortuos

586 2431 726 2486 quos
756 2427 951 2473 natura
986 2421 1216 2490 accepit,
1247 2420 1425 2475 reddit
1454 2438 1467 2475 :
1501 2436 1645 2476 nunc
1672 2435 1798 2475 vero
1834 2419 2007 2473 multa
2062 2434 2162 2490 pro

586 2525 696 2564 uno
747 2520 970 2567 mortuo
1015 2513 1081 2567 ad
1117 2515 1589 2583 regenerationem
1633 2530 1802 2584 grana
1856 2512 2086 2583 profert.
2116 2511 2160 2567 Ο

584 2603 913 2661 dementiam
960 2606 1204 2676 gentium
1256 2607 1613 2661 incuraliilem
1661 2605 1910 2661 :Vident
1954 2616 2158 2660 terram
2212 2652 2225 2667 κ

583 2699 885 2753 tradentem
940 2699 1213 2770 agricola},
1264 2717 1387 2771 qua:
1447 2717 1551 2755 non
1606 2690 1858 2770 accepit,
1911 2699 2157 2754 Creatori

582 2804 708 2845 vero
743 2792 1113 2871 reddituram,
1140 2808 1281 2862 quos
1312 2793 1389 2847 illi
1430 2794 1585 2862 prius
1619 2804 1864 2848 mortuos
1901 2792 2154 2856 credidit,

582 2894 800 2949 sperare
839 2868 1071 2938 nolunt."
1100 2882 1227 2938 ideo
1258 2891 1311 2937 et
1355 2882 1558 2937 Paulus
1600 2885 1869 2937 seminum
1909 2883 2157 2953 exemplo

582 2971 809 3028 utitura.
857 2973 1180 3044 Quanquam
1222 2975 1425 3030 clarius
1477 2974 1676 3030 habeat
1726 2975 2037 3044 exemplum
2086 2978 2156 3031 de

581 3057 883 3115 infantibus
912 3077 943 3116 e
976 3063 1137 3117 vulva
1167 3063 1360 3117 matris
1404 3062 1825 3133 prodeuntibus.
1860 3062 2155 3120 Formatur

2270 2151 2370 2206 σχη
2380 2134 2679 2206 ματίζουσα
2708 2135 2867 2207 μέλη.
2890 2134 3001 2208 Τὴν
3023 2136 3280 2207 καλάμην
3298 2137 3412 2198 τοῖς
3449 2135 3703 2205 στάχυσιν
3723 2132 3822 2186 ἀντ’

2263 2229 2465 2284 ὀστέων
2490 2228 2754 2300 ἐντίθησι,
2781 2229 2877 2283 καὶ
2904 2229 3101 2283 λεπτὸν
3134 2228 3335 2295 ἔξωθεν
3362 2222 3476 2283 οἷον
3503 2227 3624 2282 ἀντὶ
3642 2226 3823 2298 δέρμα-

2261 2339 2353 2386 τος
2374 2321 2700 2391 καθυφαίνει
2727 2322 2928 2393 χιτῶνα
2948 2339 2963 2354 ·
2993 2321 3214 2391 δεσμοῖς
3251 2321 3403 2375 κάτω
3447 2320 3549 2391 τὴν
3577 2319 3726 2387 ῥίζαν
3756 2318 3821 2381 ὡς

2261 2415 2474 2485 νεύροις
2499 2416 2610 2468 τισὶ
2633 2414 2729 2470 καὶ
2761 2414 2925 2485 φλεψὶ
2958 2414 3332 2486 περισφίγγει,
3359 2412 3476 2466 ἀντ’
3498 2412 3701 2483 ὀνύχων
3722 2414 3821 2474 τοῖς

2262 2508 2480 2571 κόκκοις
2510 2508 2841 2579 ἐμπηγνῦσα
2868 2508 2969 2572 τὰς
3005 2507 3323 2578 μαχομένας
3342 2509 3456 2570 τοῖς
3491 2508 3709 2575 πτηνοῖς
3730 2503 3821 2558 τῶν

2259 2605 2546 2675 ἀσταχύων
2570 2605 2783 2669 ἀκίδας.
2816 2605 2942 2670 Πῶς
2974 2604 3144 2659 ἀπασι
3174 2606 3386 2667 τούτοις
3409 2602 3470 2670 ἐξ
3499 2603 3613 2666 ἑνὸς
3642 2602 3819 2654 κόκκου

2260 2696 2557 2767 φθαρέντος
2578 2698 2611 2766 ή
2632 2697 2886 2767 γέννησις
2912 2696 2955 2727 ¹³
2975 2714 2989 2762 ;
3013 2694 3168 2747 τοῦτο
3203 2696 3303 2763 τῆς
3331 2692 3681 2754 ἀναστάσεως
3702 2691 3818 2744 θαυ-

2262 2791 2618 2861 μαστότερον.
2675 2790 2809 2843 Τότε
2841 2789 2941 2860 μὲν
2971 2788 3080 2859 γάρ
3108 2786 3202 2851 οὓς
3232 2787 3424 2840 ἔλαϐεν
3449 2787 3485 2858 ή
3522 2786 3696 2846 κτίσις
3741 2799 3817 2835 νε-

2257 2885 2423 2952 κροὺς
2452 2883 2762 2947 ἀναδίδωσι,
2788 2881 2886 2938 νῦν
2911 2881 2967 2936 δὲ
2998 2879 3225 2944 πολλοὺς
3243 2878 3361 2932 ἀνθ’
3390 2878 3513 2940 ένὸς
3542 2874 3819 2945 νεκρωθέν-

2256 2993 2349 3040 τος
2406 2978 2487 3042 είς
2546 2976 2907 3045 ἀναγέννησιν
2937 2974 3175 3036 κόκκους
3205 2971 3591 3041 προϐάλλεται.
3652 2968 3712 3020 Ὢ
3732 2967 3817 3034 τῆς

2267 3066 2540 3138 Ἐλλήνων
2561 3067 2783 3122 ἀνιάτου
2816 3062 3280 3137 φρενοϐλαϐείαςί
3322 3062 3580 3132 βλέπουσι
3612 3059 3705 3130 τὴν
3726 3057 3818 3126 γῆν

581 3147 725 3201 enim
776 3156 1034 3219 tanquam
1068 3151 1122 3203 in
1154 3149 1432 3220 sepulcro,
1466 3150 1519 3204 in
1548 3163 1703 3206 utero
1736 3151 1979 3206 nondum
2006 3150 2153 3207 exsi-

2260 3159 2489 3229 γεωργῷ
2517 3158 2767 3212 διδοῦσαν
2795 3155 2831 3211 ἀ
2853 3155 2929 3227 μὴ
2948 3154 3225 3227 παρέλαϐε
3244 3171 3257 3185 ·
3285 3152 3364 3223 τῷ
3384 3153 3577 3223 κτίστῃ
3606 3152 3661 3205 δὲ
3700 3148 3816 3203 ταύο

578 3245 731 3294 stens
754 3238 954 3306 infans,
983 3251 1191 3297 natura:
1223 3239 1409 3297 fasciis
1432 3242 1727 3308 involutus,
1755 3252 1808 3297 et
1837 3242 2033 3297 similis
2069 3253 2153 3301 est

580 3340 818 3397 mortuo,
847 3331 1031 3389 fasciis
1085 3334 1482 3403 sepulcralibus
1541 3334 1972 3391 circumstricto.
2016 3333 2153 3389 Nam

577 3431 922 3478 mortuorum
943 3426 1163 3494 quidem
1190 3428 1374 3481 vultus
1409 3427 1615 3484 arctius
1648 3428 1941 3483 conclusus
1960 3435 2063 3493 est,
2090 3443 2154 3482 os

580 3514 637 3570 in
658 3524 813 3570 utero
840 3526 1073 3583 mutum,
1106 3534 1300 3572 manus
1326 3529 1379 3574 et
1408 3520 1570 3588 pedes
1598 3519 1654 3574 in
1672 3528 1862 3575 ventre
1892 3532 2151 3588 tauquam

576 3604 633 3659 in
671 3608 884 3662 tumulo
927 3610 1319 3665 extenduntur.
1375 3610 1576 3666 Matri:
1628 3612 1907 3682 egregium
1951 3611 2151 3667 fetibus

575 3697 891 3765 sepulcrum
916 3706 1022 3765 est,
1053 3707 1107 3753 et
1135 3699 1449 3768 sepulcrum
1478 3700 1698 3771 quidem
1745 3698 2013 3754 fetoribus
2043 3714 2151 3753 non

574 3803 790 3846 carens.
838 3790 956 3847 Tali
988 3790 1134 3846 fetus
1165 3792 1433 3849 formatus
1467 3793 1521 3847 in
1556 3792 1832 3861 sepulcro,
1864 3791 2155 3846 formantis

579 3891 776 3937 nutum
807 3892 1033 3939 vocatus
1061 3886 1331 3955 sequitur.
1360 3884 1503 3951 Quid
1541 3885 1706 3954 igitur
1733 3885 1827 3938 tali
1852 3883 1915 3938 B.
1946 3883 2151 3938 Paulus

575 3973 826 4044 exemplo
855 3975 933 4029 uti
980 3990 1105 4030 cum
1134 3978 1442 4045 potuisset,
1475 3985 1619 4031 tacet
1670 3974 2053 4030 formationem
2082 3974 2152 4029 ad

572 4065 744 4120 vitam
774 4068 829 4120 in
856 4066 1106 4137 sepulcro
1126 4068 1298 4123 vulva:
1315 4069 1339 4122 ?
1358 4070 1628 4123 seminum
1643 4081 1773 4123 vero
1794 4066 2153 4122 similitudine

571 4158 1037 4215 resurrectionem
1060 4159 1369 4216 confirmat.
1394 4160 1569 4215 Seivit
1587 4161 1771 4215 vivum
1793 4160 1847 4214 in
1881 4169 2037 4215 utero
2062 4174 2150 4215 se-

572 4265 700 4309 men
722 4250 958 4307 formare
984 4252 1176 4320 fetum,
1205 4253 1460 4324 qumsivit
1480 4267 1610 4308 vero
1635 4263 1978 4308 mortuorum
2008 4268 2151 4322 quo-

572 4344 827 4399 rumdam
849 4345 1291 4402 reviviscentium
1308 4346 1695 4417 aspectabilem
1712 4346 2149 4413 similitudinem,

571 4446 627 4491 et
654 4436 774 4495 ideo
796 4438 863 4493 ad
878 4439 1086 4495 semina
1113 4440 1373 4511 respexit.
1394 4438 1575 4495 Grana
1596 4440 1743 4495 enim
1771 4450 1895 4509 post
1914 4448 2147 4495 mortem

2257 3267 2356 3319 την
2377 3246 2678 3301 ἀποδώσειν
2696 3246 2791 3310 οὓς
2809 3247 2947 3318 αὐτῇ
2976 3244 3391 3317 παρακατέθετο
3410 3242 3515 3297 οὐκ
3536 3241 3815 3305 ἐλπίζουσι·

2255 3341 2357 3394 Διά
2392 3340 2550 3395 τοῦτο
2571 3341 2667 3393 καὶ
2697 3338 2910 3403 Παῦλος
2936 3338 3016 3410 τῷ
3044 3338 3154 3392 τῶν
3182 3337 3522 3408 σπερμάτων
3580 3331 3817 3404 παραδεί-

2254 3452 2426 3507 γματι
2443 3434 2661 3505 χρῆται,
2686 3433 2865 3486 καίτοι
2895 3449 2959 3501 γε
2999 3431 3381 3502 λαμπρότερον
3407 3428 3549 3499 ἔχων
3576 3425 3814 3496 παράδει-

2254 3547 2372 3598 γμα
2397 3528 2498 3598 τὴν
2523 3528 2587 3579 ὲκ
2611 3526 2827 3597 μήτρας
2850 3524 2959 3578 τῶν
2983 3522 3287 3595 ἀνθρώπων
3317 3522 3568 3593 πρόοδον.
3597 3516 3815 3572 Πλάττε-

2253 3638 2342 3673 ται
2374 3620 2471 3691 μὲν
2495 3617 2605 3689 γὰρ
2634 3618 2709 3682 ὡς
2743 3619 2803 3670 ὲν
2830 3616 2985 3687 τάφῳ
3017 3618 3082 3686 τῇ
3127 3616 3315 3687 μήτρᾳ.
3353 3613 3454 3683 οὐχ
3501 3614 3736 3682 ὑπάρχον
3763 3603 3816 3657 τδ

2256 3711 2472 3781 βρέφος,
2506 3713 2621 3773 τοῖς
2671 3708 2826 3780 παρά
2862 3707 2965 3777 τῆς
3021 3708 3237 3775 φύσεως
3282 3705 3340 3757 δὲ
3386 3702 3728 3774 ὲνειλημένον
3778 3696 3814 3726 ⁸⁵

2255 3802 2590 3873 σπαργάνοις
2616 3801 2905 3871 προσέοικε
2931 3797 3113 3870 νεκρῷ
3148 3795 3418 3867 δεδεμένῳ
3443 3794 3696 3865 κειρίαις.
3721 3788 3815 3842 Κέ-

2254 3895 2496 3949 κλεισται
2534 3894 2631 3963 μὲν
2659 3891 2766 3962 γάρ
2801 3891 2862 3943 τὸ
2906 3890 3123 3961 βλέμμα
3161 3888 3374 3961 νεκρῶν
3416 3885 3811 3957 ἀκριϐέστερον,

2253 3988 2534 4055 ἄπρακτον
2562 3986 2619 4037 ἐν
2640 3986 2707 4055 τῇ
2738 3982 2892 4051 νηδύϊ
2912 3983 2973 4035 τὸ
2998 3982 3197 4050 στόμα,
3227 3981 3408 4052 χεῖρες
3447 3979 3546 4033 καὶ
3582 3976 3732 4037 πόδες
3750 3971 3813 4033 ὡς

2253 4080 2311 4131 ὲν
2343 4079 2386 4110 ³⁵
2412 4076 2555 4147 σορῷ
2580 4078 2648 4147 τῇ
2678 4074 2878 4145 γαστρὶ
2908 4075 3351 4127 συνεκτέτανται.
3384 4071 3567 4141 Τάφος
3601 4063 3816 4135 ἀκριϐὴς

2252 4173 2363 4234 τοῖς
2383 4168 2643 4241 έμὸρύοις
2671 4170 2705 4238 ή
2749 4169 2953 4239 μήτρα,
2986 4168 3159 4235 τάφος
3184 4165 3306 4219 οὐδὲ
3330 4165 3433 4234 τῆς
3477 4166 3587 4217 τῶν
3616 4156 3813 4232 μνημά-

2252 4280 2361 4316 των
2381 4262 2648 4325 δυσωδίας
2668 4260 2969 4331 ὲλεύθερος.
3025 4258 3342 4331 Τηλικούτῳ
3379 4256 3446 4327 δὴ
3482 4258 3527 4287 ¹⁶
3551 4255 3611 4308 τὸ
3636 4251 3812 4324 βρέφος

2254 4353 2705 4425 ὲμμορφούμενον
2738 4353 3003 4422 μνήματι,
3031 4350 3112 4421 τῷ
3138 4349 3235 4403 τοῦ
3271 4348 3606 4420 μορεροῦντος
3637 4345 3809 4397 ἕπεται

2253 4446 2588 4517 καλούμενον
2616 4446 2868 4516 νεύματι.
2892 4444 2958 4498 Τί
2985 4444 3049 4514 δὴ
3075 4442 3328 4495 τοσοῦτον
3351 4444 3380 4495 ό
3402 4440 3667 4511 μακάριος
3688 4430 3813 4487 Παῦ-

570 4539 627 4583 et
696 4531 1102 4600 corruptionem
1163 4547 1229 4587 ex
1288 4532 1687 4602 putrefactione
1754 4532 2144 4598 reviviscunt;

2260 4538 2341 4602 λος
2368 4538 2703 4608 κεκτημένος
2730 4536 3082 4607 παράδειγμα
3106 4536 3235 4605 σιγᾷ.
3255 4534 3354 4604 μὲν
3372 4534 3472 4603 τὴν
3490 4533 3549 4585 έν
3574 4529 3649 4599 τῷ
3672 4526 3810 4591 τάφῳ

570 4630 625 4675 et
681 4630 866 4691 aperte
922 4626 1305 4694 mortuorum]
1335 4624 1794 4680 resurrectionem
1838 4625 2141 4679 declarant.

569 4713 831 4784 lnjuriam
890 4715 1004 4784 (l8)
1055 4715 1191 4772 facis
1228 4719 1424 4773 anima:
1478 4728 1748 4787 praetextu
1804 4719 2144 4788 patrocinii,

568 4816 623 4861 et
656 4807 709 4860 in
736 4822 917 4878 pugna
939 4809 1200 4863 adversus
1231 4823 1431 4878 corpus
1474 4821 1665 4866 contra
1697 4812 1870 4882 ipsam
1903 4812 2143 4867 animam

569 4900 819 4958 armaris.
850 4899 1139 4955 Factorum
1174 4903 1319 4957 enim
1360 4903 1831 4959 remunerationes
1873 4920 1997 4960 cum
2026 4906 2147 4960 ani-

569 5008 659 5046 ma
719 5006 829 5046 non
884 4994 1317 5060 communicatis,
1353 5004 1408 5049 et
1460 4996 1613 5050 carni
1646 4997 1883 5052 debitam
1925 5012 2145 5067 poenam

570 5082 786 5149 animae,
840 5092 1098 5153 tanquam
1148 5086 1263 5140 sola
1326 5100 1594 5157 pecassct,
1644 5091 1873 5159 irrogas.
1910 5089 1966 5143 Si
1997 5090 2143 5144 enim

641 5265 667 5299 ει
708 5251 726 5306 l
757 5251 884 5309 Cor.
912 5270 1002 5318 xv,
1034 5256 1122 5318 l5,
1154 5253 1245 5310 56.

2251 4628 2351 4700 τῆς
2382 4631 2596 4701 μήτρας
2627 4632 2708 4693 είς
2762 4628 2907 4699 ζωὴν
2939 4626 3365 4696 πλαστουργίαν,
3418 4623 3735 4694 σπερμάτων
3761 4612 3810 4666 δὲ

2251 4721 2442 4784 τύποις
2470 4720 2679 4791 βεϐαιοῖ
2714 4720 2814 4792 τὴν
2860 4720 3191 4783 ἀνάστασιν;
3222 4717 3340 4789 ⁴ᾔδει
3376 4715 3558 4779 ζῶσαν
3583 4714 3645 4781 τῇ
3674 4703 3810 4776 νηδύϊ

2251 4815 2350 4885 τὴν
2375 4813 2445 4870 τὰ
2472 4814 2645 4884 βρέφη
2680 4814 2889 4884 σποράν
2932 4811 3387 4872 διαπλάττουσαν,
3441 4808 3622 4876 ἐζήτει
3651 4801 3704 4853 δὲ
3730 4812 3808 4850 νεα

2254 4905 2403 4979 κρῶν
2436 4922 2595 4959 τινων
2620 4904 2830 4977 ὁρατῶς
2847 4903 3176 4968 ἀναζώντων
3209 4901 3415 4965 εἰκόνα,
3444 4902 3534 4951 καὶ
3561 4894 3647 4947 διὰ
3672 4888 3809 4979 τοῦτο

2254 4976 2529 5069 ἀπέϐλεψε
2576 4976 2714 5068 πρὸς
2764 4996 2832 5049 τά
2888 4995 3201 5066 σπέρματα.
3237 4994 3301 5045 0i
3336 4993 3443 5060 γάρ
3468 4990 3653 5042 κόκκοι
3687 4976 3806 5052 μετᾶ

2253 5090 2352 5161 τὴν
2394 5091 2459 5142 ἐκ
2506 5090 2722 5160 σήψεως
2756 5090 3023 5161 νέκρωσιν
3053 5088 3147 5141 καὶ
3182 5086 3388 5157 φθορὰν
3441 5079 3692 5145 ἁναςῶσι,
3726 5069 3807 5123 καὶ

1842 5343 2080 5398 VARle
2122 5341 2535 5400 LECTIONES.

644 5502 680 5534 ¹¹
716 5503 745 5554 ὀ
773 5515 883 5556 om.
918 5502 985 5557 A.
1064 5502 1106 5532 ¹²
1141 5500 1223 5572 τε]
1255 5501 1311 5553 δέ
1338 5500 1397 5555 Β.
1483 5502 1527 5532 ³³
1560 5500 1771 5569 γένεσις
1803 5499 1863 5551 Β.
1948 5498 1990 5530 ³⁵
2017 5499 2407 5570 ένειλημμένον
2428 5501 2490 5554 Λ.
2576 5501 2622 5533 ⁸⁵
2642 5502 2699 5555 ὲν
2730 5498 2855 5554 add.
2886 5496 2951 5551 Α.
3033 5497 3076 5527 ¹⁸
3110 5498 3175 5567 δή
3209 5497 3252 5550 Α
3288 5515 3301 5547 :
3329 5495 3386 5547 δέ
3416 5511 3477 5558 ς.

2101 5618 2330 5692 ΝΟΜ).

642 5762 954 5843 (18)Ᾱιιὶιιιὶ
989 5786 1040 5827 ει
1074 5778 1319 5842 corporis
1352 5772 1707 5843 comparatio.
1741 5773 1994 5843 Legenda
2055 5785 2139 5833 est
2176 5776 2355 5832 Aurea
2413 5772 2657 5847 Gregorii
2729 5774 2967 5829 Palat-nat:
3034 5772 3204 5841 episc.
3255 5766 3503 5824 Tltcssal.
3561 5772 3684 5819 tom.
3713 5755 3795 5823 IX,

569 5848 827 5909 ll.oliotlt.
853 5848 954 5902 SS.
978 5847 1222 5915 Patrum,
