4020 6468
156 411 232 476 ΞΗ
1134 415 1666 477 BIBLIOTHECA.
1702 439 1773 451 --
1807 413 1972 475 COD.
2011 415 2358 481 CCLXXVI.
3273 409 3379 474 250

160 529 354 596 γίνονται
383 524 486 594 τῆς
522 523 632 578 τῶν
663 523 872 595 νεκρῶν
901 523 1250 590 ἅναόιώσεως
1297 525 1692 598 ἐναργέστατον
1721 530 1747 589 Α

1797 526 1976 581 anima
2029 527 2145 581 sola
2204 525 2698 584 remunerationem
2723 525 2914 597 513!)
2953 525 3222 580 bonorum
3249 538 3382 593 ope-

154 617 404 689 σύμὸολον.
433 615 598 690 [1552
626 615 723 689 8.]
752 617 984 680 ’Λδικεῖς
1025 617 1121 688 τὴν
1142 618 1323 689 ψυχὴν
1362 619 1694 690 συνηγορίας

1793 618 2318 689 rum,laborumque
2349 620 2566 685 habeat,
2589 628 2738 690 patet
2761 620 2924 672 etiam
2956 633 3144 672 eorum
3177 615 3380 687 quibus

151 713 490 784 προσχήματι,
509 711 608 794 καὶ
625 713 692 781 τῇ
719 712 858 782 πρὸς
881 711 946 764 τὸ
967 709 1130 779 σῶμα
1155 711 1303 783 μάχῃ
1334 711 1454 765 κατ’
1479 712 1693 784 ἐκείνης

1794 712 1959 768 homo
2023 713 2290 783 peccavit,
2323 728 2542 783 prauam
2612 712 2784 768 solam
2823 726 2946 766 esse
2968 710 3246 766 daturam.
3273 706 3381 762 Sed

148 803 335 875 ὁπλίζῃ.
377 801 489 865 τὰς
527 803 634 872 γὰρ
661 802 774 855 τῶν
800 802 1189 872 πραττομένων
1220 803 1455 873 ἀμοιϐὰς
1491 801 1567 874 μὴ
1597 820 1695 873 με·

1795 805 1919 859 vide
1965 819 2034 859 ne
2079 820 2282 874 corpus
2324 816 2378 860 et
2417 807 2654 859 animam
2682 804 2947 860 adversus
2981 817 3103 858 sese
3145 802 3381 856 invicem

151 895 290 967 ρίζων
325 897 392 964 τῇ
437 894 586 965 ψυχῇ
631 894 726 948 καὶ
758 894 858 965 τὴν
881 895 982 965 τῆς
1015 895 1215 965 σαρκὸς
1237 895 1314 958 ὼς
1346 897 1481 968 μόνῃ
1517 897 1715 969 πλημο,

1797 891 1853 946 in
1895 891 2168 962 judicium
2203 908 2382 948 voces.
2411 891 2608 949 Merito
2629 893 2776 948 enim
2815 907 3016 962 corpus
3048 906 3170 946 cum
3200 889 3381 943 anima

150 987 357 1058 μελούσῃ
382 987 657 1057 τιμωρίαν
691 987 1030 1055 συνεισάγεις
1061 987 1124 1041 ⁵⁷.
1161 987 1222 1040 Εί
1243 987 1352 1059 γὰρ
1389 988 1568 1060 ψυχῆς
1595 989 1696 1059 μό-

1798 985 2182 1056 expostularet,
2214 987 2259 1042 si
2292 987 2530 1043 honores
2563 997 2710 1043 recte
2747 986 3017 1042 factorum
3043 985 3148 1041 sibi
3175 983 3385 1039 adime-

147 1095 230 1150 νης
269 1079 322 1130 αἱ
370 1075 500 1149 [857
533 1075 626 1148 IL]
675 1077 787 1130 τῶν
835 1077 1015 1130 πόνων
1049 1079 1143 1131 καὶ
1191 1078 1698 1150 ἀνδραγαθημάτων

1798 1086 1886 1132 ret
1912 1097 1925 1132 :
1959 1080 2250 1149 animaque
2274 1080 2518 1135 vicissim
2551 1094 2677 1135 cum
2701 1094 2950 1149 corpore,
2980 1079 3026 1134 si
3063 1076 3277 1131 debitas
3308 1073 3385 1129 illi

147 1167 364 1238 ἀμοιϐαὶ,
405 1167 568 1237 δῆλον
602 1168 685 1221 ὅτι
725 1168 820 1220 καὶ
866 1161 942 1222 ὧν
975 1168 1224 1239 ἥμαρτεν
1269 1170 1298 1222 ό
1328 1168 1616 1240 ἄνθρωπος
1641 1168 1698 1222 αί

1799 1185 1992 1240 poenas
2027 1185 2086 1226 se
2127 1172 2306 1226 solum
2347 1171 2555 1226 videret
2606 1172 2882 1228 sustinere
2927 1181 3202 1242 oportere.
3243 1167 3386 1234 Quin

146 1257 402 1328 τιμωρίαι.
450 1257 592 1312 Ἀλλ’
615 1259 718 1330 ὅρα
748 1258 823 1329 μὴ
851 1259 1064 1329 σώματι
1095 1261 1190 1313 καὶ
1218 1259 1365 1332 ψυχῇ
1393 1261 1623 1332 καθίζῃς
1653 1260 1699 1293 ¹⁸

1802 1261 1983 1332 potius
2046 1272 2344 1332 utrumque
2391 1269 2582 1318 contra
2627 1262 2869 1333 judicem
2916 1262 3114 1316 incitas
3149 1273 3389 1330 :corpus

148 1351 250 1402 κατ’
274 1350 522 1420 ἀλλήλων
543 1351 847 1422 κριτήριον.
882 1351 1050 1421 Σῶμα
1080 1351 1178 1422 μὲν
1197 1353 1308 1423 γὰρ
1342 1353 1568 1417 εἰκότως
1603 1371 1702 1406 κα-

1801 1353 2043 1424 quidem,
2068 1355 2194 1425 quia
2223 1355 2608 1423 retributione,
2630 1372 2794 1427 quam
2837 1337 3101 1422 meretur,
3121 1355 3387 1426 privatur;

148 1443 452 1512 ταεοήσεται
500 1440 702 1513 ψυχῆς,
757 1443 866 1495 τῶν
903 1443 1345 1512 κατορθωμάτων
1383 1443 1548 1496 αὐτοῦ
1603 1443 1702 1509 τὰς

1803 1446 2042 1501 animam
2067 1461 2216 1510 vero,
2246 1448 2389 1518 quod
2409 1463 2598 1503 eorum
2630 1463 2863 1518 quorum
2900 1463 3009 1501 non
3032 1457 3114 1501 est
3145 1445 3390 1508 conscia,

151 1465 452 1512 ταοσησεται
500 1465 702 1513 ψυχης,
757 1465 866 1495 των
903 1465 1345 1512 κατορυωματων
1383 1465 1548 1496 αυτου
1603 1465 1702 1509 τας

151 1533 288 1602 τιμὰς
315 1533 695 1604 ἁρπαζούσης,
719 1533 866 1605 ψυχὴ
898 1533 944 1586 δ’
963 1532 1030 1586 αὖ
1060 1531 1332 1603 σώματος,
1365 1536 1464 1597 τὰς
1491 1533 1702 1602 ὀφειλο-

1802 1465 2042 1501 ammam
2067 1465 2216 1510 vero,
2246 1465 2389 1518 quou
2409 1465 2598 1503 eorum
2672 1465 2863 1502 uorum
2900 1465 3009 1501 non
3032 1465 3114 1501 εει
3145 1465 3389 1508 ροηεοιιι,

1803 1553 1978 1608 poena:
2029 1539 2098 1594 ab
2147 1554 2210 1595 ea
2255 1541 2569 1609 exigantur.
2622 1465 2906 1609 gopulasti
2942 1554 3050 1603 me,
3084 1536 3389 1598 oDomine,

155 1627 293 1696 μένας
317 1627 544 1697 πληγὰς
559 1625 751 1696 ἐκείνῳ
770 1627 903 1696 μόνη
930 1627 1373 1696 είσπραττομένη
1398 1625 1460 1678 ⁸⁸.
1485 1626 1704 1680 Μᾶλλον

1807 1631 2021 1699 corpori
2067 1631 2470 1702 incorpoream,
2495 1638 2551 1684 et
2581 1630 2682 1686 soli
2715 1630 2853 1685 mihi
2883 1645 2974 1686 res
3005 1638 3254 1684 terrenas
3285 1644 3394 1682 non

153 1719 186 1770 δ’
227 1716 477 1787 ἑκάτερον
530 1717 711 1772 αὐτῶν
740 1718 1064 1789 παροξύνεις
1094 1718 1238 1772 κατὰ
1277 1717 1374 1772 τοῦ
1397 1719 1611 1789 κριτοῦ,
1642 1719 1704 1772 τὺ

1805 1723 2154 1789 commisisti,
2185 1732 2240 1780 et
2279 1739 2308 1778 a
2341 1739 2426 1779 me
2458 1723 2575 1778 sola
2613 1729 2834 1793 pcenam
2865 1722 3064 1793 exigis,
3088 1732 3144 1775 et
3180 1720 3250 1774 do
3276 1734 3391 1789 poe-

157 1813 254 1880 μὲν,
279 1807 352 1874 οἷς
378 1812 506 1864 δέον
536 1811 679 1882 ἔχειν
705 1811 941 1883 ἀμοιϐὰς
959 1805 1034 1864 ὧν
1059 1812 1370 1883 ἐστέρηται,
1397 1813 1494 1884 τὴν
1522 1813 1600 1877 δὲ,
1630 1807 1706 1868 ὧν
1736 1840 1744 1895 1

1808 1831 1908 1871 nas
1939 1832 2156 1882 eorum,
2187 1817 2387 1886 quibus
2419 1831 2620 1886 corpus
2648 1815 2915 1886 peccavit,
2941 1813 3247 1878 ebrietatis,
3279 1810 3395 1865 for-

155 1905 233 1973 οὐχ
259 1904 530 1970 ὑπαίτιος,
550 1903 670 1957 δέον
697 1903 822 1973 μηδ’
844 1902 1164 1957 εὐθύνεσθαι
1184 1898 1267 1968 οἷς
1293 1905 1702 1976 εἰσπράττεται.

1811 1909 2300 1978 nicationis,gu|2e.
2319 1907 2425 1965 Ubi
2454 1907 2600 1961 enim
2633 1915 2764 1962 sunt
2792 1906 2908 1960 haec
2930 1905 3128 1959 animae
3150 1901 3395 1973 propria,

156 1997 339 2066 Σίὲιμιτί
372 2013 450 2068 με
482 1996 745 2066 συνῆψας,
779 1991 826 2050 ὦ
853 1997 1116 2063 Δέσποτα,
1139 1997 1239 2069 τὴν
1268 1998 1580 2070 ἀσώματον,
1613 2000 1708 2054 καὶ

1811 2013 1871 2058 ut
1899 2001 2098 2057 invidia
2130 2000 2294 2065 forte,
2320 1999 2406 2054 vel
2437 1997 2708 2054 haeresis?
2737 1996 3209 2064 Quemadmodum
3251 1993 3398 2047 enim

161 2089 271 2159 μόνη
290 2089 381 2151 τὰς
411 2089 506 2141 ἐπὶ
528 2092 630 2158 τῆς
659 2089 762 2158 γῆς
793 2091 893 2143 οὐκ
931 2089 1260 2154 ἐπίστευσας
1309 2091 1557 2162 πράξεις,
1613 2071 1708 2146 καὶ

1813 2096 1927 2150 haec
1969 2107 2076 2148 non
2110 2101 2237 2148 sunt
2270 2091 2540 2162 corporis,
2590 2089 2670 2146 sic
2709 2104 2884 2158 neque
2925 2087 3015 2141 illa
3043 2086 3263 2148 animae,
3296 2082 3400 2136 etsi

159 2181 282 2250 παρὰ
301 2181 469 2249 μόνης
492 2181 749 2245 ἀπαιτεῖς
769 2182 867 2245 τὰς
895 2181 1145 2247 εὐθύνας.
1187 2183 1298 2237 Καὶ
1326 2182 1520 2254 δίδωμι
1552 2182 1708 2247 δίκας

1816 2189 2042 2244 alterum
2096 2187 2213 2241 sine
2260 2186 2433 2240 altero
2477 2185 2544 2239 ad
2600 2191 2835 2253 utraque
2887 2181 3155 2250 ineptum.
3190 2176 3403 2245 Corpus

162 2264 294 2326 ὄιναὶ
311 2273 542 2342 πράξεις
568 2273 664 2327 τοῦ
717 2274 990 2344 σώματος,
1033 2275 1226 2346 μέθης,
1271 2276 1552 2348 πορνείας,
1603 2293 1710 2346 γα-

1818 2295 1941 2337 vero
1981 2296 2107 2334 cum
2160 2279 2266 2334 alia
2305 2295 2403 2347 pro
2433 2293 2492 2333 se
2528 2275 2676 2332 dicat
2705 2276 2888 2346 justa,
2927 2285 3066 2335 tum,
3099 2285 3200 2340 ego
3225 2285 3321 2339 pro
3355 2278 3405 2320 te

171 2364 515 2435 στριμαργίας.
560 2364 671 2418 Ποῦ
702 2365 810 2435 γὰρ
838 2366 1010 2420 ταῦτα
1041 2367 1256 2438 ψυχῆς,
1294 2366 1483 2439 ὥσπερ
1515 2367 1711 2436 φθόνος

1818 2378 2044 2424 mortem
2096 2367 2322 2437 oppetii,
2363 2381 2473 2420 non
2526 2365 2732 2418 anima.
2759 2361 2876 2418 Non
2921 2362 3068 2416 enim
3099 2375 3282 2413 meum
3322 2365 3405 2410 est

176 2461 352 2532 τυχδνῆ
371 2460 527 2533 δεξης
551 2461 811 2526 ἀσέϐειας
841 2460 1030 2534 ὥσπερ
1058 2462 1169 2534 γὰρ
1195 2462 1257 2516 οὐ
1294 2461 1547 2533 σώματος
1576 2459 1711 2514 ταῦ-

1816 2462 2062 2518 laborare
2081 2460 2152 2515 oh
2178 2461 2322 2530 leges
2341 2470 2463 2512 tuas
2483 2451 2728 2527 jejuniis,
2748 2465 2804 2511 et
2834 2455 3057 2524 vigiliis.
3091 2451 3197 2505 Per
3228 2465 3403 2503 mem-

176 2565 248 2610 ια,
271 2551 419 2616 οὕτως
449 2552 559 2606 οὐδ’
580 2555 768 2606 ἐκεῖνα
794 2553 994 2623 ψυχῆς,
1033 2555 1081 2606 εί
1124 2553 1223 2606 καὶ
1263 2555 1434 2624 χωρὶς
1477 2553 1712 2626 θατέρου

1818 2557 1915 2611 bra
1949 2570 2068 2609 mea
2113 2551 2421 2623 virginitas.
2445 2549 2734 2616 Quomodo
2764 2548 2932 2617 igitur
2989 2560 3097 2599 non
3133 2543 3405 2611 iniquum.

173 2641 356 2712 θὰτεῳν
377 2645 554 2714 ἀργὸν
580 2645 719 2715 πρὸς
741 2647 997 2714 ἑκάτερα.
1027 2644 1102 2698 Τὸ
1127 2644 1286 2716 σῶμα
1311 2645 1357 2699 δ’
1383 2645 1450 2699 ἂν
1480 2645 1616 2701 ἄλλα
1651 2663 1712 2701 τε

1824 2661 1935 2702 cum
1968 2659 2087 2699 mea
2133 2645 2244 2698 sint
2276 2643 2602 2705 certamina,
2641 2639 2882 2694 animam
2945 2636 3063 2691 sine
3115 2648 3204 2686 me
3250 2644 3411 2686 coro--

165 2734 271 2805 φαίη
305 2735 509 2802 δίκαια,
551 2737 649 2788 καὶ
677 2737 752 2798 ὡς
801 2735 911 2805 ἐγὼ
955 2736 1054 2808 τὴν
1111 2737 1251 2808 ὑπὲρ
1302 2736 1398 2791 σοῦ
1427 2738 1708 2810 τελευτὴν,

1825 2755 1939 2793 nam
1995 2736 2265 2806 accipere.
2299 2734 2432 2800 Quae
2491 2742 2577 2788 est
2633 2731 2905 2787 sententia
2938 2743 3132 2786 eorum
3177 2722 3412 2795 indicii?

159 2825 252 2879 ἀλλ’
272 2827 357 2897 οὐχ
382 2829 420 2898 ἡ
472 2826 620 2899 ψυχὴ
659 2827 892 2898 δέχεται.
925 2828 1058 2882 Οὐδὲ
1105 2828 1214 2900 γὰρ
1239 2829 1502 2899 πέφυκεν.
1546 2831 1711 2900 Ἐμὸν

1827 2830 2120 2887 Communis
2167 2845 2386 2894 merces,
2418 2837 2467 2881 et
2515 2825 2810 2881 communis
2853 2838 3028 2894 paena,
3078 2820 3205 2890 quia
3251 2817 3414 2870 etiam

159 2915 207 2968 τὸ
253 2920 422 2971 πονεῖν
481 2918 572 2972 διὰ
606 2920 732 2982 τοὺς
788 2919 915 2981 σούς
946 2918 1146 2988 νόμους
1177 2921 1472 2989 νηστείαις,
1535 2921 1708 2992 ἀγρυ-

1827 2923 2053 2992 utrisque
2083 2920 2386 2974 communia
2417 2933 2575 2986 opera
2605 2917 2843 2986 fuerunt.
2863 2912 3192 2980 Quanquam
3234 2909 3286 2960 in
3311 2905 3414 2958 ali-

159 3008 340 3072 πνίαις·
366 3010 467 3063 διὰ
521 3010 633 3063 τῶν
656 3009 804 3079 ἐμῶν
838 3008 1014 3071 μελῶν
1067 3012 1102 3080 ἡ
1132 3010 1417 3077 παρθενία.
1466 3013 1592 3076 Πῶς
1619 3013 1712 3066 οὖν

1831 3018 2020 3088 )uibus
2051 3013 2404 3070 contentione
2447 3026 2615 3065 unum
2653 3017 2875 3079 superat
2905 3007 3140 3060 alterum
3180 3021 3193 3057 :
3223 3012 3280 3055 et
3309 2998 3418 3053 sibi

157 3098 239 3152 οὐκ
255 3099 458 3159 ἄδικον,
481 3101 636 3170 ἐμῶν
656 3100 766 3152 τῶν
794 3098 972 3152 ἄθλων
993 3098 1183 3165 ὄντων,
1205 3100 1305 3170 τὴν
1333 3100 1511 3172 ψυχὴν
1544 3105 1714 3174 χωρὶς

1833 3111 2052 3164 :nvicem
2109 3108 2405 3177 conjuncta
2455 3104 2631 3159 fuisse
2679 3101 2749 3157 ab
2805 3101 2964 3155 initio
3008 3097 3074 3152 ad
3097 3105 3420 3150 communes

153 3191 264 3260 ἐμοῦ
291 3193 602 3261 λαμϐάνειν
627 3194 697 3246 τὰ
715 3191 960 3258 ἐπαθλας
985 3192 1069 3256 τίς
1098 3192 1252 3256 λύσις
1293 3193 1476 3247 αὐτῶν
1507 3196 1607 3266 τῆς
1636 3196 1718 3248 δί-

1834 3202 2040 3257 iabores
2079 3200 2402 3266 obeundos,
2463 3194 2864 3260 conﬁtendum,
2910 3199 2964 3245 et
3011 3187 3334 3247 sciendum,
3367 3189 3421 3236 et

151 3299 267 3353 κης;
297 3286 523 3349 Κοινὸς
549 3289 583 3339 ό
607 3285 850 3355 μισθὸς,
904 3284 1101 3339 κοιναί
1124 3288 1183 3338 ai
1215 3287 1440 3350 ποιναὶ,
1470 3287 1558 3342 ὅτι
1590 3307 1714 3342 κοι-

1831 3294 1964 3362 rore,
1998 3305 2057 3350 ut
2109 3307 2432 3349 communes
2485 3304 2756 3354 coronas,
2799 3295 2952 3356 parta
2982 3281 3210 3336 victoria
3270 3276 3418 3331 acci-

149 3375 230 3427 ναὶ
257 3376 467 3430 αὐτῶν
495 3380 557 3430 αι
587 3376 856 3444 πράξεις,
881 3377 986 3430 κᾶν
1019 3376 1106 3428 ἐπ’
1137 3377 1292 3429 ἐνίων
1325 3379 1386 3430 τὸ
1415 3377 1602 3449 ἕτερον
1627 3379 1720 3433 τοῦ

1836 3389 2000 3456 piant,
2052 3398 2106 3442 et
2143 3389 2196 3442 in
2249 3387 2451 3456 quibus
2507 3389 2827 3455 peccarunt,
2872 3391 3196 3434 communes
3230 3384 3423 3443 ptonas

154 3470 514 3540 συγκρίματος
545 3471 843 3542 πλεονεκτῇ
895 3473 941 3504 ¹⁰
969 3472 1062 3526 τοῦ
1107 3473 1324 3541 ἑτέρου,
1354 3473 1449 3523 καὶ
1475 3472 1595 3541 ,τὴν
1627 3491 1722 3525 συ-
1829 3480 2001 3533 luant.

155 3564 454 3630 ζευχθεῖσαν
478 3561 575 3614 ἀπ’
599 3563 774 3633 ἀρχῆς
806 3567 885 3628 εἰς
916 3565 1135 3627 κοινοὺς
1180 3565 1380 3626 πόνους
1412 3562 1580 3617 δυάδα
1599 3564 1680 3618 δεῖ
1703 3567 1754 3627 ’ἱ
1793 3569 2080 3638 ὁμολογεῖν
2114 3569 2207 3623 καὶ
2240 3569 2441 3622 εἰδέναι
2489 3566 2686 3621 κοινῶν
2716 3563 2938 3620 καὶτῶν
2973 3561 3254 3630 στεφάνων
3292 3557 3426 3610 ἁπο-

155 3650 307 3708 ὶαύειν
333 3655 425 3725 ἐφ’
465 3651 549 3718 οἷς
603 3656 878 3724 νενίκηκε,
925 3658 1023 3710 καὶ
1055 3659 1136 3720 εἰς
1187 3653 1374 3719 κοινὰς
1407 3655 1996 3732 ἁπάγεσθαιτιμωρίας
2021 3653 2096 3715 ὧν
2121 3659 2570 3731 ἐπλημμέλησεν.

153 3863 248 3918 Τοῦ
281 3864 507 3930 αὐτοῦ,
555 3863 626 3918 ἐκ
668 3862 772 3919 τοῦ
813 3864 898 3930 εὶς
940 3863 1007 3919 τὸ
1056 3866 1275 3936 Πάσχα
1310 3867 1499 3936 λόγου
1530 3864 1734 3919 δευτέ-

1553 3864 1734 3919 ῗευτέ-
2125 3867 2381 3939 Ejusdem
2421 3865 2588 3920 altera
2620 3863 2793 3916 oratio
2823 3862 2879 3915 in
2910 3858 3140 3913 Pascha.

831 3973 946 4026 pov
973 3958 1044 4011 ”.

217 4096 557 4156 Ἀνάστασις
573 4093 671 4164 τῆς
693 4091 786 4145 τοῦ
809 4092 1016 4162 Κυρίου
1040 4091 1300 4163 προνοίας
1323 4090 1386 4144 τὸ
1409 4090 1729 4160 κεφάλαιονο

1913 4095 2266 4151 Resurrectio
2313 4102 2399 4147 est
2444 4099 2608 4161 caput
2640 4085 2997 4161 providentia:
3033 4079 3247 4135 Domini
3292 4092 3399 4135 :ca

145 4189 230 4242 τοῦ
253 4187 570 4258 κεφαλαίου
599 4186 656 4239 δὲ
683 4185 830 4256 ψυχὴ
859 4185 1324 4256 λμνημονεύουσα,
1371 4185 1467 4238 καὶ
1503 4186 1572 4254 τῇ
1603 4183 1732 4254 περὶ

1841 4189 1972 4263 pitis
2013 4201 2144 4242 vero
2173 4186 2356 4241 anima
2408 4199 2640 4245 memor,
2682 4192 2735 4236 et
2777 4179 2984 4250 gratias
3012 4188 3178 4245 agens
3208 4169 3399 4226 benefa

144 4283 224 4334 τὸν
249 4257 567 4352 εὐεργέτην
593 4277 920 4350 εὐχαριστίᾳ
963 4278 1206 4342 συζῶσα,
1257 4277 1379 4340 ταῖς
1412 4274 1507 4330 τοῦ
1536 4273 1731 4346 ἐχθροῦ

1847 4257 2006 4341 ctori,
2038 4274 2247 4330 inimici
2284 4271 2494 4342 laqueis
2537 4271 2657 4339 capi
2705 4283 2814 4321 non
2851 4271 3052 4336 potest.
3085 4259 3334 4316 Ascende
3368 4257 3434 4310 ad

144 4349 455 4434 δυσάλωτος
506 4369 717 4437 γίνεται
767 4349 990 4437 πάγαις.
1033 4366 1290 4439 Ἀνάϐηθι
1339 4367 1476 4437 πρὸς
1504 4366 1605 4438 τὴν
1630 4365 1731 4421 τῶν

1851 4371 2198 4440 antiquorum
2232 4365 2516 4429 historias,
2542 4371 2595 4416 et
2624 4359 2837 4414 videbis
2861 4352 3288 4413 resurrectionis
3338 4349 3438 4404 ad-

145 4464 455 4536 ἀνθρώπων
487 4461 875 4532 ἀρχαιολογίαν
903 4461 970 4525 ’⁸,
1001 4461 1096 4514 καὶ
1116 4461 1216 4531 τὴν
1254 4460 1357 4530 τῆς
1385 4459 1732 4524 ἀναστάσεως

1851 4457 2272 4515 umbrationem.
2339 4451 2632 4507 Brutorum
2707 4448 2856 4502 enim
2929 4453 3128 4498 natura
3199 4441 3438 4496 animata

145 4534 528 4624 σκιαγραφίαν
557 4552 834 4622 εὑρήσεις.
879 4551 944 4604 Ἦ
972 4550 1070 4620 μὲν
1095 4549 1205 4620 γὰρ
1235 4549 1345 4603 τῶν
1389 4549 1606 4618 ἀλόγων
1637 4548 1732 4618 φύ-

1849 4563 2028 4611 creata
2059 4561 2164 4616 est,
2193 4551 2379 4606 anima
2405 4561 2532 4603 cum
2557 4557 2792 4614 corpore
2824 4537 3248 4597 simulcondita.
3266 4534 3436 4588 Adam

145 4663 224 4709 σις
253 4645 515 4718 ἔμψυχος
544 4643 1027 4714 δεδημιούργηται,
1058 4641 1138 4712 τῷ
1171 4640 1385 4712 σώματι
1429 4641 1530 4712 τῆς
1559 4641 1732 4712 ψυχῆς

1850 4657 2030 4703 autem
2081 4646 2201 4701 sine
2256 4641 2444 4698 anima
2502 4653 2534 4692 e
2597 4637 2714 4690 luto
2780 4632 2934 4688 ﬁctili
3006 4629 3275 4685 formatus
3334 4632 3437 4689 est,

147 4735 826 4805 συγκατασκευασθείσης⁹
853 4733 1058 4803 ἄψυχος
1081 4732 1138 4786 δὲ
1157 4732 1188 4785 ό
1222 4731 1395 4802 Ἀδὰμ
1425 4731 1598 4802 πηλοῦ
1621 4733 1734 4786 δια-

1850 4739 2044 4796 deinde
2099 4739 2282 4792 anima
2361 4731 2718 4803 inspiratione
2792 4725 3027 4781 formata
3057 4723 3202 4787 estb,
3273 4719 3437 4789 quin,

147 4827 494 4891 πλασθέντας
545 4827 925 4899 μεμόρφωται,
962 4821 1084 4879 εἶτα
1130 4826 1165 4896 ἡ
1194 4823 1343 4895 ψυχὴ
1371 4822 1451 4894 τῷ
1492 4825 1734 4895 ἐμφυσή-

1856 4845 1910 4888 ut
1971 4831 2155 4886 verius
2228 4828 2469 4898 loquar,
2559 4819 2951 4892 superinducta
3004 4822 3107 4871 est.
3169 4811 3236 4866 Et
3295 4823 3443 4864 mor-

153 4936 273 4986 ματι
291 4919 758 4990 μεμόρφωταωδ,
784 4916 985 4987 μᾶλλον
1011 4916 1069 4970 δὲ
1095 4914 1314 4986 ἀληθῶς
1337 4917 1534 4979 εἰπεῖν,
1565 4919 1740 4969 ἐπεισ-

1860 4930 2071 4975 luorum
2118 4912 2545 4972 resurrectionis
2602 4911 2836 4966 Creator
2907 4903 3266 4976 primordium
3335 4908 3447 4953 sta-

154 4987 503 5077 ἀγεταιξκοιὶ
529 5008 628 5080 τὴν
652 5011 718 5062 ἐκ
745 5007 954 5078 νεκρῶν
981 5007 1183 5071 εὐθέως
1210 5009 1240 5060 ὁ
1279 5007 1529 5076 πλάστης
1561 5023 1741 5076 προοι-

1859 5013 1957 5066 tim
2017 5007 2168 5064 fecit.
2193 5004 2313 5061 Non
2374 5004 2522 5059 enim
2577 5017 2608 5056 e
2666 4999 2841 5056 solida
2902 4994 3300 5066 protoplastum
3345 4987 3446 5080 Afe-

160 5105 413 5169 μιὰζεται
439 5077 688 5172 ἔγερσιν.
711 5101 824 5154 Καὶ
849 5077 903 5132 7"
932 5099 1038 5154 οὐδ’
1065 5100 1130 5152 ἐκ
1157 5100 1384 5170 στερεᾶς
1409 5097 1507 5152 τὸν.
1531 5097 1747 5168 πρωτό-

1862 5100 1932 5155 cit
1985 5098 2244 5162 materia,
2287 5095 2381 5151 sed
2414 5091 2613 5164 515a
2671 5097 2834 5144 terra:
2891 5085 3168 5156 pulverem
3203 5081 3260 5136 in
3336 5077 3449 5132 for-

161 5193 395 5247 π>.αστον
455 5169 771 5262 συντίθησιν
797 5190 952 5259 ὕλης,
1006 5189 1145 5243 ἀλλὰ
1173 5169 1272 5258 τῆς
1293 5189 1400 5258 γῆς
1430 5189 1491 5241 τὸ
1516 5186 1748 5258 χνοῶδες

1864 5205 2003 5244 mam
2063 5189 2324 5253 adduxit,
2386 5185 2586 5239 tollens
2655 5180 2725 5235 ab
2793 5177 2950 5232 initio
3024 5171 3306 5228 hominum
3363 5169 3451 5221 in-

160 5285 417 5351 χαλκεύει
461 5285 601 5356 πρὸς
633 5259 938 5355 μόρφωσιν,
968 5283 1173 5336 πείθων
1207 5285 1272 5336 ἐκ
1318 5281 1622 5351 προοιμίων
1657 5277 1747 5330 τὸν

1865 5279 2194 5344 ﬁdelitatem,
2237 5278 2369 5349 quia
2409 5274 2515 5331 etsi
2565 5270 2746 5344 pulvis
2797 5267 2870 5324 sit
2928 5272 3182 5321 mortuus
3231 5269 3285 5314 ct
3345 5259 3452 5311 im-

160 5349 386 5432 ἐπιστον
408 5349 523 5446 ὅτι,
547 5349 654 5432 κᾶν
673 5349 802 5448 χοῦς
891 5376 1084 5447 νεκρὸς
1115 5375 1211 5430 καὶ
1235 5349 1514 5446 ἀκίνητος,
1554 5375 1683 5447 ῥᾷον
1717 5372 1747 5432 ἡ

1868 5371 2116 5434 mobilis,
2179 5371 2340 5426 facile
2411 5366 2597 5423 anima
2651 5375 2937 5433 resurgere
2995 5356 3162 5424 facit,
3210 5360 3264 5409 et
3329 5349 3455 5405 nul—

225 5538 255 5580 δ
290 5539 444 5594 Gen.
488 5554 548 5599 ιι,
576 5538 634 5592 7.

1442 5668 1679 5726 VARle
1712 5669 1892 5726 LECT
1910 5669 2137 5727 IONES.

234 5853 279 5884 "
310 5853 566 5917 εἰσάγεις
597 5869 634 5915 ς·
714 5850 757 5881 ⁸⁸
798 5849 1040 5913 καθίζεις
1069 5850 1132 5901 Λ.
1236 5849 1278 5882 ³³
1305 5842 1655 5917 πραττομένη
1687 5843 1759 5917 ᾼΖ
1867 5843 1912 5874 ²⁰
1941 5842 2346 5902 πλεονεκτεῖς.
2436 5838 2479 5917 ’ξ
2505 5835 2619 5917 δεῖη
2826 5833 2871 5865 ²²
2898 5829 3153 5900 δευτέρου
3203 5823 3365 5895 λόγου
3396 5836 3455 5886 ς.

164 5924 210 5956 ⁸³
248 5903 644 5995 ἀρχαιοίίοκίίαῖκ
667 5922 729 5976 Δ.
812 5922 857 5953 ⁸³
891 5903 1247 5990 μεμόρφωται
1271 5903 1467 5989 μᾶλλον
1503 5903 1554 5969 ἑξ
1586 5903 1801 5982 ἀληθῶς
1835 5916 2004 5968 εἰπεῖν
2037 5928 2145 5970 om.
2177 5912 2241 5966 Λ.
2326 5911 2368 5947 ³⁵
2395 5908 2487 5962 καὶ
2518 5903 2642 5961 add.
2674 5905 2742 5959 A.

2783 5981 2804 6008 ο
