4020 6420
577 364 681 435 251

1731 364 1997 428 PHOTII
2031 367 2539 429 PATRIARCHIE
2570 370 2684 430 (ΣΡ.

3736 368 3847 431 252

573 472 880 529 lumfereus
910 471 1200 542 vestigium
1239 470 1645 538 vivificationis,
1710 488 1813 528 nec
1852 473 2154 543 accipiens,

2265 473 2404 545 ψυχὴ
2431 475 2568 546 πρὸς
2590 473 2886 529 ἀνάστασιν
2910 473 3034 545 ἀγει
3061 474 3155 529 καὶ
3182 473 3246 527 τὸ
3278 473 3397 545 μηδ’
3426 456 3561 544 ἴχνη
3584 474 3723 545 μήτε
3752 464 3850 528 λάι-

577 566 903 637 participem
988 566 1167 620 reddit
1250 566 1429 620 vitalis
1520 565 1950 634 conjunctionis.
2044 564 2164 620 Non

578 660 727 713 enim
776 657 1135 726 corruptibile
1167 671 1369 737 corpus
1409 655 1560 721 fecit,
1606 655 1704 712 sed
1748 666 1995 728 tempore
2023 673 2164 729 quo-

578 756 705 802 dam
758 748 1018 804 solutioni
1073 749 1275 816 tradit,
1328 750 1676 805 vitiositatem
1738 754 1886 806 vasis
1909 768 1976 807 ex
2036 766 2165 821 pec-

580 850 703 894 cato
752 856 991 911 purgans
1036 856 1102 896 ac
1163 856 1388 907 sanans,
1440 853 1493 897 et
1556 841 1922 912 putrefactum
1956 845 2162 913 peccati

580 930 912 985 mortalitate
978 931 1293 998 inveniens,
1351 933 1545 989 mortis
1596 933 1821 991 fornace
1898 935 2164 1001 dissolvit,

584 1028 642 1074 et
677 1021 768 1075 ubi
800 1021 987 1087 solvit,
1012 1038 1107 1078 vas
1130 1024 1499 1095 putrefactum
1531 1026 1599 1082 de
1624 1043 1764 1082 novo
1808 1026 2029 1093 format,
2066 1043 2167 1084 nec

595 1112 909 1179 admireris,
950 1117 1106 1183 quasi
1139 1116 1390 1173 altiorem
1418 1128 1580 1188 captu
1613 1129 1959 1174 mortuorum
1988 1118 2164 1174 refor-

584 1206 904 1263 mationem.
939 1207 1116 1263 Tanta
1143 1211 1287 1264 enim
1322 1225 1412 1265 ars
1439 1220 1523 1267 est
1554 1212 1764 1267 lictoris
1794 1213 1849 1266 in
1882 1212 2160 1284 fingendo,

587 1302 645 1346 ut
697 1293 857 1347 etiam
909 1312 1067 1366 aqua;
1115 1310 1369 1354 naturam
1412 1301 1467 1355 in
1531 1302 1827 1357 simulacra
1880 1302 1935 1356 in
1976 1311 2165 1359 ventre

584 1381 804 1451 formet,
839 1387 941 1442 hoc
966 1389 1099 1443 milii
1135 1391 1312 1461 magis
1364 1392 1683 1447 mirandum
1714 1394 1949 1459 videtur,
1995 1409 2161 1465 quam

587 1477 708 1546 ipsa
739 1483 1090 1539 resurrectio.
1126 1485 1206 1539 Ibi
1239 1486 1384 1541 enim
1435 1503 1467 1543 e
1500 1489 1723 1558 pulvere
1766 1498 2017 1544 mortuus
2054 1490 2165 1543 for-

586 1578 791 1635 matur,
819 1580 873 1625 et
898 1573 1098 1642 figulus
1122 1591 1215 1632 vas
1242 1594 1274 1632 e
1295 1586 1439 1632 terra
1469 1579 1691 1644 format,
1720 1581 1925 1636 nostris
1948 1581 2164 1653 artibus

591 1658 795 1715 similia
853 1676 1258 1733 repraesentans
1320 1686 1333 1722 :
1386 1668 1475 1724 bic
1530 1684 1663 1724 vero
1713 1673 1860 1725 nuda
1914 1670 2161 1740 quaedam

584 1759 736 1819 gutta
767 1751 1039 1808 factorum
1069 1766 1154 1811 est
1186 1758 1387 1823 lutum,
1410 1756 1472 1813 'et
1506 1774 1536 1813 e
1561 1768 1711 1828 gutta
1742 1759 1803 1813 fit.
1829 1760 2036 1814 animal
2073 1776 2161 1815 ra—

2268 563 2361 617 6ὸν
2402 565 2540 635 μήτε
2563 564 2729 634 φέρον
2764 564 3031 629 ζωὼσεως
3073 565 3331 621 κοινωνὸν
3357 566 3592 618 ποιεῖται
3624 564 3851 634 ζωηφό-

2270 671 2362 725 pou
2389 654 2765 723 συμϐιώσεως.
2807 657 2882 710 Ού
2904 656 3015 726 γὰρ
3041 656 3247 727 φθορᾶς
3292 656 3354 709 τὸ
3390 656 3552 727 σῶμα
3586 655 3850 709 διέπλασε

2266 748 2667 818 παρανάλωμα,
2696 747 2832 803 ἀλλά
2860 748 3040 820 χρόνῳ
3066 750 3175 802 τινὶ
3196 747 3349 802 λύσει
3368 747 3727 819 παραδίδωσι,
3749 747 3854 816 τὴν

2265 841 2330 893 ὲκ
2340 840 2438 910 τῆς
2458 838 2584 911 [858
2606 840 2697 912 IL]
2716 840 2991 912 ἁμαρτίας
3005 840 3098 895 τοῦ
3120 841 3345 904 σκεύους
3372 838 3649 908 καθαίρων
3675 855 3737 890 τε
3755 838 3856 890 καὶ

2268 928 2562 999 ἐξιώμενος
2580 931 2825 985 κάκωσιν
2845 948 2859 962 ο
2874 932 2969 984 καὶ
2990 932 3057 1002 τῇ
3077 931 3226 1002 παρὰ
3252 934 3349 1001 τῆς
3369 930 3645 1000 ἁμαρτίας
3668 926 3857 998 εὑρὼν

2272 1020 2683 1092 σεσαθρωμένον
2733 1020 3017 1092 θνητότητι
3042 1059 3057 1085 ,
3100 1020 3180 1092 τῷ
3219 1020 3313 1074 τοῦ
3346 1019 3575 1074 Θανάτου
3604 1019 3695 1072 δια
3731 1018 3858 1071 λύει

2263 1114 2616 1187 χωνευτηρξῳ
2638 1155 2655 1181 ,
2703 1114 2870 1187 [1555
2897 1114 2990 1186 8.]
3021 1114 3117 1169 καὶ
3143 1114 3311 1177 λύσας
3344 1114 3482 1184 πρὸς
3512 1112 3858 1166 νεόπλαστον

2266 1204 2459 1269 σκεῦος
2494 1206 2556 1259 τὸ
2606 1205 2883 1277 σαθρωθὲν
2911 1206 3265 1261 ἀναπλάττει.
3316 1205 3426 1257 Καὶ
3460 1205 3535 1276 μὴ
3557 1203 3860 1272 θαυμάσῃς

2266 1295 2340 1359 ὡς
2370 1296 2650 1367 λογισμῶν
2684 1296 2969 1368 ἀνωτέραν
2997 1297 3096 1367 τὴν
3124 1296 3232 1350 τῶν
3258 1296 3469 1367 νεκρῶν
3501 1293 3863 1364 ἀναχάλκευ-

2267 1400 2350 1436 σιν
2371 1401 2384 1414 ο
2416 1384 2651 1455 τοσαύτη
2681 1384 2791 1455 γάρ
2818 1385 2957 1456 πρὸς
2979 1382 3453 1455 ἀγαλματοποιίαν
3485 1383 3519 1453 ἠ
3552 1383 3722 1453 τέχνη
3756 1380 3861 1434 τοῦ

2265 1475 2524 1539 πλάστου,
2564 1476 2640 1539 ὡς
2670 1476 2764 1530 καὶ
2788 1475 2949 1546 φύσιν
2979 1475 3169 1540 ὕδατος
3201 1476 3281 1539 εἰς
3312 1474 3637 1545 ἀνδριάντας
3664 1475 3725 1526 ὲν
3750 1489 3863 1540 γα-

2267 1568 2390 1638 στρὶ
2417 1567 2789 1624 διαπλάττειν.
2810 1568 2981 1622 Τοῦτό
3008 1586 3099 1640 μοι
3131 1566 3564 1640 παραδοξότερον
3585 1565 3683 1619 τοῦ
3725 1566 3866 1635 περὶ

2265 1656 2364 1727 τὴν
2399 1658 2697 1713 ἀνάστασιν
2718 1659 3018 1731 θαύματος.
3063 1661 3213 1739 Ἐκεῖ
3246 1659 3345 1731 μὲν
3374 1658 3483 1729 γὰρ
3506 1658 3573 1712 ὲκ
3607 1658 3742 1727 χοὸς
3770 1672 3865 1710 νε-

2267 1751 2399 1822 κρὸς
2424 1752 2835 1823 πηλουργεῑται,
2869 1754 2964 1807 καὶ
2992 1754 3054 1807 τὸ
3087 1754 3280 1817 σκεῦος
3308 1754 3337 1807 ὀ
3357 1752 3636 1823 κεραμεὺς
3659 1753 3729 1803 ἐκ
3757 1749 3869 1817 τῆς

586 1848 739 1904 tione
784 1850 1095 1918 praeditum.
1151 1848 1195 1906 0
1225 1860 1399 1906 artem
1442 1867 1506 1907 ex
1542 1867 1679 1923 aqua
1721 1853 2018 1908 simulacra
2044 1852 2162 1907 for-

2267 1843 2371 1913 γῆς
2394 1845 2746 1913 ἀναπλάττει,
2783 1846 3055 1917 σύμφωνά
3073 1862 3196 1908 πως
3222 1847 3344 1909 ταῖς
3366 1845 3495 1915 παρ’
3521 1845 3662 1915 ἡμῖν
3684 1842 3869 1894 ὲνδει⁸

586 1952 773 1991 mans.
802 1937 869 1991 Et
900 1953 1007 1992 non
1041 1939 1145 1993 hoc
1176 1939 1354 1994 solum
1379 1941 1581 1995 mirum
1625 1951 1727 2008 est,
1756 1958 1954 2013 aquam
1991 1943 2164 2013 sculpi

585 2031 643 2086 in
709 2032 1017 2086 animarum
1051 2034 1433 2102 simulacrum,
1467 2036 1562 2092 sed
1601 2036 1751 2092 intus
1788 2036 2017 2092 formari
2064 2037 2166 2092 fiu-

585 2130 785 2180 ctuans
845 2139 1055 2179 semen.
1099 2125 1334 2197 Sanguis
1386 2128 1532 2183 enim
1585 2129 1826 2201 undique
1895 2130 2164 2194 bulliens,

587 2229 774 2270 semen
810 2217 920 2272 huc
950 2227 1113 2287 atque
1141 2218 1271 2274 illuc
1304 2229 1504 2275 nutans
1530 2229 1586 2275 et
1614 2236 1757 2291 aegre
1790 2221 1987 2276 stabile
2013 2219 2161 2287 facit,

584 2316 641 2361 et
674 2308 781 2363 illis
813 2308 1136 2366 decumanis
1170 2312 1438 2382 agitatum
1485 2312 1765 2378 fluctibus,
1798 2313 2040 2368 animata
2084 2321 2166 2367 ta-

586 2415 716 2455 men
773 2410 952 2457 statua
1002 2404 1308 2472 perficitur.
1365 2404 1409 2460 Ο
1455 2405 1720 2474 pictorem
1778 2405 1832 2459 in
1877 2404 2164 2461 ﬂuctuanti

590 2492 762 2547 linteo
808 2509 1001 2550 secure
1050 2498 1385 2565 pingentem.
1435 2494 1671 2566 Sanguis
1708 2496 1852 2551 enim
1902 2508 2164 2567 tanquam

582 2584 813 2639 linteum
839 2586 1086 2656 subjacet
1116 2586 1351 2641 formato
1379 2587 1537 2641 fetui.
1583 2586 1698 2642 Hoc
1716 2588 1974 2642 Salomon
1998 2588 2164 2643 etiam

587 2690 712 2730 cmn
760 2686 990 2747 stupore
1040 2679 1340 2745 admirans,
1383 2678 1450 2732 In
1490 2691 1686 2745 ventre,
1731 2681 1930 2751 inquit,
1974 2683 2163 2736 matris

585 2768 849 2838 ﬁguratus
882 2786 998 2825 sum
1024 2788 1172 2834 caro,
1202 2772 1379 2827 decem
1418 2773 1678 2827 mensium
1710 2783 1941 2842 tempore
1972 2790 2166 2845 coagu-

584 2860 728 2913 latus
784 2877 903 2914 sum
949 2862 1003 2915 in
1036 2862 1294 2932 sanguine
1318 2874 1368 2916 ε.
1416 2862 1640 2918 Femina
1696 2866 1844 2920 enim
1906 2876 2163 2936 tanquam

589 2950 818 3019 pictoris
848 2950 1061 3005 oflicina
1094 2954 1369 3023 proposita
1403 2963 1507 3017 est,
1540 2956 1787 3010 colorum
1838 2972 1969 3010 vero
1996 2968 2166 3012 mate-

584 3042 725 3096 riam
781 3043 869 3096 vir
913 3043 1083 3099 addit.
1137 3045 1235 3099 Est
1263 3061 1393 3101 vero
1418 3047 1545 3116 quis
1574 3048 1752 3117 pictor
1785 3053 1841 3104 in
1876 3056 2050 3115 utero,
2096 3065 2164 3104 ex

585 3149 699 3189 uno
722 3133 903 3187 colore
931 3148 962 3188 e
993 3136 1180 3189 multis
1201 3137 1562 3206 compositam
1590 3138 1818 3208 pingens
1844 3139 2160 3208 imaginem.
2191 3170 2235 3231 ε

585 3219 689 3273 Sed
737 3220 1013 3289 quomodo
1056 3237 1088 3277 e
1137 3223 1408 3278 feculento
1475 3225 1683 3279 semine
1744 3226 1919 3280 oculis
1957 3226 2164 3283 addidit

580 3312 853 3380 eleganter
902 3312 1183 3383 pupillam,
1237 3315 1514 3383 quomodo
1567 3317 1962 3381 e_substantia
2016 3317 2161 3372 ﬂuxa

582 3414 712 3454 ossa
751 3401 1041 3455 condidit?
1080 3402 1359 3473 quomodo
1397 3419 1460 3458 ex
1496 3404 1675 3459 soluto
1724 3405 1934 3460 semine
1968 3422 2163 3462 nervos

581 3486 898 3557 compegit?
928 3489 1203 3558 quomodo
1238 3491 1522 3563 sanguinis
1553 3492 1774 3547 canales
1822 3508 1988 3550 venas
2033 3494 2163 3550 des-

583 3574 822 3644 culpsit?
880 3579 1162 3646 quomodo
1224 3579 1437 3634 cerebri
1508 3594 1562 3633 tn
1620 3579 1799 3650 capite
1855 3581 2161 3637 custodiam

578 3666 800 3721 ossibus
822 3668 1061 3737 aptavit?
1078 3670 1350 3737 quomodo
1396 3670 1542 3726 fetus
1580 3671 1635 3725 in
1658 3672 1892 3727 obscura
1916 3671 2163 3742 depictus

586 3758 825 3825 officina,
879 3769 1065 3829 aptum
1100 3762 1474 3817 membrorum
1525 3765 1689 3817 situm
1748 3764 1999 3835 accepit?
2052 3763 2160 3819 Sed

582 3860 844 3921 tanquam
896 3851 1051 3907 radio
1096 3868 1313 3908 uterum
1353 3854 1546 3927 51ήὸ
1581 3856 1912 3921 illustrante,
1960 3857 2164 3926 cuique

588 3942 729 4010 parti
781 3946 1060 4011 proprium
1113 3946 1484 3999 membrorum
1517 3947 1699 4001 locum
1747 3948 1927 4016 pictor
1973 3941 2169 4003 distri-'

592 4032 711 4086 buit
747 4050 761 4087 :
793 4034 1033 4088 Amictus
1075 4036 1215 4089 enim
1265 4038 1462 4091 lumine
1492 4040 1625 4091 sicut
1666 4041 1972 4094 vestimento
1995 4040 2045 4107 ἀ,
2078 4051 2164 4097 est

581 4122 833 4179 occultus
883 4122 1093 4179 fetuum
1141 4125 1339 4193 pictor.
1376 4125 1547 4191 Quem
1592 4125 1761 4181 David
1798 4129 2038 4184 celebrat
2083 4131 2163 4185 di-

578 4213 753 4267 ccndo
790 4231 802 4267 :
837 4212 959 4268 Non
988 4215 1316 4269 abscondisti
1344 4233 1400 4270 os
1434 4233 1609 4270 meum
1645 4236 1678 4273 a
1708 4227 1776 4284 te,
1805 4220 1945 4290 quod
1989 4203 2161 4290 fecisti

578 4306 633 4357 in
675 4308 941 4361 occultae.
976 4307 1131 4362 llanc
1161 4323 1191 4361 c
1221 4317 1373 4377 gutta
1405 4309 1651 4380 cogitans
1686 4312 1906 4367 fictilem
1961 4324 2159 4380 artem,

580 4405 829 4464 respectu
865 4400 1109 4469 figmenti
1134 4413 1164 4453 e
1192 4408 1335 4453 terra
1369 4415 1477 4455 non
1503 4402 1744 4473 ambigo.
1768 4402 1993 4469 Quoties
2014 4407 2159 4461 enim

2267 1937 2366 1990 κνύ
2378 1955 2540 2009 μενος
2566 1937 2801 2008 τέχναις·
2831 1936 3067 1992 ἐνταῦθα
3095 1936 3153 1991 δὲ
3174 1936 3356 2008 γυμνή
3383 1953 3469 1999 τις
3499 1932 3727 2002 σταγὼν
3752 1932 3869 1985 τῶν

2266 2031 2653 2101 πλαττομένων
2676 2030 2887 2099 γίνεται
2915 2030 3105 2102 πηλὸς,
3128 2029 3227 2084 καὶ
3254 2027 3472 2097 λογικὸν
3498 2030 3563 2080 ὲκ
3589 2025 3872 2094 σταγόνος

2270 2123 2578 2178 συντίθεται
2629 2121 2837 2189 ζώδιον.
2888 2123 2952 2175 Ὢ
2988 2122 3187 2193 τέχνης
3216 2122 3274 2190 ἐξ
3308 2121 3503 2184 ὕδατος
3534 2118 3874 2188 γλυφούσης

2264 2216 2582 2285 ἀγάλματαῐ
2610 2217 2702 2270 καὶ
2722 2216 2785 2270 ού
2812 2215 2972 2270 τοῦτο
3019 2215 3180 2287 μόνον
3200 2213 3499 2285 παρέχεται
3522 2210 3584 2266 τὸ
3609 2208 3874 2279 παράδο-

2266 2308 2375 2375 ξον,
2408 2310 2489 2362 ὅτι
2518 2308 2713 2377 γλύφει
2740 2307 2802 2360 τὸ
2835 2306 2978 2377 ὕδωρ
3012 2308 3090 2369 εἰς
3124 2305 3365 2377 ἔμψυχον
3387 2304 3596 2371 ξόανον,
3628 2301 3757 2356 ἀλλ’
3785 2302 3876 2355 ὅτι

2272 2402 2367 2454 καὶ
2392 2402 2817 2471 κυματουμένην
2864 2400 2963 2470 τὴν
2993 2397 3157 2469 γονὴν
3182 2397 3332 2452 ἔνδον
3368 2394 3703 2450 τεκτονεύει.
3774 2393 3877 2446 Αι-

2268 2492 2454 2563 μάτων
2505 2494 2614 2566 γὰρ
2665 2492 2932 2548 πάντοθεν
2967 2490 3430 2563 περιδράσσοντες
3467 2491 3516 2521 “
3555 2487 3875 2559 χειμαρροι

2266 2585 2598 2657 περιῤῥεπὲς
2624 2585 2839 2638 ποιοῦσι
2865 2583 2926 2637 τὸ
2962 2582 3169 2655 σπαρὲν
3193 2582 3289 2635 καὶ
3306 2581 3707 2652 δυσστὴρικτον
3728 2595 3744 2607 ·
3771 2580 3876 2632 καὶ

2264 2678 2329 2747 τῇ
2368 2675 2604 2747 τοσαύτῃ
2651 2674 3058 2745 ναυαγούμενον
3108 2673 3375 2744 τρικυμία
3406 2673 3501 2725 καὶ
3544 2669 3687 2743 ζάλῃ
3722 2669 3877 2740 πρὸς

2266 2766 2504 2836 ἔμψυχον
2557 2768 2706 2837 ὅμως
2728 2764 3124 2837 ξάπαρτίζεται
3154 2763 3468 2833 ἀνδριάντα.
3502 2761 3568 2814 Ὢ
3596 2760 3877 2831 γραφέως

2265 2860 2358 2911 ἐπὶ
2415 2849 2786 2928 σαλευομένης
2827 2857 3063 2921 σινδόνος
3110 2855 3370 2925 ἀσφαλῶς
3395 2852 3873 2924 ζωγραφοῦντοςῑ

2264 2948 2325 3001 τὺ
2353 2948 2462 3018 γάρ
2515 2942 2656 3019 αἷμα
2695 2945 2808 3001 οἶον
2856 2947 3050 3001 σινδών
3080 2964 3164 3010 τις
3189 2944 3476 2999 ὑπόκειται
3504 2946 3572 3015 τῇ
3608 2960 3877 3013 μορφου-

2268 3041 2405 3112 μένῃ
2430 3044 2585 3112 γονῇ.
2618 3041 2791 3095 Τοῦτο
2834 3041 2931 3095 καὶ
2961 3039 3216 3110 Σολομὼν
3271 3037 3716 3109 ἐκπληττόμενος
3750 3036 3879 3089 ἕλε-

2265 3148 2381 3199 γεν,
2412 3132 2512 3186 Ἐν
2541 3132 2741 3199 κοιλίᾳ
2775 3132 3002 3202 μητρὸς
3049 3131 3324 3200 ἐγλύφην
3377 3128 3558 3197 σὰρξ,
3592 3127 3880 3197 δεκαμη-

2264 3224 2432 3290 νιαίῳ
2457 3226 2670 3293 παγεὶς
2702 3224 2772 3277 ἐν
2807 3224 3029 3292 αἵματι.
3064 3222 3359 3294 Πρόκειται
3391 3221 3490 3291 μὲν
3531 3217 3732 3289 ῶσπερ
3768 3220 3882 3283 ζω-

2263 3316 2527 3386 γραφεῖόν
2555 3333 2608 3369 τι
2636 3315 2698 3369 τὸ
2731 3314 2889 3387 θῆλυ,
2922 3314 3028 3367 τῶν
3055 3314 3364 3384 χρωμάτων
3389 3312 3447 3365 δὲ
3477 3313 3575 3383 τὴν
3610 3309 3759 3380 ὓλην
3817 3310 3883 3361 τὸ

2264 3408 2433 3479 ἄρρεν
2463 3405 2767 3461 ἐπιϐάλλει.
2802 3406 3055 3477 Κάθηται
3078 3405 3123 3438 ⁸⁷
3150 3403 3207 3457 δέ
3237 3421 3321 3467 τις
3350 3403 3410 3456 ὲν
3436 3404 3503 3473 τῇ
3534 3402 3726 3472 μήτρᾳ
3764 3402 3883 3465 ζω-

2262 3498 2495 3570 γράφος,
2552 3498 2614 3563 ἐξ
2674 3497 2795 3561 ἐνὸς
2843 3496 3134 3567 χρώματος
3162 3494 3557 3549 πολυσύνθετον
3584 3509 3881 3545 καταποι-

2264 3590 2464 3645 κίλλων
2516 3589 2722 3645 εἰκόνα.
2765 3588 2890 3653 Πῶς
2940 3586 3001 3652 ἐξ
3056 3585 3312 3649 ἱλυὼδους
3342 3584 3510 3653 γονῆς
3555 3581 3883 3653 ὀφθαλμοῖς

2263 3680 2807 3752 ὲνηγλάῖσε.κόρην;
2872 3678 2992 3742 πῶς
3038 3679 3103 3731 ὲκ
3164 3676 3396 3747 ροώδους
3430 3674 3621 3735 οὐσίας
3676 3672 3875 3725 ὀστῶν

2265 3769 2604 3840 συνεπήξατο
2632 3767 2829 3839 φύσιν;
2858 3766 2976 3830 πῶς
3002 3767 3068 3820 ὲκ
3088 3764 3392 3836 λελυμένης
3414 3764 3623 3833 σπορᾶς
3652 3761 3881 3832 νεύρων

2264 3862 2567 3933 ὲστερέωσε
2614 3860 2807 3927 τόνον;
2864 3859 2983 3922 πῶς
3018 3858 3268 3928 αἱμάτων
3320 3856 3567 3927 σωλῆνας
3597 3854 3880 3924 διέγλυψε

2262 3953 2362 4018 τὰς
2392 3952 2633 4022 φλέϐας;
2664 3952 2783 4016 πῶς
2835 3951 2933 4014 τὰς
2976 3950 3085 4003 τῶν
3117 3950 3319 4002 ὀστέων
3352 3947 3646 4017 ἐγκεφάλῳ
3684 3947 3734 3979 ³⁸
3781 3966 3881 4000 πε-

2268 4047 2533 4115 ριήρμοσε
2588 4043 2798 4114 θήκας;
2831 4040 2949 4101 πῶς
2976 4042 3035 4093 ὲν
3085 4041 3319 4109 ἀφεγγεῖ
3340 4039 3400 4091 τὸ
3419 4038 3617 4111 βρέφος
3651 4037 3883 4107 γραφό-

2268 4153 2427 4207 μενον
2450 4135 2785 4205 ζωγραφείῳ
2818 4132 3163 4202 ἀσυγχύτους
3184 4132 3281 4195 τάς
3312 4131 3423 4184 τῶν
3470 4130 3657 4200 μελῶν
3700 4130 3879 4182 ἀπείσ

2263 4228 2402 4297 ληφε
2421 4226 2777 4293 τοποθεσίαςς
2799 4224 2912 4279 ἀλλ’
2945 4224 3135 4294 ὥσπερ
3162 4225 3380 4284 ἀκτῖνός
3401 4240 3547 4286 τινος
3566 4222 3669 4291 τὴν
3697 4223 3881 4291 νηδὺν

2263 4307 2693 4388 ὲναυγαζούσης,
2723 4318 2823 4386 τὴν
2848 4315 3054 4368 οἰκείαν
3081 4314 3301 4385 ἑκάστῳ
3319 4314 3427 4366 τῶν
3458 4314 3638 4384 μελῶν
3670 4313 3700 4365 ὀ
3724 4331 3882 4384 γραε-

2265 4411 2401 4482 φεὺς
2459 4410 2751 4465 ἀποδίδωσι
2792 4407 3010 4479 χώραν·
3077 4406 3140 4459 '0
3204 4406 3318 4477 γὰρ
3358 4407 3882 4474 ἀναϐαλλόμενος

578 4488 737 4541 video
768 4489 1029 4544 artiﬁcem
1058 4506 1124 4545 ex
1158 4506 1301 4560 aqua
1327 4492 1652 4547 condentem
1674 4504 1935 4562 statuam,
1963 4499 2160 4555 melius

2266 4504 2393 4573 φῶς
2420 4504 2501 4570 ὡς
2523 4502 2758 4573 ἱμάτιον
2781 4502 3051 4572 κρυφαῖος
3081 4500 3293 4567 γίνεται
3318 4498 3428 4553 τῶν
3463 4499 3732 4570 ὲμὸρύων
3762 4499 3884 4563 ζω-

579 4578 731 4633 illum
767 4590 978 4637 statuas
1004 4592 1204 4637 eterra
1239 4582 1403 4638 credo
1438 4583 1642 4641 facere.
1675 4585 2151 4651 Quemadmodum

578 4671 723 4725 enim
754 4672 801 4727 si
832 4674 957 4743 quis
990 4675 1045 4727 in
1067 4689 1213 4743 aqua
1245 4674 1417 4746 pingit
1444 4675 1673 4742 litteras,
1702 4685 1754 4731 et
1784 4678 1955 4735 lineas
1982 4679 2152 4749 ducit,

577 4762 720 4817 idem
740 4765 933 4820 melius
960 4765 1015 4819 in
1043 4780 1167 4821 cera
1187 4782 1282 4822 eas
1304 4766 1635 4832 eﬂ‘ormabit,
1664 4768 1746 4823 sic
1763 4768 1915 4825 fluxo
1946 4774 2157 4827 semine

577 4857 808 4927 pingens
855 4867 909 4913 et
957 4859 1215 4929 sculpens
1252 4862 1533 4927 membra,
1588 4861 1803 4917 facilius
1850 4864 1906 4917 in
1952 4873 2157 4920 terram

577 4948 955 5003 membrorum
984 4950 1189 5020 figuras
1207 4952 1416 5023 pinget,
1446 4962 1499 5008 et
1522 4952 1803 5019 formabit,
1836 4964 1891 5009 et
1915 4955 2007 5025 qui
2035 4965 2161 5012 ante

579 5039 751 5093 ullum
774 5039 995 5097 virtutis
1025 5044 1283 5098 meritum
1309 5043 1390 5100 sic
1425 5044 1673 5115 corporis
1706 5046 1760 5100 in
1785 5054 1943 5101 utero
1970 5062 2161 5102 curam

576 5132 780 5202 gessit,
830 5142 955 5203 post
1007 5149 1146 5205 opus
1178 5135 1400 5192 virtutis
1440 5139 1717 5208 quomodo
1750 5149 1949 5195 terram
1980 5140 2161 5196 disso-

580 5221 753 5277 lutam
803 5223 923 5280 sine
964 5225 1174 5282 honore
1219 5228 1524 5300 relinquet?
1555 5228 1814 5286 lnterime
1848 5246 2071 5300 corpus,
2107 5240 2161 5287 et

577 5320 886 5369 creaturam
921 5316 1191 5375 occideris
1220 5335 1234 5374 :
1265 5334 1376 5375 non
1397 5320 1504 5377 erit
1533 5321 1693 5379 navis
1728 5321 1848 5379 sine
1878 5322 2158 5387 manibus,

2261 4597 2600 4667 γράφος.Ὃν
2631 4594 2724 4647 καὶ
2752 4592 2913 4645 Δαϐὶδ
2932 4592 3273 4661 δημοσιεύων
3304 4592 3454 4645 ἐϐόα·
3490 4594 3613 4646 Οὐκ
3635 4591 3883 4659 ἐκρύϐη

2264 4688 2331 4741 τὸ
2360 4686 2586 4741 ὀστοῦν
2634 4703 2754 4754 μου
2788 4682 2909 4739 ἀπὸ
2948 4683 3086 4747 σοῦ,
3120 4682 3151 4735 ὃ
3185 4682 3484 4749 ἐποίησας
3529 4681 3602 4735 ἐν
3631 4682 3884 4751 κρυερῇ.

2265 4779 2485 4849 Ταύτην
2512 4779 2613 4849 τὴν
2635 4779 2699 4831 ὲκ
2739 4777 2997 4845 σταγόνος
3018 4775 3365 4846 λογιζόμενος
3391 4774 3707 4844 πλαστικὴν
3732 4776 3888 4846 πρὸς

2266 4869 2368 4938 τὴν
2392 4871 2460 4922 ὲκ
2494 4868 2596 4938 γῆς
2628 4867 3101 4938 ἀγαλματοποιέαν
3151 4867 3211 4919 ού
3263 4866 3621 4939 διαφέρομαι.
3692 4866 3887 4919 Ὅταν

2267 4962 2378 5029 γάρ
2414 4959 2507 5013 ἴδω
2555 4959 2808 5029 τεχνίτην
2865 4958 2925 5023 ἐξ
2981 4957 3171 5020 ὓδατος
3195 4959 3548 5029 πηγνύμενον
3592 4959 3772 5024 ξόανα
3807 4962 3883 5025 ³³,

2264 5048 2523 5119 ὀξύτερον
2554 5048 2718 5103 αὐτὸν
2750 5049 2877 5111 τοὺς
2911 5049 2977 5100 ὲκ
3002 5048 3105 5117 γῆς
3133 5046 3501 5100 ἀναπλάττειν
3522 5046 3885 5117 ζάνδριάντας

2265 5140 2528 5195 πιστεύω.
2557 5141 2772 5211 Ὥσπερ
2807 5139 2917 5209 γὰρ
2940 5137 2991 5191 ετ
3018 5155 3103 5201 τις
3124 5137 3209 5206 ἐφ’
3232 5137 3422 5200 ὕδατος
3446 5140 3651 5207 γράφει
3674 5136 3884 5207 γράμ-

2269 5249 2414 5303 ματα
2454 5232 2550 5285 καὶ
2574 5230 2839 5303 γραμμὰς
2868 5229 3219 5298 ὲγκολάπτει,
3243 5223 3399 5293 οὗτος
3427 5228 3530 5292 τάς
3577 5229 3659 5290 εἰς
3691 5228 3884 5299 κηρὸν

2267 5323 2658 5394 εὐχερέστερον
2689 5321 3040 5394 ὲγχαράττει,
3083 5319 3259 5385 οὕτως
3296 5325 3336 5416 ⁹ὀ
3367 5323 3435 5392 τῇ
3498 5320 3695 5391 ῥοώδει
3727 5325 3881 5392 γονῇ

652 5505 676 5534 ε
714 5496 842 5568 Sap.
889 5516 987 5570 vn,
1024 5503 1075 5558 1.
1148 5501 1178 5544 (ι
1203 5502 1350 5561 Psal.
1391 5521 1510 5573 cm,
1540 5506 1597 5561 2.
1680 5517 1703 5545 ο
1735 5504 1886 5562 Psal.
1935 5505 2259 5573 θυαεδαμ.

1880 5641 2111 5697 νΑιιιλΕ
2154 5641 2557 5699 LECTIONI‘ZS.

650 5776 698 5810 “
715 5780 1143 5855 περιΰράσαντες
1181 5787 1247 5845 Α.

530 5849 571 5878 Ρ
650 5786 698 5810 ³·
715 5786 1143 5855 περιϋράσαντες
1181 5787 1247 5845 A.
1362 5792 1405 5823 ³⁷
1440 5788 1675 5860 κάθηται
1714 5788 1753 5842 Α
1788 5806 1799 5843 2
1833 5786 2060 5859 ἣνθηται
2092 5804 2150 5849 τ.

2249 5786 2292 5817 ’⁸³
2322 5785 2524 5839 ὀστέων
2555 5786 2611 5839 ἐν
2641 5786 2760 5853 ἐγκ.
2796 5783 2855 5840 Δ.
2976 5789 3017 5819 "-'
3054 5787 3237 5851 ξόανον
3284 5788 3352 5842 Α.
