4020 6408
128 417 203 479 253
1126 416 1649 477 BlBLIOTHECA.
1673 441 1742 452 --
1775 415 1939 476 COD.
1975 416 2317 477 CCLXXVI.

3230 418 3338 482 254

126 524 445 594 καταγράφων
493 526 590 579 καὶ
623 524 935 594 διαγλύφων
961 525 1030 578 τὰ
1076 525 1214 596 μέλη
1258 526 1388 595 ῥᾷον
1418 527 1498 588 είς
1523 524 1654 595 χοῦν

1765 541 1937 596 neque
1966 526 2275 597 navigabile
2313 526 2419 581 erit
2451 541 2624 593 mare,
2653 542 2886 598 corpore
2913 539 3151 586 mortuo.
3189 531 3336 589 Mille

121 620 213 678 τοὺς
240 615 340 667 τῶν
388 614 570 685 μελῶν
606 614 1017 686 ὲγκαταγράψει
1069 633 1129 668 τε
1158 616 1252 669 καὶ
1281 616 1655 687 διαμορφὼσει

118 706 454 777 χαρακτῆρας.
484 706 597 760 Καὶ
621 709 649 759 ὀ
670 706 777 777 πρὸ
802 710 900 776 τῆς
937 707 1137 777 ἀρετῆς
1166 706 1310 760 οὕτω
1338 705 1432 759 τοῦ
1467 707 1655 776 σώμαι

115 817 184 861 τος
202 798 483 867 φροντίσας
513 799 573 849 ἐν
604 796 732 869 [859
766 797 858 869 Η.]
890 798 1076 867 Ινηδύῖ,
1103 798 1242 867 μετὰ
1270 802 1368 869 τὴν
1394 798 1656 866 ἐργασίαν

114 891 193 958 τῆς
213 889 403 958 ἀρετῆς
454 888 577 953 πῶς
608 889 676 943 ἄν
702 891 781 953 εἰς
806 889 914 960 γῆν
948 889 1205 960 διαρρυὲν
1243 890 1437 960 ἄτιμον
1490 906 1658 943 κατα-

110 981 241 1049 λείψῃ
263 980 304 1012 ³⁸
330 996 345 1045 ;
372 980 534 1035 ἄνελε
566 980 610 1012 ³¹
644 981 705 1033 τὸ
728 982 905 1052 σῶμα,
942 965 1037 1034 καὶ
1064 980 1163 1052 τὴν
1202 980 1378 1034 κτίσιν
1419 981 1656 1051 ἐνέκρω-

111 1092 209 1136 σας.
235 1076 341 1127 Οὐκ
372 1076 529 1128 ἔσται
555 1076 740 1128 πλοῖον
769 1075 967 1145 χειρῶν
992 1074 1093 1128 οὐκ
1123 1074 1299 1128 οὐσῶν
1329 1074 1395 1139 ³’,
1419 1076 1479 1127 ού
1514 1075 1659 1129 πλω-

106 1168 181 1217 τὸν
206 1165 437 1234 πέλαγος
473 1165 725 1237 σώματος
748 1167 1059 1237 οἰχομένουο
1092 1167 1161 1220 τὰ
1186 1167 1356 1237 μυρία
1382 1168 1511 1239 γένη
1548 1168 1656 1222 τῶν

108 1260 238 1324 ζώων
262 1263 463 1332 μάτην,
484 1261 610 1316 οὔτε
641 1263 845 1334 τροφῆς
878 1260 938 1327 ἐξ
982 1261 1160 1315 αὐτῶν
1198 1261 1321 1315 οὔτε
1361 1261 1660 1333 θεραπείας

111 1355 246 1423 ἄλλης
270 1353 347 1423 τῷ
382 1354 605 1423 σώματι
626 1354 1059 1426 χορηγουμένης.
1087 1355 1287 1425 Τέχναι
1309 1354 1366 1408 δὲ
1393 1355 1519 1420 ποῦ,
1551 1355 1659 1408 σὼ-

116 1464 252 1514 ματος
286 1448 386 1499 οὐκ
406 1445 561 1508 ὄντος
586 1464 601 1512 ;
627 1441 767 1517 ὧραι
789 1446 845 1498 δὲ
872 1447 965 1499 καὶ
988 1446 1199 1517 καιρῶν
1227 1445 1475 1501 εύτακτοι
1499 1463 1661 1517 μετα-

115 1538 236 1590 ϐολαὶ
257 1540 347 1591 καὶ
372 1539 639 1610 οὐρανίας
662 1540 937 1609 κινήσεως
959 1537 1201 1609 ἄρῤητος
1232 1537 1394 1607 σοφία
1416 1538 1537 1591 τίνα
1594 1537 1661 1591 ἂν

117 1631 350 1699 παράσχοι
391 1632 613 1700 χρείαν,
642 1631 740 1701 τῆς
771 1629 1094 1699 σωματικῆς
1119 1628 1334 1697 φύσεως
1368 1628 1427 1681 οὐ
1466 1627 1663 1697 παρού-

118 1740 219 1793 qq;
247 1724 330 1775 καὶ
363 1726 515 1777 πόσα
539 1725 608 1779 ἄν
658 1742 744 1787 τις
791 1724 954 1797 ἕτερα
996 1723 1302 1794 θεωρήσοι;
1353 1722 1520 1775 πόθεν
1567 1718 1660 1776 οῦν

116 1815 229 1883 εὕρω
266 1815 322 1866 τὸ
370 1816 540 1885 σῶμα
586 1814 694 1867 τῶν
738 1814 1042 1885 μελλόντων
1090 1811 1316 1881 δωρεῶν
1349 1812 1585 1878 ἀνάξιον,
1616 1805 1660 1879 ᾧ

1756 618 2076 672 animalium
2127 634 2327 687 genera
2383 618 2592 674 frustra
2651 632 2831 684 erunt,
2905 637 3084 692 neque
3156 626 3336 679 nutri-

1757 720 2001 764 mentum
2020 725 2084 765 ex
2114 710 2222 765 illis
2246 720 2416 778 esset,
2443 726 2619 781 neque
2648 712 2795 767 aliud
2819 714 3066 770 alimenti
3094 717 3340 772 ministe-

1756 801 1924 855 rium.
1953 802 2112 856 Artes
2143 816 2272 857 vero
2302 802 2391 855 ubi
2422 813 2609 869 erunt,
2634 818 2864 874 corpore
2883 821 2993 859 non
3016 808 3337 862 cxsistente?

1758 894 1921 949 Hora:
1950 910 2080 950 vero
2129 903 2184 950 et
2230 903 2540 966 temporum
2590 898 2857 954 ordinata:
2899 902 3253 965 mutationes,
3286 911 3340 957 et

1758 985 2056 1042 ineﬁabilis
2072 986 2313 1042 cmlestis
2332 999 2515 1043 motus
2538 990 2826 1058 sapientia,
2854 1005 3017 1059 quam
3042 991 3333 1045 utilitatem

1759 1078 2084 1146 praeberent,
2126 1078 2172 1132 si
2203 1092 2439 1142 corpora
2466 1096 2573 1133 non
2604 1081 2819 1134 essent?
2843 1080 2909 1135 Et
2928 1091 3061 1151 quot
3085 1082 3185 1135 alia
3213 1084 3338 1152 quis

1759 1172 2162 1227 considerarit?
2194 1173 2349 1229 Unde
2398 1174 2563 1245 igitur
2601 1176 2873 1231 inveniam
2905 1193 3106 1247 corpus
3136 1177 3337 1232 futuris

1760 1263 1920 1319 donis
1939 1264 2247 1335 indignum,
2276 1265 2363 1319 cui
2390 1275 2601 1320 tantum
2625 1268 2692 1321 ab
2726 1269 2983 1323 omnibus
3010 1284 3338 1323 concessum

1762 1354 2026 1411 honorem
2076 1356 2271 1411 video!
2316 1355 2509 1411 Utrum
2557 1359 2883 1414 existimatis
2930 1360 3099 1413 Deum
3145 1374 3340 1426 corpus

1762 1447 1908 1515 quod
1961 1447 2139 1516 pisces
2194 1449 2557 1503 comederunt
2602 1449 2848 1505 invenire
2885 1466 2993 1504 non
3038 1452 3241 1520 posse?
3288 1460 3341 1503 et

1762 1534 2036 1607 quomodo
2078 1537 2172 1605 qui
2217 1535 2458 1590 inﬁnitas
2488 1536 2845 1607 cogitationes
2878 1537 3045 1590 animi
3080 1537 3337 1606 agitatas,

1765 1629 2047 1685 immistas
2081 1638 2135 1683 et
2170 1629 2514 1692 inconfusus,
2551 1628 2717 1683 habet
2764 1629 3033 1699 cognitas,
3087 1637 3338 1682 naturam

1762 1736 2055 1792 corporum
2090 1723 2311 1777 mistam
2361 1740 2470 1778 non
2506 1723 2707 1793 poterit
2748 1723 3097 1778 discernere?
3140 1722 3341 1776 Facitis

1764 1813 2028 1868 nimirum
2080 1814 2417 1869 divinitatem
2474 1813 2796 1869 inferiorem
2858 1815 3061 1869 nostris
3105 1813 3337 1867 artibus.

116 1906 337 1975 τοσαύτην
384 1907 502 1977 ὁρῶ
569 1908 657 1961 διὰ
716 1909 934 1961 πάντων
1004 1905 1396 1976 δεδωρημένην
1456 1906 1656 1974 τιμήν;

1765 1905 1871 1961 Nos
1905 1908 2047 1962 enim
2089 1924 2119 1963 e
2165 1917 2322 1963 terra:
2361 1924 2527 1963 arena
2573 1908 2801 1973 vitrum,
2835 1924 3030 1963 aurum
3085 1906 3338 1977 (exempli

118 1999 246 2068 [1556
287 1997 375 2071 8.]
425 2000 545 2052 ἀλλ’
581 1996 691 2069 ἆρα
714 2001 873 2069 ὑμεῖς
908 1999 1271 2070 ίχθυόῦρωτον
1321 1996 1658 2052 ὑποπτεύετε

118 2088 246 2157 σῶμα
273 2092 359 2142 τὸν
427 2090 561 2143 Θεὸν
610 2092 879 2162 ζητοῦντα
911 2092 985 2163 μὴ
1016 2091 1308 2161 εύρὴσειν;
1359 2088 1596 2151 καὶπῶς
1633 2090 1662 2141 ὁ

123 2183 308 2251 μυρίους
350 2186 411 2236 ὲν
464 2183 612 2254 ψυχῇ
657 2183 955 2254 λογισμοὺς
1013 2182 1416 2253 στρεφομένους
1454 2179 1532 2251 τῷ
1560 2180 1662 2249 τῆς

125 2274 333 2341 γνώσεως
358 2278 501 2345 ἔχων
534 2279 755 2347 ἀμιγεῖς
782 2278 876 2330 καὶ
901 2276 1246 2346 ἀσυγχύτους
1271 2278 1506 2346 ταμιείῳ
1562 2274 1662 2344 τὴν

130 2360 219 2410 τῶν
264 2365 502 2431 σωμάτων
567 2368 824 2433 μιγεῖσαν
848 2365 947 2417 ούκ
985 2363 1319 2434 ἀναλήψεται
1379 2363 1662 2433 διακρίνας

134 2452 292 2519 cum;
341 2455 718 2526 ἀσθενέστερον
764 2457 825 2511 τὸ
875 2458 1028 2511 Θεῖον
1065 2460 1166 2529 τῆς
1206 2457 1335 2526 παρ’
1376 2459 1509 2527 ἡμῖν
1542 2457 1663 2509 ἁνα-

132 2544 343 2597 τάἀττετε
366 2547 579 2619 τέχνης.
612 2548 723 2602 Καὶ
750 2551 860 2621 γὰρ
890 2552 1049 2620 ἡμεῖς
1075 2553 1140 2604 ἐκ
1166 2550 1401 2619 γεώδους
1429 2549 1659 2619 ψάμμου

126 2636 201 2687 καὶ
229 2636 357 2691 ὖελον
386 2642 483 2692 καὶ
513 2641 716 2711 χρυσὸν
756 2644 825 2711 (εί
855 2643 1031 2712 τύχοι)
1066 2643 1159 2697 καὶ
1184 2642 1385 2713 χαλκὸν
1416 2641 1511 2695 καὶ¹
1556 2641 1658 2710 ἄρ-

118 2743 251 2797 γυρον
296 2735 429 2801 πυρὶ
480 2733 685 2800 δόντες,
743 2736 811 2788 τὰ
861 2735 1060 2789 λιθίδια
1087 2735 1446 2806 διακρίνομέν
1480 2751 1541 2787 τε
1567 2735 1661 2789 καὶ

115 2823 467 2896 ἀποθλίϐομεν,
511 2828 679 2897 μηδὲν
715 2828 894 2881 αὐτῶν
928 2828 1310 2899 καθορώμενον
1358 2829 1415 2880 ὲν
1453 2830 1520 2897 τῇ
1563 2827 1659 2880 τοῦ

113 2914 232 2968 λίθου
255 2920 408 2987 φύσει
435 2938 447 2949 ·
487 2923 583 2973 καὶ
611 2917 752 2975 οἶνον
776 2921 928 2975 ὕδατι
952 2921 1225 2993 κραθέντα
1255 2922 1416 2975 πάλιν
1446 2919 1661 2991 διακρί-

113 3024 257 3071 νοντες
276 3014 350 3073 εἰς
381 3010 487 3081 τὴν
511 3012 648 3077 ίδίαν
680 3013 842 3080 φύσιν
869 3013 1331 3084 ἁποκαθιστῶμεν
1371 3014 1652 3082 ἑκάτερον.

120 3098 246 3152 Ἀλλὰ
269 3103 375 3173 γὰρ
401 3104 439 3172 ἡ
469 3102 566 3155 τοῦ
591 3103 726 3156 Θεοῦ
760 3104 990 3174 δύναμις
1039 3105 1133 3158 κα)⁵
1180 3105 1341 3174 σοιρία
1373 3105 1661 3176 ἀνεπινοή-

103 3208 193 3255 τοις
210 3195 429 3267 μέτροις
456 3198 557 3267 τῆς
592 3198 940 3269 ἀνθρωπίνης
1000 3200 1094 3252 καὶ
1128 3200 1327 3270 τέχνης
1384 3200 1479 3253 καί
1541 3215 1658 3254 συν-

1764 1998 1983 2068 gratia),
2003 2013 2099 2065 (es,
2148 2012 2456 2070 argentum,
2484 2000 2594 2070 igni
2623 2000 2836 2062 dantes,
2870 1999 3155 2069 scrupulos
3187 2012 3343 2066 sepa-

1765 2106 1978 2157 ramus,
2011 2102 2065 2148 et
2093 2093 2413 2159 deterimus,
2444 2093 2664 2148 tametsi
2698 2093 2833 2147 nihil
2867 2094 3085 2146 horum‘
3116 2091 3171 2144 in
3200 2088 3342 2158 lapi-

1763 2180 1849 2236 dis
1880 2191 2077 2236 natura
2109 2183 2444 2253 apparuerit,
2504 2192 2557 2236 et
2603 2183 2788 2237 vinum
2837 2196 2992 2251 aqua:
3032 2180 3342 2233 immistum

1764 2273 1961 2328 iterum
1988 2274 2042 2327 in
2062 2274 2336 2343 prepriam
2364 2285 2613 2329 naturam
2634 2274 3029 2339 discernentes,
3049 2281 3344 2340 utrumque

1763 2366 2130 2421 restituimus.
2162 2366 2266 2421 Sed
2302 2367 2397 2422 Dei
2432 2375 2672 2436 potestas
2708 2376 2763 2422 et
2802 2366 3069 2435 sapientia
3113 2365 3343 2419 inlinitis

1764 2460 1942 2513 modis
1974 2460 2268 2514 humanam
2300 2468 2473 2514 artem
2508 2470 2563 2514 et
2599 2460 2933 2513 intellectum
2966 2459 3257 2522 excedens,
3290 2465 3344 2510 et

1764 2553 2149 2608 universorum
2218 2562 2470 2607 naturam
2532 2553 2585 2608 in
2642 2568 2701 2608 se
2764 2552 3234 2622 comprehendens
3290 2558 3345 2603 et

1764 2647 2075 2713 continens,
2119 2655 2173 2701 et
2215 2648 2422 2699 variam
2464 2646 2715 2715 corporis
2769 2644 3250 2715 compositionem,
3289 2650 3345 2695 et

1764 2738 2077 2793 mistionem
2132 2739 2187 2792 in
2234 2749 2444 2793 natura:
2482 2738 2859 2807 promptuario
2887 2751 3077 2806 puram
3117 2748 3344 2789 conser-

1764 2836 1875 2883 vat.
1916 2828 2036 2883 Non
2066 2829 2211 2884 enim
2244 2838 2399 2884 extra
2432 2838 2680 2883 naturam
2717 2828 2916 2899 515a
2945 2829 2999 2881 in
3070 2833 3341 2888 creatura,

1765 2923 2015 2992 corporis
2042 2931 2236 2976 natura
2263 2930 2366 2985 est,
2401 2921 2503 2975 etsi
2532 2937 2627 2990 per
2661 2921 2808 2974 mille
2842 2927 3045 2973 mortes
3083 2917 3214 2971 ﬁuat
3249 2930 3341 2971 so-

1764 3015 1899 3069 luta.
1926 2992 2053 3068 Ideo
2076 3014 2129 3067 in
2164 3014 2437 3083 prepriam
2466 3011 2627 3066 facile
2656 3011 2893 3064 formam
2943 3008 3259 3069 revertitur,
3292 3014 3347 3058 et

1765 3108 1834 3163 de
1882 3106 2089 3161 honore
2123 3104 2436 3175 participat,
2479 3104 2633 3173 cujus
2666 3102 2812 3155 illam
2856 3100 3174 3171 participem
3226 3097 3344 3151 ﬁeri

1766 3199 2029 3269 oportuit,
2069 3212 2197 3251 cum
2231 3197 2397 3251 etiam
2439 3212 2546 3251 una
2571 3193 2885 3250 certaverit.

102 3288 238 3354 ἑσεως
286 3292 666 3362 ὑπερέχουσα,
717 3294 810 3346 καὶ
839 3294 937 3362 τὴν
965 3292 1072 3347 τῶν
1102 3292 1240 3345 ὅλων
1287 3293 1473 3346 οὐσίαν
1522 3293 1580 3345 ὲν
1610 3292 1656 3324 ³³
1697 3293 1865 3362 ἑαυτῇ
1903 3289 2243 3343 συλλαϐοῦσα
2310 3290 2405 3344 καὶ
2463 3290 2814 3361 περιέχουσα,
2840 3286 2935 3339 καὶ
2962 3286 3062 3356 τὴν
3092 3284 3353 3354 πολύτρο-

104 3396 179 3433 πον
208 3384 302 3437 τῶν
334 3385 624 3453 σωμάτων
656 3384 943 3457 σύγκρισιν
975 3386 1019 3418 ⁸⁸
1053 3388 1149 3440 καὶ
1172 3386 1319 3456 μίξιν
1342 3389 1398 3439 ὲν
1424 3387 1536 3447 τοῖς
1561 3386 1661 3454 τῆς
1700 3383 1916 3454 φύσεως
1978 3384 2206 3455 εὐκρινῆ
2245 3368 2501 3455 συῦτηρεί
2524 3381 2814 3453 ταμιείοις.
2842 3380 2917 3435 Οὐ
2949 3379 3057 3448 γὰρ
3104 3378 3208 3445 ἔξω
3249 3379 3348 3446 τῆς

105 3479 146 3527 ἐν
169 3482 221 3547 τῇ
253 3480 439 3531 κτίσει
474 3478 689 3547 φύσεως
713 3482 745 3552 ἡ
772 3482 865 3534 τοῦ
892 3481 1144 3553 σώματος
1176 3482 1338 3552 φύσις
1359 3524 1374 3548 ,
1422 3482 1527 3536 κᾶν
1574 3481 1663 3536 διὰ
1700 3481 1913 3551 μυρίων
1937 3479 2036 3551 ῥέῃ
2069 3479 2307 3550 λυομένη
2348 3478 2615 3533 θανάτων.
2658 3479 2750 3531 Διὸ
2803 3478 2941 3549 πρδς
2975 3476 3073 3546 τὴν
3140 3474 3347 3527 οἰκείαν

104 3568 294 3632 εὐκόλως
324 3572 679 3639 ἐπανάγεται
715 3572 948 3643 μορφὴν,
1008 3572 1104 3625 καὶ
1162 3576 1410 3626 κοινωνεί
1447 3573 1555 3626 τῶν
1594 3572 1794 3643 τιμῶν,
1850 3564 1927 3625 ὧν
1984 3571 2122 3641 αὐτῇ
2187 3571 2232 3602 ³⁸
2267 3572 2561 3640 μετασχεῖν
2603 3570 2712 3623 ἔδει
2770 3568 3222 3638 συνδιενεγκούσῃ
3252 3564 3345 3620 καὶ

102 3663 191 3721 sua;
218 3663 443 3725 ἄθλους.

101 3773 185 3827 Τοῦ
213 3776 401 3830 αὑτοῦ
434 3776 503 3830 ἐκ
539 3776 648 3831 τοῦ
704 3779 791 3843 εὶς
837 3778 953 3845 τὴν
975 3778 1315 3846 Ἀνάληψιν
1362 3785 1413 3832 a’
1440 3778 1648 3849 λόγου.

1817 3776 2075 3847 Ejusdem
2118 3774 2337 3831 humilia
2380 3775 2557 3843 prima
2597 3775 2660 3829 de
2703 3774 2902 3830 Christi
2950 3776 3271 3831 ascensione.

646 3870 715 3923 Τὸ
746 3872 1077 3938 προοίμιον.

146 3960 227 4027 Εἰς
255 3964 498 4035 οὐρανὸν
526 3963 626 4033 μὲν
651 3964 744 4016 καὶ
773 3964 878 4034 γῆν
912 3965 944 4034 ἡ
971 3964 1071 4033 τῆς
1120 3965 1353 4027 κτίσεως
1384 3961 1653 4033 διαμεμέ-

95 4072 245 4119 ρισται
272 4058 465 4125 φύσις,
504 4057 606 4109 οὐκ
646 4056 711 4127 ἐᾷ
735 4056 792 4109 δέ
835 4074 902 4125 με
926 4057 1026 4127 τὴν
1064 4057 1332 4127 διαίρεσιν
1366 4056 1587 4126 βλέπειν
1622 4058 1655 4127 ἡ

92 4146 345 4213 συνάψασα
420 4148 664 4218 σήμερον
698 4146 797 4217 τὴν
841 4147 1018 4199 κτίσιν
1072 4147 1251 4217 χάρις.
1276 4148 1374 4211 Τίς
1424 4149 1533 4217 γὰρ
1592 4147 1658 4201 ἂν

89 4238 207 4289 είποι
235 4239 430 4291 λοιπὸν
473 4238 701 4309 οὐρανὸν
754 4239 848 4291 καὶ
902 4240 1005 4308 γῆν
1030 4238 1344 4310 διῃρῆσθαι,
1376 4239 1472 4291 καὶ
1507 4238 1657 4291 κάτω

88 4330 168 4397 τῆς
188 4331 405 4399 φύσεως
426 4332 527 4399 τῆς
562 4332 703 4401 ἐμῆς
753 4333 848 4385 καὶ
878 4332 990 4385 ἄνω
1024 4330 1124 4401 τῆς
1155 4332 1295 4402 ἐμῆς
1330 4330 1656 4403 βασιλευού-

88 4439 201 4492 ση;;
230 4426 365 4478 ἀλλὰ
416 4426 568 4478 κάτω
615 4424 713 4494 μὲν
741 4423 821 4478 ἐτι
862 4428 928 4495 τῇ
963 4425 1139 4495 φθορᾷ
1192 4423 1613 4495 τυραννούμεθα
1640 4440 1655 4455 °

85 4511 193 4565 ὅταν
240 4516 295 4569 δὲ
346 4518 435 4578 είς
477 4515 709 4587 οὐρανὸν
751 4515 1167 4585 ἀναϐλέψωμεν,
1216 4516 1316 4586 τὴν
1364 4517 1571 4588 φθορὰν
1625 4518 1660 4588 ἡ

86 4603 225 4669 cast;
278 4607 634 4661 ἀποτίθεται.
666 4606 865 4658 Βλέπει
909 4605 1018 4677 γὰρ
1062 4605 1176 4659 ἄνω
1217 4607 1319 4677 τὴν
1350 4606 1461 4658 τῶν
1511 4608 1661 4661 κάτω

85 4698 275 4766 νεκρῶν
348 4700 732 4769 ἀναπάσιμον
802 4698 977 4768 ῥίζαν.
1042 4699 1107 4750 Ὢ
1158 4698 1384 4769 κέρδους
1456 4699 1660 4769 ζημίας

88 4789 467 4855 προελθόντοςί
498 4791 915 4860 κατενεχθέντες
947 4790 1197 4861 ᾔρθημεν
1221 4791 1463 4861 εἰς’ύψος
1499 4809 1515 4825 ο
1551 4793 1660 4845 ὠσ-

92 4878 248 4942 θέντες
269 4885 353 4944 είς
384 4883 618 4951 οὐρανὸν
645 4883 1042 4954 ἁνηνέχθημεν·
1066 4884 1174 4937 ἔσω
1199 4885 1294 4937 τοῦ
1327 4886 1660 4956 παραδείσου

93 4969 373 5041 πληγέντες
418 4973 521 5037 ἔξω
553 4975 655 5044 τὴν
695 4975 991 5044 θεραπείαν
1026 4976 1365 5048 εὑρήκαμεν.
1404 4977 1513 5030 Ποῦ
1554 4995 1658 5042 σοι,

95 5066 505 5130 καταποντιστὰ,
539 5068 600 5120 τὸ
655 5068 1057 5140 κακούργημα;
1088 5071 1149 5125 ὃν
1202 5070 1412 5141 ἔπηξας
1439 5070 1518 5141 τῷ
1560 5089 1662 5124 κυ-

2384 3868 2726 3925 Prooemium.

1836 3966 1893 4020 ln
1923 3965 2125 4021 cmlum
2162 3974 2215 4020 et
2236 3972 2439 4019 terram
2480 3973 2751 4019 creatura:
2782 3972 2979 4017 natura
3002 3963 3177 4017 divisa
3210 3970 3294 4016 est
3328 3979 3345 4019 :

1765 4072 1876 4112 non
1929 4058 2198 4129 permittit
2241 4074 2327 4113 me
2380 4057 2707 4113 divisionem
2761 4056 2943 4110 videre
2981 4056 3175 4125 gratia,
3226 4070 3349 4123 qum

1767 4150 1933 4206 hodie
1998 4160 2307 4207 creaturam
2390 4152 2695 4205 connectit.
2763 4148 3024 4213 Quisnam
3090 4149 3348 4216 deinceps

1767 4243 1987 4310 dixerit,
2018 4243 2217 4298 cmlum
2249 4251 2303 4297 et
2332 4250 2531 4296 terram
2568 4242 2742 4295 divisa
2776 4255 2919 4306 esse,
2950 4256 3074 4293 cum
3105 4254 3268 4308 supra
3295 4248 3350 4295 et

1768 4335 1908 4390 infra
1940 4346 2135 4389 natura
2172 4350 2291 4390 mea
2323 4336 2544 4405 regnet?
2582 4332 2685 4388 Sed
2711 4333 2850 4387 infra
2882 4334 3097 4403 quidem
3127 4347 3349 4402 corrup-

1769 4427 1915 4481 tione
1936 4427 2115 4481 adhuc
2147 4426 2469 4497 premimur.
2499 4425 2731 4491 Quando
2750 4440 2880 4480 vero
2905 4426 2957 4479 in
2984 4426 3183 4480 cmlum
3215 4440 3350 4479 ocu-

1768 4518 1850 4571 los
1902 4518 2320 4580 convertimus,
2389 4514 2795 4584 corruptionem
2860 4524 3051 4569 natura
3101 4516 3345 4585 deponit.

1771 4608 1929 4663 Videt
1964 4612 2110 4664 enim
2152 4624 2318 4678 supra
2361 4623 2553 4663 eorum
2596 4608 2689 4677 qui
2741 4607 2883 4662 infra
2920 4608 3123 4662 mortui
3162 4622 3350 4662 resur-

1769 4700 2029 4755 rectionis
2057 4701 2301 4755 radicem
2348 4700 2706 4771 (Christum):
2741 4716 2774 4755 o
2804 4702 3015 4755 lucrum
3070 4716 3099 4754 e
3150 4701 3351 4755 damno

1768 4794 2128 4862 proveniens}
2156 4794 2433 4847 Deorsum
2464 4792 2615 4847 missi
2666 4792 2913 4846 tollimur
2945 4793 2999 4846 in
3030 4793 3221 4857 altum,
3250 4807 3349 4845 ex-

1770 4882 1911 4953 pulsi
1943 4883 1995 4936 in
2031 4882 2226 4936 caelum
2256 4881 2590 4936 reducimur.
2629 4882 2775 4936 Intra
2808 4882 3123 4951 paradisum
3159 4881 3351 4935 vulne-

1773 4978 1898 5041 rati,
1954 4985 2110 5030 extra
2162 4975 2315 5029 illum
2364 4975 2669 5029 remedium
2718 4975 3048 5029 invenimus.
3095 4973 3199 5028 Ubi
3255 4974 3349 5028 tibi

1774 5070 1968 5136 pirata,
2016 5066 2344 5121 maleﬁcium
2400 5067 2519 5122 est?
2572 5066 2720 5121 Crux
2780 5081 2946 5137 quam
2997 5064 3347 5134 gubernatori

95 5154 600 5233 ίερνήτῃβταυρδν,
640 5162 831 5230 γέγονε
855 5165 921 5233 τῇ
967 5140 1303 5235 ναυαγούσῃν
1333 5140 1497 5233 φύσει
1553 5181 1659 5233 πη-

1770 5160 1956 5224 ﬁxisti,
1988 5158 2218 5213 vertitur
2246 5169 2459 5214 naturae
2498 5158 2778 5229 naufragae
2814 5159 2866 5211 iu
2902 5158 3121 5212 clavum
3166 5156 3345 5221 navis,

96 5244 292 5314 ἰάλιον,
346 5252 443 5305 καὶ
492 5252 633 5322 πρὸς
680 5253 965 5324 οὐρανίους
1012 5254 1246 5319 οἱακίζει
1296 5255 1523 5325 λιμένας
1570 5274 1667 5310 κυ-

99 5336 443 5406 μαινομένους
491 5340 538 5371 ³⁸
584 5342 735 5411 ἡμᾶς
795 5342 887 5396 καὶ
947 5342 1399 5414 ἀποκαθίστησιν.
1450 5345 1664 5416 Ὥσπερ

99 5422 204 5491 [διο
236 5427 338 5502 Η.]
370 5432 427 5483 αἱ
448 5431 559 5485 τῶν
596 5432 854 5504 μαθητῶν
880 5436 945 5489 ἐκ
988 5435 1089 5507 τῆς
1112 5435 1216 5505 γῆς
1247 5437 1386 5507 πρὸς
1426 5438 1657 5507 οὐρανὸν

1743 5252 1912 5322 ,οιεεᾶ
1942 5251 2218 5307 ccelestem
2254 5266 2356 5308 nos
2406 5260 2626 5322 portum
2685 5249 3010 5305 ﬁuctuantes
3061 5248 3232 5312 ducit,
3288 5264 3352 5304 ac

1774 5346 1943 5401 sistit.
1978 5346 2457 5412 Quemadmodum
2509 5345 2882 5413 apostolorum
2929 5343 3075 5398 oculi
3120 5358 3151 5398 e
3204 5352 3352 5396 terra

1770 5440 1836 5495 ad
1893 5441 2092 5495 coelum
2141 5440 2343 5497 sublati
2394 5449 2572 5507 erant,
2621 5454 2786 5495 carne
2833 5438 3097 5510 paulatim
3133 5452 3353 5494 sursum

1358 5615 1597 5671 VARIA!
1633 5615 2043 5673 LECTIONES.

160 5786 200 5815 ”
225 5788 542 5857 καταλείψει
581 5791 646 5843 Λ.

752 5793 791 5823 ³⁸
831 5792 981 5844 ἄνελε
1008 5825 1072 5832 —
1104 5794 1299 5855 ἄθλους
1332 5812 1440 5848 ntn.
1482 5797 1540 5849 li.

102 5854 137 5883 “
168 5857 323 5930 αὐτῇ,
362 5854 488 5914 αὑτό
516 5863 576 5915 Α.

1646 5800 1687 5831 ³³
1712 5801 1885 5854 οὐσῶν
1924 5800 1967 5853 A
1997 5818 2009 5855 ς
2047 5800 2215 5854 ὀντων
2250 5816 2307 5863 τ’.

658 5862 703 5893 ³⁸
738 5865 1186 5934 κιηηινομένοιις,
1208 5868 1651 5937 κυϐερνωμὲνους
1680 5870 1739 5925 A-

2414 5798 2457 5832 3‘
2482 5799 2537 5852 ἐν
2570 5813 2681 5855 om.
2705 5799 2768 5854 A.
2886 5800 2930 5832 ”
2965 5798 3265 5871 σύγκρασιν
3294 5814 3355 5863 ς’.
