4020 6480
667 429 778 495 255

674 543 959 609 translata,
1014 541 1097 596 sic
1145 549 1199 596 et
1246 540 1499 595 caelestes
1548 537 1778 609 spiritus
1827 536 2142 607 incorporei
2189 536 2255 591 de

673 638 815 692 caelo
846 636 898 689 in
933 635 1107 689 caelos
1136 633 1479 703 aspiciebant
1505 647 1599 686 ore
1632 631 1839 696 hiante,
1869 629 2121 699 corporis
2152 643 2251 681 ua-

673 740 797 783 tura
832 743 994 797 supra
1025 729 1174 796 ipsos
1201 725 1548 787 ascendente,
1575 725 1752 777 donec
1775 722 1831 777 in
1861 722 2043 777 sinum
2073 719 2255 776 Patris

674 830 929 888 suscepta
960 828 1063 874 est.
1097 819 1141 872 0
1164 832 1357 872 secura
1394 818 1675 871 hominum
1721 831 1870 886 spes,
1901 815 1953 870 in
1985 815 2111 870 coeli
2162 829 2253 870 re-

674 928 794 983 gem
827 912 1071 981 ejusdem
1109 920 1317 963 natura:
1346 909 1661 978 possidens,
1693 909 1786 979 qui
1826 908 2021 964 iterum
2058 907 2249 964 eadem

675 1019 802 1059 cum
827 1018 991 1058 carne
1025 1003 1281 1057 omnibus
1300 1001 1607 1072 apparebit.

813 1290 1069 1359 Ejusdem
1100 1292 1344 1345 Homilia
1382 1291 1615 1345 secunda
1646 1292 1710 1345 de
1739 1293 1919 1346 eodem
1949 1297 2104 1369 festo.

745 1381 790 1437 Ο
809 1382 1121 1451 religionem
1147 1382 1406 1437 omnibus
1425 1383 1644 1453 regibus
1665 1384 1839 1454 magis
1856 1384 2061 1454 regiam
2083 1385 2096 1437 ε
2123 1382 2257 1450 Quae

674 1474 819 1527 enim
870 1474 1039 1527 armis
1097 1489 1253 1544 reges
1305 1474 1737 1543 acquisiverunt,
1789 1476 1880 1530 illa
1923 1476 2043 1531 sine
2083 1477 2252 1531 armis

674 1564 911 1618 ostendit
942 1579 1001 1619 se
1031 1574 1293 1618 evertere.
1329 1562 1462 1629 Qum
1494 1577 1798 1621 mactantes
1831 1568 2109 1633 vetabant,
2138 1571 2255 1621 haec

674 1666 910 1710 mactata
943 1658 1206 1727 applausu
1240 1660 1474 1727 excepit,
1534 1668 1588 1714 et
1617 1658 1860 1715 aedibus
1911 1669 2103 1715 contra
2139 1676 2255 1714 ma-

676 1758 889 1802 ctantes
940 1750 1182 1818 trophaa
1203 1752 1415 1804 statuit.
1471 1751 1726 1807 Ecclesia:
1760 1753 2013 1823 palmites
2047 1754 2255 1809 succisi

675 1848 854 1905 erant,
893 1850 949 1894 et
982 1840 1192 1897 fructus
1228 1843 1351 1897 fidei
1384 1844 1558 1914 magis
1591 1860 1918 1915 progressus
1947 1856 2048 1911 est,
2076 1856 2131 1900 et
2159 1846 2257 1900 flo-

675 1947 794 1987 rem
848 1934 1355 1990 immarcessibilem
1401 1937 1730 2006 proferebat.
1782 1938 1827 1991 E
1883 1937 2068 1993 radice
2110 1939 2255 1993 enim

674 2021 927 2089 palmites
972 2024 1119 2078 enati
1172 2034 1338 2091 sunt,
1388 2040 1511 2093 quae
1556 2042 1683 2080 vere
1744 2026 1879 2081 dixit
1922 2043 1939 2081 :
1997 2025 2107 2096 Ego
2160 2027 2260 2080 eici

675 2119 954 2183 mundum,
973 2137 1065 2191 ego
1083 2138 1198 2175 sum
1224 2123 1363 2186 ritis,
1381 2140 1469 2176 vos
1483 2140 1600 2177 vero
1619 2124 1865 2193 palmites
1884 2122 1927 2178 ί.
1946 2124 2261 2196 Stephanus

678 2214 938 2275 tanquam
992 2225 1182 2265 ramus
1234 2213 1304 2264 ab
1354 2211 1596 2266 Ecclesia
1633 2213 1855 2267 excisus
1897 2224 1999 2278 est,
2027 2223 2081 2267 et
2116 2214 2261 2269 alius

678 2297 888 2365 palmes
940 2306 1246 2369 martyrum
1306 2300 1614 2369 pullulavit.
1663 2299 1902 2356 Jacobus
1959 2313 2012 2357 et
2062 2302 2262 2360 Petrus

675 2389 943 2457 amputati
975 2401 1146 2444 sunt:
1189 2391 1329 2446 alius
1382 2409 1602 2448 rursum
1640 2405 1881 2465 martyre
1928 2396 2209 2450 enascitur
2243 2414 2258 2451 :

677 2496 790 2550 quo
816 2482 1025 2545 exciso,
1067 2484 1231 2536 alium
1268 2501 1461 2540 rursus
1503 2486 1725 2541 uberem
1771 2487 2053 2557 palmitem
2104 2490 2261 2544 radix

675 2570 924 2639 protulit.
962 2569 1157 2640 51512
1189 2569 1477 2628 Vindemia
1506 2574 1801 2646 decerptus
1832 2586 1917 2631 est
1955 2576 2179 2645 Paulus,
2206 2587 2263 2633 ct

674 2661 819 2715 alius
873 2677 1127 2718 racemus
1183 2666 1448 2735 martyrio
1485 2677 1857 2722 maturescens
1888 2667 2130 2723 Thomas
2164 2684 2264 2738 ap—

679 2754 885 2821 paruit,
921 2765 976 2807 et
1005 2756 1247 2824 undique
1281 2760 1435 2812 radix
1469 2760 1798 2814 vindemiata
1848 2760 2087 2815 fructum
2140 2762 2265 2817 tulit

677 2846 1019 2913 uberiorem,
1051 2858 1105 2902 et
1144 2865 1363 2919 germen
1394 2851 1718 2917 durahilius,
1751 2869 1914 2922 quam
1952 2855 2044 2924 qui
2076 2856 2265 2912 vinde-

680 2940 943 2993 miarunt.
983 2941 1193 2995 Etenim
1265 2945 1359 3013 qui
1408 2942 1808 3000 esseindebant
1842 2950 2107 3017 paulatim
2136 2965 2262 3003 are-

679 3038 895 3084 scentes
929 3033 1179 3086 exstincti
1215 3044 1361 3088 Sunt.
1386 3034 1626 3091 Ecclesia
1659 3054 1788 3092 vero
1824 3038 2092 3095 fructibus
2114 3041 2263 3094 omni

681 3134 927 3193 tempore
957 3135 1179 3191 onusta,
1227 3127 1363 3184 fines
1410 3139 1564 3184 terrae
1603 3132 1718 3187 suis
1763 3133 1965 3202 plantis
2008 3149 2263 3205 compre-

682 3214 893 3271 heudn.

684 3418 939 3483 Eiusdem
975 3421 1209 3477 IIomilia
1244 3426 1404 3478 tertia
1429 3426 1499 3509 .in
1544 3428 1683 3481 idem
1723 3428 1937 3498 festum.
1976 3461 2046 3471 —
2087 3430 2269 3485 Prom-

1366 3515 1551 3553 mium.

756 3585 968 3642 Divina:
996 3588 1257 3645 bonitatis
1292 3590 1467 3647 imber
1510 3593 1783 3663 incipiens
1832 3596 2155 3653 hominibus
2182 3596 2268 3651 ef-

684 3676 861 3740 fundi,
894 3680 1058 3737 hodie
1101 3698 1267 3752 supra
1312 3685 1533 3739 modum
1586 3697 1782 3742 auctus
1832 3698 1937 3752 est,
1974 3698 2028 3743 et
2076 3705 2269 3758 magna

684 3773 814 3827 olim
866 3773 1157 3849 [exhibita]
1195 3777 1454 3833 beneﬁcia
1507 3782 1812 3849 majoribus
1849 3783 2021 3836 hodie
2071 3783 2273 3837 obscu-

685 3868 845 3923 ravit.
905 3867 1041 3923 Nam
1108 3882 1267 3925 erant
1313 3874 1534 3941 quidem
1597 3885 1725 3928 ante
1785 3876 1888 3929 hoc
1943 3875 2271 3931 beneﬁcium

686 3959 945 4025 illustria,
980 3970 1034 4015 et
1062 3964 1262 4017 summi
1288 3966 1497 4020 amOris
1522 3968 1676 4034 signa
1707 3984 1720 4019 :
1750 3966 1924 4020 Adam
1962 3982 1995 4022 e
2026 3968 2273 4037 virgineo

687 4054 957 4123 sanguine
982 4072 1160 4109 novus
1195 4056 1397 4123 factus,
1434 4073 1729 4126 corporum
1783 4060 1958 4114 morbi
1993 4058 2186 4131 fugati,
2221 4069 2276 4115 et

687 4161 755 4200 ex
786 4146 1076 4201 animabus
1113 4148 1385 4203 dannonia
1415 4149 1609 4218 ejecta.
1657 4149 1922 4206 Latrones
1972 4151 2273 4221 principem

690 4236 964 4292 latronum
996 4239 1243 4304 vincunt,
1267 4252 1320 4295 et
1346 4240 1413 4293 de
1440 4254 1506 4294 eo
1535 4241 1916 4310 triumphant;
1944 4244 2276 4298 resurrectio

689 4335 855 4385 morti
892 4334 1159 4387 succedit.
1198 4333 1304 4388 Sed
1339 4334 1605 4389 hactenus
1640 4335 1756 4389 haec
1791 4336 1949 4405 plena
1996 4345 2125 4391 sunt
2179 4337 2278 4390 ho-

689 4425 844 4478 noris
878 4436 931 4479 et
975 4426 1310 4494 splendoris.
1370 4426 1466 4481 sed
1516 4427 1720 4481 donum
1767 4427 1911 4496 quod
1952 4443 2098 4481 nunc
2132 4427 2275 4481 cele-

689 4515 937 4581 bramus,
994 4533 1103 4571 non
1149 4517 1391 4573 admittit
1454 4520 1953 4595 comparationem.
2000 4521 2067 4574 Et
2124 4536 2278 4574 amor

688 4604 969 4662 Creatoris
996 4624 1123 4677 erga
1151 4624 1253 4665 nos
1287 4609 1459 4665 vincit
1510 4612 1778 4680 seipsum,
1813 4620 1869 4665 et
1905 4626 2013 4664 una
2044 4625 2168 4665 cum
2202 4612 2279 4664 vi-

690 4698 866 4755 ctoria
919 4709 1197 4755 ornatur:
1250 4714 1303 4755 et
1326 4716 1449 4770 quae
1502 4700 1651 4755 illam
1705 4702 1859 4767 vicit,
1920 4702 2280 4757 nihilominus

692 4808 859 4862 quam
894 4791 941 4848 si
979 4794 1174 4847 horum
1222 4794 1439 4864 singula
1497 4794 1741 4849 victoriae
1780 4809 2042 4849 coronam
2092 4811 2281 4865 repor-

694 4893 897 4940 tarem.
934 4883 1231 4956 Terrigena
1265 4898 1466 4941 natura
1512 4897 1715 4941 terram
1756 4887 2098 4957 relinquens,
2145 4888 2278 4957 quin

692 4979 877 5049 potius
907 4977 1109 5045 ferens,
1144 4980 1200 5034 iu
1248 4981 1448 5036 crelum
1493 4979 1842 5037 transfertur.
1896 4980 1959 5035 Et
1983 4984 2086 5037 hoc
2133 4982 2279 5051 quod

693 5077 907 5132 dictum
961 5089 1087 5133 est:
1139 5075 1431 5133 Faciamus
1479 5078 1743 5132 hominem
1787 5078 1855 5131 ad
1901 5078 2185 5146 imaginem
2229 5085 2279 5130 et

697 5167 1102 5222 similitudinem
1169 5178 1409 5221 nostram
1459 5158 1531 5233 5,.
1589 5167 1765 5237 magis
1835 5164 2279 5226 reformationis,

698 5275 864 5330 quam
902 5259 1249 5315 formatiouis
1288 5275 1413 5316 esse
1444 5259 1682 5315 videtur.
1720 5257 2011 5327 Exemplar
2054 5256 2281 5311 immor-

702 5353 930 5408 talitatis
980 5364 1065 5409 est
1110 5353 1287 5408 forma
1351 5351 1515 5407 hodie
1567 5361 1877 5420 assumpta,
1931 5348 2282 5404 adumbratio

703 5441 867 5511 hujus
920 5453 975 5497 et
1028 5454 1189 5514 typus
1222 5452 1306 5499 est
1338 5443 1556 5497 initium
1607 5442 1904 5497 creationis
1954 5448 2158 5494 nostra:
2216 5439 2286 5493 ad

706 5535 1000 5603 imaginem
1032 5536 1151 5591 Dei.
1179 5534 1355 5606 Loqui
1402 5536 1565 5590 debet
1592 5536 1807 5598 asinus,
1838 5548 1905 5586 ne
1938 5531 2061 5601 quis
2091 5531 2163 5585 sit
2199 5532 2285 5584 in-

785 5652 804 5692 ί
838 5650 997 5709 Joan.
1032 5669 1143 5721 xvr,
1177 5652 1283 5721 35;
1315 5651 1475 5709 Joan.
1512 5668 1603 5717 xv,
1640 5650 1692 5705 5.
1774 5658 1799 5697 ε
1831 5649 2030 5704 Cenes.
2069 5663 2106 5711 ι,
2140 5646 2232 5699 9.0.

1832 424 2097 486 PHOTII
2124 421 2631 485 PATRIARCHB
2663 421 2771 483 ΕΡ.

2279 534 2332 595 Α
2356 533 2742 604 άνηρτήθησαν
2772 531 2946 601 bii/etc,
2972 530 3072 603 τῆς
3112 530 3315 601 σαρκὸς
3341 529 3483 584 κατὰ
3518 530 3718 602 μικρὸν
3766 531 3909 600 Noua

2364 630 2553 699 μένης,
2592 626 2736 679 οὕτω
2762 623 2983 680 καὶτῶν
3016 624 3077 676 ἐν
3105 625 3357 694 οὐρανοῖς
3384 623 3700 693 ἀσωμάτων
3721 626 3747 676 ό
3764 623 3911 693 δῆμος

2362 720 2421 786 ἐξ
2446 718 2677 791 ούρανοῦ
2719 718 2857 790 πρὸς
2888 717 3118 787 ούρανδν
3168 718 3445 788 ἐκεχήνει,
3479 720 3583 787 τῆς
3619 714 3713 770 τοῦ
3748 716 3911 786 σώμα-

2360 829 2452 875 τος
2497 811 2714 880 φύσεως
2762 809 3021 864 ἐπέκεινα
3072 810 3168 863 καὶ
3198 810 3382 863 αὐτῶν
3411 809 3693 879 άνιούσης,
3727 810 3825 873 ἕως
3866 814 3911 862 ὲν

2363 902 2583 965 κόλποις
2628 900 2724 954 τοῦ
2769 900 2983 972 Πατρδς
3022 899 3315 971 ύπεδέχθη.
3382 900 3677 968 Ἀσφαλείς
3730 900 3786 953 αι
3835 901 3910 953 τοῦ

2364 994 2553 1063 γένους
2585 993 2819 1059 ἐλπίδες,
2870 995 2928 1046 ἐν
2958 992 3175 1065 οὐρανῷ
3211 992 3435 1063 βασιλέα
3467 992 3711 1062 συγγενῆ
3743 1009 3912 1061 κεκτη-

2367 1088 2548 1158 μέναι.
2579 1087 2639 1151 ὃς
2677 1088 2773 1141 καὶ
2811 1086 2976 1141 πάλιν
3008 1086 3147 1158 μετὰ
3177 1087 3280 1156 τῆς
3305 1086 3477 1156 αὐτῆς
3523 1087 3731 1153 σαρκὸς
3773 1088 3912 1139 πᾶσιν

2362 1180 2681 1251 ὀφθήσεται.

2369 1293 2481 1349 τοῦ
2509 1293 2696 1347 αὑτοῦ
2715 1293 2784 1347 ἐκ
2814 1293 2921 1347 τοῦ
2946 1293 3033 1359 εις
3057 1292 3173 1361 τὴν
3192 1291 3390 1360 αὐτὴν
3405 1290 3628 1361 ἑορτὴν
3648 1292 3711 1357 ,β’
3731 1293 3908 1361 λόγον.

2440 1388 2503 1439 Ὢ
2524 1385 2789 1456 βασιλέων
2814 1387 3029 1440 πάντων
3064 1385 3496 1458 βασιλικωτέρας
3527 1385 3822 1458 θρησκείας
3848 1388 3909 1439 ³⁷1

2362 1477 2399 1533 ἃ
2448 1478 2557 1549 γὰρ
2598 1478 2785 1541 ὅπλοις
2848 1476 3086 1548 βασιλεῖς
3151 1477 3532 1548 συνεκρότουν,
3588 1477 3727 1547 αὐτὴ
3774 1477 3911 1548 χωρξ

2364 1570 2543 1625 ὃπλων
2580 1570 2853 1624 ἐδείκνυτο
2891 1570 3238 1624 καταλύουσα
3259 1586 3275 1601 ·
3302 1569 3337 1624 ά
3379 1570 3717 1639 σφάττοντες
3747 1568 3909 1623 Simb-

2363 1660 2509 1727 λυον⁹
2550 1652 2697 1731 ἀὑτὴ
2730 1660 3073 1731 σφαττομένη
3129 1660 3465 1731 συνεκρότει,
3493 1661 3594 1713 καὶ
3632 1661 3752 1723 ταῖς
3797 1676 3908 1727 σφα-

2364 1754 2487 1820 γαῖς
2522 1754 2663 1806 κατὰ
2693 1752 2802 1805 τῶν
2845 1752 3189 1821 σφαττόντων
3228 1752 3421 1821 ἀνίστη
3456 1752 3529 1803 τὰ
3559 1751 3810 1821 τρόπαια,
3847 1750 3909 1803 Ti

2364 1846 2463 1916 τῆς
2495 1845 2825 1915 Ἐκκλησίας
2882 1847 3253 1899 κατεκόπτετο
3298 1845 3579 1915 κλήματα,
3610 1844 3707 1896 καὶ
3757 1845 3785 1897 ό
3835 1844 3910 1905 τῆς

2364 1939 2599 2003 πίστεως
2642 1939 2887 1992 ἐπεδίδου
2924 1938 3128 2009 μᾶλλον
3178 1938 3227 1970 ³⁸
3262 1936 3474 2007 καρπὸς
3522 1937 3624 1990 καὶ
3676 1936 3737 1989 τὸ
3781 1934 3908 1996 ἄνθος

2361 2033 2678 2104 ἀμάραντον
2719 2030 2904 2102 ἔφερε.
2950 2030 3131 2101 Ῥίζης
3186 2029 3296 2099 γὰρ
3346 2027 3657 2095 ἐκπεφύκει
3703 2027 3771 2080 τά
3812 2026 3910 2094 κλή-

2365 2142 2512 2197 ματα
2537 2124 2636 2196 τῆς
2660 2122 2906 2193 ἀψευδῶς
2938 2123 3199 2193 εἰπούσης
3216 2138 3232 2154 ο
3274 2122 3423 2191 Ἐγὼ
3456 2122 3568 2175 τὸν
3590 2119 3813 2189 κόσμον
3833 2136 3906 2171 rs-

2362 2219 2603 2285 νίκηκα.
2645 2216 2791 2285 Ἑγώ
2813 2218 2931 2285 ειμι
2967 2217 3005 2283 ἡ
3032 2215 3326 2284 ἄμπελος,
3346 2213 3519 2284 ὑμεῖς
3546 2213 3620 2267 τὰ
3648 2212 3906 2279 κλήματα.

2363 2309 2635 2378 Στέφανος
2682 2306 3027 2372 ἐκλαδεύετο,
3069 2308 3162 2361 καὶ
3210 2308 3338 2361 ἄλλο
3395 2306 3589 2376 κλῆμα
3654 2304 3907 2375 μαρτύρων

2364 2399 2714 2453 ἐϐλάστανεν.
2777 2397 2940 2470 [1557
2996 2395 3089 2469 IL]
3146 2396 3405 2459 Ἰάκωϐος
3452 2396 3806 2466 ἀπετέμνετο,
3840 2395 3908 2445 καὶ

2364 2493 2574 2563 Πέτρος
2603 2491 2761 2555 ἄλλος
2792 2491 2955 2544 πάλιν
2989 2490 3198 2561 μάρτυς
3225 2488 3510 2558 ἀνεφύετο.
3552 2483 3720 2550 Οὗτος
3764 2484 3907 2549 ἐξεκό-

2365 2601 2553 2645 πτετο,
2585 2584 2679 2637 καὶ
2717 2582 2933 2637 Παῦλον
2956 2583 3086 2637 ἄλλο
3132 2582 3319 2652 κλῆμα
3368 2580 3728 2649 πολύκαρπον
3761 2579 3791 2649 ἡ
3818 2575 3907 2647 ῥίζα

2364 2675 2756 2746 προύϐάλλετο.
2796 2673 3160 2744 Ἐτετρύγητο
3189 2672 3426 2736 Παῦλος,
3460 2673 3561 2725 καὶ
3585 2669 3906 2742 βότρυςῶλος

2370 2767 2670 2840 μαρτυρίου
2728 2765 3024 2836 τέρκάζων
3086 2768 3114 2818 ὁ
3168 2765 3370 2834 θωμᾶς
3430 2764 3770 2831 ἀνεφαίνετο.
3826 2761 3905 2812 Καὶ

2292 1908 2335 1964 Β

2368 2861 2701 2931 πανταχόθεν
2728 2863 2761 2931 ἡ
2790 2861 2915 2930 ῥίζα
2930 2858 3257 2929 τρυγωμένη
3285 2857 3397 2909 τῶν
3425 2854 3753 2925 τρυγώντων
3782 2852 3903 2917 ἔφερε

2366 2955 2462 3027 τὴν
2500 2954 2673 3025 φοράν
2716 2952 3123 3022 ἁπληστότερον
3170 2950 3214 2981 ³³
3259 2950 3356 3002 καὶ
3419 2947 3793 3019 μονιμωτέριν
3836 2941 3905 3007 τὴν

2368 3046 2682 3117 βλάστησιν.
2718 3044 2827 3096 Καὶ
2861 3044 2908 3094 oi
2946 3042 3046 3111 μὲν
3079 3041 3373 3102 κόπτοντες
3400 3039 3546 3092 κατὰ
3596 3036 3780 3108 μικρὸν
3806 3035 3903 3103 ἧφι·

2368 3138 2629 3209 νίσθησαν
2668 3134 3076 3206 μαραινόμενοι,
3111 3135 3144 3203 ἠ
3173 3133 3230 3185 δὲ
3261 3132 3341 3203 τῷ
3372 3130 3576 3203 καρπῷ
3619 3130 3705 3182 διὰ
3748 3124 3904 3182 παπῆ

2291 3260 2335 3319 c
2372 3230 2633 3302 βρίθουσα
2660 3227 2730 3281 τά
2748 3227 2959 3297 πέρατα
2982 3227 3080 3296 τῆς
3102 3227 3204 3295 γῆς
3242 3221 3538 3295 περιέλαϐε
3574 3224 3687 3283 τοῖς
3717 3214 3903 3289 βλαστή-

2374 3341 2560 3396 μασιν.

2376 3437 2486 3492 Τοῦ
2506 3434 2692 3490 αὑτοῦ
2718 3433 2786 3487 ἐκ
2816 3432 2923 3487 τοῦ
2957 3434 3045 3497 εὶς
3067 3431 3182 3497 τὴν
3235 3429 3431 3496 αὐτὴν
3450 3425 3672 3495 ἑορτὴν
3698 3422 3743 3494 τ’
3762 3420 3905 3487 λόγου

2964 3505 3030 3555 τὸ
3052 3502 3380 3569 προοίμιον.
3446 3560 3453 3567 ,

2454 3600 2515 3653 ὐ
2550 3598 2693 3661 θεῖος
2740 3597 2839 3665 τῆς
2880 3592 3219 3662 ἁγαθότητος
3247 3590 3456 3662 ὄμϐρος
3494 3589 3792 3661 ἀρξάμενος
3826 3580 3908 3638 τοῖς

2371 3690 2681 3761 ἀνθρώποις
2708 3687 2755 3719 ⁸ο
2775 3686 3057 3757 ἐκκεῖσθαι
3092 3684 3226 3754 πρὸς
3264 3684 3551 3753 ἀμήχανον
3586 3684 3808 3749 σήμερον
3831 3671 3905 3722 δω-

2379 3783 2516 3855 ρεῶν
2552 3780 2839 3851 ὑπερήρθη
2884 3777 3246 3849 πλημμύραν,
3300 3777 3394 3830 καὶ
3440 3776 3506 3827 τά
3563 3771 3766 3844 μεγάλα
3805 3780 3905 3817 κατ-

2378 3874 2583 3946 έκρυψε
2619 3872 2881 3943 μείζοσιν.
2901 3866 3010 3923 τΗν
3048 3871 3145 3941 μὲν
3175 3870 3283 3937 γὰρ
3317 3868 3413 3922 καὶ
3440 3869 3509 3919 τὰ
3564 3865 3670 3936 πρὸ
3694 3863 3782 3930 τῆς
3802 3870 3908 3922 παρ·

2374 3970 2542 4040 ούσης
2581 3966 2908 4039 εὐεργεσίας
2941 3964 3195 4035 λαμπρά,
3231 3964 3330 4016 καὶ
3389 3964 3489 4030 τῆς
3530 3962 3705 4028 ἄκρας
3754 3952 3909 4023 φιλοτι-

2381 4064 2507 4135 μίας
2572 4060 2887 4126 άπόδειξις,
2952 4058 3126 4128 Ἀδὰμ
3185 4060 3250 4110 ἐκ
3306 4055 3657 4127 παρθενικῶν
3711 4046 3909 4117 αἱμάτων

2378 4151 2897 4224 καινουργούμενος,
2935 4151 3205 4219 σωμάτων
3250 4151 3305 4203 αἱ
3338 4148 3485 4201 νόσοι
3530 4141 3908 4216 φυγαδευόμεναι

2379 4246 2475 4302 καὶ
2496 4246 2683 4316 ψυχῶν
2706 4245 3043 4314 ἐλαυνόμενα
3066 4242 3134 4296 τὰ
3164 4242 3441 4311 δαιμόνια,
3478 4238 3673 4312 λῃσταὶ
3690 4235 3772 4288 τὸν
3793 4233 3910 4329 άρχιυ

2380 4338 2581 4408 λῃστὴν
2623 4334 2882 4398 νικῶντες
2934 4331 3029 4387 καὶ
3072 4331 3516 4401 θριαμϐεύοντες,
3557 4329 3775 4384 θάνατος
3805 4332 3907 4413 aut?

2382 4429 2560 4482 6άνων
2593 4427 2835 4497 διάδοχον
2867 4427 2968 4496 τὴν
3015 4426 3334 4477 ἀνάστασιν.
3380 4421 3520 4474 Ἀλλ’
3557 4421 3661 4481 ἕως
3709 4416 3796 4484 μὲν
3835 4422 3903 4504 νδ]

2382 4520 2554 4574 ταῦτα
2588 4496 2751 4589 γέμει
2778 4519 2871 4570 καὶ
2897 4517 3209 4586 φιλοτιμίας
3233 4516 3327 4568 καὶ
3356 4514 3735 4584 λαμπρότητος
3764 4520 3775 4533 ’
3806 4496 3910 4551 τδδὲ

2313 4611 2359 4669 D
2386 4606 2481 4660 νῦν
2527 4605 2923 4678 ἑορταζόμενον
2960 4604 3133 4674 δῶρον
3163 4604 3264 4657 οὐκ
3322 4604 3577 4673 ἀνέχεται
3628 4590 3909 4678 συγκρίσεως

2388 4672 2639 4766 ἐξέτασιν
2670 4672 3054 4761 ἐπιδέξασθαι,
3084 4697 3176 4748 καὶ
3221 4697 3350 4765 νικᾷ
3392 4672 3492 4764 μὲν
3520 4691 3710 4758 ἑαυτὴν

2388 4793 2538 4862 ἡμᾶς
2557 4788 2653 4842 τοῦ
2679 4789 2919 4841 πλάστου
2943 4786 3248 4857 φιλοτιμία,
3270 4780 3765 4853 συγκαλλωπίζεται
3792 4769 3906 4870 δέ

2390 4855 2537 4955 Vri—“ili
2565 4882 2659 4935 καὶ
2699 4880 2736 4935 δ’
2769 4880 2866 4950 τὴν
2898 4855 3035 4950 πρδς
3086 4879 3303 4947 ἐκείνην
3346 4874 3514 4948 ἧτταν
3544 4855 3909 4955 ῆνεγχεν,οὑδὲν

2390 4978 2612 5030 ἔλαττον
2640 4974 2673 5045 ἢ
2710 4974 2867 5041 εἴπερ
2894 4974 3098 5025 τούτων
3138 4972 3367 5023 ἕκαστον
3402 4970 3492 5022 τὸν
3518 4967 3615 5036 τῆς
3642 4962 3783 5027 νίκης
3834 4952 3908 5003 ἀν’

2385 5068 2615 5137 εδήσατο
2648 5065 2932 5134 στέφανον.
2974 5064 3037 5115 Ἡ
3060 5063 3299 5132 γηγενὴς
3332 5062 3494 5131 φύσις
3508 5062 3604 5129 τὴν
3625 5056 3719 5123 γῆν
3736 5046 3908 5137 deside.

2390 5133 2591 5229 μᾶλλον
2607 5158 2662 5210 δέ
2676 5133 2938 5228 φέρουσα,
2953 5157 3032 5219 είς
3053 5156 3317 5226 οὐρανοὺς
3341 5153 3718 5223 μετοικίζεται·
3744 5133 3907 5229 “ab?”

2384 5228 2739 5318 Ποιήσωμεν
2764 5248 3081 5317 ἄνθρωπον
3110 5247 3233 5317 [841
3296 5246 3389 5317 Π.Ι
3420 5244 3547 5298 κατ’
3580 5239 3771 5295 εἰκόνα
3799 5228 3908 5318 ἠμε-

2391 5344 2571 5413 τέραν
2608 5344 2704 5396 καὶ
2730 5342 2858 5395 καθ’
2895 5340 3205 5409 ὁμοίωσιν,
3241 5339 3341 5409 τῆς
3363 5336 3710 5391 ἀνακλάσεως

2396 5437 2556 5507 ἔργον
2596 5436 2629 5504 ἢ
2680 5435 2775 5503 τῆς
2826 5434 3075 5496 πλάπως
3119 5432 3508 5486 ἐπιδείκνυται.
3553 5420 3846 5495 ’Δρχέτυπον

2396 5530 2495 5599 τῆς
2524 5527 2821 5589 ἀθανασίας
2845 5527 2879 5597 ἡ
2915 5528 3153 5596 σήμερον
3183 5522 3553 5592 ἀναληφθεῖσα
3585 5508 3769 5587 μορφὴ,
3792 5511 3907 5553 σκια-

1979 5762 2216 5818 γΑιιιΑει
2254 5758 2660 5814 LECTIONES.

781 5868 825 5899 ³⁷
856 5866 1123 5939 θρησκεία
1144 5867 1201 5921 Β.
1283 5866 1327 5898 ³⁸
1358 5866 1557 5935 μᾶλλον
1577 5864 1822 5918 ἀπεδίδου
1853 5880 1911 5927 τ.
1992 5864 2033 5894 ³³
2070 5856 2563 5927 ἁπλαστοτέρανΑ.
2643 5854 2686 5886 ⁴⁰
2713 5855 2822 5917 τοῖς
2858 5847 3188 5923 ἀνθρώποις]
3215 5849 3290 5911 εἰς
3323 5842 3634 5916 ἀνθρώπους

712 5934 1032 6011 1mm;—
1060 5934 1404 6007 ἐπουρανίοις
1433 5953 1544 5993 om.
1599 5934 1655 5987 Β.

3661 5830 3717 5887 n.
3776 5820 3810 5854 δ’
3835 5812 3906 5880 ἀρ’
