  <div class='ocr_page' id='page_1' title='image "/cluster/home/n/w/nwhite01/storage/ocr_20150623/104/hvd.32044018872853/136.png"; bbox 0 0 4020 6406; ppageno 0'>
   <div class='ocr_carea' id='block_1_1' title="bbox 100 431 170 494">
    <p class='ocr_par' dir='ltr' id='par_1_1' title="bbox 100 431 170 494">
     <span class='ocr_line' id='line_1_1' title="bbox 100 431 170 494; baseline -0.057 0"><span class='ocrx_word' id='word_1_1' title='bbox 100 431 170 494; x_wconf 72' lang='grc' dir='ltr'><strong>έῖιῖ</strong></span> 
     </span>
    </p>
   </div>
   <div class='ocr_carea' id='block_1_2' title="bbox 1052 395 2278 479">
    <p class='ocr_par' dir='ltr' id='par_1_2' title="bbox 1052 395 2278 479">
     <span class='ocr_line' id='line_1_2' title="bbox 1052 395 2278 479; baseline -0.009 0"><span class='ocrx_word' id='word_1_2' title='bbox 1052 414 1578 479; x_wconf 82' lang='lat' dir='ltr'><strong>BIBLIOTHECA.</strong></span> <span class='ocrx_word' id='word_1_3' title='bbox 1604 435 1674 450; x_wconf 90' lang='lat'><strong><em>—</em></strong></span> <span class='ocrx_word' id='word_1_4' title='bbox 1707 395 1872 471; x_wconf 74' lang='lat' dir='ltr'><strong>con.</strong></span> <span class='ocrx_word' id='word_1_5' title='bbox 1903 409 2278 471; x_wconf 79' lang='lat' dir='ltr'><strong>CCLXXVII.</strong></span> 
     </span>
    </p>
   </div>
   <div class='ocr_carea' id='block_1_3' title="bbox 3199 403 3307 470">
    <p class='ocr_par' dir='ltr' id='par_1_3' title="bbox 3199 403 3307 470">
     <span class='ocr_line' id='line_1_3' title="bbox 3199 403 3307 470; baseline 0.019 -2"><span class='ocrx_word' id='word_1_6' title='bbox 3199 403 3307 470; x_wconf 77' lang='lat'><strong>‘258</strong></span> 
     </span>
    </p>
   </div>
   <div class='ocr_carea' id='block_1_4' title="bbox 97 523 1636 620">
    <p class='ocr_par' dir='ltr' id='par_1_4' title="bbox 97 527 1630 620">
     <span class='ocr_line' id='line_1_4' title="bbox 97 527 1630 620; baseline -0.01 -24"><span class='ocrx_word' id='word_1_7' title='bbox 97 543 264 620; x_wconf 80' lang='grc' dir='ltr'><strong>τραφία</strong></span> <span class='ocrx_word' id='word_1_8' title='bbox 295 539 352 594; x_wconf 81' lang='grc' dir='ltr'><strong>δὲ</strong></span> <span class='ocrx_word' id='word_1_9' title='bbox 376 537 472 592; x_wconf 77' lang='grc' dir='ltr'><strong>καὶ</strong></span> <span class='ocrx_word' id='word_1_10' title='bbox 501 551 858 608; x_wconf 82' lang='grc' dir='ltr'><strong>προτυπωσις</strong></span> <span class='ocrx_word' id='word_1_11' title='bbox 885 532 1076 588; x_wconf 88' lang='grc' dir='ltr'><strong>τούτου</strong></span> <span class='ocrx_word' id='word_1_12' title='bbox 1107 535 1142 604; x_wconf 82' lang='grc' dir='ltr'>ἡ</span> <span class='ocrx_word' id='word_1_13' title='bbox 1180 533 1319 600; x_wconf 81' lang='grc' dir='ltr'><strong>πρὸς</strong></span> <span class='ocrx_word' id='word_1_14' title='bbox 1348 530 1448 601; x_wconf 83' lang='grc' dir='ltr'><strong>τὴν</strong></span> <span class='ocrx_word' id='word_1_15' title='bbox 1478 527 1630 582; x_wconf 99' lang='grc' dir='ltr'><strong>θείαν</strong></span> 
     </span>
    </p>
   </div>
   <div class='ocr_carea' id='block_1_5' title="bbox 1742 523 3307 620">
    <p class='ocr_par' dir='ltr' id='par_1_5' title="bbox 1742 523 3307 596">
     <span class='ocr_line' id='line_1_5' title="bbox 1742 523 3307 596; baseline 0 -16"><span class='ocrx_word' id='word_1_16' title='bbox 1742 526 1995 582; x_wconf 88' lang='lat' dir='ltr'><strong>credulus</strong></span> <span class='ocrx_word' id='word_1_17' title='bbox 2031 545 2045 582; x_wconf 90' lang='lat'>:</span> <span class='ocrx_word' id='word_1_18' title='bbox 2089 537 2217 582; x_wconf 87' lang='lat' dir='ltr'><strong>ante</strong></span> <span class='ocrx_word' id='word_1_19' title='bbox 2253 525 2468 580; x_wconf 83' lang='lat' dir='ltr'><strong>loculus</strong></span> <span class='ocrx_word' id='word_1_20' title='bbox 2519 533 2605 582; x_wconf 89' lang='lat' dir='ltr'><strong>est</strong></span> <span class='ocrx_word' id='word_1_21' title='bbox 2643 539 2890 596; x_wconf 83' lang='lat' dir='ltr'><strong>serpens,</strong></span> <span class='ocrx_word' id='word_1_22' title='bbox 2926 523 3092 596; x_wconf 76' lang='lat' dir='ltr'><strong>Virgo</strong></span> <span class='ocrx_word' id='word_1_23' title='bbox 3138 523 3307 596; x_wconf 86' lang='lat' dir='ltr'><strong>parit.</strong></span> 
     </span>
    </p>
   </div>
   <div class='ocr_carea' id='block_1_6' title="bbox 95 620 1621 702">
    <p class='ocr_par' dir='ltr' id='par_1_6' title="bbox 95 620 1621 702">
     <span class='ocr_line' id='line_1_6' title="bbox 95 620 1621 702; baseline -0.012 -9"><span class='ocrx_word' id='word_1_24' title='bbox 95 641 239 694; x_wconf 78' lang='grc' dir='ltr'><strong>εἰκόνα</strong></span> <span class='ocrx_word' id='word_1_25' title='bbox 275 633 372 702; x_wconf 85' lang='grc' dir='ltr'><strong>τῆς</strong></span> <span class='ocrx_word' id='word_1_26' title='bbox 400 632 542 701; x_wconf 79' lang='grc' dir='ltr'><strong>ἐμῆς</strong></span> <span class='ocrx_word' id='word_1_27' title='bbox 570 626 932 699; x_wconf 82' lang='grc' dir='ltr'><strong>δημιουργίας</strong></span> <span class='ocrx_word' id='word_1_28' title='bbox 961 625 1258 696; x_wconf 76' lang='grc' dir='ltr'><strong>καταϐολή.</strong></span> <span class='ocrx_word' id='word_1_29' title='bbox 1293 622 1559 693; x_wconf 82' lang='grc' dir='ltr'><strong>Ἐμελλεν</strong></span> <span class='ocrx_word' id='word_1_30' title='bbox 1575 620 1621 653; x_wconf 74' lang='grc'><strong>⁸⁸</strong></span> 
     </span>
    </p>
   </div>
   <div class='ocr_carea' id='block_1_7' title="bbox 89 716 1623 793">
    <p class='ocr_par' dir='ltr' id='par_1_7' title="bbox 89 716 1623 793">
     <span class='ocr_line' id='line_1_7' title="bbox 89 716 1623 793; baseline -0.01 -9"><span class='ocrx_word' id='word_1_31' title='bbox 89 735 179 793; x_wconf 71' lang='grc' dir='ltr'><strong>όνος</strong></span> <span class='ocrx_word' id='word_1_32' title='bbox 227 726 405 780; x_wconf 85' lang='grc' dir='ltr'><strong>λαλεῖν</strong></span> <span class='ocrx_word' id='word_1_33' title='bbox 437 739 453 756; x_wconf 76' lang='grc' dir='ltr'><strong><em>ο</em></strong></span> <span class='ocrx_word' id='word_1_34' title='bbox 492 723 580 775; x_wconf 82' lang='grc' dir='ltr'><strong>ἵνα</strong></span> <span class='ocrx_word' id='word_1_35' title='bbox 642 721 834 792; x_wconf 70' lang='grc' dir='ltr'><strong>μηδεὶς</strong></span> <span class='ocrx_word' id='word_1_36' title='bbox 889 721 1093 790; x_wconf 79' lang='grc' dir='ltr'><strong>ἀπιστῇ</strong></span> <span class='ocrx_word' id='word_1_37' title='bbox 1147 717 1213 784; x_wconf 77' lang='grc'><strong>⁸³,</strong></span> <span class='ocrx_word' id='word_1_38' title='bbox 1254 716 1623 790; x_wconf 89' lang='grc' dir='ltr'><strong>προελάλησεν</strong></span> 
     </span>
    </p>
   </div>
   <div class='ocr_carea' id='block_1_8' title="bbox 85 807 1625 892">
    <p class='ocr_par' dir='ltr' id='par_1_8' title="bbox 85 807 1625 892">
     <span class='ocr_line' id='line_1_8' title="bbox 85 807 1625 892; baseline -0.011 -16"><span class='ocrx_word' id='word_1_39' title='bbox 85 825 199 892; x_wconf 64' lang='grc' dir='ltr'><strong>όφις.</strong></span> <span class='ocrx_word' id='word_1_40' title='bbox 247 815 522 888; x_wconf 85' lang='grc' dir='ltr'><strong>Παρθένος</strong></span> <span class='ocrx_word' id='word_1_41' title='bbox 550 813 726 867; x_wconf 79' lang='grc' dir='ltr'>τίκτει</span> <span class='ocrx_word' id='word_1_42' title='bbox 754 828 770 842; x_wconf 83' lang='lat'><strong><em>°</em></strong></span> <span class='ocrx_word' id='word_1_43' title='bbox 809 812 894 865; x_wconf 81' lang='grc' dir='ltr'><strong>ἶνα</strong></span> <span class='ocrx_word' id='word_1_44' title='bbox 919 813 992 881; x_wconf 83' lang='grc' dir='ltr'><strong>μή</strong></span> <span class='ocrx_word' id='word_1_45' title='bbox 1029 827 1110 864; x_wconf 91' lang='grc' dir='ltr'><strong>σοι</strong></span> <span class='ocrx_word' id='word_1_46' title='bbox 1133 809 1284 876; x_wconf 84' lang='grc' dir='ltr'><strong>ξένον</strong></span> <span class='ocrx_word' id='word_1_47' title='bbox 1315 808 1523 880; x_wconf 76' lang='grc' dir='ltr'><strong>δειχθῇ,</strong></span> <span class='ocrx_word' id='word_1_48' title='bbox 1543 807 1625 860; x_wconf 81' lang='grc' dir='ltr'><strong>τί·</strong></span> 
     </span>
    </p>
   </div>
   <div class='ocr_carea' id='block_1_9' title="bbox 84 898 1624 977">
    <p class='ocr_par' dir='ltr' id='par_1_9' title="bbox 84 898 1624 977">
     <span class='ocr_line' id='line_1_9' title="bbox 84 898 1624 977; baseline -0.009 -11"><span class='ocrx_word' id='word_1_49' title='bbox 84 929 181 966; x_wconf 82' lang='grc' dir='ltr'><strong>κτει</strong></span> <span class='ocrx_word' id='word_1_50' title='bbox 216 904 577 977; x_wconf 76' lang='grc' dir='ltr'><strong>προφθάσασα</strong></span> <span class='ocrx_word' id='word_1_51' title='bbox 619 905 830 975; x_wconf 87' lang='grc' dir='ltr'><strong>στεῖρα.</strong></span> <span class='ocrx_word' id='word_1_52' title='bbox 874 902 1142 973; x_wconf 83' lang='grc' dir='ltr'>Ἐμελλεν</span> <span class='ocrx_word' id='word_1_53' title='bbox 1185 900 1357 968; x_wconf 81' lang='grc' dir='ltr'><strong>Ἀδὰμ</strong></span> <span class='ocrx_word' id='word_1_54' title='bbox 1393 898 1624 954; x_wconf 90' lang='grc' dir='ltr'><strong>θανάτου</strong></span> 
     </span>
    </p>
   </div>
   <div class='ocr_carea' id='block_1_10' title="bbox 78 992 1626 1070">
    <p class='ocr_par' dir='ltr' id='par_1_10' title="bbox 78 992 1626 1070">
     <span class='ocr_line' id='line_1_10' title="bbox 78 992 1626 1070; baseline -0.006 -15"><span class='ocrx_word' id='word_1_55' title='bbox 78 999 327 1055; x_wconf 76' lang='grc' dir='ltr'><strong>τίκτεσθαι</strong></span> <span class='ocrx_word' id='word_1_56' title='bbox 373 997 642 1070; x_wconf 77' lang='grc' dir='ltr'><strong>κρείττων</strong></span> <span class='ocrx_word' id='word_1_57' title='bbox 670 997 806 1050; x_wconf 77' lang='grc' dir='ltr'><strong>ὀἴνα</strong></span> <span class='ocrx_word' id='word_1_58' title='bbox 851 995 928 1067; x_wconf 83' lang='grc' dir='ltr'><strong>μὴ</strong></span> <span class='ocrx_word' id='word_1_59' title='bbox 974 998 1158 1067; x_wconf 83' lang='grc' dir='ltr'><strong>κάμῃς</strong></span> <span class='ocrx_word' id='word_1_60' title='bbox 1211 992 1488 1063; x_wconf 75' lang='grc' dir='ltr'><strong>ἐπιζητῶν</strong></span> <span class='ocrx_word' id='word_1_61' title='bbox 1533 1011 1626 1046; x_wconf 91' lang='grc' dir='ltr'><strong>πι-</strong></span> 
     </span>
    </p>
   </div>
   <div class='ocr_carea' id='block_1_11' title="bbox 83 1085 1627 1162">
    <p class='ocr_par' dir='ltr' id='par_1_11' title="bbox 83 1085 1627 1162">
     <span class='ocr_line' id='line_1_11' title="bbox 83 1085 1627 1162; baseline -0.006 -15"><span class='ocrx_word' id='word_1_62' title='bbox 83 1093 296 1157; x_wconf 73' lang='grc' dir='ltr'><strong>στεῦσαι,</strong></span> <span class='ocrx_word' id='word_1_63' title='bbox 324 1092 354 1144; x_wconf 86' lang='grc' dir='ltr'><strong>ό</strong></span> <span class='ocrx_word' id='word_1_64' title='bbox 399 1089 620 1162; x_wconf 85' lang='grc' dir='ltr'><strong>πρῶτος</strong></span> <span class='ocrx_word' id='word_1_65' title='bbox 660 1089 832 1160; x_wconf 77' lang='grc' dir='ltr'><strong>Ἀδὰμ</strong></span> <span class='ocrx_word' id='word_1_66' title='bbox 868 1092 966 1154; x_wconf 83' lang='grc' dir='ltr'><strong>τὰς</strong></span> <span class='ocrx_word' id='word_1_67' title='bbox 995 1088 1082 1142; x_wconf 72' lang='grc' dir='ltr'><strong>ἐπ’</strong></span> <span class='ocrx_word' id='word_1_68' title='bbox 1106 1086 1376 1159; x_wconf 76' lang='grc' dir='ltr'><strong>ἀθανασίᾳ</strong></span> <span class='ocrx_word' id='word_1_69' title='bbox 1415 1085 1627 1156; x_wconf 89' lang='grc' dir='ltr'><strong>δέχεται</strong></span> 
     </span>
    </p>
   </div>
   <div class='ocr_carea' id='block_1_12' title="bbox 76 1180 1630 1258">
    <p class='ocr_par' dir='ltr' id='par_1_12' title="bbox 76 1180 1630 1258">
     <span class='ocr_line' id='line_1_12' title="bbox 76 1180 1630 1258; baseline -0.005 -19"><span class='ocrx_word' id='word_1_70' title='bbox 76 1184 410 1258; x_wconf 68' lang='grc' dir='ltr'><strong>ψήφους.Καὶ</strong></span> <span class='ocrx_word' id='word_1_71' title='bbox 423 1184 515 1237; x_wconf 74' lang='grc' dir='ltr'><strong>τὸν</strong></span> <span class='ocrx_word' id='word_1_72' title='bbox 541 1181 713 1255; x_wconf 81' lang='grc' dir='ltr'><strong>Ἑνὼχ</strong></span> <span class='ocrx_word' id='word_1_73' title='bbox 726 1181 892 1254; x_wconf 76' lang='grc' dir='ltr'><strong>ἔχεις,</strong></span> <span class='ocrx_word' id='word_1_74' title='bbox 913 1182 1002 1235; x_wconf 75' lang='grc' dir='ltr'><strong>ναὶ</strong></span> <span class='ocrx_word' id='word_1_75' title='bbox 1021 1181 1086 1254; x_wconf 78' lang='grc' dir='ltr'><strong>δὴ</strong></span> <span class='ocrx_word' id='word_1_76' title='bbox 1107 1181 1201 1236; x_wconf 71' lang='grc' dir='ltr'><strong>καὶ</strong></span> <span class='ocrx_word' id='word_1_77' title='bbox 1223 1180 1553 1248; x_wconf 47' lang='grc' dir='ltr'><strong>τδνῇΗλίαν,</strong></span> <span class='ocrx_word' id='word_1_78' title='bbox 1569 1180 1630 1232; x_wconf 85' lang='grc' dir='ltr'><strong>τὸ</strong></span> 
     </span>
    </p>
   </div>
   <div class='ocr_carea' id='block_1_13' title="bbox 79 1270 1628 1346">
    <p class='ocr_par' dir='ltr' id='par_1_13' title="bbox 79 1270 1628 1346">
     <span class='ocr_line' id='line_1_13' title="bbox 79 1270 1628 1346; baseline -0.004 -18"><span class='ocrx_word' id='word_1_79' title='bbox 79 1279 161 1346; x_wconf 73' lang='grc' dir='ltr'><strong>τῆς</strong></span> <span class='ocrx_word' id='word_1_80' title='bbox 184 1275 478 1336; x_wconf 70' lang='grc' dir='ltr'><strong>ἀθανασίας</strong></span> <span class='ocrx_word' id='word_1_81' title='bbox 509 1271 991 1344; x_wconf 66' lang='grc' dir='ltr'><strong>σκιαγσραφοῦντας</strong></span> <span class='ocrx_word' id='word_1_82' title='bbox 1016 1273 1312 1344; x_wconf 86' lang='grc' dir='ltr'><strong>μυστήριον</strong></span> <span class='ocrx_word' id='word_1_83' title='bbox 1343 1287 1359 1303; x_wconf 81' lang='grc'><em>’</em></span> <span class='ocrx_word' id='word_1_84' title='bbox 1407 1270 1628 1341; x_wconf 84' lang='grc' dir='ltr'><strong>κατέχει</strong></span> 
     </span>
    </p>
   </div>
   <div class='ocr_carea' id='block_1_14' title="bbox 81 1361 1624 1436">
    <p class='ocr_par' dir='ltr' id='par_1_14' title="bbox 81 1361 1624 1436">
     <span class='ocr_line' id='line_1_14' title="bbox 81 1361 1624 1436; baseline -0.003 -18"><span class='ocrx_word' id='word_1_85' title='bbox 81 1371 168 1436; x_wconf 72' lang='grc' dir='ltr'><strong>γὰρ</strong></span> <span class='ocrx_word' id='word_1_86' title='bbox 203 1366 423 1428; x_wconf 81' lang='grc' dir='ltr'><strong>τούτους</strong></span> <span class='ocrx_word' id='word_1_87' title='bbox 453 1365 481 1417; x_wconf 87' lang='grc' dir='ltr'><strong>ό</strong></span> <span class='ocrx_word' id='word_1_88' title='bbox 512 1363 762 1434; x_wconf 82' lang='grc' dir='ltr'><strong>Πλάστης</strong></span> <span class='ocrx_word' id='word_1_89' title='bbox 788 1365 846 1416; x_wconf 84' lang='grc' dir='ltr'><strong>ὲν</strong></span> <span class='ocrx_word' id='word_1_90' title='bbox 876 1363 1112 1435; x_wconf 85' lang='grc' dir='ltr'><strong>σώματι,</strong></span> <span class='ocrx_word' id='word_1_91' title='bbox 1141 1361 1488 1434; x_wconf 76' lang='grc' dir='ltr'><strong>ψυχαγωγῶν</strong></span> <span class='ocrx_word' id='word_1_92' title='bbox 1525 1361 1624 1432; x_wconf 85' lang='grc' dir='ltr'><strong>τὴν</strong></span> 
     </span>
    </p>
   </div>
   <div class='ocr_carea' id='block_1_15' title="bbox 93 1455 1624 1528">
    <p class='ocr_par' dir='ltr' id='par_1_15' title="bbox 93 1455 1624 1528">
     <span class='ocr_line' id='line_1_15' title="bbox 93 1455 1624 1528; baseline -0.001 -18"><span class='ocrx_word' id='word_1_93' title='bbox 93 1461 330 1528; x_wconf 75' lang='grc' dir='ltr'><strong>ἐξόριστον</strong></span> <span class='ocrx_word' id='word_1_94' title='bbox 360 1456 552 1525; x_wconf 84' lang='grc' dir='ltr'><strong>φύσιν,</strong></span> <span class='ocrx_word' id='word_1_95' title='bbox 576 1455 651 1520; x_wconf 79' lang='grc' dir='ltr'><strong>ὡς</strong></span> <span class='ocrx_word' id='word_1_96' title='bbox 683 1455 777 1510; x_wconf 74' lang='grc' dir='ltr'><strong>καὶ</strong></span> <span class='ocrx_word' id='word_1_97' title='bbox 827 1456 968 1526; x_wconf 87' lang='grc' dir='ltr'><strong>μετά</strong></span> <span class='ocrx_word' id='word_1_98' title='bbox 1005 1455 1104 1526; x_wconf 83' lang='grc' dir='ltr'><strong>τὴν</strong></span> <span class='ocrx_word' id='word_1_99' title='bbox 1133 1456 1422 1528; x_wconf 84' lang='grc' dir='ltr'><strong>ὑπερόριον</strong></span> <span class='ocrx_word' id='word_1_100' title='bbox 1445 1456 1624 1526; x_wconf 82' lang='grc' dir='ltr'><strong>φυγὴν</strong></span> 
     </span>
    </p>
   </div>
   <div class='ocr_carea' id='block_1_16' title="bbox 90 1547 1629 1621">
    <p class='ocr_par' dir='ltr' id='par_1_16' title="bbox 90 1547 1629 1621">
     <span class='ocr_line' id='line_1_16' title="bbox 90 1547 1629 1621; baseline -0.003 -17"><span class='ocrx_word' id='word_1_101' title='bbox 90 1553 219 1604; x_wconf 70' lang='grc' dir='ltr'><strong>πάλιν</strong></span> <span class='ocrx_word' id='word_1_102' title='bbox 263 1551 340 1612; x_wconf 82' lang='grc' dir='ltr'><strong>είς</strong></span> <span class='ocrx_word' id='word_1_103' title='bbox 372 1550 476 1621; x_wconf 75' lang='grc' dir='ltr'><strong>τὴν</strong></span> <span class='ocrx_word' id='word_1_104' title='bbox 510 1547 778 1602; x_wconf 86' lang='grc' dir='ltr'><strong>ἀθάνατον</strong></span> <span class='ocrx_word' id='word_1_105' title='bbox 833 1547 1175 1618; x_wconf 83' lang='grc' dir='ltr'><strong>ὲπαναγάγοι</strong></span> <span class='ocrx_word' id='word_1_106' title='bbox 1230 1547 1526 1602; x_wconf 85' lang='grc' dir='ltr'><strong>πολιτείαν.</strong></span> <span class='ocrx_word' id='word_1_107' title='bbox 1563 1547 1629 1600; x_wconf 87' lang='grc' dir='ltr'><strong>Ἦ</strong></span> 
     </span>
    </p>
   </div>
   <div class='ocr_carea' id='block_1_17' title="bbox 90 1638 1632 1712">
    <p class='ocr_par' dir='ltr' id='par_1_17' title="bbox 90 1638 1632 1712">
     <span class='ocr_line' id='line_1_17' title="bbox 90 1638 1632 1712; baseline -0.003 -15"><span class='ocrx_word' id='word_1_108' title='bbox 90 1645 157 1697; x_wconf 76' lang='grc' dir='ltr'><strong>διὰ</strong></span> <span class='ocrx_word' id='word_1_109' title='bbox 172 1641 493 1703; x_wconf 82' lang='grc' dir='ltr'><strong>πταίσαντος</strong></span> <span class='ocrx_word' id='word_1_110' title='bbox 527 1641 740 1712; x_wconf 83' lang='grc' dir='ltr'><strong>Πατρδς</strong></span> <span class='ocrx_word' id='word_1_111' title='bbox 777 1638 1176 1694; x_wconf 79' lang='grc' dir='ltr'><strong>ἐπεισελθοῦσα</strong></span> <span class='ocrx_word' id='word_1_112' title='bbox 1208 1638 1469 1709; x_wconf 88' lang='grc' dir='ltr'><strong>θνητότης</strong></span> <span class='ocrx_word' id='word_1_113' title='bbox 1498 1639 1632 1693; x_wconf 88' lang='grc' dir='ltr'><strong>ἀνα-</strong></span> 
     </span>
    </p>
   </div>
   <div class='ocr_carea' id='block_1_18' title="bbox 95 1731 1630 1806">
    <p class='ocr_par' dir='ltr' id='par_1_18' title="bbox 95 1731 1630 1806">
     <span class='ocr_line' id='line_1_18' title="bbox 95 1731 1630 1806; baseline -0.002 -17"><span class='ocrx_word' id='word_1_114' title='bbox 95 1736 330 1806; x_wconf 76' lang='grc' dir='ltr'><strong>μαρτήτου</strong></span> <span class='ocrx_word' id='word_1_115' title='bbox 353 1733 550 1797; x_wconf 81' lang='grc' dir='ltr'><strong>παιδὸς</strong></span> <span class='ocrx_word' id='word_1_116' title='bbox 568 1734 647 1798; x_wconf 86' lang='grc' dir='ltr'><strong>είς</strong></span> <span class='ocrx_word' id='word_1_117' title='bbox 669 1732 912 1786; x_wconf 88' lang='grc' dir='ltr'><strong>διάλυσιν</strong></span> <span class='ocrx_word' id='word_1_118' title='bbox 948 1732 1116 1786; x_wconf 78' lang='grc' dir='ltr'><strong>ἐδεῖτο</strong></span> <span class='ocrx_word' id='word_1_119' title='bbox 1135 1733 1233 1801; x_wconf 86' lang='grc' dir='ltr'><strong>τῆς</strong></span> <span class='ocrx_word' id='word_1_120' title='bbox 1259 1731 1546 1804; x_wconf 83' lang='grc' dir='ltr'><strong>τιμωρίας,</strong></span> <span class='ocrx_word' id='word_1_121' title='bbox 1569 1731 1630 1786; x_wconf 79' lang='grc' dir='ltr'><strong>ὃν</strong></span> 
     </span>
    </p>
   </div>
   <div class='ocr_carea' id='block_1_19' title="bbox 92 1821 1630 1895">
    <p class='ocr_par' dir='ltr' id='par_1_19' title="bbox 92 1821 1630 1895">
     <span class='ocr_line' id='line_1_19' title="bbox 92 1821 1630 1895; baseline -0.003 -15"><span class='ocrx_word' id='word_1_122' title='bbox 92 1826 336 1895; x_wconf 75' lang='grc' dir='ltr'><strong>ἀναμένειν</strong></span> <span class='ocrx_word' id='word_1_123' title='bbox 367 1825 406 1895; x_wconf 81' lang='grc' dir='ltr'><strong>ὴ</strong></span> <span class='ocrx_word' id='word_1_124' title='bbox 431 1822 593 1893; x_wconf 86' lang='grc' dir='ltr'><strong>φύσις</strong></span> <span class='ocrx_word' id='word_1_125' title='bbox 618 1822 705 1876; x_wconf 86' lang='grc' dir='ltr'><strong>διά</strong></span> <span class='ocrx_word' id='word_1_126' title='bbox 729 1840 788 1876; x_wconf 88' lang='grc' dir='ltr'><strong>τε</strong></span> <span class='ocrx_word' id='word_1_127' title='bbox 830 1821 1004 1894; x_wconf 86' lang='grc' dir='ltr'><strong>Ἑνὼχ</strong></span> <span class='ocrx_word' id='word_1_128' title='bbox 1033 1822 1130 1876; x_wconf 75' lang='grc' dir='ltr'><strong>καὶ</strong></span> <span class='ocrx_word' id='word_1_129' title='bbox 1171 1821 1351 1878; x_wconf 83' lang='grc' dir='ltr'><strong>Ἠλίου</strong></span> <span class='ocrx_word' id='word_1_130' title='bbox 1377 1823 1630 1876; x_wconf 81' lang='grc' dir='ltr'><strong>διδασκο-</strong></span> 
     </span>
    </p>
   </div>
   <div class='ocr_carea' id='block_1_20' title="bbox 1734 617 3310 690">
    <p class='ocr_par' dir='ltr' id='par_1_20' title="bbox 1734 617 3310 690">
     <span class='ocr_line' id='line_1_20' title="bbox 1734 617 3310 690; baseline -0.001 -16"><span class='ocrx_word' id='word_1_131' title='bbox 1734 617 1816 674; x_wconf 81' lang='lat' dir='ltr'><strong>Ne</strong></span> <span class='ocrx_word' id='word_1_132' title='bbox 1841 619 1940 674; x_wconf 88' lang='lat' dir='ltr'><strong>tibi</strong></span> <span class='ocrx_word' id='word_1_133' title='bbox 1975 633 2179 674; x_wconf 85' lang='lat' dir='ltr'><strong>novum</strong></span> <span class='ocrx_word' id='word_1_134' title='bbox 2225 618 2496 684; x_wconf 87' lang='lat' dir='ltr'><strong>videatur,</strong></span> <span class='ocrx_word' id='word_1_135' title='bbox 2543 618 2688 690; x_wconf 88' lang='lat' dir='ltr'><strong>parit</strong></span> <span class='ocrx_word' id='word_1_136' title='bbox 2720 633 2844 689; x_wconf 81' lang='lat' dir='ltr'><strong>quae</strong></span> <span class='ocrx_word' id='word_1_137' title='bbox 2893 629 3054 672; x_wconf 85' lang='lat' dir='ltr'><strong>antea</strong></span> <span class='ocrx_word' id='word_1_138' title='bbox 3106 617 3310 673; x_wconf 90' lang='lat' dir='ltr'><strong>sterilis</strong></span> 
     </span>
    </p>
   </div>
   <div class='ocr_carea' id='block_1_21' title="bbox 1734 709 3312 781">
    <p class='ocr_par' dir='ltr' id='par_1_21' title="bbox 1734 709 3312 781">
     <span class='ocr_line' id='line_1_21' title="bbox 1734 709 3312 781; baseline -0.001 -15"><span class='ocrx_word' id='word_1_139' title='bbox 1734 711 1864 779; x_wconf 84' lang='lat' dir='ltr'><strong>fuit,</strong></span> <span class='ocrx_word' id='word_1_140' title='bbox 1911 711 2208 781; x_wconf 90' lang='lat' dir='ltr'><strong>pariendus</strong></span> <span class='ocrx_word' id='word_1_141' title='bbox 2245 719 2364 766; x_wconf 89' lang='lat' dir='ltr'><strong>erat</strong></span> <span class='ocrx_word' id='word_1_142' title='bbox 2413 711 2658 766; x_wconf 88' lang='lat' dir='ltr'><strong>Adamus</strong></span> <span class='ocrx_word' id='word_1_143' title='bbox 2693 719 2871 765; x_wconf 91' lang='lat' dir='ltr'><strong>morte</strong></span> <span class='ocrx_word' id='word_1_144' title='bbox 2917 709 3188 778; x_wconf 85' lang='lat' dir='ltr'><strong>superior,</strong></span> <span class='ocrx_word' id='word_1_145' title='bbox 3241 723 3312 764; x_wconf 86' lang='lat' dir='ltr'><strong>ne</strong></span> 
     </span>
    </p>
   </div>
   <div class='ocr_carea' id='block_1_22' title="bbox 1733 801 3308 875">
    <p class='ocr_par' dir='ltr' id='par_1_22' title="bbox 1733 801 3308 875">
     <span class='ocr_line' id='line_1_22' title="bbox 1733 801 3308 875; baseline -0.001 -17"><span class='ocrx_word' id='word_1_146' title='bbox 1733 803 2033 875; x_wconf 81' lang='lat' dir='ltr'><strong>quaerendo</strong></span> <span class='ocrx_word' id='word_1_147' title='bbox 2062 813 2120 858; x_wconf 90' lang='lat' dir='ltr'><strong>ut</strong></span> <span class='ocrx_word' id='word_1_148' title='bbox 2153 803 2344 858; x_wconf 89' lang='lat' dir='ltr'><strong>credas</strong></span> <span class='ocrx_word' id='word_1_149' title='bbox 2375 802 2715 873; x_wconf 82' lang='lat' dir='ltr'><strong>defatigeris.</strong></span> <span class='ocrx_word' id='word_1_150' title='bbox 2749 802 2968 857; x_wconf 84' lang='lat' dir='ltr'><strong>Primus</strong></span> <span class='ocrx_word' id='word_1_151' title='bbox 2999 801 3174 855; x_wconf 87' lang='lat' dir='ltr'><strong>Adam</strong></span> <span class='ocrx_word' id='word_1_152' title='bbox 3209 816 3308 856; x_wconf 91' lang='lat' dir='ltr'><strong>ac-</strong></span> 
     </span>
    </p>
   </div>
   <div class='ocr_carea' id='block_1_23' title="bbox 1732 895 3309 967">
    <p class='ocr_par' dir='ltr' id='par_1_23' title="bbox 1732 895 3309 967">
     <span class='ocr_line' id='line_1_23' title="bbox 1732 895 3309 967; baseline -0.001 -14"><span class='ocrx_word' id='word_1_153' title='bbox 1732 897 1866 967; x_wconf 91' lang='lat' dir='ltr'><strong>cipit</strong></span> <span class='ocrx_word' id='word_1_154' title='bbox 1892 895 2217 951; x_wconf 89' lang='lat' dir='ltr'><strong>sententiam</strong></span> <span class='ocrx_word' id='word_1_155' title='bbox 2248 895 2316 950; x_wconf 92' lang='lat' dir='ltr'><strong>de</strong></span> <span class='ocrx_word' id='word_1_156' title='bbox 2346 895 2758 951; x_wconf 71' lang='lat' dir='ltr'><strong>immortalitate</strong></span> <span class='ocrx_word' id='word_1_157' title='bbox 2784 904 2873 951; x_wconf 88' lang='lat' dir='ltr'><strong>:et</strong></span> <span class='ocrx_word' id='word_1_158' title='bbox 2899 896 3090 952; x_wconf 89' lang='lat' dir='ltr'><strong>Enoch</strong></span> <span class='ocrx_word' id='word_1_159' title='bbox 3119 895 3309 960; x_wconf 89' lang='lat' dir='ltr'><strong>habes,</strong></span> 
     </span>
    </p>
   </div>
   <div class='ocr_carea' id='block_1_24' title="bbox 1733 987 3308 1060">
    <p class='ocr_par' dir='ltr' id='par_1_24' title="bbox 1733 987 3308 1060">
     <span class='ocr_line' id='line_1_24' title="bbox 1733 987 3308 1060; baseline -0.002 -15"><span class='ocrx_word' id='word_1_160' title='bbox 1733 999 1788 1045; x_wconf 90' lang='lat' dir='ltr'><strong>et</strong></span> <span class='ocrx_word' id='word_1_161' title='bbox 1815 989 2011 1053; x_wconf 83' lang='lat' dir='ltr'><strong>Eliam,</strong></span> <span class='ocrx_word' id='word_1_162' title='bbox 2041 989 2135 1058; x_wconf 89' lang='lat' dir='ltr'><strong>qui</strong></span> <span class='ocrx_word' id='word_1_163' title='bbox 2163 988 2590 1043; x_wconf 81' lang='lat' dir='ltr'><strong>immortalitatis</strong></span> <span class='ocrx_word' id='word_1_164' title='bbox 2612 989 2931 1060; x_wconf 80' lang='lat' dir='ltr'><strong>mysterium</strong></span> <span class='ocrx_word' id='word_1_165' title='bbox 2958 987 3308 1042; x_wconf 88' lang='lat' dir='ltr'><strong>adumbrant.</strong></span> 
     </span>
    </p>
   </div>
   <div class='ocr_carea' id='block_1_25' title="bbox 1733 1080 3309 1150">
    <p class='ocr_par' dir='ltr' id='par_1_25' title="bbox 1733 1080 3309 1150">
     <span class='ocr_line' id='line_1_25' title="bbox 1733 1080 3309 1150; baseline -0.003 -13"><span class='ocrx_word' id='word_1_166' title='bbox 1733 1081 1962 1138; x_wconf 89' lang='lat' dir='ltr'><strong>Creator</strong></span> <span class='ocrx_word' id='word_1_167' title='bbox 1989 1081 2133 1135; x_wconf 89' lang='lat' dir='ltr'><strong>enim</strong></span> <span class='ocrx_word' id='word_1_168' title='bbox 2169 1080 2271 1136; x_wconf 86' lang='lat' dir='ltr'><strong>hos</strong></span> <span class='ocrx_word' id='word_1_169' title='bbox 2294 1080 2473 1135; x_wconf 87' lang='lat' dir='ltr'><strong>adhuc</strong></span> <span class='ocrx_word' id='word_1_170' title='bbox 2511 1088 2661 1134; x_wconf 90' lang='lat' dir='ltr'><strong>tenet</strong></span> <span class='ocrx_word' id='word_1_171' title='bbox 2690 1081 2744 1134; x_wconf 91' lang='lat' dir='ltr'><strong>in</strong></span> <span class='ocrx_word' id='word_1_172' title='bbox 2774 1095 3028 1150; x_wconf 88' lang='lat' dir='ltr'><strong>corpore,</strong></span> <span class='ocrx_word' id='word_1_173' title='bbox 3056 1090 3309 1135; x_wconf 84' lang='lat' dir='ltr'><strong>naturam</strong></span> 
     </span>
    </p>
   </div>
   <div class='ocr_carea' id='block_1_26' title="bbox 1734 1172 3309 1243">
    <p class='ocr_par' dir='ltr' id='par_1_26' title="bbox 1734 1172 3309 1243">
     <span class='ocr_line' id='line_1_26' title="bbox 1734 1172 3309 1243; baseline -0.003 -14"><span class='ocrx_word' id='word_1_174' title='bbox 1734 1175 2077 1230; x_wconf 77' lang='lat' dir='ltr'><strong>exsulantem</strong></span> <span class='ocrx_word' id='word_1_175' title='bbox 2130 1173 2446 1239; x_wconf 86' lang='lat' dir='ltr'><strong>consolans,</strong></span> <span class='ocrx_word' id='word_1_176' title='bbox 2510 1173 2604 1242; x_wconf 89' lang='lat' dir='ltr'><strong>qui</strong></span> <span class='ocrx_word' id='word_1_177' title='bbox 2658 1173 2822 1228; x_wconf 90' lang='lat' dir='ltr'><strong>etiam</strong></span> <span class='ocrx_word' id='word_1_178' title='bbox 2883 1181 3009 1243; x_wconf 86' lang='lat' dir='ltr'><strong>post</strong></span> <span class='ocrx_word' id='word_1_179' title='bbox 3054 1172 3309 1227; x_wconf 85' lang='lat' dir='ltr'><strong>exsilium</strong></span> 
     </span>
    </p>
   </div>
   <div class='ocr_carea' id='block_1_27' title="bbox 1738 1254 3309 1330">
    <p class='ocr_par' dir='ltr' id='par_1_27' title="bbox 1738 1254 3309 1330">
     <span class='ocr_line' id='line_1_27' title="bbox 1738 1254 3309 1330; baseline -0.004 -11"><span class='ocrx_word' id='word_1_180' title='bbox 1738 1254 1932 1319; x_wconf 83' lang='lat' dir='ltr'><strong>iterum</strong></span> <span class='ocrx_word' id='word_1_181' title='bbox 1964 1264 2364 1319; x_wconf 75' lang='lat' dir='ltr'><strong>immortalitati</strong></span> <span class='ocrx_word' id='word_1_182' title='bbox 2413 1264 2485 1318; x_wconf 88' lang='lat' dir='ltr'><strong>sit</strong></span> <span class='ocrx_word' id='word_1_183' title='bbox 2536 1262 2684 1317; x_wconf 89' lang='lat' dir='ltr'><strong>illam</strong></span> <span class='ocrx_word' id='word_1_184' title='bbox 2732 1261 3111 1317; x_wconf 88' lang='lat' dir='ltr'><strong>restituturus.</strong></span> <span class='ocrx_word' id='word_1_185' title='bbox 3144 1258 3309 1330; x_wconf 89' lang='lat' dir='ltr'><strong>Lapsi</strong></span> 
     </span>
    </p>
   </div>
   <div class='ocr_carea' id='block_1_28' title="bbox 1737 1349 3318 1428">
    <p class='ocr_par' dir='ltr' id='par_1_28' title="bbox 1737 1349 3318 1428">
     <span class='ocr_line' id='line_1_28' title="bbox 1737 1349 3318 1428; baseline -0.004 -18"><span class='ocrx_word' id='word_1_186' title='bbox 1737 1356 1982 1428; x_wconf 84' lang='lat' dir='ltr'><strong>parentis</strong></span> <span class='ocrx_word' id='word_1_187' title='bbox 2016 1371 2138 1426; x_wconf 68' lang='lat' dir='ltr'><strong>quae</strong></span> <span class='ocrx_word' id='word_1_188' title='bbox 2163 1355 2386 1426; x_wconf 90' lang='lat' dir='ltr'><strong>irrepsit</strong></span> <span class='ocrx_word' id='word_1_189' title='bbox 2410 1355 2734 1420; x_wconf 84' lang='lat' dir='ltr'><strong>mortalitas,</strong></span> <span class='ocrx_word' id='word_1_190' title='bbox 2768 1367 2880 1406; x_wconf 90' lang='lat' dir='ltr'><strong>non</strong></span> <span class='ocrx_word' id='word_1_191' title='bbox 2910 1350 3190 1421; x_wconf 86' lang='lat' dir='ltr'><strong>peccantis</strong></span> <span class='ocrx_word' id='word_1_192' title='bbox 3219 1349 3318 1404; x_wconf 87' lang='lat' dir='ltr'><strong>lilii</strong></span> 
     </span>
    </p>
   </div>
   <div class='ocr_carea' id='block_1_29' title="bbox 1741 1445 3316 1518">
    <p class='ocr_par' dir='ltr' id='par_1_29' title="bbox 1741 1445 3316 1518">
     <span class='ocr_line' id='line_1_29' title="bbox 1741 1445 3316 1518; baseline -0.006 -15"><span class='ocrx_word' id='word_1_193' title='bbox 1741 1449 1798 1503; x_wconf 93' lang='lat' dir='ltr'><strong>in</strong></span> <span class='ocrx_word' id='word_1_194' title='bbox 1831 1449 2162 1504; x_wconf 85' lang='lat' dir='ltr'><strong>solutionem</strong></span> <span class='ocrx_word' id='word_1_195' title='bbox 2193 1448 2398 1518; x_wconf 86' lang='lat' dir='ltr'><strong>indiget</strong></span> <span class='ocrx_word' id='word_1_196' title='bbox 2448 1445 2647 1518; x_wconf 78' lang='lat' dir='ltr'><strong>516a</strong></span> <span class='ocrx_word' id='word_1_197' title='bbox 2689 1445 2978 1515; x_wconf 88' lang='lat' dir='ltr'><strong>supplicio,</strong></span> <span class='ocrx_word' id='word_1_198' title='bbox 3015 1457 3178 1513; x_wconf 88' lang='lat' dir='ltr'><strong>quem</strong></span> <span class='ocrx_word' id='word_1_199' title='bbox 3220 1457 3316 1494; x_wconf 83' lang='lat' dir='ltr'><strong>ex-</strong></span> 
     </span>
    </p>
   </div>
   <div class='ocr_carea' id='block_1_30' title="bbox 1740 1532 3315 1612">
    <p class='ocr_par' dir='ltr' id='par_1_30' title="bbox 1740 1532 3315 1612">
     <span class='ocr_line' id='line_1_30' title="bbox 1740 1532 3315 1612; baseline -0.008 -14"><span class='ocrx_word' id='word_1_200' title='bbox 1740 1553 1987 1611; x_wconf 88' lang='lat' dir='ltr'><strong>spectare</strong></span> <span class='ocrx_word' id='word_1_201' title='bbox 2003 1553 2193 1596; x_wconf 88' lang='lat' dir='ltr'><strong>natura</strong></span> <span class='ocrx_word' id='word_1_202' title='bbox 2213 1556 2309 1612; x_wconf 92' lang='lat' dir='ltr'><strong>per</strong></span> <span class='ocrx_word' id='word_1_203' title='bbox 2329 1541 2541 1604; x_wconf 88' lang='lat' dir='ltr'><strong>Enoch,</strong></span> <span class='ocrx_word' id='word_1_204' title='bbox 2558 1549 2610 1592; x_wconf 87' lang='lat' dir='ltr'><strong>et</strong></span> <span class='ocrx_word' id='word_1_205' title='bbox 2630 1537 2804 1592; x_wconf 84' lang='lat' dir='ltr'><strong>Ellam</strong></span> <span class='ocrx_word' id='word_1_206' title='bbox 2820 1546 2980 1592; x_wconf 86' lang='lat' dir='ltr'><strong>antea</strong></span> <span class='ocrx_word' id='word_1_207' title='bbox 3007 1532 3315 1590; x_wconf 87' lang='lat' dir='ltr'><strong>consuevit.</strong></span> 
     </span>
    </p>
   </div>
   <div class='ocr_carea' id='block_1_31' title="bbox 1745 1626 3318 1695">
    <p class='ocr_par' dir='ltr' id='par_1_31' title="bbox 1745 1626 3318 1695">
     <span class='ocr_line' id='line_1_31' title="bbox 1745 1626 3318 1695; baseline -0.007 -5"><span class='ocrx_word' id='word_1_208' title='bbox 1745 1635 1823 1690; x_wconf 92' lang='lat' dir='ltr'><strong>Te</strong></span> <span class='ocrx_word' id='word_1_209' title='bbox 1855 1636 2069 1690; x_wconf 86' lang='lat' dir='ltr'><strong>volente</strong></span> <span class='ocrx_word' id='word_1_210' title='bbox 2121 1650 2228 1690; x_wconf 90' lang='lat' dir='ltr'><strong>non</strong></span> <span class='ocrx_word' id='word_1_211' title='bbox 2280 1633 2517 1688; x_wconf 90' lang='lat' dir='ltr'><strong>moritur</strong></span> <span class='ocrx_word' id='word_1_212' title='bbox 2562 1630 2830 1695; x_wconf 84' lang='lat' dir='ltr'><strong>mortalis,</strong></span> <span class='ocrx_word' id='word_1_213' title='bbox 2889 1637 2951 1683; x_wconf 92' lang='lat' dir='ltr'><strong>ut</strong></span> <span class='ocrx_word' id='word_1_214' title='bbox 3002 1626 3212 1690; x_wconf 84' lang='lat' dir='ltr'><strong>Enoch,</strong></span> <span class='ocrx_word' id='word_1_215' title='bbox 3263 1632 3318 1679; x_wconf 86' lang='lat' dir='ltr'><strong>et</strong></span> 
     </span>
    </p>
   </div>
   <div class='ocr_carea' id='block_1_32' title="bbox 1742 1720 3316 1797">
    <p class='ocr_par' dir='ltr' id='par_1_32' title="bbox 1742 1720 3316 1797">
     <span class='ocr_line' id='line_1_32' title="bbox 1742 1720 3316 1797; baseline -0.008 -13"><span class='ocrx_word' id='word_1_216' title='bbox 1742 1729 1888 1784; x_wconf 84' lang='lat' dir='ltr'><strong>Elias</strong></span> <span class='ocrx_word' id='word_1_217' title='bbox 1917 1743 2004 1783; x_wconf 90' lang='lat' dir='ltr'><strong>me</strong></span> <span class='ocrx_word' id='word_1_218' title='bbox 2029 1727 2248 1790; x_wconf 86' lang='lat' dir='ltr'><strong>docent,</strong></span> <span class='ocrx_word' id='word_1_219' title='bbox 2291 1733 2345 1779; x_wconf 90' lang='lat' dir='ltr'><strong>et</strong></span> <span class='ocrx_word' id='word_1_220' title='bbox 2391 1741 2487 1797; x_wconf 89' lang='lat' dir='ltr'><strong>per</strong></span> <span class='ocrx_word' id='word_1_221' title='bbox 2521 1725 2644 1780; x_wconf 82' lang='lat' dir='ltr'><strong>illos</strong></span> <span class='ocrx_word' id='word_1_222' title='bbox 2683 1720 3146 1778; x_wconf 88' lang='lat' dir='ltr'><strong>resurrectionem</strong></span> <span class='ocrx_word' id='word_1_223' title='bbox 3189 1731 3316 1786; x_wconf 86' lang='lat' dir='ltr'><strong>spe-</strong></span> 
     </span>
    </p>
   </div>
   <div class='ocr_carea' id='block_1_33' title="bbox 1740 1812 3316 1890">
    <p class='ocr_par' dir='ltr' id='par_1_33' title="bbox 1740 1812 3316 1890">
     <span class='ocr_line' id='line_1_33' title="bbox 1740 1812 3316 1890; baseline -0.008 -16"><span class='ocrx_word' id='word_1_224' title='bbox 1740 1835 1952 1884; x_wconf 87' lang='lat' dir='ltr'><strong>ramus,</strong></span> <span class='ocrx_word' id='word_1_225' title='bbox 1991 1823 2116 1890; x_wconf 90' lang='lat' dir='ltr'><strong>quia</strong></span> <span class='ocrx_word' id='word_1_226' title='bbox 2151 1819 2395 1874; x_wconf 88' lang='lat' dir='ltr'><strong>nondum</strong></span> <span class='ocrx_word' id='word_1_227' title='bbox 2448 1817 2649 1872; x_wconf 86' lang='lat' dir='ltr'><strong>mortui</strong></span> <span class='ocrx_word' id='word_1_228' title='bbox 2699 1823 2846 1871; x_wconf 91' lang='lat' dir='ltr'><strong>sunt.</strong></span> <span class='ocrx_word' id='word_1_229' title='bbox 2900 1812 3132 1867; x_wconf 89' lang='lat' dir='ltr'><strong>Mortuis</strong></span> <span class='ocrx_word' id='word_1_230' title='bbox 3162 1822 3316 1874; x_wconf 88' lang='lat' dir='ltr'><strong>vero,</strong></span> 
     </span>
    </p>
   </div>
   <div class='ocr_carea' id='block_1_34' title="bbox 95 1892 1636 1986">
    <p class='ocr_par' dir='ltr' id='par_1_34' title="bbox 95 1892 1630 1986">
     <span class='ocr_line' id='line_1_34' title="bbox 95 1892 1630 1986; baseline -0.001 -16"><span class='ocrx_word' id='word_1_231' title='bbox 95 1892 200 1986; x_wconf 79' lang='grc' dir='ltr'><strong>μένη</strong></span> <span class='ocrx_word' id='word_1_232' title='bbox 240 1892 602 1986; x_wconf 78' lang='grc' dir='ltr'><strong>προειθίζετο.</strong></span> <span class='ocrx_word' id='word_1_233' title='bbox 632 1915 754 1968; x_wconf 87' lang='grc' dir='ltr'><strong>Ὅτι</strong></span> <span class='ocrx_word' id='word_1_234' title='bbox 808 1913 902 1968; x_wconf 78' lang='grc' dir='ltr'><strong>σοῦ</strong></span> <span class='ocrx_word' id='word_1_235' title='bbox 933 1892 1302 1985; x_wconf 72' lang='grc' dir='ltr'><strong>ιβουληθέντος</strong></span> <span class='ocrx_word' id='word_1_236' title='bbox 1346 1915 1446 1968; x_wconf 88' lang='grc' dir='ltr'><strong>ούκ</strong></span> <span class='ocrx_word' id='word_1_237' title='bbox 1491 1917 1630 1968; x_wconf 86' lang='grc' dir='ltr'><strong>ἀπο-</strong></span> 
     </span>
    </p>
   </div>
   <div class='ocr_carea' id='block_1_35' title="bbox 1742 1892 3321 1986">
    <p class='ocr_par' dir='ltr' id='par_1_35' title="bbox 1742 1907 3321 1982">
     <span class='ocr_line' id='line_1_35' title="bbox 1742 1907 3321 1982; baseline -0.007 -16"><span class='ocrx_word' id='word_1_238' title='bbox 1742 1927 1900 1982; x_wconf 86' lang='lat' dir='ltr'><strong>quam</strong></span> <span class='ocrx_word' id='word_1_239' title='bbox 1960 1927 2150 1982; x_wconf 65' lang='lat' dir='ltr'><strong>qumso</strong></span> <span class='ocrx_word' id='word_1_240' title='bbox 2199 1911 2480 1982; x_wconf 56' lang='lat' dir='ltr'><strong>praebeant</strong></span> <span class='ocrx_word' id='word_1_241' title='bbox 2522 1907 2988 1978; x_wconf 85' lang='lat' dir='ltr'><strong>exspectationem</strong></span> <span class='ocrx_word' id='word_1_242' title='bbox 3040 1916 3321 1957; x_wconf 81' lang='lat' dir='ltr'><strong>resurrec-</strong></span> 
     </span>
    </p>
   </div>
   <div class='ocr_carea' id='block_1_36' title="bbox 98 2005 1629 2077">
    <p class='ocr_par' dir='ltr' id='par_1_36' title="bbox 98 2005 1629 2077">
     <span class='ocr_line' id='line_1_36' title="bbox 98 2005 1629 2077; baseline 0.003 -19"><span class='ocrx_word' id='word_1_243' title='bbox 98 2008 280 2077; x_wconf 70' lang='grc' dir='ltr'><strong>θνήσκει</strong></span> <span class='ocrx_word' id='word_1_244' title='bbox 331 2006 555 2077; x_wconf 78' lang='grc' dir='ltr'><strong>θνητὸς,</strong></span> <span class='ocrx_word' id='word_1_245' title='bbox 598 2005 770 2076; x_wconf 83' lang='grc' dir='ltr'><strong>Ἑνώχ</strong></span> <span class='ocrx_word' id='word_1_246' title='bbox 802 2022 869 2077; x_wconf 90' lang='grc' dir='ltr'><strong>με</strong></span> <span class='ocrx_word' id='word_1_247' title='bbox 921 2007 1016 2060; x_wconf 75' lang='grc' dir='ltr'><strong>καὶ</strong></span> <span class='ocrx_word' id='word_1_248' title='bbox 1061 2007 1247 2071; x_wconf 84' lang='grc' dir='ltr'><strong>Ἠλίας</strong></span> <span class='ocrx_word' id='word_1_249' title='bbox 1295 2007 1629 2074; x_wconf 73' lang='grc' dir='ltr'><strong>διδάσκουσι,</strong></span> 
     </span>
    </p>
   </div>
   <div class='ocr_carea' id='block_1_37' title="bbox 97 2095 1630 2166">
    <p class='ocr_par' dir='ltr' id='par_1_37' title="bbox 97 2095 1630 2166">
     <span class='ocr_line' id='line_1_37' title="bbox 97 2095 1630 2166; baseline 0.001 -16"><span class='ocrx_word' id='word_1_250' title='bbox 97 2099 171 2150; x_wconf 72' lang='grc' dir='ltr'><strong>καὶ</strong></span> <span class='ocrx_word' id='word_1_251' title='bbox 193 2099 370 2166; x_wconf 76' lang='grc' dir='ltr'><strong>γένοιτ’</strong></span> <span class='ocrx_word' id='word_1_252' title='bbox 407 2096 476 2151; x_wconf 84' lang='grc' dir='ltr'><strong>ἂν</strong></span> <span class='ocrx_word' id='word_1_253' title='bbox 511 2097 582 2150; x_wconf 85' lang='grc' dir='ltr'><strong>δι’</strong></span> <span class='ocrx_word' id='word_1_254' title='bbox 614 2095 793 2150; x_wconf 81' lang='grc' dir='ltr'><strong>αὐτῶν</strong></span> <span class='ocrx_word' id='word_1_255' title='bbox 831 2095 1127 2157; x_wconf 80' lang='grc' dir='ltr'><strong>ἀθανασίας</strong></span> <span class='ocrx_word' id='word_1_256' title='bbox 1156 2096 1310 2160; x_wconf 72' lang='grc' dir='ltr'><strong>ἐλπὶς</strong></span> <span class='ocrx_word' id='word_1_257' title='bbox 1335 2101 1450 2162; x_wconf 89' lang='grc' dir='ltr'><strong>τοῖς</strong></span> <span class='ocrx_word' id='word_1_258' title='bbox 1477 2096 1630 2152; x_wconf 79' lang='grc' dir='ltr'><strong>οῠπω</strong></span> 
     </span>
    </p>
   </div>
   <div class='ocr_carea' id='block_1_38' title="bbox 98 2187 1634 2261">
    <p class='ocr_par' dir='ltr' id='par_1_38' title="bbox 98 2187 1634 2261">
     <span class='ocr_line' id='line_1_38' title="bbox 98 2187 1634 2261; baseline 0.003 -24"><span class='ocrx_word' id='word_1_259' title='bbox 98 2188 273 2258; x_wconf 72' lang='grc' dir='ltr'><strong>θανάτῳ</strong></span> <span class='ocrx_word' id='word_1_260' title='bbox 304 2188 780 2260; x_wconf 82' lang='grc' dir='ltr'><strong>προσομιλήσασιν</strong></span> <span class='ocrx_word' id='word_1_261' title='bbox 802 2204 818 2220; x_wconf 77' lang='grc' dir='ltr'><strong>ο</strong></span> <span class='ocrx_word' id='word_1_262' title='bbox 853 2191 1065 2258; x_wconf 83' lang='grc' dir='ltr'><strong>νεκροῖς</strong></span> <span class='ocrx_word' id='word_1_263' title='bbox 1103 2187 1161 2241; x_wconf 82' lang='grc' dir='ltr'><strong>δὲ</strong></span> <span class='ocrx_word' id='word_1_264' title='bbox 1187 2189 1308 2243; x_wconf 92' lang='grc' dir='ltr'><strong>τίνα</strong></span> <span class='ocrx_word' id='word_1_265' title='bbox 1360 2189 1427 2242; x_wconf 86' lang='grc' dir='ltr'><strong>ἂν</strong></span> <span class='ocrx_word' id='word_1_266' title='bbox 1457 2190 1634 2261; x_wconf 85' lang='grc' dir='ltr'><strong>παρά-</strong></span> 
     </span>
    </p>
   </div>
   <div class='ocr_carea' id='block_1_39' title="bbox 107 2281 1628 2354">
    <p class='ocr_par' dir='ltr' id='par_1_39' title="bbox 107 2281 1628 2354">
     <span class='ocr_line' id='line_1_39' title="bbox 107 2281 1628 2354; baseline 0.001 -21"><span class='ocrx_word' id='word_1_267' title='bbox 107 2297 249 2352; x_wconf 78' lang='grc' dir='ltr'><strong>σχοιεν</strong></span> <span class='ocrx_word' id='word_1_268' title='bbox 276 2283 318 2335; x_wconf 75' lang='grc' dir='ltr'><strong>οἱ</strong></span> <span class='ocrx_word' id='word_1_269' title='bbox 345 2283 515 2354; x_wconf 76' lang='grc' dir='ltr'><strong>μήπω</strong></span> <span class='ocrx_word' id='word_1_270' title='bbox 564 2281 818 2346; x_wconf 81' lang='grc' dir='ltr'><strong>θανόντες</strong></span> <span class='ocrx_word' id='word_1_271' title='bbox 870 2281 1201 2354; x_wconf 87' lang='grc' dir='ltr'><strong>προσδοκίαν</strong></span> <span class='ocrx_word' id='word_1_272' title='bbox 1241 2281 1628 2350; x_wconf 76' lang='grc' dir='ltr'><strong>ἀναϐιώσεως;</strong></span> 
     </span>
    </p>
   </div>
   <div class='ocr_carea' id='block_1_40' title="bbox 114 2372 1630 2448">
    <p class='ocr_par' dir='ltr' id='par_1_40' title="bbox 114 2372 1630 2448">
     <span class='ocr_line' id='line_1_40' title="bbox 114 2372 1630 2448; baseline 0.001 -24"><span class='ocrx_word' id='word_1_273' title='bbox 114 2372 204 2424; x_wconf 76' lang='grc' dir='ltr'><strong>ἀλλ’</strong></span> <span class='ocrx_word' id='word_1_274' title='bbox 229 2374 306 2425; x_wconf 71' lang='grc' dir='ltr'><strong>ἐὰν</strong></span> <span class='ocrx_word' id='word_1_275' title='bbox 328 2391 403 2436; x_wconf 87' lang='grc' dir='ltr'><strong>τις</strong></span> <span class='ocrx_word' id='word_1_276' title='bbox 436 2375 500 2426; x_wconf 80' lang='grc' dir='ltr'><strong>ὲκ</strong></span> <span class='ocrx_word' id='word_1_277' title='bbox 525 2372 736 2442; x_wconf 85' lang='grc' dir='ltr'><strong>νεκρῶν</strong></span> <span class='ocrx_word' id='word_1_278' title='bbox 759 2373 996 2438; x_wconf 82' lang='grc' dir='ltr'><strong>ἀναστὰς</strong></span> <span class='ocrx_word' id='word_1_279' title='bbox 1028 2374 1087 2427; x_wconf 83' lang='grc' dir='ltr'><strong>ὲν</strong></span> <span class='ocrx_word' id='word_1_280' title='bbox 1108 2372 1325 2445; x_wconf 79' lang='grc' dir='ltr'><strong>οὐρανῷ</strong></span> <span class='ocrx_word' id='word_1_281' title='bbox 1352 2373 1630 2448; x_wconf 80' lang='grc' dir='ltr'><strong>βασιλεύῃ,</strong></span> 
     </span>
    </p>
   </div>
   <div class='ocr_carea' id='block_1_41' title="bbox 117 2457 1634 2536">
    <p class='ocr_par' dir='ltr' id='par_1_41' title="bbox 117 2457 1634 2536">
     <span class='ocr_line' id='line_1_41' title="bbox 117 2457 1634 2536; baseline 0.003 -22"><span class='ocrx_word' id='word_1_282' title='bbox 117 2457 242 2526; x_wconf 70' lang='grc' dir='ltr'><strong>οὗτος</strong></span> <span class='ocrx_word' id='word_1_283' title='bbox 258 2463 320 2534; x_wconf 83' lang='grc' dir='ltr'><strong>τῷ</strong></span> <span class='ocrx_word' id='word_1_284' title='bbox 346 2461 455 2534; x_wconf 73' lang='grc' dir='ltr'><strong>ἐμῷ</strong></span> <span class='ocrx_word' id='word_1_285' title='bbox 481 2465 650 2518; x_wconf 73' lang='grc' dir='ltr'><strong>παντὶ</strong></span> <span class='ocrx_word' id='word_1_286' title='bbox 682 2465 831 2533; x_wconf 82' lang='grc' dir='ltr'><strong>γένει</strong></span> <span class='ocrx_word' id='word_1_287' title='bbox 859 2465 920 2517; x_wconf 83' lang='grc' dir='ltr'><strong>τὸ</strong></span> <span class='ocrx_word' id='word_1_288' title='bbox 946 2465 1046 2534; x_wconf 83' lang='grc' dir='ltr'><strong>τῆς</strong></span> <span class='ocrx_word' id='word_1_289' title='bbox 1070 2463 1370 2529; x_wconf 81' lang='grc' dir='ltr'><strong>ἀθανασίας</strong></span> <span class='ocrx_word' id='word_1_290' title='bbox 1391 2466 1634 2536; x_wconf 85' lang='grc' dir='ltr'><strong>ἀναμφί-</strong></span> 
     </span>
    </p>
   </div>
   <div class='ocr_carea' id='block_1_42' title="bbox 117 2551 1634 2627">
    <p class='ocr_par' dir='ltr' id='par_1_42' title="bbox 117 2551 1634 2627">
     <span class='ocr_line' id='line_1_42' title="bbox 117 2551 1634 2627; baseline 0.005 -25"><span class='ocrx_word' id='word_1_291' title='bbox 117 2551 238 2603; x_wconf 81' lang='grc' dir='ltr'><strong>6ολον</strong></span> <span class='ocrx_word' id='word_1_292' title='bbox 259 2551 408 2623; x_wconf 79' lang='grc' dir='ltr'><strong>δῶρον</strong></span> <span class='ocrx_word' id='word_1_293' title='bbox 431 2553 756 2626; x_wconf 88' lang='grc' dir='ltr'><strong>παρέχεται.</strong></span> <span class='ocrx_word' id='word_1_294' title='bbox 786 2554 886 2608; x_wconf 84' lang='grc' dir='ltr'><strong>Διά</strong></span> <span class='ocrx_word' id='word_1_295' title='bbox 906 2553 1067 2608; x_wconf 83' lang='grc' dir='ltr'><strong>τοῦτο</strong></span> <span class='ocrx_word' id='word_1_296' title='bbox 1100 2555 1326 2608; x_wconf 84' lang='grc' dir='ltr'><strong>πλάττει</strong></span> <span class='ocrx_word' id='word_1_297' title='bbox 1356 2558 1422 2627; x_wconf 79' lang='grc' dir='ltr'><strong>τῇ</strong></span> <span class='ocrx_word' id='word_1_298' title='bbox 1473 2555 1634 2625; x_wconf 87' lang='grc' dir='ltr'><strong>φύσει</strong></span> 
     </span>
    </p>
   </div>
   <div class='ocr_carea' id='block_1_43' title="bbox 112 2642 1636 2718">
    <p class='ocr_par' dir='ltr' id='par_1_43' title="bbox 112 2642 1636 2718">
     <span class='ocr_line' id='line_1_43' title="bbox 112 2642 1636 2718; baseline 0.002 -23"><span class='ocrx_word' id='word_1_299' title='bbox 112 2642 216 2707; x_wconf 79' lang='grc' dir='ltr'><strong>Θεὸς</strong></span> <span class='ocrx_word' id='word_1_300' title='bbox 238 2645 521 2709; x_wconf 81' lang='grc' dir='ltr'><strong>ἀθανασίας</strong></span> <span class='ocrx_word' id='word_1_301' title='bbox 551 2647 616 2699; x_wconf 77' lang='grc' dir='ltr'><strong>ἐκ</strong></span> <span class='ocrx_word' id='word_1_302' title='bbox 657 2647 759 2717; x_wconf 84' lang='grc' dir='ltr'><strong>τῆς</strong></span> <span class='ocrx_word' id='word_1_303' title='bbox 795 2645 1012 2716; x_wconf 87' lang='grc' dir='ltr'><strong>φύσεως</strong></span> <span class='ocrx_word' id='word_1_304' title='bbox 1062 2646 1380 2718; x_wconf 84' lang='grc' dir='ltr'><strong>πρόσωπον,</strong></span> <span class='ocrx_word' id='word_1_305' title='bbox 1406 2647 1500 2700; x_wconf 73' lang='grc' dir='ltr'><strong>καὶ</strong></span> <span class='ocrx_word' id='word_1_306' title='bbox 1529 2646 1636 2700; x_wconf 87' lang='grc' dir='ltr'><strong>δεί-</strong></span> 
     </span>
    </p>
   </div>
   <div class='ocr_carea' id='block_1_44' title="bbox 105 2738 1638 2811">
    <p class='ocr_par' dir='ltr' id='par_1_44' title="bbox 105 2738 1638 2811">
     <span class='ocr_line' id='line_1_44' title="bbox 105 2738 1638 2811; baseline 0.002 -21"><span class='ocrx_word' id='word_1_307' title='bbox 105 2755 253 2790; x_wconf 79' lang='grc' dir='ltr'><strong>κνυσιν</strong></span> <span class='ocrx_word' id='word_1_308' title='bbox 302 2739 448 2810; x_wconf 81' lang='grc' dir='ltr'><strong>ὑπὲρ</strong></span> <span class='ocrx_word' id='word_1_309' title='bbox 468 2738 632 2809; x_wconf 88' lang='grc' dir='ltr'><strong>φύσιν</strong></span> <span class='ocrx_word' id='word_1_310' title='bbox 669 2741 733 2792; x_wconf 82' lang='grc' dir='ltr'><strong>ἐκ</strong></span> <span class='ocrx_word' id='word_1_311' title='bbox 777 2740 875 2810; x_wconf 79' lang='grc' dir='ltr'><strong>τῆς</strong></span> <span class='ocrx_word' id='word_1_312' title='bbox 904 2738 1117 2808; x_wconf 84' lang='grc' dir='ltr'><strong>φύσεως</strong></span> <span class='ocrx_word' id='word_1_313' title='bbox 1166 2739 1480 2811; x_wconf 82' lang='grc' dir='ltr'><strong>προστάτην</strong></span> <span class='ocrx_word' id='word_1_314' title='bbox 1536 2739 1638 2807; x_wconf 80' lang='grc' dir='ltr'><strong>τῆς</strong></span> 
     </span>
    </p>
   </div>
   <div class='ocr_carea' id='block_1_45' title="bbox 100 2829 1639 2905">
    <p class='ocr_par' dir='ltr' id='par_1_45' title="bbox 100 2829 1639 2905">
     <span class='ocr_line' id='line_1_45' title="bbox 100 2829 1639 2905; baseline 0.003 -24"><span class='ocrx_word' id='word_1_315' title='bbox 100 2829 287 2898; x_wconf 65' lang='grc' dir='ltr'><strong>φῦσεως.</strong></span> <span class='ocrx_word' id='word_1_316' title='bbox 342 2833 410 2886; x_wconf 89' lang='lat'><strong>&#39;0</strong></span> <span class='ocrx_word' id='word_1_317' title='bbox 461 2832 698 2885; x_wconf 85' lang='grc' dir='ltr'><strong>θανάτου</strong></span> <span class='ocrx_word' id='word_1_318' title='bbox 760 2833 1098 2902; x_wconf 82' lang='grc' dir='ltr'><strong>γευσάμενος</strong></span> <span class='ocrx_word' id='word_1_319' title='bbox 1150 2835 1210 2886; x_wconf 83' lang='grc' dir='ltr'><strong>ὲν</strong></span> <span class='ocrx_word' id='word_1_320' title='bbox 1269 2833 1517 2905; x_wconf 83' lang='grc' dir='ltr'><strong>οὐρανοῖς</strong></span> <span class='ocrx_word' id='word_1_321' title='bbox 1573 2834 1639 2886; x_wconf 82' lang='grc' dir='ltr'><strong>ὲκ</strong></span> 
     </span>
    </p>
   </div>
   <div class='ocr_carea' id='block_1_46' title="bbox 100 2923 1640 2996">
    <p class='ocr_par' dir='ltr' id='par_1_46' title="bbox 100 2923 1640 2996">
     <span class='ocr_line' id='line_1_46' title="bbox 100 2923 1640 2996; baseline 0.001 -21"><span class='ocrx_word' id='word_1_322' title='bbox 100 2924 268 2995; x_wconf 77' lang='grc' dir='ltr'><strong>νεκρῶν</strong></span> <span class='ocrx_word' id='word_1_323' title='bbox 303 2925 705 2996; x_wconf 80' lang='grc' dir='ltr'><strong>ἑνθρονίζεται,</strong></span> <span class='ocrx_word' id='word_1_324' title='bbox 734 2925 809 2988; x_wconf 87' lang='grc' dir='ltr'><strong>ὡς</strong></span> <span class='ocrx_word' id='word_1_325' title='bbox 843 2924 909 2978; x_wconf 82' lang='grc' dir='ltr'><strong>ἂν</strong></span> <span class='ocrx_word' id='word_1_326' title='bbox 947 2923 1190 2978; x_wconf 79' lang='grc' dir='ltr'><strong>κάτωθεν</strong></span> <span class='ocrx_word' id='word_1_327' title='bbox 1221 2926 1254 2996; x_wconf 83' lang='grc' dir='ltr'><strong>ἡ</strong></span> <span class='ocrx_word' id='word_1_328' title='bbox 1288 2926 1448 2994; x_wconf 81' lang='grc' dir='ltr'><strong>φύσις</strong></span> <span class='ocrx_word' id='word_1_329' title='bbox 1501 2927 1640 2996; x_wconf 61' lang='grc' dir='ltr'><strong>πρὶς</strong></span> 
     </span>
    </p>
   </div>
   <div class='ocr_carea' id='block_1_47' title="bbox 100 3015 1640 3091">
    <p class='ocr_par' dir='ltr' id='par_1_47' title="bbox 100 3015 1640 3091">
     <span class='ocr_line' id='line_1_47' title="bbox 100 3015 1640 3091; baseline 0.001 -23"><span class='ocrx_word' id='word_1_330' title='bbox 100 3015 170 3068; x_wconf 79' lang='grc' dir='ltr'><strong>τὸν</strong></span> <span class='ocrx_word' id='word_1_331' title='bbox 203 3021 248 3070; x_wconf 84' lang='grc' dir='ltr'><strong>ἐν</strong></span> <span class='ocrx_word' id='word_1_332' title='bbox 295 3019 557 3091; x_wconf 78' lang='grc' dir='ltr'><strong>οὐρανοῖς</strong></span> <span class='ocrx_word' id='word_1_333' title='bbox 605 3019 924 3083; x_wconf 75' lang='grc' dir='ltr'><strong>ἀτενίζουσα</strong></span> <span class='ocrx_word' id='word_1_334' title='bbox 981 3015 1142 3088; x_wconf 73' lang='grc'><strong>[1540</strong></span> <span class='ocrx_word' id='word_1_335' title='bbox 1175 3016 1270 3089; x_wconf 63' lang='lat' dir='ltr'><strong>1L]</strong></span> <span class='ocrx_word' id='word_1_336' title='bbox 1315 3017 1482 3089; x_wconf 80' lang='grc' dir='ltr'><strong>μηδὲν</strong></span> <span class='ocrx_word' id='word_1_337' title='bbox 1526 3019 1640 3070; x_wconf 81' lang='grc' dir='ltr'><strong>ὲπι-</strong></span> 
     </span>
    </p>
   </div>
   <div class='ocr_carea' id='block_1_48' title="bbox 96 3109 1641 3183">
    <p class='ocr_par' dir='ltr' id='par_1_48' title="bbox 96 3109 1641 3183">
     <span class='ocr_line' id='line_1_48' title="bbox 96 3109 1641 3183; baseline -0.001 -19"><span class='ocrx_word' id='word_1_338' title='bbox 96 3112 279 3183; x_wconf 64' lang='grc' dir='ltr'><strong>δικάζῃ</strong></span> <span class='ocrx_word' id='word_1_339' title='bbox 320 3112 368 3144; x_wconf 62' lang='grc'>⁸⁸</span> <span class='ocrx_word' id='word_1_340' title='bbox 412 3113 481 3182; x_wconf 83' lang='grc' dir='ltr'><strong>τῇ</strong></span> <span class='ocrx_word' id='word_1_341' title='bbox 511 3109 798 3182; x_wconf 79' lang='grc' dir='ltr'><strong>ἀθανασίᾳ,</strong></span> <span class='ocrx_word' id='word_1_342' title='bbox 833 3109 926 3163; x_wconf 82' lang='grc' dir='ltr'><strong>τὸν</strong></span> <span class='ocrx_word' id='word_1_343' title='bbox 958 3109 1017 3174; x_wconf 76' lang='grc' dir='ltr'><strong>ἐξ</strong></span> <span class='ocrx_word' id='word_1_344' title='bbox 1048 3109 1216 3178; x_wconf 83' lang='grc' dir='ltr'><strong>αὐτῆς</strong></span> <span class='ocrx_word' id='word_1_345' title='bbox 1248 3109 1434 3172; x_wconf 86' lang='grc' dir='ltr'><strong>ἀϊδίως</strong></span> <span class='ocrx_word' id='word_1_346' title='bbox 1465 3111 1526 3163; x_wconf 84' lang='grc' dir='ltr'><strong>ἐν</strong></span> <span class='ocrx_word' id='word_1_347' title='bbox 1551 3109 1641 3163; x_wconf 86' lang='grc' dir='ltr'><strong>ού-</strong></span> 
     </span>
    </p>
   </div>
   <div class='ocr_carea' id='block_1_49' title="bbox 1733 1995 3321 2076">
    <p class='ocr_par' dir='ltr' id='par_1_49' title="bbox 1733 1995 3321 2076">
     <span class='ocr_line' id='line_1_49' title="bbox 1733 1995 3321 2076; baseline -0.009 -15"><span class='ocrx_word' id='word_1_348' title='bbox 1733 2006 1907 2062; x_wconf 86' lang='lat' dir='ltr'><strong>tionis</strong></span> <span class='ocrx_word' id='word_1_349' title='bbox 1938 2005 2100 2076; x_wconf 86' lang='lat' dir='ltr'><strong>ii-qui</strong></span> <span class='ocrx_word' id='word_1_350' title='bbox 2147 2007 2388 2060; x_wconf 80' lang='lat' dir='ltr'><strong>nomium</strong></span> <span class='ocrx_word' id='word_1_351' title='bbox 2424 2003 2626 2057; x_wconf 88' lang='lat' dir='ltr'><strong>mortui</strong></span> <span class='ocrx_word' id='word_1_352' title='bbox 2663 2000 2827 2056; x_wconf 87' lang='lat' dir='ltr'><strong>sunt?</strong></span> <span class='ocrx_word' id='word_1_353' title='bbox 2877 1998 2983 2054; x_wconf 85' lang='lat' dir='ltr'><strong>Sed</strong></span> <span class='ocrx_word' id='word_1_354' title='bbox 3029 1997 3074 2052; x_wconf 90' lang='lat' dir='ltr'><strong>si</strong></span> <span class='ocrx_word' id='word_1_355' title='bbox 3121 1995 3247 2068; x_wconf 87' lang='lat' dir='ltr'><strong>quis</strong></span> <span class='ocrx_word' id='word_1_356' title='bbox 3288 2009 3321 2048; x_wconf 88' lang='lat' dir='ltr'><strong>a</strong></span> 
     </span>
    </p>
   </div>
   <div class='ocr_carea' id='block_1_50' title="bbox 1735 2088 3320 2165">
    <p class='ocr_par' dir='ltr' id='par_1_50' title="bbox 1735 2088 3320 2165">
     <span class='ocr_line' id='line_1_50' title="bbox 1735 2088 3320 2165; baseline -0.009 -11"><span class='ocrx_word' id='word_1_357' title='bbox 1735 2099 1972 2154; x_wconf 89' lang='lat' dir='ltr'><strong>mortuis</strong></span> <span class='ocrx_word' id='word_1_358' title='bbox 1997 2098 2266 2153; x_wconf 79' lang='lat' dir='ltr'><strong>excitatus</strong></span> <span class='ocrx_word' id='word_1_359' title='bbox 2300 2097 2353 2150; x_wconf 90' lang='lat' dir='ltr'><strong>in</strong></span> <span class='ocrx_word' id='word_1_360' title='bbox 2394 2095 2535 2151; x_wconf 86' lang='lat' dir='ltr'><strong>coelo</strong></span> <span class='ocrx_word' id='word_1_361' title='bbox 2566 2101 2779 2165; x_wconf 83' lang='lat' dir='ltr'><strong>regnat,</strong></span> <span class='ocrx_word' id='word_1_362' title='bbox 2809 2092 2900 2147; x_wconf 88' lang='lat' dir='ltr'><strong>ille</strong></span> <span class='ocrx_word' id='word_1_363' title='bbox 2928 2089 3186 2145; x_wconf 91' lang='lat' dir='ltr'><strong>omnibus</strong></span> <span class='ocrx_word' id='word_1_364' title='bbox 3219 2088 3320 2141; x_wconf 62' lang='lat' dir='ltr'><strong>ho.</strong></span> 
     </span>
    </p>
   </div>
   <div class='ocr_carea' id='block_1_51' title="bbox 1735 2181 3323 2247">
    <p class='ocr_par' dir='ltr' id='par_1_51' title="bbox 1735 2181 3323 2247">
     <span class='ocr_line' id='line_1_51' title="bbox 1735 2181 3323 2247; baseline -0.008 0"><span class='ocrx_word' id='word_1_365' title='bbox 1735 2191 1982 2247; x_wconf 83' lang='lat' dir='ltr'><strong>minibus</strong></span> <span class='ocrx_word' id='word_1_366' title='bbox 2004 2201 2214 2246; x_wconf 89' lang='lat' dir='ltr'><strong>certum</strong></span> <span class='ocrx_word' id='word_1_367' title='bbox 2244 2188 2675 2243; x_wconf 86' lang='lat' dir='ltr'><strong>immortalitatis</strong></span> <span class='ocrx_word' id='word_1_368' title='bbox 2706 2184 3033 2240; x_wconf 79' lang='lat' dir='ltr'><strong>beneﬁcium</strong></span> <span class='ocrx_word' id='word_1_369' title='bbox 3058 2182 3168 2236; x_wconf 89' lang='lat' dir='ltr'><strong>dat.</strong></span> <span class='ocrx_word' id='word_1_370' title='bbox 3198 2181 3323 2234; x_wconf 87' lang='lat' dir='ltr'><strong>ideo</strong></span> 
     </span>
    </p>
   </div>
   <div class='ocr_carea' id='block_1_52' title="bbox 1738 2273 3322 2346">
    <p class='ocr_par' dir='ltr' id='par_1_52' title="bbox 1738 2273 3322 2346">
     <span class='ocr_line' id='line_1_52' title="bbox 1738 2273 3322 2346; baseline -0.014 0"><span class='ocrx_word' id='word_1_371' title='bbox 1738 2299 1950 2346; x_wconf 69' lang='lat' dir='ltr'><strong>natura:</strong></span> <span class='ocrx_word' id='word_1_372' title='bbox 1972 2286 2173 2341; x_wconf 80' lang='lat' dir='ltr'><strong>format</strong></span> <span class='ocrx_word' id='word_1_373' title='bbox 2200 2283 2344 2339; x_wconf 89' lang='lat' dir='ltr'><strong>Deus</strong></span> <span class='ocrx_word' id='word_1_374' title='bbox 2372 2280 2800 2336; x_wconf 88' lang='lat' dir='ltr'><strong>immortalitatis</strong></span> <span class='ocrx_word' id='word_1_375' title='bbox 2817 2283 3062 2331; x_wconf 86' lang='lat' dir='ltr'><strong>enatura</strong></span> <span class='ocrx_word' id='word_1_376' title='bbox 3092 2273 3286 2328; x_wconf 85' lang='lat' dir='ltr'><strong>faciem</strong></span> <span class='ocrx_word' id='word_1_377' title='bbox 3307 2312 3322 2336; x_wconf 91' lang='lat'><strong>,</strong></span> 
     </span>
    </p>
   </div>
   <div class='ocr_carea' id='block_1_53' title="bbox 1737 2368 3321 2448">
    <p class='ocr_par' dir='ltr' id='par_1_53' title="bbox 1737 2368 3321 2448">
     <span class='ocr_line' id='line_1_53' title="bbox 1737 2368 3321 2448; baseline -0.011 -11"><span class='ocrx_word' id='word_1_378' title='bbox 1737 2380 2037 2438; x_wconf 86' lang='lat' dir='ltr'><strong>etostendit</strong></span> <span class='ocrx_word' id='word_1_379' title='bbox 2062 2393 2227 2448; x_wconf 91' lang='lat' dir='ltr'><strong>supra</strong></span> <span class='ocrx_word' id='word_1_380' title='bbox 2279 2385 2532 2431; x_wconf 86' lang='lat' dir='ltr'><strong>naturam</strong></span> <span class='ocrx_word' id='word_1_381' title='bbox 2579 2382 2774 2427; x_wconf 91' lang='lat' dir='ltr'><strong>natura</strong></span> <span class='ocrx_word' id='word_1_382' title='bbox 2805 2386 2835 2425; x_wconf 89' lang='lat' dir='ltr'><strong>e</strong></span> <span class='ocrx_word' id='word_1_383' title='bbox 2868 2379 3078 2423; x_wconf 65' lang='lat' dir='ltr'><strong>natura:</strong></span> <span class='ocrx_word' id='word_1_384' title='bbox 3107 2368 3321 2420; x_wconf 89' lang='lat' dir='ltr'><strong>ducem.</strong></span> 
     </span>
    </p>
   </div>
   <div class='ocr_carea' id='block_1_54' title="bbox 1738 2459 3328 2544">
    <p class='ocr_par' dir='ltr' id='par_1_54' title="bbox 1738 2459 3328 2544">
     <span class='ocr_line' id='line_1_54' title="bbox 1738 2459 3328 2544; baseline -0.014 -14"><span class='ocrx_word' id='word_1_385' title='bbox 1738 2474 1842 2544; x_wconf 85' lang='lat' dir='ltr'><strong>Qui</strong></span> <span class='ocrx_word' id='word_1_386' title='bbox 1861 2483 2090 2528; x_wconf 86' lang='lat' dir='ltr'><strong>mortem</strong></span> <span class='ocrx_word' id='word_1_387' title='bbox 2114 2469 2371 2540; x_wconf 81' lang='lat' dir='ltr'><strong>gustavit,</strong></span> <span class='ocrx_word' id='word_1_388' title='bbox 2391 2468 2444 2521; x_wconf 92' lang='lat' dir='ltr'><strong>in</strong></span> <span class='ocrx_word' id='word_1_389' title='bbox 2468 2466 2606 2521; x_wconf 81' lang='lat' dir='ltr'><strong>coelo</strong></span> <span class='ocrx_word' id='word_1_390' title='bbox 2627 2481 2656 2518; x_wconf 90' lang='lat' dir='ltr'><strong>a</strong></span> <span class='ocrx_word' id='word_1_391' title='bbox 2680 2462 2910 2516; x_wconf 90' lang='lat' dir='ltr'><strong>mortuis</strong></span> <span class='ocrx_word' id='word_1_392' title='bbox 2931 2459 3247 2519; x_wconf 83' lang='lat' dir='ltr'><strong>collocatur.</strong></span> <span class='ocrx_word' id='word_1_393' title='bbox 3267 2463 3328 2508; x_wconf 88' lang='lat' dir='ltr'><strong>ut</strong></span> 
     </span>
    </p>
   </div>
   <div class='ocr_carea' id='block_1_55' title="bbox 1737 2549 3324 2630">
    <p class='ocr_par' dir='ltr' id='par_1_55' title="bbox 1737 2549 3324 2630">
     <span class='ocr_line' id='line_1_55' title="bbox 1737 2549 3324 2630; baseline -0.016 -4"><span class='ocrx_word' id='word_1_394' title='bbox 1737 2584 1770 2626; x_wconf 88' lang='lat' dir='ltr'><strong>e</strong></span> <span class='ocrx_word' id='word_1_395' title='bbox 1791 2568 1951 2625; x_wconf 89' lang='lat' dir='ltr'><strong>terris</strong></span> <span class='ocrx_word' id='word_1_396' title='bbox 1984 2573 2177 2619; x_wconf 87' lang='lat' dir='ltr'><strong>natura</strong></span> <span class='ocrx_word' id='word_1_397' title='bbox 2208 2563 2274 2616; x_wconf 87' lang='lat' dir='ltr'><strong>ad</strong></span> <span class='ocrx_word' id='word_1_398' title='bbox 2307 2576 2430 2614; x_wconf 89' lang='lat' dir='ltr'><strong>eum</strong></span> <span class='ocrx_word' id='word_1_399' title='bbox 2462 2559 2554 2630; x_wconf 92' lang='lat' dir='ltr'><strong>qui</strong></span> <span class='ocrx_word' id='word_1_400' title='bbox 2582 2559 2635 2610; x_wconf 91' lang='lat' dir='ltr'><strong>in</strong></span> <span class='ocrx_word' id='word_1_401' title='bbox 2680 2556 2832 2611; x_wconf 69' lang='lat' dir='ltr'><strong>coelis</strong></span> <span class='ocrx_word' id='word_1_402' title='bbox 2878 2562 2962 2608; x_wconf 89' lang='lat' dir='ltr'><strong>cst</strong></span> <span class='ocrx_word' id='word_1_403' title='bbox 3003 2549 3324 2620; x_wconf 87' lang='lat' dir='ltr'><strong>respiciens,</strong></span> 
     </span>
    </p>
   </div>
   <div class='ocr_carea' id='block_1_56' title="bbox 1737 2636 3328 2717">
    <p class='ocr_par' dir='ltr' id='par_1_56' title="bbox 1737 2636 3328 2717">
     <span class='ocr_line' id='line_1_56' title="bbox 1737 2636 3328 2717; baseline -0.016 0"><span class='ocrx_word' id='word_1_404' title='bbox 1737 2661 1880 2717; x_wconf 82' lang='lat' dir='ltr'><strong>nihil</strong></span> <span class='ocrx_word' id='word_1_405' title='bbox 1909 2659 1978 2715; x_wconf 86' lang='lat' dir='ltr'><strong>de</strong></span> <span class='ocrx_word' id='word_1_406' title='bbox 2028 2636 2778 2714; x_wconf 67' lang='lat' dir='ltr'><strong>immortalitateaddubitet,</strong></span> <span class='ocrx_word' id='word_1_407' title='bbox 2811 2645 3003 2701; x_wconf 84' lang='lat' dir='ltr'><strong>videns</strong></span> <span class='ocrx_word' id='word_1_408' title='bbox 3046 2655 3230 2713; x_wconf 81' lang='lat' dir='ltr'><strong>regem</strong></span> <span class='ocrx_word' id='word_1_409' title='bbox 3269 2639 3328 2694; x_wconf 89' lang='lat' dir='ltr'><strong>in</strong></span> 
     </span>
    </p>
   </div>
   <div class='ocr_carea' id='block_1_57' title="bbox 1739 2735 3330 2812">
    <p class='ocr_par' dir='ltr' id='par_1_57' title="bbox 1739 2735 3330 2812">
     <span class='ocr_line' id='line_1_57' title="bbox 1739 2735 3330 2812; baseline -0.016 -2"><span class='ocrx_word' id='word_1_410' title='bbox 1739 2764 2004 2812; x_wconf 76' lang='lat' dir='ltr'><strong>aeternum</strong></span> <span class='ocrx_word' id='word_1_411' title='bbox 2042 2749 2095 2804; x_wconf 91' lang='lat' dir='ltr'><strong>in</strong></span> <span class='ocrx_word' id='word_1_412' title='bbox 2128 2747 2283 2803; x_wconf 71' lang='lat' dir='ltr'><strong>caelis</strong></span> <span class='ocrx_word' id='word_1_413' title='bbox 2314 2763 2345 2800; x_wconf 88' lang='lat' dir='ltr'><strong>e</strong></span> <span class='ocrx_word' id='word_1_414' title='bbox 2371 2760 2430 2798; x_wconf 91' lang='lat' dir='ltr'><strong>se</strong></span> <span class='ocrx_word' id='word_1_415' title='bbox 2463 2753 2651 2797; x_wconf 89' lang='lat' dir='ltr'><strong>natum</strong></span> <span class='ocrx_word' id='word_1_416' title='bbox 2681 2753 2930 2809; x_wconf 83' lang='lat' dir='ltr'><strong>regnare.</strong></span> <span class='ocrx_word' id='word_1_417' title='bbox 2971 2735 3108 2802; x_wconf 85' lang='lat' dir='ltr'><strong>Quis</strong></span> <span class='ocrx_word' id='word_1_418' title='bbox 3140 2742 3330 2804; x_wconf 88' lang='lat' dir='ltr'><strong>poten-</strong></span> 
     </span>
    </p>
   </div>
   <div class='ocr_carea' id='block_1_58' title="bbox 1743 2829 3330 2906">
    <p class='ocr_par' dir='ltr' id='par_1_58' title="bbox 1743 2829 3330 2906">
     <span class='ocr_line' id='line_1_58' title="bbox 1743 2829 3330 2906; baseline -0.016 -2"><span class='ocrx_word' id='word_1_419' title='bbox 1743 2849 1848 2905; x_wconf 87' lang='lat' dir='ltr'><strong>tias</strong></span> <span class='ocrx_word' id='word_1_420' title='bbox 1875 2843 2092 2902; x_wconf 89' lang='lat' dir='ltr'><strong>Domini</strong></span> <span class='ocrx_word' id='word_1_421' title='bbox 2127 2839 2448 2898; x_wconf 87' lang='lat' dir='ltr'><strong>enarrabit?</strong></span> <span class='ocrx_word' id='word_1_422' title='bbox 2477 2837 2692 2906; x_wconf 76' lang='lat' dir='ltr'><strong>Rognat</strong></span> <span class='ocrx_word' id='word_1_423' title='bbox 2731 2848 2854 2888; x_wconf 92' lang='lat' dir='ltr'><strong>cum</strong></span> <span class='ocrx_word' id='word_1_424' title='bbox 2904 2829 3194 2884; x_wconf 90' lang='lat' dir='ltr'><strong>divinitate</strong></span> <span class='ocrx_word' id='word_1_425' title='bbox 3227 2841 3330 2880; x_wconf 80' lang='lat' dir='ltr'><strong>na-</strong></span> 
     </span>
    </p>
   </div>
   <div class='ocr_carea' id='block_1_59' title="bbox 1742 2922 3330 3007">
    <p class='ocr_par' dir='ltr' id='par_1_59' title="bbox 1742 2922 3330 3007">
     <span class='ocr_line' id='line_1_59' title="bbox 1742 2922 3330 3007; baseline -0.015 -13"><span class='ocrx_word' id='word_1_426' title='bbox 1742 2951 1885 3002; x_wconf 87' lang='lat' dir='ltr'><strong>tura,</strong></span> <span class='ocrx_word' id='word_1_427' title='bbox 1914 2951 2038 3007; x_wconf 65' lang='lat' dir='ltr'><strong>qum</strong></span> <span class='ocrx_word' id='word_1_428' title='bbox 2087 2933 2240 3003; x_wconf 88' lang='lat' dir='ltr'><strong>prius</strong></span> <span class='ocrx_word' id='word_1_429' title='bbox 2290 2931 2342 2985; x_wconf 90' lang='lat' dir='ltr'><strong>in</strong></span> <span class='ocrx_word' id='word_1_430' title='bbox 2395 2928 2649 2999; x_wconf 82' lang='lat' dir='ltr'><strong>paradiso</strong></span> <span class='ocrx_word' id='word_1_431' title='bbox 2702 2939 2804 2979; x_wconf 88' lang='lat' dir='ltr'><strong>nec</strong></span> <span class='ocrx_word' id='word_1_432' title='bbox 2852 2922 3096 2976; x_wconf 85' lang='lat' dir='ltr'><strong>divinam</strong></span> <span class='ocrx_word' id='word_1_433' title='bbox 3140 2931 3330 2972; x_wconf 87' lang='lat' dir='ltr'><strong>vocem</strong></span> 
     </span>
    </p>
   </div>
   <div class='ocr_carea' id='block_1_60' title="bbox 1745 3017 3333 3093">
    <p class='ocr_par' dir='ltr' id='par_1_60' title="bbox 1745 3017 3333 3093">
     <span class='ocr_line' id='line_1_60' title="bbox 1745 3017 3333 3093; baseline -0.015 -7"><span class='ocrx_word' id='word_1_434' title='bbox 1745 3031 1939 3086; x_wconf 82' lang='lat' dir='ltr'><strong>audire</strong></span> <span class='ocrx_word' id='word_1_435' title='bbox 1964 3027 2254 3093; x_wconf 87' lang='lat' dir='ltr'><strong>sustinuit,</strong></span> <span class='ocrx_word' id='word_1_436' title='bbox 2287 3025 2382 3080; x_wconf 89' lang='lat' dir='ltr'><strong>sed</strong></span> <span class='ocrx_word' id='word_1_437' title='bbox 2415 3037 2526 3093; x_wconf 69' lang='lat' dir='ltr'><strong>pro:</strong></span> <span class='ocrx_word' id='word_1_438' title='bbox 2558 3021 2755 3075; x_wconf 89' lang='lat' dir='ltr'><strong>timore</strong></span> <span class='ocrx_word' id='word_1_439' title='bbox 2779 3017 2938 3088; x_wconf 77' lang='lat' dir='ltr'><strong>fugit,</strong></span> <span class='ocrx_word' id='word_1_440' title='bbox 2970 3023 3024 3068; x_wconf 87' lang='lat' dir='ltr'><strong>et</strong></span> <span class='ocrx_word' id='word_1_441' title='bbox 3069 3026 3191 3067; x_wconf 91' lang='lat' dir='ltr'><strong>sese</strong></span> <span class='ocrx_word' id='word_1_442' title='bbox 3236 3024 3333 3063; x_wconf 91' lang='lat' dir='ltr'><strong>oc-</strong></span> 
     </span>
    </p>
   </div>
   <div class='ocr_carea' id='block_1_61' title="bbox 1746 3103 3333 3190">
    <p class='ocr_par' dir='ltr' id='par_1_61' title="bbox 1746 3103 3333 3190">
     <span class='ocr_line' id='line_1_61' title="bbox 1746 3103 3333 3190; baseline -0.015 -11"><span class='ocrx_word' id='word_1_443' title='bbox 1746 3123 1996 3179; x_wconf 82' lang='lat' dir='ltr'><strong>cultavit.</strong></span> <span class='ocrx_word' id='word_1_444' title='bbox 2023 3121 2066 3177; x_wconf 93' lang='grc' dir='ltr'>Ο</span> <span class='ocrx_word' id='word_1_445' title='bbox 2101 3119 2195 3174; x_wconf 88' lang='lat' dir='ltr'><strong>Dei</strong></span> <span class='ocrx_word' id='word_1_446' title='bbox 2250 3131 2514 3190; x_wconf 74' lang='lat' dir='ltr'><strong>ergame</strong></span> <span class='ocrx_word' id='word_1_447' title='bbox 2551 3112 2885 3177; x_wconf 74' lang='lat' dir='ltr'><strong>bonitatem!</strong></span> <span class='ocrx_word' id='word_1_448' title='bbox 2919 3109 3039 3163; x_wconf 86' lang='lat' dir='ltr'><strong>Non</strong></span> <span class='ocrx_word' id='word_1_449' title='bbox 3081 3103 3333 3162; x_wconf 85' lang='lat' dir='ltr'><strong>meminit</strong></span> 
     </span>
    </p>
   </div>
   <div class='ocr_carea' id='block_1_62' title="bbox 93 3199 1636 3303">
    <p class='ocr_par' dir='ltr' id='par_1_62' title="bbox 93 3201 1636 3274">
     <span class='ocr_line' id='line_1_62' title="bbox 93 3201 1636 3274; baseline 0 -20"><span class='ocrx_word' id='word_1_450' title='bbox 93 3207 236 3272; x_wconf 77' lang='grc' dir='ltr'><strong>ρανοῖς</strong></span> <span class='ocrx_word' id='word_1_451' title='bbox 271 3204 561 3274; x_wconf 80' lang='grc' dir='ltr'><strong>βλέπουσα</strong></span> <span class='ocrx_word' id='word_1_452' title='bbox 594 3201 968 3273; x_wconf 85' lang='grc' dir='ltr'><strong>βασιλεύοντα.</strong></span> <span class='ocrx_word' id='word_1_453' title='bbox 991 3202 1086 3265; x_wconf 90' lang='grc' dir='ltr'><strong>Τίς</strong></span> <span class='ocrx_word' id='word_1_454' title='bbox 1109 3202 1328 3272; x_wconf 84' lang='grc' dir='ltr'><strong>λαλήσει</strong></span> <span class='ocrx_word' id='word_1_455' title='bbox 1358 3202 1458 3266; x_wconf 87' lang='grc' dir='ltr'><strong>τὰς</strong></span> <span class='ocrx_word' id='word_1_456' title='bbox 1478 3202 1636 3254; x_wconf 89' lang='grc' dir='ltr'><strong>δυνα-</strong></span> 
     </span>
    </p>
   </div>
   <div class='ocr_carea' id='block_1_63' title="bbox 1742 3199 3332 3303">
    <p class='ocr_par' dir='ltr' id='par_1_63' title="bbox 1749 3199 3332 3287">
     <span class='ocr_line' id='line_1_63' title="bbox 1749 3199 3332 3287; baseline -0.012 -16"><span class='ocrx_word' id='word_1_457' title='bbox 1749 3212 2234 3287; x_wconf 79' lang='lat' dir='ltr'><strong>transgressionis,</strong></span> <span class='ocrx_word' id='word_1_458' title='bbox 2280 3226 2391 3264; x_wconf 86' lang='lat' dir='ltr'><strong>non</strong></span> <span class='ocrx_word' id='word_1_459' title='bbox 2430 3206 2754 3263; x_wconf 84' lang='lat' dir='ltr'><strong>recordatur</strong></span> <span class='ocrx_word' id='word_1_460' title='bbox 2793 3201 2962 3272; x_wconf 81' lang='lat' dir='ltr'><strong>pacti,</strong></span> <span class='ocrx_word' id='word_1_461' title='bbox 3012 3199 3158 3270; x_wconf 89' lang='lat' dir='ltr'><strong>quod</strong></span> <span class='ocrx_word' id='word_1_462' title='bbox 3207 3212 3332 3253; x_wconf 90' lang='lat' dir='ltr'><strong>cum</strong></span> 
     </span>
    </p>
   </div>
   <div class='ocr_carea' id='block_1_64' title="bbox 93 3294 1638 3368">
    <p class='ocr_par' dir='ltr' id='par_1_64' title="bbox 93 3294 1638 3368">
     <span class='ocr_line' id='line_1_64' title="bbox 93 3294 1638 3368; baseline 0.002 -23"><span class='ocrx_word' id='word_1_463' title='bbox 93 3296 234 3358; x_wconf 81' lang='grc' dir='ltr'><strong>ετείας</strong></span> <span class='ocrx_word' id='word_1_464' title='bbox 277 3295 542 3368; x_wconf 80' lang='grc' dir='ltr'><strong>Κυρίου;</strong></span> <span class='ocrx_word' id='word_1_465' title='bbox 591 3294 988 3366; x_wconf 76' lang='grc' dir='ltr'><strong>Συμὸασιλεύει</strong></span> <span class='ocrx_word' id='word_1_466' title='bbox 1020 3294 1065 3328; x_wconf 69' lang='grc'><strong>⁸⁸</strong></span> <span class='ocrx_word' id='word_1_467' title='bbox 1119 3294 1346 3368; x_wconf 83' lang='grc' dir='ltr'><strong>Θεότητι</strong></span> <span class='ocrx_word' id='word_1_468' title='bbox 1406 3294 1568 3364; x_wconf 81' lang='grc' dir='ltr'><strong>φύσις</strong></span> <span class='ocrx_word' id='word_1_469' title='bbox 1605 3295 1638 3366; x_wconf 87' lang='grc' dir='ltr'><strong>ή</strong></span> 
     </span>
    </p>
   </div>
   <div class='ocr_carea' id='block_1_65' title="bbox 93 3384 1640 3458">
    <p class='ocr_par' dir='ltr' id='par_1_65' title="bbox 93 3384 1640 3458">
     <span class='ocr_line' id='line_1_65' title="bbox 93 3384 1640 3458; baseline 0.003 -24"><span class='ocrx_word' id='word_1_470' title='bbox 93 3386 190 3454; x_wconf 73' lang='grc' dir='ltr'><strong>πρὶν</strong></span> <span class='ocrx_word' id='word_1_471' title='bbox 219 3388 270 3440; x_wconf 82' lang='grc' dir='ltr'><strong>ἐν</strong></span> <span class='ocrx_word' id='word_1_472' title='bbox 299 3386 633 3458; x_wconf 79' lang='grc' dir='ltr'><strong>παραδείσῳ</strong></span> <span class='ocrx_word' id='word_1_473' title='bbox 664 3385 799 3456; x_wconf 79' lang='grc' dir='ltr'><strong>μηδὲ</strong></span> <span class='ocrx_word' id='word_1_474' title='bbox 824 3387 928 3457; x_wconf 85' lang='grc' dir='ltr'><strong>τῆς</strong></span> <span class='ocrx_word' id='word_1_475' title='bbox 954 3384 1106 3448; x_wconf 87' lang='grc' dir='ltr'><strong>θείας</strong></span> <span class='ocrx_word' id='word_1_476' title='bbox 1130 3385 1315 3456; x_wconf 83' lang='grc' dir='ltr'><strong>φωνῆς</strong></span> <span class='ocrx_word' id='word_1_477' title='bbox 1345 3384 1443 3456; x_wconf 79' lang='grc' dir='ltr'><strong>τὴν</strong></span> <span class='ocrx_word' id='word_1_478' title='bbox 1468 3385 1640 3458; x_wconf 80' lang='grc' dir='ltr'><strong>ἀκοὴν</strong></span> 
     </span>
    </p>
   </div>
   <div class='ocr_carea' id='block_1_66' title="bbox 98 3477 1640 3549">
    <p class='ocr_par' dir='ltr' id='par_1_66' title="bbox 98 3477 1640 3549">
     <span class='ocr_line' id='line_1_66' title="bbox 98 3477 1640 3549; baseline 0.003 -23"><span class='ocrx_word' id='word_1_479' title='bbox 98 3478 334 3544; x_wconf 79' lang='grc' dir='ltr'><strong>στέγουσα,</strong></span> <span class='ocrx_word' id='word_1_480' title='bbox 367 3477 522 3531; x_wconf 80' lang='grc' dir='ltr'><strong>ἀλλὰ</strong></span> <span class='ocrx_word' id='word_1_481' title='bbox 540 3477 619 3548; x_wconf 81' lang='grc' dir='ltr'><strong>τῷ</strong></span> <span class='ocrx_word' id='word_1_482' title='bbox 640 3477 789 3548; x_wconf 79' lang='grc' dir='ltr'><strong>φόϐῳ</strong></span> <span class='ocrx_word' id='word_1_483' title='bbox 819 3477 1230 3549; x_wconf 86' lang='grc' dir='ltr'><strong>δραπετεύουσα</strong></span> <span class='ocrx_word' id='word_1_484' title='bbox 1276 3477 1372 3531; x_wconf 74' lang='grc' dir='ltr'><strong>καὶ</strong></span> <span class='ocrx_word' id='word_1_485' title='bbox 1400 3494 1640 3548; x_wconf 88' lang='grc' dir='ltr'><strong>κρυπτο-</strong></span> 
     </span>
    </p>
   </div>
   <div class='ocr_carea' id='block_1_67' title="bbox 99 3568 1640 3643">
    <p class='ocr_par' dir='ltr' id='par_1_67' title="bbox 99 3568 1640 3643">
     <span class='ocr_line' id='line_1_67' title="bbox 99 3568 1640 3643; baseline 0.002 -20"><span class='ocrx_word' id='word_1_486' title='bbox 99 3568 214 3639; x_wconf 76' lang='grc' dir='ltr'><strong>μένη.</strong></span> <span class='ocrx_word' id='word_1_487' title='bbox 241 3573 301 3624; x_wconf 82' lang='grc' dir='ltr'>Ὢ</span> <span class='ocrx_word' id='word_1_488' title='bbox 326 3574 441 3642; x_wconf 74' lang='grc' dir='ltr'><strong>τῆς</strong></span> <span class='ocrx_word' id='word_1_489' title='bbox 472 3571 604 3641; x_wconf 71' lang='grc' dir='ltr'><strong>περὶ</strong></span> <span class='ocrx_word' id='word_1_490' title='bbox 639 3570 740 3641; x_wconf 80' lang='grc' dir='ltr'><strong>ἐμὲ</strong></span> <span class='ocrx_word' id='word_1_491' title='bbox 777 3571 1146 3641; x_wconf 80' lang='grc' dir='ltr'><strong>χρηστότητος</strong></span> <span class='ocrx_word' id='word_1_492' title='bbox 1171 3573 1184 3626; x_wconf 97' lang='lat' dir='ltr'><strong>l</strong></span> <span class='ocrx_word' id='word_1_493' title='bbox 1212 3571 1272 3624; x_wconf 87' lang='grc' dir='ltr'><strong>ού</strong></span> <span class='ocrx_word' id='word_1_494' title='bbox 1306 3571 1640 3643; x_wconf 85' lang='grc' dir='ltr'><strong>μνημονεύει</strong></span> 
     </span>
    </p>
   </div>
   <div class='ocr_carea' id='block_1_68' title="bbox 95 3650 1642 3735">
    <p class='ocr_par' dir='ltr' id='par_1_68' title="bbox 95 3650 1642 3735">
     <span class='ocr_line' id='line_1_68' title="bbox 95 3650 1642 3735; baseline -0.003 -13"><span class='ocrx_word' id='word_1_495' title='bbox 95 3660 162 3724; x_wconf 71' lang='grc' dir='ltr'><strong>τξς</strong></span> <span class='ocrx_word' id='word_1_496' title='bbox 196 3650 588 3733; x_wconf 60' lang='grc' dir='ltr'><strong>παραϐάσεως,</strong></span> <span class='ocrx_word' id='word_1_497' title='bbox 610 3663 671 3715; x_wconf 80' lang='grc' dir='ltr'><strong>ού</strong></span> <span class='ocrx_word' id='word_1_498' title='bbox 711 3666 1044 3734; x_wconf 86' lang='grc' dir='ltr'><strong>μνησικακεῖ</strong></span> <span class='ocrx_word' id='word_1_499' title='bbox 1071 3661 1166 3716; x_wconf 80' lang='grc' dir='ltr'><strong>τοῦ</strong></span> <span class='ocrx_word' id='word_1_500' title='bbox 1197 3663 1336 3735; x_wconf 87' lang='grc' dir='ltr'><strong>πρὸς</strong></span> <span class='ocrx_word' id='word_1_501' title='bbox 1367 3663 1461 3716; x_wconf 85' lang='grc' dir='ltr'><strong>τὸν</strong></span> <span class='ocrx_word' id='word_1_502' title='bbox 1516 3663 1642 3734; x_wconf 82' lang='grc' dir='ltr'><strong>ὅφιν</strong></span> 
     </span>
    </p>
   </div>
   <div class='ocr_carea' id='block_1_69' title="bbox 93 3751 1639 3828">
    <p class='ocr_par' dir='ltr' id='par_1_69' title="bbox 93 3751 1639 3828">
     <span class='ocr_line' id='line_1_69' title="bbox 93 3751 1639 3828; baseline 0.005 -26"><span class='ocrx_word' id='word_1_503' title='bbox 93 3751 430 3825; x_wconf 69' lang='grc' dir='ltr'><strong>συνθήματος,</strong></span> <span class='ocrx_word' id='word_1_504' title='bbox 455 3753 550 3808; x_wconf 79' lang='grc' dir='ltr'><strong>τοῦ</strong></span> <span class='ocrx_word' id='word_1_505' title='bbox 580 3755 774 3823; x_wconf 83' lang='grc' dir='ltr'><strong>γένους</strong></span> <span class='ocrx_word' id='word_1_506' title='bbox 794 3757 893 3826; x_wconf 85' lang='grc' dir='ltr'><strong>τὴν</strong></span> <span class='ocrx_word' id='word_1_507' title='bbox 918 3754 1310 3828; x_wconf 79' lang='grc' dir='ltr'><strong>ἀγνωμοσύνην</strong></span> <span class='ocrx_word' id='word_1_508' title='bbox 1338 3758 1400 3810; x_wconf 85' lang='grc' dir='ltr'><strong>οὐ</strong></span> <span class='ocrx_word' id='word_1_509' title='bbox 1429 3755 1639 3826; x_wconf 76' lang='grc' dir='ltr'><strong>λογίζε-</strong></span> 
     </span>
    </p>
   </div>
   <div class='ocr_carea' id='block_1_70' title="bbox 86 3847 1638 3920">
    <p class='ocr_par' dir='ltr' id='par_1_70' title="bbox 86 3847 1638 3920">
     <span class='ocr_line' id='line_1_70' title="bbox 86 3847 1638 3920; baseline 0.009 -26"><span class='ocrx_word' id='word_1_510' title='bbox 86 3859 171 3911; x_wconf 78' lang='grc' dir='ltr'><strong>ται,</strong></span> <span class='ocrx_word' id='word_1_511' title='bbox 193 3848 280 3920; x_wconf 80' lang='grc' dir='ltr'><strong>τὴν</strong></span> <span class='ocrx_word' id='word_1_512' title='bbox 303 3848 525 3902; x_wconf 81' lang='grc' dir='ltr'><strong>πτῶσιν</strong></span> <span class='ocrx_word' id='word_1_513' title='bbox 550 3850 651 3902; x_wconf 85' lang='grc' dir='ltr'><strong>οὐκ</strong></span> <span class='ocrx_word' id='word_1_514' title='bbox 675 3847 990 3920; x_wconf 77' lang='grc' dir='ltr'><strong>ὲπῃσχύνθη</strong></span> <span class='ocrx_word' id='word_1_515' title='bbox 1011 3849 1109 3920; x_wconf 79' lang='grc' dir='ltr'><strong>τῆς</strong></span> <span class='ocrx_word' id='word_1_516' title='bbox 1129 3849 1345 3919; x_wconf 84' lang='grc' dir='ltr'><strong>φύσεως</strong></span> <span class='ocrx_word' id='word_1_517' title='bbox 1368 3866 1383 3883; x_wconf 85' lang='grc'>⁶</span> <span class='ocrx_word' id='word_1_518' title='bbox 1417 3851 1535 3906; x_wconf 86' lang='grc' dir='ltr'><strong>ἀλλ’</strong></span> <span class='ocrx_word' id='word_1_519' title='bbox 1579 3854 1638 3909; x_wconf 85' lang='grc' dir='ltr'><strong>ὲν</strong></span> 
     </span>
    </p>
   </div>
   <div class='ocr_carea' id='block_1_71' title="bbox 85 3935 1636 4016">
    <p class='ocr_par' dir='ltr' id='par_1_71' title="bbox 85 3935 1636 4016">
     <span class='ocr_line' id='line_1_71' title="bbox 85 3935 1636 4016; baseline 0.01 -28"><span class='ocrx_word' id='word_1_520' title='bbox 85 3935 232 4001; x_wconf 76' lang='grc' dir='ltr'><strong>αὐτοῖς</strong></span> <span class='ocrx_word' id='word_1_521' title='bbox 271 3944 387 4004; x_wconf 83' lang='grc' dir='ltr'><strong>τοῖς</strong></span> <span class='ocrx_word' id='word_1_522' title='bbox 441 3940 537 3994; x_wconf 74' lang='grc' dir='ltr'><strong>τοῦ</strong></span> <span class='ocrx_word' id='word_1_523' title='bbox 569 3941 798 3995; x_wconf 86' lang='grc' dir='ltr'><strong>θανάτου</strong></span> <span class='ocrx_word' id='word_1_524' title='bbox 844 3941 1104 4012; x_wconf 80' lang='grc' dir='ltr'><strong>κειμένης</strong></span> <span class='ocrx_word' id='word_1_525' title='bbox 1151 3942 1198 3974; x_wconf 67' lang='grc'><strong>⁸⁵</strong></span> <span class='ocrx_word' id='word_1_526' title='bbox 1239 3942 1554 4016; x_wconf 85' lang='grc' dir='ltr'><strong>βαράθροις,</strong></span> <span class='ocrx_word' id='word_1_527' title='bbox 1579 3953 1636 4004; x_wconf 85' lang='grc' dir='ltr'><strong>ὲν</strong></span> 
     </span>
    </p>
   </div>
   <div class='ocr_carea' id='block_1_72' title="bbox 83 4028 234 4096">
    <p class='ocr_par' dir='ltr' id='par_1_72' title="bbox 83 4028 234 4096">
     <span class='ocr_line' id='line_1_72' title="bbox 83 4028 234 4096; baseline 0.007 -14"><span class='ocrx_word' id='word_1_528' title='bbox 83 4028 234 4096; x_wconf 71' lang='grc' dir='ltr'><strong>αὐτοῖς</strong></span> 
     </span>
    </p>
   </div>
   <div class='ocr_carea' id='block_1_73' title="bbox 1752 3288 3334 3376">
    <p class='ocr_par' dir='ltr' id='par_1_73' title="bbox 1752 3288 3334 3376">
     <span class='ocr_line' id='line_1_73' title="bbox 1752 3288 3334 3376; baseline -0.016 -12"><span class='ocrx_word' id='word_1_529' title='bbox 1752 3315 2010 3376; x_wconf 87' lang='lat' dir='ltr'><strong>serpente</strong></span> <span class='ocrx_word' id='word_1_530' title='bbox 2049 3303 2254 3358; x_wconf 89' lang='lat' dir='ltr'><strong>malum</strong></span> <span class='ocrx_word' id='word_1_531' title='bbox 2293 3299 2624 3371; x_wconf 82' lang='lat' dir='ltr'><strong>pepigimus,</strong></span> <span class='ocrx_word' id='word_1_532' title='bbox 2675 3291 3122 3364; x_wconf 83' lang='lat' dir='ltr'><strong>ingratitudinem</strong></span> <span class='ocrx_word' id='word_1_533' title='bbox 3156 3288 3334 3343; x_wconf 58' lang='lat' dir='ltr'><strong>bomi4</strong></span> 
     </span>
    </p>
   </div>
   <div class='ocr_carea' id='block_1_74' title="bbox 1749 3380 3332 3466">
    <p class='ocr_par' dir='ltr' id='par_1_74' title="bbox 1749 3380 3332 3466">
     <span class='ocr_line' id='line_1_74' title="bbox 1749 3380 3332 3466; baseline -0.013 -13"><span class='ocrx_word' id='word_1_534' title='bbox 1749 3414 1879 3453; x_wconf 89' lang='lat' dir='ltr'><strong>num</strong></span> <span class='ocrx_word' id='word_1_535' title='bbox 1923 3411 2036 3451; x_wconf 89' lang='lat' dir='ltr'><strong>non</strong></span> <span class='ocrx_word' id='word_1_536' title='bbox 2086 3401 2326 3466; x_wconf 87' lang='lat' dir='ltr'><strong>reputat,</strong></span> <span class='ocrx_word' id='word_1_537' title='bbox 2379 3392 2595 3461; x_wconf 87' lang='lat' dir='ltr'><strong>lapsum</strong></span> <span class='ocrx_word' id='word_1_538' title='bbox 2643 3395 2853 3442; x_wconf 73' lang='lat' dir='ltr'><strong>natura:</strong></span> <span class='ocrx_word' id='word_1_539' title='bbox 2897 3399 3005 3437; x_wconf 91' lang='lat' dir='ltr'><strong>non</strong></span> <span class='ocrx_word' id='word_1_540' title='bbox 3036 3380 3332 3444; x_wconf 87' lang='lat' dir='ltr'><strong>erubescit,</strong></span> 
     </span>
    </p>
   </div>
   <div class='ocr_carea' id='block_1_75' title="bbox 1713 3471 3334 3552">
    <p class='ocr_par' dir='ltr' id='par_1_75' title="bbox 1713 3471 3334 3552">
     <span class='ocr_line' id='line_1_75' title="bbox 1713 3471 3334 3552; baseline -0.014 -5"><span class='ocrx_word' id='word_1_541' title='bbox 1713 3521 1716 3528; x_wconf 71' lang='grc' dir='ltr'><strong>ι</strong></span> <span class='ocrx_word' id='word_1_542' title='bbox 1751 3491 1847 3548; x_wconf 88' lang='lat' dir='ltr'><strong>sed</strong></span> <span class='ocrx_word' id='word_1_543' title='bbox 1875 3490 1931 3544; x_wconf 89' lang='lat' dir='ltr'><strong>in</strong></span> <span class='ocrx_word' id='word_1_544' title='bbox 1964 3487 2225 3544; x_wconf 81' lang='lat' dir='ltr'><strong>barathro</strong></span> <span class='ocrx_word' id='word_1_545' title='bbox 2255 3484 2450 3539; x_wconf 88' lang='lat' dir='ltr'><strong>mortis</strong></span> <span class='ocrx_word' id='word_1_546' title='bbox 2468 3482 2768 3552; x_wconf 72' lang='lat' dir='ltr'><strong>iacentem,</strong></span> <span class='ocrx_word' id='word_1_547' title='bbox 2802 3476 2858 3529; x_wconf 91' lang='lat' dir='ltr'><strong>in</strong></span> <span class='ocrx_word' id='word_1_548' title='bbox 2880 3474 3014 3544; x_wconf 89' lang='lat' dir='ltr'><strong>ipsis</strong></span> <span class='ocrx_word' id='word_1_549' title='bbox 3037 3471 3334 3542; x_wconf 86' lang='lat' dir='ltr'><strong>impietatis</strong></span> 
     </span>
    </p>
   </div>
   <div class='ocr_carea' id='block_1_76' title="bbox 1751 3561 3334 3655">
    <p class='ocr_par' dir='ltr' id='par_1_76' title="bbox 1751 3561 3334 3655">
     <span class='ocr_line' id='line_1_76' title="bbox 1751 3561 3334 3655; baseline -0.014 -17"><span class='ocrx_word' id='word_1_550' title='bbox 1751 3583 1928 3655; x_wconf 81' lang='lat' dir='ltr'><strong>adytis</strong></span> <span class='ocrx_word' id='word_1_551' title='bbox 1961 3578 2356 3650; x_wconf 89' lang='lat' dir='ltr'><strong>complectitur</strong></span> <span class='ocrx_word' id='word_1_552' title='bbox 2382 3571 2843 3630; x_wconf 87' lang='lat' dir='ltr'><strong>inenarrabilibus</strong></span> <span class='ocrx_word' id='word_1_553' title='bbox 2874 3565 3078 3621; x_wconf 91' lang='lat' dir='ltr'><strong>amoris</strong></span> <span class='ocrx_word' id='word_1_554' title='bbox 3104 3561 3334 3629; x_wconf 86' lang='lat' dir='ltr'><strong>divitiis,</strong></span> 
     </span>
    </p>
   </div>
   <div class='ocr_carea' id='block_1_77' title="bbox 1701 3659 3336 3736">
    <p class='ocr_par' dir='ltr' id='par_1_77' title="bbox 1701 3659 3336 3736">
     <span class='ocr_line' id='line_1_77' title="bbox 1701 3659 3336 3736; baseline -0.014 -3"><span class='ocrx_word' id='word_1_555' title='bbox 1701 3718 1718 3734; x_wconf 83' lang='lat'><strong>,</strong></span> <span class='ocrx_word' id='word_1_556' title='bbox 1749 3686 1808 3732; x_wconf 89' lang='lat' dir='ltr'><strong>et</strong></span> <span class='ocrx_word' id='word_1_557' title='bbox 1847 3675 1994 3729; x_wconf 88' lang='lat' dir='ltr'><strong>illam</strong></span> <span class='ocrx_word' id='word_1_558' title='bbox 2021 3688 2090 3726; x_wconf 81' lang='lat' dir='ltr'><strong>ex</strong></span> <span class='ocrx_word' id='word_1_559' title='bbox 2121 3670 2424 3724; x_wconf 83' lang='lat' dir='ltr'><strong>inferorum</strong></span> <span class='ocrx_word' id='word_1_560' title='bbox 2462 3663 2831 3736; x_wconf 89' lang='lat' dir='ltr'><strong>penetralibus</strong></span> <span class='ocrx_word' id='word_1_561' title='bbox 2878 3659 3198 3723; x_wconf 86' lang='lat' dir='ltr'><strong>retrahens,</strong></span> <span class='ocrx_word' id='word_1_562' title='bbox 3224 3669 3336 3710; x_wconf 83' lang='lat' dir='ltr'><strong>una</strong></span> 
     </span>
    </p>
   </div>
   <div class='ocr_carea' id='block_1_78' title="bbox 1736 3751 3332 3823">
    <p class='ocr_par' dir='ltr' id='par_1_78' title="bbox 1736 3751 3332 3823">
     <span class='ocr_line' id='line_1_78' title="bbox 1736 3751 3332 3823; baseline -0.014 0"><span class='ocrx_word' id='word_1_563' title='bbox 1736 3782 1864 3823; x_wconf 92' lang='lat' dir='ltr'><strong>cum</strong></span> <span class='ocrx_word' id='word_1_564' title='bbox 1927 3764 2213 3820; x_wconf 87' lang='lat' dir='ltr'><strong>divinitate</strong></span> <span class='ocrx_word' id='word_1_565' title='bbox 2285 3775 2384 3816; x_wconf 90' lang='lat' dir='ltr'><strong>sua</strong></span> <span class='ocrx_word' id='word_1_566' title='bbox 2435 3757 2663 3813; x_wconf 87' lang='lat' dir='ltr'><strong>Creator</strong></span> <span class='ocrx_word' id='word_1_567' title='bbox 2726 3765 3031 3810; x_wconf 88' lang='lat' dir='ltr'><strong>creaturam</strong></span> <span class='ocrx_word' id='word_1_568' title='bbox 3073 3751 3332 3818; x_wconf 86' lang='lat' dir='ltr'><strong>elevans,</strong></span> 
     </span>
    </p>
   </div>
   <div class='ocr_carea' id='block_1_79' title="bbox 1732 3843 3337 3929">
    <p class='ocr_par' dir='ltr' id='par_1_79' title="bbox 1732 3843 3337 3929">
     <span class='ocr_line' id='line_1_79' title="bbox 1732 3843 3337 3929; baseline -0.012 -16"><span class='ocrx_word' id='word_1_569' title='bbox 1732 3870 1962 3929; x_wconf 87' lang='lat' dir='ltr'><strong>paterno</strong></span> <span class='ocrx_word' id='word_1_570' title='bbox 1983 3856 2128 3912; x_wconf 88' lang='lat' dir='ltr'><strong>sinui</strong></span> <span class='ocrx_word' id='word_1_571' title='bbox 2145 3854 2423 3924; x_wconf 90' lang='lat' dir='ltr'><strong>imposuit.</strong></span> <span class='ocrx_word' id='word_1_572' title='bbox 2451 3850 2576 3906; x_wconf 82' lang='lat' dir='ltr'><strong>Ideo</strong></span> <span class='ocrx_word' id='word_1_573' title='bbox 2600 3849 2805 3905; x_wconf 89' lang='lat' dir='ltr'><strong>Paulus</strong></span> <span class='ocrx_word' id='word_1_574' title='bbox 2823 3849 3021 3903; x_wconf 83' lang='lat' dir='ltr'><strong>clamat</strong></span> <span class='ocrx_word' id='word_1_575' title='bbox 3045 3843 3337 3900; x_wconf 78' lang='lat' dir='ltr'><strong>:Conresu~</strong></span> 
     </span>
    </p>
   </div>
   <div class='ocr_carea' id='block_1_80' title="bbox 1735 3939 3084 4015">
    <p class='ocr_par' dir='ltr' id='par_1_80' title="bbox 1735 3939 3084 4015">
     <span class='ocr_line' id='line_1_80' title="bbox 1735 3939 3084 4015; baseline -0.011 -7"><span class='ocrx_word' id='word_1_576' title='bbox 1735 3952 1966 4013; x_wconf 79' lang='lat' dir='ltr'><strong>scitavit,</strong></span> <span class='ocrx_word' id='word_1_577' title='bbox 1989 3959 2038 4004; x_wconf 87' lang='lat' dir='ltr'><strong>et</strong></span> <span class='ocrx_word' id='word_1_578' title='bbox 2065 3949 2340 4004; x_wconf 80' lang='lat' dir='ltr'><strong>consedere</strong></span> <span class='ocrx_word' id='word_1_579' title='bbox 2366 3963 2461 4001; x_wconf 83' lang='lat' dir='ltr'><strong>nos</strong></span> <span class='ocrx_word' id='word_1_580' title='bbox 2483 3946 2607 4015; x_wconf 82' lang='lat' dir='ltr'><strong>fecit</strong></span> <span class='ocrx_word' id='word_1_581' title='bbox 2645 3945 2697 3998; x_wconf 84' lang='lat' dir='ltr'><strong>in</strong></span> <span class='ocrx_word' id='word_1_582' title='bbox 2722 3940 3014 3998; x_wconf 60' lang='lat' dir='ltr'><strong>coelestibus</strong></span> <span class='ocrx_word' id='word_1_583' title='bbox 3033 3939 3084 3993; x_wconf 78' lang='grc' dir='ltr'><strong>ιι.</strong></span> 
     </span>
    </p>
   </div>
   <div class='ocr_carea' id='block_1_81' title="bbox 321 4031 3332 4117">
    <p class='ocr_par' dir='ltr' id='par_1_81' title="bbox 321 4031 3332 4117">
     <span class='ocr_line' id='line_1_81' title="bbox 321 4031 3332 4117; baseline -0 -31"><span class='ocrx_word' id='word_1_584' title='bbox 321 4035 448 4096; x_wconf 81' lang='grc' dir='ltr'><strong>τοῖς</strong></span> <span class='ocrx_word' id='word_1_585' title='bbox 498 4032 600 4102; x_wconf 83' lang='grc' dir='ltr'><strong>τῆς</strong></span> <span class='ocrx_word' id='word_1_586' title='bbox 659 4032 915 4097; x_wconf 78' lang='grc' dir='ltr'><strong>ἀσεϐείας</strong></span> <span class='ocrx_word' id='word_1_587' title='bbox 963 4033 1178 4100; x_wconf 87' lang='grc' dir='ltr'><strong>ἀδύτοις</strong></span> <span class='ocrx_word' id='word_1_588' title='bbox 1223 4038 1643 4110; x_wconf 87' lang='grc' dir='ltr'><strong>περιδράττεται</strong></span> <span class='ocrx_word' id='word_1_589' title='bbox 1677 4046 1880 4116; x_wconf 86' lang='grc' dir='ltr'><strong>ταύτης</strong></span> <span class='ocrx_word' id='word_1_590' title='bbox 1905 4045 2130 4117; x_wconf 77' lang='grc' dir='ltr'><strong>ἀρρήτῳ</strong></span> <span class='ocrx_word' id='word_1_591' title='bbox 2181 4040 2591 4113; x_wconf 74' lang='grc' dir='ltr'><strong>φιλανθρωπίας</strong></span> <span class='ocrx_word' id='word_1_592' title='bbox 2619 4039 2854 4109; x_wconf 79' lang='grc' dir='ltr'><strong>πλούτῳ,</strong></span> <span class='ocrx_word' id='word_1_593' title='bbox 2897 4036 2993 4090; x_wconf 76' lang='grc' dir='ltr'><strong>καὶ</strong></span> <span class='ocrx_word' id='word_1_594' title='bbox 3020 4035 3129 4087; x_wconf 84' lang='grc' dir='ltr'><strong>τῶν</strong></span> <span class='ocrx_word' id='word_1_595' title='bbox 3145 4031 3332 4103; x_wconf 82' lang='grc' dir='ltr'><strong>μυχῶν</strong></span> 
     </span>
    </p>
   </div>
   <div class='ocr_carea' id='block_1_82' title="bbox 82 4122 3336 4212">
    <p class='ocr_par' dir='ltr' id='par_1_82' title="bbox 82 4122 3336 4212">
     <span class='ocr_line' id='line_1_82' title="bbox 82 4122 3336 4212; baseline 0.002 -38"><span class='ocrx_word' id='word_1_596' title='bbox 82 4122 253 4193; x_wconf 73' lang='grc' dir='ltr'><strong>ταύτην</strong></span> <span class='ocrx_word' id='word_1_597' title='bbox 273 4125 607 4187; x_wconf 80' lang='grc' dir='ltr'><strong>ἀνασπάσας</strong></span> <span class='ocrx_word' id='word_1_598' title='bbox 628 4123 722 4177; x_wconf 81' lang='grc' dir='ltr'><strong>τοῦ</strong></span> <span class='ocrx_word' id='word_1_599' title='bbox 751 4125 878 4197; x_wconf 71' lang='grc' dir='ltr'><strong>ᾅδου</strong></span> <span class='ocrx_word' id='word_1_600' title='bbox 905 4127 998 4182; x_wconf 67' lang='grc' dir='ltr'><strong>καὶ</strong></span> <span class='ocrx_word' id='word_1_601' title='bbox 1021 4127 1067 4161; x_wconf 77' lang='grc'><strong>’⁸⁷</strong></span> <span class='ocrx_word' id='word_1_602' title='bbox 1090 4131 1480 4201; x_wconf 67' lang='grc' dir='ltr'><strong>συνανυφώσας</strong></span> <span class='ocrx_word' id='word_1_603' title='bbox 1505 4137 1668 4192; x_wconf 83' lang='grc' dir='ltr'><strong>αὑτοῦ</strong></span> <span class='ocrx_word' id='word_1_604' title='bbox 1684 4142 1752 4212; x_wconf 81' lang='grc' dir='ltr'><strong>τῇ</strong></span> <span class='ocrx_word' id='word_1_605' title='bbox 1786 4139 2000 4210; x_wconf 84' lang='grc' dir='ltr'><strong>θεότητι</strong></span> <span class='ocrx_word' id='word_1_606' title='bbox 2042 4134 2418 4206; x_wconf 82' lang='grc' dir='ltr'><strong>πλαστουργὸς</strong></span> <span class='ocrx_word' id='word_1_607' title='bbox 2443 4136 2472 4187; x_wconf 84' lang='grc' dir='ltr'>ὁ</span> <span class='ocrx_word' id='word_1_608' title='bbox 2506 4130 2964 4201; x_wconf 88' lang='grc' dir='ltr'><strong>πλαστούργημα,</strong></span> <span class='ocrx_word' id='word_1_609' title='bbox 2992 4129 3103 4190; x_wconf 87' lang='grc' dir='ltr'><strong>τοῖς</strong></span> <span class='ocrx_word' id='word_1_610' title='bbox 3132 4143 3336 4196; x_wconf 85' lang='grc' dir='ltr'><strong>πατρι-</strong></span> 
     </span>
    </p>
   </div>
   <div class='ocr_carea' id='block_1_83' title="bbox 82 4218 3332 4305">
    <p class='ocr_par' dir='ltr' id='par_1_83' title="bbox 82 4218 3332 4305">
     <span class='ocr_line' id='line_1_83' title="bbox 82 4218 3332 4305; baseline 0.003 -37"><span class='ocrx_word' id='word_1_611' title='bbox 82 4219 173 4280; x_wconf 78' lang='grc' dir='ltr'><strong>κοῖς</strong></span> <span class='ocrx_word' id='word_1_612' title='bbox 194 4218 419 4282; x_wconf 82' lang='grc' dir='ltr'><strong>κόλποις</strong></span> <span class='ocrx_word' id='word_1_613' title='bbox 448 4218 716 4288; x_wconf 79' lang='grc' dir='ltr'><strong>ἐνίδρυσε.</strong></span> <span class='ocrx_word' id='word_1_614' title='bbox 747 4221 846 4273; x_wconf 86' lang='grc' dir='ltr'><strong>Διά</strong></span> <span class='ocrx_word' id='word_1_615' title='bbox 887 4222 1045 4276; x_wconf 79' lang='grc' dir='ltr'><strong>τοῦτο</strong></span> <span class='ocrx_word' id='word_1_616' title='bbox 1065 4224 1160 4277; x_wconf 80' lang='grc' dir='ltr'><strong>καὶ</strong></span> <span class='ocrx_word' id='word_1_617' title='bbox 1188 4225 1401 4292; x_wconf 79' lang='grc' dir='ltr'><strong>Παῦλος</strong></span> <span class='ocrx_word' id='word_1_618' title='bbox 1416 4229 1547 4284; x_wconf 79' lang='grc' dir='ltr'><strong>ἐϐόα</strong></span> <span class='ocrx_word' id='word_1_619' title='bbox 1566 4247 1581 4261; x_wconf 86' lang='grc'><strong>·</strong></span> <span class='ocrx_word' id='word_1_620' title='bbox 1600 4234 1925 4305; x_wconf 77' lang='grc' dir='ltr'><strong>Συνήγειρε</strong></span> <span class='ocrx_word' id='word_1_621' title='bbox 1970 4233 2068 4288; x_wconf 74' lang='grc' dir='ltr'><strong>καὶ</strong></span> <span class='ocrx_word' id='word_1_622' title='bbox 2089 4229 2496 4286; x_wconf 78' lang='grc' dir='ltr'><strong>συνεκάθισεν</strong></span> <span class='ocrx_word' id='word_1_623' title='bbox 2513 4226 2672 4296; x_wconf 75' lang='grc' dir='ltr'><strong>ἡμᾶς</strong></span> <span class='ocrx_word' id='word_1_624' title='bbox 2693 4226 2766 4280; x_wconf 78' lang='grc' dir='ltr'><strong>ἐν</strong></span> <span class='ocrx_word' id='word_1_625' title='bbox 2781 4223 2907 4291; x_wconf 81' lang='grc' dir='ltr'><strong>τοῖς</strong></span> <span class='ocrx_word' id='word_1_626' title='bbox 2933 4223 3332 4292; x_wconf 79' lang='grc' dir='ltr'><strong>ἐπουρανίοις.</strong></span> 
     </span>
    </p>
   </div>
   <div class='ocr_carea' id='block_1_84' title="bbox 768 4312 928 4367">
    <p class='ocr_par' dir='ltr' id='par_1_84' title="bbox 768 4312 928 4367">
     <span class='ocr_line' id='line_1_84' title="bbox 768 4312 928 4367; baseline 0.031 -5"><span class='ocrx_word' id='word_1_627' title='bbox 768 4312 928 4367; x_wconf 86' lang='grc' dir='ltr'><strong>ΣΟΖ’.</strong></span> 
     </span>
    </p>
   </div>
   <div class='ocr_carea' id='block_1_85' title="bbox 85 4400 1640 4479">
    <p class='ocr_par' dir='ltr' id='par_1_85' title="bbox 85 4400 1640 4479">
     <span class='ocr_line' id='line_1_85' title="bbox 85 4400 1640 4479; baseline 0.01 -26"><span class='ocrx_word' id='word_1_628' title='bbox 85 4400 174 4454; x_wconf 83' lang='grc' dir='ltr'><strong>Τοῦ</strong></span> <span class='ocrx_word' id='word_1_629' title='bbox 202 4401 646 4471; x_wconf 81' lang='grc' dir='ltr'><strong>Χρυσοστόμου</strong></span> <span class='ocrx_word' id='word_1_630' title='bbox 680 4402 748 4456; x_wconf 76' lang='grc' dir='ltr'><strong>ἐκ</strong></span> <span class='ocrx_word' id='word_1_631' title='bbox 790 4402 900 4479; x_wconf 78' lang='grc' dir='ltr'><strong>τῆς</strong></span> <span class='ocrx_word' id='word_1_632' title='bbox 944 4405 1077 4479; x_wconf 65' lang='grc' dir='ltr'><strong>περὶ</strong></span> <span class='ocrx_word' id='word_1_633' title='bbox 1107 4407 1216 4462; x_wconf 83' lang='grc' dir='ltr'><strong>τοῦ</strong></span> <span class='ocrx_word' id='word_1_634' title='bbox 1244 4410 1419 4479; x_wconf 79' lang='grc' dir='ltr'><strong>ἁγίου</strong></span> <span class='ocrx_word' id='word_1_635' title='bbox 1451 4413 1640 4468; x_wconf 81' lang='grc' dir='ltr'><strong>Πνεύ-</strong></span> 
     </span>
    </p>
   </div>
   <div class='ocr_carea' id='block_1_86' title="bbox 565 4476 1118 4544">
    <p class='ocr_par' dir='ltr' id='par_1_86' title="bbox 565 4476 1118 4544">
     <span class='ocr_line' id='line_1_86' title="bbox 565 4476 1118 4544; baseline 0.011 -20"><span class='ocrx_word' id='word_1_636' title='bbox 565 4489 755 4540; x_wconf 80' lang='grc' dir='ltr'><strong>ματος</strong></span> <span class='ocrx_word' id='word_1_637' title='bbox 779 4479 830 4525; x_wconf 86' lang='grc' dir='ltr'><strong>α’</strong></span> <span class='ocrx_word' id='word_1_638' title='bbox 859 4476 1118 4544; x_wconf 82' lang='grc' dir='ltr'><strong>ὁμιλίας.</strong></span> 
     </span>
    </p>
   </div>
   <div class='ocr_carea' id='block_1_87' title="bbox 144 4561 1636 4642">
    <p class='ocr_par' dir='ltr' id='par_1_87' title="bbox 144 4561 1636 4642">
     <span class='ocr_line' id='line_1_87' title="bbox 144 4561 1636 4642; baseline 0.008 -27"><span class='ocrx_word' id='word_1_639' title='bbox 144 4561 488 4633; x_wconf 81' lang='grc' dir='ltr'><strong>Ἀνεγνὼσθη</strong></span> <span class='ocrx_word' id='word_1_640' title='bbox 537 4562 631 4617; x_wconf 82' lang='grc' dir='ltr'><strong>τοῦ</strong></span> <span class='ocrx_word' id='word_1_641' title='bbox 661 4565 1050 4635; x_wconf 84' lang='grc' dir='ltr'><strong>Χρυσοστόμου</strong></span> <span class='ocrx_word' id='word_1_642' title='bbox 1102 4568 1168 4621; x_wconf 79' lang='grc' dir='ltr'><strong>ἐκ</strong></span> <span class='ocrx_word' id='word_1_643' title='bbox 1200 4569 1299 4639; x_wconf 83' lang='grc' dir='ltr'><strong>τῆς</strong></span> <span class='ocrx_word' id='word_1_644' title='bbox 1357 4573 1485 4642; x_wconf 74' lang='grc' dir='ltr'><strong>περὶ</strong></span> <span class='ocrx_word' id='word_1_645' title='bbox 1540 4573 1636 4627; x_wconf 81' lang='grc' dir='ltr'><strong>τοῦ</strong></span> 
     </span>
    </p>
   </div>
   <div class='ocr_carea' id='block_1_88' title="bbox 2330 4319 2679 4377">
    <p class='ocr_par' dir='ltr' id='par_1_88' title="bbox 2330 4319 2679 4377">
     <span class='ocr_line' id='line_1_88' title="bbox 2330 4319 2679 4377; baseline -0.014 0"><span class='ocrx_word' id='word_1_646' title='bbox 2330 4319 2679 4377; x_wconf 72' lang='lat' dir='ltr'><strong>CCLXXVII.</strong></span> 
     </span>
    </p>
   </div>
   <div class='ocr_carea' id='block_1_89' title="bbox 1747 4408 3333 4490">
    <p class='ocr_par' dir='ltr' id='par_1_89' title="bbox 1747 4408 3333 4490">
     <span class='ocr_line' id='line_1_89' title="bbox 1747 4408 3333 4490; baseline -0.007 -15"><span class='ocrx_word' id='word_1_647' title='bbox 1747 4419 2020 4490; x_wconf 75' lang='lat' dir='ltr'><strong>Excerpta</strong></span> <span class='ocrx_word' id='word_1_648' title='bbox 2073 4431 2140 4474; x_wconf 75' lang='lat' dir='ltr'><strong>ea:</strong></span> <span class='ocrx_word' id='word_1_649' title='bbox 2198 4414 2508 4490; x_wconf 60' lang='lat' dir='ltr'><strong>Homjliol</strong></span> <span class='ocrx_word' id='word_1_650' title='bbox 2574 4410 2801 4465; x_wconf 78' lang='lat' dir='ltr'><strong>Joannis</strong></span> <span class='ocrx_word' id='word_1_651' title='bbox 2859 4408 3221 4481; x_wconf 76' lang='lat' dir='ltr'><strong>Cltrysostomi</strong></span> <span class='ocrx_word' id='word_1_652' title='bbox 3267 4412 3333 4464; x_wconf 86' lang='lat' dir='ltr'><strong>de</strong></span> 
     </span>
    </p>
   </div>
   <div class='ocr_carea' id='block_1_90' title="bbox 2315 4484 2757 4554">
    <p class='ocr_par' dir='ltr' id='par_1_90' title="bbox 2315 4484 2757 4554">
     <span class='ocr_line' id='line_1_90' title="bbox 2315 4484 2757 4554; baseline -0.011 -14"><span class='ocrx_word' id='word_1_653' title='bbox 2315 4484 2522 4554; x_wconf 79' lang='lat' dir='ltr'><strong>Spiritu</strong></span> <span class='ocrx_word' id='word_1_654' title='bbox 2551 4493 2757 4536; x_wconf 74' lang='lat' dir='ltr'><strong>sancto.</strong></span> 
     </span>
    </p>
   </div>
   <div class='ocr_carea' id='block_1_91' title="bbox 1815 4571 3334 4650">
    <p class='ocr_par' dir='ltr' id='par_1_91' title="bbox 1815 4571 3334 4650">
     <span class='ocr_line' id='line_1_91' title="bbox 1815 4571 3334 4650; baseline -0.004 -16"><span class='ocrx_word' id='word_1_655' title='bbox 1815 4578 1943 4650; x_wconf 77' lang='lat' dir='ltr'><strong>Legi</strong></span> <span class='ocrx_word' id='word_1_656' title='bbox 1984 4579 2214 4649; x_wconf 89' lang='lat' dir='ltr'><strong>primam</strong></span> <span class='ocrx_word' id='word_1_657' title='bbox 2261 4575 2556 4631; x_wconf 86' lang='lat' dir='ltr'><strong>Homiliam</strong></span> <span class='ocrx_word' id='word_1_658' title='bbox 2591 4571 2969 4646; x_wconf 83' lang='lat' dir='ltr'><strong>Chrysostomi</strong></span> <span class='ocrx_word' id='word_1_659' title='bbox 3013 4572 3082 4628; x_wconf 89' lang='lat' dir='ltr'><strong>de</strong></span> <span class='ocrx_word' id='word_1_660' title='bbox 3128 4572 3334 4642; x_wconf 87' lang='lat' dir='ltr'><strong>Spiritu</strong></span> 
     </span>
    </p>
   </div>
   <div class='ocr_carea' id='block_1_92' title="bbox 77 4653 1636 4740">
    <p class='ocr_par' dir='ltr' id='par_1_92' title="bbox 77 4653 1636 4740">
     <span class='ocr_line' id='line_1_92' title="bbox 77 4653 1636 4740; baseline 0.017 -37"><span class='ocrx_word' id='word_1_661' title='bbox 77 4653 211 4740; x_wconf 70' lang='grc' dir='ltr'><strong>ἀγίου</strong></span> <span class='ocrx_word' id='word_1_662' title='bbox 231 4655 553 4725; x_wconf 86' lang='grc' dir='ltr'><strong>Πνεύματος</strong></span> <span class='ocrx_word' id='word_1_663' title='bbox 585 4659 809 4726; x_wconf 84' lang='grc' dir='ltr'><strong>πρώτης</strong></span> <span class='ocrx_word' id='word_1_664' title='bbox 841 4657 1075 4727; x_wconf 81' lang='grc' dir='ltr'><strong>ὁμιλίας,</strong></span> <span class='ocrx_word' id='word_1_665' title='bbox 1102 4655 1170 4732; x_wconf 76' lang='grc' dir='ltr'><strong>ἧς</strong></span> <span class='ocrx_word' id='word_1_666' title='bbox 1197 4660 1242 4692; x_wconf 66' lang='grc'><strong>⁸⁸</strong></span> <span class='ocrx_word' id='word_1_667' title='bbox 1271 4662 1486 4735; x_wconf 66' lang='grc' dir='ltr'><strong>ἡάρχὴ,</strong></span> <span class='ocrx_word' id='word_1_668' title='bbox 1512 4665 1636 4729; x_wconf 59' lang='grc' dir='ltr'><strong>Χθὲε</strong></span> 
     </span>
    </p>
   </div>
   <div class='ocr_carea' id='block_1_93' title="bbox 1742 4653 3336 4740">
    <p class='ocr_par' dir='ltr' id='par_1_93' title="bbox 1761 4664 3336 4740">
     <span class='ocr_line' id='line_1_93' title="bbox 1761 4664 3336 4740; baseline -0.006 -13"><span class='ocrx_word' id='word_1_669' title='bbox 1761 4681 1973 4737; x_wconf 89' lang='lat' dir='ltr'><strong>sancto,</strong></span> <span class='ocrx_word' id='word_1_670' title='bbox 2003 4670 2164 4740; x_wconf 90' lang='lat' dir='ltr'><strong>cujus</strong></span> <span class='ocrx_word' id='word_1_671' title='bbox 2193 4669 2299 4724; x_wconf 90' lang='lat' dir='ltr'><strong>hoc</strong></span> <span class='ocrx_word' id='word_1_672' title='bbox 2323 4668 2538 4722; x_wconf 91' lang='lat' dir='ltr'><strong>initium</strong></span> <span class='ocrx_word' id='word_1_673' title='bbox 2570 4685 2586 4722; x_wconf 89' lang='lat'><strong>:</strong></span> <span class='ocrx_word' id='word_1_674' title='bbox 2617 4664 2744 4720; x_wconf 83' lang='lat' dir='ltr'><strong>Heri</strong></span> <span class='ocrx_word' id='word_1_675' title='bbox 2782 4665 2962 4730; x_wconf 88' lang='lat' dir='ltr'><strong>nobis,</strong></span> <span class='ocrx_word' id='word_1_676' title='bbox 2995 4679 3028 4719; x_wconf 91' lang='grc' dir='ltr'><strong>ο</strong></span> <span class='ocrx_word' id='word_1_677' title='bbox 3062 4674 3336 4718; x_wconf 87' lang='lat' dir='ltr'><strong>amatores</strong></span> 
     </span>
    </p>
   </div>
   <div class='ocr_carea' id='block_1_94' title="bbox 81 4739 1647 4823">
    <p class='ocr_par' dir='ltr' id='par_1_94' title="bbox 81 4739 1647 4823">
     <span class='ocr_line' id='line_1_94' title="bbox 81 4739 1647 4823; baseline 0.005 -23"><span class='ocrx_word' id='word_1_678' title='bbox 81 4739 208 4808; x_wconf 75' lang='grc' dir='ltr'><strong>ἡμῖν.</strong></span> <span class='ocrx_word' id='word_1_679' title='bbox 240 4741 286 4800; x_wconf 76' lang='grc' dir='ltr'>ὦ</span> <span class='ocrx_word' id='word_1_680' title='bbox 315 4750 658 4818; x_wconf 83' lang='grc' dir='ltr'><strong>φιλόχριστοι</strong></span> <span class='ocrx_word' id='word_1_681' title='bbox 686 4751 754 4816; x_wconf 75' lang='lat'><strong>”,</strong></span> <span class='ocrx_word' id='word_1_682' title='bbox 779 4751 828 4802; x_wconf 80' lang='lat' dir='ltr'><strong>oi</strong></span> <span class='ocrx_word' id='word_1_683' title='bbox 868 4749 1246 4823; x_wconf 80' lang='grc' dir='ltr'><strong>ψευδόχριστοι</strong></span> <span class='ocrx_word' id='word_1_684' title='bbox 1292 4754 1384 4822; x_wconf 85' lang='grc' dir='ltr'><strong>ἀφ’</strong></span> <span class='ocrx_word' id='word_1_685' title='bbox 1435 4756 1647 4810; x_wconf 80' lang='grc' dir='ltr'><strong>ἑαυτῶν</strong></span> 
     </span>
    </p>
   </div>
   <div class='ocr_carea' id='block_1_95' title="bbox 81 4828 1654 4915">
    <p class='ocr_par' dir='ltr' id='par_1_95' title="bbox 81 4828 1654 4915">
     <span class='ocr_line' id='line_1_95' title="bbox 81 4828 1654 4915; baseline 0.013 -32"><span class='ocrx_word' id='word_1_686' title='bbox 81 4828 299 4895; x_wconf 76' lang='grc' dir='ltr'><strong>ὶλάλουν,</strong></span> <span class='ocrx_word' id='word_1_687' title='bbox 321 4840 425 4892; x_wconf 68' lang='grc' dir='ltr'><strong>οὐκ</strong></span> <span class='ocrx_word' id='word_1_688' title='bbox 455 4844 523 4892; x_wconf 79' lang='grc' dir='ltr'><strong>ὲκ</strong></span> <span class='ocrx_word' id='word_1_689' title='bbox 548 4841 738 4910; x_wconf 85' lang='grc' dir='ltr'><strong>νόμου,</strong></span> <span class='ocrx_word' id='word_1_690' title='bbox 768 4841 870 4894; x_wconf 84' lang='grc' dir='ltr'><strong>οὐκ</strong></span> <span class='ocrx_word' id='word_1_691' title='bbox 926 4843 994 4896; x_wconf 77' lang='grc' dir='ltr'><strong>ἐκ</strong></span> <span class='ocrx_word' id='word_1_692' title='bbox 1031 4845 1346 4915; x_wconf 88' lang='grc' dir='ltr'><strong>προφητῶν,</strong></span> <span class='ocrx_word' id='word_1_693' title='bbox 1373 4847 1488 4901; x_wconf 86' lang='grc' dir='ltr'><strong>ἀλλ’</strong></span> <span class='ocrx_word' id='word_1_694' title='bbox 1543 4849 1654 4903; x_wconf 82' lang='grc' dir='ltr'><strong>ἀπὸ</strong></span> 
     </span>
    </p>
   </div>
   <div class='ocr_carea' id='block_1_96' title="bbox 83 4921 1654 5013">
    <p class='ocr_par' dir='ltr' id='par_1_96' title="bbox 83 4921 1654 5013">
     <span class='ocr_line' id='line_1_96' title="bbox 83 4921 1654 5013; baseline 0.015 -39"><span class='ocrx_word' id='word_1_695' title='bbox 83 4921 161 4991; x_wconf 76' lang='grc' dir='ltr'><strong>τῆς</strong></span> <span class='ocrx_word' id='word_1_696' title='bbox 207 4923 343 4990; x_wconf 88' lang='grc' dir='ltr'><strong>ίδίας</strong></span> <span class='ocrx_word' id='word_1_697' title='bbox 387 4925 617 4998; x_wconf 84' lang='grc' dir='ltr'><strong>γνώμης</strong></span> <span class='ocrx_word' id='word_1_698' title='bbox 663 4935 756 4985; x_wconf 74' lang='grc' dir='ltr'><strong>καὶ</strong></span> <span class='ocrx_word' id='word_1_699' title='bbox 828 4934 1025 5004; x_wconf 82' lang='grc' dir='ltr'><strong>ὁρμῆς.</strong></span> <span class='ocrx_word' id='word_1_700' title='bbox 1068 4936 1126 4990; x_wconf 90' lang='lat'><strong>&#39;0</strong></span> <span class='ocrx_word' id='word_1_701' title='bbox 1181 4937 1239 4993; x_wconf 83' lang='grc' dir='ltr'><strong>δὲ</strong></span> <span class='ocrx_word' id='word_1_702' title='bbox 1306 4940 1494 5013; x_wconf 81' lang='grc' dir='ltr'><strong>Σωτὴρ</strong></span> <span class='ocrx_word' id='word_1_703' title='bbox 1552 4943 1654 4998; x_wconf 82' lang='grc' dir='ltr'><strong>οὐκ</strong></span> 
     </span>
    </p>
   </div>
   <div class='ocr_carea' id='block_1_97' title="bbox 86 5013 1652 5103">
    <p class='ocr_par' dir='ltr' id='par_1_97' title="bbox 86 5013 1652 5103">
     <span class='ocr_line' id='line_1_97' title="bbox 86 5013 1652 5103; baseline 0.017 -40"><span class='ocrx_word' id='word_1_704' title='bbox 86 5013 268 5088; x_wconf 77' lang='grc' dir='ltr'><strong>ἀπέστη</strong></span> <span class='ocrx_word' id='word_1_705' title='bbox 315 5019 516 5089; x_wconf 84' lang='grc' dir='ltr'><strong>νόμου,</strong></span> <span class='ocrx_word' id='word_1_706' title='bbox 565 5021 664 5074; x_wconf 84' lang='grc' dir='ltr'><strong>ούκ</strong></span> <span class='ocrx_word' id='word_1_707' title='bbox 708 5024 1133 5094; x_wconf 76' lang='grc' dir='ltr'><strong>ἐγκαταλέλοιπε</strong></span> <span class='ocrx_word' id='word_1_708' title='bbox 1190 5034 1500 5103; x_wconf 85' lang='grc' dir='ltr'><strong>προφήτας,</strong></span> <span class='ocrx_word' id='word_1_709' title='bbox 1537 5036 1652 5089; x_wconf 87' lang='grc' dir='ltr'><strong>ἀλλ’</strong></span> 
     </span>
    </p>
   </div>
   <div class='ocr_carea' id='block_1_98' title="bbox 89 5103 1653 5196">
    <p class='ocr_par' dir='ltr' id='par_1_98' title="bbox 89 5103 1653 5196">
     <span class='ocr_line' id='line_1_98' title="bbox 89 5103 1653 5196; baseline 0.019 -43"><span class='ocrx_word' id='word_1_710' title='bbox 89 5103 213 5174; x_wconf 71' lang='grc' dir='ltr'><strong>ἔλεγε</strong></span> <span class='ocrx_word' id='word_1_711' title='bbox 235 5109 330 5163; x_wconf 76' lang='grc' dir='ltr'><strong>νῖιν</strong></span> <span class='ocrx_word' id='word_1_712' title='bbox 359 5111 487 5180; x_wconf 80' lang='grc' dir='ltr'><strong>μὲν,</strong></span> <span class='ocrx_word' id='word_1_713' title='bbox 514 5115 725 5181; x_wconf 74' lang='grc' dir='ltr'><strong>Καλῶς</strong></span> <span class='ocrx_word' id='word_1_714' title='bbox 746 5113 916 5172; x_wconf 76' lang='grc' dir='ltr'><strong>είπεν</strong></span> <span class='ocrx_word' id='word_1_715' title='bbox 946 5119 1204 5188; x_wconf 80' lang='grc' dir='ltr'><strong>Ἡσαΐας,</strong></span> <span class='ocrx_word' id='word_1_716' title='bbox 1237 5123 1330 5177; x_wconf 83' lang='grc' dir='ltr'><strong>νῦν</strong></span> <span class='ocrx_word' id='word_1_717' title='bbox 1346 5124 1426 5191; x_wconf 84' lang='grc' dir='ltr'><strong>δὲ,</strong></span> <span class='ocrx_word' id='word_1_718' title='bbox 1452 5129 1534 5181; x_wconf 85' lang='grc' dir='ltr'><strong>Οὐ</strong></span> <span class='ocrx_word' id='word_1_719' title='bbox 1555 5127 1653 5196; x_wconf 76' lang='grc' dir='ltr'><strong>γέ·</strong></span> 
     </span>
    </p>
   </div>
   <div class='ocr_carea' id='block_1_99' title="bbox 89 5204 1643 5302">
    <p class='ocr_par' dir='ltr' id='par_1_99' title="bbox 89 5204 1643 5302">
     <span class='ocr_line' id='line_1_99' title="bbox 89 5204 1643 5302; baseline 0.016 -51"><span class='ocrx_word' id='word_1_720' title='bbox 89 5212 327 5302; x_wconf 44' lang='lat' dir='ltr'><strong>Eufrat-</strong></span> <span class='ocrx_word' id='word_1_721' title='bbox 349 5204 541 5302; x_wconf 46' lang='grc' dir='ltr'><strong>ἐν.τῇ</strong></span> <span class='ocrx_word' id='word_1_722' title='bbox 565 5209 744 5302; x_wconf 41' lang='grc' dir='ltr'><strong>Δτρόμῳ</strong></span> <span class='ocrx_word' id='word_1_723' title='bbox 789 5213 976 5281; x_wconf 75' lang='grc' dir='ltr'><strong>ὑμῶν,</strong></span> <span class='ocrx_word' id='word_1_724' title='bbox 1017 5215 1112 5269; x_wconf 73' lang='grc' dir='ltr'><strong>καὶ</strong></span> <span class='ocrx_word' id='word_1_725' title='bbox 1172 5218 1345 5290; x_wconf 88' lang='grc' dir='ltr'><strong>μυρία</strong></span> <span class='ocrx_word' id='word_1_726' title='bbox 1392 5221 1643 5278; x_wconf 80' lang='grc' dir='ltr'><strong>τοιαῦτα.</strong></span> 
     </span>
    </p>
   </div>
   <div class='ocr_carea' id='block_1_100' title="bbox 112 5283 1644 5372">
    <p class='ocr_par' dir='ltr' id='par_1_100' title="bbox 112 5283 1644 5372">
     <span class='ocr_line' id='line_1_100' title="bbox 112 5283 1644 5372; baseline 0.018 -34"><span class='ocrx_word' id='word_1_727' title='bbox 112 5283 225 5339; x_wconf 67' lang='grc' dir='ltr'><strong>Επεὶ</strong></span> <span class='ocrx_word' id='word_1_728' title='bbox 268 5290 368 5346; x_wconf 70' lang='grc' dir='ltr'><strong>οἷον</strong></span> <span class='ocrx_word' id='word_1_729' title='bbox 396 5293 450 5346; x_wconf 74' lang='grc' dir='ltr'><strong>οἱ</strong></span> <span class='ocrx_word' id='word_1_730' title='bbox 497 5294 746 5362; x_wconf 67' lang='grc' dir='ltr'><strong>ἐλθόντες</strong></span> <span class='ocrx_word' id='word_1_731' title='bbox 773 5302 879 5372; x_wconf 81' lang='grc' dir='ltr'><strong>πρὸ</strong></span> <span class='ocrx_word' id='word_1_732' title='bbox 921 5283 1186 5371; x_wconf 72' lang='grc' dir='ltr'><strong>Χριστοῦ,</strong></span> <span class='ocrx_word' id='word_1_733' title='bbox 1209 5283 1305 5360; x_wconf 79' lang='grc' dir='ltr'><strong>καὶ</strong></span> <span class='ocrx_word' id='word_1_734' title='bbox 1331 5307 1395 5361; x_wconf 77' lang='grc' dir='ltr'><strong>τὸ</strong></span> <span class='ocrx_word' id='word_1_735' title='bbox 1431 5311 1644 5364; x_wconf 77' lang='grc' dir='ltr'><strong>ἐκείνου</strong></span> 
     </span>
    </p>
   </div>
   <div class='ocr_carea' id='block_1_101' title="bbox 89 5380 1646 5469">
    <p class='ocr_par' dir='ltr' id='par_1_101' title="bbox 89 5380 1646 5469">
     <span class='ocr_line' id='line_1_101' title="bbox 89 5380 1646 5469; baseline 0.017 -40"><span class='ocrx_word' id='word_1_736' title='bbox 89 5380 382 5469; x_wconf 51' lang='grc' dir='ltr'><strong>⁸ῖ-εριθένιτες</strong></span> <span class='ocrx_word' id='word_1_737' title='bbox 432 5386 646 5451; x_wconf 73' lang='grc' dir='ltr'><strong>ἑαυτοῖς</strong></span> <span class='ocrx_word' id='word_1_738' title='bbox 688 5391 1007 5462; x_wconf 87' lang='grc' dir='ltr'><strong>κακούργως</strong></span> <span class='ocrx_word' id='word_1_739' title='bbox 1044 5393 1170 5464; x_wconf 73' lang='grc'><strong>[842</strong></span> <span class='ocrx_word' id='word_1_740' title='bbox 1209 5395 1305 5469; x_wconf 68' lang='lat' dir='ltr'><strong>IL]</strong></span> <span class='ocrx_word' id='word_1_741' title='bbox 1325 5397 1515 5469; x_wconf 77' lang='grc' dir='ltr'><strong>ὄνομα,</strong></span> <span class='ocrx_word' id='word_1_742' title='bbox 1546 5402 1646 5455; x_wconf 80' lang='grc' dir='ltr'><strong>οὐκ</strong></span> 
     </span>
    </p>
   </div>
   <div class='ocr_carea' id='block_1_102' title="bbox 88 5463 1648 5554">
    <p class='ocr_par' dir='ltr' id='par_1_102' title="bbox 88 5463 1648 5554">
     <span class='ocr_line' id='line_1_102' title="bbox 88 5463 1648 5554; baseline 0.016 -33"><span class='ocrx_word' id='word_1_743' title='bbox 88 5463 174 5519; x_wconf 72' lang='grc' dir='ltr'><strong>ἀπὸ</strong></span> <span class='ocrx_word' id='word_1_744' title='bbox 188 5471 298 5526; x_wconf 82' lang='grc' dir='ltr'><strong>τῶν</strong></span> <span class='ocrx_word' id='word_1_745' title='bbox 314 5475 482 5546; x_wconf 78' lang='grc' dir='ltr'><strong>ἱερῶν</strong></span> <span class='ocrx_word' id='word_1_746' title='bbox 500 5477 754 5548; x_wconf 82' lang='grc' dir='ltr'><strong>Γραφῶν,</strong></span> <span class='ocrx_word' id='word_1_747' title='bbox 773 5480 887 5533; x_wconf 83' lang='grc' dir='ltr'><strong>ἀλλ’</strong></span> <span class='ocrx_word' id='word_1_748' title='bbox 911 5482 973 5534; x_wconf 83' lang='grc' dir='ltr'><strong>ὲκ</strong></span> <span class='ocrx_word' id='word_1_749' title='bbox 998 5463 1096 5553; x_wconf 63' lang='grc' dir='ltr'><strong>τῆς</strong></span> <span class='ocrx_word' id='word_1_750' title='bbox 1123 5484 1258 5550; x_wconf 88' lang='grc' dir='ltr'><strong>ίδίας</strong></span> <span class='ocrx_word' id='word_1_751' title='bbox 1285 5463 1551 5554; x_wconf 71' lang='grc' dir='ltr'><strong>ἀπονοίας</strong></span> <span class='ocrx_word' id='word_1_752' title='bbox 1578 5493 1648 5546; x_wconf 82' lang='grc' dir='ltr'><strong>τὰ</strong></span> 
     </span>
    </p>
   </div>
   <div class='ocr_carea' id='block_1_103' title="bbox 144 5559 1674 5645">
    <p class='ocr_par' dir='ltr' id='par_1_103' title="bbox 144 5559 1674 5645">
     <span class='ocr_line' id='line_1_103' title="bbox 144 5559 1674 5645; baseline 0.014 -30"><span class='ocrx_word' id='word_1_753' title='bbox 144 5559 168 5600; x_wconf 77' lang='grc' dir='ltr'><strong>ιι</strong></span> <span class='ocrx_word' id='word_1_754' title='bbox 189 5561 402 5636; x_wconf 77' lang='lat' dir='ltr'><strong>Ephes.</strong></span> <span class='ocrx_word' id='word_1_755' title='bbox 428 5583 488 5633; x_wconf 85' lang='lat' dir='ltr'><strong>tl,</strong></span> <span class='ocrx_word' id='word_1_756' title='bbox 519 5570 574 5625; x_wconf 88' lang='lat'><strong>6.</strong></span> <span class='ocrx_word' id='word_1_757' title='bbox 656 5568 674 5608; x_wconf 75' lang='grc' dir='ltr'><strong>ί</strong></span> <span class='ocrx_word' id='word_1_758' title='bbox 708 5569 896 5626; x_wconf 80' lang='lat' dir='ltr'><strong>Matth.</strong></span> <span class='ocrx_word' id='word_1_759' title='bbox 929 5588 1018 5640; x_wconf 81' lang='lat' dir='ltr'><strong>xv,</strong></span> <span class='ocrx_word' id='word_1_760' title='bbox 1047 5573 1102 5631; x_wconf 93' lang='lat'><strong>7.</strong></span> <span class='ocrx_word' id='word_1_761' title='bbox 1181 5572 1196 5625; x_wconf 83' lang='lat' dir='ltr'><strong>i</strong></span> <span class='ocrx_word' id='word_1_762' title='bbox 1245 5575 1402 5635; x_wconf 86' lang='lat' dir='ltr'><strong>Joan.</strong></span> <span class='ocrx_word' id='word_1_763' title='bbox 1435 5595 1555 5645; x_wconf 81' lang='lat' dir='ltr'><strong>Vill,</strong></span> <span class='ocrx_word' id='word_1_764' title='bbox 1586 5583 1674 5637; x_wconf 80' lang='lat' dir='ltr'><strong>t7.</strong></span> 
     </span>
    </p>
   </div>
   <div class='ocr_carea' id='block_1_104' title="bbox 1757 4755 3333 4830">
    <p class='ocr_par' dir='ltr' id='par_1_104' title="bbox 1757 4755 3333 4830">
     <span class='ocr_line' id='line_1_104' title="bbox 1757 4755 3333 4830; baseline -0.006 -14"><span class='ocrx_word' id='word_1_765' title='bbox 1757 4760 1989 4825; x_wconf 87' lang='lat' dir='ltr'><strong>Christi,</strong></span> <span class='ocrx_word' id='word_1_766' title='bbox 2045 4757 2447 4830; x_wconf 89' lang='lat' dir='ltr'><strong>pseudochristi</strong></span> <span class='ocrx_word' id='word_1_767' title='bbox 2501 4773 2532 4812; x_wconf 88' lang='lat' dir='ltr'><strong>a</strong></span> <span class='ocrx_word' id='word_1_768' title='bbox 2580 4755 2894 4827; x_wconf 90' lang='lat' dir='ltr'><strong>semetipsis</strong></span> <span class='ocrx_word' id='word_1_769' title='bbox 2934 4756 3333 4826; x_wconf 88' lang='lat' dir='ltr'><strong>loquebantur,</strong></span> 
     </span>
    </p>
   </div>
   <div class='ocr_carea' id='block_1_105' title="bbox 1756 4847 3334 4924">
    <p class='ocr_par' dir='ltr' id='par_1_105' title="bbox 1756 4847 3334 4924">
     <span class='ocr_line' id='line_1_105' title="bbox 1756 4847 3334 4924; baseline -0.007 -15"><span class='ocrx_word' id='word_1_770' title='bbox 1756 4869 1867 4909; x_wconf 87' lang='lat' dir='ltr'><strong>non</strong></span> <span class='ocrx_word' id='word_1_771' title='bbox 1905 4868 1971 4907; x_wconf 82' lang='lat' dir='ltr'><strong>ex</strong></span> <span class='ocrx_word' id='word_1_772' title='bbox 2001 4853 2138 4924; x_wconf 78' lang='lat' dir='ltr'><strong>lege,</strong></span> <span class='ocrx_word' id='word_1_773' title='bbox 2174 4865 2280 4904; x_wconf 92' lang='lat' dir='ltr'><strong>non</strong></span> <span class='ocrx_word' id='word_1_774' title='bbox 2312 4865 2380 4904; x_wconf 77' lang='lat' dir='ltr'><strong>ex</strong></span> <span class='ocrx_word' id='word_1_775' title='bbox 2421 4849 2729 4920; x_wconf 85' lang='lat' dir='ltr'><strong>prophetis,</strong></span> <span class='ocrx_word' id='word_1_776' title='bbox 2763 4847 2855 4903; x_wconf 89' lang='lat' dir='ltr'><strong>sed</strong></span> <span class='ocrx_word' id='word_1_777' title='bbox 2902 4862 2934 4902; x_wconf 91' lang='lat' dir='ltr'><strong>a</strong></span> <span class='ocrx_word' id='word_1_778' title='bbox 2981 4847 3207 4917; x_wconf 89' lang='lat' dir='ltr'><strong>proprio</strong></span> <span class='ocrx_word' id='word_1_779' title='bbox 3231 4861 3334 4901; x_wconf 90' lang='lat' dir='ltr'><strong>suo</strong></span> 
     </span>
    </p>
   </div>
   <div class='ocr_carea' id='block_1_106' title="bbox 1756 4938 3333 5012">
    <p class='ocr_par' dir='ltr' id='par_1_106' title="bbox 1756 4938 3333 5012">
     <span class='ocr_line' id='line_1_106' title="bbox 1756 4938 3333 5012; baseline -0.005 -12"><span class='ocrx_word' id='word_1_780' title='bbox 1756 4945 1941 5000; x_wconf 91' lang='lat' dir='ltr'><strong>animo</strong></span> <span class='ocrx_word' id='word_1_781' title='bbox 1967 4959 2031 5000; x_wconf 87' lang='lat' dir='ltr'><strong>ac</strong></span> <span class='ocrx_word' id='word_1_782' title='bbox 2066 4943 2275 5012; x_wconf 89' lang='lat' dir='ltr'><strong>impetu</strong></span> <span class='ocrx_word' id='word_1_783' title='bbox 2307 4960 2320 4996; x_wconf 88' lang='lat'><strong>:</strong></span> <span class='ocrx_word' id='word_1_784' title='bbox 2351 4939 2824 5011; x_wconf 58' lang='lat' dir='ltr'><strong>Salvator,autem</strong></span> <span class='ocrx_word' id='word_1_785' title='bbox 2875 4954 2984 4994; x_wconf 91' lang='lat' dir='ltr'><strong>non</strong></span> <span class='ocrx_word' id='word_1_786' title='bbox 3029 4938 3257 4993; x_wconf 87' lang='lat' dir='ltr'><strong>recessit</strong></span> <span class='ocrx_word' id='word_1_787' title='bbox 3299 4951 3333 4992; x_wconf 90' lang='lat' dir='ltr'><strong>a</strong></span> 
     </span>
    </p>
   </div>
   <div class='ocr_carea' id='block_1_107' title="bbox 1757 5023 3333 5106">
    <p class='ocr_par' dir='ltr' id='par_1_107' title="bbox 1757 5023 3333 5106">
     <span class='ocr_line' id='line_1_107' title="bbox 1757 5023 3333 5106; baseline -0.004 -18"><span class='ocrx_word' id='word_1_788' title='bbox 1757 5036 1896 5106; x_wconf 82' lang='lat' dir='ltr'><strong>lege,</strong></span> <span class='ocrx_word' id='word_1_789' title='bbox 1931 5051 2041 5090; x_wconf 89' lang='lat' dir='ltr'><strong>non</strong></span> <span class='ocrx_word' id='word_1_790' title='bbox 2075 5033 2296 5105; x_wconf 89' lang='lat' dir='ltr'><strong>reliquit</strong></span> <span class='ocrx_word' id='word_1_791' title='bbox 2339 5034 2651 5104; x_wconf 83' lang='lat' dir='ltr'><strong>prOphelas,</strong></span> <span class='ocrx_word' id='word_1_792' title='bbox 2701 5032 2798 5088; x_wconf 87' lang='lat' dir='ltr'><strong>sed</strong></span> <span class='ocrx_word' id='word_1_793' title='bbox 2832 5030 2968 5086; x_wconf 85' lang='lat' dir='ltr'><strong>dixit</strong></span> <span class='ocrx_word' id='word_1_794' title='bbox 3016 5023 3162 5084; x_wconf 71' lang='lat' dir='ltr'><strong>nunc</strong></span> <span class='ocrx_word' id='word_1_795' title='bbox 3207 5028 3333 5098; x_wconf 91' lang='lat' dir='ltr'><strong>qui-</strong></span> 
     </span>
    </p>
   </div>
   <div class='ocr_carea' id='block_1_108' title="bbox 1754 5119 3330 5196">
    <p class='ocr_par' dir='ltr' id='par_1_108' title="bbox 1754 5119 3330 5196">
     <span class='ocr_line' id='line_1_108' title="bbox 1754 5119 3330 5196; baseline -0.004 -15"><span class='ocrx_word' id='word_1_796' title='bbox 1754 5126 1877 5181; x_wconf 88' lang='lat' dir='ltr'><strong>dem</strong></span> <span class='ocrx_word' id='word_1_797' title='bbox 1901 5143 1914 5180; x_wconf 90' lang='lat'><strong>:</strong></span> <span class='ocrx_word' id='word_1_798' title='bbox 1941 5123 2082 5179; x_wconf 87' lang='lat' dir='ltr'><strong>Bene</strong></span> <span class='ocrx_word' id='word_1_799' title='bbox 2100 5125 2428 5196; x_wconf 79' lang='lat' dir='ltr'><strong>prophetavt&#39;t</strong></span> <span class='ocrx_word' id='word_1_800' title='bbox 2455 5122 2632 5179; x_wconf 80' lang='lat' dir='ltr'><strong>Isaias</strong></span> <span class='ocrx_word' id='word_1_801' title='bbox 2661 5125 2677 5164; x_wconf 80' lang='grc' dir='ltr'><strong>ί</strong></span> <span class='ocrx_word' id='word_1_802' title='bbox 2705 5141 2720 5190; x_wconf 90' lang='grc'><strong>;</strong></span> <span class='ocrx_word' id='word_1_803' title='bbox 2746 5138 2892 5178; x_wconf 89' lang='lat' dir='ltr'><strong>nunc</strong></span> <span class='ocrx_word' id='word_1_804' title='bbox 2914 5136 3076 5177; x_wconf 86' lang='lat' dir='ltr'><strong>vero:</strong></span> <span class='ocrx_word' id='word_1_805' title='bbox 3107 5119 3232 5174; x_wconf 84' lang='lat' dir='ltr'><strong>Non</strong></span> <span class='ocrx_word' id='word_1_806' title='bbox 3251 5129 3330 5175; x_wconf 76' lang='lat' dir='ltr'><strong>est</strong></span> 
     </span>
    </p>
   </div>
   <div class='ocr_carea' id='block_1_109' title="bbox 1753 5214 3332 5290">
    <p class='ocr_par' dir='ltr' id='par_1_109' title="bbox 1753 5214 3332 5290">
     <span class='ocr_line' id='line_1_109' title="bbox 1753 5214 3332 5290; baseline -0.003 -18"><span class='ocrx_word' id='word_1_807' title='bbox 1753 5219 1808 5272; x_wconf 79' lang='lat' dir='ltr'><strong>in</strong></span> <span class='ocrx_word' id='word_1_808' title='bbox 1830 5219 1941 5290; x_wconf 82' lang='lat' dir='ltr'><strong>lege</strong></span> <span class='ocrx_word' id='word_1_809' title='bbox 1962 5227 2137 5273; x_wconf 79' lang='lat' dir='ltr'><strong>vestra</strong></span> <span class='ocrx_word' id='word_1_810' title='bbox 2157 5218 2416 5288; x_wconf 78' lang='lat' dir='ltr'><strong>scriptum</strong></span> <span class='ocrx_word' id='word_1_811' title='bbox 2441 5216 2486 5272; x_wconf 87' lang='lat' dir='ltr'><strong>i.</strong></span> <span class='ocrx_word' id='word_1_812' title='bbox 2516 5225 2571 5272; x_wconf 89' lang='lat' dir='ltr'><strong>et</strong></span> <span class='ocrx_word' id='word_1_813' title='bbox 2593 5217 2722 5272; x_wconf 90' lang='lat' dir='ltr'><strong>talia</strong></span> <span class='ocrx_word' id='word_1_814' title='bbox 2746 5215 2982 5271; x_wconf 83' lang='lat' dir='ltr'><strong>inﬁnita.</strong></span> <span class='ocrx_word' id='word_1_815' title='bbox 3003 5214 3137 5270; x_wconf 88' lang='lat' dir='ltr'><strong>Cum</strong></span> <span class='ocrx_word' id='word_1_816' title='bbox 3163 5215 3332 5285; x_wconf 76' lang='lat' dir='ltr'><strong>igitur</strong></span> 
     </span>
    </p>
   </div>
   <div class='ocr_carea' id='block_1_110' title="bbox 1753 5307 3330 5380">
    <p class='ocr_par' dir='ltr' id='par_1_110' title="bbox 1753 5307 3330 5380">
     <span class='ocr_line' id='line_1_110' title="bbox 1753 5307 3330 5380; baseline 0 -18"><span class='ocrx_word' id='word_1_817' title='bbox 1753 5311 1848 5380; x_wconf 90' lang='lat' dir='ltr'><strong>qui</strong></span> <span class='ocrx_word' id='word_1_818' title='bbox 1881 5317 2149 5365; x_wconf 88' lang='lat' dir='ltr'><strong>venerunt</strong></span> <span class='ocrx_word' id='word_1_819' title='bbox 2174 5319 2301 5364; x_wconf 88' lang='lat' dir='ltr'><strong>ante</strong></span> <span class='ocrx_word' id='word_1_820' title='bbox 2333 5309 2636 5373; x_wconf 88' lang='lat' dir='ltr'><strong>Christum,</strong></span> <span class='ocrx_word' id='word_1_821' title='bbox 2677 5317 2733 5362; x_wconf 88' lang='lat' dir='ltr'><strong>et</strong></span> <span class='ocrx_word' id='word_1_822' title='bbox 2777 5307 2926 5362; x_wconf 87' lang='lat' dir='ltr'><strong>illius</strong></span> <span class='ocrx_word' id='word_1_823' title='bbox 2958 5321 3154 5361; x_wconf 89' lang='lat' dir='ltr'><strong>nomen</strong></span> <span class='ocrx_word' id='word_1_824' title='bbox 3191 5307 3330 5361; x_wconf 79' lang='lat' dir='ltr'><strong>falso</strong></span> 
     </span>
    </p>
   </div>
   <div class='ocr_carea' id='block_1_111' title="bbox 1754 5400 3328 5471">
    <p class='ocr_par' dir='ltr' id='par_1_111' title="bbox 1754 5400 3328 5471">
     <span class='ocr_line' id='line_1_111' title="bbox 1754 5400 3328 5471; baseline -0.001 -16"><span class='ocrx_word' id='word_1_825' title='bbox 1754 5401 1859 5456; x_wconf 87' lang='lat' dir='ltr'><strong>sibi</strong></span> <span class='ocrx_word' id='word_1_826' title='bbox 1910 5402 2314 5471; x_wconf 90' lang='lat' dir='ltr'><strong>imposuerunt,</strong></span> <span class='ocrx_word' id='word_1_827' title='bbox 2365 5418 2476 5457; x_wconf 92' lang='lat' dir='ltr'><strong>non</strong></span> <span class='ocrx_word' id='word_1_828' title='bbox 2527 5417 2558 5456; x_wconf 91' lang='lat' dir='ltr'><strong>e</strong></span> <span class='ocrx_word' id='word_1_829' title='bbox 2597 5414 2753 5456; x_wconf 90' lang='lat' dir='ltr'><strong>saera</strong></span> <span class='ocrx_word' id='word_1_830' title='bbox 2791 5400 3099 5470; x_wconf 89' lang='lat' dir='ltr'><strong>Scriptura,</strong></span> <span class='ocrx_word' id='word_1_831' title='bbox 3136 5401 3229 5455; x_wconf 84' lang='lat' dir='ltr'><strong>sed</strong></span> <span class='ocrx_word' id='word_1_832' title='bbox 3259 5416 3328 5455; x_wconf 77' lang='lat' dir='ltr'><strong>ex</strong></span> 
     </span>
    </p>
   </div>
   <div class='ocr_carea' id='block_1_112' title="bbox 1755 5493 3328 5566">
    <p class='ocr_par' dir='ltr' id='par_1_112' title="bbox 1755 5493 3328 5566">
     <span class='ocr_line' id='line_1_112' title="bbox 1755 5493 3328 5566; baseline -0.002 -17"><span class='ocrx_word' id='word_1_833' title='bbox 1755 5495 1978 5566; x_wconf 89' lang='lat' dir='ltr'><strong>propria</strong></span> <span class='ocrx_word' id='word_1_834' title='bbox 2011 5495 2266 5551; x_wconf 87' lang='lat' dir='ltr'><strong>vecordia</strong></span> <span class='ocrx_word' id='word_1_835' title='bbox 2331 5509 2574 5552; x_wconf 88' lang='lat' dir='ltr'><strong>errorem</strong></span> <span class='ocrx_word' id='word_1_836' title='bbox 2612 5493 2952 5564; x_wconf 80' lang='lat' dir='ltr'><strong>proferrent,</strong></span> <span class='ocrx_word' id='word_1_837' title='bbox 2997 5494 3130 5550; x_wconf 88' lang='lat' dir='ltr'><strong>dicit</strong></span> <span class='ocrx_word' id='word_1_838' title='bbox 3162 5493 3328 5550; x_wconf 82' lang='lat' dir='ltr'><strong>Chri-</strong></span> 
     </span>
    </p>
   </div>
   <div class='ocr_carea' id='block_1_113' title="bbox 1370 5671 2050 5731">
    <p class='ocr_par' dir='ltr' id='par_1_113' title="bbox 1370 5671 2050 5731">
     <span class='ocr_line' id='line_1_113' title="bbox 1370 5671 2050 5731; baseline 0.003 -6"><span class='ocrx_word' id='word_1_839' title='bbox 1370 5671 1610 5730; x_wconf 68' lang='lat' dir='ltr'><strong>VARIA‘I</strong></span> <span class='ocrx_word' id='word_1_840' title='bbox 1645 5673 2050 5731; x_wconf 75' lang='lat' dir='ltr'><strong>LECTIONLS.</strong></span> 
     </span>
    </p>
   </div>
   <div class='ocr_carea' id='block_1_114' title="bbox 117 5748 1544 5844">
    <p class='ocr_par' dir='ltr' id='par_1_114' title="bbox 117 5748 1544 5844">
     <span class='ocr_line' id='line_1_114' title="bbox 117 5748 1544 5844; baseline 0 0"><span class='ocrx_word' id='word_1_841' title='bbox 117 5748 456 5844; x_wconf 61' lang='grc' dir='ltr'><strong>,Τῖὲειελλον</strong></span> <span class='ocrx_word' id='word_1_842' title='bbox 489 5775 582 5844; x_wconf 73' lang='grc' dir='ltr'><strong>ςε.</strong></span> <span class='ocrx_word' id='word_1_843' title='bbox 651 5757 697 5844; x_wconf 73' lang='lat' dir='ltr'><strong>‘f</strong></span> <span class='ocrx_word' id='word_1_844' title='bbox 719 5758 959 5844; x_wconf 60' lang='grc' dir='ltr'><strong>ἀτξιξτξῖο</strong></span> <span class='ocrx_word' id='word_1_845' title='bbox 1030 5759 1457 5844; x_wconf 52' lang='grc' dir='ltr'><strong>ιξὶὲπιδιστάεῃ</strong></span> <span class='ocrx_word' id='word_1_846' title='bbox 1482 5785 1544 5832; x_wconf 59' lang='lat'><strong>:-</strong></span> 
     </span>
    </p>
   </div>
   <div class='ocr_carea' id='block_1_115' title="bbox 84 5823 1404 5900">
    <p class='ocr_par' dir='ltr' id='par_1_115' title="bbox 84 5823 1404 5900">
     <span class='ocr_line' id='line_1_115' title="bbox 84 5823 1404 5900; baseline 0.014 -28"><span class='ocrx_word' id='word_1_847' title='bbox 84 5823 336 5888; x_wconf 75' lang='grc' dir='ltr'><strong>κειμένοις</strong></span> <span class='ocrx_word' id='word_1_848' title='bbox 366 5842 432 5889; x_wconf 75' lang='grc' dir='ltr'><strong>ς’.</strong></span> <span class='ocrx_word' id='word_1_849' title='bbox 536 5826 582 5862; x_wconf 62' lang='grc' dir='ltr'><strong>ιτ</strong></span> <span class='ocrx_word' id='word_1_850' title='bbox 609 5826 702 5882; x_wconf 79' lang='grc' dir='ltr'><strong>καὶ</strong></span> <span class='ocrx_word' id='word_1_851' title='bbox 729 5827 857 5884; x_wconf 87' lang='lat' dir='ltr'><strong>add.</strong></span> <span class='ocrx_word' id='word_1_852' title='bbox 883 5831 950 5884; x_wconf 87' lang='lat' dir='ltr'><strong>A.</strong></span> <span class='ocrx_word' id='word_1_853' title='bbox 1027 5829 1072 5862; x_wconf 70' lang='lat'>&quot;</span> <span class='ocrx_word' id='word_1_854' title='bbox 1094 5823 1180 5900; x_wconf 77' lang='grc' dir='ltr'><strong>ἧς.</strong></span> <span class='ocrx_word' id='word_1_855' title='bbox 1257 5836 1302 5875; x_wconf 75' lang='grc' dir='ltr'><strong>⁸ο</strong></span> <span class='ocrx_word' id='word_1_856' title='bbox 1327 5823 1404 5900; x_wconf 66' lang='grc' dir='ltr'><strong>φιλ</strong></span> 
     </span>
    </p>
   </div>
   <div class='ocr_carea' id='block_1_116' title="bbox 1429 5762 3319 5855">
    <p class='ocr_par' dir='ltr' id='par_1_116' title="bbox 1429 5762 3319 5855">
     <span class='ocr_line' id='line_1_116' title="bbox 1429 5762 3319 5855; baseline -0.004 -33"><span class='ocrx_word' id='word_1_857' title='bbox 1429 5783 1544 5855; x_wconf 69' lang='grc' dir='ltr'><strong>ῃς.</strong></span> <span class='ocrx_word' id='word_1_858' title='bbox 1646 5769 1692 5800; x_wconf 76' lang='grc'><strong><em>⁵⁵</em></strong></span> <span class='ocrx_word' id='word_1_859' title='bbox 1725 5764 2142 5855; x_wconf 64' lang='grc' dir='ltr'><strong>συμθασιλεύει]</strong></span> <span class='ocrx_word' id='word_1_860' title='bbox 2184 5762 2621 5836; x_wconf 79' lang='grc' dir='ltr'><strong>συμϐουλεύειΑ.</strong></span> <span class='ocrx_word' id='word_1_861' title='bbox 2700 5762 2747 5795; x_wconf 71' lang='grc'>⁸⁸</span> <span class='ocrx_word' id='word_1_862' title='bbox 2775 5763 3032 5834; x_wconf 82' lang='grc' dir='ltr'><strong>κειμένης</strong></span> <span class='ocrx_word' id='word_1_863' title='bbox 3050 5778 3194 5820; x_wconf 84' lang='lat' dir='ltr'><strong>corr.</strong></span> <span class='ocrx_word' id='word_1_864' title='bbox 3230 5762 3275 5815; x_wconf 86' lang='lat' dir='ltr'><strong>A</strong></span> <span class='ocrx_word' id='word_1_865' title='bbox 3304 5778 3319 5816; x_wconf 91' lang='lat'><strong>:</strong></span> 
     </span>
    </p>
   </div>
   <div class='ocr_carea' id='block_1_117' title="bbox 1257 5836 1898 5910">
    <p class='ocr_par' dir='ltr' id='par_1_117' title="bbox 1257 5836 1898 5910">
     <span class='ocr_line' id='line_1_117' title="bbox 1257 5836 1898 5910; baseline 0.006 -20"><span class='ocrx_word' id='word_1_866' title='bbox 1257 5836 1302 5875; x_wconf 79' lang='lat'><strong>&quot;</strong></span> <span class='ocrx_word' id='word_1_867' title='bbox 1327 5836 1659 5910; x_wconf 72' lang='grc' dir='ltr'><strong>φιλόρχιστοι</strong></span> <span class='ocrx_word' id='word_1_868' title='bbox 1684 5836 1810 5895; x_wconf 39' lang='lat' dir='ltr'><strong>om.‘</strong></span> <span class='ocrx_word' id='word_1_869' title='bbox 1831 5842 1898 5894; x_wconf 86' lang='lat' dir='ltr'><strong>A.</strong></span> 
     </span>
    </p>
   </div>
  </div>
