4020 6414
742 385 848 451 259

1892 383 2156 446 ΡΗΟΤΙὶ
2184 383 2683 446 ΡΔΤΒΙΑΗΟΗΕ
2717 384 2823 446 CP.

3839 390 3921 456 260

742 511 861 559 stus
897 520 910 556 :
958 499 1071 573 Ego
1112 517 1146 556 a
1195 518 1275 556 me
1318 503 1430 572 ipso
1465 517 1568 556 non
1597 500 1781 571 loquor
1799 500 1848 565 Β,
1882 511 1941 556 ut
1986 502 2084 556 illi.
2119 500 2254 556 Nam
2284 517 2307 555 a

2421 503 2519 572 τῆς
2545 503 2754 574 πλάνης
2783 499 3201 573 προύϐάλλοντο,
3235 500 3382 570 λέγει
3415 502 3442 554 ὁ
3470 501 3676 573 Σωτήρ’
3707 502 3920 574 Ἐγίιῖάτί

743 594 926 663 seipso
956 592 1338 664 516bloqui,
1367 601 1451 648 est
1483 601 1637 648 extra
1663 607 1850 647 sacras
1882 591 2115 648 Litteras
2140 594 2310 663 loqui,

743 685 872 754 quia
930 699 1061 739 vero
1116 701 1148 740 a
1209 687 1388 754 seipso
1441 683 1630 754 loqui,
1674 684 2212 754 pseudochristorum
2261 694 2313 738 et

745 776 1350 846 pseudoprophetarum
1383 786 1486 842 est,
1519 774 1652 831 dicit
1684 775 1826 831 Deus
1854 791 1950 845 per
1992 776 2312 846 prophetam

743 864 1118 921 Ezechielem:
1155 865 1280 919 Non
1326 867 1448 919 misi
1492 865 1634 932 illos,
1673 883 1705 918 a
1737 866 1922 935 seipsis
1969 865 2132 919 locuti
2166 874 2311 938 sunt,

738 969 789 1010 et
811 956 874 1010 de
905 957 1059 1011 corde
1079 973 1174 1010 suo
1206 957 1388 1010 dicunt
1415 955 1457 1011 ι.
1480 957 1803 1028 Quiaigitur
1829 957 2313 1027 pseudoprophetaz

741 1063 773 1102 a
831 1049 1026 1118 seipsis
1061 1048 1231 1102 locuti
1277 1056 1432 1112 sunt,
1481 1048 1626 1104 illam
1679 1048 2044 1118 suspicionem
2097 1048 2310 1103 amoliri

738 1137 930 1190 volens
977 1153 991 1190 :
1035 1135 1470 1205 (hlasphemabat
1522 1137 1667 1190 enim
1726 1137 1939 1204 ingrata
1996 1133 2310 1191 Judazorum

741 1229 911 1292 natio,
943 1237 997 1282 ct
1030 1226 1294 1282 mundum
1329 1228 1383 1282 in
1418 1243 1656 1283 errorem
1690 1229 1958 1299 trahebat)
1990 1229 2111 1284 ideo
2139 1228 2308 1282 dixit:

742 1317 855 1388 Ego
881 1334 914 1370 a
946 1334 1025 1370 me
1060 1318 1171 1385 ipso
1197 1334 1300 1370 non
1330 1317 1520 1390 loquor
1542 1327 1603 1386 "',
1640 1320 1733 1375 sed
1766 1336 1794 1373 a
1831 1321 1947 1390 lege
1986 1336 2048 1374 ac
2078 1323 2312 1391 prophe-

740 1411 806 1464 tis
839 1428 850 1462 :
890 1407 1084 1463 Omnia
1108 1426 1432 1480 qnwcunque
1457 1411 1635 1464 audivi
1652 1429 1683 1464 a
1707 1411 1870 1466 Patre
1891 1429 2003 1466 meo
2018 1421 2067 1477 η,
2091 1414 2142 1466 in
2176 1413 2310 1482 lege,

736 1501 790 1553 in
840 1501 1136 1570 pr0phetis,
1184 1500 1261 1572 (in
1303 1516 1540 1570 persona
1582 1504 1765 1558 carnis
1807 1504 1918 1557 haec
1952 1505 2105 1569 dicit,
2156 1514 2210 1559 et
2243 1504 2309 1558 ad

737 1591 961 1659 impiam
991 1592 1362 1662 suspicionem
1390 1594 1706 1666 tollendam)
1737 1610 1825 1648 vos
1844 1611 1961 1648 vero
1991 1611 2311 1665 quiscunque

734 1683 963 1736 audistis
989 1700 1021 1736 a
1044 1693 1194 1754 patre
1229 1695 1395 1738 vestro
1437 1685 1652 1739 diabolo
1685 1693 1750 1740 οε
1789 1687 1885 1741 lilii
1927 1691 2073 1742 enitn
2127 1698 2310 1757 paler-

735 1789 862 1827 nam
917 1774 1290 1830 ha’reditatem
1331 1777 1662 1846 suscipiunt,
1708 1786 1762 1832 et
1805 1777 1926 1833 ideo
1971 1793 2160 1834 eorum
2198 1779 2308 1834 ba:-

735 1865 894 1920 redcs
924 1866 1081 1930 ﬁunt,
1111 1877 1170 1922 ut
1222 1867 1359 1922 idem
1406 1870 1497 1924 hic
1528 1885 1651 1924 esse
1698 1870 1967 1935 videatur,
2011 1880 2064 1926 et
2116 1870 2306 1926 eodem

735 1956 976 2011 recidere
1000 1973 1062 2011 ex
1096 1959 1277 2026 seipso
1308 1960 1479 2030 loqui,
1517 1968 1571 2015 et
1597 1961 1745 2030 loqui
1775 1976 1841 2016 ex
1877 1972 2030 2032 patre
2051 1979 2152 2018 suo
2192 1964 2310 2019 dia-

734 2046 880 2100 bolo.
936 2047 1407 2113 Quemadmodum
1465 2051 1718 2108 Christus
1759 2056 1983 2110 veniens
2028 2055 2201 2126 legem
2255 2066 2309 2112 et

734 2139 1023 2208 prophetas
1050 2141 1312 2212 implevit,
1343 2143 1423 2199 sic
1453 2152 1507 2198 et
1529 2143 1768 2215 Spiritus
1808 2156 2035 2202 sanctus
2066 2144 2308 2219 Evange-

732 2230 863 2286 liqu
893 2233 1156 2302 implevit.
1191 2235 1448 2291 Christus
1479 2238 1703 2293 veniens
1732 2238 2078 2293 confirmavit
2101 2255 2162 2294 ea
2187 2254 2310 2310 quae

731 2333 861 2377 sunt
891 2339 921 2377 a
949 2323 1108 2379 Patre
1139 2325 1190 2379 in
1223 2325 1342 2397 lege
1367 2336 1421 2382 et
1454 2329 1734 2400 prophetis
1757 2331 1924 2385 dicta.
1950 2329 2075 2386 ldeo
2093 2341 2146 2386 et
2173 2331 2310 2386 Pau-

731 2415 816 2470 lus
859 2416 995 2471 dixit
1027 2435 1041 2472 :
1077 2417 1231 2474 Finis
1267 2419 1397 2491 legis
1437 2420 1684 2477 Christus
1710 2433 1759 2477 Ρ.
1794 2422 2031 2493 Spiritus
2083 2435 2307 2481 sanctus

728 2507 976 2573 veniens,
1016 2508 1370 2581 Evangelium
1399 2512 1666 2581 implevit.
1696 2513 2050 2584 Quaecunque
2077 2526 2206 2570 sunt
2248 2515 2305 2571 in

728 2595 933 2652 Christi
980 2596 1253 2664 doctrina,
1309 2597 1547 2669 Spiritus
1601 2601 1812 2670 implet,
1858 2617 2199 2672 quaecunque
2248 2604 2304 2660 in

729 2686 866 2756 lege,
901 2685 1176 2743 Christus.
1237 2686 1357 2742 Non
1408 2689 1551 2758 quod
1599 2687 1760 2744 Pater
1807 2690 1880 2745 sit
1930 2689 2302 2761 imperfectus,

729 2779 822 2833 sed
851 2779 995 2849 quod
1023 2781 1094 2834 sit
1123 2780 1414 2850 interpres,
1442 2790 1497 2834 et
1521 2779 1790 2850 perfector
1810 2796 2001 2836 eorum
2030 2798 2151 2851 qum
2177 2793 2306 2838 sunt

729 2871 927 2926 Patris.
987 2870 1078 2926 Sic
1127 2872 1368 2942 Spiritus
1423 2881 1646 2928 sanctus
1687 2874 1922 2944 explicat
1965 2884 2018 2928 et
2069 2875 2307 2930 illustrat

729 2977 896 3033 Opera
925 2962 1069 3017 Filii.
1095 2963 1307 3018 Etenim
1343 2963 1420 3018 ait
1452 2981 1468 3018 :
1503 2965 1688 3018 Adhuc
1733 2966 1899 3019 multa
1951 2965 2114 3020 habeo
2162 2967 2302 3022 vobis

728 3053 924 3118 dicere,
976 3053 1065 3106 sed
1097 3070 1198 3106 non
1241 3055 1459 3124 potestis
1488 3064 1702 3122 portare
1730 3056 1884 3108 modo
1915 3073 1929 3110 :
1967 3073 2084 3108 cum
2126 3066 2302 3110 autem

731 3146 925 3197 venerit
967 3143 1200 3214 Spiritus
1245 3156 1484 3212 sanctus,
1524 3147 1725 3202 docebit
1789 3165 1876 3202 vos
1919 3166 2123 3202 omnem
2168 3151 2304 3203 veri-

728 3242 889 3286 tatem
911 3244 962 3298 τι,
991 3245 1145 3290 etc.a
1176 3251 1234 3290 se
1264 3236 1384 3305 ipso
1410 3251 1518 3290 non
1551 3221 1812 3307 loquitur,
1855 3255 1960 3294 non
1997 3241 2140 3294 enim
2173 3257 2306 3294 con-

729 3325 947 3380 tradicit
997 3325 1156 3392 Filio,
1214 3329 1308 3382 sed
1367 3344 1531 3398 opera
1575 3329 1697 3384 Filii
1751 3331 1964 3401 implet,
2019 3345 2080 3386 ut
2135 3331 2305 3388 Filius

729 3416 926 3474 Patris.
991 3419 1050 3473 lu
1083 3421 1184 3474 hac
1219 3421 1444 3476 homilia
1491 3422 1546 3476 in
1582 3421 1686 3477 ﬁne
1732 3424 1982 3478 invenies
2031 3424 2305 3496 Chrysos-

731 3518 936 3564 tomum
987 3511 1192 3575 dicere,
1251 3513 1568 3568 missionem
1639 3529 1814 3584 neque
1867 3513 2066 3569 Filium
2129 3531 2307 3586 neque

729 3603 994 3672 Spiritum
1053 3605 1322 3659 minorem
1376 3604 1556 3661 facere
1623 3606 1807 3662 Patre.
1861 3609 2016 3673 Quod
2077 3619 2131 3663 et
2190 3609 2306 3680 ipse

728 3691 887 3748 Pater
919 3695 1169 3773 mittatur
1198 3712 1227 3750 a
1264 3695 1492 3767 Spiritu,
1524 3709 1578 3754 et
1623 3714 1654 3753 a
1697 3699 1860 3763 Filio,
1902 3701 2035 3755 dicit
2067 3701 2152 3756 his
2185 3717 2308 3756 ver—

728 3784 813 3839 bis
845 3802 858 3838 :
905 3785 961 3838 Si
998 3785 1093 3839 tibi
1129 3788 1422 3841 ostendero
1455 3785 1740 3842 Factorem
1762 3787 1885 3842 εωιὶ
1918 3797 1972 3841 et
1995 3795 2156 3841 terra:
2183 3787 2307 3840 mis-

726 3893 846 3932 sum
874 3892 994 3932 esse
1039 3895 1070 3932 a
1103 3878 1321 3948 Spiritu
1361 3887 1416 3933 et
1448 3878 1610 3942 Filio,
1642 3879 1774 3948 quid
1813 3879 2023 3934 facies?
2053 3879 2140 3933 vel
2169 3895 2305 3950 nega

725 3967 1034 4032 Christum,
1061 3979 1116 4024 et
1144 3969 1265 4024 dele
1291 3967 1626 4036 Scripturas,
1655 3967 1739 4022 vel
1765 3982 1957 4022 servus
1988 3967 2304 4037 Scriptum,

730 4059 997 4115 submitte
1029 4068 1080 4114 te
1112 4059 1441 4130 Scripturis.
1475 4058 1541 4114 Et
1563 4060 1656 4114 ubi
1687 4059 1908 4124 dicitur,
1942 4059 2135 4128 inquit,
2169 4060 2306 4114 hoc?

724 4152 863 4206 Audi
937 4153 1105 4207 Deum
1187 4168 1286 4223 per
1361 4151 1560 4221 517a
1638 4153 1982 4221 prophetam.
2034 4153 2305 4208 dicentem

726 4241 924 4295 Isaiam
955 4259 969 4296 :
997 4241 1141 4295 Audi
1180 4258 1282 4308 me,
1313 4239 1511 4306 Israel,
1541 4255 1693 4310 quem
1722 4257 1814 4311 ego
1859 4257 1982 4296 voco
2010 4252 2055 4306 τ,
2080 4253 2136 4297 et
2178 4258 2304 4298 cum

731 4335 1005 4405 integrum
1035 4336 1216 4391 locum
1245 4349 1493 4404 eousque
1523 4334 1878 4404 protulisset:
1911 4334 1980 4390 Et
2001 4353 2138 4391 nunc
2161 4336 2304 4392 Deus

725 4427 872 4479 misit
908 4443 989 4481 me
1018 4439 1068 4482 et
1103 4426 1341 4496 Spiritus
1373 4426 1490 4497 ejus
1522 4438 1567 4494 ι,
1599 4427 1886 4483 conﬁrmat
1931 4429 2148 4485 Patrem
2189 4429 2306 4492 haec

2417 593 2680 663 ἐμαυτοῦ
2739 596 2812 648 οὐ
2860 593 3051 657 λαλῶ,
3094 594 3283 665 ὥσπερ
3335 595 3568 648 ἐκεῖνον
3616 594 3674 648 τὸ
3726 596 3819 667 γὰρ
3855 601 3923 668 ἀφ’

2416 685 2610 738 ἑαυτοῦ
2673 685 2854 740 λαλεῖν
2886 686 2945 739 τὸ
2975 685 3080 751 ἔξω
3117 686 3226 740 τῶν
3262 686 3419 756 ἱερῶν
3447 687 3676 756 Γραφῶν
3707 688 3808 742 ἔστι
3852 691 3920 744 λα·

2414 771 2545 826 λεῖν.
2604 773 2728 824 Ὀτι
2764 772 2821 825 δὲ
2871 774 2933 826 τὸ
2989 774 3081 841 ἀφ’
3127 770 3322 827 ἑαυτοῦ
3361 774 3539 828 λαλεῖν
3586 774 3925 846 ψευδοχρίστιυν

2414 863 2530 915 ἐστὶ
2559 865 2652 916 καὶ
2673 863 3157 934 ψευδοπροφητῶν,
3182 864 3328 934 λέγει
3351 865 3438 918 διὰ
3462 865 3554 918 τοῦ
3579 867 3829 937 προφήτου
3857 869 3925 920 Ἱε-

2414 953 2600 1025 ζεκιήλ
2619 957 2647 1008 ό
2669 954 2798 1018 Θεός
2823 970 2838 987 ⁶
2871 957 2991 1009 οὐκ
3019 955 3345 1010 ἀπέστειλα
3371 955 3614 1022 αὐτοὺς,
3637 957 3730 1024 ἀφ’
3743 956 3927 1010 ἑαυτῶν

2414 1046 2725 1114 ἐλάλησαν
2749 1087 2764 1111 ,
2808 1046 2877 1101 ἐκ
2933 1045 3041 1114 τῆς
3088 1047 3334 1115 καρδίας
3360 1046 3560 1102 αὐτῶν
3600 1039 3921 1120 φθέγγονται.

2425 1138 2579 1192 Ἐπεὶ
2607 1134 2700 1192 οὖν
2726 1139 2773 1192 οἱ
2813 1138 3258 1209 ψευδοπροφῆται
3282 1138 3373 1206 ἀφ’
3409 1139 3616 1192 ἑαυτῶν
3658 1140 3926 1208 ἐκήρυττον,
3988 1205 3989 1214 γ

2411 1227 2614 1298 ταύτην
2658 1227 3020 1298 ἀποδυόμενος
3082 1229 3179 1298 τὴν
3229 1228 3483 1282 ὑπόνοιαν
3543 1228 3774 1298 (καὶγὰρ
3808 1227 3927 1282 ἐδυσ-

2413 1321 2586 1388 φήμει
2609 1319 2670 1371 τὸ
2702 1320 2996 1388 ἀχάριστον
3031 1320 3138 1372 τῶν
3171 1319 3439 1373 Ἰουδαίων
3501 1319 3650 1382 ἔθνος
3689 1319 3862 1371 πλάνον
3896 1319 3928 1350 ⁵⁸

2411 1411 2572 1463 αὑτὸν
2632 1412 2816 1474 ⁸¹,καὶ
2865 1411 3071 1482 πλανᾷν
3116 1412 3205 1464 τόν
3254 1411 3479 1481 κόσμον)
3536 1412 3622 1464 διὰ.
3662 1411 3807 1463 τοῦτο
3841 1411 3928 1462 ἔλε-

2410 1519 2526 1572 γενο
2574 1503 2721 1572 Ἐγὼ
2757 1505 2857 1558 ἀπ’
2900 1504 3160 1574 ἐμαυτοῦ
3220 1507 3292 1558 οὐ
3355 1503 3523 1558 λαλῶ
3545 1545 3560 1569 ,
3598 1503 3708 1555 ἀλλ’
3735 1502 3829 1555 ἀπὸ
3865 1502 3930 1554 νό-

2413 1609 2538 1661 μου,
2572 1591 2680 1644 ἀπὸ
2733 1593 2840 1646 τῶν
2893 1593 3206 1664 προφητῶν,
3243 1594 3386 1647 ’Ἑσα
3427 1592 3668 1660 ἤκουσα
3721 1591 3857 1659 παρὰ
3897 1593 3930 1622 θ’

2409 1684 2516 1736 τοῦ
2541 1683 2769 1752 Πατρός
2804 1685 2862 1738 ὲν
2890 1685 3062 1755 νόμῳ,
3097 1688 3153 1738 ἐν
3212 1686 3521 1757 προφήταις
3559 1685 3645 1754 (ἐκ
3691 1682 3930 1754 προσώπου

2408 1775 2464 1828 δὲ
2495 1776 2592 1846 τῆς
2643 1777 2844 1847 σαρκὸς
2892 1778 3061 1830 ταῦτα
3107 1778 3275 1845 λέγει,
3310 1778 3402 1829 καλ⁸
3457 1779 3535 1840 εἰς
3589 1775 3816 1828 διάλυσιν
3860 1775 3930 1843 τῆς

2339 1888 2381 1944 Β
2409 1867 2773 1937 δυσσεϐοὑσης
2815 1868 3094 1937 ὑπονοίας)
3131 1868 3339 1938 ’ὑμεῖς
3391 1866 3477 1930 δὲ,
3519 1865 3638 1918 ὅσα
3683 1863 3931 1932 ἠκούσατε

2410 1959 2569 2026 παρὰ
2610 1959 2716 2014 τοῦ
2757 1959 2979 2026 πατρὸς
3027 1957 3191 2027 ὑμῶν
3233 1958 3339 2013 τοῦ
3395 1957 3695 2010 διαϐόλου.
3739 1953 3811 2008 Τὰ
3854 1954 3932 2022 γὰρ

2409 2049 2503 2102 τοῦ
2538 2049 2740 2119 πατρὸς
2777 2049 2975 2120 κλῆρος
3013 2049 3060 2080 ⁸⁸
3102 2049 3310 2118 γίνεται
3363 2050 3474 2110 τοῖς
3518 2047 3720 2112 παισὶ,
3748 2046 3829 2097 καὶ
3872 2043 3932 2094 διὰ

2409 2138 2569 2191 τοῦτο
2615 2140 2685 2192 τὰ
2713 2140 2921 2192 ἐκείνου
2951 2140 3159 2208 γίνεται
3191 2140 3299 2192 τῶν
3355 2136 3730 2208 κληρονόμων,
3755 2135 3822 2198 ὡς
3851 2133 3932 2186 ἴσον

2409 2231 2642 2284 ἐνταῦθα
2674 2230 3012 2302 καθορᾶσθαι
3051 2231 3144 2285 καὶ
3191 2232 3268 2294 εἰς
3313 2229 3505 2283 ταύτὸν
3538 2227 3772 2280 συνιέναι
3811 2227 3860 2278 τὸ
3891 2227 3931 2289 ἐξ

2409 2322 2592 2376 αὑτῶν
2623 2322 2668 2355 ⁵⁸
2694 2322 2876 2376 λαλεῖν
2911 2322 3000 2376 καὶ
3035 2322 3079 2356 ⁵⁵
3109 2322 3170 2375 τὸ
3199 2324 3262 2374 ἐκ
3287 2324 3376 2375 τοῦ
3410 2319 3622 2392 πατρὸς
3657 2319 3824 2372 αὑτῶν
3865 2318 3932 2367 τοῦ

2408 2414 2656 2468 διαῦόλου
2707 2414 2914 2469 λαλεῖν.
2947 2415 3160 2486 ’Ὠσπερ
3207 2415 3237 2468 6
3269 2412 3503 2486 Χριστὸς
3548 2411 3718 2465 ἐλθὼν
3764 2410 3932 2474 ἐγένετο

2410 2507 2687 2577 πλήρωμα
2753 2507 2918 2578 νόμου
2991 2507 3087 2560 καὶ
3151 2506 3447 2578 προφητῶν
3485 2544 3500 2570 ,
3553 2502 3698 2556 οὑτω
3761 2503 3842 2555 καὶ
3892 2500 3935 2550 τό

2410 2597 2635 2668 Πνεῦμα
2675 2596 2949 2668 πλήρωμα
2994 2597 3089 2650 τοῦ
3140 2596 3493 2665 Εὑαγγελίὼ.
3535 2593 3764 2666 Χριστὸς
3803 2589 3934 2644 ἐλθὼν

2409 2690 2710 2743 ἐϐεϐαίωσε
2741 2691 2810 2742 τὰ
2833 2689 2982 2758 παρὰ
3010 2688 3103 2741 τοῦ
3134 2689 3344 2759 Πατρδς
3367 2688 3424 2740 ὲν
3448 2683 3530 2756 τῷ
3547 2687 3698 2756 νόμῳ
3721 2681 3935 2754 εἰρημένα

2408 2780 2503 2834 καὶ
2549 2781 2856 2852 προφήταις
2888 2797 2902 2810 ·
2935 2780 3016 2833 διὸ
3075 2780 3172 2834 καὶ
3219 2779 3368 2848 λέγει
3413 2777 3650 2842 Παῦλος,
3691 2775 3934 2842 Πλήρωμα

2406 2875 2596 2943 νόμου
2647 2876 2924 2942 Χριστός.
2990 2873 3064 2926 Τὸ
3123 2872 3349 2942 Πνεῦμα
3412 2872 3475 2924 τὸ
3552 2873 3708 2940 ἅγιον
3758 2867 3933 2920 ἐπελθὸν

2411 2966 2697 3036 ἐπλήρωσε
2736 2966 2806 3018 τά
2847 2965 2943 3018 τοῦ
2988 2966 3034 2996 ⁸⁸
3075 2965 3406 3034 Εὑαγγελίου
3436 2980 3451 2996 °
3484 2963 3587 3016 ὅσα
3637 2963 3777 3014 ἐστὶν
3814 2963 3860 3011 ὲν
3887 2958 3932 3024 τῇ

2391 3043 2502 3110 ⁴τοῦ
2546 3056 2780 3127 Χριστοῦ
2807 3056 3121 3127 διδασκαλίᾳ
3185 3057 3244 3109 τὸ
3295 3055 3520 3126 Πνεῦμα
3550 3055 3761 3124 πληροῖ,
3785 3053 3868 3104 ὅσα
3896 3050 3934 3100 ὲν

2405 3150 2472 3218 τῇ
2503 3147 2593 3200 τοῦ
2619 3148 2805 3218 νόμου,
2839 3148 2868 3199 6
2900 3148 3155 3218 Χριστὸς,
3190 3148 3288 3218 οὑχ
3318 3148 3393 3209 ὼς
3441 3146 3667 3209 ἀτελοῦς
3701 3145 3836 3204 ὄντος
3868 3137 3934 3190 τοῦ

2333 3221 2375 3280 C
2410 3240 2644 3311 Πατρός,
2681 3241 2794 3293 ἀλλ’
2826 3240 2900 3305 ὡς
2931 3240 3268 3312 ἑρμηνευτὴς
3288 3241 3396 3293 τῶν
3425 3239 3520 3292 τοῦ
3552 3238 3760 3308 Πατρός
3783 3236 3860 3289 καὶ
3875 3249 3935 3282 τε·

2406 3335 2652 3403 λειωτής.
2677 3333 2829 3406 [1511
2861 3332 2954 3406 R.]
2993 3334 3151 3387 Οὕτω
3177 3335 3234 3387 δὲ
3273 3335 3367 3388 καὶ
3395 3333 3441 3366 ⁸⁷
3471 3332 3534 3386 τὸ
3594 3331 3808 3397 Πνεῦμα
3852 3327 3936 3377 διας

2409 3430 2571 3496 σαφεῖ
2614 3427 2660 3458 ⁸⁸
2695 3428 2786 3480 καὶ
2813 3427 3089 3498 διατρανοῖ
3117 3426 3186 3479 τὰ
3214 3425 3308 3480 τοῦ
3356 3423 3487 3478 Υίοῦ
3521 3440 3538 3456 ο
3568 3425 3664 3477 καὶ
3683 3423 3783 3493 γάρ
3815 3430 3932 3488 φησι·

2408 3509 2755 3588 Πολλᾶἔχω
2772 3517 2914 3586 ὑμῖν
2933 3517 3166 3580 λαλεῖν,
3199 3516 3424 3570 ἀλλ’οῠ
3455 3515 3725 3568 δύνασθε
3759 3504 3938 3576 ,ϐαστά-

2409 3610 2526 3671 ζειν
2565 3610 2714 3678 ἄρτι.
2741 3610 2928 3663 Ὅταν
2970 3607 3038 3662 δὲ
3086 3609 3234 3676 ἔλθῃ
3285 3608 3350 3660 τὸ
3391 3605 3638 3675 Πνεῦμα
3677 3604 3739 3657 τὸ
3789 3601 3937 3668 ἅγιον.

2409 3701 2699 3770 ὁδηγήσει
2731 3701 2886 3769 ὑμᾶς
2934 3703 3022 3765 εὶς
3083 3697 3291 3754 πᾶσαν
3373 3699 3491 3765 τὴν
3537 3697 3837 3763 ἀλήθειαν,
3873 3691 3939 3740 καὶ

2407 3791 2556 3863 ἑξῆς.
2581 3793 2704 3844 Ὅτι
2735 3791 2825 3860 ἀφ’
2847 3790 3042 3844 ἑαυτοῦ
3073 3793 3132 3844 οὑ
3155 3790 3326 3843 λαλεῖ·
3356 3790 3416 3843 οὑ
3436 3789 3546 3860 γὰρ
3568 3785 3939 3854 ἀντιφθέγγεται

2405 3885 2484 3955 τῷ
2514 3883 2649 3953 Υἱῷ,
2683 3883 2798 3938 ἀλλ’
2830 3883 3134 3952 ἀναπληροῖ
3155 3883 3223 3935 τὰ
3268 3882 3362 3934 τοῦ
3405 3881 3566 3945 Υἱοῦ,
3593 3880 3715 3933 καθ’
3744 3877 3796 3929 ὃν
3847 3871 3937 3940 τρέ-

2407 3993 2509 4028 πον
2531 3977 2558 4029 6
2591 3977 2720 4040 Υίὸς
2751 3976 2821 4028 τὰ
2841 3975 2934 4028 τοῦ
2961 3975 3195 4046 Πατρός.
3225 3974 3348 4027 Ὀτι
3377 3975 3424 4005 ⁸⁹
3458 3974 3516 4025 ἐν
3550 3967 3815 4041 τούτῳτῷ
3833 3964 3939 4028 λόγῳ

2405 4071 2662 4141 εὑρήσεις
2700 4072 2838 4143 πρὸς
2865 4070 2942 4142 τῷ
2969 4072 3136 4134 τέλει,
3170 4070 3481 4133 δεικνύντος
3531 4069 3628 4122 τοῦ
3674 4060 3937 4137 Χρυσοστό·

2409 4177 2512 4230 μου
2556 4162 2638 4214 ὅτι
2677 4163 2711 4231 ή
2775 4160 3048 4230 ἀποστολὴ
3094 4160 3218 4213 οὑτε
3247 4160 3338 4213 τὸν
3366 4159 3492 4212 Υίδν
3520 4158 3647 4212 οὔτε
3671 4159 3733 4210 τὸ
3761 4152 3938 4218 Πνεῦμα

2404 4250 2611 4304 ἐλάττω
2645 4252 2790 4304 ποιεῖ
2824 4250 2918 4303 τοῦ
2945 4249 3177 4320 Πατρός.
3208 4249 3332 4301 Ὀτι
3363 4248 3459 4301 καὶ
3497 4248 3663 4310 αὑτὸς
3710 4246 3737 4296 6
3792 4237 3937 4303 Πατὴρ

2403 4343 2793 4397 ἀποστέλλεται
2850 4344 3004 4413 παρὰ
3054 4341 3149 4394 τοῦ
3191 4341 3509 4412 Πνεῦματος
3554 4343 3652 4394 καὶ
3683 4335 3824 4408 παρά
3868 4327 3938 4381 τοῦ

2402 4433 2536 4488 Υἱοῦ
2564 4479 2577 4502 ,
2623 4435 2771 4503 λέγει
2823 4434 3016 4497 αὑταῖς
3061 4433 3272 4497 λέξεσιν
3320 4447 3334 4460 ⁸
3369 4434 3494 4486 Ἐάν
3546 4450 3631 4485 σοι
3682 4428 3828 4492 δείξω
3873 4420 3941 4472 τὸν

727 4517 933 4581 dicere,
967 4533 1034 4573 ex
1073 4519 1355 4588 praidictis
1384 4518 1721 4574 conﬁrmans
1750 4519 1889 4575 hanc
1913 4522 2216 4578 orationem
2250 4533 2303 4578 et

2406 4528 2635 4599 ποιητὴν
2667 4525 2899 4597 οὐρανοῦ
2943 4525 3038 4579 καὶ
3063 4528 3169 4597 γῆς
3195 4524 3666 4594 ἁποστελλόμενον
3695 4517 3835 4589 παρὰ
3871 4507 3940 4564 τοῦ

726 4615 977 4663 statuens
1008 4625 1022 4663 :
1051 4610 1259 4685 clarum
1291 4616 1377 4664 est
1405 4607 1624 4665 Patrem
1655 4625 1803 4665 nunc
1844 4611 2016 4682 loqui,
2061 4621 2116 4668 et
2159 4616 2302 4670 mitti

2409 4619 2728 4688 Πνεῦματος
2757 4620 2852 4671 καὶ
2873 4617 3026 4689 παρὰ
3078 4617 3174 4670 τοῦ
3213 4615 3368 4683 Υίοῦ,
3397 4615 3451 4668 τί
3481 4619 3660 4678 ποιεῖς
3692 4633 3706 4680 ;
3731 4613 3761 4682 ἢ
3809 4609 3943 4677 ἄρνη-

724 4709 782 4784 ﬁo
804 4709 836 4750 ³
864 4696 1070 4764 δρίτίῑυ
1100 4705 1155 4752 ει
1177 4694 1338 4751 ῩῙιίυο
1484 4700 1486 4702 ⁷
2411 4725 2500 4760 σαι
2523 4707 2614 4760 τὸν
2639 4708 2874 4777 Χριστὸν
2898 4709 2994 4761 καὶ
3023 4707 3322 4776 ἁπάλειψον
3346 4707 3446 4770 τάς
3479 4701 3776 4776 Γραφὰς,ἣ
3797 4695 3941 4784 δοῦλοξ

721 4781 798 4836 ὢν
820 4785 927 4838 τῶν
989 4785 1224 4858 Γραφῶν
1267 4787 1569 4842 ὑποτάττου
1627 4791 1749 4852 ταῖς
1800 4789 2062 4859 Γραφαῖς.
2128 4792 2237 4846 Καὶ
2284 4797 2388 4848 ποῦ
2425 4797 2634 4870 (φησὶν)
2691 4798 2906 4869 εἴρηται
2954 4797 3152 4864 τοῦτο;
3209 4788 3375 4853 ἄκουέ
3419 4798 3513 4851 τοῦ
3564 4797 3703 4850 Θεοῦ
3747 4786 3826 4840 διὰ
3871 4781 3942 4830 τοῦ

724 4880 1003 4951 προφήτου
1026 4879 1274 4948 λέγοντος
1303 4881 1546 4935 ἮσαῖοΨ
1577 4882 1782 4937 Ἀκουέ
1819 4902 1938 4954 μου
1963 4887 2007 4916 ⁶⁰
2045 4885 2304 4953 Ἰσραὴλ,
2349 4888 2421 4943 ὃν
2481 4891 2596 4961 ἐγὼ
2642 4893 2826 4946 καλῶ.
2889 4871 3006 4945 ’Καὶ
3066 4893 3194 4963 ὃλην
3249 4890 3348 4962 τὴν
3392 4887 3698 4956 περικοπὴν
3752 4874 3943 4935 ἐκτιθεὶς

724 4969 818 5021 τοῦ
851 4973 1052 5040 χωρίου
1087 4972 1249 5042 μέχρι
1273 4971 1506 5038 τοῦ,Καὶ
1532 4974 1649 5027 νῦν
1678 4974 1895 5042 Κύριος
1925 4974 2247 5030 ἀπέστειλέ
2267 4994 2345 5046 με
2419 4979 2519 5032 καὶ
2555 4981 2620 5034 τὸ
2664 4981 2907 5052 Πνεῦμα
2934 4981 3144 5046 αὐτοῦ,
3190 4977 3581 5050 διισχυρίζεται
3629 4975 3721 5026 τὸν
3769 4966 3945 5032 Πατέρα

724 5061 899 5116 ταῦτα
930 5064 1125 5128 εἰπεῖν,
1161 5066 1227 5118 ὲκ
1261 5064 1370 5118 τῶν
1416 5065 1880 5136 προτεταγμένων
1935 5067 2170 5137 βεϐαιῶν
2212 5069 2305 5122 τὸν
2343 5071 2522 5140 λόγον,
2553 5075 2649 5127 καὶ
2726 5074 2997 5127 καθιστῶν
3043 5073 3199 5142 δῆλον
3235 5073 3312 5136 ὡς
3373 5074 3402 5124 6
3457 5069 3651 5141 Πατὴρ
3699 5068 3779 5120 εἴτι
3809 5061 3888 5116 νῦν
3923 5054 3944 5102 ὁ

725 5155 899 5224 λέγων
936 5157 1030 5212 καὶ
1054 5159 1519 5232 ἀποστελλόμενος
1555 5161 1709 5231 παρά
1735 5177 1795 5213 τε
1846 5161 1941 5214 τοῦ
1983 5161 2302 5231 Πνεὺματος
2342 5167 2433 5217 καὶ
2470 5167 2564 5220 τοῦ
2594 5167 2748 5221 Υἱοῦ.

801 5294 1014 5372 ξιοεη.
1052 5316 1107 5363 x,
1141 5300 1226 5355 10.
1312 5299 1330 5340 1
1363 5299 1561 5356 Ezech.
1591 5317 1714 5367 xm,
1748 5302 1801 5372 6.
1864 5309 1900 5331 ’-
1929 5299 2088 5372 Joan.
2123 5316 2237 5366 xiv,
2269 5303 2307 5356 it

2427 5310 2454 5339 ³
2493 5304 2652 5361 toan.
2685 5323 2772 5370 xv,
2804 5308 2890 5363 15.
2969 5315 2994 5344 °
3025 5305 3182 5363 Joan.
3220 5321 3340 5372 vttt,
3420 5303 3510 5359 Η.
3590 5314 3617 5354 r
3650 5300 3799 5355 Rom.
3829 5306 3878 5356 ι.
3905 5287 3944 5341 4-

729 5374 760 5417 1
793 5363 954 5422 Joan.
983 5386 1094 5436 xvr,
1134 5373 1219 5427 1‘2.
1300 5382 1320 5410 ι’
1349 5373 1454 5428 lsa.
1485 5363 1802 5436 χινιιι,’12.
1881 5381 1902 5407 ³
1939 5371 2067 5424 ibid.
2102 5372 2186 5424 l6.

2039 5507 2274 5563 VAlil/E
2315 5505 2716 5566 LECTIONES.

802 5628 847 5662 ⁶⁰
881 5629 1096 5702 πλανῶν
1129 5647 1210 5700 pr.
1244 5633 1312 5689 Α.
1421 5635 1463 5664 ⁸⁸
1500 5632 1665 5686 αὑτὸν
1697 5632 1824 5687 add.
1854 5633 1920 5688 Α.
1993 5700 2011 5702 ἡ
2038 5632 2082 5663 ⁵¹
2116 5629 2291 5702 παρὰ]
2323 5632 2432 5685 ἀπό
2472 5633 2536 5686 Α·

731 5707 860 5778 post
877 5700 1059 5778 λαλεῖν
1082 5702 1298 5778 add._B.
1337 5750 1371 5778 _._
1399 5703 1445 5778 ‘f
1483 5703 1580 5778 τοῦ
1615 5713 1744 5760 ante
1777 5700 2016 5774 Χριστοῦ
2065 5718 2174 5758 om.
2203 5700 2290 5756 Ᾱξ
2443 5703 2539 5756 καὶ
2565 5711 2688 5774 post
2712 5702 2770 5756 δὲ
2816 5705 2941 5760 add.
2971 5704 3035 5758 A.

731 5770 1028 5826 σπούδασον
1050 5787 1159 5828 om.
1193 5773 1253 5826 Β.
1332 5774 1376 5806 ⁶⁰
1408 5773 1545 5839 ἐμοῦ
1587 5790 1649 5836 ς·

3306 5609 3309 5611 ’
3343 5630 3389 5662 ⁸⁸
3415 5599 3624 5683 ἑαυτῶν
3659 5645 3719 5692 ς.
3819 5615 3947 5671 "ut

2651 5633 2698 5664 ⁸³
2735 5632 2943 5700 γίνεται
2968 5634 3164 5705 κλῆρος
3189 5631 3247 5684 Β.
3343 5631 3389 5662 ⁸⁸
3415 5631 3624 5683 ἑαυτῶν
3659 5645 3719 5692 ς.
3819 5631 3946 5671 υκαι

2651 5711 2688 5749 at
2712 5702 2770 5749 δὲ
2816 5705 2941 5749 add.
2975 5704 3034 5749 Α-
3143 5705 3189 5735 ⁸⁸
3212 5702 3469 5749 ﬁta-5aon
3508 5704 3576 5749 A.
3668 5693 3946 5749 “51th-—

3143 5705 3189 5735 ⁸⁸
3212 5702 3469 5769 διαταφοῖ
3508 5704 3576 5754 Α.
