4020 6410
147 446 227 509 ΞΜ

1149 428 1673 494 BIBLIOTHECA.
1700 451 1768 462 —
1799 422 1965 485 COD.
2002 408 2409 481 CCLXXVII.‘

3273 398 3384 464 962

145 564 261 637 [845
413 559 526 637 Τοῦ
562 554 933 637 αὐτοῦχξτμί
964 570 1002 637 ἰ
1046 549 1304 637 Χριστὸς
1342 543 1641 637 ἀνατελὴ,
1679 561 1704 637 1
1734 591 1739 605 ,

1844 538 2067 610 Ejusdem
2116 551 2180 590 ea:
2219 533 2497 588 oratione:
2539 547 2558 580 ι
2593 526 2865 582 Christum
2904 538 3015 577 esse
3051 522 3303 576 orientem
3339 522 3385 585 ι,

1888 619 1930 637 η.
1968 610 2021 637 ε..
2063 606 2199 637 unus
2245 619 2259 633 ο
2295 621 2314 637 ι
2347 600 2614 637 nan-andi!
2637 608 2687 637 ρι
2734 594 2966 637 (inpendit
2990 606 3017 632 υ
3054 610 3067 637 ξ
3098 612 3117 637 ι
3169 603 3219 637 et
3251 592 3385 637 auod

201 613 420 696 ἆιὶιίέίς
444 630 540 693 τὸ,
582 647 602 680 ς
652 626 853 692 Ἀνέϐη
881 624 981 678 καὶ
1016 613 1449 696 κατέϐηξνκαί
1505 615 1595 669 ὅτι
1640 613 1706 668 τὸ

198 692 440 771 Πνεῦμά
462 692 533 753 τὸ
561 698 732 767 ἅγιον
758 692 1178 761 παντοκράτωρ
1210 692 1405 744 ἐστίν.

204 796 327 849 Ὀτι
360 796 390 847 ὁ
422 792 556 856 Θεὸς
578 791 776 858 Λόγος,
805 787 969 857 φησὶν
1011 785 1287 852 Ἰωάννης,
1318 780 1411 834 τὸν
1448 777 1711 850 βραχίονα

1883 591 1930 663 et
1968 591 2023 661 in
2063 606 2199 660 illud
2240 619 2259 661 :
2295 621 2314 654 ‹
2342 600 2614 655 Descendit
2637 608 2687 651 et
2734 594 2966 649 ascendit
2990 606 3017 632 υ
3054 610 3068 645 :
3098 612 3117 645 ι
3169 603 3219 647 et
3251 591 3392 660 quod

1882 679 2113 749 Spiritus
2148 683 2360 730 sanctus
2393 673 2464 726 sit
2490 670 2838 737 omnipotens.

1884 772 2030 826 Deus
2062 766 2329 829 Verbum,
2366 764 2442 818 ait
2465 761 2724 824 Joannes,
2752 755 3039 812 brachium
3075 753 3143 810 de
3170 752 3395 823 dispen-

138 891 215 951 εἰς
266 886 367 957 τὴν
419 849 1153 953 οἰκονομίαν-ἐκλαμϐάνων
1182 849 1278 927 τοῦ
1310 849 1562 943 Σωτῆρος
1618 870 1713 924 καὶ

1844 865 2027 921 atione
2050 858 2376 922 Salvatoris,
2408 864 2460 912 et
2483 853 2726 925 ejusdem
2763 851 2967 906 deitate
3002 849 3392 917 interpretans.

146 983 229 1052 τὴν
259 976 427 1032 αὐτοῦ
458 976 715 1046 θεότητα.
750 969 954 1035 Πολλὰ,
1007 969 1163 1040 φησὶ,
1200 966 1406 1037 σημεῖα
1446 964 1710 1033 ποιήσαν-

138 1091 221 1134 τος
245 1071 338 1124 τοῦ
380 1068 559 1139 Ἰησοῦ
580 1068 680 1121 οὐκ
701 1064 1029 1119 ἐπίστευσαν
1060 1062 1138 1123 εἰς
1160 1058 1325 1114 αὑτὸν
1357 1059 1407 1110 oi
1448 1055 1712 1120 Ἰουδαῖοι,

138 1166 219 1217 ἵνα
235 1160 502 1231 πληρωθῇ
541 1159 603 1211 τὸ
638 1155 802 1228 ῥηθὲν
826 1153 932 1206 ὑπὸ
973 1151 1216 1205 Ἠσαῖουο
1245 1148 1441 1216 Κύριε,
1472 1146 1563 1207 τίς
1586 1145 1716 1199 ἐπί-

139 1270 355 1310 στευσε
400 1251 476 1321 τῇ
522 1248 677 1318 ἀκοῇ
720 1245 925 1317 ἡμῶνς
969 1244 1069 1298 καὶ
1114 1246 1147 1298 ὀ
1181 1241 1453 1310 βραχίων
1496 1239 1717 1308 Κυρίου

142 1348 251 1399 τίνι
290 1342 736 1408 ἀπεκαλύφθη;
786 1336 949 1401 αὐτὸς
1000 1333 1178 1388 τοίνυν
1209 1332 1306 1385 καὶ
1361 1329 1715 1401 δικαιοσύνη·

145 1437 343 1506 ἐγγίζει
371 1436 484 1505 γὰρ
517 1435 551 1504 ἡ
581 1432 901 1500 δικαιοσύνη
946 1445 1048 1498 μου
1090 1424 1524 1497 παραγενέσθαι,
1556 1422 1721 1486 αὐτὸς

147 1529 228 1581 καὶ
270 1528 490 1595 Σωτὴρ,
559 1523 721 1587 αὐτὸς
769 1522 863 1576 καὶ
908 1518 1166 1592 βραχίων.
1224 1517 1323 1571 Διά
1358 1515 1515 1569 τοῦτο
1553 1514 1648 1568 καὶ
1695 1516 1723 1568 ὁ

152 1620 351 1681 Παῦλος
383 1616 706 1688 περιλαϐὼν
746 1616 965 1670 ἅπαντα
996 1613 1077 1674 εἰς
1126 1608 1185 1662 ἓν
1218 1608 1501 1679 ἀναφέρει,
1524 1606 1720 1675 λέγων,

156 1716 249 1779 ’ος
272 1710 535 1781 ἐγενήθη
563 1709 707 1779 ἡμῖν
746 1706 866 1763 ἀπὸ
895 1704 1043 1762 Θεοῦ
1072 1701 1259 1771 σοφία
1287 1700 1387 1755 καὶ
1432 1698 1725 1770 ἁγιασμὸς

154 1805 237 1856 καὶ
257 1803 699 1869 ἀπολύτρωσις.
724 1797 907 1867 Οὗτος
928 1800 1075 1870 ἡμῖν
1091 1799 1399 1856 ἀνέτειλεν
1413 1791 1726 1861 ἀνατολὴν

1813 958 2011 1031 Multa,
2057 952 2260 1024 inquit,
2303 951 2460 1021 signa
2489 947 2729 1001 faciente
2770 944 2824 997 in
2870 940 3072 1012 populo
3099 938 3252 1000 Jesu,
3288 949 3398 989 non

1817 1027 2173 1106 crediderunt
2195 1047 2249 1101 in
2284 1061 2410 1100 eum
2435 1041 2631 1105 Judaei,
2660 1048 2720 1094 ut
2746 1037 3067 1107 impleretur
3092 1031 3239 1103 quod
3263 1027 3401 1083 dixit

1817 1143 1989 1198 Isaias
2024 1159 2038 1195 :
2076 1140 2322 1203 Domine,
2341 1136 2458 1206 quis
2488 1132 2715 1187 credidit
2745 1129 2953 1183 auditui
2980 1134 3180 1189 nostro,
3208 1132 3257 1176 et
3278 1122 3401 1174 bra-

1820 1234 1995 1288 chium
2026 1232 2121 1285 Dei
2139 1230 2225 1284 cui
2243 1227 2531 1283 revelatum
2559 1223 2724 1278 estV?
2752 1222 2872 1290 Ipse
2899 1218 3066 1289 igitur
3091 1215 3255 1270 etiam
3284 1211 3401 1282 jus-

1822 1326 1941 1379 titia
1968 1339 1983 1377 :
2017 1322 2422 1393 appr0pinquat
2444 1313 2815 1384 enimjustitia
2841 1326 2959 1365 mea
2980 1306 3262 1370 accedere,
3285 1304 3403 1372 ipse

1824 1418 2096 1482 Salvator,
2158 1415 2275 1485 ipse
2332 1410 2657 1467 brachium:
2712 1406 2835 1460 ideo
2886 1413 2940 1458 et
2970 1399 3172 1457 Paulus
3217 1395 3405 1451 omnia

1786 1566 1789 1569 ,
1824 1507 2313 1579 comprehenderis,
2345 1502 2412 1557 ad
2442 1516 2616 1556 unum
2649 1497 2838 1562 refert,
2888 1494 3077 1549 dicens
3126 1489 3265 1554 :Qui
3322 1488 3407 1555 fa-

1826 1577 2053 1657 ctus‘est
2083 1599 2229 1653 nobis
2273 1595 2532 1665 sapientia
2558 1611 2591 1646 a
2615 1592 2745 1656 Deo,
2773 1598 2825 1643 et
2850 1586 3059 1654 iustitia
3086 1591 3136 1636 et
3168 1577 3409 1646 sanctiﬁ-

1828 1695 1989 1757 catio,
2025 1700 2074 1746 et
2103 1689 2410 1758 redemptio,
2448 1686 2537 1739 ille
2577 1684 2727 1737 nobis
2765 1678 2988 1751 protulit
3016 1685 3259 1730 exortum
3315 1669 3409 1738 ju-

1833 1788 2021 1844 stitiaa.
2059 1784 2189 1838 Ecce
2220 1783 2380 1846 enim,
2412 1780 2603 1849 inquit.
2634 1775 2899 1844 proferam
2922 1762 3406 1834 exortumjustitia:

156 1894 382 1947 δικαίαν
398 1910 414 1923 ·
450 1859 578 1946 ιέοὺ
600 1859 733 1962 γάρ,
766 1859 983 1963 gena-ir:
1003 1888 1274 1947 ἀνατελῶ
1288 1889 1368 1954 τῷ
1392 1888 1536 1954 οἴκῳ
1551 1859 1731 1939 Δαϐίδ

1844 1880 2013 1933 domui
2045 1875 2219 1930 David
2253 1888 2301 1930 ι.
2328 1873 2448 1943 Ipse
2470 1880 2523 1925 et
2544 1868 2858 1937 rexjustus.
2888 1860 3039 1916 Unus
3064 1859 3231 1930 igitur
3256 1868 3413 1909 exor-

159 1985 455 2053 ὰνατολὴν
506 1986 769 2039 δικαίαν.
817 1985 931 2038 Καὶ
974 1984 1225 2055 βασιλεὺς
1247 1984 1292 2014 ⁵³
1329 1981 1556 2042 δίκαιος.
1609 1977 1725 2031 Μία

165 2075 252 2145 μὲν
277 2071 367 2127 οὖν
420 2076 456 2145 ἡ
498 2074 756 2146 ἀνατολὴ,
810 2074 1004 2128 πολλαὶ
1053 2074 1112 2126 δὲ
1171 2072 1340 2141 αὐτῆς
1381 2071 1439 2123 αἱ
1484 2069 1723 2133 ἀκτῖνες,

167 2166 581 2236 φιλανθρωπίας,
611 2167 829 2231 ἰάσεως,
860 2166 1106 2236 εἰρήνης,
1132 2161 1481 2233 δικαιοσύνης
1511 2160 1727 2222 ἀκτῖνες

174 2259 257 2310 καὶ
283 2260 485 2329 μυρίων
536 2258 738 2313 ἄλλων.
773 2258 866 2310 Διὸ
901 2258 998 2312 καὶ
1052 2259 1081 2311 ὁ
1136 2256 1301 2309 Δαϐὶδ
1344 2253 1730 2325 προθεσπίζων

181 2346 307 2421 ᾖδεν·
326 2348 620 2403 Ἀνατελεῖ
643 2350 712 2402 ὲν
741 2348 872 2416 ταῖς
886 2348 1135 2419 ἡμέραις
1156 2345 1344 2402 αὐτοῦ
1375 2344 1729 2413 δικαιοσύνη

188 2441 276 2494 καὶ
307 2442 523 2509 πλῆθος
563 2441 830 2512 εἰρήνης,
879 2443 991 2509 ἕως
1012 2438 1085 2499 οὗ
1133 2437 1530 2510 ἀνταναιρεθῇ
1558 2439 1597 2507 ἡ
1626 2452 1731 2491 σε-

186 2530 343 2598 λήνη.
366 2531 510 2603 Αὕτη
543 2531 675 2601 γοῦν
707 2534 741 2604 ἠ
777 2532 1014 2603 ἀνατολὴ
1049 2530 1109 2598 ἐξ
1155 2530 1326 2601 ὕψους
1367 2528 1609 2585 ἀνέτειλε
1638 2527 1735 2583 καὶ

184 2624 275 2675 ἀπὸ
296 2626 386 2694 τῆς
410 2628 520 2695 γῆς
553 2639 567 2655 ·
609 2623 671 2688 ἐξ
691 2623 860 2693 ὕψους
897 2625 995 2696 μὲν
1020 2622 1166 2679 κατὰ
1203 2625 1304 2696 τὴν
1344 2621 1599 2695 θεότητα,
1626 2621 1737 2676 ἀπὸ

176 2717 263 2785 γῆς
284 2716 511 2770 sum
540 2716 641 2790 τὴν
673 2717 1010 2789 οἰκονομίαν.

176 2826 482 2898 Τοῦγαύτοῦ
506 2827 577 2898 ἐκ
601 2823 707 2884 τοῦ
734 2830 821 2895 εἱς
844 2828 961 2897 τὴν
991 2828 1450 2898 ἐνανθρώπησιν
1486 2826 1735 2898 τοῦΚυ-

225 2897 349 2964 ρίου
397 2897 575 2963 ἡμῶν
625 2901 820 2966 Ἰησοῦ
867 2897 1309 2968 Χριστοῦοίκαί
1363 2900 1454 2953 ὅτι
1501 2897 1739 2962 ἑκάστῳ

233 2969 470 3036 κλίματι
495 2970 913 3039 ἐφεστήκασιν
942 2970 1207 3040 ἄγγελοι.

244 3059 587 3115 Ἐδούλευσεν
612 3064 647 3134 ή
678 3063 859 3127 κτίσις
887 3062 967 3133 τῷ
993 3062 1268 3135 ἀνθρώπῳ
1296 3061 1419 3135 [οὐχ
1447 3061 1525 3125 ὡς
1553 3060 1739 3133 ﬁfty].

164 3150 297 3219 ἥλιος
321 3156 426 3206 καὶ
454 3154 654 3226 σελήνη
682 3156 775 3209 καὶ
797 3156 842 3187 ⁸³
871 3154 1048 3226 ἄστρα
1080 3154 1177 3209 καὶ
1204 3154 1449 3211 θάλασσα
1468 3154 1516 3186 ⁸⁵
1548 3154 1642 3207 καὶ
1669 3152 1743 3223 γῆ

1831 1984 1919 2028 tus
1950 1970 2090 2043 [sive
2125 1964 2357 2039 oriens],
2388 1963 2547 2019 multi
2578 1961 2697 2031 ejus
2722 1958 2947 2012 fuerunt
2967 1952 3129 2019 radii,
3155 1947 3414 2004 humani-

1832 2062 1985 2127 tatis,
2028 2057 2354 2123 curationis,
2402 2053 2577 2124 pacis,
2613 2047 2857 2121 justitiae,
2903 2044 3042 2099 radii
3072 2040 3411 2095 inlinitorum

1834 2158 2090 2212 aliorum.
2122 2153 2247 2209 Ideo
2293 2161 2348 2207 et
2410 2149 2580 2203 David
2617 2143 2922 2216 praavidens
2966 2138 3167 2196 cecinit
3209 2153 3223 2191 :
3267 2133 3416 2189 Orie—

1839 2259 1925 2303 tur
1946 2248 2001 2302 in
2030 2246 2212 2300 diebus
2237 2248 2352 2314 ejus
2376 2242 2595 2312 justitia
2617 2247 2665 2293 et
2690 2235 3021 2291 abundantia
3052 2230 3222 2302 pacis,
3254 2226 3417 2280 donec

1838 2342 2117 2412 auferatur
2138 2338 2267 2391 luna
2289 2346 2339 2389 γ.
2370 2334 2471 2397 Hic
2496 2333 2662 2403 igitur
2692 2331 2878 2387 oriens
2900 2344 2966 2382 ex
2996 2326 3106 2380 alto
3129 2333 3284 2378 ortus
3310 2326 3416 2380 est,

1838 2438 1893 2487 et
1916 2446 1948 2485 e
1976 2440 2154 2483 terra:
2183 2441 2250 2481 ex
2273 2424 2384 2479 alto
2412 2424 2655 2492 quidem,
2683 2416 2987 2475 secundum
3026 2414 3281 2470 deitatem
3308 2427 3322 2464 :
3352 2423 3420 2463 ex

1839 2528 1986 2575 terra
2012 2529 2165 2583 vero,
2188 2512 2490 2571 secundum
2542 2507 3030 2579 dispensationem.

1848 2828 2101 2900 Ejusdem
2150 2827 2206 2900 in
2227 2822 2455 2900 Domini
2496 2815 2930 2900 incarnationem,
2961 2810 3086 2865 Jesu
3127 2806 3327 2889 Citristi
3373 2813 3423 2859 et

2021 2879 2164 2968 quod
2192 2893 2414 2965 singulis
2446 2889 2743 2961 regionibus
2778 2883 2995 2956 angelus
3041 2879 3243 2951 prwsit.

1919 3054 2155 3113 Servivit
2190 3060 2443 3108 creatura
2497 3046 2730 3111 homini,
2787 3045 2870 3101 sol
2936 3051 2991 3098 et
3050 3041 3211 3102 luna,‘
3243 3035 3423 3096 stella,

1849 3164 2020 3215 mare,
2057 3157 2222 3212 terra,
2255 3153 2311 3201 et
2347 3155 2691 3213 quaecunque
2728 3138 2783 3192 in
2810 3136 2892 3193 eis
2937 3144 3087 3198 sunt,
3140 3148 3247 3187 non
3295 3144 3429 3183 vero

164 3243 248 3293 καὶ
274 3244 341 3297 τὰ
366 3245 437 3296 ὲν
477 3219 685 3309 αὐτοῖς,
721 3247 821 3316 οὐχ
876 3246 954 3312 ὡς
978 3219 1138 3317 ’ἀξίῳ
1167 3246 1226 3300 δὲ
1259 3246 1376 3317 (καὶ
1415 3247 1524 3317 γὰρ
1560 3219 1739 3315 παραέ

1848 3251 1910 3296 ut
1934 3241 2100 3311 digno
2136 3237 2358 3310 (etenim
2396 3232 2786 3305 praevaricator
2801 3222 3152 3294 etreusofuit)
3191 3221 3287 3279 sed
3317 3219 3429 3274 Deo

163 3328 317 3401 ὁάτης
348 3327 431 3403 ἦν
462 3334 561 3387 καὶ
616 3311 921 3407 ὑπόδικος),
954 3311 1225 3391 ἀλλάποῦ
1268 3311 1438 3389 Deoi-
1471 3311 1739 3390 δουλεύειν

1845 3334 2073 3404 jubente
2096 3331 2145 3386 ei
2174 3329 2416 3384 servire:
2446 3341 2512 3380 ne
2533 3340 2630 3396 per
2660 3322 2845 3379 omnia
2878 3320 3058 3389 imago
3084 3316 3287 3386 injuria
3316 3311 3423 3367 alli-

165 3426 590 3496 προστάξαντος,
619 3429 693 3493 ὡς
716 3429 783 3483 ἂν
831 3432 906 3501 μὴ
965 3429 1263 3502 ὲξυϐρισθῇ
1321 3430 1412 3484 διὰ
1462 3429 1683 3483 πάντων
1711 3429 1747 3500 ή

165 3516 334 3583 είκὼν,
367 3521 429 3570 εί
470 3519 568 3571 καὶ
616 3519 855 3591 παρέὸη.
887 3521 1077 3592 Πάσης
1120 3520 1302 3575 τοίνυν
1354 3520 1455 3589 τῆς
1509 3518 1746 3581 κτίσεως

166 3610 570 3681 στασιαζούσης
599 3612 628 3664 ὁ
653 3612 785 3677 Θεὸς
809 3613 1022 3667 κελεύει
1051 3616 1117 3684 τῇ
1149 3612 1329 3666 κτίσει
1376 3610 1452 3682 μὴ
1490 3611 1748 3681 ἀφηνιᾷν,

163 3704 286 3757 ἀλλὰ
309 3704 595 3773 παρέχειν
642 3706 739 3776 μὲν
785 3705 878 3759 τὸν
934 3706 1088 3778 ἣλιον
1126 3704 1227 3775 τὴν
1280 3701 1474 3757 ἑαυτοῦ
1528 3703 1748 3769 ἀκτῖνα,

160 3796 249 3865 τὴν
278 3799 389 3867 γῆν
417 3797 469 3828 ⁸⁸
498 3798 627 3861 τοὺς
671 3800 945 3869 καρποὺς,
987 3798 1153 3870 [1544
1187 3795 1281 3867 R.]
1325 3794 1424 3866 τὴν
1473 3793 1753 3849 θάλασσαν

165 3889 344 3956 ἰχθύας
373 3889 429 3921 ⁸⁵
497 3888 596 3942 καὶ
654 3889 755 3953 τὰς
815 3890 1088 3961 ἐμπορίας
1110 3890 1178 3954 ⁸⁷,
1219 3888 1316 3941 καὶ
1364 3887 1596 3942 ἕκαστον
1642 3884 1754 3938 τῶν

163 3980 493 4050 κτισμάτων
520 3981 623 4049 τὴν
644 3980 707 4047 ἐξ
732 3980 945 4036 ἑαυτῶν
979 3982 1171 4053 χρείαν
1202 3981 1296 4035 καὶ
1323 3979 1598 4051 ὠφέλειαν
1635 3981 1750 4043 τοῖς

162 4071 502 4143 ἀνθρώποις.
559 4070 781 4144 Ταύτην
832 4073 1173 4147 ἀπογυμνῶν
1222 4071 1602 4136 ὁἊπόστολος
1655 4070 1756 4140 τὴν

163 4161 372 4216 ἔννοιαν
403 4162 634 4232 φάσκεν
678 4165 739 4220 Ἠ
763 4165 874 4236 γὰρ
895 4164 1345 4234 ἀποκαραδοκία
1368 4165 1481 4233 τῆς
1503 4164 1757 4229 κτίσεως

162 4254 273 4321 τὴν
296 4253 711 4323 ἀποκάλυψιν
731 4256 853 4310 τῶν
888 4257 1036 4311 υἱῶν
1070 4255 1181 4311 τοῦ
1228 4256 1379 4311 Θεοῦ
1429 4256 1758 4324 ἀπεκδέχε-

165 4360 276 4399 ται.
305 4344 388 4413 Τῇ
418 4343 532 4413 γὰρ
552 4346 905 4413 ματαιότητι
930 4344 970 4411 ἡ
999 4346 1197 4412 κτίσις
1241 4345 1511 4415 ὑπετάγη
1536 4345 1603 4412 ⁸⁸,
1643 4347 1758 4414 οὐχ

162 4435 421 4501 ἑκοῦσα,
447 4434 607 4489 ἀλλὰ
632 4435 730 4488 διὰ
748 4440 856 4489 τὸν
880 4436 1291 4504 ὑποτάξαντα,
1325 4437 1420 4490 ἐπ’
1446 4436 1647 4492 ἐλπίδι
1669 4437 1760 4493 ὅτι

163 4528 257 4579 καὶ
279 4528 447 4595 αὐτή
465 4528 504 4595 ἡ
535 4529 736 4595 κτίσις
766 4529 1311 4597 ἐλευθερωθήσεται
1332 4530 1454 4586 ἀπὸ
1483 4528 1594 4598 τῆς
1622 4530 1761 4584 δου-

163 4620 331 4683 λείας
362 4617 483 4685 τῆς
501 4619 732 4688 φθορᾶς
773 4625 861 4689 είς
904 4622 1019 4691 τὴν
1045 4623 1393 4691 ἐλευθερίαν
1423 4623 1537 4693 τῆς
1573 4622 1762 4691 δόξης
1787 4599 1841 4659 D

164 4706 281 4760 τῶν
306 4708 549 4763 τέκνων
590 4711 698 4766 τοῦ
732 4713 901 4767 Θεοῦ.
953 4710 1080 4767 Οἷον
1109 4715 1183 4768 ⁴τί
1215 4714 1395 4784 λέγω;
1446 4714 1523 4778 ὡς
1569 4709 1709 4769 εἶδεν
1733 4715 1763 4766 ὁ

168 4789 297 4896 Θεξὶς
329 4801 438 4853 τὸν
473 4801 765 4896 ἄνθρωπον
792 4805 1099 4859 ἐκπεσόντα
1136 4808 1234 4859 καὶ
1274 4806 1378 4875 τὴν
1421 4806 1609 4860 κτίσιν
1632 4808 1765 4861 ἀνα.-

170 4894 446 4991 νειώυεῐὺῐιῖί
475 4894 611 4991 ’ἰταμὸς
658 4894 976 4991 ,ὑπηρεσίαν
1017 4897 1112 4951 τοῦ
1145 4899 1553 4970 ἡμαρτηκότος,
1579 4898 1764 4969 ἐχαλί-

171 4976 551 5082 νωσειὶαύοτὴν
583 4978 683 5082 καὶ
719 4984 795 5050 μὴ
841 4988 1124 5055 θέλουσαν,
1170 4992 1269 5044 καὶ
1304 4991 1592 5045 ἐκέλευσεν
1650 4992 1757 5045 ὑπο

175 5071 395 5134 ηρετεῖν
422 5071 497 5131 ὡς
528 5071 822 5141 πρότερον,
862 5074 1027 5145 ἡνίκα
1062 5079 1124 5131 τὸ
1162 5080 1439 5151 βασιλικὸν
1462 5083 1638 5155 ἑαυτῷ
1670 5084 1766 5136 καὶ

175 5156 406 5229 ἀρχικὸν
434 5162 534 5230 τὴν
566 5163 792 5236 ἐντολὴν
817 5166 1106 5237 φυλάττων
1168 5175 1524 5240 συνδαίσωζεν
1548 5216 1564 5241 ,
1597 5175 1767 5247 ᾐσχύ-

250 5363 267 5397 ί
301 5363 445 5420 Luc.
471 5368 616 5437 1,78.
686 5372 717 5406 ιι
747 5369 949 5441 Ephes.
976 5386 1048 5441 Iv,
1077 5374 1131 5429 9.
1210 5384 1237 5414 ν
1297 5375 1406 5432 lsa.
1448 5391 1566 5441 Llll,
1598 5379 1648 5430 1.

1850 3437 2098 3493 ceretur;
2140 3424 2269 3478 licet
2298 3423 2463 3476 homo
2493 3415 2886 3489 praevaricatus
2915 3412 3103 3467 fuerit.
3130 3408 3291 3463 Omni
3329 3406 3431 3477 igi-

1850 3528 1942 3575 tur
1969 3526 2221 3574 creatura
2250 3513 2569 3575 rebellante,
2602 3508 2746 3563 Deus
2776 3512 3042 3561 creaturae
3075 3501 3300 3555 mandat
3323 3512 3431 3551 non

1851 3620 2179 3679 repugnare,
2206 3603 2299 3659 sed
2332 3600 2574 3673 praebere
2603 3596 2825 3667 quidem
2856 3594 3030 3649 solem
3062 3589 3246 3645 radios
3276 3602 3434 3647 suos,

1853 3712 2006 3752 mare
2043 3695 2223 3765 pisces
2250 3701 2305 3747 et
2344 3689 2791 3760 negotiationem,
2841 3691 2895 3738 et
2933 3679 3179 3748 singulas
3219 3684 3435 3731 creatu-

1852 3804 1964 3855 ras,
2008 3787 2299 3842 utilitatem
2354 3797 2509 3838 suam
2568 3789 2623 3836 et
2691 3773 3040 3834 commodum
3092 3767 3429 3825 hominibus.

1856 3880 2053 3952 517b
2091 3878 2252 3933 Hunc
2307 3889 2533 3933 sensum
2579 3870 2880 3943 Apostolus
2948 3864 3233 3936 explicans
3274 3859 3432 3915 dicit:

1857 3973 2005 4027 Nam
2041 3970 2364 4041 exspectatio
2384 3976 2645 4022 creatura:
2682 3961 3051 4017 reuelationem
3080 3956 3315 4027 ﬁliorum
3337 3949 3434 4003 Dei

1857 4075 2149 4137 exspectat.
2192 4061 2434 4117 Vanitati
2486 4059 2627 4114 enim
2660 4064 2909 4111 creatura
2932 4050 3168 4119 subjecta
3197 4056 3297 4110 est,
3324 4059 3428 4097 non

1858 4158 2056 4223 volens,
2092 4157 2183 4210 sed
2219 4164 2435 4226 propter
2467 4168 2588 4206 eum
2619 4150 2710 4220 qui
2749 4145 2974 4214 subjecit
3014 4156 3132 4195 eum
3154 4141 3211 4191 in
3241 4152 3357 4207 spe,
3383 4144 3433 4188 et

1859 4251 1979 4318 ipsa
2002 4256 2251 4301 creatura
2294 4241 2609 4297 liberabitur
2648 4255 2679 4290 a
2706 4235 2961 4289 servitute
3000 4227 3356 4296 corruptionis
3384 4226 3439 4277 in

1861 4342 2160 4396 libertatem
2191 4338 2378 4409 gloria:
2408 4334 2643 4404 ﬁliorum
2684 4328 2780 4381 Dei
2816 4335 2863 4381 κ.
2894 4323 3019 4377 Haec
3041 4336 3107 4376 eo
3142 4319 3439 4389 pertinent,

1862 4433 2026 4488 scivit
2054 4431 2200 4485 Deus
2229 4427 2508 4482 hominem
2556 4422 2861 4490 lapsurum,
2885 4424 2940 4470 et
2976 4406 3282 4469 creaturam
3320 4423 3442 4478 pec-

1864 4526 2070 4583 catoris
2102 4523 2398 4594 imperium
2430 4519 2878 4575 detrectaturam,
2902 4509 3104 4563 idcirco
3138 4502 3444 4558 reiraenavit

1866 4637 2010 4685 eam,
2042 4629 2096 4673 et
2124 4617 2289 4672 etiam
2326 4612 2625 4673 nolentem,
2653 4607 2923 4677 jussitque
2981 4612 3174 4669 parere
3200 4637 3215 4661 ,
3249 4604 3309 4649 ut
3344 4609 3445 4646 an;

1865 4724 1972 4775 tea,
2014 4711 2143 4765 dum
2179 4706 2286 4776 legi
2323 4703 2585 4774 parendo,
2632 4697 2814 4769 regale
2851 4709 2914 4749 ac
2952 4704 3232 4748 summum
3277 4688 3447 4768 impe-

1863 4808 2008 4859 rium
2064 4800 2335 4857 servabat.
2381 4794 2627 4851 Pudebat
2672 4791 2816 4848 enim
2859 4795 3173 4843 creaturam
3210 4780 3447 4837 obnoxio

1870 4895 2112 4967 peccatis
2153 4892 2375 4949 domino
2425 4905 2486 4946 se
2538 4885 2755 4957 subjici,
2811 4890 2866 4938 et
2916 4880 3124 4937 servire
3161 4876 3231 4938 ei,
3282 4885 3445 4940 quem

1876 5002 2097 5043 servum
2153 4983 2365 5055 peccati
2418 4996 2539 5038 esse
2598 4978 2829 5042 videret,
2865 4975 2959 5028 sed
3008 4971 3235 5026 Creator
3282 4963 3447 5033 jussit

1877 5086 2339 5147 transgressorem
2381 5086 2490 5126 non
2536 5069 2826 5136 abnegare,
2860 5060 2954 5115 sed
2977 5056 3262 5112 ostendere
3298 5069 3446 5108 com-

1875 5169 2058 5222 munis
2116 5166 2330 5221 Domini
2370 5165 2692 5219 immensam
2745 5152 2994 5225 gratiam,
3030 5157 3085 5203 et
3113 5148 3332 5202 ﬁrmum
3358 5144 3448 5199 be-

1746 5376 1977 5431 x[(Jor.
2027 5389 2067 5427 ι.
2112 5373 2204 5428 '50.
2280 5368 2473 5426 IPsal.
2518 5380 2671 5431 uxr,
2705 5360 2761 5414 7.
2848 5366 2871 5394 ι
2920 5354 3083 5409 Rom.
3128 5367 3249 5416 vui,
3276 5348 3368 5404 ει).

1483 5580 1569 5634 VA
1579 5579 1718 5634 BHE
1773 5576 2184 5635 LEC'I‘IONES.

252 5724 406 5797 "an
436 5730 478 5783 Δ
531 5746 545 5783 :
583 5730 648 5783 ὲκ
674 5729 770 5782 τοῦ
800 5731 880 5784 ὅτι
906 5751 964 5797 ς,

489 5799 531 5833 ⁸⁵
558 5802 657 5873 τὴν
686 5801 790 5870 γῆν
814 5795 938 5867 τοὺς
962 5806 1208 5875 καρπούς
1250 5795 1377 5863 add.
1410 5808 1477 5861 Α.
1514 5808 1612 5877 τὴν

1073 5737 1116 5767 θ’
1152 5735 1244 5788 καὶ
1289 5734 1598 5803 βασιλεύσει
1635 5735 1896 5860 gustia);
1937 5737 2001 5789 Α.

1077 5806 1208 5863 πούς
1250 5808 1377 5863 add.
1410 5808 1477 5861 Α.
1514 5808 1612 5863 τὴν
1667 5807 1822 5863 ὲθὰλ·
1852 5824 1911 5863 ς.

3000 5728 3046 5761 ⁸⁵
3079 5728 3173 5781 καὶ
3213 5726 3453 5779 θάλασσα

2101 5733 2146 5764 ⁵³
2173 5731 2265 5785 καὶ
2291 5740 2420 5789 ante
2448 5732 2622 5803 ἄστρα
2665 5729 2790 5787 add.
2822 5730 2887 5784 Α.
3000 5729 3046 5761 ⁸⁵
3079 5729 3173 5781 καὶ
3213 5729 3427 5779 θάλασσι

2101 5803 2250 5866 ἰχθῦς
2276 5820 2337 5866 ς.
2439 5805 2480 5835 ⁸⁷
2500 5803 2799 5866 ἐμπορείας
2826 5802 2889 5853 Α.
2989 5801 3034 5831 ⁸⁸
3062 5798 3305 5866 ὑπετάγη
3341 5811 3427 5850 om

2020 5806 2063 5837 δεῖ
2098 5803 2250 5873 ἰχθῦς
2276 5820 2337 5866 ς.
2364 5875 2369 5880 1
2439 5805 2480 5835 ⁸⁷
2500 5802 2799 5873 ἐμπορείας
2826 5802 2889 5853 Α.
