3856 6298
545 346 649 411 263
1697 331 1958 394 PHOTlI
1998 332 2502 396 PATRIARCHIE
2543 340 2643 402 cr.-
3733 329 3829 394 est

548 458 828 515 nelicium.
870 456 1204 512 Promittens
1258 454 1424 510 etiam
1459 458 1744 516 creaturae,
1799 459 2062 504 renovato
2086 458 2142 504 et

2265 467 2366 506 ιετο
2393 451 2508 524 γάρ
2539 458 2573 524 ἡ
2637 455 2814 519 κτίσις
2869 454 2960 507 τὸν
3005 453 3368 522 αίχμάλωτον
3406 451 3479 518 τῇ
3527 446 3827 518 παραϐάσει

551 553 786 607 liberata
826 558 1087 618 corrupto
1136 556 1190 602 et
1225 547 1444 617 captivo
1488 543 1729 603 homine.
1767 542 1934 596 etiam
1965 543 2140 612 ipsam

2265 546 2450 615 (ύριον
2501 547 2930 620 ἐπιγράφεσθαι,
2966 546 3062 599 καὶ⁸
3091 542 3465 615 ἐξυπηρετεῖν
3512 537 3685 608 αύτῷ,
3736 543 3828 607 τῆς

552 655 876 699 renovatum
913 642 1003 709 iri,
1033 640 1193 712 quasi
1221 639 1460 693 diceret:
1487 634 1697 692 Cecidit
1721 633 1925 704 imago,
1955 643 2012 687 et
2045 649 2142 704 per

562 736 773 806 lapsum
803 735 1032 800 interiit,
1091 741 1146 788 et
1164 746 1260 803 per
1290 727 1714 784 inobedientiam
1742 725 2018 795 corruptio
2035 735 2138 782 est.

561 827 755 881 Patere
810 825 1019 881 servire
1062 821 1417 891 corruptione
1472 827 1756 889 corrupto,
1790 820 1874 883 {ut
1921 817 2142 889 quando

557 917 740 988 ipsum
769 924 1053 977 renovato,
1104 929 1280 968 meam
1317 911 1631 981 imaginem,
1661 919 1977 980 corruptum
2035 910 2140 964 lto-

559 1009 786 1071 minem,
813 1006 1046 1064 cumillo
1068 1014 1122 1060 et
1153 1014 1202 1060 te
1221 1003 1529 1059 creaturam
1563 1017 1838 1067 renovem,
1877 1009 1932 1057 et
1953 1002 2139 1056 eadem

559 1118 668 1170 qua
700 1101 790 1156 ille
829 1099 1089 1154 afﬂictam
1140 1096 1385 1160 miseria,
1419 1111 1543 1150 cum
1580 1094 1754 1165 gloria
1794 1094 2140 1148 resuscitcm.

559 1191 703 1259 Quid
733 1200 818 1247 est
848 1192 974 1254 hoc,
1003 1190 1246 1245 hominis
1273 1188 1557 1244 dominum
1584 1186 1772 1257 fugere
1795 1186 2149 1244 creaturam?

560 1285 702 1339 Dicit
740 1284 887 1339 enim
913 1301 927 1339 :
983 1281 1223 1336 Vanitati
1252 1281 1488 1350 subjecta
1514 1288 1591 1334 est
1617 1288 1886 1341 creatura,
1918 1293 2023 1330 non
2044 1296 2149 1335 λυο-

561 1377 714 1430 lens:
746 1376 835 1430 cui
865 1376 1134 1430 vanitati?
1179 1377 1223 1428 A
1279 1389 1389 1444 quo
1421 1372 1567 1428 enim
1621 1381 1866 1440 tempore
1912 1373 2077 1429 homo
2115 1389 2148 1429 a

565 1469 677 1524 Deo
702 1469 942 1533 deﬂexit,
967 1468 1183 1523 vanitas
1208 1476 1460 1523 vocatur.
1493 1464 1634 1519 Audi
1661 1473 1951 1521 canentem
1986 1464 2148 1520 Davi-

565 1562 688 1616 dem
712 1579 726 1614 :
775 1559 1146 1614 Verumtamen
1175 1559 1417 1612 universa
1440 1557 1669 1620 vanitas,
1704 1558 1873 1611 omnis
1895 1557 2048 1612 homo
2071 1557 2149 1611 vi-

563 1667 682 1704 vens
705 1661 755 1704 α.
788 1647 981 1705 Omnis
1007 1649 1170 1702 homo
1204 1663 1381 1702 vanus
1410 1655 1495 1701 est
1529 1645 1700 1702 Deum
1728 1647 2067 1720 relinquens,
2093 1655 2148 1702 et

564 1744 857 1798 vanitatem
897 1759 1156 1812 sequens.

2245 636 2523 707 ἁμαρτιας
2565 641 2728 693 αὑτὸν
2763 639 2891 712 [8M
2921 637 3014 709 1].]
3044 636 3232 708 ὁρῶσα
3270 631 3470 688 δοῦλον
3509 632 3826 700 γενόμενον·

2243 727 2359 784 ἀλλ’
2384 730 2676 788 ἐκέλευσεν
2716 733 2744 784 ὁ
2782 731 3010 800 κτίστης
3054 729 3129 800 μὴ
3152 724 3516 798 ἐξαρνεῖσθαι
3540 722 3635 775 τὸν
3665 740 3830 792 παρα-

2244 819 2440 893 ϐάτην,
2489 823 2604 878 ἀλλ’
2644 822 3015 878 ἐπιδεικνύναι
3060 821 3155 876 τοῦ
3185 818 3380 875 κοινοῦ
3436 815 3712 870 Δεσπότου
3742 815 3831 886 τὴν

2243 912 2479 976 ἄφθονον
2524 915 2685 989 χάριν
2730 915 2912 970 καὶτὸ
2949 917 3049 987 τῆς
3100 911 3442 985 εὐεργεσίας
3481 907 3828 978 ἀμετάθετον,

2245 1003 2719 1077 ἐπαγγειλάμενος
2748 1007 2842 1060 καὶ
2881 1009 2948 1077 τῇ
2980 1005 3156 1060 κτίσει
3185 1005 3273 1058 ὅτι
3305 1019 3442 1072 περ,
3489 1000 3834 1062 ἀνακαινιζο-

2252 1098 2416 1168 μένου
2444 1098 2540 1152 καὶ
2570 1097 3029 1170 ἐλευθερουμένου
3055 1097 3149 1150 τοῦ
3170 1095 3490 1166 φθαρέντος
3516 1092 3614 1145 καὶ
3647 1092 3835 1160 αἰχμα-

2247 1190 2605 1256 λωτισθέντας
2635 1191 2965 1264 ἀνθρώπου,
2996 1187 3535 1256 ἀνακαινισθήσεται
3565 1183 3660 1236 καὶ
3689 1184 3833 1254 αὑτὴ,

2247 1284 2324 1348 ὡς
2361 1284 2427 1339 ἂν
2465 1285 2512 1338 εί
2549 1284 2774 1354 ἐλεγενο
2817 1283 3054 1338 Ἔπεσεν
3109 1283 3143 1354 ἡ
3194 1278 3370 1334 είκὼν
3433 1277 3530 1331 καὶ
3582 1275 3836 1346 ὠλίσθησε

2247 1377 2336 1440 διά
2385 1377 2484 1446 τὴν
2535 1377 2846 1448 παράϐασιν
2903 1377 2998 1431 καὶ
3053 1375 3344 1445 φθείρεται
3393 1369 3487 1424 διὰ
3532 1368 3634 1438 τὴν
3669 1385 3834 1438 παρα-

2248 1471 2401 1542 κοήν.
2424 1469 2689 1541 Ἀνάσχου
2728 1470 3012 1524 δουλεῦσαι
3050 1471 3116 1540 τῇ
3155 1467 3252 1521 τοῦ
3296 1463 3613 1535 φθαρέντος
3652 1461 3832 1532 φθορᾷ.

2250 1563 2356 1630 ἵνα,
2396 1563 2525 1617 ὅταν
2561 1565 2722 1618 αὑτὸν
2761 1564 3128 1629 ἀνακαινίζω,
3167 1560 3270 1632 τὴν
3311 1557 3459 1630 ἐμὴν
3498 1555 3681 1609 εἰκόνα
3704 1595 3718 1618 ,
3756 1556 3832 1607 τὸν

2250 1655 2526 1727 φθαρέντα
2563 1657 2882 1728 ἄνθρωπον,
2937 1657 3035 1710 σὺν
3072 1654 3260 1725 αὐτῷ,
3303 1651 3406 1706 καὶ
3443 1650 3506 1702 σὲ
3543 1648 3642 1717 τὴν
3677 1647 3833 1699 κτίσιν

2249 1742 2586 1796 ἀνακαινίσω
2625 1744 2719 1797 καὶ
2759 1744 3047 1812 σύνθρονον
3085 1742 3251 1796 αὑτοῦ
3289 1741 3394 1810 τῆς
3417 1741 3462 1772 ⁸³
3500 1738 3662 1808 ὅοξης
3697 1737 3832 1805 ποιή·

567 1855 664 1892 σω.
703 1837 1205 1906 Συγκατεσπάσθης
1243 1834 1406 1892 αὑτοῦ
1422 1835 1468 1867 ⁷⁰
1503 1838 1570 1907 τῇ
1610 1834 1980 1906 ταλαιπωρίᾳ,
2024 1835 2406 1904 συναναστήσῃ
2428 1835 2473 1865 ⁷¹
2512 1838 2576 1907 τῇ
2616 1835 2765 1910 δόξῃ.
2805 1835 2870 1888 Τί
2907 1835 2963 1888 δέ
3002 1835 3121 1887 ἐστι
3157 1834 3218 1886 τὸ
3256 1833 3364 1904 τὴν
3404 1830 3591 1884 κτίσιν
3630 1828 3833 1896 φεύγειν

566 1931 663 2001 τὴν
701 1929 796 1983 τοῦ
835 1929 1124 2000 ἀνθρώπου
1164 1929 1518 1993 δεσποτείαν;
1559 1927 1707 1995 λέγει
1745 1927 1890 1996 γάρ·
1939 1923 2017 1992 Τῇ
2052 1926 2402 1994 ματαιότητι
2439 1928 2478 1996 ἠ
2518 1928 2716 1994 κτίσις
2754 1929 2865 1997 οὐχ
2903 1927 3193 1981 ἐκοῦσαπ
3233 1922 3538 1992 ὑπετάγη.
3573 1921 3704 1992 Ποίᾳ
3739 1937 3831 1990 μα-

570 2025 844 2096 ταιότητι;
876 2024 967 2094 ἀφ’
997 2017 1060 2078 οὗ
1099 2023 1164 2078 ἂν
1203 2026 1450 2096 ἐκτραπῇ
1488 2026 1517 2077 ὁ
1557 2023 1843 2094 ἄνθρωπος
1879 2021 1973 2074 τοῦ
2013 2020 2172 2086 Θεοῦ,
2221 2023 2519 2093 ματαιότης
2562 2024 2832 2080 καλεῖται.
2862 2025 3130 2077 ’Ἄκουσον
3169 2021 3476 2092 ψάλλοντος
3516 2017 3613 2070 τοῦ
3653 2016 3832 2069 Δαϐίδ·

567 2114 743 2183 Πλὴν
778 2115 856 2170 τὰ
891 2116 1214 2184 σύμπαντα
1247 2119 1612 2185 ματαιότης,
1651 2112 1772 2182 πᾶς
1809 2113 2123 2182 ἄνθρωπος
2162 2112 2292 2174 ζῶν.
2350 2116 2465 2179 Πᾶς
2504 2116 2791 2190 ἅνθρωπος
2842 2117 3071 2188 μάταιός
3109 2118 3262 2171 ἐστιν
3302 2116 3332 2169 ὁ
3370 2113 3466 2168 τὸν
3510 2110 3642 2164 Θεὸν
3689 2126 3833 2164 κατα-

568 2209 855 2278 λιμπάνων
894 2210 989 2263 καὶ
1025 2210 1093 2264 τὰ
1135 2211 1339 2281 μάταια
1381 2211 1754 2280 μεταδιώκων.

642 2299 940 2354 Constituit
972 2299 1118 2356 Deus
1170 2301 1394 2370 angelos
1425 2301 1726 2354 secundum
1756 2301 1971 2354 climata
2013 2299 2161 2352 orbis
2189 2298 2236 2357 Β

573 2392 816 2445 universi
844 2393 1123 2452 custodes,
1157 2400 1214 2446 ut
1248 2391 1394 2462 quod
1426 2401 1480 2446 et
1507 2391 1684 2448 Moses
1712 2393 1845 2448 dicit
1875 2392 2009 2464 (19).
2041 2391 2154 2444 sin-

573 2484 685 2554 guli
736 2483 982 2555 singulas
1018 2494 1208 2553 gentes
1257 2493 1497 2540 servent.
1543 2485 1851 2541 Constituit
1895 2499 2048 2549 vero,
2098 2491 2158 2537 ut

573 2576 906 2631 inanimatas
941 2587 1225 2633 creaturas
1265 2577 1516 2640 fraenent,
1539 2567 1732 2644 solent,
1757 2588 1811 2632 et
1857 2578 2065 2643 lunam,
2105 2583 2159 2629 et

576 2683 748 2732 mare,
780 2679 835 2724 et
862 2678 1089 2734 terram,
1119 2679 1174 2725 et
1213 2686 1552 2741 quaecunque
1579 2671 1632 2725 in
1668 2671 1734 2726 iis
1765 2679 1916 2734 sunt,
1947 2669 2012 2723 ad
2045 2684 2160 2724 scr-

574 2761 834 2814 viendum
865 2761 1152 2815 hominum
1197 2763 1343 2816 usui.
1381 2761 1622 2817 Rursum
1663 2761 1838 2830 angeli
1885 2760 2162 2828 angeban-

573 2862 665 2906 tur
699 2852 1002 2907 servientes
1037 2853 1303 2922 indignis,
1335 2863 1390 2907 et
1425 2867 1598 2922 poma:
1630 2851 1881 2907 obnoxiis
1916 2851 2157 2906 homini-

576 2945 718 2999 bus:
757 2944 1062 3013 przesertim
1096 2944 1330 3000 videndo
1369 2945 1494 3000 illos
1547 2945 1849 2999 maximum
1896 2944 2160 2997 honorem

577 3034 765 3096 idolis,
805 3035 898 3088 uni
926 3033 1036 3089 Deo
1069 3034 1336 3100 debitum,
1373 3035 1572 3107 518a
1600 3036 1882 3091 exhibere.
1927 3033 2165 3089 Protulit

579 3132 724 3176 terra
773 3123 981 3188 vinum,
1021 3132 1075 3178 et
1124 3138 1236 3178 ara:
1276 3125 1567 3180 libationes
1615 3124 1979 3194 accipiebant,
2027 3123 2166 3176 alios

578 3214 793 3269 fructus
817 3215 979 3269 idolis
1021 3215 1443 3270 consecrabant.
1496 3215 1624 3269 Ideo
1652 3214 1828 3285 angeli
1862 3222 1990 3270 sunt
2025 3213 2163 3267 indi-

579 3305 754 3376 gnati,
787 3305 1038 3376 videntes
1069 3321 1133 3360 ea
1166 3321 1289 3376 qua:
1319 3323 1425 3361 non
1453 3315 1600 3372 sunt,
1640 3307 1744 3361 coli
1782 3307 1902 3362 loco
1923 3306 2042 3376 ejus
2066 3304 2162 3375 qui

577 3374 682 3453 est.
712 3374 849 3452 Hinc
877 3407 931 3451 et
961 3398 1069 3452 alia
1099 3374 1353 3468 quaestio,
1387 3414 1512 3468 quae
1540 3399 1606 3453 ad
1629 3374 1962 3469 Prophetam
1995 3374 2167 3452 relata

579 3501 700 3546 est:
743 3489 897 3545 Venit
929 3492 998 3544 ad
1030 3491 1208 3559 illum,
1245 3493 1442 3562 inquit,
1472 3492 1701 3563 Angelus
1738 3491 1975 3557 Gabriel,
2007 3501 2056 3546 et
2085 3491 2171 3543 di-

579 3584 649 3636 cit
679 3583 763 3638 ei:
805 3581 1019 3647 Daniel,
1055 3599 1198 3636 serve
1234 3582 1352 3648 Dei,
1385 3600 1449 3637 ea:
1485 3585 1570 3638 die
1605 3585 1780 3652 primo
1805 3600 1906 3654 quo
1945 3583 2171 3652 posuisti

2341 2298 2612 2368 Ἔστησεν
2641 2299 2669 2351 ὀ
2708 2299 2840 2364 Θεὸς
2889 2300 3158 2369 ἀγγέλους
3199 2301 3346 2353 κατά
3377 2298 3448 2353 τά
3483 2297 3718 2367 κλίματα
3745 2297 3829 2366 τῆς

2258 2391 2584 2462 οἰκουμένης
2621 2392 2717 2447 ἕνα
2741 2393 2971 2446 ἕκαστον
3008 2393 3422 2466 ἐπιτροπεύειν,
3455 2391 3532 2453 ὡς
3563 2391 3655 2442 καὶ
3684 2393 3822 2444 Mur?)-

2260 2481 2361 2550 σῆς
2393 2481 2564 2550 λέγει,
2599 2484 2717 2548 ἐνὸς
2749 2485 2980 2538 ἑκάστου
3015 2483 3202 2549 ἔθνους
3225 2501 3239 2514 ·
3274 2483 3482 2552 ἔστησε
3518 2482 3610 2546 δὲ,
3645 2483 3724 2533 ἵνα
3747 2483 3828 2551 τὴν

2257 2575 2464 2646 ἄψυχον
2489 2575 2667 2629 κτίσιν
2693 2576 3252 2647 χαλινώσωσιν,ἦλιον
3269 2576 3368 2628 καὶ
3392 2574 3623 2644 σελήνην
3650 2574 3735 2625 καὶ
3751 2571 3829 2623 θά-

2260 2667 2463 2721 λασσαν
2487 2668 2579 2721 καὶ
2600 2669 2703 2737 γῆν
2725 2669 2818 2722 καί
2834 2668 2901 2720 τά
2929 2671 2985 2721 ἐν
3005 2667 3210 2730 αὐτοῖς,
3233 2667 3536 2735 ὑπηρετεῖν
3557 2665 3620 2734 τῇ
3646 2663 3733 2715 τοῦ
3754 2664 3828 2717 cive

2263 2760 2484 2832 θρώπου
2500 2761 2820 2816 ἀπολαύσει.
2841 2762 3011 2815 Πάλιν
3029 2761 3077 2814 oi
3097 2760 3323 2830 ἄγγελοι
3343 2758 3638 2829 ἐτρύχοντο
3657 2757 3754 2824 tim,
3764 2771 3827 2822 ρε-

2264 2851 2519 2922 τούμενοι
2544 2852 2788 2918 ἀναξίοις
2813 2853 2908 2908 καὶ
2939 2854 3095 2922 δίκης
3133 2852 3346 2922 ἐνόχοις
3375 2849 3706 2919 ἀνθρώποις,
3743 2846 3826 2916 μά-

2263 2943 2419 2998 λιστα
2438 2945 2673 3016 ὁρῶντες
2708 2946 2905 3010 αὐτοὺς
2935 2946 3034 3016 τὴν
3073 2942 3423 3012 Δεσποτικὴν
3444 2941 3602 3006 ἀξίαν
3633 2941 3735 3000 τοῖς
3762 2940 3825 2989 εἱ-

2264 3037 2454 3104 δώλοις
2476 3039 2814 3115 ἀνάπτοντας
2833 3039 2927 3092 καὶ
2943 3036 3330 3109 ἀνιεροῦντας.
3359 3035 3647 3104 Ἔφερενὴ
3676 3031 3740 3100 γῆ
3755 3031 3828 3082 τὸν

2266 3125 2432 3194 οἶνον,
2471 3132 2568 3184 καὶ
2626 3133 2673 3184 οἱ
2736 3129 2911 3201 βωμοὶ
2975 3130 3075 3194 τὰς
3119 3126 3365 3190 σπονδάς
3419 3125 3681 3194 ἐδέχοντο,
3724 3123 3827 3181 τοὺς

2268 3220 2464 3284 ἄλλους
2507 3223 2755 3292 καρποὺς
2809 3221 2904 3276 καὶ
2939 3222 3053 3284 τοῖς
3091 3217 3339 3280 εἰδώλοις
3375 3214 3697 3270 ἀνετίθεντο.
3745 3210 3826 3262 Atii

2269 3311 2427 3366 τοῦτο
2455 3312 2785 3386 ἐδυσφόρουν
2813 3315 2866 3366 οἱ
2921 3312 3166 3381 ἄγγελοι,
3213 3309 3288 3364 τά
3343 3309 3421 3380 μὴ
3464 3307 3594 3361 ὄντα
3619 3304 3825 3376 ὁρῶντες

2271 3404 2392 3458 ἀντὶ
2416 3405 2511 3457 τοῦ
2542 3404 2696 3469 ὄντος
2740 3405 3031 3476 τιμώμενα
3059 3444 3072 3457 .
3127 3400 3420 3457 Ἐντεῦθεν
3447 3401 3492 3431 ⁷³
3527 3399 3620 3452 καὶ
3652 3397 3707 3451 τὸ
3730 3395 3827 3448 ἐτε-

2276 3511 2368 3565 ρον
2407 3494 2650 3566 ζήτημα,
2706 3495 2767 3548 τὸ
2803 3498 2885 3559 εἰς
2935 3495 3028 3548 τὸν
3070 3495 3365 3565 προφήτην
3407 3485 3821 3560 ἀναφερόμενον·

2275 3581 2463 3640 ’Πλθε
2485 3586 2634 3653 πρὸς
2658 3587 2864 3652 αὐτὸν,
2897 3586 3081 3656 φησιν,
3105 3589 3138 3640 ὀ
3155 3585 3418 3655 ἅγγελος
3438 3579 3718 3649 Γαϐριὴλ,
3745 3577 3825 3627 καὶ

581 3686 672 3723 cor
713 3679 862 3722 tuum
898 3669 966 3723 atl
999 3670 1422 3740 intelligendum,
1463 3681 1520 3724 ut
1556 3649 1900 3742 (conligeres
1928 3649 1982 3724 in
2018 3687 2163 3723 cons-

2274 3674 2437 3742 λέγει
2459 3649 2622 3741 αύτῷ
2641 3692 2656 3708 ο
2687 3649 2920 3744 Aur-tript-
3019 3649 3252 3742 seua}
3269 3649 3401 3730 1:05
3437 3674 3606 3738 Θεοῦ,
3643 3669 3732 3738 ἀφ’
3758 3664 3816 3734 ἧς

581 3772 732 3831 pectu
762 3763 851 3816 Dei
890 3767 988 3823 tui,
1017 3767 1272 3817 exaudita
1302 3774 1425 3818 sunt
1460 3765 1614 3819 verba
1637 3775 1749 3830 tua,
1769 3775 1817 3820 et
1838 3766 2032 3818 missus
2053 3777 2171 3819 sum

582 3865 647 3912 ιιι
669 3856 792 3913 lucc.
816 3855 912 3912 tibi
925 3857 1260 3912 nuntiarent.
1298 3856 1549 3927 Princeps
1584 3867 1758 3912 autem
1804 3858 1950 3928 regni
1982 3857 2174 3913 Persa-

585 3968 706 4005 rum
747 3952 944 4006 restitit
991 3952 1144 4014 mihi,
1187 3951 1290 4004 nisi
1317 3950 1546 4004 Michael
1581 3951 1822 4018 princeps
1845 3951 2013 4021 gentis
2059 3967 2172 4005 ves-

586 4057 684 4102 tra:
712 4050 936 4101 venisset
959 4048 1014 4100 in
1037 4047 1364 4118 adjutorium
1396 4063 1564 4100 meum
1593 4047 1642 4101 b.
1671 4047 2171 4101 Dubitaveriteniln

587 4141 810 4211 aliquis,
845 4143 890 4196 si
923 4140 1122 4196 Persize
1166 4143 1393 4212 angelus
1433 4140 1732 4211 praesidens
1775 4156 1805 4194 a
1850 4140 1962 4194 Deo
2023 4141 2174 4195 ordi-

593 4244 755 4290 natus
801 4235 888 4289 sit.
936 4233 992 4288 Si
1026 4249 1156 4288 vero
1194 4243 1250 4288 et
1289 4232 1508 4288 Gabriel
1534 4247 1562 4286 a
1597 4231 1705 4285 Deo
1732 4233 1933 4287 missus
1970 4242 2074 4297 est,
2113 4241 2174 4287 ut

589 4326 849 4395 populum
897 4324 1065 4381 lsrael
1115 4340 1144 4378 e
1182 4325 1496 4395 captivitate
1555 4326 1850 4380 educeret:
1897 4324 2174 4394 quomodo

587 4419 640 4473 ei
683 4417 974 4473 Persarum
1031 4420 1287 4488 princeps
1335 4417 1641 4472 restiterit?
1693 4415 1770 4470 Ea
1820 4418 2050 4487 qumstio
2095 4419 2175 4473 sic

591 4511 729 4565 solvi
766 4521 960 4580 potest.
994 4510 1232 4565 Mundus
1260 4508 1568 4564 idololatria
1596 4510 1790 4579 plenus
1836 4509 1960 4573 fuit,
1997 4510 2175 4580 angeli

592 4605 848 4674 gentibus
903 4602 1143 4674 prcheeti
1197 4603 1623 4673 indignabantur
1671 4612 1726 4657 et
1773 4601 2172 4672 afﬂigebantnr.

591 4697 782 4752 Daniel
807 4713 938 4751 vero
963 4697 1215 4766 captivus
1260 4711 1384 4751 cum
1416 4697 1536 4752 suis
1569 4697 1971 4752 contribulibus
2006 4696 2178 4769 Baby-

593 4789 775 4842 lonem
803 4791 1022 4854 ductus,
1046 4788 1138 4844 Dei
1163 4789 1532 4858 cognitionem
1555 4789 1900 4858 prredicavit:
1927 4790 2178 4845 similiter

597 4886 652 4933 et
686 4889 796 4933 tres
823 4882 999 4946 pueri,
1027 4881 1230 4948 quibus
1261 4879 1403 4950 ignis
1435 4891 1698 4950 tanquam
1724 4877 1914 4937 'suavis
1943 4896 2074 4936 aura
2102 4898 2178 4938 re-

2272 3765 2499 3834 ’ἡμέρας
2526 3766 2783 3834 προέθου
2819 3767 3092 3822 κακῶσαι
3118 3769 3233 3837 τὴν
3267 3766 3490 3837 ψυχήν
3515 3780 3630 3818 σου
3651 3762 3823 3815 ἔναντι

2273 3861 2518 3929 Κυρίου⁹
2561 3862 2934 3928 εἰσηκούσθη
2961 3862 2998 3929 ἡ
3042 3859 3257 3928 δέησίς
3287 3874 3430 3923 σου,
3459 3856 3560 3910 και
3595 3847 3822 3906 ἀπεστά-

2273 3955 2393 4019 λην
2417 3951 2777 4021 ἀπαγγεῖλαι
2811 3967 2910 4006 σοι
2940 3952 3011 4006 τὰ
3056 3950 3300 4021 ῥήματα
3350 3949 3558 4002 ταῦτα.
3610 3943 3748 3998 Ἀλλ’
3795 3940 3822 3991 o'

2275 4044 2479 4113 ἅρχων
2503 4042 2616 4112 τῆς
2632 4045 2954 4108 βασιλείας
2976 4041 3224 4112 Περσῶν
3244 4040 3511 4106 ἀντέστη
3537 4053 3656 4106 μοι,
3680 4035 3726 4086 εί
3749 4030 3816 4099 μὴ

2273 4140 2522 4211 Μιχαὴλ
2550 4144 2582 4196 ὁ
2615 4141 2818 4211 ἄρχων
2869 4141 2976 4195 τοῦ
3017 4141 3234 4204 ἔθνους
3269 4135 3439 4207 ὑμῶν
3462 4135 3509 4165 ⁷⁸
3556 4130 3727 4202 ἦλθεν
3751 4127 3819 4187 sic

2270 4235 2592 4302 βοήθειαν.
2632 4235 2960 4306 Ἀπορὴσειε
2991 4233 3100 4304 γάρ
3130 4233 3195 4287 ἄν
3222 4248 3330 4294 τις,
3365 4231 3417 4282 εἰ
3447 4229 3475 4283 ὁ
3508 4226 3604 4296 τῆς
3649 4217 3815 4288 Περσί.

2275 4328 2364 4388 δος
2391 4327 2771 4398 ἐπιτροπεύων
2816 4325 3048 4393 ἄγγελος
3082 4323 3232 4394 παρὰ
3282 4320 3422 4373 Θεοῦ
3471 4310 3817 4384 ἐπιτροπεύειν

2275 4417 2560 4480 τέτακται,
2611 4415 2874 4479 ὡσαύτως
2898 4415 2956 4468 δὲ
2981 4414 3028 4446 ⁷⁵
3054 4415 3151 4468 καὶ
3183 4414 3211 4464 ὁ
3247 4411 3490 4482 Γαϐριὴλ
3523 4400 3816 4470 ἀνακομίσαι

2276 4511 2370 4564 τὴν
2385 4509 2606 4580 Ἰσραὴλ
2631 4509 2732 4577 τῆς
2759 4507 3136 4578 αίχμαλωσίας
3164 4505 3315 4576 παρά
3331 4502 3470 4556 Θεοῦ
3495 4493 3815 4580 ἀπέσταλται,

2281 4599 2403 4663 πῶς
2438 4579 2588 4670 αὐτῷ
2619 4599 2730 4652 τῶν
2776 4597 3000 4668 Περσῶν
3024 4598 3052 4650 ὁ
3089 4598 3272 4666 ἄρχων
3319 4594 3634 4653 ἁνθίστατος
3663 4579 3815 4639 λυθείη

2276 4692 2323 4746 δ’
2359 4691 2426 4746 ἂν
2485 4691 2544 4745 τὸ
2573 4689 3004 4761 διαπορούμενον
3045 4681 3170 4742 ὦδε.
3217 4687 3274 4739 Ὁ
3316 4686 3521 4754 κόσμος
3569 4670 3813 4770 είδωῗολῗ

2278 4784 2472 4854 τρείας
2492 4784 2540 4814 ⁷⁸
2591 4749 2973 4853 ἐπεπλήρωτο,
3029 4777 3197 4852 [1545
3225 4776 3318 4851 R.]
3349 4777 3399 4830 οί
3424 4749 3435 4754 ’
3454 4774 3511 4822 δὲ
3553 4755 3751 4854 ἄγγελοι
3773 4749 3811 4800 οἱ

2284 4847 2594 4944 ἐφεστῶτες
2643 4874 2755 4926 τῶν
2792 4847 2972 4926 ’ἐθνῶν
3026 4847 3367 4937 ἧγανάκτουν
3414 4857 3508 4909 καὶ
3555 4847 3810 4944 ἐθλίβοντο.

593 4969 933 5041 frigerationi
959 4967 1076 5022 fuit.
1107 4971 1232 5024 Ideo
1254 4931 1312 5025 εἴ
1328 4931 1620 5026 multosab
1651 4972 1956 5026 idololatria
1978 4975 2043 5027 ad
2066 4974 2163 5043 pie-

2279 4931 2641 5038 Αίχμάλωτος
2704 4966 2762 5019 δὲ
2836 4931 3161 5029 Δανιὴλνείς
3217 4949 3526 5045 Βαϐυλῶνα.
3565 4940 3690 5045 μετά
3724 4931 3811 5045 τῶν

597 5071 768 5116 tatetn
805 5059 1191 5114 traduxerunt.
1232 5058 1473 5129 Angelus
1511 5062 1675 5133 igitur
1703 5061 1993 5117 Persarum
2023 5065 2174 5118 lacta-

597 5159 682 5204 tus
717 5156 819 5211 est,
853 5149 1046 5201 videns
1075 5146 1128 5199 in
1161 5161 1259 5200 sua
1291 5147 1515 5216 regione
1542 5164 1640 5217 pro
1683 5148 1844 5204 idolis
1875 5148 2045 5204 Deum
2081 5153 2178 5205 co-'

667 5298 694 5326 ε
727 5283 874 5339 Psal.
903 5298 1130 5346 xxxwt,
1163 5283 1216 5337 8.
1293 5282 1323 5324 ιι
1353 5283 1487 5340 Dan.
1523 5301 1578 5351 χ,
1614 5285 1679 5339 14
1707 5299 1862 5354 seqq.

2280 5037 2571 5129 ὁμοφύλων
2631 5057 2898 5128 ἀπαχθεὶς
2957 5051 3054 5122 τὴν
3129 5045 3459 5114 θεογνωσίαν
3512 5037 3805 5129 Exlip‘fm‘f'

2282 5119 2547 5213 ωσαύτως
2585 5151 2680 5202 καὶ
2707 5119 2940 5216 οἰητρείς
2965 5119 3172 5205 παῖδες,
3193 5138 3287 5200 οὓς
3315 5137 3376 5188 τὸ
3406 5134 3515 5203 πῦρ
3543 5130 3620 5190 εἰς
3652 5119 3808 5188 ἱλαρὰς

1881 5351 2113 5418 VARIE
2152 5353 2566 5410 LECTIONES.

670 5473 713 5504 θ’
757 5475 879 5543 τῆς.
955 5477 1000 5508 ⁷ο
1028 5475 1192 5529 αὐτοῦ
1250 5474 1376 5529 add.
1420 5474 1484 5528 A.
1565 5473 1607 5504 τί
1637 5473 2029 5543 συναναστήσοι
2071 5487 2131 5543 ς.

596 5543 660 5598 Α.
739 5546 782 5578 ⁷³
828 5546 985 5628 ἡμῶν
1012 5548 1077 5602 A.
1181 5548 1224 5580 ⁷³
1256 5546 1313 5598 δὲ
1352 5561 1463 5600 om.
1495 5546 1558 5599 A.

1656 5545 1704 5575 ⁷⁸
1733 5540 2148 5611 είδῳλολατρίας
2178 5559 2240 5606 ς’,

2249 5473 2295 5505 ⁷³
2322 5471 2526 5528 ἑκοῦσα
2557 5490 2670 5530 om.
2702 5490 2787 5546 pr.
2823 5473 2888 5526 A.
2967 5472 3013 5504 ⁷³
3045 5465 3316 5537 ἐντεῦθεν]
3346 5460 3588 5518 ἐντεῦθεν
3621 5451 3806 5516 λέγεται

2117 5655 2326 5714 NOTAE

667 5755 778 5824 (i9)
807 5753 874 5809 Ut
898 5755 1037 5811 LXX
1071 5754 1273 5811 habent
1299 5754 1457 5812 Deut.
1485 5771 1622 5822 χιιι,
1659 5753 1711 5808 8.
1781 5752 1935 5824 Vulg.
1962 5753 2041 5808 sic
2066 5768 2079 5804 :
2106 5711 2405 5812 Constituit
2459 5759 2722 5813 terminos
2764 5755 3113 5827 populorum,
3174 5749 3325 5819 juxta
3396 5746 3660 5797 numerum
3691 5722 3807 5780 ftliov

596 5838 715 5879 tum
746 5827 928 5882 lsrael.
