  <div class='ocr_page' id='page_1' title='image "/cluster/home/n/w/nwhite01/storage/ocr_20150623/104/hvd.32044018872853/140.png"; bbox 0 0 4020 6404; ppageno 0'>
   <div class='ocr_carea' id='block_1_1' title="bbox 185 351 285 416">
    <p class='ocr_par' dir='ltr' id='par_1_1' title="bbox 185 351 285 416">
     <span class='ocr_line' id='line_1_1' title="bbox 185 351 285 416; baseline -0.03 0"><span class='ocrx_word' id='word_1_1' title='bbox 185 351 285 416; x_wconf 77' lang='lat'><strong>265</strong></span> 
     </span>
    </p>
   </div>
   <div class='ocr_carea' id='block_1_2' title="bbox 1171 327 2452 402">
    <p class='ocr_par' dir='ltr' id='par_1_2' title="bbox 1171 327 2452 402">
     <span class='ocr_line' id='line_1_2' title="bbox 1171 327 2452 402; baseline -0.013 0"><span class='ocrx_word' id='word_1_2' title='bbox 1171 337 1700 402; x_wconf 81' lang='lat' dir='ltr'><strong>BIBLIOTHECA.</strong></span> <span class='ocrx_word' id='word_1_3' title='bbox 1742 359 1809 371; x_wconf 84' lang='grc'><strong>-·</strong></span> <span class='ocrx_word' id='word_1_4' title='bbox 1841 330 2012 391; x_wconf 67' lang='grc'><strong>(101).</strong></span> <span class='ocrx_word' id='word_1_5' title='bbox 2077 327 2452 390; x_wconf 76' lang='lat' dir='ltr'><strong>CCLXXVII.</strong></span> 
     </span>
    </p>
   </div>
   <div class='ocr_carea' id='block_1_3' title="bbox 3334 324 3446 391">
    <p class='ocr_par' dir='ltr' id='par_1_3' title="bbox 3334 324 3446 391">
     <span class='ocr_line' id='line_1_3' title="bbox 3334 324 3446 391; baseline 0.018 -3"><span class='ocrx_word' id='word_1_6' title='bbox 3334 324 3446 391; x_wconf 75' lang='lat'><strong>266</strong></span> 
     </span>
    </p>
   </div>
   <div class='ocr_carea' id='block_1_4' title="bbox 184 440 1785 538">
    <p class='ocr_par' dir='ltr' id='par_1_4' title="bbox 184 451 1785 538">
     <span class='ocr_line' id='line_1_4' title="bbox 184 451 1785 538; baseline -0.011 -17"><span class='ocrx_word' id='word_1_7' title='bbox 184 468 346 538; x_wconf 74' lang='grc' dir='ltr'>αὔρας</span> <span class='ocrx_word' id='word_1_8' title='bbox 367 465 470 534; x_wconf 77' lang='grc' dir='ltr'>τὴν</span> <span class='ocrx_word' id='word_1_9' title='bbox 496 460 801 532; x_wconf 77' lang='grc' dir='ltr'><strong>καυστικὴν</strong></span> <span class='ocrx_word' id='word_1_10' title='bbox 828 459 1058 528; x_wconf 73' lang='grc' dir='ltr'>δύναμιν</span> <span class='ocrx_word' id='word_1_11' title='bbox 1081 458 1322 529; x_wconf 71' lang='grc' dir='ltr'>ἀμεῖψαν</span> <span class='ocrx_word' id='word_1_12' title='bbox 1361 455 1622 525; x_wconf 77' lang='grc' dir='ltr'>ἀνέψυχε.</span> <span class='ocrx_word' id='word_1_13' title='bbox 1659 451 1750 505; x_wconf 80' lang='grc' dir='ltr'><strong>Διὸ</strong></span> <span class='ocrx_word' id='word_1_14' title='bbox 1779 502 1785 512; x_wconf 76' lang='grc'><strong>,</strong></span> 
     </span>
    </p>
   </div>
   <div class='ocr_carea' id='block_1_5' title="bbox 1889 440 3446 538">
    <p class='ocr_par' dir='ltr' id='par_1_5' title="bbox 1889 440 3446 511">
     <span class='ocr_line' id='line_1_5' title="bbox 1889 440 3446 511; baseline -0.003 -10"><span class='ocrx_word' id='word_1_15' title='bbox 1889 448 1921 503; x_wconf 89' lang='lat' dir='ltr'><strong>i.</strong></span> <span class='ocrx_word' id='word_1_16' title='bbox 1961 444 2558 500; x_wconf 80' lang='lat' dir='ltr'><strong>Nabuchodonosorem</strong></span> <span class='ocrx_word' id='word_1_17' title='bbox 2591 457 2700 496; x_wconf 90' lang='lat' dir='ltr'><strong>non</strong></span> <span class='ocrx_word' id='word_1_18' title='bbox 2726 443 2838 511; x_wconf 88' lang='lat' dir='ltr'><strong>jam</strong></span> <span class='ocrx_word' id='word_1_19' title='bbox 2862 442 2928 497; x_wconf 88' lang='lat' dir='ltr'><strong>ad</strong></span> <span class='ocrx_word' id='word_1_20' title='bbox 2966 440 3126 497; x_wconf 86' lang='lat' dir='ltr'><strong>idolis</strong></span> <span class='ocrx_word' id='word_1_21' title='bbox 3156 440 3446 497; x_wconf 86' lang='lat' dir='ltr'><strong>immolan-</strong></span> 
     </span>
    </p>
   </div>
   <div class='ocr_carea' id='block_1_6' title="bbox 185 548 1754 626">
    <p class='ocr_par' dir='ltr' id='par_1_6' title="bbox 185 548 1754 626">
     <span class='ocr_line' id='line_1_6' title="bbox 185 548 1754 626; baseline -0.011 -11"><span class='ocrx_word' id='word_1_22' title='bbox 185 563 270 615; x_wconf 76' lang='grc' dir='ltr'><strong>καὶ</strong></span> <span class='ocrx_word' id='word_1_23' title='bbox 298 557 537 618; x_wconf 82' lang='grc' dir='ltr'>πολλοὺς</span> <span class='ocrx_word' id='word_1_24' title='bbox 585 557 687 626; x_wconf 81' lang='grc' dir='ltr'><strong>τῆς</strong></span> <span class='ocrx_word' id='word_1_25' title='bbox 721 554 1008 623; x_wconf 83' lang='grc' dir='ltr'>εἰδωλικῆς</span> <span class='ocrx_word' id='word_1_26' title='bbox 1065 553 1510 622; x_wconf 79' lang='grc' dir='ltr'><strong>μεταστήσαντες</strong></span> <span class='ocrx_word' id='word_1_27' title='bbox 1546 548 1754 615; x_wconf 82' lang='grc' dir='ltr'>πλάνης</span> 
     </span>
    </p>
   </div>
   <div class='ocr_carea' id='block_1_7' title="bbox 183 635 1757 718">
    <p class='ocr_par' dir='ltr' id='par_1_7' title="bbox 183 635 1757 718">
     <span class='ocr_line' id='line_1_7' title="bbox 183 635 1757 718; baseline -0.006 -17"><span class='ocrx_word' id='word_1_28' title='bbox 183 648 452 702; x_wconf 85' lang='grc' dir='ltr'>θεοσεϐεἰν</span> <span class='ocrx_word' id='word_1_29' title='bbox 507 645 636 718; x_wconf 68' lang='grc'><strong>[845</strong></span> <span class='ocrx_word' id='word_1_30' title='bbox 669 644 761 717; x_wconf 80' lang='lat' dir='ltr'><strong>H.]</strong></span> <span class='ocrx_word' id='word_1_31' title='bbox 816 643 1238 714; x_wconf 73' lang='grc' dir='ltr'>παρεσκεύασαν</span> <span class='ocrx_word' id='word_1_32' title='bbox 1263 643 1328 696; x_wconf 80' lang='grc'><strong>⁷⁷.</strong></span> <span class='ocrx_word' id='word_1_33' title='bbox 1397 642 1458 694; x_wconf 84' lang='grc' dir='ltr'><strong>Ὃ</strong></span> <span class='ocrx_word' id='word_1_34' title='bbox 1508 635 1602 694; x_wconf 75' lang='grc' dir='ltr'><strong>οὖν</strong></span> <span class='ocrx_word' id='word_1_35' title='bbox 1657 639 1757 709; x_wconf 85' lang='grc' dir='ltr'><strong>τῆς</strong></span> 
     </span>
    </p>
   </div>
   <div class='ocr_carea' id='block_1_8' title="bbox 1861 533 3444 608">
    <p class='ocr_par' dir='ltr' id='par_1_8' title="bbox 1861 533 3444 608">
     <span class='ocr_line' id='line_1_8' title="bbox 1861 533 3444 608; baseline -0.004 -14"><span class='ocrx_word' id='word_1_36' title='bbox 1861 541 1996 595; x_wconf 88' lang='lat' dir='ltr'><strong>dum</strong></span> <span class='ocrx_word' id='word_1_37' title='bbox 2026 552 2242 608; x_wconf 82' lang='lat' dir='ltr'><strong>cogere,</strong></span> <span class='ocrx_word' id='word_1_38' title='bbox 2282 550 2456 606; x_wconf 88' lang='lat' dir='ltr'><strong>neque</strong></span> <span class='ocrx_word' id='word_1_39' title='bbox 2484 533 2691 589; x_wconf 90' lang='lat' dir='ltr'><strong>ultimis</strong></span> <span class='ocrx_word' id='word_1_40' title='bbox 2726 533 3012 603; x_wconf 79' lang='lat' dir='ltr'><strong>suppliciis</strong></span> <span class='ocrx_word' id='word_1_41' title='bbox 3052 546 3160 587; x_wconf 91' lang='lat' dir='ltr'><strong>non</strong></span> <span class='ocrx_word' id='word_1_42' title='bbox 3188 541 3444 601; x_wconf 90' lang='lat' dir='ltr'><strong>parentes</strong></span> 
     </span>
    </p>
   </div>
   <div class='ocr_carea' id='block_1_9' title="bbox 1862 623 3448 698">
    <p class='ocr_par' dir='ltr' id='par_1_9' title="bbox 1862 623 3448 698">
     <span class='ocr_line' id='line_1_9' title="bbox 1862 623 3448 698; baseline -0.006 -12"><span class='ocrx_word' id='word_1_43' title='bbox 1862 630 2136 698; x_wconf 84' lang='lat' dir='ltr'><strong>subjicere</strong></span> <span class='ocrx_word' id='word_1_44' title='bbox 2180 628 2343 682; x_wconf 89' lang='lat' dir='ltr'><strong>vidit:</strong></span> <span class='ocrx_word' id='word_1_45' title='bbox 2393 626 2488 682; x_wconf 89' lang='lat' dir='ltr'><strong>sed</strong></span> <span class='ocrx_word' id='word_1_46' title='bbox 2535 625 2684 679; x_wconf 86' lang='lat' dir='ltr'><strong>clare</strong></span> <span class='ocrx_word' id='word_1_47' title='bbox 2749 626 2916 679; x_wconf 86' lang='lat' dir='ltr'><strong>Deum</strong></span> <span class='ocrx_word' id='word_1_48' title='bbox 2959 623 3344 692; x_wconf 56' lang='lat' dir='ltr'><strong>praedicantem</strong></span> <span class='ocrx_word' id='word_1_49' title='bbox 3392 629 3448 676; x_wconf 87' lang='lat' dir='ltr'><strong>et</strong></span> 
     </span>
    </p>
   </div>
   <div class='ocr_carea' id='block_1_10' title="bbox 182 715 1785 811">
    <p class='ocr_par' dir='ltr' id='par_1_10' title="bbox 182 715 1758 811">
     <span class='ocr_line' id='line_1_10' title="bbox 182 715 1758 811; baseline -0.008 -19"><span class='ocrx_word' id='word_1_50' title='bbox 182 739 349 811; x_wconf 79' lang='grc' dir='ltr'>ἀρχῆς</span> <span class='ocrx_word' id='word_1_51' title='bbox 413 715 528 789; x_wconf 70' lang='grc' dir='ltr'><strong>τῶν</strong></span> <span class='ocrx_word' id='word_1_52' title='bbox 581 715 808 806; x_wconf 64' lang='grc' dir='ltr'>Περσων</span> <span class='ocrx_word' id='word_1_53' title='bbox 880 732 1200 804; x_wconf 77' lang='grc' dir='ltr'>ἐφεστηκὼς</span> <span class='ocrx_word' id='word_1_54' title='bbox 1263 730 1496 801; x_wconf 82' lang='grc' dir='ltr'>ἄγγελος</span> <span class='ocrx_word' id='word_1_55' title='bbox 1541 729 1758 799; x_wconf 75' lang='grc' dir='ltr'>ἔχαιρεν</span> 
     </span>
    </p>
   </div>
   <div class='ocr_carea' id='block_1_11' title="bbox 1889 715 3448 811">
    <p class='ocr_par' dir='ltr' id='par_1_11' title="bbox 1889 715 3448 783">
     <span class='ocr_line' id='line_1_11' title="bbox 1889 715 3448 783; baseline -0.004 -9"><span class='ocrx_word' id='word_1_56' title='bbox 1889 721 2134 777; x_wconf 75' lang='lat' dir='ltr'><strong>licentem</strong></span> <span class='ocrx_word' id='word_1_57' title='bbox 2164 737 2178 773; x_wconf 89' lang='lat'><strong>:</strong></span> <span class='ocrx_word' id='word_1_58' title='bbox 2215 717 2469 782; x_wconf 85' lang='lat' dir='ltr'><strong>Sidrach,</strong></span> <span class='ocrx_word' id='word_1_59' title='bbox 2497 716 2554 771; x_wconf 87' lang='grc' dir='ltr'><em>Μ</em></span> <span class='ocrx_word' id='word_1_60' title='bbox 2560 717 2727 782; x_wconf 83' lang='lat' dir='ltr'><strong>isach,</strong></span> <span class='ocrx_word' id='word_1_61' title='bbox 2757 726 2806 771; x_wconf 90' lang='lat' dir='ltr'><strong>et</strong></span> <span class='ocrx_word' id='word_1_62' title='bbox 2842 715 3127 783; x_wconf 80' lang='lat' dir='ltr'><strong>Abdenago</strong></span> <span class='ocrx_word' id='word_1_63' title='bbox 3160 715 3293 768; x_wconf 82' lang='lat' dir='ltr'><strong>servi</strong></span> <span class='ocrx_word' id='word_1_64' title='bbox 3323 723 3448 767; x_wconf 83' lang='lat' dir='ltr'><strong>sunt</strong></span> 
     </span>
    </p>
   </div>
   <div class='ocr_carea' id='block_1_12' title="bbox 182 820 1761 903">
    <p class='ocr_par' dir='ltr' id='par_1_12' title="bbox 182 820 1761 903">
     <span class='ocr_line' id='line_1_12' title="bbox 182 820 1761 903; baseline -0.008 -18"><span class='ocrx_word' id='word_1_65' title='bbox 182 832 317 903; x_wconf 84' lang='grc' dir='ltr'>ὁρῶν</span> <span class='ocrx_word' id='word_1_66' title='bbox 351 832 410 883; x_wconf 86' lang='grc' dir='ltr'><strong>ἐν</strong></span> <span class='ocrx_word' id='word_1_67' title='bbox 439 831 556 893; x_wconf 86' lang='grc' dir='ltr'>τοῖς</span> <span class='ocrx_word' id='word_1_68' title='bbox 591 827 757 882; x_wconf 80' lang='grc' dir='ltr'>αὐτοῦ</span> <span class='ocrx_word' id='word_1_69' title='bbox 801 828 991 897; x_wconf 78' lang='grc' dir='ltr'>μέρεσι</span> <span class='ocrx_word' id='word_1_70' title='bbox 1028 826 1120 880; x_wconf 79' lang='grc' dir='ltr'><strong>τὸν</strong></span> <span class='ocrx_word' id='word_1_71' title='bbox 1151 825 1283 878; x_wconf 77' lang='grc' dir='ltr'>Θεὸν</span> <span class='ocrx_word' id='word_1_72' title='bbox 1316 822 1438 878; x_wconf 73' lang='grc' dir='ltr'>ἀντὶ</span> <span class='ocrx_word' id='word_1_73' title='bbox 1467 822 1578 874; x_wconf 85' lang='grc' dir='ltr'>τῶν</span> <span class='ocrx_word' id='word_1_74' title='bbox 1610 820 1761 873; x_wconf 83' lang='grc' dir='ltr'>εἰδώ-</span> 
     </span>
    </p>
   </div>
   <div class='ocr_carea' id='block_1_13' title="bbox 181 911 1762 992">
    <p class='ocr_par' dir='ltr' id='par_1_13' title="bbox 181 911 1762 992">
     <span class='ocr_line' id='line_1_13' title="bbox 181 911 1762 992; baseline -0.008 -16"><span class='ocrx_word' id='word_1_75' title='bbox 181 924 281 976; x_wconf 89' lang='grc' dir='ltr'><strong>λων</strong></span> <span class='ocrx_word' id='word_1_76' title='bbox 311 919 738 992; x_wconf 83' lang='grc' dir='ltr'>λατρευόμενον.</span> <span class='ocrx_word' id='word_1_77' title='bbox 771 920 876 972; x_wconf 89' lang='grc' dir='ltr'>Τὸν</span> <span class='ocrx_word' id='word_1_78' title='bbox 928 917 1402 987; x_wconf 76' lang='grc' dir='ltr'>Ναϐουχοδονόσορ</span> <span class='ocrx_word' id='word_1_79' title='bbox 1436 914 1607 984; x_wconf 79' lang='grc' dir='ltr'>ἐώρα,</span> <span class='ocrx_word' id='word_1_80' title='bbox 1639 911 1762 966; x_wconf 79' lang='grc' dir='ltr'>ἀντὶ</span> 
     </span>
    </p>
   </div>
   <div class='ocr_carea' id='block_1_14' title="bbox 183 1005 1762 1081">
    <p class='ocr_par' dir='ltr' id='par_1_14' title="bbox 183 1005 1762 1081">
     <span class='ocr_line' id='line_1_14' title="bbox 183 1005 1762 1081; baseline -0.006 -13"><span class='ocrx_word' id='word_1_81' title='bbox 183 1017 272 1069; x_wconf 86' lang='grc' dir='ltr'><strong>τοῦ</strong></span> <span class='ocrx_word' id='word_1_82' title='bbox 304 1012 754 1081; x_wconf 70' lang='grc' dir='ltr'><strong>καταναγκάζειν</strong></span> <span class='ocrx_word' id='word_1_83' title='bbox 785 1011 934 1065; x_wconf 78' lang='grc' dir='ltr'>θύειν</span> <span class='ocrx_word' id='word_1_84' title='bbox 962 1010 1201 1073; x_wconf 77' lang='grc' dir='ltr'><strong>εἰδώλοις</strong></span> <span class='ocrx_word' id='word_1_85' title='bbox 1231 1010 1326 1064; x_wconf 74' lang='grc' dir='ltr'>καὶ</span> <span class='ocrx_word' id='word_1_86' title='bbox 1352 1009 1610 1080; x_wconf 79' lang='grc' dir='ltr'><strong>ἐσχάταις</strong></span> <span class='ocrx_word' id='word_1_87' title='bbox 1635 1005 1762 1068; x_wconf 81' lang='grc' dir='ltr'>τοὺς</span> 
     </span>
    </p>
   </div>
   <div class='ocr_carea' id='block_1_15' title="bbox 186 1099 1762 1180">
    <p class='ocr_par' dir='ltr' id='par_1_15' title="bbox 186 1099 1762 1180">
     <span class='ocr_line' id='line_1_15' title="bbox 186 1099 1762 1180; baseline -0.005 -20"><span class='ocrx_word' id='word_1_88' title='bbox 186 1110 253 1180; x_wconf 86' lang='grc' dir='ltr'>μή</span> <span class='ocrx_word' id='word_1_89' title='bbox 310 1107 677 1176; x_wconf 78' lang='grc' dir='ltr'><strong>πειθομένους</strong></span> <span class='ocrx_word' id='word_1_90' title='bbox 731 1104 1059 1160; x_wconf 83' lang='grc' dir='ltr'>ὑποϐάλλειν</span> <span class='ocrx_word' id='word_1_91' title='bbox 1103 1103 1419 1174; x_wconf 80' lang='grc' dir='ltr'><strong>τιμωρίαις,</strong></span> <span class='ocrx_word' id='word_1_92' title='bbox 1492 1099 1762 1172; x_wconf 84' lang='grc' dir='ltr'>λαμπρῶς</span> 
     </span>
    </p>
   </div>
   <div class='ocr_carea' id='block_1_16' title="bbox 184 1193 1763 1268">
    <p class='ocr_par' dir='ltr' id='par_1_16' title="bbox 184 1193 1763 1268">
     <span class='ocr_line' id='line_1_16' title="bbox 184 1193 1763 1268; baseline -0.006 -13"><span class='ocrx_word' id='word_1_93' title='bbox 184 1200 542 1268; x_wconf 74' lang='grc' dir='ltr'>θεολογοῦντα</span> <span class='ocrx_word' id='word_1_94' title='bbox 585 1200 682 1252; x_wconf 76' lang='grc' dir='ltr'>καὶ</span> <span class='ocrx_word' id='word_1_95' title='bbox 726 1198 954 1268; x_wconf 84' lang='grc' dir='ltr'>λέγοντα</span> <span class='ocrx_word' id='word_1_96' title='bbox 971 1199 1017 1230; x_wconf 74' lang='grc'>⁷⁸</span> <span class='ocrx_word' id='word_1_97' title='bbox 1044 1215 1059 1230; x_wconf 75' lang='grc' dir='ltr'><strong><em>ο</em></strong></span> <span class='ocrx_word' id='word_1_98' title='bbox 1088 1197 1333 1266; x_wconf 78' lang='grc' dir='ltr'>Σιόρὰχ,</span> <span class='ocrx_word' id='word_1_99' title='bbox 1365 1196 1568 1264; x_wconf 83' lang='grc' dir='ltr'>Μισάχ</span> <span class='ocrx_word' id='word_1_100' title='bbox 1589 1195 1638 1226; x_wconf 74' lang='grc' dir='ltr'><strong>τ’</strong></span> <span class='ocrx_word' id='word_1_101' title='bbox 1661 1193 1763 1247; x_wconf 82' lang='grc' dir='ltr'>καὶ</span> 
     </span>
    </p>
   </div>
   <div class='ocr_carea' id='block_1_17' title="bbox 195 1286 1766 1363">
    <p class='ocr_par' dir='ltr' id='par_1_17' title="bbox 195 1286 1766 1363">
     <span class='ocr_line' id='line_1_17' title="bbox 195 1286 1766 1363; baseline -0.005 -16"><span class='ocrx_word' id='word_1_102' title='bbox 195 1291 528 1363; x_wconf 71' lang='grc' dir='ltr'>Ἀϐδεναγὼ</span> <span class='ocrx_word' id='word_1_103' title='bbox 552 1294 607 1346; x_wconf 82' lang='lat' dir='ltr'><strong>ot</strong></span> <span class='ocrx_word' id='word_1_104' title='bbox 645 1291 854 1346; x_wconf 74' lang='grc' dir='ltr'>δοῦλοι</span> <span class='ocrx_word' id='word_1_105' title='bbox 881 1289 988 1344; x_wconf 85' lang='grc' dir='ltr'><strong>τοῦ</strong></span> <span class='ocrx_word' id='word_1_106' title='bbox 1013 1290 1162 1345; x_wconf 83' lang='grc' dir='ltr'>Θεοῦ</span> <span class='ocrx_word' id='word_1_107' title='bbox 1205 1290 1313 1344; x_wconf 87' lang='grc' dir='ltr'><strong>τοῦ</strong></span> <span class='ocrx_word' id='word_1_108' title='bbox 1347 1288 1644 1358; x_wconf 72' lang='grc' dir='ltr'>Ὑψίστου</span> <span class='ocrx_word' id='word_1_109' title='bbox 1670 1286 1766 1341; x_wconf 75' lang='grc' dir='ltr'><strong>καὶ</strong></span> 
     </span>
    </p>
   </div>
   <div class='ocr_carea' id='block_1_18' title="bbox 185 1380 1766 1456">
    <p class='ocr_par' dir='ltr' id='par_1_18' title="bbox 185 1380 1766 1456">
     <span class='ocr_line' id='line_1_18' title="bbox 185 1380 1766 1456; baseline -0.005 -14"><span class='ocrx_word' id='word_1_110' title='bbox 185 1387 346 1442; x_wconf 79' lang='grc' dir='ltr'>πολλά</span> <span class='ocrx_word' id='word_1_111' title='bbox 372 1387 630 1442; x_wconf 82' lang='grc' dir='ltr'>τοιαῦτα.</span> <span class='ocrx_word' id='word_1_112' title='bbox 673 1387 826 1439; x_wconf 78' lang='grc' dir='ltr'>Ἐπεὶ</span> <span class='ocrx_word' id='word_1_113' title='bbox 851 1380 948 1439; x_wconf 76' lang='grc' dir='ltr'>οὖν</span> <span class='ocrx_word' id='word_1_114' title='bbox 982 1387 1010 1439; x_wconf 88' lang='grc' dir='ltr'><strong>ὁ</strong></span> <span class='ocrx_word' id='word_1_115' title='bbox 1043 1385 1317 1456; x_wconf 77' lang='grc' dir='ltr'>μακάριος</span> <span class='ocrx_word' id='word_1_116' title='bbox 1365 1381 1563 1454; x_wconf 80' lang='grc' dir='ltr'>Δανιὴλ</span> <span class='ocrx_word' id='word_1_117' title='bbox 1594 1381 1766 1435; x_wconf 84' lang='grc' dir='ltr'>ἐδεῖτο</span> 
     </span>
    </p>
   </div>
   <div class='ocr_carea' id='block_1_19' title="bbox 183 1474 1767 1552">
    <p class='ocr_par' dir='ltr' id='par_1_19' title="bbox 183 1474 1767 1552">
     <span class='ocr_line' id='line_1_19' title="bbox 183 1474 1767 1552; baseline -0.004 -16"><span class='ocrx_word' id='word_1_118' title='bbox 183 1482 268 1536; x_wconf 85' lang='grc' dir='ltr'><strong>τοῦ</strong></span> <span class='ocrx_word' id='word_1_119' title='bbox 296 1480 464 1546; x_wconf 87' lang='grc' dir='ltr'>Θεοῦ,</span> <span class='ocrx_word' id='word_1_120' title='bbox 500 1479 903 1552; x_wconf 73' lang='grc' dir='ltr'><strong>πληρωθέντων</strong></span> <span class='ocrx_word' id='word_1_121' title='bbox 929 1479 1040 1532; x_wconf 82' lang='grc' dir='ltr'><strong>τῶν</strong></span> <span class='ocrx_word' id='word_1_122' title='bbox 1070 1480 1447 1548; x_wconf 83' lang='grc' dir='ltr'>ἑϐδομήκοντα</span> <span class='ocrx_word' id='word_1_123' title='bbox 1488 1475 1628 1531; x_wconf 84' lang='grc' dir='ltr'>ἐτῶν</span> <span class='ocrx_word' id='word_1_124' title='bbox 1657 1474 1767 1532; x_wconf 84' lang='grc' dir='ltr'>τῶν</span> 
     </span>
    </p>
   </div>
   <div class='ocr_carea' id='block_1_20' title="bbox 187 1569 1769 1646">
    <p class='ocr_par' dir='ltr' id='par_1_20' title="bbox 187 1569 1769 1646">
     <span class='ocr_line' id='line_1_20' title="bbox 187 1569 1769 1646; baseline -0.004 -18"><span class='ocrx_word' id='word_1_125' title='bbox 187 1577 270 1628; x_wconf 73' lang='grc' dir='ltr'><strong>ἐπὶ</strong></span> <span class='ocrx_word' id='word_1_126' title='bbox 299 1579 366 1646; x_wconf 85' lang='grc' dir='ltr'>τῇ</span> <span class='ocrx_word' id='word_1_127' title='bbox 411 1574 767 1646; x_wconf 72' lang='grc' dir='ltr'>αἰχμαλωσίᾳ</span> <span class='ocrx_word' id='word_1_128' title='bbox 807 1573 1190 1644; x_wconf 80' lang='grc' dir='ltr'>διορισθέντων</span> <span class='ocrx_word' id='word_1_129' title='bbox 1213 1573 1282 1635; x_wconf 77' lang='grc' dir='ltr'><strong>⁸ο,</strong></span> <span class='ocrx_word' id='word_1_130' title='bbox 1342 1572 1642 1640; x_wconf 83' lang='grc' dir='ltr'>ἀναγαγεῖν</span> <span class='ocrx_word' id='word_1_131' title='bbox 1667 1569 1769 1638; x_wconf 81' lang='grc' dir='ltr'>τῆς</span> 
     </span>
    </p>
   </div>
   <div class='ocr_carea' id='block_1_21' title="bbox 189 1660 1769 1737">
    <p class='ocr_par' dir='ltr' id='par_1_21' title="bbox 189 1660 1769 1737">
     <span class='ocr_line' id='line_1_21' title="bbox 189 1660 1769 1737; baseline -0.003 -19"><span class='ocrx_word' id='word_1_132' title='bbox 189 1667 566 1737; x_wconf 73' lang='grc' dir='ltr'>αἰχμαλωσίας</span> <span class='ocrx_word' id='word_1_133' title='bbox 614 1665 710 1719; x_wconf 82' lang='grc' dir='ltr'><strong>τὸν</strong></span> <span class='ocrx_word' id='word_1_134' title='bbox 779 1664 1018 1734; x_wconf 83' lang='grc' dir='ltr'>Ἰσραὴλ,</span> <span class='ocrx_word' id='word_1_135' title='bbox 1082 1663 1360 1735; x_wconf 83' lang='grc' dir='ltr'>ἀπεστάλη</span> <span class='ocrx_word' id='word_1_136' title='bbox 1413 1663 1472 1717; x_wconf 85' lang='grc' dir='ltr'>δὲ</span> <span class='ocrx_word' id='word_1_137' title='bbox 1526 1660 1769 1733; x_wconf 82' lang='grc' dir='ltr'>Γαϐριὴλ</span> 
     </span>
    </p>
   </div>
   <div class='ocr_carea' id='block_1_22' title="bbox 194 1753 1769 1830">
    <p class='ocr_par' dir='ltr' id='par_1_22' title="bbox 194 1753 1769 1830">
     <span class='ocr_line' id='line_1_22' title="bbox 194 1753 1769 1830; baseline -0.003 -20"><span class='ocrx_word' id='word_1_138' title='bbox 194 1758 424 1828; x_wconf 77' lang='grc' dir='ltr'>μηνῦσαι</span> <span class='ocrx_word' id='word_1_139' title='bbox 455 1756 610 1827; x_wconf 80' lang='grc' dir='ltr'>αὑτῷ</span> <span class='ocrx_word' id='word_1_140' title='bbox 631 1757 729 1827; x_wconf 80' lang='grc' dir='ltr'><strong>τὴν</strong></span> <span class='ocrx_word' id='word_1_141' title='bbox 745 1757 1064 1830; x_wconf 74' lang='grc' dir='ltr'>ἀνάρρυσιν,</span> <span class='ocrx_word' id='word_1_142' title='bbox 1080 1755 1399 1810; x_wconf 80' lang='grc' dir='ltr'>ἀνθίσταται</span> <span class='ocrx_word' id='word_1_143' title='bbox 1429 1756 1504 1826; x_wconf 81' lang='grc' dir='ltr'>τῷ</span> <span class='ocrx_word' id='word_1_144' title='bbox 1526 1753 1769 1824; x_wconf 82' lang='grc' dir='ltr'>Γαϐριὴλ</span> 
     </span>
    </p>
   </div>
   <div class='ocr_carea' id='block_1_23' title="bbox 1870 807 3452 883">
    <p class='ocr_par' dir='ltr' id='par_1_23' title="bbox 1870 807 3452 883">
     <span class='ocr_line' id='line_1_23' title="bbox 1870 807 3452 883; baseline -0.006 -14"><span class='ocrx_word' id='word_1_145' title='bbox 1870 813 1966 869; x_wconf 82' lang='lat' dir='ltr'><strong>Dei</strong></span> <span class='ocrx_word' id='word_1_146' title='bbox 1998 815 2243 868; x_wconf 72' lang='lat' dir='ltr'><strong>altissimi</strong></span> <span class='ocrx_word' id='word_1_147' title='bbox 2273 824 2320 877; x_wconf 75' lang='grc' dir='ltr'>α,</span> <span class='ocrx_word' id='word_1_148' title='bbox 2372 813 2611 883; x_wconf 88' lang='lat' dir='ltr'><strong>taliaque</strong></span> <span class='ocrx_word' id='word_1_149' title='bbox 2644 811 2838 865; x_wconf 91' lang='lat' dir='ltr'><strong>multa.</strong></span> <span class='ocrx_word' id='word_1_150' title='bbox 2889 807 3026 865; x_wconf 89' lang='lat' dir='ltr'><strong>Cum</strong></span> <span class='ocrx_word' id='word_1_151' title='bbox 3059 808 3228 878; x_wconf 80' lang='lat' dir='ltr'><strong>igitur</strong></span> <span class='ocrx_word' id='word_1_152' title='bbox 3257 807 3452 862; x_wconf 90' lang='lat' dir='ltr'><strong>beatus</strong></span> 
     </span>
    </p>
   </div>
   <div class='ocr_carea' id='block_1_24' title="bbox 1868 896 3452 974">
    <p class='ocr_par' dir='ltr' id='par_1_24' title="bbox 1868 896 3452 974">
     <span class='ocr_line' id='line_1_24' title="bbox 1868 896 3452 974; baseline -0.006 -15"><span class='ocrx_word' id='word_1_153' title='bbox 1868 903 2056 959; x_wconf 92' lang='lat' dir='ltr'><strong>Daniel</strong></span> <span class='ocrx_word' id='word_1_154' title='bbox 2093 912 2298 974; x_wconf 90' lang='lat' dir='ltr'><strong>peteret</strong></span> <span class='ocrx_word' id='word_1_155' title='bbox 2328 918 2359 957; x_wconf 91' lang='lat' dir='ltr'><strong>a</strong></span> <span class='ocrx_word' id='word_1_156' title='bbox 2409 902 2539 967; x_wconf 87' lang='lat' dir='ltr'><strong>Deo,</strong></span> <span class='ocrx_word' id='word_1_157' title='bbox 2601 900 2841 971; x_wconf 90' lang='lat' dir='ltr'><strong>impletis</strong></span> <span class='ocrx_word' id='word_1_158' title='bbox 2899 898 3245 969; x_wconf 76' lang='lat' dir='ltr'><strong>septuaginta</strong></span> <span class='ocrx_word' id='word_1_159' title='bbox 3292 896 3452 951; x_wconf 88' lang='lat' dir='ltr'><strong>annis</strong></span> 
     </span>
    </p>
   </div>
   <div class='ocr_carea' id='block_1_25' title="bbox 1865 988 3452 1067">
    <p class='ocr_par' dir='ltr' id='par_1_25' title="bbox 1865 988 3452 1067">
     <span class='ocr_line' id='line_1_25' title="bbox 1865 988 3452 1067; baseline -0.007 -14"><span class='ocrx_word' id='word_1_160' title='bbox 1865 996 2170 1067; x_wconf 83' lang='lat' dir='ltr'><strong>captivitati</strong></span> <span class='ocrx_word' id='word_1_161' title='bbox 2205 993 2561 1064; x_wconf 87' lang='lat' dir='ltr'><strong>praescriptis,</strong></span> <span class='ocrx_word' id='word_1_162' title='bbox 2609 1000 2670 1046; x_wconf 90' lang='lat' dir='ltr'><strong>ut</strong></span> <span class='ocrx_word' id='word_1_163' title='bbox 2708 1007 2740 1047; x_wconf 92' lang='lat' dir='ltr'><strong>e</strong></span> <span class='ocrx_word' id='word_1_164' title='bbox 2768 991 3083 1062; x_wconf 71' lang='lat' dir='ltr'><strong>captivitate</strong></span> <span class='ocrx_word' id='word_1_165' title='bbox 3123 989 3290 1044; x_wconf 84' lang='lat' dir='ltr'><strong>lsrael</strong></span> <span class='ocrx_word' id='word_1_166' title='bbox 3316 988 3452 1044; x_wconf 89' lang='lat' dir='ltr'><strong>edu-</strong></span> 
     </span>
    </p>
   </div>
   <div class='ocr_carea' id='block_1_26' title="bbox 1866 1080 3456 1153">
    <p class='ocr_par' dir='ltr' id='par_1_26' title="bbox 1866 1080 3456 1153">
     <span class='ocr_line' id='line_1_26' title="bbox 1866 1080 3456 1153; baseline -0.008 -6"><span class='ocrx_word' id='word_1_167' title='bbox 1866 1095 2092 1147; x_wconf 84' lang='lat' dir='ltr'><strong>ceretur</strong></span> <span class='ocrx_word' id='word_1_168' title='bbox 2117 1127 2132 1151; x_wconf 93' lang='lat'><strong>,</strong></span> <span class='ocrx_word' id='word_1_169' title='bbox 2161 1086 2367 1141; x_wconf 86' lang='lat' dir='ltr'><strong>missus</strong></span> <span class='ocrx_word' id='word_1_170' title='bbox 2407 1092 2491 1140; x_wconf 87' lang='lat' dir='ltr'><strong>est</strong></span> <span class='ocrx_word' id='word_1_171' title='bbox 2517 1084 2760 1148; x_wconf 87' lang='lat' dir='ltr'><strong>Gabriel,</strong></span> <span class='ocrx_word' id='word_1_172' title='bbox 2795 1083 2889 1153; x_wconf 84' lang='lat' dir='ltr'><strong>qui</strong></span> <span class='ocrx_word' id='word_1_173' title='bbox 2928 1080 3136 1136; x_wconf 88' lang='lat' dir='ltr'><strong>Danieli</strong></span> <span class='ocrx_word' id='word_1_174' title='bbox 3171 1080 3456 1135; x_wconf 88' lang='lat' dir='ltr'><strong>liberatio-</strong></span> 
     </span>
    </p>
   </div>
   <div class='ocr_carea' id='block_1_27' title="bbox 1867 1173 3457 1250">
    <p class='ocr_par' dir='ltr' id='par_1_27' title="bbox 1867 1173 3457 1250">
     <span class='ocr_line' id='line_1_27' title="bbox 1867 1173 3457 1250; baseline -0.008 -9"><span class='ocrx_word' id='word_1_175' title='bbox 1867 1199 1994 1240; x_wconf 86' lang='lat' dir='ltr'><strong>nem</strong></span> <span class='ocrx_word' id='word_1_176' title='bbox 2039 1179 2417 1250; x_wconf 76' lang='lat' dir='ltr'><strong>signiﬁcaret,</strong></span> <span class='ocrx_word' id='word_1_177' title='bbox 2453 1177 2656 1234; x_wconf 78' lang='lat' dir='ltr'><strong>restitit</strong></span> <span class='ocrx_word' id='word_1_178' title='bbox 2709 1176 2946 1232; x_wconf 83' lang='lat' dir='ltr'><strong>Gabrieli</strong></span> <span class='ocrx_word' id='word_1_179' title='bbox 3001 1175 3191 1230; x_wconf 86' lang='lat' dir='ltr'><strong>dolens</strong></span> <span class='ocrx_word' id='word_1_180' title='bbox 3221 1173 3457 1244; x_wconf 81' lang='lat' dir='ltr'><strong>angelus</strong></span> 
     </span>
    </p>
   </div>
   <div class='ocr_carea' id='block_1_28' title="bbox 1869 1265 3456 1343">
    <p class='ocr_par' dir='ltr' id='par_1_28' title="bbox 1869 1265 3456 1343">
     <span class='ocr_line' id='line_1_28' title="bbox 1869 1265 3456 1343; baseline -0.008 -12"><span class='ocrx_word' id='word_1_181' title='bbox 1869 1276 2186 1338; x_wconf 84' lang='lat' dir='ltr'><strong>Persarum,</strong></span> <span class='ocrx_word' id='word_1_182' title='bbox 2212 1271 2343 1343; x_wconf 87' lang='lat' dir='ltr'><strong>quia</strong></span> <span class='ocrx_word' id='word_1_183' title='bbox 2371 1271 2572 1326; x_wconf 85' lang='lat' dir='ltr'><strong>iterum</strong></span> <span class='ocrx_word' id='word_1_184' title='bbox 2615 1280 2762 1326; x_wconf 88' lang='lat' dir='ltr'><strong>terra</strong></span> <span class='ocrx_word' id='word_1_185' title='bbox 2791 1268 2884 1326; x_wconf 90' lang='lat' dir='ltr'><strong>cui</strong></span> <span class='ocrx_word' id='word_1_186' title='bbox 2913 1276 3163 1338; x_wconf 79' lang='lat' dir='ltr'><strong>praeerat,</strong></span> <span class='ocrx_word' id='word_1_187' title='bbox 3214 1265 3456 1321; x_wconf 88' lang='lat' dir='ltr'><strong>doctori-</strong></span> 
     </span>
    </p>
   </div>
   <div class='ocr_carea' id='block_1_29' title="bbox 1867 1349 3457 1439">
    <p class='ocr_par' dir='ltr' id='par_1_29' title="bbox 1867 1349 3457 1439">
     <span class='ocr_line' id='line_1_29' title="bbox 1867 1349 3457 1439; baseline -0.008 -13"><span class='ocrx_word' id='word_1_188' title='bbox 1867 1370 1973 1426; x_wconf 87' lang='lat' dir='ltr'><strong>bus</strong></span> <span class='ocrx_word' id='word_1_189' title='bbox 2004 1365 2224 1439; x_wconf 90' lang='lat' dir='ltr'><strong>pietatis</strong></span> <span class='ocrx_word' id='word_1_190' title='bbox 2257 1366 2384 1421; x_wconf 86' lang='lat' dir='ltr'><strong>hinc</strong></span> <span class='ocrx_word' id='word_1_191' title='bbox 2416 1364 2638 1432; x_wconf 90' lang='lat' dir='ltr'><strong>ablatis,</strong></span> <span class='ocrx_word' id='word_1_192' title='bbox 2681 1349 2746 1418; x_wconf 87' lang='lat' dir='ltr'><strong>ad</strong></span> <span class='ocrx_word' id='word_1_193' title='bbox 2779 1362 3069 1433; x_wconf 85' lang='lat' dir='ltr'><strong>pristinam</strong></span> <span class='ocrx_word' id='word_1_194' title='bbox 3117 1360 3457 1432; x_wconf 84' lang='lat' dir='ltr'><strong>impietatem</strong></span> 
     </span>
    </p>
   </div>
   <div class='ocr_carea' id='block_1_30' title="bbox 1867 1453 3456 1525">
    <p class='ocr_par' dir='ltr' id='par_1_30' title="bbox 1867 1453 3456 1525">
     <span class='ocr_line' id='line_1_30' title="bbox 1867 1453 3456 1525; baseline -0.008 -8"><span class='ocrx_word' id='word_1_195' title='bbox 1867 1470 1923 1518; x_wconf 90' lang='lat' dir='ltr'><strong>et</strong></span> <span class='ocrx_word' id='word_1_196' title='bbox 1953 1474 2196 1516; x_wconf 91' lang='lat' dir='ltr'><strong>errorem</strong></span> <span class='ocrx_word' id='word_1_197' title='bbox 2237 1459 2529 1514; x_wconf 72' lang='lat' dir='ltr'><strong>revers‘ura</strong></span> <span class='ocrx_word' id='word_1_198' title='bbox 2554 1462 2727 1512; x_wconf 88' lang='lat' dir='ltr'><strong>esset.</strong></span> <span class='ocrx_word' id='word_1_199' title='bbox 2757 1454 2982 1511; x_wconf 83' lang='lat' dir='ltr'><strong>Restitit</strong></span> <span class='ocrx_word' id='word_1_200' title='bbox 3017 1453 3188 1525; x_wconf 89' lang='lat' dir='ltr'><strong>igitur</strong></span> <span class='ocrx_word' id='word_1_201' title='bbox 3221 1467 3328 1508; x_wconf 89' lang='lat' dir='ltr'><strong>non</strong></span> <span class='ocrx_word' id='word_1_202' title='bbox 3356 1467 3456 1521; x_wconf 89' lang='lat' dir='ltr'><strong>pu-</strong></span> 
     </span>
    </p>
   </div>
   <div class='ocr_carea' id='block_1_31' title="bbox 1870 1542 3456 1624">
    <p class='ocr_par' dir='ltr' id='par_1_31' title="bbox 1870 1542 3456 1624">
     <span class='ocr_line' id='line_1_31' title="bbox 1870 1542 3456 1624; baseline -0.006 -17"><span class='ocrx_word' id='word_1_203' title='bbox 1870 1552 2113 1624; x_wconf 88' lang='lat' dir='ltr'><strong>gnando,</strong></span> <span class='ocrx_word' id='word_1_204' title='bbox 2172 1552 2266 1607; x_wconf 89' lang='lat' dir='ltr'><strong>sed</strong></span> <span class='ocrx_word' id='word_1_205' title='bbox 2297 1549 2447 1620; x_wconf 83' lang='lat' dir='ltr'><strong>justa</strong></span> <span class='ocrx_word' id='word_1_206' title='bbox 2495 1547 2766 1604; x_wconf 91' lang='lat' dir='ltr'><strong>dicendo..</strong></span> <span class='ocrx_word' id='word_1_207' title='bbox 2797 1545 2931 1612; x_wconf 63' lang='lat' dir='ltr'><strong>Quae</strong></span> <span class='ocrx_word' id='word_1_208' title='bbox 2983 1545 3210 1611; x_wconf 88' lang='lat' dir='ltr'><strong>reditus,</strong></span> <span class='ocrx_word' id='word_1_209' title='bbox 3256 1542 3456 1613; x_wconf 89' lang='lat' dir='ltr'><strong>inquit,</strong></span> 
     </span>
    </p>
   </div>
   <div class='ocr_carea' id='block_1_32' title="bbox 1869 1635 3458 1712">
    <p class='ocr_par' dir='ltr' id='par_1_32' title="bbox 1869 1635 3458 1712">
     <span class='ocr_line' id='line_1_32' title="bbox 1869 1635 3458 1712; baseline -0.006 -12"><span class='ocrx_word' id='word_1_210' title='bbox 1869 1643 2192 1701; x_wconf 83' lang='lat' dir='ltr'><strong>festinatio?</strong></span> <span class='ocrx_word' id='word_1_211' title='bbox 2225 1641 2501 1712; x_wconf 79' lang='lat' dir='ltr'><strong>propriam</strong></span> <span class='ocrx_word' id='word_1_212' title='bbox 2527 1639 2784 1694; x_wconf 87' lang='lat' dir='ltr'><strong>habitans</strong></span> <span class='ocrx_word' id='word_1_213' title='bbox 2811 1639 3044 1709; x_wconf 86' lang='lat' dir='ltr'><strong>patriam</strong></span> <span class='ocrx_word' id='word_1_214' title='bbox 3071 1635 3260 1702; x_wconf 90' lang='lat' dir='ltr'><strong>lsrael,</strong></span> <span class='ocrx_word' id='word_1_215' title='bbox 3292 1635 3458 1690; x_wconf 87' lang='lat' dir='ltr'><strong>rebus</strong></span> 
     </span>
    </p>
   </div>
   <div class='ocr_carea' id='block_1_33' title="bbox 1872 1730 3460 1806">
    <p class='ocr_par' dir='ltr' id='par_1_33' title="bbox 1872 1730 3460 1806">
     <span class='ocr_line' id='line_1_33' title="bbox 1872 1730 3460 1806; baseline -0.007 -12"><span class='ocrx_word' id='word_1_216' title='bbox 1872 1737 2127 1794; x_wconf 90' lang='lat' dir='ltr'><strong>secundis</strong></span> <span class='ocrx_word' id='word_1_217' title='bbox 2159 1733 2379 1806; x_wconf 78' lang='lat' dir='ltr'><strong>518b,</strong></span> <span class='ocrx_word' id='word_1_218' title='bbox 2412 1733 2614 1804; x_wconf 83' lang='lat' dir='ltr'><strong>saepius</strong></span> <span class='ocrx_word' id='word_1_219' title='bbox 2650 1731 2718 1786; x_wconf 91' lang='lat' dir='ltr'><strong>ad</strong></span> <span class='ocrx_word' id='word_1_220' title='bbox 2753 1730 3118 1786; x_wconf 70' lang='lat' dir='ltr'><strong>idololatrian)</strong></span> <span class='ocrx_word' id='word_1_221' title='bbox 3161 1741 3460 1784; x_wconf 89' lang='lat' dir='ltr'><strong>conversus</strong></span> 
     </span>
    </p>
   </div>
   <div class='ocr_carea' id='block_1_34' title="bbox 190 1818 1785 1921">
    <p class='ocr_par' dir='ltr' id='par_1_34' title="bbox 190 1818 1767 1921">
     <span class='ocr_line' id='line_1_34' title="bbox 190 1818 1767 1921; baseline -0.001 -20"><span class='ocrx_word' id='word_1_222' title='bbox 190 1852 215 1901; x_wconf 77' lang='grc' dir='ltr'><strong><em>ὁ</em></strong></span> <span class='ocrx_word' id='word_1_223' title='bbox 242 1851 333 1919; x_wconf 76' lang='grc' dir='ltr'>τῆς</span> <span class='ocrx_word' id='word_1_224' title='bbox 382 1850 671 1921; x_wconf 79' lang='grc' dir='ltr'>Περσικῆς</span> <span class='ocrx_word' id='word_1_225' title='bbox 687 1818 898 1920; x_wconf 46' lang='grc' dir='ltr'>’ἀρχῆς</span> <span class='ocrx_word' id='word_1_226' title='bbox 931 1818 1255 1918; x_wconf 81' lang='grc' dir='ltr'>ἐπιστάτης,</span> <span class='ocrx_word' id='word_1_227' title='bbox 1290 1818 1658 1918; x_wconf 32' lang='grc' dir='ltr'>λυπούμενος-</span> <span class='ocrx_word' id='word_1_228' title='bbox 1683 1818 1767 1900; x_wconf 76' lang='grc' dir='ltr'><strong>ὅτι</strong></span> 
     </span>
    </p>
   </div>
   <div class='ocr_carea' id='block_1_35' title="bbox 1889 1818 3458 1921">
    <p class='ocr_par' dir='ltr' id='par_1_35' title="bbox 1889 1821 3458 1898">
     <span class='ocr_line' id='line_1_35' title="bbox 1889 1821 3458 1898; baseline -0.007 -12"><span class='ocrx_word' id='word_1_229' title='bbox 1889 1842 1990 1887; x_wconf 63' lang='lat' dir='ltr'><strong>est:</strong></span> <span class='ocrx_word' id='word_1_230' title='bbox 2023 1845 2171 1886; x_wconf 90' lang='lat' dir='ltr'><strong>nunc</strong></span> <span class='ocrx_word' id='word_1_231' title='bbox 2199 1844 2328 1884; x_wconf 81' lang='lat' dir='ltr'><strong>vero</strong></span> <span class='ocrx_word' id='word_1_232' title='bbox 2352 1828 2440 1898; x_wconf 92' lang='lat' dir='ltr'><strong>pie</strong></span> <span class='ocrx_word' id='word_1_233' title='bbox 2471 1828 2637 1890; x_wconf 87' lang='lat' dir='ltr'><strong>vivit,</strong></span> <span class='ocrx_word' id='word_1_234' title='bbox 2675 1825 2954 1898; x_wconf 86' lang='lat' dir='ltr'><strong>regionem</strong></span> <span class='ocrx_word' id='word_1_235' title='bbox 2982 1824 3217 1879; x_wconf 87' lang='lat' dir='ltr'><strong>alienam</strong></span> <span class='ocrx_word' id='word_1_236' title='bbox 3237 1821 3458 1877; x_wconf 86' lang='lat' dir='ltr'><strong>inhabi-</strong></span> 
     </span>
    </p>
   </div>
   <div class='ocr_carea' id='block_1_36' title="bbox 195 1937 1768 2013">
    <p class='ocr_par' dir='ltr' id='par_1_36' title="bbox 195 1937 1768 2013">
     <span class='ocr_line' id='line_1_36' title="bbox 195 1937 1768 2013; baseline -0.001 -21"><span class='ocrx_word' id='word_1_237' title='bbox 195 1942 341 1995; x_wconf 74' lang='grc' dir='ltr'>πάλιν</span> <span class='ocrx_word' id='word_1_238' title='bbox 367 1943 404 2012; x_wconf 81' lang='grc' dir='ltr'>ἠ</span> <span class='ocrx_word' id='word_1_239' title='bbox 434 1941 513 2012; x_wconf 83' lang='grc' dir='ltr'><strong>γῆ</strong></span> <span class='ocrx_word' id='word_1_240' title='bbox 538 1937 606 2013; x_wconf 84' lang='grc' dir='ltr'>ἦς</span> <span class='ocrx_word' id='word_1_241' title='bbox 637 1941 947 2006; x_wconf 80' lang='grc' dir='ltr'>ἐπεστάτει,</span> <span class='ocrx_word' id='word_1_242' title='bbox 975 1940 1085 1994; x_wconf 82' lang='grc' dir='ltr'>τῶν</span> <span class='ocrx_word' id='word_1_243' title='bbox 1119 1939 1458 1995; x_wconf 84' lang='grc' dir='ltr'>διδασκάλων</span> <span class='ocrx_word' id='word_1_244' title='bbox 1486 1939 1586 2010; x_wconf 82' lang='grc' dir='ltr'><strong>τῆς</strong></span> <span class='ocrx_word' id='word_1_245' title='bbox 1611 1939 1768 1992; x_wconf 85' lang='grc' dir='ltr'>εὐσε-</span> 
     </span>
    </p>
   </div>
   <div class='ocr_carea' id='block_1_37' title="bbox 199 2031 1771 2105">
    <p class='ocr_par' dir='ltr' id='par_1_37' title="bbox 199 2031 1771 2105">
     <span class='ocr_line' id='line_1_37' title="bbox 199 2031 1771 2105; baseline -0.002 -18"><span class='ocrx_word' id='word_1_246' title='bbox 199 2035 339 2097; x_wconf 79' lang='grc' dir='ltr'>ϐείας</span> <span class='ocrx_word' id='word_1_247' title='bbox 387 2035 609 2087; x_wconf 84' lang='grc' dir='ltr'>ἐκεῖθεν</span> <span class='ocrx_word' id='word_1_248' title='bbox 662 2032 1161 2105; x_wconf 78' lang='grc' dir='ltr'>ἀνακομισθέντων,</span> <span class='ocrx_word' id='word_1_249' title='bbox 1206 2033 1288 2094; x_wconf 86' lang='grc' dir='ltr'><strong>εἰς</strong></span> <span class='ocrx_word' id='word_1_250' title='bbox 1349 2032 1451 2100; x_wconf 84' lang='grc' dir='ltr'><strong>τὴν</strong></span> <span class='ocrx_word' id='word_1_251' title='bbox 1495 2031 1771 2103; x_wconf 88' lang='grc' dir='ltr'>προτέραν</span> 
     </span>
    </p>
   </div>
   <div class='ocr_carea' id='block_1_38' title="bbox 201 2123 1772 2198">
    <p class='ocr_par' dir='ltr' id='par_1_38' title="bbox 201 2123 1772 2198">
     <span class='ocr_line' id='line_1_38' title="bbox 201 2123 1772 2198; baseline -0.003 -16"><span class='ocrx_word' id='word_1_252' title='bbox 201 2127 595 2198; x_wconf 74' lang='grc' dir='ltr'>ἐπαναστρέψει</span> <span class='ocrx_word' id='word_1_253' title='bbox 630 2127 883 2181; x_wconf 80' lang='grc' dir='ltr'>ἀσέϐειαν</span> <span class='ocrx_word' id='word_1_254' title='bbox 933 2127 1028 2181; x_wconf 69' lang='grc' dir='ltr'><strong>καὶ</strong></span> <span class='ocrx_word' id='word_1_255' title='bbox 1058 2127 1291 2197; x_wconf 86' lang='grc' dir='ltr'>πλάνην.</span> <span class='ocrx_word' id='word_1_256' title='bbox 1340 2124 1656 2179; x_wconf 83' lang='grc' dir='ltr'>Ἀνθίστατο</span> <span class='ocrx_word' id='word_1_257' title='bbox 1716 2123 1772 2178; x_wconf 85' lang='grc' dir='ltr'><strong>δέ</strong></span> 
     </span>
    </p>
   </div>
   <div class='ocr_carea' id='block_1_39' title="bbox 203 2218 1772 2292">
    <p class='ocr_par' dir='ltr' id='par_1_39' title="bbox 203 2218 1772 2292">
     <span class='ocr_line' id='line_1_39' title="bbox 203 2218 1772 2292; baseline -0.002 -18"><span class='ocrx_word' id='word_1_258' title='bbox 203 2223 256 2275; x_wconf 71' lang='grc' dir='ltr'>οὗ</span> <span class='ocrx_word' id='word_1_259' title='bbox 283 2222 587 2292; x_wconf 78' lang='grc' dir='ltr'>μαχόμενος</span> <span class='ocrx_word' id='word_1_260' title='bbox 614 2221 751 2274; x_wconf 81' lang='grc' dir='ltr'>ἀλλὰ</span> <span class='ocrx_word' id='word_1_261' title='bbox 791 2219 1322 2290; x_wconf 80' lang='grc' dir='ltr'>δικαιολογούμενος,</span> <span class='ocrx_word' id='word_1_262' title='bbox 1360 2239 1378 2271; x_wconf 79' lang='grc' dir='ltr'><strong>ι</strong></span> <span class='ocrx_word' id='word_1_263' title='bbox 1416 2218 1512 2282; x_wconf 85' lang='grc' dir='ltr'><strong>Τίς</strong></span> <span class='ocrx_word' id='word_1_264' title='bbox 1539 2221 1572 2288; x_wconf 87' lang='grc' dir='ltr'><strong>ἠ</strong></span> <span class='ocrx_word' id='word_1_265' title='bbox 1604 2235 1772 2272; x_wconf 86' lang='grc' dir='ltr'>σπου-</span> 
     </span>
    </p>
   </div>
   <div class='ocr_carea' id='block_1_40' title="bbox 214 2309 1774 2384">
    <p class='ocr_par' dir='ltr' id='par_1_40' title="bbox 214 2309 1774 2384">
     <span class='ocr_line' id='line_1_40' title="bbox 214 2309 1774 2384; baseline -0.001 -20"><span class='ocrx_word' id='word_1_266' title='bbox 214 2313 306 2382; x_wconf 68' lang='grc' dir='ltr'><strong>δὴ»</strong></span> <span class='ocrx_word' id='word_1_267' title='bbox 329 2314 500 2382; x_wconf 77' lang='grc' dir='ltr'>λέγων</span> <span class='ocrx_word' id='word_1_268' title='bbox 541 2333 561 2365; x_wconf 75' lang='grc' dir='ltr'><strong>ι</strong></span> <span class='ocrx_word' id='word_1_269' title='bbox 597 2313 703 2383; x_wconf 77' lang='grc' dir='ltr'>τῆς</span> <span class='ocrx_word' id='word_1_270' title='bbox 741 2313 966 2378; x_wconf 76' lang='grc' dir='ltr'>ἀνόδους</span> <span class='ocrx_word' id='word_1_271' title='bbox 993 2311 1095 2384; x_wconf 83' lang='grc' dir='ltr'><strong>τὴν</strong></span> <span class='ocrx_word' id='word_1_272' title='bbox 1124 2311 1333 2365; x_wconf 81' lang='grc' dir='ltr'>οἰκείαν</span> <span class='ocrx_word' id='word_1_273' title='bbox 1368 2311 1536 2364; x_wconf 84' lang='grc' dir='ltr'>οἰκῶν</span> <span class='ocrx_word' id='word_1_274' title='bbox 1573 2309 1774 2382; x_wconf 86' lang='grc' dir='ltr'>πατρί-</span> 
     </span>
    </p>
   </div>
   <div class='ocr_carea' id='block_1_41' title="bbox 221 2402 1774 2477">
    <p class='ocr_par' dir='ltr' id='par_1_41' title="bbox 221 2402 1774 2477">
     <span class='ocr_line' id='line_1_41' title="bbox 221 2402 1774 2477; baseline 0.001 -22"><span class='ocrx_word' id='word_1_275' title='bbox 221 2404 322 2457; x_wconf 77' lang='grc' dir='ltr'><strong>ὃαὸ</strong></span> <span class='ocrx_word' id='word_1_276' title='bbox 355 2402 568 2477; x_wconf 72' lang='grc' dir='ltr'>Ἰσραὴλ</span> <span class='ocrx_word' id='word_1_277' title='bbox 619 2406 713 2460; x_wconf 73' lang='grc' dir='ltr'><strong>καὶ</strong></span> <span class='ocrx_word' id='word_1_278' title='bbox 754 2406 1010 2460; x_wconf 77' lang='grc' dir='ltr'>εὐπαθῶν</span> <span class='ocrx_word' id='word_1_279' title='bbox 1046 2407 1128 2469; x_wconf 86' lang='grc' dir='ltr'><strong>είς</strong></span> <span class='ocrx_word' id='word_1_280' title='bbox 1163 2404 1614 2476; x_wconf 87' lang='grc' dir='ltr'>εἰδωλολατρείαν</span> <span class='ocrx_word' id='word_1_281' title='bbox 1644 2404 1774 2456; x_wconf 85' lang='grc' dir='ltr'>πολ-</span> 
     </span>
    </p>
   </div>
   <div class='ocr_carea' id='block_1_42' title="bbox 225 2497 1778 2572">
    <p class='ocr_par' dir='ltr' id='par_1_42' title="bbox 225 2497 1778 2572">
     <span class='ocr_line' id='line_1_42' title="bbox 225 2497 1778 2572; baseline 0.001 -23"><span class='ocrx_word' id='word_1_282' title='bbox 225 2498 358 2563; x_wconf 81' lang='grc' dir='ltr'>λάκις</span> <span class='ocrx_word' id='word_1_283' title='bbox 385 2501 646 2565; x_wconf 77' lang='grc' dir='ltr'>ἐξὼλισθε</span> <span class='ocrx_word' id='word_1_284' title='bbox 672 2517 686 2530; x_wconf 85' lang='grc'>·</span> <span class='ocrx_word' id='word_1_285' title='bbox 721 2500 816 2554; x_wconf 88' lang='grc' dir='ltr'><strong>νῦν</strong></span> <span class='ocrx_word' id='word_1_286' title='bbox 844 2502 900 2555; x_wconf 84' lang='grc' dir='ltr'><strong>δὲ</strong></span> <span class='ocrx_word' id='word_1_287' title='bbox 919 2501 1180 2572; x_wconf 83' lang='grc' dir='ltr'>καθαρῶς</span> <span class='ocrx_word' id='word_1_288' title='bbox 1214 2500 1450 2565; x_wconf 78' lang='grc' dir='ltr'>εὐσεϐεῖ,</span> <span class='ocrx_word' id='word_1_289' title='bbox 1488 2500 1588 2569; x_wconf 81' lang='grc' dir='ltr'>τὴν</span> <span class='ocrx_word' id='word_1_290' title='bbox 1619 2497 1778 2552; x_wconf 87' lang='grc' dir='ltr'>ἀλλο-</span> 
     </span>
    </p>
   </div>
   <div class='ocr_carea' id='block_1_43' title="bbox 219 2591 1779 2665">
    <p class='ocr_par' dir='ltr' id='par_1_43' title="bbox 219 2591 1779 2665">
     <span class='ocr_line' id='line_1_43' title="bbox 219 2591 1779 2665; baseline 0.001 -23"><span class='ocrx_word' id='word_1_291' title='bbox 219 2591 351 2662; x_wconf 78' lang='grc' dir='ltr'>τρίαν</span> <span class='ocrx_word' id='word_1_292' title='bbox 380 2595 691 2665; x_wconf 83' lang='grc' dir='ltr'>παροικῶν,</span> <span class='ocrx_word' id='word_1_293' title='bbox 735 2595 827 2647; x_wconf 73' lang='grc' dir='ltr'><strong>καὶ</strong></span> <span class='ocrx_word' id='word_1_294' title='bbox 885 2594 986 2646; x_wconf 80' lang='grc' dir='ltr'><strong>οὐκ</strong></span> <span class='ocrx_word' id='word_1_295' title='bbox 1046 2593 1263 2646; x_wconf 82' lang='grc' dir='ltr'>εὐσεϐεῖ</span> <span class='ocrx_word' id='word_1_296' title='bbox 1291 2593 1473 2662; x_wconf 86' lang='grc' dir='ltr'>μόνον,</span> <span class='ocrx_word' id='word_1_297' title='bbox 1517 2591 1656 2646; x_wconf 88' lang='grc' dir='ltr'><strong>ἀλλά</strong></span> <span class='ocrx_word' id='word_1_298' title='bbox 1685 2592 1779 2645; x_wconf 73' lang='grc' dir='ltr'><strong>καὶ</strong></span> 
     </span>
    </p>
   </div>
   <div class='ocr_carea' id='block_1_44' title="bbox 216 2685 1779 2758">
    <p class='ocr_par' dir='ltr' id='par_1_44' title="bbox 216 2685 1779 2758">
     <span class='ocr_line' id='line_1_44' title="bbox 216 2685 1779 2758; baseline -0.001 -20"><span class='ocrx_word' id='word_1_299' title='bbox 216 2687 493 2756; x_wconf 80' lang='grc' dir='ltr'>ὑπεραθλεῖ</span> <span class='ocrx_word' id='word_1_300' title='bbox 523 2690 627 2758; x_wconf 79' lang='grc' dir='ltr'>τῆς</span> <span class='ocrx_word' id='word_1_301' title='bbox 671 2686 973 2752; x_wconf 82' lang='grc' dir='ltr'>εὐσεϐείας,</span> <span class='ocrx_word' id='word_1_302' title='bbox 1007 2686 1238 2749; x_wconf 81' lang='grc' dir='ltr'>πολλοὺς</span> <span class='ocrx_word' id='word_1_303' title='bbox 1284 2686 1392 2738; x_wconf 87' lang='grc' dir='ltr'><strong>τῶν</strong></span> <span class='ocrx_word' id='word_1_304' title='bbox 1421 2685 1779 2754; x_wconf 79' lang='grc' dir='ltr'>πεπλανημέ-</span> 
     </span>
    </p>
   </div>
   <div class='ocr_carea' id='block_1_45' title="bbox 209 2778 1780 2852">
    <p class='ocr_par' dir='ltr' id='par_1_45' title="bbox 209 2778 1780 2852">
     <span class='ocr_line' id='line_1_45' title="bbox 209 2778 1780 2852; baseline -0.001 -22"><span class='ocrx_word' id='word_1_305' title='bbox 209 2795 299 2831; x_wconf 85' lang='grc' dir='ltr'><strong>νων</strong></span> <span class='ocrx_word' id='word_1_306' title='bbox 322 2781 463 2850; x_wconf 80' lang='grc' dir='ltr'>πρὸς</span> <span class='ocrx_word' id='word_1_307' title='bbox 494 2781 590 2833; x_wconf 82' lang='grc' dir='ltr'><strong>τὸν</strong></span> <span class='ocrx_word' id='word_1_308' title='bbox 647 2781 900 2852; x_wconf 82' lang='grc' dir='ltr'>ἀληθινὸν</span> <span class='ocrx_word' id='word_1_309' title='bbox 956 2779 1347 2850; x_wconf 83' lang='grc' dir='ltr'>ἐπιστρέφουσι</span> <span class='ocrx_word' id='word_1_310' title='bbox 1370 2780 1412 2811; x_wconf 80' lang='grc'><strong>³¹</strong></span> <span class='ocrx_word' id='word_1_311' title='bbox 1463 2778 1616 2833; x_wconf 76' lang='grc' dir='ltr'>Θεὸν.</span> <span class='ocrx_word' id='word_1_312' title='bbox 1651 2778 1780 2832; x_wconf 86' lang='grc' dir='ltr'>Ὅτε</span> 
     </span>
    </p>
   </div>
   <div class='ocr_carea' id='block_1_46' title="bbox 207 2871 1782 2946">
    <p class='ocr_par' dir='ltr' id='par_1_46' title="bbox 207 2871 1782 2946">
     <span class='ocr_line' id='line_1_46' title="bbox 207 2871 1782 2946; baseline -0.001 -22"><span class='ocrx_word' id='word_1_313' title='bbox 207 2872 286 2925; x_wconf 76' lang='grc' dir='ltr'>οὖν</span> <span class='ocrx_word' id='word_1_314' title='bbox 314 2875 410 2927; x_wconf 78' lang='grc' dir='ltr'><strong>καὶ</strong></span> <span class='ocrx_word' id='word_1_315' title='bbox 442 2877 562 2937; x_wconf 88' lang='grc' dir='ltr'>τοῖς</span> <span class='ocrx_word' id='word_1_316' title='bbox 582 2873 681 2946; x_wconf 80' lang='grc' dir='ltr'><strong>τὴν</strong></span> <span class='ocrx_word' id='word_1_317' title='bbox 711 2875 870 2946; x_wconf 81' lang='grc' dir='ltr'>χάριν</span> <span class='ocrx_word' id='word_1_318' title='bbox 902 2874 1216 2944; x_wconf 79' lang='grc' dir='ltr'>δεχομένοις</span> <span class='ocrx_word' id='word_1_319' title='bbox 1258 2873 1412 2926; x_wconf 80' lang='grc' dir='ltr'>οὐδὲν</span> <span class='ocrx_word' id='word_1_320' title='bbox 1436 2872 1578 2926; x_wconf 88' lang='grc' dir='ltr'><strong>κατά</strong></span> <span class='ocrx_word' id='word_1_321' title='bbox 1602 2871 1782 2942; x_wconf 77' lang='grc' dir='ltr'>ψυχὴν</span> 
     </span>
    </p>
   </div>
   <div class='ocr_carea' id='block_1_47' title="bbox 208 2959 1781 3039">
    <p class='ocr_par' dir='ltr' id='par_1_47' title="bbox 208 2959 1781 3039">
     <span class='ocr_line' id='line_1_47' title="bbox 208 2959 1781 3039; baseline 0.001 -24"><span class='ocrx_word' id='word_1_322' title='bbox 208 2959 647 3039; x_wconf 73' lang='grc' dir='ltr'>λυσιτελέστερον</span> <span class='ocrx_word' id='word_1_323' title='bbox 703 2966 1082 3031; x_wconf 79' lang='grc' dir='ltr'>ἐπακολουθεῖ,</span> <span class='ocrx_word' id='word_1_324' title='bbox 1119 2967 1216 3019; x_wconf 66' lang='grc' dir='ltr'><strong>καὶ</strong></span> <span class='ocrx_word' id='word_1_325' title='bbox 1248 2967 1374 3029; x_wconf 78' lang='grc' dir='ltr'>τοὺς</span> <span class='ocrx_word' id='word_1_326' title='bbox 1429 2965 1674 3018; x_wconf 78' lang='grc' dir='ltr'>εὐσεϐεῖν</span> <span class='ocrx_word' id='word_1_327' title='bbox 1715 2965 1781 3018; x_wconf 85' lang='grc' dir='ltr'>δι’</span> 
     </span>
    </p>
   </div>
   <div class='ocr_carea' id='block_1_48' title="bbox 206 3058 1786 3130">
    <p class='ocr_par' dir='ltr' id='par_1_48' title="bbox 206 3058 1786 3130">
     <span class='ocr_line' id='line_1_48' title="bbox 206 3058 1786 3130; baseline -0.003 -17"><span class='ocrx_word' id='word_1_328' title='bbox 206 3060 390 3122; x_wconf 73' lang='grc' dir='ltr'>αὐτοὺς</span> <span class='ocrx_word' id='word_1_329' title='bbox 422 3059 775 3130; x_wconf 80' lang='grc' dir='ltr'>ἀρξαμένους</span> <span class='ocrx_word' id='word_1_330' title='bbox 827 3059 889 3112; x_wconf 80' lang='grc' dir='ltr'>τὸ</span> <span class='ocrx_word' id='word_1_331' title='bbox 963 3059 1190 3130; x_wconf 76' lang='grc' dir='ltr'>ἔσχατον</span> <span class='ocrx_word' id='word_1_332' title='bbox 1224 3060 1395 3114; x_wconf 70' lang='grc' dir='ltr'>κακὸν</span> <span class='ocrx_word' id='word_1_333' title='bbox 1431 3059 1464 3130; x_wconf 75' lang='grc' dir='ltr'>ὴ</span> <span class='ocrx_word' id='word_1_334' title='bbox 1495 3058 1786 3111; x_wconf 82' lang='grc' dir='ltr'>δυσσέϐεια</span> 
     </span>
    </p>
   </div>
   <div class='ocr_carea' id='block_1_49' title="bbox 203 3151 1858 3226">
    <p class='ocr_par' dir='ltr' id='par_1_49' title="bbox 203 3151 1858 3226">
     <span class='ocr_line' id='line_1_49' title="bbox 203 3151 1858 3226; baseline 0 -20"><span class='ocrx_word' id='word_1_335' title='bbox 203 3155 352 3209; x_wconf 79' lang='grc' dir='ltr'>πάλιν</span> <span class='ocrx_word' id='word_1_336' title='bbox 392 3155 753 3226; x_wconf 74' lang='grc' dir='ltr'>ὑποχειρίους</span> <span class='ocrx_word' id='word_1_337' title='bbox 783 3157 948 3218; x_wconf 77' lang='grc' dir='ltr'>ποιεῖ.</span> <span class='ocrx_word' id='word_1_338' title='bbox 1001 3155 1167 3209; x_wconf 82' lang='grc' dir='ltr'>πόσον</span> <span class='ocrx_word' id='word_1_339' title='bbox 1205 3151 1272 3226; x_wconf 75' lang='grc' dir='ltr'>ἦν</span> <span class='ocrx_word' id='word_1_340' title='bbox 1317 3155 1542 3225; x_wconf 84' lang='grc' dir='ltr'>ἄμεινον</span> <span class='ocrx_word' id='word_1_341' title='bbox 1573 3155 1668 3207; x_wconf 69' lang='grc' dir='ltr'><strong>καὶ</strong></span> <span class='ocrx_word' id='word_1_342' title='bbox 1693 3154 1786 3206; x_wconf 78' lang='grc' dir='ltr'>τὸν</span> <span class='ocrx_word' id='word_1_343' title='bbox 1815 3169 1858 3225; x_wconf 73' lang='grc' dir='ltr'>ο</span> 
     </span>
    </p>
   </div>
   <div class='ocr_carea' id='block_1_50' title="bbox 210 3247 1789 3320">
    <p class='ocr_par' dir='ltr' id='par_1_50' title="bbox 210 3247 1789 3320">
     <span class='ocr_line' id='line_1_50' title="bbox 210 3247 1789 3320; baseline -0.001 -18"><span class='ocrx_word' id='word_1_344' title='bbox 210 3249 428 3320; x_wconf 79' lang='grc' dir='ltr'>Ἰσραὴλ</span> <span class='ocrx_word' id='word_1_345' title='bbox 457 3249 600 3313; x_wconf 85' lang='grc' dir='ltr'>τέως</span> <span class='ocrx_word' id='word_1_346' title='bbox 627 3249 724 3319; x_wconf 86' lang='grc' dir='ltr'>τῆς</span> <span class='ocrx_word' id='word_1_347' title='bbox 753 3248 1134 3320; x_wconf 79' lang='grc' dir='ltr'>αἰχμαλωσίας</span> <span class='ocrx_word' id='word_1_348' title='bbox 1167 3250 1243 3320; x_wconf 82' lang='grc' dir='ltr'>μὴ</span> <span class='ocrx_word' id='word_1_349' title='bbox 1273 3249 1574 3317; x_wconf 78' lang='grc' dir='ltr'>ἀναγαγεῖν</span> <span class='ocrx_word' id='word_1_350' title='bbox 1591 3247 1659 3311; x_wconf 72' lang='grc' dir='ltr'>θ’,</span> <span class='ocrx_word' id='word_1_351' title='bbox 1694 3250 1789 3301; x_wconf 70' lang='grc' dir='ltr'><strong>καὶ</strong></span> 
     </span>
    </p>
   </div>
   <div class='ocr_carea' id='block_1_51' title="bbox 200 3338 1791 3414">
    <p class='ocr_par' dir='ltr' id='par_1_51' title="bbox 200 3338 1791 3414">
     <span class='ocr_line' id='line_1_51' title="bbox 200 3338 1791 3414; baseline -0.001 -22"><span class='ocrx_word' id='word_1_352' title='bbox 200 3342 313 3406; x_wconf 72' lang='grc' dir='ltr'>τοὺς</span> <span class='ocrx_word' id='word_1_353' title='bbox 341 3343 488 3414; x_wconf 74' lang='grc' dir='ltr'>ἄρτι</span> <span class='ocrx_word' id='word_1_354' title='bbox 522 3341 663 3412; x_wconf 83' lang='grc' dir='ltr'>πρὸς</span> <span class='ocrx_word' id='word_1_355' title='bbox 692 3341 754 3394; x_wconf 84' lang='grc' dir='ltr'><strong>τὸ</strong></span> <span class='ocrx_word' id='word_1_356' title='bbox 794 3340 909 3411; x_wconf 83' lang='grc' dir='ltr'>φῶς</span> <span class='ocrx_word' id='word_1_357' title='bbox 956 3340 1367 3411; x_wconf 74' lang='grc' dir='ltr'>ἀναϐλέψαντας</span> <span class='ocrx_word' id='word_1_358' title='bbox 1403 3341 1504 3409; x_wconf 83' lang='grc' dir='ltr'>τῆς</span> <span class='ocrx_word' id='word_1_359' title='bbox 1556 3338 1791 3407; x_wconf 85' lang='grc' dir='ltr'>θεογνω-</span> 
     </span>
    </p>
   </div>
   <div class='ocr_carea' id='block_1_52' title="bbox 202 3431 1789 3505">
    <p class='ocr_par' dir='ltr' id='par_1_52' title="bbox 202 3431 1789 3505">
     <span class='ocr_line' id='line_1_52' title="bbox 202 3431 1789 3505; baseline -0.001 -18"><span class='ocrx_word' id='word_1_360' title='bbox 202 3434 312 3499; x_wconf 77' lang='grc' dir='ltr'>σίας</span> <span class='ocrx_word' id='word_1_361' title='bbox 348 3435 420 3487; x_wconf 82' lang='grc' dir='ltr'><strong>ἐν</strong></span> <span class='ocrx_word' id='word_1_362' title='bbox 475 3436 547 3505; x_wconf 80' lang='grc' dir='ltr'>τῇ</span> <span class='ocrx_word' id='word_1_363' title='bbox 580 3437 720 3505; x_wconf 76' lang='grc' dir='ltr'>αὐτῇ</span> <span class='ocrx_word' id='word_1_364' title='bbox 771 3435 1060 3504; x_wconf 83' lang='grc' dir='ltr'>συντηρεῖν</span> <span class='ocrx_word' id='word_1_365' title='bbox 1119 3432 1407 3502; x_wconf 81' lang='grc' dir='ltr'>εὐσεϐεία;</span> <span class='ocrx_word' id='word_1_366' title='bbox 1452 3431 1789 3501; x_wconf 79' lang='grc' dir='ltr'>ἀπεστάλην,</span> 
     </span>
    </p>
   </div>
   <div class='ocr_carea' id='block_1_53' title="bbox 201 3524 1794 3596">
    <p class='ocr_par' dir='ltr' id='par_1_53' title="bbox 201 3524 1794 3596">
     <span class='ocr_line' id='line_1_53' title="bbox 201 3524 1794 3596; baseline -0.011 -5"><span class='ocrx_word' id='word_1_367' title='bbox 201 3527 318 3596; x_wconf 47' lang='grc' dir='ltr'>τὴς.</span> <span class='ocrx_word' id='word_1_368' title='bbox 347 3527 460 3581; x_wconf 69' lang='grc' dir='ltr'><strong>τὸν</strong></span> <span class='ocrx_word' id='word_1_369' title='bbox 489 3525 621 3578; x_wconf 83' lang='grc' dir='ltr'>λαὸν</span> <span class='ocrx_word' id='word_1_370' title='bbox 646 3526 1103 3596; x_wconf 75' lang='grc' dir='ltr'>ἀποκαταστῆσαι</span> <span class='ocrx_word' id='word_1_371' title='bbox 1133 3527 1198 3596; x_wconf 82' lang='grc' dir='ltr'>τῇ</span> <span class='ocrx_word' id='word_1_372' title='bbox 1239 3524 1482 3595; x_wconf 85' lang='grc' dir='ltr'>πατρίδι.</span> <span class='ocrx_word' id='word_1_373' title='bbox 1519 3524 1659 3596; x_wconf 73' lang='grc' dir='ltr'>Ποία</span> <span class='ocrx_word' id='word_1_374' title='bbox 1689 3541 1794 3578; x_wconf 82' lang='grc' dir='ltr'>πα-</span> 
     </span>
    </p>
   </div>
   <div class='ocr_carea' id='block_1_54' title="bbox 200 3614 1794 3687">
    <p class='ocr_par' dir='ltr' id='par_1_54' title="bbox 200 3614 1794 3687">
     <span class='ocr_line' id='line_1_54' title="bbox 200 3614 1794 3687; baseline -0.001 -20"><span class='ocrx_word' id='word_1_375' title='bbox 200 3617 370 3687; x_wconf 86' lang='grc' dir='ltr'>τρίδι;</span> <span class='ocrx_word' id='word_1_376' title='bbox 433 3617 504 3687; x_wconf 77' lang='grc' dir='ltr'>ἢν</span> <span class='ocrx_word' id='word_1_377' title='bbox 551 3615 830 3680; x_wconf 78' lang='grc' dir='ltr'>οἰκοῦντες</span> <span class='ocrx_word' id='word_1_378' title='bbox 875 3617 1121 3687; x_wconf 76' lang='grc' dir='ltr'>ἐμίαινον</span> <span class='ocrx_word' id='word_1_379' title='bbox 1175 3615 1427 3679; x_wconf 87' lang='grc' dir='ltr'>κνίσσαις</span> <span class='ocrx_word' id='word_1_380' title='bbox 1453 3615 1519 3682; x_wconf 81' lang='grc'><strong>⁸³,</strong></span> <span class='ocrx_word' id='word_1_381' title='bbox 1573 3614 1794 3684; x_wconf 88' lang='grc' dir='ltr'>δαίμοσι</span> 
     </span>
    </p>
   </div>
   <div class='ocr_carea' id='block_1_55' title="bbox 200 3704 1798 3779">
    <p class='ocr_par' dir='ltr' id='par_1_55' title="bbox 200 3704 1798 3779">
     <span class='ocr_line' id='line_1_55' title="bbox 200 3704 1798 3779; baseline -0.001 -19"><span class='ocrx_word' id='word_1_382' title='bbox 200 3708 448 3773; x_wconf 84' lang='grc' dir='ltr'>θύοντες,</span> <span class='ocrx_word' id='word_1_383' title='bbox 479 3709 580 3761; x_wconf 73' lang='grc' dir='ltr'><strong>καὶ</strong></span> <span class='ocrx_word' id='word_1_384' title='bbox 630 3707 1070 3779; x_wconf 83' lang='grc' dir='ltr'>εἰδωλομανίαις.</span> <span class='ocrx_word' id='word_1_385' title='bbox 1135 3706 1211 3760; x_wconf 85' lang='grc' dir='ltr'><strong>Οὐ</strong></span> <span class='ocrx_word' id='word_1_386' title='bbox 1275 3704 1449 3758; x_wconf 86' lang='grc' dir='ltr'>ταῦτα</span> <span class='ocrx_word' id='word_1_387' title='bbox 1502 3707 1798 3774; x_wconf 83' lang='grc' dir='ltr'>κατηγορεῖ</span> 
     </span>
    </p>
   </div>
   <div class='ocr_carea' id='block_1_56' title="bbox 198 3796 1796 3870">
    <p class='ocr_par' dir='ltr' id='par_1_56' title="bbox 198 3796 1796 3870">
     <span class='ocr_line' id='line_1_56' title="bbox 198 3796 1796 3870; baseline 0 -20"><span class='ocrx_word' id='word_1_388' title='bbox 198 3798 366 3866; x_wconf 71' lang='grc' dir='ltr'>λέγων</span> <span class='ocrx_word' id='word_1_389' title='bbox 406 3799 730 3870; x_wconf 84' lang='grc' dir='ltr'>Ἱερεμίας·</span> <span class='ocrx_word' id='word_1_390' title='bbox 769 3800 934 3854; x_wconf 78' lang='grc' dir='ltr'>Κατὰ</span> <span class='ocrx_word' id='word_1_391' title='bbox 975 3799 1225 3868; x_wconf 79' lang='grc' dir='ltr'>ἀριθμὸν</span> <span class='ocrx_word' id='word_1_392' title='bbox 1267 3797 1388 3851; x_wconf 86' lang='grc' dir='ltr'><strong>τῶν</strong></span> <span class='ocrx_word' id='word_1_393' title='bbox 1417 3796 1656 3851; x_wconf 72' lang='grc' dir='ltr'><strong>πόλεών</strong></span> <span class='ocrx_word' id='word_1_394' title='bbox 1677 3812 1796 3850; x_wconf 90' lang='grc' dir='ltr'>σου</span> 
     </span>
    </p>
   </div>
   <div class='ocr_carea' id='block_1_57' title="bbox 198 3887 1800 3962">
    <p class='ocr_par' dir='ltr' id='par_1_57' title="bbox 198 3887 1800 3962">
     <span class='ocr_line' id='line_1_57' title="bbox 198 3887 1800 3962; baseline -0.003 -16"><span class='ocrx_word' id='word_1_395' title='bbox 198 3887 354 3962; x_wconf 75' lang='grc' dir='ltr'>ἦσαν</span> <span class='ocrx_word' id='word_1_396' title='bbox 385 3895 452 3946; x_wconf 83' lang='grc' dir='ltr'>οἱ</span> <span class='ocrx_word' id='word_1_397' title='bbox 477 3893 602 3946; x_wconf 85' lang='grc' dir='ltr'>θεοί</span> <span class='ocrx_word' id='word_1_398' title='bbox 657 3908 795 3958; x_wconf 85' lang='grc' dir='ltr'>σου,</span> <span class='ocrx_word' id='word_1_399' title='bbox 860 3892 1090 3947; x_wconf 82' lang='grc' dir='ltr'>Ἰούδα·</span> <span class='ocrx_word' id='word_1_400' title='bbox 1127 3890 1228 3945; x_wconf 80' lang='grc' dir='ltr'>καὶ</span> <span class='ocrx_word' id='word_1_401' title='bbox 1279 3891 1431 3944; x_wconf 80' lang='grc' dir='ltr'>κατὰ</span> <span class='ocrx_word' id='word_1_402' title='bbox 1463 3889 1536 3943; x_wconf 81' lang='grc' dir='ltr'>τὰ</span> <span class='ocrx_word' id='word_1_403' title='bbox 1560 3889 1800 3960; x_wconf 53' lang='lat' dir='ltr'><strong>diligenda</strong></span> 
     </span>
    </p>
   </div>
   <div class='ocr_carea' id='block_1_58' title="bbox 210 3982 1801 4054">
    <p class='ocr_par' dir='ltr' id='par_1_58' title="bbox 210 3982 1801 4054">
     <span class='ocr_line' id='line_1_58' title="bbox 210 3982 1801 4054; baseline -0.002 -17"><span class='ocrx_word' id='word_1_404' title='bbox 210 3984 636 4054; x_wconf 62' lang='grc' dir='ltr'>Ἰερουσαλὴμ</span> <span class='ocrx_word' id='word_1_405' title='bbox 675 3985 847 4050; x_wconf 78' lang='grc' dir='ltr'>ἔθυες</span> <span class='ocrx_word' id='word_1_406' title='bbox 885 3983 965 4049; x_wconf 81' lang='grc' dir='ltr'>τῷ</span> <span class='ocrx_word' id='word_1_407' title='bbox 988 3983 1195 4049; x_wconf 69' lang='grc' dir='ltr'>Βάαλς</span> <span class='ocrx_word' id='word_1_408' title='bbox 1245 3983 1462 4053; x_wconf 83' lang='grc' dir='ltr'>μυρίοις</span> <span class='ocrx_word' id='word_1_409' title='bbox 1495 3983 1617 4035; x_wconf 88' lang='grc' dir='ltr'>τότε</span> <span class='ocrx_word' id='word_1_410' title='bbox 1649 3982 1801 4048; x_wconf 85' lang='grc' dir='ltr'><strong>παρά</strong></span> 
     </span>
    </p>
   </div>
   <div class='ocr_carea' id='block_1_59' title="bbox 202 4074 1801 4146">
    <p class='ocr_par' dir='ltr' id='par_1_59' title="bbox 202 4074 1801 4146">
     <span class='ocr_line' id='line_1_59' title="bbox 202 4074 1801 4146; baseline -0.001 -18"><span class='ocrx_word' id='word_1_411' title='bbox 202 4077 322 4130; x_wconf 87' lang='grc' dir='ltr'>θεοῦ</span> <span class='ocrx_word' id='word_1_412' title='bbox 361 4075 806 4146; x_wconf 78' lang='grc' dir='ltr'>περιεκλύζοντο</span> <span class='ocrx_word' id='word_1_413' title='bbox 860 4077 1107 4144; x_wconf 83' lang='grc' dir='ltr'>ἀγαθοῖς,</span> <span class='ocrx_word' id='word_1_414' title='bbox 1162 4076 1259 4130; x_wconf 75' lang='grc' dir='ltr'><strong>καί</strong></span> <span class='ocrx_word' id='word_1_415' title='bbox 1320 4076 1418 4145; x_wconf 80' lang='grc' dir='ltr'>τῆς</span> <span class='ocrx_word' id='word_1_416' title='bbox 1473 4075 1671 4138; x_wconf 88' lang='grc' dir='ltr'>κακίας</span> <span class='ocrx_word' id='word_1_417' title='bbox 1707 4074 1801 4128; x_wconf 77' lang='grc' dir='ltr'><strong>καὶ</strong></span> 
     </span>
    </p>
   </div>
   <div class='ocr_carea' id='block_1_60' title="bbox 202 4166 1803 4238">
    <p class='ocr_par' dir='ltr' id='par_1_60' title="bbox 202 4166 1803 4238">
     <span class='ocr_line' id='line_1_60' title="bbox 202 4166 1803 4238; baseline -0.002 -17"><span class='ocrx_word' id='word_1_418' title='bbox 202 4170 472 4232; x_wconf 82' lang='grc' dir='ltr'>ἀσεϐείας</span> <span class='ocrx_word' id='word_1_419' title='bbox 534 4168 636 4221; x_wconf 76' lang='grc' dir='ltr'><strong>οὐκ</strong></span> <span class='ocrx_word' id='word_1_420' title='bbox 698 4166 1010 4238; x_wconf 84' lang='grc' dir='ltr'>ἀνεχώρουν</span> <span class='ocrx_word' id='word_1_421' title='bbox 1044 4186 1058 4199; x_wconf 88' lang='grc'><strong>·</strong></span> <span class='ocrx_word' id='word_1_422' title='bbox 1123 4169 1295 4238; x_wconf 88' lang='grc' dir='ltr'>μυρία</span> <span class='ocrx_word' id='word_1_423' title='bbox 1330 4167 1424 4222; x_wconf 88' lang='grc' dir='ltr'><strong>νῦν</strong></span> <span class='ocrx_word' id='word_1_424' title='bbox 1469 4167 1803 4236; x_wconf 79' lang='grc' dir='ltr'>ὑπομένουσι</span> 
     </span>
    </p>
   </div>
   <div class='ocr_carea' id='block_1_61' title="bbox 205 4255 1803 4330">
    <p class='ocr_par' dir='ltr' id='par_1_61' title="bbox 205 4255 1803 4330">
     <span class='ocr_line' id='line_1_61' title="bbox 205 4255 1803 4330; baseline -0.001 -16"><span class='ocrx_word' id='word_1_425' title='bbox 205 4264 370 4330; x_wconf 75' lang='grc' dir='ltr'>κακὰ,</span> <span class='ocrx_word' id='word_1_426' title='bbox 404 4262 510 4315; x_wconf 72' lang='grc' dir='ltr'><strong>καὶ</strong></span> <span class='ocrx_word' id='word_1_427' title='bbox 570 4260 666 4314; x_wconf 84' lang='grc' dir='ltr'><strong>τοῦ</strong></span> <span class='ocrx_word' id='word_1_428' title='bbox 716 4261 856 4313; x_wconf 85' lang='grc' dir='ltr'>Θεοῦ</span> <span class='ocrx_word' id='word_1_429' title='bbox 909 4262 1009 4314; x_wconf 81' lang='grc' dir='ltr'><strong>οὐκ</strong></span> <span class='ocrx_word' id='word_1_430' title='bbox 1059 4261 1408 4330; x_wconf 83' lang='grc' dir='ltr'>ἀφίστανται.</span> <span class='ocrx_word' id='word_1_431' title='bbox 1443 4262 1509 4314; x_wconf 85' lang='grc' dir='ltr'>Τί</span> <span class='ocrx_word' id='word_1_432' title='bbox 1549 4261 1670 4314; x_wconf 85' lang='grc' dir='ltr'>ποτ’</span> <span class='ocrx_word' id='word_1_433' title='bbox 1709 4255 1803 4313; x_wconf 77' lang='grc' dir='ltr'><strong>οὖν</strong></span> 
     </span>
    </p>
   </div>
   <div class='ocr_carea' id='block_1_62' title="bbox 205 4347 1803 4422">
    <p class='ocr_par' dir='ltr' id='par_1_62' title="bbox 205 4347 1803 4422">
     <span class='ocr_line' id='line_1_62' title="bbox 205 4347 1803 4422; baseline -0.003 -15"><span class='ocrx_word' id='word_1_434' title='bbox 205 4354 356 4407; x_wconf 78' lang='grc' dir='ltr'>ἔσται</span> <span class='ocrx_word' id='word_1_435' title='bbox 388 4353 464 4406; x_wconf 82' lang='grc' dir='ltr'>τὸ</span> <span class='ocrx_word' id='word_1_436' title='bbox 487 4352 591 4421; x_wconf 78' lang='grc' dir='ltr'><strong>τῆς</strong></span> <span class='ocrx_word' id='word_1_437' title='bbox 616 4351 878 4405; x_wconf 75' lang='grc' dir='ltr'>ἐπανόδου</span> <span class='ocrx_word' id='word_1_438' title='bbox 915 4351 1141 4421; x_wconf 86' lang='grc' dir='ltr'>κέρδος;</span> <span class='ocrx_word' id='word_1_439' title='bbox 1175 4347 1243 4422; x_wconf 82' lang='grc' dir='ltr'>ἦν</span> <span class='ocrx_word' id='word_1_440' title='bbox 1262 4352 1447 4405; x_wconf 88' lang='grc' dir='ltr'>τοίνυν</span> <span class='ocrx_word' id='word_1_441' title='bbox 1475 4353 1508 4421; x_wconf 83' lang='grc' dir='ltr'>ἡ</span> <span class='ocrx_word' id='word_1_442' title='bbox 1551 4351 1803 4406; x_wconf 87' lang='grc' dir='ltr'>ἀντίστα-</span> 
     </span>
    </p>
   </div>
   <div class='ocr_carea' id='block_1_63' title="bbox 205 4441 1802 4516">
    <p class='ocr_par' dir='ltr' id='par_1_63' title="bbox 205 4441 1802 4516">
     <span class='ocr_line' id='line_1_63' title="bbox 205 4441 1802 4516; baseline -0.002 -17"><span class='ocrx_word' id='word_1_443' title='bbox 205 4463 288 4508; x_wconf 88' lang='grc' dir='ltr'><strong>σις</strong></span> <span class='ocrx_word' id='word_1_444' title='bbox 311 4448 375 4500; x_wconf 81' lang='grc' dir='ltr'><strong>οὐ</strong></span> <span class='ocrx_word' id='word_1_445' title='bbox 419 4445 600 4498; x_wconf 87' lang='grc' dir='ltr'>κακοῦ</span> <span class='ocrx_word' id='word_1_446' title='bbox 651 4445 789 4516; x_wconf 79' lang='grc' dir='ltr'>πρὸς</span> <span class='ocrx_word' id='word_1_447' title='bbox 843 4444 1076 4511; x_wconf 79' lang='grc' dir='ltr'>ἀγαθόν’</span> <span class='ocrx_word' id='word_1_448' title='bbox 1114 4446 1176 4498; x_wconf 83' lang='grc' dir='ltr'><strong>οῦ</strong></span> <span class='ocrx_word' id='word_1_449' title='bbox 1223 4447 1334 4514; x_wconf 83' lang='grc' dir='ltr'>γὰρ</span> <span class='ocrx_word' id='word_1_450' title='bbox 1364 4441 1518 4498; x_wconf 76' lang='grc' dir='ltr'>εἶπεν</span> <span class='ocrx_word' id='word_1_451' title='bbox 1547 4444 1802 4514; x_wconf 79' lang='grc' dir='ltr'>ἐμάχετο,</span> 
     </span>
    </p>
   </div>
   <div class='ocr_carea' id='block_1_64' title="bbox 1873 1912 3462 1990">
    <p class='ocr_par' dir='ltr' id='par_1_64' title="bbox 1873 1912 3462 1990">
     <span class='ocr_line' id='line_1_64' title="bbox 1873 1912 3462 1990; baseline -0.008 -12"><span class='ocrx_word' id='word_1_452' title='bbox 1873 1932 2017 1989; x_wconf 88' lang='lat' dir='ltr'><strong>tans,</strong></span> <span class='ocrx_word' id='word_1_453' title='bbox 2051 1934 2104 1978; x_wconf 88' lang='lat' dir='ltr'><strong>et</strong></span> <span class='ocrx_word' id='word_1_454' title='bbox 2133 1937 2242 1977; x_wconf 90' lang='lat' dir='ltr'><strong>non</strong></span> <span class='ocrx_word' id='word_1_455' title='bbox 2279 1921 2442 1975; x_wconf 91' lang='lat' dir='ltr'><strong>modo</strong></span> <span class='ocrx_word' id='word_1_456' title='bbox 2469 1919 2555 1990; x_wconf 89' lang='lat' dir='ltr'><strong>pie</strong></span> <span class='ocrx_word' id='word_1_457' title='bbox 2585 1918 2742 1983; x_wconf 84' lang='lat' dir='ltr'><strong>vivit,</strong></span> <span class='ocrx_word' id='word_1_458' title='bbox 2786 1917 2880 1973; x_wconf 89' lang='lat' dir='ltr'><strong>sed</strong></span> <span class='ocrx_word' id='word_1_459' title='bbox 2913 1917 3077 1970; x_wconf 88' lang='lat' dir='ltr'><strong>etiam</strong></span> <span class='ocrx_word' id='word_1_460' title='bbox 3109 1929 3208 1984; x_wconf 93' lang='lat' dir='ltr'><strong>pro</strong></span> <span class='ocrx_word' id='word_1_461' title='bbox 3259 1912 3462 1983; x_wconf 85' lang='lat' dir='ltr'><strong>pietate</strong></span> 
     </span>
    </p>
   </div>
   <div class='ocr_carea' id='block_1_65' title="bbox 1874 2005 3462 2085">
    <p class='ocr_par' dir='ltr' id='par_1_65' title="bbox 1874 2005 3462 2085">
     <span class='ocr_line' id='line_1_65' title="bbox 1874 2005 3462 2085; baseline -0.008 -16"><span class='ocrx_word' id='word_1_462' title='bbox 1874 2023 2103 2085; x_wconf 81' lang='lat' dir='ltr'><strong>pugnat,</strong></span> <span class='ocrx_word' id='word_1_463' title='bbox 2139 2015 2459 2082; x_wconf 89' lang='lat' dir='ltr'><strong>multosque</strong></span> <span class='ocrx_word' id='word_1_464' title='bbox 2486 2019 2736 2065; x_wconf 88' lang='lat' dir='ltr'><strong>errantes</strong></span> <span class='ocrx_word' id='word_1_465' title='bbox 2773 2008 2842 2063; x_wconf 88' lang='lat' dir='ltr'><strong>ad</strong></span> <span class='ocrx_word' id='word_1_466' title='bbox 2875 2023 3066 2062; x_wconf 85' lang='lat' dir='ltr'><strong>verum</strong></span> <span class='ocrx_word' id='word_1_467' title='bbox 3110 2005 3282 2060; x_wconf 92' lang='lat' dir='ltr'><strong>Deum</strong></span> <span class='ocrx_word' id='word_1_468' title='bbox 3325 2017 3462 2057; x_wconf 87' lang='lat' dir='ltr'><strong>con-</strong></span> 
     </span>
    </p>
   </div>
   <div class='ocr_carea' id='block_1_66' title="bbox 1877 2097 3464 2175">
    <p class='ocr_par' dir='ltr' id='par_1_66' title="bbox 1877 2097 3464 2175">
     <span class='ocr_line' id='line_1_66' title="bbox 1877 2097 3464 2175; baseline -0.006 -13"><span class='ocrx_word' id='word_1_469' title='bbox 1877 2110 2060 2163; x_wconf 89' lang='lat' dir='ltr'><strong>vertit.</strong></span> <span class='ocrx_word' id='word_1_470' title='bbox 2114 2105 2346 2174; x_wconf 82' lang='lat' dir='ltr'><strong>Quando</strong></span> <span class='ocrx_word' id='word_1_471' title='bbox 2402 2105 2568 2175; x_wconf 86' lang='lat' dir='ltr'><strong>igitur</strong></span> <span class='ocrx_word' id='word_1_472' title='bbox 2623 2113 2676 2158; x_wconf 90' lang='lat' dir='ltr'><strong>et</strong></span> <span class='ocrx_word' id='word_1_473' title='bbox 2730 2101 2964 2174; x_wconf 85' lang='lat' dir='ltr'><strong>gratiam</strong></span> <span class='ocrx_word' id='word_1_474' title='bbox 3032 2097 3464 2175; x_wconf 83' lang='lat' dir='ltr'><strong>suscipientibus</strong></span> 
     </span>
    </p>
   </div>
   <div class='ocr_carea' id='block_1_67' title="bbox 1877 2193 3464 2258">
    <p class='ocr_par' dir='ltr' id='par_1_67' title="bbox 1877 2193 3464 2258">
     <span class='ocr_line' id='line_1_67' title="bbox 1877 2193 3464 2258; baseline -0.005 -4"><span class='ocrx_word' id='word_1_475' title='bbox 1877 2200 2016 2255; x_wconf 86' lang='lat' dir='ltr'><strong>nihil</strong></span> <span class='ocrx_word' id='word_1_476' title='bbox 2069 2198 2374 2255; x_wconf 89' lang='lat' dir='ltr'><strong>secundum</strong></span> <span class='ocrx_word' id='word_1_477' title='bbox 2429 2197 2670 2252; x_wconf 88' lang='lat' dir='ltr'><strong>animam</strong></span> <span class='ocrx_word' id='word_1_478' title='bbox 2718 2206 2804 2252; x_wconf 89' lang='lat' dir='ltr'><strong>est</strong></span> <span class='ocrx_word' id='word_1_479' title='bbox 2863 2194 3054 2250; x_wconf 89' lang='lat' dir='ltr'><strong>utilius</strong></span> <span class='ocrx_word' id='word_1_480' title='bbox 3101 2193 3370 2258; x_wconf 81' lang='lat' dir='ltr'><strong>futurum,</strong></span> <span class='ocrx_word' id='word_1_481' title='bbox 3409 2202 3464 2246; x_wconf 88' lang='lat' dir='ltr'><strong>et</strong></span> 
     </span>
    </p>
   </div>
   <div class='ocr_carea' id='block_1_68' title="bbox 1877 2289 3464 2366">
    <p class='ocr_par' dir='ltr' id='par_1_68' title="bbox 1877 2289 3464 2366">
     <span class='ocr_line' id='line_1_68' title="bbox 1877 2289 3464 2366; baseline -0.004 -18"><span class='ocrx_word' id='word_1_482' title='bbox 1877 2297 1970 2366; x_wconf 89' lang='lat' dir='ltr'><strong>qni</strong></span> <span class='ocrx_word' id='word_1_483' title='bbox 2017 2295 2272 2365; x_wconf 88' lang='lat' dir='ltr'><strong>pietatem</strong></span> <span class='ocrx_word' id='word_1_484' title='bbox 2307 2308 2404 2363; x_wconf 89' lang='lat' dir='ltr'><strong>per</strong></span> <span class='ocrx_word' id='word_1_485' title='bbox 2454 2292 2577 2347; x_wconf 90' lang='lat' dir='ltr'><strong>illos</strong></span> <span class='ocrx_word' id='word_1_486' title='bbox 2621 2291 2803 2346; x_wconf 86' lang='lat' dir='ltr'><strong>colere</strong></span> <span class='ocrx_word' id='word_1_487' title='bbox 2831 2290 3192 2359; x_wconf 62' lang='lat' dir='ltr'><strong>incoeperant,</strong></span> <span class='ocrx_word' id='word_1_488' title='bbox 3223 2289 3277 2343; x_wconf 90' lang='lat' dir='ltr'><strong>in</strong></span> <span class='ocrx_word' id='word_1_489' title='bbox 3313 2302 3464 2342; x_wconf 84' lang='lat' dir='ltr'><strong>sum-</strong></span> 
     </span>
    </p>
   </div>
   <div class='ocr_carea' id='block_1_69' title="bbox 1881 2379 3464 2456">
    <p class='ocr_par' dir='ltr' id='par_1_69' title="bbox 1881 2379 3464 2456">
     <span class='ocr_line' id='line_1_69' title="bbox 1881 2379 3464 2456; baseline -0.006 -14"><span class='ocrx_word' id='word_1_490' title='bbox 1881 2405 2030 2442; x_wconf 89' lang='lat' dir='ltr'><strong>mum</strong></span> <span class='ocrx_word' id='word_1_491' title='bbox 2067 2388 2294 2448; x_wconf 89' lang='lat' dir='ltr'><strong>malum,</strong></span> <span class='ocrx_word' id='word_1_492' title='bbox 2324 2385 2506 2456; x_wconf 86' lang='lat' dir='ltr'><strong>qualis</strong></span> <span class='ocrx_word' id='word_1_493' title='bbox 2542 2384 2794 2454; x_wconf 82' lang='lat' dir='ltr'><strong>impietas</strong></span> <span class='ocrx_word' id='word_1_494' title='bbox 2827 2391 2932 2446; x_wconf 89' lang='lat' dir='ltr'><strong>est,</strong></span> <span class='ocrx_word' id='word_1_495' title='bbox 2971 2383 3169 2436; x_wconf 90' lang='lat' dir='ltr'><strong>iterum</strong></span> <span class='ocrx_word' id='word_1_496' title='bbox 3213 2389 3342 2436; x_wconf 90' lang='lat' dir='ltr'><strong>sunt</strong></span> <span class='ocrx_word' id='word_1_497' title='bbox 3382 2379 3464 2432; x_wconf 87' lang='lat' dir='ltr'><strong>la-</strong></span> 
     </span>
    </p>
   </div>
   <div class='ocr_carea' id='block_1_70' title="bbox 1881 2472 3462 2554">
    <p class='ocr_par' dir='ltr' id='par_1_70' title="bbox 1881 2472 3462 2554">
     <span class='ocr_line' id='line_1_70' title="bbox 1881 2472 3462 2554; baseline -0.008 -18"><span class='ocrx_word' id='word_1_498' title='bbox 1881 2481 2073 2554; x_wconf 88' lang='lat' dir='ltr'><strong>psuri;</strong></span> <span class='ocrx_word' id='word_1_499' title='bbox 2118 2485 2329 2551; x_wconf 88' lang='lat' dir='ltr'><strong>quanto</strong></span> <span class='ocrx_word' id='word_1_500' title='bbox 2369 2476 2566 2532; x_wconf 89' lang='lat' dir='ltr'><strong>melius</strong></span> <span class='ocrx_word' id='word_1_501' title='bbox 2605 2477 2709 2530; x_wconf 91' lang='lat' dir='ltr'><strong>erit</strong></span> <span class='ocrx_word' id='word_1_502' title='bbox 2756 2475 2920 2530; x_wconf 90' lang='lat' dir='ltr'><strong>Israel</strong></span> <span class='ocrx_word' id='word_1_503' title='bbox 2945 2490 2976 2528; x_wconf 92' lang='lat' dir='ltr'><strong>e</strong></span> <span class='ocrx_word' id='word_1_504' title='bbox 3003 2472 3317 2544; x_wconf 88' lang='lat' dir='ltr'><strong>captivitate</strong></span> <span class='ocrx_word' id='word_1_505' title='bbox 3352 2485 3462 2525; x_wconf 92' lang='lat' dir='ltr'><strong>non</strong></span> 
     </span>
    </p>
   </div>
   <div class='ocr_carea' id='block_1_71' title="bbox 1881 2562 3469 2640">
    <p class='ocr_par' dir='ltr' id='par_1_71' title="bbox 1881 2562 3469 2640">
     <span class='ocr_line' id='line_1_71' title="bbox 1881 2562 3469 2640; baseline -0.009 -10"><span class='ocrx_word' id='word_1_506' title='bbox 1881 2576 2164 2638; x_wconf 86' lang='lat' dir='ltr'><strong>reducere,</strong></span> <span class='ocrx_word' id='word_1_507' title='bbox 2216 2581 2272 2626; x_wconf 91' lang='lat' dir='ltr'><strong>et</strong></span> <span class='ocrx_word' id='word_1_508' title='bbox 2311 2569 2379 2625; x_wconf 87' lang='lat' dir='ltr'><strong>ad</strong></span> <span class='ocrx_word' id='word_1_509' title='bbox 2412 2569 2667 2640; x_wconf 88' lang='lat' dir='ltr'><strong>pietatem</strong></span> <span class='ocrx_word' id='word_1_510' title='bbox 2709 2580 2986 2630; x_wconf 87' lang='lat' dir='ltr'><strong>reversos,</strong></span> <span class='ocrx_word' id='word_1_511' title='bbox 3030 2567 3083 2620; x_wconf 94' lang='lat' dir='ltr'><strong>in</strong></span> <span class='ocrx_word' id='word_1_512' title='bbox 3122 2564 3238 2634; x_wconf 91' lang='lat' dir='ltr'><strong>ipsa</strong></span> <span class='ocrx_word' id='word_1_513' title='bbox 3265 2562 3469 2633; x_wconf 89' lang='lat' dir='ltr'><strong>pietate</strong></span> 
     </span>
    </p>
   </div>
   <div class='ocr_carea' id='block_1_72' title="bbox 1882 2651 3467 2727">
    <p class='ocr_par' dir='ltr' id='par_1_72' title="bbox 1882 2651 3467 2727">
     <span class='ocr_line' id='line_1_72' title="bbox 1882 2651 3467 2727; baseline -0.01 -6"><span class='ocrx_word' id='word_1_514' title='bbox 1882 2660 2254 2722; x_wconf 82' lang='lat' dir='ltr'><strong>conservare?</strong></span> <span class='ocrx_word' id='word_1_515' title='bbox 2285 2658 2507 2723; x_wconf 76' lang='lat' dir='ltr'><strong>Missus,</strong></span> <span class='ocrx_word' id='word_1_516' title='bbox 2547 2655 2755 2727; x_wconf 91' lang='lat' dir='ltr'><strong>inquis,</strong></span> <span class='ocrx_word' id='word_1_517' title='bbox 2797 2669 2918 2710; x_wconf 88' lang='lat' dir='ltr'><strong>sum</strong></span> <span class='ocrx_word' id='word_1_518' title='bbox 2947 2653 3018 2708; x_wconf 86' lang='lat' dir='ltr'><strong>ad</strong></span> <span class='ocrx_word' id='word_1_519' title='bbox 3067 2651 3467 2708; x_wconf 89' lang='lat' dir='ltr'><strong>restituendum</strong></span> 
     </span>
    </p>
   </div>
   <div class='ocr_carea' id='block_1_73' title="bbox 1893 2742 3470 2827">
    <p class='ocr_par' dir='ltr' id='par_1_73' title="bbox 1893 2742 3470 2827">
     <span class='ocr_line' id='line_1_73' title="bbox 1893 2742 3470 2827; baseline -0.009 -17"><span class='ocrx_word' id='word_1_520' title='bbox 1893 2755 2150 2827; x_wconf 89' lang='lat' dir='ltr'><strong>p0pulum</strong></span> <span class='ocrx_word' id='word_1_521' title='bbox 2185 2753 2239 2807; x_wconf 92' lang='lat' dir='ltr'><strong>in</strong></span> <span class='ocrx_word' id='word_1_522' title='bbox 2271 2750 2545 2818; x_wconf 89' lang='lat' dir='ltr'><strong>patriam:</strong></span> <span class='ocrx_word' id='word_1_523' title='bbox 2571 2749 2623 2802; x_wconf 93' lang='lat' dir='ltr'><strong>in</strong></span> <span class='ocrx_word' id='word_1_524' title='bbox 2652 2761 2817 2818; x_wconf 90' lang='lat' dir='ltr'><strong>quam</strong></span> <span class='ocrx_word' id='word_1_525' title='bbox 2859 2744 3092 2815; x_wconf 86' lang='lat' dir='ltr'><strong>patriam</strong></span> <span class='ocrx_word' id='word_1_526' title='bbox 3124 2743 3148 2796; x_wconf 86' lang='lat'><strong>?</strong></span> <span class='ocrx_word' id='word_1_527' title='bbox 3187 2757 3354 2814; x_wconf 86' lang='lat' dir='ltr'><strong>quam</strong></span> <span class='ocrx_word' id='word_1_528' title='bbox 3386 2742 3470 2797; x_wconf 86' lang='lat' dir='ltr'><strong>in-</strong></span> 
     </span>
    </p>
   </div>
   <div class='ocr_carea' id='block_1_74' title="bbox 1888 2836 3474 2907">
    <p class='ocr_par' dir='ltr' id='par_1_74' title="bbox 1888 2836 3474 2907">
     <span class='ocr_line' id='line_1_74' title="bbox 1888 2836 3474 2907; baseline -0.006 -5"><span class='ocrx_word' id='word_1_529' title='bbox 1888 2849 2195 2903; x_wconf 86' lang='lat' dir='ltr'><strong>habitantes</strong></span> <span class='ocrx_word' id='word_1_530' title='bbox 2232 2844 2602 2907; x_wconf 85' lang='lat' dir='ltr'><strong>foedaverunt,</strong></span> <span class='ocrx_word' id='word_1_531' title='bbox 2635 2839 2976 2896; x_wconf 87' lang='lat' dir='ltr'><strong>daemonibus</strong></span> <span class='ocrx_word' id='word_1_532' title='bbox 3000 2836 3392 2902; x_wconf 84' lang='lat' dir='ltr'><strong>sacriﬁcantes,</strong></span> <span class='ocrx_word' id='word_1_533' title='bbox 3417 2847 3474 2892; x_wconf 83' lang='lat' dir='ltr'><strong>et</strong></span> 
     </span>
    </p>
   </div>
   <div class='ocr_carea' id='block_1_75' title="bbox 1889 2925 3473 2990">
    <p class='ocr_par' dir='ltr' id='par_1_75' title="bbox 1889 2925 3473 2990">
     <span class='ocr_line' id='line_1_75' title="bbox 1889 2925 3473 2990; baseline -0.006 0"><span class='ocrx_word' id='word_1_534' title='bbox 1889 2936 2068 2990; x_wconf 90' lang='lat' dir='ltr'><strong>idolis.</strong></span> <span class='ocrx_word' id='word_1_535' title='bbox 2102 2933 2217 2988; x_wconf 81' lang='lat' dir='ltr'><strong>Non</strong></span> <span class='ocrx_word' id='word_1_536' title='bbox 2247 2934 2363 2987; x_wconf 86' lang='lat' dir='ltr'><strong>haec</strong></span> <span class='ocrx_word' id='word_1_537' title='bbox 2387 2938 2613 2986; x_wconf 85' lang='lat' dir='ltr'><strong>accusat</strong></span> <span class='ocrx_word' id='word_1_538' title='bbox 2633 2928 2936 2984; x_wconf 80' lang='lat' dir='ltr'><strong>Jeremias:</strong></span> <span class='ocrx_word' id='word_1_539' title='bbox 2967 2925 3267 2982; x_wconf 86' lang='lat' dir='ltr'><strong>Secundum</strong></span> <span class='ocrx_word' id='word_1_540' title='bbox 3291 2941 3473 2980; x_wconf 86' lang='lat' dir='ltr'><strong>nume-</strong></span> 
     </span>
    </p>
   </div>
   <div class='ocr_carea' id='block_1_76' title="bbox 1889 3015 3474 3089">
    <p class='ocr_par' dir='ltr' id='par_1_76' title="bbox 1889 3015 3474 3089">
     <span class='ocr_line' id='line_1_76' title="bbox 1889 3015 3474 3089; baseline -0.008 -7"><span class='ocrx_word' id='word_1_541' title='bbox 1889 3044 2008 3082; x_wconf 84' lang='lat' dir='ltr'><strong>rum</strong></span> <span class='ocrx_word' id='word_1_542' title='bbox 2039 3027 2315 3080; x_wconf 81' lang='lat' dir='ltr'><strong>civitatum</strong></span> <span class='ocrx_word' id='word_1_543' title='bbox 2365 3035 2579 3078; x_wconf 83' lang='lat' dir='ltr'><strong>tuarum</strong></span> <span class='ocrx_word' id='word_1_544' title='bbox 2619 3029 2769 3076; x_wconf 86' lang='lat' dir='ltr'><strong>erant</strong></span> <span class='ocrx_word' id='word_1_545' title='bbox 2825 3021 2901 3073; x_wconf 86' lang='lat' dir='ltr'><strong>dii</strong></span> <span class='ocrx_word' id='word_1_546' title='bbox 2934 3019 3036 3084; x_wconf 83' lang='lat' dir='ltr'><strong>tui,</strong></span> <span class='ocrx_word' id='word_1_547' title='bbox 3077 3017 3248 3084; x_wconf 83' lang='lat' dir='ltr'><strong>Juda,</strong></span> <span class='ocrx_word' id='word_1_548' title='bbox 3275 3027 3324 3074; x_wconf 83' lang='lat' dir='ltr'><strong>et</strong></span> <span class='ocrx_word' id='word_1_549' title='bbox 3355 3015 3474 3089; x_wconf 71' lang='lat'><strong>(20)</strong></span> 
     </span>
    </p>
   </div>
   <div class='ocr_carea' id='block_1_77' title="bbox 1895 3111 3476 3182">
    <p class='ocr_par' dir='ltr' id='par_1_77' title="bbox 1895 3111 3476 3182">
     <span class='ocr_line' id='line_1_77' title="bbox 1895 3111 3476 3182; baseline -0.006 -6"><span class='ocrx_word' id='word_1_550' title='bbox 1895 3119 2181 3176; x_wconf 80' lang='lat' dir='ltr'><strong>secundum</strong></span> <span class='ocrx_word' id='word_1_551' title='bbox 2221 3132 2499 3171; x_wconf 85' lang='lat' dir='ltr'><strong>numerum</strong></span> <span class='ocrx_word' id='word_1_552' title='bbox 2521 3115 2726 3169; x_wconf 82' lang='lat' dir='ltr'><strong>viarum</strong></span> <span class='ocrx_word' id='word_1_553' title='bbox 2752 3122 2990 3178; x_wconf 87' lang='lat' dir='ltr'><strong>tuarum,</strong></span> <span class='ocrx_word' id='word_1_554' title='bbox 3018 3111 3342 3177; x_wconf 78' lang='lat' dir='ltr'><strong>Jerusalem,</strong></span> <span class='ocrx_word' id='word_1_555' title='bbox 3381 3129 3476 3182; x_wconf 81' lang='lat' dir='ltr'><strong>po—</strong></span> 
     </span>
    </p>
   </div>
   <div class='ocr_carea' id='block_1_78' title="bbox 1894 3203 3477 3278">
    <p class='ocr_par' dir='ltr' id='par_1_78' title="bbox 1894 3203 3477 3278">
     <span class='ocr_line' id='line_1_78' title="bbox 1894 3203 3477 3278; baseline -0.005 -11"><span class='ocrx_word' id='word_1_556' title='bbox 1894 3213 2051 3268; x_wconf 84' lang='lat' dir='ltr'><strong>suisti</strong></span> <span class='ocrx_word' id='word_1_557' title='bbox 2081 3227 2206 3265; x_wconf 84' lang='lat' dir='ltr'><strong>aras</strong></span> <span class='ocrx_word' id='word_1_558' title='bbox 2237 3208 2566 3278; x_wconf 79' lang='lat' dir='ltr'><strong>confusionis</strong></span> <span class='ocrx_word' id='word_1_559' title='bbox 2598 3206 2667 3258; x_wconf 86' lang='lat' dir='ltr'><strong>ad</strong></span> <span class='ocrx_word' id='word_1_560' title='bbox 2697 3205 2972 3260; x_wconf 81' lang='lat' dir='ltr'><strong>libandum</strong></span> <span class='ocrx_word' id='word_1_561' title='bbox 3001 3204 3137 3258; x_wconf 83' lang='lat' dir='ltr'><strong>Baal</strong></span> <span class='ocrx_word' id='word_1_562' title='bbox 3161 3203 3214 3258; x_wconf 78' lang='grc' dir='ltr'><strong>ά.</strong></span> <span class='ocrx_word' id='word_1_563' title='bbox 3242 3203 3477 3260; x_wconf 82' lang='lat' dir='ltr'><strong>lnﬁnitis</strong></span> 
     </span>
    </p>
   </div>
   <div class='ocr_carea' id='block_1_79' title="bbox 1895 3293 3479 3364">
    <p class='ocr_par' dir='ltr' id='par_1_79' title="bbox 1895 3293 3479 3364">
     <span class='ocr_line' id='line_1_79' title="bbox 1895 3293 3479 3364; baseline -0.008 -4"><span class='ocrx_word' id='word_1_564' title='bbox 1895 3314 2025 3360; x_wconf 90' lang='lat' dir='ltr'><strong>tunc</strong></span> <span class='ocrx_word' id='word_1_565' title='bbox 2053 3319 2085 3358; x_wconf 86' lang='lat' dir='ltr'><strong>a</strong></span> <span class='ocrx_word' id='word_1_566' title='bbox 2119 3303 2228 3358; x_wconf 88' lang='lat' dir='ltr'><strong>Deo</strong></span> <span class='ocrx_word' id='word_1_567' title='bbox 2272 3300 2650 3356; x_wconf 71' lang='lat' dir='ltr'><strong>adiciebantur</strong></span> <span class='ocrx_word' id='word_1_568' title='bbox 2691 3296 2873 3362; x_wconf 89' lang='lat' dir='ltr'><strong>bonis,</strong></span> <span class='ocrx_word' id='word_1_569' title='bbox 2901 3305 2957 3350; x_wconf 83' lang='lat' dir='ltr'><strong>et</strong></span> <span class='ocrx_word' id='word_1_570' title='bbox 2981 3310 3014 3349; x_wconf 89' lang='lat' dir='ltr'><strong>a</strong></span> <span class='ocrx_word' id='word_1_571' title='bbox 3044 3293 3255 3351; x_wconf 85' lang='lat' dir='ltr'><strong>malitia</strong></span> <span class='ocrx_word' id='word_1_572' title='bbox 3283 3294 3479 3364; x_wconf 82' lang='lat' dir='ltr'><strong>impie-</strong></span> 
     </span>
    </p>
   </div>
   <div class='ocr_carea' id='block_1_80' title="bbox 1901 3387 3482 3468">
    <p class='ocr_par' dir='ltr' id='par_1_80' title="bbox 1901 3387 3482 3468">
     <span class='ocr_line' id='line_1_80' title="bbox 1901 3387 3482 3468; baseline -0.008 -15"><span class='ocrx_word' id='word_1_573' title='bbox 1901 3408 2121 3468; x_wconf 88' lang='lat' dir='ltr'><strong>taleque</strong></span> <span class='ocrx_word' id='word_1_574' title='bbox 2172 3409 2281 3450; x_wconf 92' lang='lat' dir='ltr'><strong>non</strong></span> <span class='ocrx_word' id='word_1_575' title='bbox 2346 3399 2712 3447; x_wconf 87' lang='lat' dir='ltr'><strong>recesserunt.</strong></span> <span class='ocrx_word' id='word_1_576' title='bbox 2781 3387 2953 3442; x_wconf 86' lang='lat' dir='ltr'><strong>Multa</strong></span> <span class='ocrx_word' id='word_1_577' title='bbox 3013 3403 3162 3443; x_wconf 90' lang='lat' dir='ltr'><strong>nunc</strong></span> <span class='ocrx_word' id='word_1_578' title='bbox 3209 3388 3482 3444; x_wconf 87' lang='lat' dir='ltr'><strong>sustinent</strong></span> 
     </span>
    </p>
   </div>
   <div class='ocr_carea' id='block_1_81' title="bbox 1897 3480 3482 3553">
    <p class='ocr_par' dir='ltr' id='par_1_81' title="bbox 1897 3480 3482 3553">
     <span class='ocr_line' id='line_1_81' title="bbox 1897 3480 3482 3553; baseline -0.006 -8"><span class='ocrx_word' id='word_1_579' title='bbox 1897 3491 2062 3553; x_wconf 84' lang='lat' dir='ltr'><strong>mala,</strong></span> <span class='ocrx_word' id='word_1_580' title='bbox 2094 3498 2149 3544; x_wconf 94' lang='lat' dir='ltr'><strong>et</strong></span> <span class='ocrx_word' id='word_1_581' title='bbox 2176 3503 2206 3542; x_wconf 91' lang='lat' dir='ltr'><strong>a</strong></span> <span class='ocrx_word' id='word_1_582' title='bbox 2241 3487 2353 3540; x_wconf 92' lang='lat' dir='ltr'><strong>Deo</strong></span> <span class='ocrx_word' id='word_1_583' title='bbox 2396 3500 2506 3539; x_wconf 88' lang='lat' dir='ltr'><strong>non</strong></span> <span class='ocrx_word' id='word_1_584' title='bbox 2544 3483 2823 3538; x_wconf 86' lang='lat' dir='ltr'><strong>recedunt.</strong></span> <span class='ocrx_word' id='word_1_585' title='bbox 2859 3480 3016 3548; x_wconf 85' lang='lat' dir='ltr'><strong>Quod</strong></span> <span class='ocrx_word' id='word_1_586' title='bbox 3048 3480 3218 3552; x_wconf 87' lang='lat' dir='ltr'><strong>igitur</strong></span> <span class='ocrx_word' id='word_1_587' title='bbox 3270 3480 3482 3536; x_wconf 91' lang='lat' dir='ltr'><strong>reditus</strong></span> 
     </span>
    </p>
   </div>
   <div class='ocr_carea' id='block_1_82' title="bbox 1897 3571 3478 3645">
    <p class='ocr_par' dir='ltr' id='par_1_82' title="bbox 1897 3571 3478 3645">
     <span class='ocr_line' id='line_1_82' title="bbox 1897 3571 3478 3645; baseline -0.006 -9"><span class='ocrx_word' id='word_1_588' title='bbox 1897 3583 2000 3636; x_wconf 82' lang='lat' dir='ltr'><strong>erit</strong></span> <span class='ocrx_word' id='word_1_589' title='bbox 2032 3577 2515 3635; x_wconf 87' lang='lat' dir='ltr'><strong>emolumentum?</strong></span> <span class='ocrx_word' id='word_1_590' title='bbox 2561 3573 2693 3629; x_wconf 84' lang='lat' dir='ltr'><strong>Erat</strong></span> <span class='ocrx_word' id='word_1_591' title='bbox 2740 3575 2905 3645; x_wconf 80' lang='lat' dir='ltr'><strong>igitur</strong></span> <span class='ocrx_word' id='word_1_592' title='bbox 2940 3573 3121 3642; x_wconf 81' lang='lat' dir='ltr'><strong>angeli</strong></span> <span class='ocrx_word' id='word_1_593' title='bbox 3177 3571 3478 3634; x_wconf 87' lang='lat' dir='ltr'><strong>contentio.</strong></span> 
     </span>
    </p>
   </div>
   <div class='ocr_carea' id='block_1_83' title="bbox 1899 3664 3478 3736">
    <p class='ocr_par' dir='ltr' id='par_1_83' title="bbox 1899 3664 3478 3736">
     <span class='ocr_line' id='line_1_83' title="bbox 1899 3664 3478 3736; baseline -0.007 -6"><span class='ocrx_word' id='word_1_594' title='bbox 1899 3693 2007 3732; x_wconf 90' lang='lat' dir='ltr'><strong>non</strong></span> <span class='ocrx_word' id='word_1_595' title='bbox 2042 3673 2168 3728; x_wconf 86' lang='lat' dir='ltr'><strong>mali</strong></span> <span class='ocrx_word' id='word_1_596' title='bbox 2213 3672 2490 3726; x_wconf 88' lang='lat' dir='ltr'><strong>adversus</strong></span> <span class='ocrx_word' id='word_1_597' title='bbox 2543 3667 2748 3722; x_wconf 89' lang='lat' dir='ltr'><strong>bonum</strong></span> <span class='ocrx_word' id='word_1_598' title='bbox 2797 3666 2931 3736; x_wconf 88' lang='lat' dir='ltr'><strong>(non</strong></span> <span class='ocrx_word' id='word_1_599' title='bbox 2975 3664 3121 3719; x_wconf 91' lang='lat' dir='ltr'><strong>enim</strong></span> <span class='ocrx_word' id='word_1_600' title='bbox 3158 3664 3297 3718; x_wconf 67' lang='lat' dir='ltr'><strong>dixit</strong></span> <span class='ocrx_word' id='word_1_601' title='bbox 3329 3664 3478 3719; x_wconf 87' lang='lat' dir='ltr'><strong>Scri-</strong></span> 
     </span>
    </p>
   </div>
   <div class='ocr_carea' id='block_1_84' title="bbox 1899 3754 3484 3838">
    <p class='ocr_par' dir='ltr' id='par_1_84' title="bbox 1899 3754 3484 3838">
     <span class='ocr_line' id='line_1_84' title="bbox 1899 3754 3484 3838; baseline -0.007 -17"><span class='ocrx_word' id='word_1_602' title='bbox 1899 3778 2078 3838; x_wconf 86' lang='lat' dir='ltr'><strong>ptura,</strong></span> <span class='ocrx_word' id='word_1_603' title='bbox 2109 3763 2391 3834; x_wconf 85' lang='lat' dir='ltr'><strong>pugnavit,</strong></span> <span class='ocrx_word' id='word_1_604' title='bbox 2431 3759 2547 3824; x_wconf 88' lang='lat' dir='ltr'><strong>sed,</strong></span> <span class='ocrx_word' id='word_1_605' title='bbox 2592 3759 2805 3812; x_wconf 82' lang='lat' dir='ltr'><strong>restitit.</strong></span> <span class='ocrx_word' id='word_1_606' title='bbox 2846 3756 3058 3811; x_wconf 88' lang='lat' dir='ltr'><strong>Etenim</strong></span> <span class='ocrx_word' id='word_1_607' title='bbox 3103 3769 3247 3825; x_wconf 72' lang='lat' dir='ltr'><strong>saepe</strong></span> <span class='ocrx_word' id='word_1_608' title='bbox 3276 3754 3484 3812; x_wconf 83' lang='lat' dir='ltr'><strong>resistit</strong></span> 
     </span>
    </p>
   </div>
   <div class='ocr_carea' id='block_1_85' title="bbox 1897 3847 3482 3931">
    <p class='ocr_par' dir='ltr' id='par_1_85' title="bbox 1897 3847 3482 3931">
     <span class='ocr_line' id='line_1_85' title="bbox 1897 3847 3482 3931; baseline -0.009 -16"><span class='ocrx_word' id='word_1_609' title='bbox 1897 3862 2082 3931; x_wconf 85' lang='lat' dir='ltr'><strong>justus</strong></span> <span class='ocrx_word' id='word_1_610' title='bbox 2129 3859 2293 3921; x_wconf 90' lang='lat' dir='ltr'><strong>bono,</strong></span> <span class='ocrx_word' id='word_1_611' title='bbox 2346 3864 2404 3908; x_wconf 93' lang='lat' dir='ltr'><strong>ut</strong></span> <span class='ocrx_word' id='word_1_612' title='bbox 2454 3867 2598 3922; x_wconf 85' lang='lat' dir='ltr'><strong>saepe</strong></span> <span class='ocrx_word' id='word_1_613' title='bbox 2639 3852 2741 3920; x_wconf 84' lang='lat' dir='ltr'><strong>legi</strong></span> <span class='ocrx_word' id='word_1_614' title='bbox 2782 3849 3097 3912; x_wconf 86' lang='lat' dir='ltr'><strong>clementia,</strong></span> <span class='ocrx_word' id='word_1_615' title='bbox 3157 3857 3212 3904; x_wconf 87' lang='lat' dir='ltr'><strong>et</strong></span> <span class='ocrx_word' id='word_1_616' title='bbox 3241 3847 3482 3904; x_wconf 85' lang='lat' dir='ltr'><strong>vicissim</strong></span> 
     </span>
    </p>
   </div>
   <div class='ocr_carea' id='block_1_86' title="bbox 1901 3941 3484 4016">
    <p class='ocr_par' dir='ltr' id='par_1_86' title="bbox 1901 3941 3484 4016">
     <span class='ocr_line' id='line_1_86' title="bbox 1901 3941 3484 4016; baseline -0.008 -8"><span class='ocrx_word' id='word_1_617' title='bbox 1901 3951 2208 4008; x_wconf 75' lang='lat' dir='ltr'><strong>clementiae</strong></span> <span class='ocrx_word' id='word_1_618' title='bbox 2236 3949 2342 4004; x_wconf 88' lang='lat' dir='ltr'><strong>lex.</strong></span> <span class='ocrx_word' id='word_1_619' title='bbox 2374 3946 2484 4002; x_wconf 77' lang='lat' dir='ltr'><strong>Lex</strong></span> <span class='ocrx_word' id='word_1_620' title='bbox 2529 3957 2846 4016; x_wconf 88' lang='lat' dir='ltr'><strong>peccantem</strong></span> <span class='ocrx_word' id='word_1_621' title='bbox 2895 3945 3148 4014; x_wconf 87' lang='lat' dir='ltr'><strong>castigat,</strong></span> <span class='ocrx_word' id='word_1_622' title='bbox 3194 3941 3484 3998; x_wconf 90' lang='lat' dir='ltr'><strong>clementia</strong></span> 
     </span>
    </p>
   </div>
   <div class='ocr_carea' id='block_1_87' title="bbox 1905 4034 3486 4113">
    <p class='ocr_par' dir='ltr' id='par_1_87' title="bbox 1905 4034 3486 4113">
     <span class='ocr_line' id='line_1_87' title="bbox 1905 4034 3486 4113; baseline -0.006 -17"><span class='ocrx_word' id='word_1_623' title='bbox 1905 4059 2036 4100; x_wconf 89' lang='lat' dir='ltr'><strong>vero</strong></span> <span class='ocrx_word' id='word_1_624' title='bbox 2085 4041 2231 4113; x_wconf 85' lang='lat' dir='ltr'><strong>regis</strong></span> <span class='ocrx_word' id='word_1_625' title='bbox 2259 4055 2392 4110; x_wconf 90' lang='lat' dir='ltr'><strong>erga</strong></span> <span class='ocrx_word' id='word_1_626' title='bbox 2442 4049 2757 4108; x_wconf 89' lang='lat' dir='ltr'><strong>peccantem</strong></span> <span class='ocrx_word' id='word_1_627' title='bbox 2793 4034 3273 4090; x_wconf 88' lang='lat' dir='ltr'><strong>commiseratione</strong></span> <span class='ocrx_word' id='word_1_628' title='bbox 3316 4047 3486 4104; x_wconf 62' lang='lat' dir='ltr'><strong>saepe-</strong></span> 
     </span>
    </p>
   </div>
   <div class='ocr_carea' id='block_1_88' title="bbox 1904 4123 3486 4197">
    <p class='ocr_par' dir='ltr' id='par_1_88' title="bbox 1904 4123 3486 4197">
     <span class='ocr_line' id='line_1_88' title="bbox 1904 4123 3486 4197; baseline -0.01 -5"><span class='ocrx_word' id='word_1_629' title='bbox 1904 4149 2138 4192; x_wconf 89' lang='lat' dir='ltr'><strong>numero</strong></span> <span class='ocrx_word' id='word_1_630' title='bbox 2165 4137 2436 4195; x_wconf 87' lang='lat' dir='ltr'><strong>movetur,</strong></span> <span class='ocrx_word' id='word_1_631' title='bbox 2474 4139 2529 4183; x_wconf 91' lang='lat' dir='ltr'><strong>et</strong></span> <span class='ocrx_word' id='word_1_632' title='bbox 2558 4143 2587 4181; x_wconf 94' lang='lat' dir='ltr'><strong>a</strong></span> <span class='ocrx_word' id='word_1_633' title='bbox 2617 4125 2794 4197; x_wconf 72' lang='lat' dir='ltr'><strong>poenis</strong></span> <span class='ocrx_word' id='word_1_634' title='bbox 2824 4125 3038 4182; x_wconf 81' lang='lat' dir='ltr'><strong>liberat.</strong></span> <span class='ocrx_word' id='word_1_635' title='bbox 3068 4123 3169 4180; x_wconf 84' lang='lat' dir='ltr'><strong>Hic</strong></span> <span class='ocrx_word' id='word_1_636' title='bbox 3196 4124 3365 4194; x_wconf 84' lang='lat' dir='ltr'><strong>igitur</strong></span> <span class='ocrx_word' id='word_1_637' title='bbox 3382 4138 3486 4193; x_wconf 90' lang='lat' dir='ltr'><strong>pu-</strong></span> 
     </span>
    </p>
   </div>
   <div class='ocr_carea' id='block_1_89' title="bbox 1911 4214 3496 4299">
    <p class='ocr_par' dir='ltr' id='par_1_89' title="bbox 1911 4214 3496 4299">
     <span class='ocr_line' id='line_1_89' title="bbox 1911 4214 3496 4299; baseline -0.01 -16"><span class='ocrx_word' id='word_1_638' title='bbox 1911 4244 2016 4299; x_wconf 86' lang='lat' dir='ltr'><strong>gna</strong></span> <span class='ocrx_word' id='word_1_639' title='bbox 2042 4242 2152 4282; x_wconf 90' lang='lat' dir='ltr'><strong>non</strong></span> <span class='ocrx_word' id='word_1_640' title='bbox 2179 4221 2485 4280; x_wconf 87' lang='lat' dir='ltr'><strong>adversarii</strong></span> <span class='ocrx_word' id='word_1_641' title='bbox 2509 4229 2703 4275; x_wconf 90' lang='lat' dir='ltr'><strong>contra</strong></span> <span class='ocrx_word' id='word_1_642' title='bbox 2732 4217 3134 4281; x_wconf 87' lang='lat' dir='ltr'><strong>adversarium,</strong></span> <span class='ocrx_word' id='word_1_643' title='bbox 3159 4215 3253 4271; x_wconf 87' lang='lat' dir='ltr'><strong>sed</strong></span> <span class='ocrx_word' id='word_1_644' title='bbox 3267 4214 3496 4285; x_wconf 78' lang='lat' dir='ltr'><strong>cognati.</strong></span> 
     </span>
    </p>
   </div>
   <div class='ocr_carea' id='block_1_90' title="bbox 1905 4305 3488 4387">
    <p class='ocr_par' dir='ltr' id='par_1_90' title="bbox 1905 4305 3488 4387">
     <span class='ocr_line' id='line_1_90' title="bbox 1905 4305 3488 4387; baseline -0.011 -11"><span class='ocrx_word' id='word_1_645' title='bbox 1905 4329 2099 4378; x_wconf 88' lang='lat' dir='ltr'><strong>contra</strong></span> <span class='ocrx_word' id='word_1_646' title='bbox 2131 4324 2648 4387; x_wconf 88' lang='lat' dir='ltr'><strong>cognatum,neque</strong></span> <span class='ocrx_word' id='word_1_647' title='bbox 2665 4311 2814 4365; x_wconf 89' lang='lat' dir='ltr'><strong>enim</strong></span> <span class='ocrx_word' id='word_1_648' title='bbox 2831 4307 3054 4380; x_wconf 81' lang='lat' dir='ltr'><strong>justitia</strong></span> <span class='ocrx_word' id='word_1_649' title='bbox 3085 4316 3240 4362; x_wconf 74' lang='lat' dir='ltr'><strong>extra</strong></span> <span class='ocrx_word' id='word_1_650' title='bbox 3271 4305 3488 4362; x_wconf 89' lang='lat' dir='ltr'><strong>bonita-</strong></span> 
     </span>
    </p>
   </div>
   <div class='ocr_carea' id='block_1_91' title="bbox 1909 4398 3480 4480">
    <p class='ocr_par' dir='ltr' id='par_1_91' title="bbox 1909 4398 3480 4480">
     <span class='ocr_line' id='line_1_91' title="bbox 1909 4398 3480 4480; baseline -0.011 -12"><span class='ocrx_word' id='word_1_651' title='bbox 1909 4423 2038 4476; x_wconf 89' lang='lat' dir='ltr'><strong>tem,</strong></span> <span class='ocrx_word' id='word_1_652' title='bbox 2057 4424 2233 4480; x_wconf 90' lang='lat' dir='ltr'><strong>neque</strong></span> <span class='ocrx_word' id='word_1_653' title='bbox 2254 4406 2468 4463; x_wconf 91' lang='lat' dir='ltr'><strong>bonitas</strong></span> <span class='ocrx_word' id='word_1_654' title='bbox 2492 4403 2697 4472; x_wconf 88' lang='lat' dir='ltr'><strong>absque</strong></span> <span class='ocrx_word' id='word_1_655' title='bbox 2711 4402 2923 4472; x_wconf 74' lang='lat' dir='ltr'><strong>iustitia</strong></span> <span class='ocrx_word' id='word_1_656' title='bbox 2940 4400 3231 4456; x_wconf 89' lang='lat' dir='ltr'><strong>invenitur.</strong></span> <span class='ocrx_word' id='word_1_657' title='bbox 3251 4398 3480 4453; x_wconf 80' lang='lat' dir='ltr'><strong>Creatu-</strong></span> 
     </span>
    </p>
   </div>
   <div class='ocr_carea' id='block_1_92' title="bbox 203 4515 1785 4608">
    <p class='ocr_par' dir='ltr' id='par_1_92' title="bbox 203 4515 1785 4608">
     <span class='ocr_line' id='line_1_92' title="bbox 203 4515 1785 4608; baseline -0.001 -18"><span class='ocrx_word' id='word_1_658' title='bbox 203 4539 317 4594; x_wconf 61' lang='lat'><strong>633‘</strong></span> <span class='ocrx_word' id='word_1_659' title='bbox 354 4538 685 4592; x_wconf 83' lang='grc' dir='ltr'>ἀνθίστατο.</span> <span class='ocrx_word' id='word_1_660' title='bbox 703 4515 820 4590; x_wconf 65' lang='grc' dir='ltr'><strong>Καὶ</strong></span> <span class='ocrx_word' id='word_1_661' title='bbox 849 4539 960 4608; x_wconf 86' lang='grc' dir='ltr'><strong>γάρ</strong></span> <span class='ocrx_word' id='word_1_662' title='bbox 1013 4540 1131 4590; x_wconf 83' lang='grc' dir='ltr'>ἐστι</span> <span class='ocrx_word' id='word_1_663' title='bbox 1180 4538 1440 4601; x_wconf 87' lang='grc' dir='ltr'>πολλάκις</span> <span class='ocrx_word' id='word_1_664' title='bbox 1485 4537 1785 4595; x_wconf 74' lang='grc' dir='ltr'>ἀντίστασις</span> 
     </span>
    </p>
   </div>
   <div class='ocr_carea' id='block_1_93' title="bbox 1889 4515 3489 4608">
    <p class='ocr_par' dir='ltr' id='par_1_93' title="bbox 1913 4515 3489 4598">
     <span class='ocr_line' id='line_1_93' title="bbox 1913 4515 3489 4598; baseline -0.01 -16"><span class='ocrx_word' id='word_1_665' title='bbox 1913 4545 1968 4582; x_wconf 91' lang='lat' dir='ltr'><strong>ra</strong></span> <span class='ocrx_word' id='word_1_666' title='bbox 1987 4525 2203 4598; x_wconf 85' lang='lat' dir='ltr'><strong>,inquit,</strong></span> <span class='ocrx_word' id='word_1_667' title='bbox 2224 4523 2498 4578; x_wconf 87' lang='lat' dir='ltr'><strong>utdictum</strong></span> <span class='ocrx_word' id='word_1_668' title='bbox 2515 4517 3135 4583; x_wconf 84' lang='lat' dir='ltr'><strong>est,molestelerenteet</strong></span> <span class='ocrx_word' id='word_1_669' title='bbox 3151 4515 3489 4585; x_wconf 87' lang='lat' dir='ltr'><strong>indignante,</strong></span> 
     </span>
    </p>
   </div>
   <div class='ocr_carea' id='block_1_94' title="bbox 205 4628 1805 4702">
    <p class='ocr_par' dir='ltr' id='par_1_94' title="bbox 205 4628 1805 4702">
     <span class='ocr_line' id='line_1_94' title="bbox 205 4628 1805 4702; baseline 0.003 -22"><span class='ocrx_word' id='word_1_670' title='bbox 205 4628 428 4684; x_wconf 76' lang='grc' dir='ltr'>δικαίου</span> <span class='ocrx_word' id='word_1_671' title='bbox 461 4629 600 4699; x_wconf 76' lang='grc' dir='ltr'>πρὸς</span> <span class='ocrx_word' id='word_1_672' title='bbox 637 4629 864 4697; x_wconf 81' lang='grc' dir='ltr'>ἀγαθόν,</span> <span class='ocrx_word' id='word_1_673' title='bbox 895 4629 972 4693; x_wconf 88' lang='grc' dir='ltr'>ὼς</span> <span class='ocrx_word' id='word_1_674' title='bbox 1000 4629 1326 4684; x_wconf 84' lang='grc' dir='ltr'>ἀνθίσταται</span> <span class='ocrx_word' id='word_1_675' title='bbox 1357 4631 1624 4697; x_wconf 85' lang='grc' dir='ltr'>πολλάκις</span> <span class='ocrx_word' id='word_1_676' title='bbox 1654 4633 1805 4702; x_wconf 84' lang='grc' dir='ltr'>νόμῳ</span> 
     </span>
    </p>
   </div>
   <div class='ocr_carea' id='block_1_95' title="bbox 209 4721 1806 4794">
    <p class='ocr_par' dir='ltr' id='par_1_95' title="bbox 209 4721 1806 4794">
     <span class='ocr_line' id='line_1_95' title="bbox 209 4721 1806 4794; baseline 0.002 -21"><span class='ocrx_word' id='word_1_677' title='bbox 209 4722 608 4792; x_wconf 73' lang='grc' dir='ltr'>φιλανθρωπία</span> <span class='ocrx_word' id='word_1_678' title='bbox 655 4723 750 4774; x_wconf 71' lang='grc' dir='ltr'><strong>καὶ</strong></span> <span class='ocrx_word' id='word_1_679' title='bbox 787 4721 1174 4794; x_wconf 76' lang='grc' dir='ltr'>φιλανθρωπίᾳ</span> <span class='ocrx_word' id='word_1_680' title='bbox 1205 4723 1388 4794; x_wconf 85' lang='grc' dir='ltr'>νόμος.</span> <span class='ocrx_word' id='word_1_681' title='bbox 1433 4723 1495 4777; x_wconf 89' lang='grc' dir='ltr'>Ὁ</span> <span class='ocrx_word' id='word_1_682' title='bbox 1527 4725 1692 4794; x_wconf 83' lang='grc' dir='ltr'>νόμος</span> <span class='ocrx_word' id='word_1_683' title='bbox 1714 4725 1806 4777; x_wconf 85' lang='grc' dir='ltr'><strong>τὸν</strong></span> 
     </span>
    </p>
   </div>
   <div class='ocr_carea' id='block_1_96' title="bbox 211 4811 1809 4884">
    <p class='ocr_par' dir='ltr' id='par_1_96' title="bbox 211 4811 1809 4884">
     <span class='ocr_line' id='line_1_96' title="bbox 211 4811 1809 4884; baseline 0.003 -21"><span class='ocrx_word' id='word_1_684' title='bbox 211 4811 626 4882; x_wconf 81' lang='grc' dir='ltr'>ἁμαρτήσαντα</span> <span class='ocrx_word' id='word_1_685' title='bbox 659 4811 875 4875; x_wconf 80' lang='grc' dir='ltr'>κολάζει</span> <span class='ocrx_word' id='word_1_686' title='bbox 895 4825 911 4838; x_wconf 78' lang='grc'>⁸</span> <span class='ocrx_word' id='word_1_687' title='bbox 943 4812 1328 4884; x_wconf 81' lang='grc' dir='ltr'>φιλανθρωπία</span> <span class='ocrx_word' id='word_1_688' title='bbox 1359 4814 1621 4878; x_wconf 83' lang='grc' dir='ltr'>πολλάκις</span> <span class='ocrx_word' id='word_1_689' title='bbox 1651 4814 1809 4883; x_wconf 87' lang='grc' dir='ltr'>βασι-</span> 
     </span>
    </p>
   </div>
   <div class='ocr_carea' id='block_1_97' title="bbox 213 4900 1810 4978">
    <p class='ocr_par' dir='ltr' id='par_1_97' title="bbox 213 4900 1810 4978">
     <span class='ocr_line' id='line_1_97' title="bbox 213 4900 1810 4978; baseline 0.008 -30"><span class='ocrx_word' id='word_1_690' title='bbox 213 4901 353 4964; x_wconf 82' lang='grc' dir='ltr'>λέως</span> <span class='ocrx_word' id='word_1_691' title='bbox 411 4900 510 4952; x_wconf 81' lang='grc' dir='ltr'><strong>τὸν</strong></span> <span class='ocrx_word' id='word_1_692' title='bbox 571 4902 964 4971; x_wconf 86' lang='grc' dir='ltr'>ἁμαρτήσαντα</span> <span class='ocrx_word' id='word_1_693' title='bbox 1021 4903 1162 4957; x_wconf 88' lang='grc' dir='ltr'>ἐλεεῖ</span> <span class='ocrx_word' id='word_1_694' title='bbox 1224 4905 1318 4958; x_wconf 76' lang='grc' dir='ltr'><strong>καὶ</strong></span> <span class='ocrx_word' id='word_1_695' title='bbox 1345 4905 1645 4978; x_wconf 78' lang='grc' dir='ltr'>ἐξαρπάζει</span> <span class='ocrx_word' id='word_1_696' title='bbox 1710 4908 1810 4977; x_wconf 79' lang='grc' dir='ltr'><strong>τῆς</strong></span> 
     </span>
    </p>
   </div>
   <div class='ocr_carea' id='block_1_98' title="bbox 212 4984 1808 5068">
    <p class='ocr_par' dir='ltr' id='par_1_98' title="bbox 212 4984 1808 5068">
     <span class='ocr_line' id='line_1_98' title="bbox 212 4984 1808 5068; baseline 0.007 -28"><span class='ocrx_word' id='word_1_697' title='bbox 212 4988 524 5060; x_wconf 80' lang='grc' dir='ltr'>τιμωρίας.</span> <span class='ocrx_word' id='word_1_698' title='bbox 559 4984 690 5042; x_wconf 81' lang='grc' dir='ltr'>Ὧδε</span> <span class='ocrx_word' id='word_1_699' title='bbox 725 4990 820 5044; x_wconf 83' lang='grc' dir='ltr'><strong>οὖν</strong></span> <span class='ocrx_word' id='word_1_700' title='bbox 844 4993 878 5062; x_wconf 84' lang='grc' dir='ltr'>ἡ</span> <span class='ocrx_word' id='word_1_701' title='bbox 905 4994 1054 5062; x_wconf 85' lang='grc' dir='ltr'>μάχη</span> <span class='ocrx_word' id='word_1_702' title='bbox 1083 4995 1185 5046; x_wconf 87' lang='grc' dir='ltr'><strong>οὑκ</strong></span> <span class='ocrx_word' id='word_1_703' title='bbox 1220 4995 1462 5049; x_wconf 85' lang='grc' dir='ltr'>ἐναντίου</span> <span class='ocrx_word' id='word_1_704' title='bbox 1493 4996 1628 5068; x_wconf 81' lang='grc' dir='ltr'>πρὸς</span> <span class='ocrx_word' id='word_1_705' title='bbox 1657 4999 1808 5050; x_wconf 87' lang='grc' dir='ltr'>ἐναν-</span> 
     </span>
    </p>
   </div>
   <div class='ocr_carea' id='block_1_99' title="bbox 216 5080 1813 5161">
    <p class='ocr_par' dir='ltr' id='par_1_99' title="bbox 216 5080 1813 5161">
     <span class='ocr_line' id='line_1_99' title="bbox 216 5080 1813 5161; baseline 0.006 -27"><span class='ocrx_word' id='word_1_706' title='bbox 216 5082 351 5144; x_wconf 82' lang='grc' dir='ltr'>τίον,</span> <span class='ocrx_word' id='word_1_707' title='bbox 387 5080 534 5135; x_wconf 76' lang='grc' dir='ltr'>ἀλλὰ</span> <span class='ocrx_word' id='word_1_708' title='bbox 563 5082 866 5151; x_wconf 83' lang='grc' dir='ltr'>συγγενοῦς</span> <span class='ocrx_word' id='word_1_709' title='bbox 912 5086 1048 5155; x_wconf 75' lang='grc' dir='ltr'>πρὸς</span> <span class='ocrx_word' id='word_1_710' title='bbox 1103 5088 1363 5155; x_wconf 82' lang='grc' dir='ltr'>συγγενές</span> <span class='ocrx_word' id='word_1_711' title='bbox 1393 5104 1406 5116; x_wconf 77' lang='grc' dir='ltr'><strong>ο</strong></span> <span class='ocrx_word' id='word_1_712' title='bbox 1440 5086 1566 5142; x_wconf 80' lang='grc' dir='ltr'>οθτε</span> <span class='ocrx_word' id='word_1_713' title='bbox 1597 5090 1706 5161; x_wconf 85' lang='grc' dir='ltr'><strong>γάρ</strong></span> <span class='ocrx_word' id='word_1_714' title='bbox 1753 5091 1813 5143; x_wconf 85' lang='grc' dir='ltr'><strong>τὸ</strong></span> 
     </span>
    </p>
   </div>
   <div class='ocr_carea' id='block_1_100' title="bbox 219 5173 1815 5250">
    <p class='ocr_par' dir='ltr' id='par_1_100' title="bbox 219 5173 1815 5250">
     <span class='ocr_line' id='line_1_100' title="bbox 219 5173 1815 5250; baseline 0.005 -22"><span class='ocrx_word' id='word_1_715' title='bbox 219 5173 445 5229; x_wconf 80' lang='grc' dir='ltr'>δίκαιον</span> <span class='ocrx_word' id='word_1_716' title='bbox 482 5175 590 5242; x_wconf 75' lang='grc' dir='ltr'><strong>ἔξω</strong></span> <span class='ocrx_word' id='word_1_717' title='bbox 621 5177 983 5248; x_wconf 74' lang='grc' dir='ltr'>άγαθότητος,</span> <span class='ocrx_word' id='word_1_718' title='bbox 1010 5179 1136 5233; x_wconf 72' lang='grc' dir='ltr'>οὔτε</span> <span class='ocrx_word' id='word_1_719' title='bbox 1163 5181 1223 5234; x_wconf 84' lang='grc' dir='ltr'><strong>τὸ</strong></span> <span class='ocrx_word' id='word_1_720' title='bbox 1246 5182 1452 5250; x_wconf 83' lang='grc' dir='ltr'>ἀγαθὸν</span> <span class='ocrx_word' id='word_1_721' title='bbox 1480 5183 1586 5250; x_wconf 80' lang='grc' dir='ltr'><strong>ἔξω</strong></span> <span class='ocrx_word' id='word_1_722' title='bbox 1606 5183 1815 5236; x_wconf 86' lang='grc' dir='ltr'>δικαιο-</span> 
     </span>
    </p>
   </div>
   <div class='ocr_carea' id='block_1_101' title="bbox 300 5311 1556 5383">
    <p class='ocr_par' dir='ltr' id='par_1_101' title="bbox 300 5311 1556 5383">
     <span class='ocr_line' id='line_1_101' title="bbox 300 5311 1556 5383; baseline 0.009 -18"><span class='ocrx_word' id='word_1_723' title='bbox 300 5322 323 5349; x_wconf 71' lang='grc' dir='ltr'><strong>ε</strong></span> <span class='ocrx_word' id='word_1_724' title='bbox 366 5311 511 5367; x_wconf 86' lang='lat' dir='ltr'><strong>Dan.</strong></span> <span class='ocrx_word' id='word_1_725' title='bbox 536 5331 597 5381; x_wconf 92' lang='grc' dir='ltr'><strong>ιι,</strong></span> <span class='ocrx_word' id='word_1_726' title='bbox 638 5315 727 5368; x_wconf 74' lang='grc'><strong>49.</strong></span> <span class='ocrx_word' id='word_1_727' title='bbox 805 5315 830 5354; x_wconf 74' lang='grc' dir='ltr'><strong>ἀ</strong></span> <span class='ocrx_word' id='word_1_728' title='bbox 857 5314 1059 5372; x_wconf 88' lang='lat' dir='ltr'><strong>Jerem.</strong></span> <span class='ocrx_word' id='word_1_729' title='bbox 1096 5336 1154 5383; x_wconf 88' lang='lat' dir='ltr'><strong>Il,</strong></span> <span class='ocrx_word' id='word_1_730' title='bbox 1186 5320 1255 5373; x_wconf 65' lang='grc'>28</span> <span class='ocrx_word' id='word_1_731' title='bbox 1277 5333 1331 5376; x_wconf 91' lang='lat' dir='ltr'><strong>et</strong></span> <span class='ocrx_word' id='word_1_732' title='bbox 1362 5337 1436 5383; x_wconf 72' lang='grc' dir='ltr'>χι,</span> <span class='ocrx_word' id='word_1_733' title='bbox 1470 5323 1556 5376; x_wconf 78' lang='grc'><strong>15.</strong></span> 
     </span>
    </p>
   </div>
   <div class='ocr_carea' id='block_1_102' title="bbox 1916 4607 3486 4693">
    <p class='ocr_par' dir='ltr' id='par_1_102' title="bbox 1916 4607 3486 4693">
     <span class='ocr_line' id='line_1_102' title="bbox 1916 4607 3486 4693; baseline -0.012 -14"><span class='ocrx_word' id='word_1_734' title='bbox 1916 4623 2060 4693; x_wconf 84' lang='lat' dir='ltr'><strong>quod</strong></span> <span class='ocrx_word' id='word_1_735' title='bbox 2087 4619 2260 4675; x_wconf 89' lang='lat' dir='ltr'><strong>invita</strong></span> <span class='ocrx_word' id='word_1_736' title='bbox 2285 4615 2679 4684; x_wconf 86' lang='lat' dir='ltr'><strong>transgressori</strong></span> <span class='ocrx_word' id='word_1_737' title='bbox 2703 4611 2932 4682; x_wconf 66' lang='lat' dir='ltr'><strong>praebuit</strong></span> <span class='ocrx_word' id='word_1_738' title='bbox 2960 4627 3143 4671; x_wconf 89' lang='lat' dir='ltr'><strong>usum,</strong></span> <span class='ocrx_word' id='word_1_739' title='bbox 3165 4618 3220 4664; x_wconf 90' lang='lat' dir='ltr'><strong>et</strong></span> <span class='ocrx_word' id='word_1_740' title='bbox 3243 4607 3486 4667; x_wconf 88' lang='lat' dir='ltr'><strong>servivit,</strong></span> 
     </span>
    </p>
   </div>
   <div class='ocr_carea' id='block_1_103' title="bbox 1913 4705 3496 4789">
    <p class='ocr_par' dir='ltr' id='par_1_103' title="bbox 1913 4705 3496 4789">
     <span class='ocr_line' id='line_1_103' title="bbox 1913 4705 3496 4789; baseline -0.011 -14"><span class='ocrx_word' id='word_1_741' title='bbox 1913 4733 1966 4775; x_wconf 90' lang='lat' dir='ltr'><strong>et</strong></span> <span class='ocrx_word' id='word_1_742' title='bbox 1987 4717 2193 4789; x_wconf 88' lang='lat' dir='ltr'><strong>angelis</strong></span> <span class='ocrx_word' id='word_1_743' title='bbox 2221 4713 2619 4779; x_wconf 60' lang='lat' dir='ltr'><strong>dolentibusjob</strong></span> <span class='ocrx_word' id='word_1_744' title='bbox 2641 4711 2926 4765; x_wconf 87' lang='lat' dir='ltr'><strong>hominum</strong></span> <span class='ocrx_word' id='word_1_745' title='bbox 2951 4705 3418 4780; x_wconf 84' lang='lat' dir='ltr'><strong>ingratitudinetn,</strong></span> <span class='ocrx_word' id='word_1_746' title='bbox 3439 4714 3496 4759; x_wconf 88' lang='lat' dir='ltr'><strong>et</strong></span> 
     </span>
    </p>
   </div>
   <div class='ocr_carea' id='block_1_104' title="bbox 1921 4793 3497 4871">
    <p class='ocr_par' dir='ltr' id='par_1_104' title="bbox 1921 4793 3497 4871">
     <span class='ocr_line' id='line_1_104' title="bbox 1921 4793 3497 4871; baseline -0.011 -5"><span class='ocrx_word' id='word_1_747' title='bbox 1921 4821 2036 4866; x_wconf 90' lang='lat' dir='ltr'><strong>toto</strong></span> <span class='ocrx_word' id='word_1_748' title='bbox 2056 4807 2260 4862; x_wconf 87' lang='lat' dir='ltr'><strong>mundo</strong></span> <span class='ocrx_word' id='word_1_749' title='bbox 2283 4803 2442 4858; x_wconf 90' lang='lat' dir='ltr'><strong>malis</strong></span> <span class='ocrx_word' id='word_1_750' title='bbox 2461 4801 2666 4858; x_wconf 79' lang='lat' dir='ltr'><strong>afﬂicto</strong></span> <span class='ocrx_word' id='word_1_751' title='bbox 2688 4811 2907 4871; x_wconf 89' lang='lat' dir='ltr'><strong>propter</strong></span> <span class='ocrx_word' id='word_1_752' title='bbox 2934 4797 3354 4853; x_wconf 89' lang='lat' dir='ltr'><strong>inobedientiam</strong></span> <span class='ocrx_word' id='word_1_753' title='bbox 3373 4799 3392 4866; x_wconf 93' lang='lat'>(</span> <span class='ocrx_word' id='word_1_754' title='bbox 3412 4793 3497 4848; x_wconf 81' lang='lat' dir='ltr'><strong>Vi-</strong></span> 
     </span>
    </p>
   </div>
   <div class='ocr_carea' id='block_1_105' title="bbox 1916 4887 3498 4968">
    <p class='ocr_par' dir='ltr' id='par_1_105' title="bbox 1916 4887 3498 4968">
     <span class='ocr_line' id='line_1_105' title="bbox 1916 4887 3498 4968; baseline -0.011 -12"><span class='ocrx_word' id='word_1_755' title='bbox 1916 4904 2064 4956; x_wconf 80' lang='lat' dir='ltr'><strong>derat</strong></span> <span class='ocrx_word' id='word_1_756' title='bbox 2087 4899 2246 4960; x_wconf 84' lang='lat' dir='ltr'><strong>enim,</strong></span> <span class='ocrx_word' id='word_1_757' title='bbox 2262 4897 2461 4968; x_wconf 87' lang='lat' dir='ltr'><strong>inquit,</strong></span> <span class='ocrx_word' id='word_1_758' title='bbox 2473 4895 2608 4950; x_wconf 85' lang='lat' dir='ltr'><strong>Deus</strong></span> <span class='ocrx_word' id='word_1_759' title='bbox 2624 4904 2822 4948; x_wconf 84' lang='lat' dir='ltr'><strong>terram</strong></span> <span class='ocrx_word' id='word_1_760' title='bbox 2845 4908 2955 4946; x_wconf 81' lang='lat' dir='ltr'><strong>esse</strong></span> <span class='ocrx_word' id='word_1_761' title='bbox 2977 4898 3278 4958; x_wconf 82' lang='lat' dir='ltr'><strong>corruptam</strong></span> <span class='ocrx_word' id='word_1_762' title='bbox 3293 4903 3312 4942; x_wconf 73' lang='grc' dir='ltr'>,ο</span> <span class='ocrx_word' id='word_1_763' title='bbox 3328 4887 3498 4939; x_wconf 77' lang='lat' dir='ltr'><strong>omnis</strong></span> 
     </span>
    </p>
   </div>
   <div class='ocr_carea' id='block_1_106' title="bbox 1920 4988 3497 5064">
    <p class='ocr_par' dir='ltr' id='par_1_106' title="bbox 1920 4988 3497 5064">
     <span class='ocr_line' id='line_1_106' title="bbox 1920 4988 3497 5064; baseline -0.008 -17"><span class='ocrx_word' id='word_1_764' title='bbox 1920 4995 2109 5064; x_wconf 79' lang='lat' dir='ltr'><strong>quippe</strong></span> <span class='ocrx_word' id='word_1_765' title='bbox 2139 5007 2266 5046; x_wconf 89' lang='lat' dir='ltr'><strong>caro</strong></span> <span class='ocrx_word' id='word_1_766' title='bbox 2296 4999 2604 5059; x_wconf 85' lang='lat' dir='ltr'><strong>corruperat</strong></span> <span class='ocrx_word' id='word_1_767' title='bbox 2634 4989 2776 5042; x_wconf 79' lang='lat' dir='ltr'><strong>viam</strong></span> <span class='ocrx_word' id='word_1_768' title='bbox 2798 5002 2949 5039; x_wconf 86' lang='lat' dir='ltr'><strong>suam</strong></span> <span class='ocrx_word' id='word_1_769' title='bbox 2977 4988 3045 5052; x_wconf 77' lang='grc' dir='ltr'><strong>ο),</strong></span> <span class='ocrx_word' id='word_1_770' title='bbox 3072 5001 3176 5039; x_wconf 91' lang='lat' dir='ltr'><strong>non</strong></span> <span class='ocrx_word' id='word_1_771' title='bbox 3208 4992 3323 5038; x_wconf 86' lang='lat' dir='ltr'><strong>erat</strong></span> <span class='ocrx_word' id='word_1_772' title='bbox 3343 4996 3497 5036; x_wconf 84' lang='lat' dir='ltr'><strong>crea-</strong></span> 
     </span>
    </p>
   </div>
   <div class='ocr_carea' id='block_1_107' title="bbox 1927 5075 3501 5154">
    <p class='ocr_par' dir='ltr' id='par_1_107' title="bbox 1927 5075 3501 5154">
     <span class='ocr_line' id='line_1_107' title="bbox 1927 5075 3501 5154; baseline -0.01 -13"><span class='ocrx_word' id='word_1_773' title='bbox 1927 5098 2047 5142; x_wconf 87' lang='lat' dir='ltr'><strong>tura</strong></span> <span class='ocrx_word' id='word_1_774' title='bbox 2080 5085 2223 5150; x_wconf 88' lang='lat' dir='ltr'><strong>talis,</strong></span> <span class='ocrx_word' id='word_1_775' title='bbox 2250 5085 2468 5154; x_wconf 89' lang='lat' dir='ltr'><strong>qualem</strong></span> <span class='ocrx_word' id='word_1_776' title='bbox 2494 5081 2650 5136; x_wconf 91' lang='lat' dir='ltr'><strong>initio</strong></span> <span class='ocrx_word' id='word_1_777' title='bbox 2671 5096 2790 5136; x_wconf 87' lang='lat' dir='ltr'><strong>eam</strong></span> <span class='ocrx_word' id='word_1_778' title='bbox 2818 5080 2962 5135; x_wconf 86' lang='lat' dir='ltr'><strong>Deus</strong></span> <span class='ocrx_word' id='word_1_779' title='bbox 2977 5087 3210 5133; x_wconf 87' lang='lat' dir='ltr'><strong>crearat.</strong></span> <span class='ocrx_word' id='word_1_780' title='bbox 3241 5075 3357 5129; x_wconf 85' lang='lat' dir='ltr'><strong>Non</strong></span> <span class='ocrx_word' id='word_1_781' title='bbox 3382 5080 3501 5128; x_wconf 86' lang='lat' dir='ltr'><strong>erat</strong></span> 
     </span>
    </p>
   </div>
   <div class='ocr_carea' id='block_1_108' title="bbox 1929 5165 3501 5244">
    <p class='ocr_par' dir='ltr' id='par_1_108' title="bbox 1929 5165 3501 5244">
     <span class='ocr_line' id='line_1_108' title="bbox 1929 5165 3501 5244; baseline -0.009 -9"><span class='ocrx_word' id='word_1_782' title='bbox 1929 5179 2100 5235; x_wconf 87' lang='lat' dir='ltr'><strong>stellis</strong></span> <span class='ocrx_word' id='word_1_783' title='bbox 2125 5177 2348 5244; x_wconf 76' lang='lat' dir='ltr'><strong>ccelum,</strong></span> <span class='ocrx_word' id='word_1_784' title='bbox 2371 5187 2427 5231; x_wconf 94' lang='lat' dir='ltr'><strong>ut</strong></span> <span class='ocrx_word' id='word_1_785' title='bbox 2459 5187 2638 5243; x_wconf 79' lang='lat' dir='ltr'><strong>antea,</strong></span> <span class='ocrx_word' id='word_1_786' title='bbox 2666 5173 2955 5244; x_wconf 89' lang='lat' dir='ltr'><strong>splendens</strong></span> <span class='ocrx_word' id='word_1_787' title='bbox 2983 5173 3102 5226; x_wconf 86' lang='lat' dir='ltr'><strong>sine</strong></span> <span class='ocrx_word' id='word_1_788' title='bbox 3129 5170 3234 5224; x_wconf 87' lang='lat' dir='ltr'><strong>ulla</strong></span> <span class='ocrx_word' id='word_1_789' title='bbox 3265 5165 3501 5221; x_wconf 88' lang='lat' dir='ltr'><strong>macula.</strong></span> 
     </span>
    </p>
   </div>
   <div class='ocr_carea' id='block_1_109' title="bbox 1641 5317 2134 5383">
    <p class='ocr_par' dir='ltr' id='par_1_109' title="bbox 1641 5317 2134 5383">
     <span class='ocr_line' id='line_1_109' title="bbox 1641 5317 2134 5383; baseline -0.014 -6"><span class='ocrx_word' id='word_1_790' title='bbox 1641 5335 1662 5360; x_wconf 74' lang='grc' dir='ltr'><strong>ε</strong></span> <span class='ocrx_word' id='word_1_791' title='bbox 1703 5322 1899 5376; x_wconf 83' lang='lat' dir='ltr'><strong>Cenes.</strong></span> <span class='ocrx_word' id='word_1_792' title='bbox 1937 5336 2010 5383; x_wconf 82' lang='lat' dir='ltr'><strong>Vl,</strong></span> <span class='ocrx_word' id='word_1_793' title='bbox 2048 5317 2134 5371; x_wconf 71' lang='lat'><strong>1‘2.</strong></span> 
     </span>
    </p>
   </div>
   <div class='ocr_carea' id='block_1_110' title="bbox 1531 5433 2224 5493">
    <p class='ocr_par' dir='ltr' id='par_1_110' title="bbox 1531 5433 2224 5493">
     <span class='ocr_line' id='line_1_110' title="bbox 1531 5433 2224 5493; baseline -0.006 -1"><span class='ocrx_word' id='word_1_794' title='bbox 1531 5437 1770 5493; x_wconf 71' lang='grc' dir='ltr'>νΑιιιΑι</span> <span class='ocrx_word' id='word_1_795' title='bbox 1809 5433 2224 5492; x_wconf 79' lang='lat' dir='ltr'><strong>LECTIONES.</strong></span> 
     </span>
    </p>
   </div>
   <div class='ocr_carea' id='block_1_111' title="bbox 307 5507 3506 5603">
    <p class='ocr_par' dir='ltr' id='par_1_111' title="bbox 307 5507 3506 5603">
     <span class='ocr_line' id='line_1_111' title="bbox 307 5507 3506 5603; baseline -0.006 -22"><span class='ocrx_word' id='word_1_796' title='bbox 307 5525 354 5603; x_wconf 54' lang='grc' dir='ltr'><strong>τ’</strong></span> <span class='ocrx_word' id='word_1_797' title='bbox 385 5526 925 5603; x_wconf 32' lang='grc' dir='ltr'>παρεσκεύασαν-ἐπ’</span> <span class='ocrx_word' id='word_1_798' title='bbox 962 5532 1177 5603; x_wconf 81' lang='grc' dir='ltr'>αὐτῆςό</span> <span class='ocrx_word' id='word_1_799' title='bbox 1200 5551 1261 5598; x_wconf 82' lang='grc' dir='ltr'><strong>ς.</strong></span> <span class='ocrx_word' id='word_1_800' title='bbox 1339 5531 1384 5563; x_wconf 77' lang='grc'><strong>⁷⁸</strong></span> <span class='ocrx_word' id='word_1_801' title='bbox 1399 5534 1492 5586; x_wconf 75' lang='grc' dir='ltr'><strong>καὶ</strong></span> <span class='ocrx_word' id='word_1_802' title='bbox 1522 5533 1748 5598; x_wconf 85' lang='grc' dir='ltr'>λέγοντα</span> <span class='ocrx_word' id='word_1_803' title='bbox 1781 5547 1898 5603; x_wconf 76' lang='lat' dir='ltr'><strong>om.</strong></span> <span class='ocrx_word' id='word_1_804' title='bbox 1916 5531 1982 5603; x_wconf 77' lang='grc' dir='ltr'>Δ.</span> <span class='ocrx_word' id='word_1_805' title='bbox 2024 5529 2070 5603; x_wconf 57' lang='lat' dir='ltr'><strong>&quot;f</strong></span> <span class='ocrx_word' id='word_1_806' title='bbox 2101 5523 2309 5603; x_wconf 80' lang='grc' dir='ltr'>Σεδράχ</span> <span class='ocrx_word' id='word_1_807' title='bbox 2337 5520 2518 5576; x_wconf 80' lang='grc' dir='ltr'>Μισάκ</span> <span class='ocrx_word' id='word_1_808' title='bbox 2548 5519 2854 5586; x_wconf 78' lang='grc' dir='ltr'>’Λϐδεναγὼ</span> <span class='ocrx_word' id='word_1_809' title='bbox 2887 5518 2950 5571; x_wconf 85' lang='grc' dir='ltr'>Α.</span> <span class='ocrx_word' id='word_1_810' title='bbox 2995 5517 3040 5548; x_wconf 78' lang='grc' dir='ltr'><strong>⁸ο</strong></span> <span class='ocrx_word' id='word_1_811' title='bbox 3066 5511 3414 5584; x_wconf 84' lang='grc' dir='ltr'>δωρηθέντων</span> <span class='ocrx_word' id='word_1_812' title='bbox 3434 5507 3506 5562; x_wconf 82' lang='grc' dir='ltr'>Α.</span> 
     </span>
    </p>
   </div>
   <div class='ocr_carea' id='block_1_112' title="bbox 238 5597 2265 5676">
    <p class='ocr_par' dir='ltr' id='par_1_112' title="bbox 238 5597 2265 5676">
     <span class='ocr_line' id='line_1_112' title="bbox 238 5597 2265 5676; baseline -0 -28"><span class='ocrx_word' id='word_1_813' title='bbox 238 5599 280 5629; x_wconf 75' lang='grc'>⁸¹</span> <span class='ocrx_word' id='word_1_814' title='bbox 309 5598 708 5666; x_wconf 77' lang='grc' dir='ltr'>ἐπιστρέφουσι</span> <span class='ocrx_word' id='word_1_815' title='bbox 744 5601 931 5666; x_wconf 90' lang='lat' dir='ltr'><strong>quidni</strong></span> <span class='ocrx_word' id='word_1_816' title='bbox 963 5597 1350 5676; x_wconf 68' lang='grc' dir='ltr'>ἐπιστρέφωνῖ</span> <span class='ocrx_word' id='word_1_817' title='bbox 1423 5605 1466 5635; x_wconf 79' lang='grc'><strong>⁸⁸</strong></span> <span class='ocrx_word' id='word_1_818' title='bbox 1503 5597 1725 5670; x_wconf 73' lang='grc' dir='ltr'>ἀνάγειν</span> <span class='ocrx_word' id='word_1_819' title='bbox 1753 5620 1814 5666; x_wconf 81' lang='grc' dir='ltr'><strong>ς.</strong></span> <span class='ocrx_word' id='word_1_820' title='bbox 1885 5602 1931 5633; x_wconf 81' lang='grc'><strong>⁸³</strong></span> <span class='ocrx_word' id='word_1_821' title='bbox 1963 5599 2175 5660; x_wconf 84' lang='grc' dir='ltr'>κνίσαις</span> <span class='ocrx_word' id='word_1_822' title='bbox 2197 5597 2265 5648; x_wconf 80' lang='grc' dir='ltr'>Α.</span> 
     </span>
    </p>
   </div>
   <div class='ocr_carea' id='block_1_113' title="bbox 1757 5691 1995 5748">
    <p class='ocr_par' dir='ltr' id='par_1_113' title="bbox 1757 5691 1995 5748">
     <span class='ocr_line' id='line_1_113' title="bbox 1757 5691 1995 5748; baseline -0.017 0"><span class='ocrx_word' id='word_1_823' title='bbox 1757 5691 1995 5748; x_wconf 67' lang='lat' dir='ltr'><strong>NOTAE.</strong></span> 
     </span>
    </p>
   </div>
   <div class='ocr_carea' id='block_1_114' title="bbox 321 5780 2121 5856">
    <p class='ocr_par' dir='ltr' id='par_1_114' title="bbox 321 5780 2121 5856">
     <span class='ocr_line' id='line_1_114' title="bbox 321 5780 2121 5856; baseline -0.001 -20"><span class='ocrx_word' id='word_1_824' title='bbox 321 5785 440 5853; x_wconf 55' lang='lat'><strong>(20‘</strong></span> <span class='ocrx_word' id='word_1_825' title='bbox 467 5787 652 5846; x_wconf 72' lang='lat' dir='ltr'><strong>Grzece</strong></span> <span class='ocrx_word' id='word_1_826' title='bbox 694 5786 781 5839; x_wconf 86' lang='lat' dir='ltr'><strong>ltic</strong></span> <span class='ocrx_word' id='word_1_827' title='bbox 841 5795 961 5840; x_wconf 67' lang='lat' dir='ltr'><strong>est:</strong></span> <span class='ocrx_word' id='word_1_828' title='bbox 997 5789 1045 5838; x_wconf 79' lang='lat' dir='ltr'><strong>in</strong></span> <span class='ocrx_word' id='word_1_829' title='bbox 1080 5787 1230 5842; x_wconf 73' lang='lat' dir='ltr'><strong>biviis</strong></span> <span class='ocrx_word' id='word_1_830' title='bbox 1264 5789 1564 5844; x_wconf 72' lang='lat' dir='ltr'><strong>Jerusalem</strong></span> <span class='ocrx_word' id='word_1_831' title='bbox 1589 5787 1936 5856; x_wconf 82' lang='lat' dir='ltr'><strong>sacri/icabas</strong></span> <span class='ocrx_word' id='word_1_832' title='bbox 1965 5780 2121 5838; x_wconf 80' lang='lat' dir='ltr'><strong>Baal.</strong></span> 
     </span>
    </p>
   </div>
   <div class='ocr_carea' id='block_1_115' title="bbox 534 5877 1188 5940">
    <p class='ocr_par' dir='ltr' id='par_1_115' title="bbox 534 5877 1188 5940">
     <span class='ocr_line' id='line_1_115' title="bbox 534 5877 1188 5940; baseline 0.005 -3"><span class='ocrx_word' id='word_1_833' title='bbox 534 5880 810 5939; x_wconf 71' lang='lat' dir='ltr'><strong>PATROL.</strong></span> <span class='ocrx_word' id='word_1_834' title='bbox 863 5878 979 5938; x_wconf 68' lang='lat' dir='ltr'><strong>(in.</strong></span> <span class='ocrx_word' id='word_1_835' title='bbox 1031 5877 1188 5940; x_wconf 78' lang='lat' dir='ltr'><strong>CIV.</strong></span> 
     </span>
    </p>
   </div>
  </div>
