3856 6298
597 307 705 371 267

1744 306 2009 369 PHOTII
2047 306 2556 369 PATRIARCH/E
2591 309 2703 371 CP.
3714 326 3806 390 268

596 416 715 471 Non
743 416 907 470 dabat
932 424 1102 480 terra,
1136 424 1195 470 ut
1219 415 1396 486 prius,
1425 414 1637 469 fructus
1673 429 1975 483 pnros,nec
2006 431 2162 471 mare

2282 418 2449 489 σύνης
2504 420 2839 491 εὑρίσκεται.
2904 421 3023 473 Ὀτι
3084 420 3180 490 τῆς
3234 420 3459 488 κτίσεως
3511 431 3702 501 (φησὶν)
3743 439 3806 502 ὡς

594 524 695 563 nec
733 509 911 578 aliqua
940 509 1047 561 alia
1080 517 1351 563 creatura.
1384 507 1775 561 Praevaricator
1795 508 1940 562 enim
1978 507 2030 560 in
2048 523 2169 562 eam

592 603 895 671 ingressus,
950 600 1341 654 contaminavit
1399 615 1463 653 ac
1512 598 1736 653 foedavit
1779 600 1984 663 omnia,
2027 600 2170 654 blas-

594 694 830 761 phemiis
870 693 980 747 Deo
1030 694 1242 756 invisis,
1279 693 1645 761 turpibusque
1682 691 1879 762 519a
1914 692 2165 758 vecibus,

592 795 648 837 et
702 786 963 849 caedibus,
1014 801 1167 839 mare
1212 785 1402 854 piratis
1433 793 1489 839 et
1522 786 1853 849 latronibus,
1894 785 2076 840 fontes
2114 794 2168 840 ct

592 878 788 933 ﬂuvios
836 879 995 933 idolis
1057 892 1112 933 et
1164 878 1413 949 nymphis
1471 878 1779 946 statuisque
1814 878 2164 949 complenda,

590 986 786 1023 omnes
831 986 918 1024 res
969 970 1218 1024 conditas
1272 968 1323 1020 in
1374 967 1503 1023 deos
1548 968 1799 1022 homines
1830 966 2163 1023 formabant.

590 1061 737 1115 Nihil
787 1071 968 1115 autem
1020 1060 1101 1113 sic
1145 1069 1453 1112 creaturam
1486 1060 1727 1113 maculat
1780 1069 1835 1112 et
1869 1059 2164 1124 adulterat,

590 1168 754 1222 quam
794 1153 841 1207 si
891 1153 942 1206 in
994 1152 1156 1206 deum
1192 1154 1478 1206 conlletur.
1510 1151 1634 1206 Ideo
1677 1151 1930 1207 Salvator
1972 1152 2164 1205 mundi

587 1246 737 1299 venit
768 1246 821 1298 in
872 1244 1019 1297 illam
1067 1258 1164 1313 per
1203 1259 1448 1307 carnem,
1481 1252 1535 1297 et
1563 1243 1812 1298 eamdem
1840 1243 1908 1297 ab
1938 1243 2165 1298 inlinitis

587 1336 696 1390 illis
729 1335 958 1389 maculis
989 1334 1304 1388 mundatam
1352 1335 1655 1398 renovavit,
1691 1344 1747 1388 et
1778 1350 1809 1389 a
1839 1335 1996 1404 longe
2026 1333 2166 1389 ditii-

587 1427 874 1481 cilioribus
916 1426 1125 1480 morbis
1155 1435 1207 1480 ct
1246 1414 1647 1489 aﬂ‘ectionibus,
1695 1440 1859 1495 quam
1900 1440 2161 1495 corporea

586 1519 940 1587 corruptione
988 1518 1261 1583 liberavit,
1320 1528 1545 1573 renovat
1610 1534 1733 1588 per,
1761 1519 1996 1588 primum
2044 1520 2162 1580 fad-

585 1621 808 1666 ventum
863 1621 1194 1673 creaturam,
1240 1619 1299 1664 ut
1334 1611 1517 1666 discas
1566 1612 1819 1665 eumdem
1875 1626 2020 1677 esse,
2066 1611 2161 1680 qui

586 1718 706 1757 eam
762 1702 820 1756 in
867 1701 1139 1771 principio
1184 1702 1412 1755 creavit.
1452 1700 1567 1755 Non
1618 1702 1764 1756 enim
1797 1702 2028 1756 alterius
2077 1710 2160 1755 est

2277 510 2600 579 προείρηται
2651 510 3024 580 διακειμένης.
3082 511 3177 562 καὶ
3226 512 3628 587 ἀγανακτούσης
3669 522 3809 594 ὲφίᾧ

2276 601 2372 653 καὶ
2409 600 2620 654 ἄκουσα
2650 601 2729 671 τῷ
2779 602 3075 675 παραϐάτῃ
3106 604 3333 672 παρεῖχε
3387 605 3486 674 τὴν
3528 612 3705 678 χρείαν
3730 622 3810 670 καὶ

2276 693 2622 763 ὲξυπηρέτει,
2664 694 2760 747 καὶ
2804 694 3053 761 ἀγγέλων
3109 693 3427 763 ἀχθομένων
3484 699 3575 750 ἐπὶ
3626 706 3686 772 τῇ
3731 710 3809 760 τοῦ

2276 782 2739 850 εὐεργετουμένου
2770 783 3156 855 ἀγνωμοσύνῃ,
3199 784 3289 836 καὶ
3335 785 3455 837 ὅλου
3501 791 3810 859 κακωθέντος

2273 870 2369 924 τοῦ
2402 872 2530 943 [846
2566 871 2657 943 IL]
2690 873 2898 943 κόσμου
2929 874 3019 927 διὰ
3047 875 3147 936 τὰς
3188 877 3534 945 παρανομίας
3575 882 3682 947 (καὶ
3720 887 3813 957 γὰρ

2274 962 2433 1032 Εἵὸε,
2456 985 2529 1036 φη
2539 968 2642 1033 σὶν,
2663 970 2695 1020 ὸ
2718 969 2861 1032 Θεὸς
2876 965 2991 1033 τὴν
3005 965 3137 1037 γῆν,
3156 966 3254 1019 καὶ
3275 963 3354 1035 ἦν
3374 976 3812 1045 κατεφθαρμένῃ,

2274 1056 2363 1109 ὅτι
2401 1056 2749 1125 κατέφθειρε
2811 1055 2980 1111 πᾶσα
3025 1057 3182 1125 σὰρξ
3227 1056 3343 1125 τὴν
3398 1059 3540 1113 ὁδὸν
3592 1065 3811 1133 αὐτῆς),

2275 1148 2438 1219 [1548
2468 1150 2560 1220 IL]
2594 1149 2692 1202 οὐκ
2719 1144 2789 1220 ἦν
2819 1151 2852 1220 ή
2884 1150 3060 1213 κτίσις
3105 1151 3227 1204 οἵαν
3264 1150 3565 1223 ὐπέστησεν
3607 1157 3760 1229 αὐτὴν
3775 1134 3815 1191 li

2274 1242 2303 1294 6
2345 1240 2476 1303 Θεὸς
2511 1241 2609 1295 ἀπ’
2653 1243 2827 1312 ἀρχῆς
2849 1259 2863 1272 ·
2893 1242 2992 1295 οὐκ
3035 1238 3105 1311 ἦν
3133 1244 3248 1305 τοῖς
3289 1243 3504 1313 ἄστροις
3535 1247 3563 1298 6
3592 1248 3812 1318 οὐρανὸς,

2272 1333 2347 1396 ὡς
2365 1334 2426 1386 τὸ
2445 1334 2597 1404 πρὶν,
2634 1334 2763 1388 ἀνευ
2788 1334 2932 1396 τινὸς
2963 1334 3272 1404 μιάσματος
3314 1336 3779 1409 καταλαμπόμενος
3802 1362 3812 1375 -

2271 1426 2368 1487 οὐκ
2396 1420 2466 1496 ἦν
2486 1427 2519 1495 ἠ
2569 1426 2639 1493 γῆ
2660 1427 2786 1487 τοὺς
2816 1427 3064 1495 καρποὺς
3085 1425 3452 1494 ³ἀμολύντους,
3479 1430 3551 1490 ὡς
3584 1432 3641 1482 τὸ
3682 1435 3811 1502 πρὶν,

2269 1518 2590 1572 ἀναδιδοῦσα
2613 1535 2626 1549 °
2660 1518 2722 1572 οὐ
2757 1519 3024 1584 θάλασσα,
3056 1519 3157 1571 οὐκ
3179 1520 3307 1573 ἄλλο
3328 1537 3380 1572 τι
3410 1520 3517 1572 τῶν
3547 1523 3601 1573 ὲν
3627 1526 3687 1593 τῇ
3712 1526 3809 1577 κτί-

2275 1626 2378 1662 σει.
2417 1608 2476 1661 Ὁ
2508 1610 2617 1679 γὰρ
2651 1608 2979 1680 παραϐάτης
3009 1608 3266 1662 εἰσελθὼν
3301 1610 3359 1662 ἐν
3384 1610 3519 1680 αὐτῇ
3549 1613 3809 1681 κατεμίανε

2273 1705 2366 1755 καὶ
2420 1702 2753 1756 ἀνεθόλωσεν
2779 1702 2825 1733 ⁸⁵
2896 1703 3114 1756 ἅπαντα
3151 1704 3272 1764 ταῖς
3304 1700 3686 1773 βλασφημίαις,
3715 1708 3811 1768 ταῖς

586 1808 797 1857 creare,
825 1801 880 1847 et
905 1793 1132 1847 alterius
1163 1806 1480 1861 corruptam
1518 1792 1851 1856 instaurare,
1884 1794 1976 1848 sed
2013 1794 2162 1863 ejus-

2272 1795 2560 1864 θεομάχοις
2602 1793 2698 1848 καὶ⁹
2728 1796 2981 1865 αἰσχραῖς
3009 1797 3237 1863 φωναῖς,
3292 1796 3412 1857 ταῖς
3466 1796 3806 1864 μιαιφονίαις·

584 1887 707 1941 dem
741 1896 1033 1955 utrumque
1058 1892 1144 1939 est
1168 1884 1450 1954 sapientia:
1476 1892 1530 1939 et
1558 1885 1714 1939 artis.
1741 1884 1987 1940 Renovat
2012 1901 2164 1940 crea—

585 1985 768 2031 turam
812 1976 984 2047 priori
1026 1976 1286 2039 adventu,
1339 1985 1398 2030 ut
1451 1976 1645 2031 credas
1700 1978 1941 2031 secundo
1996 1978 2160 2032 etiam

586 2069 824 2134 adventu
858 2084 977 2123 eam
1027 2070 1395 2123 instauratum
1446 2069 1534 2135 iri,
1568 2078 1621 2122 et
1656 2077 1709 2124 te
1739 2080 1863 2125 ante
1895 2072 2040 2125 illam
2075 2087 2163 2124 re-

586 2174 843 2218 novatum
872 2165 927 2218 in
957 2163 2042 2232 incorruptibilitatem,perturbationum
2073 2179 2165 2217 va-

585 2255 871 2319 cuitatem,
917 2263 971 2309 et
1011 2254 1341 2309 ineﬁ‘abilem
1397 2254 1882 2322 pulchritudinem.
1925 2254 1981 2307 Si
2014 2255 2158 2308 enim

582 2346 805 2416 quando
826 2347 1015 2402 volens
1050 2348 1105 2401 in
1147 2346 1468 2400 inﬁrmitate
1501 2347 1682 2401 carnis
1712 2356 1830 2401 erat
1860 2346 1913 2399 in
1947 2347 2163 2401 sudori-
2207 2379 2211 2383 -

579 2440 708 2506 bus,
741 2439 792 2493 in
818 2439 1124 2506 doloribus,
1160 2442 1381 2511 quando
1411 2441 1667 2497 seductor
1695 2450 1749 2495 et
1783 2439 2162 2496 Samaritanus

578 2534 903 2597 vocabatur,
936 2543 1242 2589 creaturam
1270 2536 1338 2591 ab
1373 2536 1457 2591 his
1510 2535 1787 2604 tantisque
1815 2544 1869 2589 et
1924 2535 2162 2588 maxime

578 2622 856 2679 diuturnis
907 2627 1137 2691 morbis,
1190 2635 1246 2680 et
1295 2626 1528 2681 maculis
1585 2626 1887 2688 mundavit,
1928 2626 2149 2695 quando

578 2717 759 2772 veniet
783 2717 952 2787 juilex
984 2719 1227 2773 vivorum
1264 2728 1319 2773 et
1348 2730 1713 2781 mortuorum,
1741 2716 1962 2787 quando
1993 2732 2160 2785 ange-

582 2810 758 2863 lorum
782 2809 1012 2866 inﬂnitis
1032 2812 1374 2882 myriadibus
1396 2812 1651 2881 sxipatus,
1677 2812 1896 2880 quando
1913 2812 2157 2865 omnium

580 2900 904 2958 Dominator
925 2914 978 2960 et
1008 2905 1295 2970 Dominus,
1315 2907 1536 2977 quando
1557 2908 1738 2975 omnia
1771 2908 1996 2962 horrore
2026 2922 2160 2961 con-

579 2994 854 3048 cutientur
879 3004 936 3050 et
967 3006 1221 3065 trement,
1269 2999 1549 3068 quomodo
1579 3000 1810 3054 mutatio
1848 2998 2160 3068 corruptio-

580 3085 669 3141 nis
705 3086 759 3140 in
787 3086 1220 3159 incorruptibile,
1254 3105 1365 3143 non
1412 3090 1661 3145 videatur
1693 3105 1857 3161 quam
1900 3089 2160 3144 facillime

579 3187 944 3235 consecutura
968 3222 982 3248 ,
1022 3184 1128 3238 lleo
1164 3184 1367 3255 digna?

2271 1890 2381 1950 τοῖς
2409 1889 2697 1958 πειραταῖς
2728 1889 2825 1941 καὶ
2860 1887 3085 1960 λῃσταῖς
3136 1886 3235 1957 τὴν
3266 1885 3535 1939 θάλατταν
3560 1903 3573 1917 ·
3607 1888 3697 1951 τὰς
3722 1908 3811 1961 πη-

2270 1980 2373 2048 γὰς
2414 1981 2509 2033 καὶ
2554 1980 2836 2050 ποταμοὺς
2897 1982 3018 2043 ταῖς
3073 1979 3559 2050 είδωλολατρείαις,
3605 1980 3812 2051 νύμφαις

2277 2072 2373 2125 καὶ
2423 2071 2676 2142 δαίμοσιν
2726 2072 3063 2136 ἀνάπτοντες
3102 2073 3261 2126 αὐτά.
3315 2073 3471 2126 Πᾶσα
3498 2076 3605 2137 τοῖς
3629 2074 3809 2145 ἀνθρώ-

2272 2185 2395 2230 ποις
2454 2169 2487 2238 ή
2543 2168 2721 2231 κτίσις
2780 2168 2861 2230 είς
2909 2167 3067 2230 θεοὺς
3123 2165 3532 2219 ἀνεπλάττετοο
3583 2166 3721 2218 οὐδὲν
3766 2166 3811 2218 δὲ

2270 2258 2447 2312 κτίσιν
2478 2258 2621 2312 οὕτω
2665 2260 2870 2328 μιαίνει
2903 2260 3000 2313 καὶ
3044 2257 3353 2328 κιϐδηλεύει
3385 2259 3459 2321 ὡς
3496 2258 3554 2310 τὸ
3583 2260 3810 2311 θεοποιεῖ-

2272 2351 2395 2406 σθαι
2425 2353 2621 2421 αύτήν.
2674 2351 2773 2404 Διά
2821 2351 2994 2404 ταῦτα
3016 2351 3063 2383 ⁸⁸
3114 2351 3369 2420 εἰσῆλθεν
3426 2350 3454 2401 6
3499 2350 3677 2421 Σωτὴρ
3732 2351 3809 2402 τού

2269 2444 2477 2513 κόσμου
2506 2443 2594 2497 διὰ
2633 2444 2833 2513 σαρκὸς
2858 2446 2917 2507 έν
2948 2443 3106 2514 αὐτῇ,
3138 2444 3235 2496 καὶ
3268 2442 3475 2512 ταύτην
3500 2445 3603 2495 τῶν
3635 2443 3809 2514 μυρίων

2268 2533 2478 2588 τούτων
2532 2535 2853 2600 ἀπαλλάξας
2938 2536 3267 2605 μιασμάτων
3327 2534 3650 2600 ἀνεκαίνισε,
3697 2534 3807 2586 πολὺ

2268 2629 2667 2699 χαλεπωτέρων
2704 2629 2737 2699 ἢ
2783 2630 3105 2700 σωματικῆς
3143 2627 3445 2699 διαφθορᾶς
3474 2626 3807 2697 ἐλευθερώσας

2269 2721 2439 2787 αὐτὴν
2468 2722 2765 2775 κακώσεων
2799 2722 2894 2774 καὶ
2945 2721 3157 2775 παθῶν.
3204 2720 3573 2783 Ἀνακαινίζει
3624 2720 3702 2772 διὰ
3728 2718 3808 2787 τῆς

2269 2813 2496 2884 πρώτης
2526 2812 2832 2883 παρουσίας
2862 2814 2961 2883 τὴν
3007 2813 3205 2875 κτίσιν,
3240 2813 3333 2865 ἵνα
3368 2812 3539 2883 μάθῃς
3569 2814 3647 2865 ὅτι
3678 2812 3809 2871 αὐτός

2266 2905 2415 2955 ἐστιν
2444 2906 2472 2956 6
2493 2904 2589 2956 καὶ
2606 2903 2700 2955 ἀπ’
2730 2903 2905 2973 ἀρχῆς
2957 2904 3126 2974 αὐτὴν
3162 2906 3580 2974 δημιουργήσας
3608 2920 3620 2931 ·
3647 2903 3701 2955 ού
3727 2902 3812 2971 γὰρ

2266 2994 2429 3049 ἄλλου
2462 2994 2564 3064 μὲν
2598 2994 2824 3062 κτίζειν,
2857 2996 3019 3050 ἄλλου
3046 2997 3103 3050 δὲ
3137 2997 3535 3067 διαφθαρεῖσαν
3568 2997 3813 3049 ἀνακαινί-

2267 3087 2402 3153 ζειν,
2440 3088 2577 3141 ἀλλὰ
2621 3090 2720 3158 τῆς
2746 3090 2918 3159 αὐτῆς
2954 3091 3216 3162 ἑκάτερον
3250 3090 3454 3161 σοφίας
3492 3090 3583 3144 καὶ
3627 3089 3808 3158 τέχνης.

2280 3182 2642 3247 Ἀνακαινίζει
2692 3182 2791 3253 τὴν
2838 3184 3016 3236 κτίσιν
3064 3184 3348 3253 κατὰντὴν
3393 3182 3611 3254 πρώτην
3652 3181 3811 3249 ἐπιδη-

583 3271 734 3341 μίαν,
762 3272 849 3326 ἴνα
882 3275 1123 3346 μηδεμία
1142 3295 1225 3331 σοι
1255 3277 1407 3350 χώρα
1430 3278 1765 3350 καταλειφθῇ
1785 3276 2046 3340 ἀπιστίας
2080 3276 2155 3339 ὡς
2185 3274 2330 3329 κατὰ
2353 3276 2451 3346 τὴν
2478 3274 2740 3341 δευτέραν
2776 3275 3082 3345 παρουσίαν
3129 3277 3191 3329 οὐ
3251 3277 3685 3346 καινισθήσεται,
3734 3274 3810 3326 καὶ

579 3361 648 3414 σὺ
701 3365 809 3435 πρὸ
865 3367 1038 3437 αὐτῆς
1090 3372 1172 3433 είς
1228 3370 1561 3442 ἀφθαρσίαν,
1602 3375 1685 3436 εἰς
1737 3371 2029 3434 ἀπάθειαν,
2078 3371 2159 3432 είς
2191 3369 2398 3438 ἄφατον
2426 3368 2802 3439 καλλονήν.Εί
2866 3370 2996 3439 γὰρ,
3044 3372 3132 3423 ὅτε
3172 3366 3241 3441 ἦν
3292 3368 3435 3423 ἑκὼν
3482 3371 3539 3422 ὲν
3584 3368 3806 3437 ἀσθενείᾳ

579 3457 807 3526 σαρκὸς,
842 3460 900 3513 ἐν
929 3460 1169 3532 ἱδρῶσιν,
1202 3464 1261 3517 ὲν
1293 3465 1525 3519 πάθεσιν
1556 3469 1589 3520 6
1643 3467 1902 3538 Χριστὸς,
1951 3465 2041 3517 ὅτε
2104 3461 2306 3526 πλάνος
2353 3463 2448 3515 καὶ
2494 3463 2847 3534 Σαμαρείτης
2893 3464 3343 3532 ἐσυκοφαντεῖτο,
3370 3462 3469 3533 τὴν
3519 3463 3684 3516 κτίσιν
3706 3461 3809 3513 ἐκά-

577 3550 714 3621 θαρε
734 3551 845 3605 τῶν
870 3555 1159 3622 τοσούτων,
1186 3558 1281 3611 καὶ
1306 3559 1644 3631 τηλικούτων
1691 3561 1787 3615 καὶ
1845 3556 2369 3630 πολυχρονιωτάτων
2398 3555 2590 3610 παθῶν
2642 3558 2736 3610 καὶ
2772 3557 3121 3627 μιασμάτων,
3169 3557 3303 3610 ὃταν
3351 3557 3429 3620 ὡς
3474 3556 3659 3627 κριτὴς
3700 3554 3809 3618 ζών-

574 3660 686 3696 των
712 3646 1095 3718 παραγένηται
1151 3650 1248 3703 καὶ
1291 3651 1524 3723 νεκρῶν,
1578 3653 1708 3708 ὅταν
1771 3650 2033 3723 μυριάσιν
2095 3647 2347 3717 ἀγγέλων
2409 3647 2881 3718 δορυφορούμενος
2914 3648 3213 3718 τάγμασιν,
3239 3649 3372 3702 ὅταν
3406 3648 3619 3701 πάντων
3649 3645 3807 3698 δεσπό-

492 3782 497 3789 .
575 3736 687 3799 ζων
733 3738 830 3790 καὶ
880 3738 1109 3808 Κύριος,
1156 3740 1287 3795 ὅταν
1341 3741 1519 3795 πάντα
1562 3744 1766 3814 φρίσσῃ
1823 3741 1917 3794 καὶ
1954 3740 2159 3811 τρέμῃ,
2200 3739 2319 3801 πῶς
2352 3740 2387 3808 ὴ
2453 3739 2518 3791 ὲκ
2574 3737 2783 3809 φθορᾶς
2813 3739 2894 3802 εἰς
2952 3739 3265 3811 ἀφθαρσίαν
3297 3738 3570 3810 μεταϐολὴ
3608 3739 3665 3791 ού
3708 3735 3807 3789 τὺ⁸⁷

577 3828 777 3900 ῥᾷστον
809 3828 1007 3900 ἔχουσα
1029 3832 1075 3862 ⁸⁸
1119 3834 1424 3904 καθορᾶται
1480 3835 1575 3887 καὶ
1618 3835 1679 3887 τὸ
1710 3834 2006 3889 ἀκόλουθον
2059 3832 2154 3884 καὶ
2193 3831 2538 3901 θεοπρεπές;

647 3924 809 3979 Venit
837 3922 1090 3980 Salvator
1117 3924 1541 3995 praedicentibus
1576 3927 1875 3996 prophetis,
1921 3940 1987 3978 ne
2036 3922 2160 3991 quis

2333 3922 2456 3974 Ὅτι
2490 3922 2851 3992 παραγίνεται
2884 3922 2916 3974 6
2960 3922 3150 3991 Σωτὴρ
3195 3918 3679 3991 τίροκηρυττόντων
3721 3918 3807 3970 τῶν

574 4025 744 4085 putet,
784 4030 896 4086 quo
936 4016 1098 4071 modo
1128 4016 1294 4071 homo
1315 4034 1344 4071 a
1372 4018 1548 4088 primo
1579 4018 1859 4086 proposito
1874 4025 1927 4071 et
1953 4014 2159 4071 auxilio

2272 4013 2554 4082 προφητῶν
2583 4057 2597 4078 ,
2650 4014 2738 4067 ἵνα
2784 4015 2972 4083 μήτις
3014 4012 3212 4083 νομίσῃ
3271 4014 3355 4067 ὄτι
3395 4010 3519 4065 καθ’
3550 4010 3607 4063 ὃν
3638 4009 3806 4079 τρόπον

544 4110 860 4170 ‘aherrans,
909 4109 1056 4164 aliud
1111 4111 1425 4180 arripuerit,
1468 4112 1657 4166 eodem
1694 4110 1967 4180 agendum
2024 4124 2155 4164 esse

2272 4106 2540 4177 ἱνθρωπος
2567 4107 2665 4177 τῆς
2684 4106 2951 4177 προτέρας
2967 4106 3281 4177 διαμαρτὼν
3310 4106 3568 4176 ἐπιϐολῆς
3596 4106 3683 4158 καὶ
3709 4102 3759 4171 βο
3788 4129 3809 4143 -

570 4199 706 4256 Deo.
727 4200 807 4256 Ne
842 4202 1009 4272 igitur
1039 4204 1165 4273 quis
1200 4205 1302 4259 hoc
1331 4220 1399 4274 pu
1414 4214 1509 4269 tet,
1553 4205 1716 4275 longo
1752 4203 1820 4258 ab
1855 4204 1985 4259 hinc
2014 4213 2154 4258 tem-

2272 4201 2405 4263 λείας
2459 4201 2552 4252 ἐπὶ
2589 4201 2847 4271 δευτέραν
2874 4199 3118 4271 ἔρχεται,
3152 4201 3297 4254 οὕτω
3344 4202 3441 4254 καὶ
3482 4202 3511 4252 6
3537 4200 3680 4260 Θεός.
3714 4198 3803 4248 Ἵνα

572 4309 703 4361 pore
765 4297 1043 4365 propheta:
1099 4296 1249 4351 illius
1292 4298 1586 4352 adventum
1635 4298 2028 4367 praedixerunt,
2092 4305 2151 4352 ut

2272 4296 2346 4350 ὤν
2373 4297 2448 4368 μή
2507 4314 2591 4358 τις
2640 4296 2918 4367 ὑπονοήσῃ
2948 4295 3129 4360 τοῦτο,
3187 4295 3398 4350 ἄνωθεν
3453 4296 3729 4365 προέλεγον
3765 4290 3803 4341 οἱ

571 4385 928 4441 ostenderent
983 4386 1156 4443 Deum
1206 4405 1314 4444 non
1355 4390 1668 4444 meditando
1710 4390 1956 4445 invenire
1997 4405 2150 4445 com-

2272 4390 2536 4461 προφῆται
2588 4386 2687 4458 τὴν
2742 4388 3055 4458 παρουσίαν
3099 4387 3289 4451 αὑτοῦ,
3354 4388 3445 4441 ἵνα
3487 4387 3718 4450 δείξωσιν
3740 4384 3803 4431 ὅτι

570 4478 821 4546 modum,
862 4482 958 4535 sed
1006 4498 1036 4536 a
1083 4483 1356 4553 principio
1404 4483 1587 4538 omnia
1629 4484 1967 4553 praevidisse.
2014 4483 2148 4539 Nam

2272 4482 2388 4545 θεὸς
2416 4484 2481 4550 ,οὐ
2514 4483 2885 4554 σκεπτόμενος
2918 4480 3160 4551 εὑρίσκει
3185 4480 3244 4533 τὸ
3277 4482 3580 4550 συμφέρον,
3609 4478 3711 4530 ἀλλ’
3729 4471 3804 4527 ἀπ’

570 4587 672 4625 nos
702 4570 924 4640 quidem
961 4573 1215 4629 homines
1266 4575 1620 4639 meditamur,
1653 4590 1719 4629 ac
1742 4576 1790 4628 si
1833 4576 2001 4645 priori
2055 4591 2147 4629 co-

2272 4574 2433 4642 ὶρχῆς
2489 4575 2737 4644 προεῖδεν
2796 4574 3031 4629 ἅπαντα.
3078 4573 3270 4641 Ἡμεῖς
3331 4573 3433 4641 μὲν
3487 4572 3589 4639 γάρ
3633 4569 3678 4621 οξ
3733 4568 3806 4617 ἀν-

570 4670 698 4715 natu
752 4660 1105 4727 frustrentur,
1135 4666 1203 4719 ad
1245 4665 1410 4719 alium
1440 4666 1765 4724 accedimus.
1828 4666 1972 4723 Deus
2016 4683 2145 4722 vero

2272 4664 2463 4733 lpwnot
2480 4667 2847 4738 σκεπτόμεθα,
2879 4667 2975 4721 καὶ
2995 4666 3090 4718 ἐὰν
3118 4668 3486 4736 ἀποτύχωμεν
3501 4664 3597 4730 τῆς
3617 4655 3806 4729 πρώτης

571 4768 678 4806 non
721 4754 824 4817 sic,
870 4754 966 4809 sed
1011 4755 1158 4809 dedit
1187 4756 1381 4825 legem,
1435 4759 1753 4828 prophetas,
1788 4767 1843 4813 et
1891 4769 2012 4825 post
2056 4759 2142 4812 illa

2272 4755 2487 4826 πείρας,
2541 4759 2625 4826 ἐφ’
2678 4759 2869 4829 ἑτέραν
2919 4758 3317 4829 μεταϐαίνομεν
3350 4774 3365 4789 ⁶
3396 4760 3424 4810 6
3454 4752 3676 4821 δὲ,Θεὸς
3723 4749 3802 4813 οὐχ

567 4842 944 4915 Evangelium,
974 4862 1082 4901 non
1107 4857 1368 4917 tempore,
1388 4851 1535 4919 quod
1557 4861 1704 4906 esset
1728 4852 1879 4914 utile,
1904 4851 2141 4915 discens,

2272 4848 2445 4914 δύτως,
2470 4850 2582 4903 ἀλλ’
2627 4851 2794 4904 ἔδωκε
2824 4853 2879 4905 νό
2892 4871 3010 4921 μον,
3043 4854 3355 4922 προφήτας,
3384 4851 3478 4903 καὶ
3509 4847 3639 4918 μετὰ
3660 4841 3804 4895 ταῦτα

571 4950 760 4989 verum
787 4937 856 4990 ab
891 4938 1046 4991 initio
1076 4939 1286 5006 videns,
1329 4956 1435 4996 non
1467 4942 1624 4996 aliter
1651 4944 1893 5011 potuisse
1922 4953 2140 4997 creatu-

2272 4940 2313 4990 τὸ
2363 4942 2699 5009 Εὑαγγέλιον
2756 4942 2817 4995 οὐ
2858 4944 3036 5012 χρόνῳ
3059 4944 3119 4996 τὸ
3160 4943 3446 5011 συμφέρον
3480 4933 3800 5009 μεταμαθὼν,

570 5043 711 5093 ram,
733 5039 787 5083 et
816 5029 870 5082 in
898 5046 961 5083 ea
986 5031 1260 5086 hominem
1294 5034 1432 5099 ﬁeri,
1467 5051 1565 5090 nec
1594 5052 1758 5090 manu
1792 5036 1938 5102 duci,
1973 5054 2149 5106 neque

2272 5034 2344 5083 ιπ’
2370 5034 2547 5105 ἀρχῆς
2572 5036 2638 5088 δὲ
2663 5036 2819 5100 εἰδὼς
2878 5038 2953 5099 ὡς
3001 5039 3099 5107 οὐχ
3155 5032 3265 5090 οἷόν
3313 5052 3375 5087 τε
3408 5033 3583 5095 ἄλλως
3615 5027 3677 5100 ἦν
3721 5024 3802 5093 τὴν

567 5121 1003 5191 incorruptionis
1035 5122 1352 5193 dignitatem
1408 5128 1672 5197 recipere,
1705 5127 1810 5182 nisi
1845 5145 1910 5184 eo
1960 5132 2145 5194 modo,

2272 5126 2428 5180 ιτίσιν
2466 5131 2560 5182 καὶ
2586 5133 2674 5182 τὸν
2704 5134 2761 5183 ἐν
2789 5131 2925 5201 αὐτῇ
2951 5131 3238 5201 ἄνθρωπον
3265 5128 3395 5181 οὔτε
3434 5124 3679 5195 γενέσθαι
3701 5118 3800 5173 οὔτε

566 5232 678 5284 quo
734 5214 1026 5272 ineﬂ‘abilis
1063 5219 1397 5288 providentia
1437 5231 1491 5275 et
1551 5224 1864 5276 humanitas
1919 5223 2140 5293 dispen-

2272 5219 2761 5292 ταιδαγωγηθῆναι,
2814 5222 2940 5276 οὔτε
2981 5223 3042 5274 τὸ
3066 5224 3166 5293 τῆς
3232 5219 3547 5290 ἀφθαρσίας
3582 5214 3695 5288 [5ίῖ
3725 5206 3800 5275 IL]

566 5306 727 5361 savit.

2272 5310 2471 5381 ὶξὶωμα
2497 5314 2805 5379 ἀναλαϐεῖν,
2832 5317 2881 5368 εί
2942 5316 3018 5386 μὴ
3066 5315 3184 5368 καθ’
3206 5314 3264 5365 ὃν
3298 5312 3502 5382 τρόπον
3549 5311 3581 5378 ἡ
3626 5306 3800 5373 ἄφατος

2253 5404 2479 5473 πρόνοια
2514 5407 2607 5461 καὶ
2633 5408 3010 5480 φιλανθρωπία
3036 5406 3410 5478 ᾠκονόμησεν.

1772 5642 1779 5647 _
1865 5567 2101 5624 VARIAS
2162 5572 2569 5629 LECTIONES.

1386 5680 1904 5778 -ῗ-ἁνεθιόλμισεν-ξλ
1926 5687 2325 5778 Αεῌάνειοάλωσεν
2360 5693 2577 5750 Ιίωεςίι.
2613 5705 2661 5749 et
2688 5692 2886 5750 Gcnev.
2941 5692 3364 5749 άπεπα).αίωσεν
3398 5690 3560 5745 Roth.

1141 5751 1199 5801 ού
1221 5751 1359 5801 κατὰ
1386 5751 1445 5803 τὸ
1478 5769 1538 5816 ς.
1616 5753 1660 5785 ⁸⁸
1689 5752 1887 5823 ἔχουσα
1918 5772 2028 5814 om.
2062 5762 2127 5813 Α.

3655 5681 3696 5713 ⁸⁸
3722 5673 3797 5728 διὰ

638 5673 685 5706 ³⁵
713 5674 899 5745 αὐτὴν,
924 5677 1109 5737 αὐτοῖς
1143 5692 1224 5743 pr.
1259 5678 1321 5730 A.

562 5745 732 5798 ταῦτα
776 5760 885 5801 oni.
923 5748 988 5803 A.
