  <div class='ocr_page' id='page_1' title='image "/cluster/home/n/w/nwhite01/storage/ocr_20150623/104/hvd.32044018872853/142.png"; bbox 0 0 4020 6408; ppageno 0'>
   <div class='ocr_carea' id='block_1_1' title="bbox 197 394 297 459">
    <p class='ocr_par' dir='ltr' id='par_1_1' title="bbox 197 394 297 459">
     <span class='ocr_line' id='line_1_1' title="bbox 197 394 297 459; baseline -0.02 0"><span class='ocrx_word' id='word_1_1' title='bbox 197 394 297 459; x_wconf 73' lang='grc'><strong>269</strong></span> 
     </span>
    </p>
   </div>
   <div class='ocr_carea' id='block_1_2' title="bbox 1158 387 2383 456">
    <p class='ocr_par' dir='ltr' id='par_1_2' title="bbox 1158 387 2383 456">
     <span class='ocr_line' id='line_1_2' title="bbox 1158 387 2383 456; baseline 0.004 -9"><span class='ocrx_word' id='word_1_2' title='bbox 1158 387 1679 448; x_wconf 74' lang='lat' dir='ltr'><strong>BIBLIOTHECA.</strong></span> <span class='ocrx_word' id='word_1_3' title='bbox 1706 410 1776 424; x_wconf 86' lang='grc'><strong>--</strong></span> <span class='ocrx_word' id='word_1_4' title='bbox 1809 388 1971 450; x_wconf 82' lang='lat' dir='ltr'><strong>COD.</strong></span> <span class='ocrx_word' id='word_1_5' title='bbox 2008 390 2383 456; x_wconf 81' lang='lat' dir='ltr'><strong>CCLXXVII.</strong></span> 
     </span>
    </p>
   </div>
   <div class='ocr_carea' id='block_1_3' title="bbox 3335 402 3443 468">
    <p class='ocr_par' dir='ltr' id='par_1_3' title="bbox 3335 402 3443 468">
     <span class='ocr_line' id='line_1_3' title="bbox 3335 402 3443 468; baseline 0.037 -4"><span class='ocrx_word' id='word_1_6' title='bbox 3335 402 3443 468; x_wconf 79' lang='lat'><strong>270</strong></span> 
     </span>
    </p>
   </div>
   <div class='ocr_carea' id='block_1_4' title="bbox 265 496 1769 582">
    <p class='ocr_par' dir='ltr' id='par_1_4' title="bbox 265 497 1769 572">
     <span class='ocr_line' id='line_1_4' title="bbox 265 497 1769 572; baseline -0.005 -15"><span class='ocrx_word' id='word_1_7' title='bbox 265 502 388 557; x_wconf 86' lang='grc' dir='ltr'><strong>Ὅτι</strong></span> <span class='ocrx_word' id='word_1_8' title='bbox 414 499 601 571; x_wconf 79' lang='grc' dir='ltr'>φασίν,</span> <span class='ocrx_word' id='word_1_9' title='bbox 656 517 677 553; x_wconf 76' lang='grc' dir='ltr'><strong>ι</strong></span> <span class='ocrx_word' id='word_1_10' title='bbox 726 498 790 554; x_wconf 69' lang='lat' dir='ltr'><strong>Et</strong></span> <span class='ocrx_word' id='word_1_11' title='bbox 846 497 1068 572; x_wconf 82' lang='grc' dir='ltr'><strong>προῄδει</strong></span> <span class='ocrx_word' id='word_1_12' title='bbox 1111 498 1426 569; x_wconf 83' lang='grc' dir='ltr'>ἀμαρτῆσαι</span> <span class='ocrx_word' id='word_1_13' title='bbox 1454 498 1546 551; x_wconf 82' lang='grc' dir='ltr'><strong>τὸν</strong></span> <span class='ocrx_word' id='word_1_14' title='bbox 1601 497 1769 568; x_wconf 81' lang='grc' dir='ltr'>Ἀδὰμ</span> 
     </span>
    </p>
   </div>
   <div class='ocr_carea' id='block_1_5' title="bbox 1875 496 3442 582">
    <p class='ocr_par' dir='ltr' id='par_1_5' title="bbox 1946 496 3442 582">
     <span class='ocr_line' id='line_1_5' title="bbox 1946 496 3442 582; baseline -0.003 -22"><span class='ocrx_word' id='word_1_15' title='bbox 1946 502 2137 575; x_wconf 71' lang='grc'><strong>5191)</strong></span> <span class='ocrx_word' id='word_1_16' title='bbox 2179 525 2197 557; x_wconf 86' lang='grc'><em>‹</em></span> <span class='ocrx_word' id='word_1_17' title='bbox 2236 505 2314 571; x_wconf 89' lang='lat' dir='ltr'><strong>Si,</strong></span> <span class='ocrx_word' id='word_1_18' title='bbox 2359 504 2553 575; x_wconf 79' lang='lat' dir='ltr'><strong>inquit,</strong></span> <span class='ocrx_word' id='word_1_19' title='bbox 2590 496 2733 562; x_wconf 90' lang='lat' dir='ltr'><strong>Deus</strong></span> <span class='ocrx_word' id='word_1_20' title='bbox 2770 507 3012 575; x_wconf 69' lang='lat' dir='ltr'><strong>prazvidit</strong></span> <span class='ocrx_word' id='word_1_21' title='bbox 3041 509 3212 564; x_wconf 86' lang='lat' dir='ltr'><strong>Adam</strong></span> <span class='ocrx_word' id='word_1_22' title='bbox 3250 527 3442 582; x_wconf 75' lang='lat' dir='ltr'><strong>pecca-</strong></span> 
     </span>
    </p>
   </div>
   <div class='ocr_carea' id='block_1_6' title="bbox 194 590 1771 664">
    <p class='ocr_par' dir='ltr' id='par_1_6' title="bbox 194 590 1771 664">
     <span class='ocr_line' id='line_1_6' title="bbox 194 590 1771 664; baseline -0.006 -12"><span class='ocrx_word' id='word_1_23' title='bbox 194 599 222 653; x_wconf 82' lang='grc'>6</span> <span class='ocrx_word' id='word_1_24' title='bbox 248 596 379 658; x_wconf 77' lang='grc' dir='ltr'>Θεὸς</span> <span class='ocrx_word' id='word_1_25' title='bbox 399 635 415 661; x_wconf 85' lang='grc'><strong>,</strong></span> <span class='ocrx_word' id='word_1_26' title='bbox 447 594 501 647; x_wconf 90' lang='grc' dir='ltr'><strong>τί</strong></span> <span class='ocrx_word' id='word_1_27' title='bbox 521 594 616 648; x_wconf 71' lang='grc' dir='ltr'>καὶ</span> <span class='ocrx_word' id='word_1_28' title='bbox 637 594 956 664; x_wconf 77' lang='grc' dir='ltr'><strong>προήγαγεν</strong></span> <span class='ocrx_word' id='word_1_29' title='bbox 984 591 1143 645; x_wconf 82' lang='grc' dir='ltr'>αὐτόν</span> <span class='ocrx_word' id='word_1_30' title='bbox 1167 609 1184 659; x_wconf 85' lang='grc'>;</span> <span class='ocrx_word' id='word_1_31' title='bbox 1215 592 1308 644; x_wconf 73' lang='grc' dir='ltr'><strong>καὶ</strong></span> <span class='ocrx_word' id='word_1_32' title='bbox 1332 590 1523 644; x_wconf 79' lang='grc' dir='ltr'>πολλαὶ</span> <span class='ocrx_word' id='word_1_33' title='bbox 1548 590 1645 660; x_wconf 85' lang='grc' dir='ltr'><strong>μέν</strong></span> <span class='ocrx_word' id='word_1_34' title='bbox 1666 591 1771 644; x_wconf 84' lang='grc' dir='ltr'>εἰσι</span> 
     </span>
    </p>
   </div>
   <div class='ocr_carea' id='block_1_7' title="bbox 194 682 1762 755">
    <p class='ocr_par' dir='ltr' id='par_1_7' title="bbox 194 682 1762 755">
     <span class='ocr_line' id='line_1_7' title="bbox 194 682 1762 755; baseline -0.006 -12"><span class='ocrx_word' id='word_1_35' title='bbox 194 689 287 743; x_wconf 77' lang='grc' dir='ltr'><strong>καὶ</strong></span> <span class='ocrx_word' id='word_1_36' title='bbox 318 687 591 755; x_wconf 75' lang='grc' dir='ltr'><strong>πάγκαλοι</strong></span> <span class='ocrx_word' id='word_1_37' title='bbox 615 685 768 738; x_wconf 75' lang='grc' dir='ltr'>τοῦδε</span> <span class='ocrx_word' id='word_1_38' title='bbox 802 685 895 737; x_wconf 76' lang='grc' dir='ltr'>τοῦ</span> <span class='ocrx_word' id='word_1_39' title='bbox 948 684 1301 754; x_wconf 79' lang='grc' dir='ltr'><strong>ἀπορήματος</strong></span> <span class='ocrx_word' id='word_1_40' title='bbox 1328 682 1605 745; x_wconf 80' lang='grc' dir='ltr'>ὲπιλύσεις</span> <span class='ocrx_word' id='word_1_41' title='bbox 1636 682 1705 746; x_wconf 71' lang='grc'><strong>⁸³,</strong></span> <span class='ocrx_word' id='word_1_42' title='bbox 1744 700 1762 733; x_wconf 74' lang='grc' dir='ltr'><strong>ι</strong></span> 
     </span>
    </p>
   </div>
   <div class='ocr_carea' id='block_1_8' title="bbox 192 779 1767 852">
    <p class='ocr_par' dir='ltr' id='par_1_8' title="bbox 192 779 1767 852">
     <span class='ocr_line' id='line_1_8' title="bbox 192 779 1767 852; baseline -0.005 -15"><span class='ocrx_word' id='word_1_43' title='bbox 192 785 341 852; x_wconf 84' lang='grc' dir='ltr'>λέγει</span> <span class='ocrx_word' id='word_1_44' title='bbox 364 784 409 835; x_wconf 76' lang='grc' dir='ltr'>δ’</span> <span class='ocrx_word' id='word_1_45' title='bbox 459 782 551 836; x_wconf 77' lang='grc' dir='ltr'><strong>οὖν</strong></span> <span class='ocrx_word' id='word_1_46' title='bbox 602 781 699 836; x_wconf 64' lang='grc' dir='ltr'><strong>κα)⁸</strong></span> <span class='ocrx_word' id='word_1_47' title='bbox 731 783 758 835; x_wconf 82' lang='grc' dir='ltr'><strong>ὁ</strong></span> <span class='ocrx_word' id='word_1_48' title='bbox 800 780 1054 849; x_wconf 65' lang='grc' dir='ltr'>θώσοφος</span> <span class='ocrx_word' id='word_1_49' title='bbox 1113 781 1363 847; x_wconf 80' lang='grc' dir='ltr'><strong>Ἰωάννης</strong></span> <span class='ocrx_word' id='word_1_50' title='bbox 1407 779 1434 829; x_wconf 85' lang='grc' dir='ltr'><strong>ὁ</strong></span> <span class='ocrx_word' id='word_1_51' title='bbox 1467 780 1767 849; x_wconf 82' lang='grc' dir='ltr'>Χρυσόστο-</span> 
     </span>
    </p>
   </div>
   <div class='ocr_carea' id='block_1_9' title="bbox 192 870 1769 947">
    <p class='ocr_par' dir='ltr' id='par_1_9' title="bbox 192 870 1769 947">
     <span class='ocr_line' id='line_1_9' title="bbox 192 870 1769 947; baseline -0.004 -17"><span class='ocrx_word' id='word_1_52' title='bbox 192 894 290 947; x_wconf 87' lang='grc' dir='ltr'><strong>μος</strong></span> <span class='ocrx_word' id='word_1_53' title='bbox 362 878 445 929; x_wconf 84' lang='grc' dir='ltr'><strong>ὅτι</strong></span> <span class='ocrx_word' id='word_1_54' title='bbox 493 875 556 927; x_wconf 79' lang='grc' dir='ltr'><strong>οὐ</strong></span> <span class='ocrx_word' id='word_1_55' title='bbox 598 873 757 927; x_wconf 77' lang='grc' dir='ltr'>τοῦτο</span> <span class='ocrx_word' id='word_1_56' title='bbox 811 873 967 943; x_wconf 86' lang='grc' dir='ltr'>μόνον</span> <span class='ocrx_word' id='word_1_57' title='bbox 1020 873 1161 942; x_wconf 69' lang='grc' dir='ltr'>φημὶ</span> <span class='ocrx_word' id='word_1_58' title='bbox 1199 872 1281 925; x_wconf 84' lang='grc' dir='ltr'><strong>ὅτι</strong></span> <span class='ocrx_word' id='word_1_59' title='bbox 1341 870 1597 941; x_wconf 75' lang='grc' dir='ltr'><strong>προῄδει,</strong></span> <span class='ocrx_word' id='word_1_60' title='bbox 1646 871 1769 925; x_wconf 85' lang='grc' dir='ltr'>ἀλλ’</span> 
     </span>
    </p>
   </div>
   <div class='ocr_carea' id='block_1_10' title="bbox 186 962 1760 1036">
    <p class='ocr_par' dir='ltr' id='par_1_10' title="bbox 186 962 1760 1036">
     <span class='ocr_line' id='line_1_10' title="bbox 186 962 1760 1036; baseline -0.004 -13"><span class='ocrx_word' id='word_1_61' title='bbox 186 970 265 1023; x_wconf 83' lang='grc' dir='ltr'>ὅτι</span> <span class='ocrx_word' id='word_1_62' title='bbox 317 970 415 1022; x_wconf 80' lang='grc' dir='ltr'><strong>καὶ</strong></span> <span class='ocrx_word' id='word_1_63' title='bbox 462 967 701 1021; x_wconf 82' lang='grc' dir='ltr'><strong>πεσόντα</strong></span> <span class='ocrx_word' id='word_1_64' title='bbox 751 966 1045 1036; x_wconf 78' lang='grc' dir='ltr'><strong>ἀναστήσει</strong></span> <span class='ocrx_word' id='word_1_65' title='bbox 1089 964 1251 1018; x_wconf 82' lang='grc' dir='ltr'>αὐτὸν</span> <span class='ocrx_word' id='word_1_66' title='bbox 1295 962 1387 1018; x_wconf 80' lang='grc' dir='ltr'>διὰ</span> <span class='ocrx_word' id='word_1_67' title='bbox 1411 964 1511 1033; x_wconf 83' lang='grc' dir='ltr'>τῆς</span> <span class='ocrx_word' id='word_1_68' title='bbox 1552 964 1760 1016; x_wconf 87' lang='grc' dir='ltr'>οἰκονο-</span> 
     </span>
    </p>
   </div>
   <div class='ocr_carea' id='block_1_11' title="bbox 189 1053 1766 1133">
    <p class='ocr_par' dir='ltr' id='par_1_11' title="bbox 189 1053 1766 1133">
     <span class='ocr_line' id='line_1_11' title="bbox 189 1053 1766 1133; baseline -0.005 -18"><span class='ocrx_word' id='word_1_69' title='bbox 189 1062 343 1133; x_wconf 83' lang='grc' dir='ltr'>μίας.</span> <span class='ocrx_word' id='word_1_70' title='bbox 403 1060 515 1114; x_wconf 75' lang='grc' dir='ltr'>Καὶ</span> <span class='ocrx_word' id='word_1_71' title='bbox 581 1060 641 1113; x_wconf 82' lang='grc' dir='ltr'><strong>ού</strong></span> <span class='ocrx_word' id='word_1_72' title='bbox 706 1057 921 1130; x_wconf 89' lang='grc' dir='ltr'>πρῶτον</span> <span class='ocrx_word' id='word_1_73' title='bbox 970 1053 1078 1110; x_wconf 71' lang='grc' dir='ltr'>εἶδε</span> <span class='ocrx_word' id='word_1_74' title='bbox 1116 1057 1213 1128; x_wconf 83' lang='grc' dir='ltr'>τὴν</span> <span class='ocrx_word' id='word_1_75' title='bbox 1270 1057 1500 1121; x_wconf 81' lang='grc' dir='ltr'><strong>πτῶσιν,</strong></span> <span class='ocrx_word' id='word_1_76' title='bbox 1572 1056 1621 1108; x_wconf 86' lang='grc' dir='ltr'><strong>εί</strong></span> <span class='ocrx_word' id='word_1_77' title='bbox 1690 1054 1766 1126; x_wconf 82' lang='grc' dir='ltr'>μὴ</span> 
     </span>
    </p>
   </div>
   <div class='ocr_carea' id='block_1_12' title="bbox 185 1150 1761 1225">
    <p class='ocr_par' dir='ltr' id='par_1_12' title="bbox 185 1150 1761 1225">
     <span class='ocr_line' id='line_1_12' title="bbox 185 1150 1761 1225; baseline -0.004 -18"><span class='ocrx_word' id='word_1_78' title='bbox 185 1154 564 1225; x_wconf 82' lang='grc' dir='ltr'>προεπενόησε</span> <span class='ocrx_word' id='word_1_79' title='bbox 637 1151 734 1222; x_wconf 82' lang='grc' dir='ltr'>τὴν</span> <span class='ocrx_word' id='word_1_80' title='bbox 780 1152 1097 1207; x_wconf 85' lang='grc' dir='ltr'>ἀνάστασιν.</span> <span class='ocrx_word' id='word_1_81' title='bbox 1152 1150 1305 1222; x_wconf 76' lang='grc' dir='ltr'>’ῌδει</span> <span class='ocrx_word' id='word_1_82' title='bbox 1364 1150 1444 1203; x_wconf 78' lang='grc' dir='ltr'>ὅτι</span> <span class='ocrx_word' id='word_1_83' title='bbox 1493 1150 1761 1214; x_wconf 83' lang='grc' dir='ltr'>πεσεῖται,</span> 
     </span>
    </p>
   </div>
   <div class='ocr_carea' id='block_1_13' title="bbox 186 1241 1759 1317">
    <p class='ocr_par' dir='ltr' id='par_1_13' title="bbox 186 1241 1759 1317">
     <span class='ocr_line' id='line_1_13' title="bbox 186 1241 1759 1317; baseline -0.005 -16"><span class='ocrx_word' id='word_1_84' title='bbox 186 1246 328 1301; x_wconf 74' lang='grc' dir='ltr'>ἀλλὰ</span> <span class='ocrx_word' id='word_1_85' title='bbox 359 1244 703 1317; x_wconf 83' lang='grc' dir='ltr'>προαπέθετο</span> <span class='ocrx_word' id='word_1_86' title='bbox 734 1244 794 1298; x_wconf 82' lang='grc' dir='ltr'>τὸ</span> <span class='ocrx_word' id='word_1_87' title='bbox 824 1244 870 1276; x_wconf 77' lang='grc'><strong>⁹⁰</strong></span> <span class='ocrx_word' id='word_1_88' title='bbox 903 1244 1003 1313; x_wconf 81' lang='grc' dir='ltr'>τῆς</span> <span class='ocrx_word' id='word_1_89' title='bbox 1038 1242 1388 1305; x_wconf 78' lang='grc' dir='ltr'>ἀναστάσεως</span> <span class='ocrx_word' id='word_1_90' title='bbox 1427 1241 1720 1311; x_wconf 84' lang='grc' dir='ltr'>φάρμακον</span> <span class='ocrx_word' id='word_1_91' title='bbox 1744 1257 1759 1271; x_wconf 78' lang='grc'><strong>⁸</strong></span> 
     </span>
    </p>
   </div>
   <div class='ocr_carea' id='block_1_14' title="bbox 184 1332 1763 1407">
    <p class='ocr_par' dir='ltr' id='par_1_14' title="bbox 184 1332 1763 1407">
     <span class='ocr_line' id='line_1_14' title="bbox 184 1332 1763 1407; baseline -0.006 -14"><span class='ocrx_word' id='word_1_92' title='bbox 184 1342 272 1393; x_wconf 78' lang='grc' dir='ltr'><strong>καὶ</strong></span> <span class='ocrx_word' id='word_1_93' title='bbox 342 1336 730 1407; x_wconf 77' lang='grc' dir='ltr'><strong>συνεχώρησεν</strong></span> <span class='ocrx_word' id='word_1_94' title='bbox 788 1338 869 1400; x_wconf 89' lang='grc' dir='ltr'>εἰς</span> <span class='ocrx_word' id='word_1_95' title='bbox 928 1338 1127 1404; x_wconf 87' lang='grc' dir='ltr'>πεῖραν</span> <span class='ocrx_word' id='word_1_96' title='bbox 1184 1333 1354 1387; x_wconf 76' lang='grc' dir='ltr'>ἐλθεῖν</span> <span class='ocrx_word' id='word_1_97' title='bbox 1398 1333 1630 1387; x_wconf 87' lang='grc' dir='ltr'>θανάτου</span> <span class='ocrx_word' id='word_1_98' title='bbox 1674 1332 1763 1385; x_wconf 83' lang='grc' dir='ltr'>τὸν</span> 
     </span>
    </p>
   </div>
   <div class='ocr_carea' id='block_1_15' title="bbox 183 1424 1759 1500">
    <p class='ocr_par' dir='ltr' id='par_1_15' title="bbox 183 1424 1759 1500">
     <span class='ocr_line' id='line_1_15' title="bbox 183 1424 1759 1500; baseline -0.003 -17"><span class='ocrx_word' id='word_1_99' title='bbox 183 1429 494 1499; x_wconf 73' lang='grc' dir='ltr'>ἄνθρωπον,</span> <span class='ocrx_word' id='word_1_100' title='bbox 543 1427 703 1500; x_wconf 72' lang='grc'><strong>[1549</strong></span> <span class='ocrx_word' id='word_1_101' title='bbox 734 1426 826 1497; x_wconf 65' lang='grc'><strong>8.]</strong></span> <span class='ocrx_word' id='word_1_102' title='bbox 867 1428 954 1479; x_wconf 83' lang='grc' dir='ltr'>ῐνα</span> <span class='ocrx_word' id='word_1_103' title='bbox 989 1426 1149 1496; x_wconf 84' lang='grc' dir='ltr'>μάθοι</span> <span class='ocrx_word' id='word_1_104' title='bbox 1178 1426 1319 1489; x_wconf 88' lang='grc' dir='ltr'>τίνος</span> <span class='ocrx_word' id='word_1_105' title='bbox 1344 1426 1442 1496; x_wconf 87' lang='grc' dir='ltr'><strong>μὲν</strong></span> <span class='ocrx_word' id='word_1_106' title='bbox 1497 1424 1759 1479; x_wconf 75' lang='grc' dir='ltr'>ἀπολαύει</span> 
     </span>
    </p>
   </div>
   <div class='ocr_carea' id='block_1_16' title="bbox 184 1515 1762 1587">
    <p class='ocr_par' dir='ltr' id='par_1_16' title="bbox 184 1515 1762 1587">
     <span class='ocr_line' id='line_1_16' title="bbox 184 1515 1762 1587; baseline -0.004 -14"><span class='ocrx_word' id='word_1_107' title='bbox 184 1519 245 1573; x_wconf 84' lang='grc' dir='ltr'>δι’</span> <span class='ocrx_word' id='word_1_108' title='bbox 262 1518 484 1583; x_wconf 75' lang='grc' dir='ltr'>ἑαυτὸν,</span> <span class='ocrx_word' id='word_1_109' title='bbox 534 1517 677 1581; x_wconf 86' lang='grc' dir='ltr'>τίνος</span> <span class='ocrx_word' id='word_1_110' title='bbox 718 1517 776 1569; x_wconf 85' lang='grc' dir='ltr'>δὲ</span> <span class='ocrx_word' id='word_1_111' title='bbox 805 1520 873 1587; x_wconf 84' lang='grc' dir='ltr'>τῇ</span> <span class='ocrx_word' id='word_1_112' title='bbox 900 1517 994 1570; x_wconf 77' lang='grc' dir='ltr'>τοῦ</span> <span class='ocrx_word' id='word_1_113' title='bbox 1023 1516 1327 1578; x_wconf 82' lang='grc' dir='ltr'><strong>πλάσαντος</strong></span> <span class='ocrx_word' id='word_1_114' title='bbox 1366 1516 1568 1585; x_wconf 83' lang='grc' dir='ltr'>χάριτι.</span> <span class='ocrx_word' id='word_1_115' title='bbox 1606 1515 1762 1587; x_wconf 82' lang='grc' dir='ltr'>’ᾙδει</span> 
     </span>
    </p>
   </div>
   <div class='ocr_carea' id='block_1_17' title="bbox 186 1606 1761 1681">
    <p class='ocr_par' dir='ltr' id='par_1_17' title="bbox 186 1606 1761 1681">
     <span class='ocr_line' id='line_1_17' title="bbox 186 1606 1761 1681; baseline -0.003 -18"><span class='ocrx_word' id='word_1_116' title='bbox 186 1611 526 1681; x_wconf 80' lang='grc' dir='ltr'>πεσούμενον</span> <span class='ocrx_word' id='word_1_117' title='bbox 587 1610 680 1664; x_wconf 86' lang='grc' dir='ltr'>τὸν</span> <span class='ocrx_word' id='word_1_118' title='bbox 738 1609 939 1679; x_wconf 83' lang='grc' dir='ltr'>Ἀδάμ·</span> <span class='ocrx_word' id='word_1_119' title='bbox 1012 1608 1128 1663; x_wconf 82' lang='grc' dir='ltr'>ἀλλ’</span> <span class='ocrx_word' id='word_1_120' title='bbox 1191 1609 1418 1663; x_wconf 77' lang='grc' dir='ltr'>ἔϐλεπεν</span> <span class='ocrx_word' id='word_1_121' title='bbox 1478 1607 1538 1673; x_wconf 81' lang='grc' dir='ltr'>ἐξ</span> <span class='ocrx_word' id='word_1_122' title='bbox 1596 1606 1761 1661; x_wconf 75' lang='grc' dir='ltr'>αὑτοῦ</span> 
     </span>
    </p>
   </div>
   <div class='ocr_carea' id='block_1_18' title="bbox 185 1699 1758 1772">
    <p class='ocr_par' dir='ltr' id='par_1_18' title="bbox 185 1699 1758 1772">
     <span class='ocr_line' id='line_1_18' title="bbox 185 1699 1758 1772; baseline -0.002 -17"><span class='ocrx_word' id='word_1_123' title='bbox 185 1702 647 1772; x_wconf 79' lang='grc' dir='ltr'>προελευσόμενον</span> <span class='ocrx_word' id='word_1_124' title='bbox 682 1702 774 1755; x_wconf 80' lang='grc' dir='ltr'>τὸν</span> <span class='ocrx_word' id='word_1_125' title='bbox 815 1701 1001 1765; x_wconf 77' lang='grc' dir='ltr'>Ἀϐελ,</span> <span class='ocrx_word' id='word_1_126' title='bbox 1057 1702 1148 1755; x_wconf 80' lang='grc' dir='ltr'>τὸν</span> <span class='ocrx_word' id='word_1_127' title='bbox 1195 1699 1379 1767; x_wconf 84' lang='grc' dir='ltr'>Ἐνὼς,</span> <span class='ocrx_word' id='word_1_128' title='bbox 1429 1700 1521 1753; x_wconf 80' lang='grc' dir='ltr'>τὸν</span> <span class='ocrx_word' id='word_1_129' title='bbox 1567 1699 1758 1769; x_wconf 83' lang='grc' dir='ltr'>Ἑνὼχ,</span> 
     </span>
    </p>
   </div>
   <div class='ocr_carea' id='block_1_19' title="bbox 184 1789 1760 1863">
    <p class='ocr_par' dir='ltr' id='par_1_19' title="bbox 184 1789 1760 1863">
     <span class='ocr_line' id='line_1_19' title="bbox 184 1789 1760 1863; baseline -0.003 -16"><span class='ocrx_word' id='word_1_130' title='bbox 184 1794 265 1847; x_wconf 71' lang='grc' dir='ltr'><strong>τὸν</strong></span> <span class='ocrx_word' id='word_1_131' title='bbox 312 1792 474 1855; x_wconf 83' lang='grc' dir='ltr'>Νῶε,</span> <span class='ocrx_word' id='word_1_132' title='bbox 529 1792 620 1845; x_wconf 81' lang='grc' dir='ltr'><strong>τὸν</strong></span> <span class='ocrx_word' id='word_1_133' title='bbox 676 1792 882 1858; x_wconf 82' lang='grc' dir='ltr'>Ἠλίαν,</span> <span class='ocrx_word' id='word_1_134' title='bbox 922 1793 1048 1855; x_wconf 82' lang='grc' dir='ltr'>τοὺς</span> <span class='ocrx_word' id='word_1_135' title='bbox 1091 1793 1395 1863; x_wconf 82' lang='grc' dir='ltr'>προφήτας,</span> <span class='ocrx_word' id='word_1_136' title='bbox 1450 1791 1575 1853; x_wconf 81' lang='grc' dir='ltr'>τοὺς</span> <span class='ocrx_word' id='word_1_137' title='bbox 1626 1789 1760 1843; x_wconf 85' lang='grc' dir='ltr'>θαυ-</span> 
     </span>
    </p>
   </div>
   <div class='ocr_carea' id='block_1_20' title="bbox 1879 597 3443 675">
    <p class='ocr_par' dir='ltr' id='par_1_20' title="bbox 1879 597 3443 675">
     <span class='ocr_line' id='line_1_20' title="bbox 1879 597 3443 675; baseline 0.007 -25"><span class='ocrx_word' id='word_1_138' title='bbox 1879 606 2085 663; x_wconf 90' lang='lat' dir='ltr'><strong>turum,</strong></span> <span class='ocrx_word' id='word_1_139' title='bbox 2109 613 2278 667; x_wconf 90' lang='lat' dir='ltr'><strong>quare</strong></span> <span class='ocrx_word' id='word_1_140' title='bbox 2305 612 2429 653; x_wconf 92' lang='lat' dir='ltr'><strong>eum</strong></span> <span class='ocrx_word' id='word_1_141' title='bbox 2457 597 2747 665; x_wconf 82' lang='lat' dir='ltr'><strong>produxit?</strong></span> <span class='ocrx_word' id='word_1_142' title='bbox 2766 598 2831 654; x_wconf 87' lang='lat' dir='ltr'><strong>Et</strong></span> <span class='ocrx_word' id='word_1_143' title='bbox 2854 600 3035 656; x_wconf 65' lang='lat' dir='ltr'><strong>multa:</strong></span> <span class='ocrx_word' id='word_1_144' title='bbox 3061 612 3209 669; x_wconf 91' lang='lat' dir='ltr'><strong>sunt,</strong></span> <span class='ocrx_word' id='word_1_145' title='bbox 3238 614 3292 659; x_wconf 91' lang='lat' dir='ltr'><strong>et</strong></span> <span class='ocrx_word' id='word_1_146' title='bbox 3318 620 3443 675; x_wconf 89' lang='lat' dir='ltr'><strong>per-</strong></span> 
     </span>
    </p>
   </div>
   <div class='ocr_carea' id='block_1_21' title="bbox 1878 690 3444 769">
    <p class='ocr_par' dir='ltr' id='par_1_21' title="bbox 1878 690 3444 769">
     <span class='ocr_line' id='line_1_21' title="bbox 1878 690 3444 769; baseline 0.005 -24"><span class='ocrx_word' id='word_1_147' title='bbox 1878 690 2119 761; x_wconf 65' lang='lat' dir='ltr'><strong>pulchra:</strong></span> <span class='ocrx_word' id='word_1_148' title='bbox 2183 691 2345 761; x_wconf 88' lang='lat' dir='ltr'><strong>hujus</strong></span> <span class='ocrx_word' id='word_1_149' title='bbox 2406 692 2556 747; x_wconf 82' lang='lat' dir='ltr'><strong>dubii</strong></span> <span class='ocrx_word' id='word_1_150' title='bbox 2612 692 2931 749; x_wconf 75' lang='lat' dir='ltr'><strong>solutiones.</strong></span> <span class='ocrx_word' id='word_1_151' title='bbox 2972 713 2990 746; x_wconf 75' lang='grc' dir='ltr'><strong>ο</strong></span> <span class='ocrx_word' id='word_1_152' title='bbox 3054 693 3193 750; x_wconf 89' lang='lat' dir='ltr'><strong>Dicit</strong></span> <span class='ocrx_word' id='word_1_153' title='bbox 3255 696 3444 769; x_wconf 87' lang='lat' dir='ltr'><strong>itaque</strong></span> 
     </span>
    </p>
   </div>
   <div class='ocr_carea' id='block_1_22' title="bbox 1876 783 3442 858">
    <p class='ocr_par' dir='ltr' id='par_1_22' title="bbox 1876 783 3442 858">
     <span class='ocr_line' id='line_1_22' title="bbox 1876 783 3442 858; baseline 0.004 -20"><span class='ocrx_word' id='word_1_154' title='bbox 1876 783 2297 852; x_wconf 83' lang='lat' dir='ltr'><strong>Chrysostomus</strong></span> <span class='ocrx_word' id='word_1_155' title='bbox 2324 803 2334 836; x_wconf 90' lang='lat'>:</span> <span class='ocrx_word' id='word_1_156' title='bbox 2364 783 2481 837; x_wconf 86' lang='lat' dir='ltr'><strong>Non</strong></span> <span class='ocrx_word' id='word_1_157' title='bbox 2512 784 2615 839; x_wconf 89' lang='lat' dir='ltr'><strong>hoc</strong></span> <span class='ocrx_word' id='word_1_158' title='bbox 2643 785 2818 840; x_wconf 91' lang='lat' dir='ltr'><strong>solum</strong></span> <span class='ocrx_word' id='word_1_159' title='bbox 2840 786 2947 849; x_wconf 86' lang='lat' dir='ltr'><strong>aio.</strong></span> <span class='ocrx_word' id='word_1_160' title='bbox 2976 788 3120 858; x_wconf 90' lang='lat' dir='ltr'><strong>quod</strong></span> <span class='ocrx_word' id='word_1_161' title='bbox 3148 789 3442 857; x_wconf 68' lang='lat' dir='ltr'><strong>prmscivit,</strong></span> 
     </span>
    </p>
   </div>
   <div class='ocr_carea' id='block_1_23' title="bbox 1876 874 3441 947">
    <p class='ocr_par' dir='ltr' id='par_1_23' title="bbox 1876 874 3441 947">
     <span class='ocr_line' id='line_1_23' title="bbox 1876 874 3441 947; baseline 0.004 -18"><span class='ocrx_word' id='word_1_162' title='bbox 1876 874 1971 929; x_wconf 86' lang='lat' dir='ltr'><strong>sed</strong></span> <span class='ocrx_word' id='word_1_163' title='bbox 2005 875 2167 928; x_wconf 88' lang='lat' dir='ltr'><strong>etiam</strong></span> <span class='ocrx_word' id='word_1_164' title='bbox 2206 876 2352 943; x_wconf 91' lang='lat' dir='ltr'><strong>quod</strong></span> <span class='ocrx_word' id='word_1_165' title='bbox 2395 876 2607 945; x_wconf 90' lang='lat' dir='ltr'><strong>lapsum</strong></span> <span class='ocrx_word' id='word_1_166' title='bbox 2640 876 2912 930; x_wconf 85' lang='lat' dir='ltr'><strong>hominem</strong></span> <span class='ocrx_word' id='word_1_167' title='bbox 2948 893 3049 946; x_wconf 88' lang='lat' dir='ltr'><strong>per</strong></span> <span class='ocrx_word' id='word_1_168' title='bbox 3072 878 3441 947; x_wconf 85' lang='lat' dir='ltr'><strong>dispensatio-</strong></span> 
     </span>
    </p>
   </div>
   <div class='ocr_carea' id='block_1_24' title="bbox 1876 967 3443 1038">
    <p class='ocr_par' dir='ltr' id='par_1_24' title="bbox 1876 967 3443 1038">
     <span class='ocr_line' id='line_1_24' title="bbox 1876 967 3443 1038; baseline 0.004 -19"><span class='ocrx_word' id='word_1_169' title='bbox 1876 981 1999 1019; x_wconf 90' lang='lat' dir='ltr'><strong>nem</strong></span> <span class='ocrx_word' id='word_1_170' title='bbox 2040 974 2393 1034; x_wconf 89' lang='lat' dir='ltr'><strong>reparaturus</strong></span> <span class='ocrx_word' id='word_1_171' title='bbox 2415 976 2579 1022; x_wconf 88' lang='lat' dir='ltr'><strong>esset.</strong></span> <span class='ocrx_word' id='word_1_172' title='bbox 2611 967 2678 1021; x_wconf 86' lang='lat' dir='ltr'><strong>Et</strong></span> <span class='ocrx_word' id='word_1_173' title='bbox 2696 983 2800 1021; x_wconf 93' lang='lat' dir='ltr'><strong>non</strong></span> <span class='ocrx_word' id='word_1_174' title='bbox 2832 969 3009 1038; x_wconf 92' lang='lat' dir='ltr'><strong>primo</strong></span> <span class='ocrx_word' id='word_1_175' title='bbox 3038 970 3254 1038; x_wconf 88' lang='lat' dir='ltr'><strong>quidem</strong></span> <span class='ocrx_word' id='word_1_176' title='bbox 3286 970 3443 1026; x_wconf 84' lang='lat' dir='ltr'><strong>scivit</strong></span> 
     </span>
    </p>
   </div>
   <div class='ocr_carea' id='block_1_25' title="bbox 1873 1052 3440 1124">
    <p class='ocr_par' dir='ltr' id='par_1_25' title="bbox 1873 1052 3440 1124">
     <span class='ocr_line' id='line_1_25' title="bbox 1873 1052 3440 1124; baseline 0.004 -17"><span class='ocrx_word' id='word_1_177' title='bbox 1873 1053 2111 1123; x_wconf 88' lang='lat' dir='ltr'><strong>lapsum,</strong></span> <span class='ocrx_word' id='word_1_178' title='bbox 2166 1052 2271 1108; x_wconf 88' lang='lat' dir='ltr'><strong>nisi</strong></span> <span class='ocrx_word' id='word_1_179' title='bbox 2318 1054 2483 1108; x_wconf 89' lang='lat' dir='ltr'><strong>etiam</strong></span> <span class='ocrx_word' id='word_1_180' title='bbox 2533 1055 2889 1124; x_wconf 67' lang='lat' dir='ltr'><strong>praescivissct</strong></span> <span class='ocrx_word' id='word_1_181' title='bbox 2960 1058 3440 1113; x_wconf 76' lang='lat' dir='ltr'><strong>resurrectionem.</strong></span> 
     </span>
    </p>
   </div>
   <div class='ocr_carea' id='block_1_26' title="bbox 1875 1144 3443 1219">
    <p class='ocr_par' dir='ltr' id='par_1_26' title="bbox 1875 1144 3443 1219">
     <span class='ocr_line' id='line_1_26' title="bbox 1875 1144 3443 1219; baseline 0.004 -20"><span class='ocrx_word' id='word_1_182' title='bbox 1875 1144 2091 1201; x_wconf 79' lang='lat' dir='ltr'><strong>Sciebat</strong></span> <span class='ocrx_word' id='word_1_183' title='bbox 2112 1161 2235 1200; x_wconf 92' lang='lat' dir='ltr'><strong>eum</strong></span> <span class='ocrx_word' id='word_1_184' title='bbox 2254 1145 2559 1216; x_wconf 89' lang='lat' dir='ltr'><strong>lapsurum,</strong></span> <span class='ocrx_word' id='word_1_185' title='bbox 2582 1147 2676 1202; x_wconf 89' lang='lat' dir='ltr'><strong>sed</strong></span> <span class='ocrx_word' id='word_1_186' title='bbox 2706 1148 3158 1204; x_wconf 72' lang='lat' dir='ltr'><strong>resurrectionem</strong></span> <span class='ocrx_word' id='word_1_187' title='bbox 3184 1159 3443 1219; x_wconf 80' lang='lat' dir='ltr'><strong>tanquam</strong></span> 
     </span>
    </p>
   </div>
   <div class='ocr_carea' id='block_1_27' title="bbox 1871 1240 3443 1313">
    <p class='ocr_par' dir='ltr' id='par_1_27' title="bbox 1871 1240 3443 1313">
     <span class='ocr_line' id='line_1_27' title="bbox 1871 1240 3443 1313; baseline 0.002 -19"><span class='ocrx_word' id='word_1_188' title='bbox 1871 1240 2169 1295; x_wconf 84' lang='lat' dir='ltr'><strong>remedium</strong></span> <span class='ocrx_word' id='word_1_189' title='bbox 2204 1240 2546 1310; x_wconf 65' lang='lat' dir='ltr'><strong>praeparavit,</strong></span> <span class='ocrx_word' id='word_1_190' title='bbox 2577 1249 2631 1295; x_wconf 89' lang='lat' dir='ltr'><strong>et</strong></span> <span class='ocrx_word' id='word_1_191' title='bbox 2672 1241 2919 1311; x_wconf 88' lang='lat' dir='ltr'><strong>permisit</strong></span> <span class='ocrx_word' id='word_1_192' title='bbox 2948 1242 3224 1297; x_wconf 88' lang='lat' dir='ltr'><strong>hominem</strong></span> <span class='ocrx_word' id='word_1_193' title='bbox 3266 1258 3443 1313; x_wconf 88' lang='lat' dir='ltr'><strong>usque</strong></span> 
     </span>
    </p>
   </div>
   <div class='ocr_carea' id='block_1_28' title="bbox 1876 1332 3441 1405">
    <p class='ocr_par' dir='ltr' id='par_1_28' title="bbox 1876 1332 3441 1405">
     <span class='ocr_line' id='line_1_28' title="bbox 1876 1332 3441 1405; baseline 0.001 -18"><span class='ocrx_word' id='word_1_194' title='bbox 1876 1334 1941 1387; x_wconf 88' lang='lat' dir='ltr'><strong>ad</strong></span> <span class='ocrx_word' id='word_1_195' title='bbox 1996 1333 2292 1403; x_wconf 87' lang='lat' dir='ltr'><strong>periculum</strong></span> <span class='ocrx_word' id='word_1_196' title='bbox 2344 1332 2538 1388; x_wconf 92' lang='lat' dir='ltr'><strong>mortis</strong></span> <span class='ocrx_word' id='word_1_197' title='bbox 2569 1334 2874 1403; x_wconf 87' lang='lat' dir='ltr'><strong>pervenire,</strong></span> <span class='ocrx_word' id='word_1_198' title='bbox 2915 1342 2976 1388; x_wconf 90' lang='lat' dir='ltr'><strong>ut</strong></span> <span class='ocrx_word' id='word_1_199' title='bbox 3015 1334 3268 1399; x_wconf 89' lang='lat' dir='ltr'><strong>disceret,</strong></span> <span class='ocrx_word' id='word_1_200' title='bbox 3307 1334 3441 1405; x_wconf 90' lang='lat' dir='ltr'><strong>quid</strong></span> 
     </span>
    </p>
   </div>
   <div class='ocr_carea' id='block_1_29' title="bbox 1871 1426 3441 1498">
    <p class='ocr_par' dir='ltr' id='par_1_29' title="bbox 1871 1426 3441 1498">
     <span class='ocr_line' id='line_1_29' title="bbox 1871 1426 3441 1498; baseline -0.001 -16"><span class='ocrx_word' id='word_1_201' title='bbox 1871 1441 1971 1482; x_wconf 92' lang='lat' dir='ltr'><strong>sua</strong></span> <span class='ocrx_word' id='word_1_202' title='bbox 1998 1426 2156 1496; x_wconf 88' lang='lat' dir='ltr'><strong>culpa</strong></span> <span class='ocrx_word' id='word_1_203' title='bbox 2184 1437 2577 1495; x_wconf 86' lang='lat' dir='ltr'><strong>consequatur,</strong></span> <span class='ocrx_word' id='word_1_204' title='bbox 2617 1438 2672 1481; x_wconf 95' lang='lat' dir='ltr'><strong>et</strong></span> <span class='ocrx_word' id='word_1_205' title='bbox 2723 1427 2854 1497; x_wconf 89' lang='lat' dir='ltr'><strong>quid</strong></span> <span class='ocrx_word' id='word_1_206' title='bbox 2885 1442 2981 1496; x_wconf 89' lang='lat' dir='ltr'><strong>per</strong></span> <span class='ocrx_word' id='word_1_207' title='bbox 3005 1426 3283 1483; x_wconf 81' lang='lat' dir='ltr'><strong>Creatoris</strong></span> <span class='ocrx_word' id='word_1_208' title='bbox 3315 1442 3441 1498; x_wconf 82' lang='lat' dir='ltr'><strong>gra-</strong></span> 
     </span>
    </p>
   </div>
   <div class='ocr_carea' id='block_1_30' title="bbox 1870 1515 3444 1581">
    <p class='ocr_par' dir='ltr' id='par_1_30' title="bbox 1870 1515 3444 1581">
     <span class='ocr_line' id='line_1_30' title="bbox 1870 1515 3444 1581; baseline -0.001 -9"><span class='ocrx_word' id='word_1_209' title='bbox 1870 1518 2023 1573; x_wconf 84' lang='lat' dir='ltr'><strong>tiam.</strong></span> <span class='ocrx_word' id='word_1_210' title='bbox 2073 1516 2246 1570; x_wconf 86' lang='lat' dir='ltr'><strong>Scivit</strong></span> <span class='ocrx_word' id='word_1_211' title='bbox 2306 1515 2420 1569; x_wconf 81' lang='lat' dir='ltr'><strong>fore</strong></span> <span class='ocrx_word' id='word_1_212' title='bbox 2474 1524 2535 1570; x_wconf 90' lang='lat' dir='ltr'><strong>ut</strong></span> <span class='ocrx_word' id='word_1_213' title='bbox 2590 1516 2761 1570; x_wconf 84' lang='lat' dir='ltr'><strong>Adam</strong></span> <span class='ocrx_word' id='word_1_214' title='bbox 2803 1517 3040 1581; x_wconf 85' lang='lat' dir='ltr'><strong>caderet,</strong></span> <span class='ocrx_word' id='word_1_215' title='bbox 3078 1517 3173 1571; x_wconf 88' lang='lat' dir='ltr'><strong>sed</strong></span> <span class='ocrx_word' id='word_1_216' title='bbox 3212 1515 3348 1570; x_wconf 78' lang='lat' dir='ltr'><strong>vidit</strong></span> <span class='ocrx_word' id='word_1_217' title='bbox 3375 1531 3444 1571; x_wconf 79' lang='lat' dir='ltr'><strong>ex</strong></span> 
     </span>
    </p>
   </div>
   <div class='ocr_carea' id='block_1_31' title="bbox 1870 1605 3440 1680">
    <p class='ocr_par' dir='ltr' id='par_1_31' title="bbox 1870 1605 3440 1680">
     <span class='ocr_line' id='line_1_31' title="bbox 1870 1605 3440 1680; baseline -0.002 -14"><span class='ocrx_word' id='word_1_218' title='bbox 1870 1611 1962 1666; x_wconf 88' lang='lat' dir='ltr'><strong>illo</strong></span> <span class='ocrx_word' id='word_1_219' title='bbox 2009 1610 2350 1680; x_wconf 87' lang='lat' dir='ltr'><strong>proditurum</strong></span> <span class='ocrx_word' id='word_1_220' title='bbox 2407 1608 2562 1675; x_wconf 87' lang='lat' dir='ltr'><strong>Abel,</strong></span> <span class='ocrx_word' id='word_1_221' title='bbox 2613 1607 2779 1673; x_wconf 85' lang='lat' dir='ltr'><strong>Enos,</strong></span> <span class='ocrx_word' id='word_1_222' title='bbox 2827 1606 3037 1672; x_wconf 88' lang='lat' dir='ltr'><strong>Enoch,</strong></span> <span class='ocrx_word' id='word_1_223' title='bbox 3062 1605 3195 1675; x_wconf 88' lang='lat' dir='ltr'><strong>Noe,</strong></span> <span class='ocrx_word' id='word_1_224' title='bbox 3243 1608 3440 1674; x_wconf 86' lang='lat' dir='ltr'><strong>Eliam,</strong></span> 
     </span>
    </p>
   </div>
   <div class='ocr_carea' id='block_1_32' title="bbox 1868 1702 3441 1775">
    <p class='ocr_par' dir='ltr' id='par_1_32' title="bbox 1868 1702 3441 1775">
     <span class='ocr_line' id='line_1_32' title="bbox 1868 1702 3441 1775; baseline -0.001 -17"><span class='ocrx_word' id='word_1_225' title='bbox 1868 1705 2184 1775; x_wconf 88' lang='lat' dir='ltr'><strong>prophetas,</strong></span> <span class='ocrx_word' id='word_1_226' title='bbox 2230 1703 2582 1758; x_wconf 89' lang='lat' dir='ltr'><strong>admirandos</strong></span> <span class='ocrx_word' id='word_1_227' title='bbox 2623 1703 2917 1772; x_wconf 89' lang='lat' dir='ltr'><strong>apostolos,</strong></span> <span class='ocrx_word' id='word_1_228' title='bbox 2970 1702 3305 1758; x_wconf 85' lang='lat' dir='ltr'><strong>nobilitatem</strong></span> <span class='ocrx_word' id='word_1_229' title='bbox 3341 1718 3441 1757; x_wconf 86' lang='lat' dir='ltr'><strong>na-</strong></span> 
     </span>
    </p>
   </div>
   <div class='ocr_carea' id='block_1_33' title="bbox 1867 1796 3444 1867">
    <p class='ocr_par' dir='ltr' id='par_1_33' title="bbox 1867 1796 3444 1867">
     <span class='ocr_line' id='line_1_33' title="bbox 1867 1796 3444 1867; baseline -0.002 -14"><span class='ocrx_word' id='word_1_230' title='bbox 1867 1808 2022 1861; x_wconf 78' lang='lat' dir='ltr'><strong>turae,</strong></span> <span class='ocrx_word' id='word_1_231' title='bbox 2056 1798 2189 1851; x_wconf 85' lang='lat' dir='ltr'><strong>vidit</strong></span> <span class='ocrx_word' id='word_1_232' title='bbox 2229 1805 2529 1867; x_wconf 88' lang='lat' dir='ltr'><strong>martyrum</strong></span> <span class='ocrx_word' id='word_1_233' title='bbox 2564 1796 2755 1860; x_wconf 88' lang='lat' dir='ltr'><strong>nubes,</strong></span> <span class='ocrx_word' id='word_1_234' title='bbox 2779 1796 3042 1852; x_wconf 89' lang='lat' dir='ltr'><strong>divinitus</strong></span> <span class='ocrx_word' id='word_1_235' title='bbox 3078 1804 3278 1865; x_wconf 89' lang='lat' dir='ltr'><strong>motas,</strong></span> <span class='ocrx_word' id='word_1_236' title='bbox 3327 1798 3444 1866; x_wconf 87' lang='lat' dir='ltr'><strong>pie-</strong></span> 
     </span>
    </p>
   </div>
   <div class='ocr_carea' id='block_1_34' title="bbox 190 1878 1769 1956">
    <p class='ocr_par' dir='ltr' id='par_1_34' title="bbox 190 1882 1763 1956">
     <span class='ocr_line' id='line_1_34' title="bbox 190 1882 1763 1956; baseline -0.003 -17"><span class='ocrx_word' id='word_1_237' title='bbox 190 1887 417 1955; x_wconf 77' lang='grc' dir='ltr'>μαστοὺς</span> <span class='ocrx_word' id='word_1_238' title='bbox 476 1885 828 1951; x_wconf 83' lang='grc' dir='ltr'>ἀποστόλους,</span> <span class='ocrx_word' id='word_1_239' title='bbox 859 1885 959 1956; x_wconf 82' lang='grc' dir='ltr'>τὴν</span> <span class='ocrx_word' id='word_1_240' title='bbox 992 1884 1271 1953; x_wconf 84' lang='grc' dir='ltr'>εὐγένειαν</span> <span class='ocrx_word' id='word_1_241' title='bbox 1296 1884 1393 1954; x_wconf 84' lang='grc' dir='ltr'><strong>τῆς</strong></span> <span class='ocrx_word' id='word_1_242' title='bbox 1421 1883 1656 1951; x_wconf 83' lang='grc' dir='ltr'>φύσεως,</span> <span class='ocrx_word' id='word_1_243' title='bbox 1690 1882 1763 1936; x_wconf 81' lang='grc' dir='ltr'><strong>τά</strong></span> 
     </span>
    </p>
   </div>
   <div class='ocr_carea' id='block_1_35' title="bbox 1875 1878 3439 1956">
    <p class='ocr_par' dir='ltr' id='par_1_35' title="bbox 1875 1886 3439 1951">
     <span class='ocr_line' id='line_1_35' title="bbox 1875 1886 3439 1951; baseline 0.001 -8"><span class='ocrx_word' id='word_1_244' title='bbox 1875 1898 2029 1943; x_wconf 73' lang='lat' dir='ltr'><strong>tatem</strong></span> <span class='ocrx_word' id='word_1_245' title='bbox 2081 1888 2370 1943; x_wconf 87' lang='lat' dir='ltr'><strong>distillare.</strong></span> <span class='ocrx_word' id='word_1_246' title='bbox 2408 1886 2550 1941; x_wconf 79' lang='lat' dir='ltr'><strong>Vidit</strong></span> <span class='ocrx_word' id='word_1_247' title='bbox 2588 1887 2731 1943; x_wconf 64' lang='lat' dir='ltr'><strong>haec:</strong></span> <span class='ocrx_word' id='word_1_248' title='bbox 2761 1897 2816 1943; x_wconf 89' lang='lat' dir='ltr'><strong>et</strong></span> <span class='ocrx_word' id='word_1_249' title='bbox 2867 1889 2955 1943; x_wconf 92' lang='lat' dir='ltr'><strong>ubi</strong></span> <span class='ocrx_word' id='word_1_250' title='bbox 3009 1897 3126 1943; x_wconf 89' lang='lat' dir='ltr'><strong>erat</strong></span> <span class='ocrx_word' id='word_1_251' title='bbox 3160 1891 3439 1951; x_wconf 90' lang='lat' dir='ltr'><strong>honestas,</strong></span> 
     </span>
    </p>
   </div>
   <div class='ocr_carea' id='block_1_36' title="bbox 190 1974 1763 2047">
    <p class='ocr_par' dir='ltr' id='par_1_36' title="bbox 190 1974 1763 2047">
     <span class='ocr_line' id='line_1_36' title="bbox 190 1974 1763 2047; baseline 0.001 -20"><span class='ocrx_word' id='word_1_252' title='bbox 190 1975 473 2046; x_wconf 84' lang='grc' dir='ltr'>θεοκίνητα</span> <span class='ocrx_word' id='word_1_253' title='bbox 502 1975 611 2029; x_wconf 89' lang='grc' dir='ltr'><strong>τῶν</strong></span> <span class='ocrx_word' id='word_1_254' title='bbox 647 1976 939 2047; x_wconf 88' lang='grc' dir='ltr'>μαρτύρων</span> <span class='ocrx_word' id='word_1_255' title='bbox 969 1976 1060 2029; x_wconf 74' lang='grc' dir='ltr'><strong>καὶ</strong></span> <span class='ocrx_word' id='word_1_256' title='bbox 1081 1975 1347 2039; x_wconf 78' lang='grc' dir='ltr'><strong>στάζοντα</strong></span> <span class='ocrx_word' id='word_1_257' title='bbox 1364 1975 1462 2044; x_wconf 81' lang='grc' dir='ltr'>τὴν</span> <span class='ocrx_word' id='word_1_258' title='bbox 1482 1974 1763 2029; x_wconf 80' lang='grc' dir='ltr'>εὐσέϐειαν</span> 
     </span>
    </p>
   </div>
   <div class='ocr_carea' id='block_1_37' title="bbox 193 2063 1764 2138">
    <p class='ocr_par' dir='ltr' id='par_1_37' title="bbox 193 2063 1764 2138">
     <span class='ocr_line' id='line_1_37' title="bbox 193 2063 1764 2138; baseline 0.001 -19"><span class='ocrx_word' id='word_1_259' title='bbox 193 2067 338 2136; x_wconf 80' lang='grc' dir='ltr'>νέφη.</span> <span class='ocrx_word' id='word_1_260' title='bbox 396 2068 638 2121; x_wconf 77' lang='grc' dir='ltr'>Ἐὁλεπε</span> <span class='ocrx_word' id='word_1_261' title='bbox 692 2069 887 2135; x_wconf 79' lang='grc' dir='ltr'>ταῦτα,</span> <span class='ocrx_word' id='word_1_262' title='bbox 928 2069 1022 2121; x_wconf 75' lang='grc' dir='ltr'><strong>καὶ</strong></span> <span class='ocrx_word' id='word_1_263' title='bbox 1071 2068 1175 2120; x_wconf 74' lang='grc' dir='ltr'>ποῦ</span> <span class='ocrx_word' id='word_1_264' title='bbox 1229 2063 1297 2138; x_wconf 77' lang='grc' dir='ltr'><strong>ἦν</strong></span> <span class='ocrx_word' id='word_1_265' title='bbox 1332 2067 1496 2121; x_wconf 80' lang='grc' dir='ltr'>καλὸν</span> <span class='ocrx_word' id='word_1_266' title='bbox 1523 2107 1538 2131; x_wconf 85' lang='grc'><strong>,</strong></span> <span class='ocrx_word' id='word_1_267' title='bbox 1577 2069 1679 2121; x_wconf 81' lang='grc' dir='ltr'><strong>ποῦ</strong></span> <span class='ocrx_word' id='word_1_268' title='bbox 1708 2068 1764 2121; x_wconf 77' lang='grc' dir='ltr'>δὲ</span> 
     </span>
    </p>
   </div>
   <div class='ocr_carea' id='block_1_38' title="bbox 190 2156 1763 2233">
    <p class='ocr_par' dir='ltr' id='par_1_38' title="bbox 190 2156 1763 2233">
     <span class='ocr_line' id='line_1_38' title="bbox 190 2156 1763 2233; baseline 0.001 -21"><span class='ocrx_word' id='word_1_269' title='bbox 190 2160 402 2225; x_wconf 82' lang='grc' dir='ltr'>δίκαιον,</span> <span class='ocrx_word' id='word_1_270' title='bbox 439 2162 544 2215; x_wconf 81' lang='grc' dir='ltr'><strong>ποῦ</strong></span> <span class='ocrx_word' id='word_1_271' title='bbox 581 2162 639 2214; x_wconf 81' lang='grc' dir='ltr'>δὲ</span> <span class='ocrx_word' id='word_1_272' title='bbox 681 2161 1006 2233; x_wconf 85' lang='grc' dir='ltr'>θεοπρεπὲς,</span> <span class='ocrx_word' id='word_1_273' title='bbox 1059 2159 1195 2233; x_wconf 75' lang='grc' dir='ltr'>[ἵνα]</span> <span class='ocrx_word' id='word_1_274' title='bbox 1251 2161 1384 2214; x_wconf 77' lang='grc' dir='ltr'>διότι</span> <span class='ocrx_word' id='word_1_275' title='bbox 1421 2160 1645 2230; x_wconf 76' lang='grc' dir='ltr'>ἔμελλεν</span> <span class='ocrx_word' id='word_1_276' title='bbox 1684 2156 1763 2225; x_wconf 75' lang='grc' dir='ltr'>εἷς</span> 
     </span>
    </p>
   </div>
   <div class='ocr_carea' id='block_1_39' title="bbox 200 2252 1765 2324">
    <p class='ocr_par' dir='ltr' id='par_1_39' title="bbox 200 2252 1765 2324">
     <span class='ocr_line' id='line_1_39' title="bbox 200 2252 1765 2324; baseline -0.001 -19"><span class='ocrx_word' id='word_1_277' title='bbox 200 2253 464 2324; x_wconf 72' lang='grc' dir='ltr'>ἅνθρωπος</span> <span class='ocrx_word' id='word_1_278' title='bbox 519 2255 877 2324; x_wconf 81' lang='grc' dir='ltr'>ἁμαρτάνειν,</span> <span class='ocrx_word' id='word_1_279' title='bbox 920 2253 1111 2307; x_wconf 81' lang='grc' dir='ltr'>τοῦτον</span> <span class='ocrx_word' id='word_1_280' title='bbox 1166 2254 1240 2323; x_wconf 84' lang='grc' dir='ltr'>μὴ</span> <span class='ocrx_word' id='word_1_281' title='bbox 1290 2255 1517 2321; x_wconf 80' lang='grc' dir='ltr'>ἀγαγεῖν</span> <span class='ocrx_word' id='word_1_282' title='bbox 1578 2253 1642 2304; x_wconf 86' lang='grc' dir='ltr'><strong>ἐκ</strong></span> <span class='ocrx_word' id='word_1_283' title='bbox 1689 2252 1765 2323; x_wconf 79' lang='grc' dir='ltr'>μὴ</span> 
     </span>
    </p>
   </div>
   <div class='ocr_carea' id='block_1_40' title="bbox 208 2339 1765 2415">
    <p class='ocr_par' dir='ltr' id='par_1_40' title="bbox 208 2339 1765 2415">
     <span class='ocr_line' id='line_1_40' title="bbox 208 2339 1765 2415; baseline -0.001 -18"><span class='ocrx_word' id='word_1_284' title='bbox 208 2345 372 2410; x_wconf 66' lang='grc' dir='ltr'>ὅντων,</span> <span class='ocrx_word' id='word_1_285' title='bbox 392 2347 484 2401; x_wconf 81' lang='grc' dir='ltr'><strong>καὶ</strong></span> <span class='ocrx_word' id='word_1_286' title='bbox 512 2347 784 2399; x_wconf 85' lang='grc' dir='ltr'>τοσούτων</span> <span class='ocrx_word' id='word_1_287' title='bbox 815 2345 1045 2415; x_wconf 81' lang='grc' dir='ltr'>ἀνδρῶν,</span> <span class='ocrx_word' id='word_1_288' title='bbox 1085 2339 1161 2398; x_wconf 80' lang='grc' dir='ltr'><strong>ὧν</strong></span> <span class='ocrx_word' id='word_1_289' title='bbox 1190 2345 1310 2398; x_wconf 76' lang='grc' dir='ltr'>οὐδὲ</span> <span class='ocrx_word' id='word_1_290' title='bbox 1341 2343 1462 2398; x_wconf 85' lang='grc' dir='ltr'>καθ’</span> <span class='ocrx_word' id='word_1_291' title='bbox 1496 2344 1591 2396; x_wconf 76' lang='grc' dir='ltr'>ἕνα</span> <span class='ocrx_word' id='word_1_292' title='bbox 1618 2342 1765 2407; x_wconf 79' lang='grc' dir='ltr'>ἄξιος</span> 
     </span>
    </p>
   </div>
   <div class='ocr_carea' id='block_1_41' title="bbox 212 2436 1765 2511">
    <p class='ocr_par' dir='ltr' id='par_1_41' title="bbox 212 2436 1765 2511">
     <span class='ocr_line' id='line_1_41' title="bbox 212 2436 1765 2511; baseline 0.002 -24"><span class='ocrx_word' id='word_1_293' title='bbox 212 2438 237 2487; x_wconf 81' lang='grc' dir='ltr'>ὁ</span> <span class='ocrx_word' id='word_1_294' title='bbox 266 2440 473 2507; x_wconf 81' lang='grc' dir='ltr'>κόσμος,</span> <span class='ocrx_word' id='word_1_295' title='bbox 531 2440 709 2511; x_wconf 76' lang='grc' dir='ltr'>φορὰν</span> <span class='ocrx_word' id='word_1_296' title='bbox 752 2438 1046 2507; x_wconf 64' lang='grc' dir='ltr'>ἀνακόψαι,</span> <span class='ocrx_word' id='word_1_297' title='bbox 1095 2439 1191 2491; x_wconf 74' lang='grc' dir='ltr'><strong>καὶ</strong></span> <span class='ocrx_word' id='word_1_298' title='bbox 1226 2437 1439 2509; x_wconf 84' lang='grc' dir='ltr'>θερίσαι</span> <span class='ocrx_word' id='word_1_299' title='bbox 1468 2436 1765 2509; x_wconf 74' lang='grc' dir='ltr'>πρόρριζον</span> 
     </span>
    </p>
   </div>
   <div class='ocr_carea' id='block_1_42' title="bbox 211 2529 1763 2603">
    <p class='ocr_par' dir='ltr' id='par_1_42' title="bbox 211 2529 1763 2603">
     <span class='ocr_line' id='line_1_42' title="bbox 211 2529 1763 2603; baseline 0.002 -23"><span class='ocrx_word' id='word_1_300' title='bbox 211 2530 296 2595; x_wconf 76' lang='grc' dir='ltr'><strong>τὴν</strong></span> <span class='ocrx_word' id='word_1_301' title='bbox 318 2531 576 2603; x_wconf 80' lang='grc' dir='ltr'>τοσαύτην</span> <span class='ocrx_word' id='word_1_302' title='bbox 625 2530 720 2585; x_wconf 81' lang='grc' dir='ltr'><strong>τοῦ</strong></span> <span class='ocrx_word' id='word_1_303' title='bbox 766 2532 955 2600; x_wconf 82' lang='grc' dir='ltr'>γένους</span> <span class='ocrx_word' id='word_1_304' title='bbox 1004 2532 1297 2602; x_wconf 82' lang='grc' dir='ltr'>βλάστησιν</span> <span class='ocrx_word' id='word_1_305' title='bbox 1337 2530 1431 2582; x_wconf 75' lang='grc' dir='ltr'>καὶ</span> <span class='ocrx_word' id='word_1_306' title='bbox 1480 2529 1763 2601; x_wconf 84' lang='grc' dir='ltr'>καλλονὴν,</span> 
     </span>
    </p>
   </div>
   <div class='ocr_carea' id='block_1_43' title="bbox 204 2622 1763 2696">
    <p class='ocr_par' dir='ltr' id='par_1_43' title="bbox 204 2622 1763 2696">
     <span class='ocr_line' id='line_1_43' title="bbox 204 2622 1763 2696; baseline 0.003 -23"><span class='ocrx_word' id='word_1_307' title='bbox 204 2623 285 2674; x_wconf 77' lang='grc' dir='ltr'><strong>καὶ</strong></span> <span class='ocrx_word' id='word_1_308' title='bbox 326 2625 441 2678; x_wconf 83' lang='grc' dir='ltr'>κατ’</span> <span class='ocrx_word' id='word_1_309' title='bbox 468 2626 644 2696; x_wconf 78' lang='grc' dir='ltr'>αὐτῆς</span> <span class='ocrx_word' id='word_1_310' title='bbox 688 2625 977 2694; x_wconf 78' lang='grc' dir='ltr'>ἐπαφιέναι</span> <span class='ocrx_word' id='word_1_311' title='bbox 1010 2625 1108 2694; x_wconf 86' lang='grc' dir='ltr'><strong>τὴν</strong></span> <span class='ocrx_word' id='word_1_312' title='bbox 1139 2623 1377 2694; x_wconf 78' lang='grc' dir='ltr'>ἐκτομὴν</span> <span class='ocrx_word' id='word_1_313' title='bbox 1424 2622 1521 2676; x_wconf 71' lang='grc' dir='ltr'><strong>καὶ</strong></span> <span class='ocrx_word' id='word_1_314' title='bbox 1570 2624 1763 2694; x_wconf 79' lang='grc' dir='ltr'>ὀργὴν,</span> 
     </span>
    </p>
   </div>
   <div class='ocr_carea' id='block_1_44' title="bbox 199 2711 1766 2788">
    <p class='ocr_par' dir='ltr' id='par_1_44' title="bbox 199 2711 1766 2788">
     <span class='ocr_line' id='line_1_44' title="bbox 199 2711 1766 2788; baseline 0.002 -21"><span class='ocrx_word' id='word_1_315' title='bbox 199 2711 276 2767; x_wconf 73' lang='grc' dir='ltr'><strong>καὶ</strong></span> <span class='ocrx_word' id='word_1_316' title='bbox 302 2716 419 2768; x_wconf 77' lang='grc' dir='ltr'>τότε</span> <span class='ocrx_word' id='word_1_317' title='bbox 447 2716 547 2770; x_wconf 84' lang='grc' dir='ltr'>τοῦ</span> <span class='ocrx_word' id='word_1_318' title='bbox 600 2716 699 2787; x_wconf 81' lang='grc' dir='ltr'><strong>τὴν</strong></span> <span class='ocrx_word' id='word_1_319' title='bbox 748 2718 1025 2788; x_wconf 77' lang='grc' dir='ltr'>ἁμαρτίαν</span> <span class='ocrx_word' id='word_1_320' title='bbox 1070 2716 1293 2785; x_wconf 73' lang='grc' dir='ltr'>ὕστερον</span> <span class='ocrx_word' id='word_1_321' title='bbox 1336 2716 1596 2784; x_wconf 79' lang='grc' dir='ltr'>ἑλομένου</span> <span class='ocrx_word' id='word_1_322' title='bbox 1640 2715 1766 2770; x_wconf 76' lang='grc' dir='ltr'>οὕτε</span> 
     </span>
    </p>
   </div>
   <div class='ocr_carea' id='block_1_45' title="bbox 192 2807 1766 2881">
    <p class='ocr_par' dir='ltr' id='par_1_45' title="bbox 192 2807 1766 2881">
     <span class='ocr_line' id='line_1_45' title="bbox 192 2807 1766 2881; baseline 0.001 -20"><span class='ocrx_word' id='word_1_323' title='bbox 192 2807 517 2880; x_wconf 72' lang='grc' dir='ltr'>ἁμαρτόντος</span> <span class='ocrx_word' id='word_1_324' title='bbox 582 2809 707 2864; x_wconf 73' lang='grc' dir='ltr'>οὕτε</span> <span class='ocrx_word' id='word_1_325' title='bbox 786 2811 1055 2881; x_wconf 83' lang='grc' dir='ltr'>ἁμαρτεῖν</span> <span class='ocrx_word' id='word_1_326' title='bbox 1128 2810 1586 2880; x_wconf 86' lang='grc' dir='ltr'>μεμελετηκότος,</span> <span class='ocrx_word' id='word_1_327' title='bbox 1671 2810 1766 2864; x_wconf 83' lang='grc' dir='ltr'>ἆτε</span> 
     </span>
    </p>
   </div>
   <div class='ocr_carea' id='block_1_46' title="bbox 195 2901 1770 2975">
    <p class='ocr_par' dir='ltr' id='par_1_46' title="bbox 195 2901 1770 2975">
     <span class='ocr_line' id='line_1_46' title="bbox 195 2901 1770 2975; baseline -0.001 -18"><span class='ocrx_word' id='word_1_328' title='bbox 195 2902 342 2971; x_wconf 76' lang='grc' dir='ltr'>μήπω</span> <span class='ocrx_word' id='word_1_329' title='bbox 391 2903 536 2975; x_wconf 76' lang='grc' dir='ltr'>μηδὲ</span> <span class='ocrx_word' id='word_1_330' title='bbox 607 2904 954 2973; x_wconf 83' lang='grc' dir='ltr'>ὑφεστῶτος;</span> <span class='ocrx_word' id='word_1_331' title='bbox 1011 2904 1060 2956; x_wconf 86' lang='grc' dir='ltr'><strong>εί</strong></span> <span class='ocrx_word' id='word_1_332' title='bbox 1111 2902 1219 2974; x_wconf 80' lang='grc' dir='ltr'><strong>γὰρ</strong></span> <span class='ocrx_word' id='word_1_333' title='bbox 1276 2901 1569 2974; x_wconf 80' lang='grc' dir='ltr'>σωφρόνων</span> <span class='ocrx_word' id='word_1_334' title='bbox 1622 2903 1770 2956; x_wconf 73' lang='grc' dir='ltr'>ἐστὶν</span> 
     </span>
    </p>
   </div>
   <div class='ocr_carea' id='block_1_47' title="bbox 191 2991 1770 3065">
    <p class='ocr_par' dir='ltr' id='par_1_47' title="bbox 191 2991 1770 3065">
     <span class='ocr_line' id='line_1_47' title="bbox 191 2991 1770 3065; baseline 0.005 -22"><span class='ocrx_word' id='word_1_335' title='bbox 191 2991 379 3061; x_wconf 81' lang='grc' dir='ltr'>ἀνδρῶν</span> <span class='ocrx_word' id='word_1_336' title='bbox 416 2994 479 3046; x_wconf 80' lang='grc' dir='ltr'><strong>τὸ</strong></span> <span class='ocrx_word' id='word_1_337' title='bbox 509 2992 885 3064; x_wconf 80' lang='grc' dir='ltr'>μελετήσαντα</span> <span class='ocrx_word' id='word_1_338' title='bbox 922 2992 1023 3062; x_wconf 75' lang='grc' dir='ltr'><strong>μὲν</strong></span> <span class='ocrx_word' id='word_1_339' title='bbox 1053 2994 1371 3064; x_wconf 84' lang='grc' dir='ltr'>ἀμαρτῆσαι</span> <span class='ocrx_word' id='word_1_340' title='bbox 1404 2993 1480 3064; x_wconf 84' lang='grc' dir='ltr'>μὴ</span> <span class='ocrx_word' id='word_1_341' title='bbox 1520 2993 1770 3065; x_wconf 85' lang='grc' dir='ltr'>ἁμαρτή-</span> 
     </span>
    </p>
   </div>
   <div class='ocr_carea' id='block_1_48' title="bbox 191 3079 1767 3155">
    <p class='ocr_par' dir='ltr' id='par_1_48' title="bbox 191 3079 1767 3155">
     <span class='ocr_line' id='line_1_48' title="bbox 191 3079 1767 3155; baseline 0.002 -20"><span class='ocrx_word' id='word_1_342' title='bbox 191 3098 337 3136; x_wconf 82' lang='grc' dir='ltr'>σαντα</span> <span class='ocrx_word' id='word_1_343' title='bbox 382 3082 447 3136; x_wconf 77' lang='grc' dir='ltr'>δὲ</span> <span class='ocrx_word' id='word_1_344' title='bbox 488 3083 568 3155; x_wconf 79' lang='grc' dir='ltr'>μὴ</span> <span class='ocrx_word' id='word_1_345' title='bbox 622 3084 971 3155; x_wconf 75' lang='grc' dir='ltr'>εἰσπράττειν</span> <span class='ocrx_word' id='word_1_346' title='bbox 1004 3083 1233 3148; x_wconf 78' lang='grc' dir='ltr'>εὐθύνας</span> <span class='ocrx_word' id='word_1_347' title='bbox 1262 3084 1697 3155; x_wconf 86' lang='grc' dir='ltr'>ἁμαρτημάτων.</span> <span class='ocrx_word' id='word_1_348' title='bbox 1730 3079 1767 3155; x_wconf 83' lang='grc' dir='ltr'>ἦ</span> 
     </span>
    </p>
   </div>
   <div class='ocr_carea' id='block_1_49' title="bbox 183 3176 1763 3248">
    <p class='ocr_par' dir='ltr' id='par_1_49' title="bbox 183 3176 1763 3248">
     <span class='ocr_line' id='line_1_49' title="bbox 183 3176 1763 3248; baseline 0 -19"><span class='ocrx_word' id='word_1_349' title='bbox 183 3192 355 3246; x_wconf 76' lang='grc' dir='ltr'>πουγε</span> <span class='ocrx_word' id='word_1_350' title='bbox 388 3177 462 3231; x_wconf 84' lang='grc' dir='ltr'><strong>ἆν</strong></span> <span class='ocrx_word' id='word_1_351' title='bbox 512 3180 601 3248; x_wconf 73' lang='grc' dir='ltr'><strong>εἴη</strong></span> <span class='ocrx_word' id='word_1_352' title='bbox 633 3178 765 3231; x_wconf 74' lang='grc' dir='ltr'>Θεοῦ</span> <span class='ocrx_word' id='word_1_353' title='bbox 790 3178 881 3231; x_wconf 80' lang='grc' dir='ltr'>τὸν</span> <span class='ocrx_word' id='word_1_354' title='bbox 918 3176 1052 3247; x_wconf 80' lang='grc' dir='ltr'>μηδὲ</span> <span class='ocrx_word' id='word_1_355' title='bbox 1100 3177 1477 3247; x_wconf 81' lang='grc' dir='ltr'>μελετήσαντα</span> <span class='ocrx_word' id='word_1_356' title='bbox 1520 3176 1763 3248; x_wconf 79' lang='grc' dir='ltr'>ἐξαμαρ-</span> 
     </span>
    </p>
   </div>
   <div class='ocr_carea' id='block_1_50' title="bbox 1868 1980 3439 2052">
    <p class='ocr_par' dir='ltr' id='par_1_50' title="bbox 1868 1980 3439 2052">
     <span class='ocr_line' id='line_1_50' title="bbox 1868 1980 3439 2052; baseline 0 -16"><span class='ocrx_word' id='word_1_357' title='bbox 1868 1981 1959 2037; x_wconf 90' lang='lat' dir='ltr'><strong>ubi</strong></span> <span class='ocrx_word' id='word_1_358' title='bbox 1993 1980 2227 2050; x_wconf 89' lang='lat' dir='ltr'><strong>justitia,</strong></span> <span class='ocrx_word' id='word_1_359' title='bbox 2260 1980 2348 2035; x_wconf 91' lang='lat' dir='ltr'><strong>ubi</strong></span> <span class='ocrx_word' id='word_1_360' title='bbox 2374 1980 2600 2050; x_wconf 79' lang='lat' dir='ltr'><strong>dignum</strong></span> <span class='ocrx_word' id='word_1_361' title='bbox 2624 1996 2764 2050; x_wconf 89' lang='lat' dir='ltr'><strong>opus</strong></span> <span class='ocrx_word' id='word_1_362' title='bbox 2794 1981 2946 2035; x_wconf 88' lang='lat' dir='ltr'><strong>Deo?</strong></span> <span class='ocrx_word' id='word_1_363' title='bbox 2975 1981 3271 2052; x_wconf 87' lang='lat' dir='ltr'><strong>Propterea</strong></span> <span class='ocrx_word' id='word_1_364' title='bbox 3295 1985 3439 2052; x_wconf 88' lang='lat' dir='ltr'><strong>quod</strong></span> 
     </span>
    </p>
   </div>
   <div class='ocr_carea' id='block_1_51' title="bbox 1868 2072 3443 2146">
    <p class='ocr_par' dir='ltr' id='par_1_51' title="bbox 1868 2072 3443 2146">
     <span class='ocr_line' id='line_1_51' title="bbox 1868 2072 3443 2146; baseline 0.004 -21"><span class='ocrx_word' id='word_1_365' title='bbox 1868 2088 2010 2128; x_wconf 92' lang='lat' dir='ltr'><strong>unus</strong></span> <span class='ocrx_word' id='word_1_366' title='bbox 2047 2081 2165 2127; x_wconf 87' lang='lat' dir='ltr'><strong>erat</strong></span> <span class='ocrx_word' id='word_1_367' title='bbox 2209 2080 2557 2143; x_wconf 88' lang='lat' dir='ltr'><strong>peccaturus,</strong></span> <span class='ocrx_word' id='word_1_368' title='bbox 2589 2072 2785 2127; x_wconf 90' lang='lat' dir='ltr'><strong>ideone</strong></span> <span class='ocrx_word' id='word_1_369' title='bbox 2816 2088 2884 2127; x_wconf 73' lang='lat' dir='ltr'><strong>ex</strong></span> <span class='ocrx_word' id='word_1_370' title='bbox 2926 2075 3096 2129; x_wconf 90' lang='lat' dir='ltr'><strong>nihilo</strong></span> <span class='ocrx_word' id='word_1_371' title='bbox 3136 2075 3288 2129; x_wconf 90' lang='lat' dir='ltr'><strong>illum</strong></span> <span class='ocrx_word' id='word_1_372' title='bbox 3314 2091 3443 2146; x_wconf 88' lang='lat' dir='ltr'><strong>pro-</strong></span> 
     </span>
    </p>
   </div>
   <div class='ocr_carea' id='block_1_52' title="bbox 1867 2162 3441 2235">
    <p class='ocr_par' dir='ltr' id='par_1_52' title="bbox 1867 2162 3441 2235">
     <span class='ocr_line' id='line_1_52' title="bbox 1867 2162 3441 2235; baseline 0.003 -18"><span class='ocrx_word' id='word_1_373' title='bbox 1867 2163 2067 2217; x_wconf 89' lang='lat' dir='ltr'><strong>ducere</strong></span> <span class='ocrx_word' id='word_1_374' title='bbox 2104 2177 2214 2217; x_wconf 88' lang='lat' dir='ltr'><strong>non</strong></span> <span class='ocrx_word' id='word_1_375' title='bbox 2254 2162 2481 2217; x_wconf 89' lang='lat' dir='ltr'><strong>debuit?</strong></span> <span class='ocrx_word' id='word_1_376' title='bbox 2508 2172 2563 2217; x_wconf 89' lang='lat' dir='ltr'><strong>et</strong></span> <span class='ocrx_word' id='word_1_377' title='bbox 2608 2172 2688 2218; x_wconf 92' lang='lat' dir='ltr'><strong>tot</strong></span> <span class='ocrx_word' id='word_1_378' title='bbox 2730 2163 3035 2231; x_wconf 90' lang='lat' dir='ltr'><strong>hominum,</strong></span> <span class='ocrx_word' id='word_1_379' title='bbox 3073 2182 3308 2235; x_wconf 92' lang='lat' dir='ltr'><strong>quorum</strong></span> <span class='ocrx_word' id='word_1_380' title='bbox 3339 2183 3441 2222; x_wconf 82' lang='lat' dir='ltr'><strong>nec</strong></span> 
     </span>
    </p>
   </div>
   <div class='ocr_carea' id='block_1_53' title="bbox 1867 2255 3443 2329">
    <p class='ocr_par' dir='ltr' id='par_1_53' title="bbox 1867 2255 3443 2329">
     <span class='ocr_line' id='line_1_53' title="bbox 1867 2255 3443 2329; baseline 0.001 -18"><span class='ocrx_word' id='word_1_381' title='bbox 1867 2271 1979 2311; x_wconf 89' lang='lat' dir='ltr'><strong>uno</strong></span> <span class='ocrx_word' id='word_1_382' title='bbox 2029 2255 2229 2325; x_wconf 79' lang='lat' dir='ltr'><strong>dignus</strong></span> <span class='ocrx_word' id='word_1_383' title='bbox 2287 2264 2406 2310; x_wconf 90' lang='lat' dir='ltr'><strong>erat</strong></span> <span class='ocrx_word' id='word_1_384' title='bbox 2461 2255 2720 2319; x_wconf 91' lang='lat' dir='ltr'><strong>mundus,</strong></span> <span class='ocrx_word' id='word_1_385' title='bbox 2756 2255 2995 2312; x_wconf 81' lang='lat' dir='ltr'><strong>fructum</strong></span> <span class='ocrx_word' id='word_1_386' title='bbox 3056 2269 3359 2329; x_wconf 86' lang='lat' dir='ltr'><strong>amputare,</strong></span> <span class='ocrx_word' id='word_1_387' title='bbox 3385 2270 3443 2315; x_wconf 91' lang='lat' dir='ltr'><strong>et</strong></span> 
     </span>
    </p>
   </div>
   <div class='ocr_carea' id='block_1_54' title="bbox 1867 2348 3440 2421">
    <p class='ocr_par' dir='ltr' id='par_1_54' title="bbox 1867 2348 3440 2421">
     <span class='ocr_line' id='line_1_54' title="bbox 1867 2348 3440 2421; baseline 0.003 -19"><span class='ocrx_word' id='word_1_388' title='bbox 1867 2350 2145 2402; x_wconf 85' lang='lat' dir='ltr'><strong>demetere</strong></span> <span class='ocrx_word' id='word_1_389' title='bbox 2172 2348 2440 2403; x_wconf 86' lang='lat' dir='ltr'><strong>radicitus</strong></span> <span class='ocrx_word' id='word_1_390' title='bbox 2466 2355 2675 2402; x_wconf 90' lang='lat' dir='ltr'><strong>tantum</strong></span> <span class='ocrx_word' id='word_1_391' title='bbox 2706 2361 2929 2419; x_wconf 81' lang='lat' dir='ltr'><strong>germen</strong></span> <span class='ocrx_word' id='word_1_392' title='bbox 2962 2353 3179 2421; x_wconf 81' lang='lat' dir='ltr'><strong>generis</strong></span> <span class='ocrx_word' id='word_1_393' title='bbox 3214 2352 3440 2406; x_wconf 86' lang='lat' dir='ltr'><strong>humani</strong></span> 
     </span>
    </p>
   </div>
   <div class='ocr_carea' id='block_1_55' title="bbox 1866 2436 3442 2508">
    <p class='ocr_par' dir='ltr' id='par_1_55' title="bbox 1866 2436 3442 2508">
     <span class='ocr_line' id='line_1_55' title="bbox 1866 2436 3442 2508; baseline 0.001 -13"><span class='ocrx_word' id='word_1_394' title='bbox 1866 2448 1919 2495; x_wconf 92' lang='lat' dir='ltr'><strong>et</strong></span> <span class='ocrx_word' id='word_1_395' title='bbox 1943 2438 2152 2503; x_wconf 85' lang='lat' dir='ltr'><strong>ﬂorem,</strong></span> <span class='ocrx_word' id='word_1_396' title='bbox 2185 2447 2240 2495; x_wconf 90' lang='lat' dir='ltr'><strong>et</strong></span> <span class='ocrx_word' id='word_1_397' title='bbox 2268 2446 2457 2493; x_wconf 89' lang='lat' dir='ltr'><strong>contra</strong></span> <span class='ocrx_word' id='word_1_398' title='bbox 2486 2436 2619 2491; x_wconf 86' lang='lat' dir='ltr'><strong>illud</strong></span> <span class='ocrx_word' id='word_1_399' title='bbox 2654 2438 2957 2493; x_wconf 89' lang='lat' dir='ltr'><strong>subornare</strong></span> <span class='ocrx_word' id='word_1_400' title='bbox 2978 2440 3115 2493; x_wconf 89' lang='lat' dir='ltr'><strong>iram</strong></span> <span class='ocrx_word' id='word_1_401' title='bbox 3140 2457 3202 2495; x_wconf 89' lang='lat' dir='ltr'><strong>ac</strong></span> <span class='ocrx_word' id='word_1_402' title='bbox 3224 2441 3442 2508; x_wconf 79' lang='lat' dir='ltr'><strong>falcem,</strong></span> 
     </span>
    </p>
   </div>
   <div class='ocr_carea' id='block_1_56' title="bbox 1869 2529 3443 2600">
    <p class='ocr_par' dir='ltr' id='par_1_56' title="bbox 1869 2529 3443 2600">
     <span class='ocr_line' id='line_1_56' title="bbox 1869 2529 3443 2600; baseline 0.003 -19"><span class='ocrx_word' id='word_1_403' title='bbox 1869 2529 2171 2597; x_wconf 79' lang='lat' dir='ltr'><strong>praesertim</strong></span> <span class='ocrx_word' id='word_1_404' title='bbox 2214 2543 2338 2582; x_wconf 91' lang='lat' dir='ltr'><strong>cum</strong></span> <span class='ocrx_word' id='word_1_405' title='bbox 2389 2534 2512 2597; x_wconf 90' lang='lat' dir='ltr'><strong>post</strong></span> <span class='ocrx_word' id='word_1_406' title='bbox 2553 2534 2897 2597; x_wconf 87' lang='lat' dir='ltr'><strong>peccaturus,</strong></span> <span class='ocrx_word' id='word_1_407' title='bbox 2940 2535 3053 2581; x_wconf 92' lang='lat' dir='ltr'><strong>tum</strong></span> <span class='ocrx_word' id='word_1_408' title='bbox 3110 2545 3287 2600; x_wconf 89' lang='lat' dir='ltr'><strong>neque</strong></span> <span class='ocrx_word' id='word_1_409' title='bbox 3316 2540 3443 2600; x_wconf 85' lang='lat' dir='ltr'><strong>pec-</strong></span> 
     </span>
    </p>
   </div>
   <div class='ocr_carea' id='block_1_57' title="bbox 1867 2620 3443 2691">
    <p class='ocr_par' dir='ltr' id='par_1_57' title="bbox 1867 2620 3443 2691">
     <span class='ocr_line' id='line_1_57' title="bbox 1867 2620 3443 2691; baseline 0 -15"><span class='ocrx_word' id='word_1_410' title='bbox 1867 2622 2030 2686; x_wconf 88' lang='lat' dir='ltr'><strong>carit,</strong></span> <span class='ocrx_word' id='word_1_411' title='bbox 2088 2636 2265 2690; x_wconf 89' lang='lat' dir='ltr'><strong>neque</strong></span> <span class='ocrx_word' id='word_1_412' title='bbox 2326 2634 2555 2690; x_wconf 84' lang='lat' dir='ltr'><strong>peccare</strong></span> <span class='ocrx_word' id='word_1_413' title='bbox 2614 2620 2887 2688; x_wconf 77' lang='lat' dir='ltr'><strong>cogitarit,</strong></span> <span class='ocrx_word' id='word_1_414' title='bbox 2948 2620 3149 2691; x_wconf 91' lang='lat' dir='ltr'><strong>quippe</strong></span> <span class='ocrx_word' id='word_1_415' title='bbox 3196 2622 3443 2676; x_wconf 91' lang='lat' dir='ltr'><strong>nondum</strong></span> 
     </span>
    </p>
   </div>
   <div class='ocr_carea' id='block_1_58' title="bbox 1867 2712 3446 2782">
    <p class='ocr_par' dir='ltr' id='par_1_58' title="bbox 1867 2712 3446 2782">
     <span class='ocr_line' id='line_1_58' title="bbox 1867 2712 3446 2782; baseline 0 -12"><span class='ocrx_word' id='word_1_416' title='bbox 1867 2713 2183 2770; x_wconf 80' lang='lat' dir='ltr'><strong>exsisteus?</strong></span> <span class='ocrx_word' id='word_1_417' title='bbox 2216 2713 2273 2768; x_wconf 84' lang='lat' dir='ltr'><strong>Si</strong></span> <span class='ocrx_word' id='word_1_418' title='bbox 2303 2716 2451 2767; x_wconf 90' lang='lat' dir='ltr'><strong>enim</strong></span> <span class='ocrx_word' id='word_1_419' title='bbox 2486 2712 2811 2782; x_wconf 90' lang='lat' dir='ltr'><strong>prudentum</strong></span> <span class='ocrx_word' id='word_1_420' title='bbox 2844 2712 3088 2767; x_wconf 81' lang='lat' dir='ltr'><strong>virorum</strong></span> <span class='ocrx_word' id='word_1_421' title='bbox 3112 2722 3197 2769; x_wconf 90' lang='lat' dir='ltr'><strong>est</strong></span> <span class='ocrx_word' id='word_1_422' title='bbox 3238 2729 3346 2768; x_wconf 91' lang='lat' dir='ltr'><strong>non</strong></span> <span class='ocrx_word' id='word_1_423' title='bbox 3374 2714 3446 2770; x_wconf 91' lang='lat' dir='ltr'><strong>ab</strong></span> 
     </span>
    </p>
   </div>
   <div class='ocr_carea' id='block_1_59' title="bbox 1868 2806 3440 2878">
    <p class='ocr_par' dir='ltr' id='par_1_59' title="bbox 1868 2806 3440 2878">
     <span class='ocr_line' id='line_1_59' title="bbox 1868 2806 3440 2878; baseline -0.002 -14"><span class='ocrx_word' id='word_1_424' title='bbox 1868 2823 1934 2864; x_wconf 93' lang='lat' dir='ltr'><strong>eo</strong></span> <span class='ocrx_word' id='word_1_425' title='bbox 1962 2823 2156 2878; x_wconf 64' lang='lat' dir='ltr'><strong>poenas</strong></span> <span class='ocrx_word' id='word_1_426' title='bbox 2208 2807 2450 2876; x_wconf 80' lang='lat' dir='ltr'><strong>exigere,</strong></span> <span class='ocrx_word' id='word_1_427' title='bbox 2504 2806 2597 2876; x_wconf 89' lang='lat' dir='ltr'><strong>qui</strong></span> <span class='ocrx_word' id='word_1_428' title='bbox 2628 2820 2856 2875; x_wconf 86' lang='lat' dir='ltr'><strong>peccare</strong></span> <span class='ocrx_word' id='word_1_429' title='bbox 2890 2806 3112 2876; x_wconf 90' lang='lat' dir='ltr'><strong>quidem</strong></span> <span class='ocrx_word' id='word_1_430' title='bbox 3164 2806 3440 2877; x_wconf 79' lang='lat' dir='ltr'><strong>cegitarit,</strong></span> 
     </span>
    </p>
   </div>
   <div class='ocr_carea' id='block_1_60' title="bbox 1870 2898 3445 2970">
    <p class='ocr_par' dir='ltr' id='par_1_60' title="bbox 1870 2898 3445 2970">
     <span class='ocr_line' id='line_1_60' title="bbox 1870 2898 3445 2970; baseline -0.002 -13"><span class='ocrx_word' id='word_1_431' title='bbox 1870 2902 2113 2957; x_wconf 91' lang='lat' dir='ltr'><strong>nondum</strong></span> <span class='ocrx_word' id='word_1_432' title='bbox 2139 2907 2319 2956; x_wconf 88' lang='lat' dir='ltr'><strong>tamen</strong></span> <span class='ocrx_word' id='word_1_433' title='bbox 2358 2900 2621 2970; x_wconf 88' lang='lat' dir='ltr'><strong>peccarit,</strong></span> <span class='ocrx_word' id='word_1_434' title='bbox 2659 2899 2937 2969; x_wconf 90' lang='lat' dir='ltr'><strong>quomodo</strong></span> <span class='ocrx_word' id='word_1_435' title='bbox 2968 2898 3065 2955; x_wconf 90' lang='lat' dir='ltr'><strong>Dei</strong></span> <span class='ocrx_word' id='word_1_436' title='bbox 3095 2909 3237 2956; x_wconf 89' lang='lat' dir='ltr'><strong>esset</strong></span> <span class='ocrx_word' id='word_1_437' title='bbox 3259 2900 3328 2955; x_wconf 88' lang='lat' dir='ltr'><strong>ab</strong></span> <span class='ocrx_word' id='word_1_438' title='bbox 3354 2914 3445 2964; x_wconf 90' lang='lat' dir='ltr'><strong>eo,</strong></span> 
     </span>
    </p>
   </div>
   <div class='ocr_carea' id='block_1_61' title="bbox 1869 2994 3445 3066">
    <p class='ocr_par' dir='ltr' id='par_1_61' title="bbox 1869 2994 3445 3066">
     <span class='ocr_line' id='line_1_61' title="bbox 1869 2994 3445 3066; baseline 0.002 -17"><span class='ocrx_word' id='word_1_439' title='bbox 1869 2996 1962 3065; x_wconf 92' lang='lat' dir='ltr'><strong>qui</strong></span> <span class='ocrx_word' id='word_1_440' title='bbox 1992 3009 2058 3049; x_wconf 86' lang='lat' dir='ltr'><strong>ne</strong></span> <span class='ocrx_word' id='word_1_441' title='bbox 2083 2994 2373 3049; x_wconf 88' lang='lat' dir='ltr'><strong>meditatus</strong></span> <span class='ocrx_word' id='word_1_442' title='bbox 2412 2994 2630 3064; x_wconf 85' lang='lat' dir='ltr'><strong>quidem</strong></span> <span class='ocrx_word' id='word_1_443' title='bbox 2682 2994 2753 3047; x_wconf 90' lang='lat' dir='ltr'><strong>sit</strong></span> <span class='ocrx_word' id='word_1_444' title='bbox 2797 3010 3042 3063; x_wconf 88' lang='lat' dir='ltr'><strong>peccare,</strong></span> <span class='ocrx_word' id='word_1_445' title='bbox 3085 3010 3275 3065; x_wconf 84' lang='lat' dir='ltr'><strong>poenas</strong></span> <span class='ocrx_word' id='word_1_446' title='bbox 3314 3011 3445 3066; x_wconf 87' lang='lat' dir='ltr'><strong>pec-</strong></span> 
     </span>
    </p>
   </div>
   <div class='ocr_carea' id='block_1_62' title="bbox 1869 3084 3445 3157">
    <p class='ocr_par' dir='ltr' id='par_1_62' title="bbox 1869 3084 3445 3157">
     <span class='ocr_line' id='line_1_62' title="bbox 1869 3084 3445 3157; baseline 0 -15"><span class='ocrx_word' id='word_1_447' title='bbox 1869 3094 2116 3142; x_wconf 89' lang='lat' dir='ltr'><strong>catorum</strong></span> <span class='ocrx_word' id='word_1_448' title='bbox 2173 3084 2411 3155; x_wconf 79' lang='lat' dir='ltr'><strong>exigere,</strong></span> <span class='ocrx_word' id='word_1_449' title='bbox 2465 3086 2768 3155; x_wconf 66' lang='lat' dir='ltr'><strong>praasertim</strong></span> <span class='ocrx_word' id='word_1_450' title='bbox 2819 3101 2943 3140; x_wconf 90' lang='lat' dir='ltr'><strong>cum</strong></span> <span class='ocrx_word' id='word_1_451' title='bbox 2990 3102 3153 3155; x_wconf 80' lang='lat' dir='ltr'><strong>grave</strong></span> <span class='ocrx_word' id='word_1_452' title='bbox 3221 3088 3445 3157; x_wconf 88' lang='lat' dir='ltr'><strong>quidem</strong></span> 
     </span>
    </p>
   </div>
   <div class='ocr_carea' id='block_1_63' title="bbox 1871 3177 3444 3249">
    <p class='ocr_par' dir='ltr' id='par_1_63' title="bbox 1871 3177 3444 3249">
     <span class='ocr_line' id='line_1_63' title="bbox 1871 3177 3444 3249; baseline -0.001 -16"><span class='ocrx_word' id='word_1_453' title='bbox 1871 3187 2002 3233; x_wconf 92' lang='lat' dir='ltr'><strong>tunc</strong></span> <span class='ocrx_word' id='word_1_454' title='bbox 2024 3186 2169 3232; x_wconf 88' lang='lat' dir='ltr'><strong>esset</strong></span> <span class='ocrx_word' id='word_1_455' title='bbox 2198 3185 2482 3246; x_wconf 89' lang='lat' dir='ltr'><strong>peccatum</strong></span> <span class='ocrx_word' id='word_1_456' title='bbox 2520 3177 2819 3246; x_wconf 81' lang='lat' dir='ltr'><strong>(quomodo</strong></span> <span class='ocrx_word' id='word_1_457' title='bbox 2846 3178 2991 3231; x_wconf 88' lang='lat' dir='ltr'><strong>enim</strong></span> <span class='ocrx_word' id='word_1_458' title='bbox 3025 3193 3131 3231; x_wconf 92' lang='lat' dir='ltr'><strong>non</strong></span> <span class='ocrx_word' id='word_1_459' title='bbox 3164 3193 3327 3249; x_wconf 79' lang='lat' dir='ltr'><strong>grave</strong></span> <span class='ocrx_word' id='word_1_460' title='bbox 3354 3194 3444 3232; x_wconf 89' lang='lat' dir='ltr'><strong>re-</strong></span> 
     </span>
    </p>
   </div>
   <div class='ocr_carea' id='block_1_64' title="bbox 179 3243 1769 3340">
    <p class='ocr_par' dir='ltr' id='par_1_64' title="bbox 179 3243 1766 3340">
     <span class='ocr_line' id='line_1_64' title="bbox 179 3243 1766 3340; baseline 0 -18"><span class='ocrx_word' id='word_1_461' title='bbox 179 3243 324 3338; x_wconf 77' lang='grc' dir='ltr'>τῆσαι</span> <span class='ocrx_word' id='word_1_462' title='bbox 347 3268 458 3331; x_wconf 74' lang='grc' dir='ltr'>τὰς</span> <span class='ocrx_word' id='word_1_463' title='bbox 493 3243 607 3323; x_wconf 79' lang='grc' dir='ltr'><strong>τῶν</strong></span> <span class='ocrx_word' id='word_1_464' title='bbox 633 3243 1031 3340; x_wconf 73' lang='grc' dir='ltr'>ἡμαρτηκότων</span> <span class='ocrx_word' id='word_1_465' title='bbox 1053 3243 1306 3322; x_wconf 79' lang='grc' dir='ltr'>ἀπαιτεῖν</span> <span class='ocrx_word' id='word_1_466' title='bbox 1332 3268 1506 3333; x_wconf 82' lang='grc' dir='ltr'>δίκας,</span> <span class='ocrx_word' id='word_1_467' title='bbox 1528 3243 1766 3323; x_wconf 34' lang='grc' dir='ltr'>καὶ-τότε</span> 
     </span>
    </p>
   </div>
   <div class='ocr_carea' id='block_1_65' title="bbox 1875 3243 3451 3340">
    <p class='ocr_par' dir='ltr' id='par_1_65' title="bbox 1875 3266 3451 3338">
     <span class='ocr_line' id='line_1_65' title="bbox 1875 3266 3451 3338; baseline 0 -15"><span class='ocrx_word' id='word_1_468' title='bbox 1875 3269 2119 3337; x_wconf 90' lang='lat' dir='ltr'><strong>linquere</strong></span> <span class='ocrx_word' id='word_1_469' title='bbox 2164 3266 2379 3322; x_wconf 90' lang='lat' dir='ltr'><strong>Domini</strong></span> <span class='ocrx_word' id='word_1_470' title='bbox 2427 3267 2936 3338; x_wconf 63' lang='lat' dir='ltr'><strong>prmeeptum),non</strong></span> <span class='ocrx_word' id='word_1_471' title='bbox 2969 3284 3099 3323; x_wconf 85' lang='lat' dir='ltr'><strong>vero</strong></span> <span class='ocrx_word' id='word_1_472' title='bbox 3147 3269 3451 3324; x_wconf 88' lang='lat' dir='ltr'><strong>incurabile</strong></span> 
     </span>
    </p>
   </div>
   <div class='ocr_carea' id='block_1_66' title="bbox 179 3360 1765 3432">
    <p class='ocr_par' dir='ltr' id='par_1_66' title="bbox 179 3360 1765 3432">
     <span class='ocr_line' id='line_1_66' title="bbox 179 3360 1765 3432; baseline 0.001 -19"><span class='ocrx_word' id='word_1_473' title='bbox 179 3360 411 3429; x_wconf 73' lang='grc' dir='ltr'>χαλεποῦ</span> <span class='ocrx_word' id='word_1_474' title='bbox 456 3361 559 3432; x_wconf 85' lang='grc' dir='ltr'><strong>μὲν</strong></span> <span class='ocrx_word' id='word_1_475' title='bbox 602 3360 755 3425; x_wconf 77' lang='grc' dir='ltr'>ὄντος</span> <span class='ocrx_word' id='word_1_476' title='bbox 794 3361 887 3414; x_wconf 79' lang='grc' dir='ltr'>τοῦ</span> <span class='ocrx_word' id='word_1_477' title='bbox 931 3361 1331 3432; x_wconf 82' lang='grc' dir='ltr'>ἁμαρτήματος</span> <span class='ocrx_word' id='word_1_478' title='bbox 1370 3360 1514 3429; x_wconf 88' lang='grc' dir='ltr'>(πῶς</span> <span class='ocrx_word' id='word_1_479' title='bbox 1552 3360 1662 3431; x_wconf 83' lang='grc' dir='ltr'>γὰρ</span> <span class='ocrx_word' id='word_1_480' title='bbox 1703 3363 1765 3414; x_wconf 80' lang='grc' dir='ltr'>οὺ</span> 
     </span>
    </p>
   </div>
   <div class='ocr_carea' id='block_1_67' title="bbox 181 3452 1766 3525">
    <p class='ocr_par' dir='ltr' id='par_1_67' title="bbox 181 3452 1766 3525">
     <span class='ocr_line' id='line_1_67' title="bbox 181 3452 1766 3525; baseline 0.002 -21"><span class='ocrx_word' id='word_1_481' title='bbox 181 3452 413 3520; x_wconf 79' lang='grc' dir='ltr'>χαλεπὸν</span> <span class='ocrx_word' id='word_1_482' title='bbox 447 3454 707 3524; x_wconf 81' lang='grc' dir='ltr'>ἀθέτησις</span> <span class='ocrx_word' id='word_1_483' title='bbox 726 3454 1053 3523; x_wconf 79' lang='grc' dir='ltr'>ὂεσποτικῆς</span> <span class='ocrx_word' id='word_1_484' title='bbox 1084 3455 1336 3525; x_wconf 82' lang='grc' dir='ltr'>ὲντολῆς;</span> <span class='ocrx_word' id='word_1_485' title='bbox 1371 3452 1389 3524; x_wconf 92' lang='grc'>)</span> <span class='ocrx_word' id='word_1_486' title='bbox 1423 3453 1524 3507; x_wconf 80' lang='grc' dir='ltr'><strong>οὐκ</strong></span> <span class='ocrx_word' id='word_1_487' title='bbox 1546 3454 1766 3507; x_wconf 86' lang='grc' dir='ltr'>ἀνιάτου</span> 
     </span>
    </p>
   </div>
   <div class='ocr_carea' id='block_1_68' title="bbox 180 3544 1768 3620">
    <p class='ocr_par' dir='ltr' id='par_1_68' title="bbox 180 3544 1768 3620">
     <span class='ocr_line' id='line_1_68' title="bbox 180 3544 1768 3620; baseline 0.001 -22"><span class='ocrx_word' id='word_1_488' title='bbox 180 3544 226 3597; x_wconf 80' lang='grc' dir='ltr'>δὲ</span> <span class='ocrx_word' id='word_1_489' title='bbox 255 3548 554 3617; x_wconf 77' lang='grc' dir='ltr'>ἐσομένου,</span> <span class='ocrx_word' id='word_1_490' title='bbox 591 3552 658 3618; x_wconf 80' lang='grc' dir='ltr'>τῇ</span> <span class='ocrx_word' id='word_1_491' title='bbox 697 3549 888 3620; x_wconf 78' lang='grc' dir='ltr'>ἀφάτῳ</span> <span class='ocrx_word' id='word_1_492' title='bbox 926 3547 1309 3619; x_wconf 77' lang='grc' dir='ltr'>φιλανθρωπίᾳ</span> <span class='ocrx_word' id='word_1_493' title='bbox 1337 3546 1430 3599; x_wconf 80' lang='grc' dir='ltr'>τοῦ</span> <span class='ocrx_word' id='word_1_494' title='bbox 1465 3546 1768 3609; x_wconf 86' lang='grc' dir='ltr'>πλάσαντος</span> 
     </span>
    </p>
   </div>
   <div class='ocr_carea' id='block_1_69' title="bbox 178 3638 1764 3712">
    <p class='ocr_par' dir='ltr' id='par_1_69' title="bbox 178 3638 1764 3712">
     <span class='ocr_line' id='line_1_69' title="bbox 178 3638 1764 3712; baseline -0.001 -19"><span class='ocrx_word' id='word_1_495' title='bbox 178 3642 259 3693; x_wconf 80' lang='grc' dir='ltr'><strong>καὶ</strong></span> <span class='ocrx_word' id='word_1_496' title='bbox 281 3642 383 3694; x_wconf 76' lang='grc' dir='ltr'>τοῦ</span> <span class='ocrx_word' id='word_1_497' title='bbox 419 3641 852 3712; x_wconf 83' lang='grc' dir='ltr'>πρωτοπλάστου</span> <span class='ocrx_word' id='word_1_498' title='bbox 883 3644 964 3705; x_wconf 85' lang='grc' dir='ltr'><strong>είς</strong></span> <span class='ocrx_word' id='word_1_499' title='bbox 994 3642 1093 3712; x_wconf 83' lang='grc' dir='ltr'><strong>τὴν</strong></span> <span class='ocrx_word' id='word_1_500' title='bbox 1115 3640 1351 3711; x_wconf 83' lang='grc' dir='ltr'>ἀρχαίαν</span> <span class='ocrx_word' id='word_1_501' title='bbox 1392 3638 1764 3707; x_wconf 82' lang='grc' dir='ltr'>ὲπανάγεσθαι</span> 
     </span>
    </p>
   </div>
   <div class='ocr_carea' id='block_1_70' title="bbox 178 3731 1768 3803">
    <p class='ocr_par' dir='ltr' id='par_1_70' title="bbox 178 3731 1768 3803">
     <span class='ocr_line' id='line_1_70' title="bbox 178 3731 1768 3803; baseline -0.003 -16"><span class='ocrx_word' id='word_1_502' title='bbox 178 3734 471 3802; x_wconf 75' lang='grc' dir='ltr'>μέλλοντος</span> <span class='ocrx_word' id='word_1_503' title='bbox 525 3735 826 3803; x_wconf 79' lang='grc' dir='ltr'>εὐγένειαν.</span> <span class='ocrx_word' id='word_1_504' title='bbox 873 3735 1036 3787; x_wconf 83' lang='grc' dir='ltr'>’Ὥστε</span> <span class='ocrx_word' id='word_1_505' title='bbox 1072 3736 1121 3787; x_wconf 85' lang='grc' dir='ltr'><strong>εί</strong></span> <span class='ocrx_word' id='word_1_506' title='bbox 1186 3735 1260 3803; x_wconf 88' lang='grc' dir='ltr'>μὴ</span> <span class='ocrx_word' id='word_1_507' title='bbox 1317 3732 1582 3803; x_wconf 81' lang='grc' dir='ltr'>προῆκτο,</span> <span class='ocrx_word' id='word_1_508' title='bbox 1633 3731 1768 3785; x_wconf 85' lang='grc' dir='ltr'>διότι</span> 
     </span>
    </p>
   </div>
   <div class='ocr_carea' id='block_1_71' title="bbox 176 3825 1768 3899">
    <p class='ocr_par' dir='ltr' id='par_1_71' title="bbox 176 3825 1768 3899">
     <span class='ocr_line' id='line_1_71' title="bbox 176 3825 1768 3899; baseline -0.001 -20"><span class='ocrx_word' id='word_1_509' title='bbox 176 3826 405 3896; x_wconf 74' lang='grc' dir='ltr'>ἔμελλεν</span> <span class='ocrx_word' id='word_1_510' title='bbox 435 3829 703 3899; x_wconf 87' lang='grc' dir='ltr'>ἁμαρτεῖν</span> <span class='ocrx_word' id='word_1_511' title='bbox 731 3832 759 3883; x_wconf 88' lang='grc' dir='ltr'>ὁ</span> <span class='ocrx_word' id='word_1_512' title='bbox 789 3828 1106 3899; x_wconf 75' lang='grc' dir='ltr'>ἀρχέγονος,</span> <span class='ocrx_word' id='word_1_513' title='bbox 1134 3827 1405 3881; x_wconf 79' lang='grc' dir='ltr'>ἐδείκνυτο</span> <span class='ocrx_word' id='word_1_514' title='bbox 1437 3827 1503 3880; x_wconf 85' lang='grc' dir='ltr'><strong>ἂν</strong></span> <span class='ocrx_word' id='word_1_515' title='bbox 1535 3827 1596 3879; x_wconf 84' lang='grc' dir='ltr'>τὸ</span> <span class='ocrx_word' id='word_1_516' title='bbox 1625 3825 1768 3878; x_wconf 88' lang='grc' dir='ltr'>θεῖον</span> 
     </span>
    </p>
   </div>
   <div class='ocr_carea' id='block_1_72' title="bbox 1876 3355 3450 3427">
    <p class='ocr_par' dir='ltr' id='par_1_72' title="bbox 1876 3355 3450 3427">
     <span class='ocr_line' id='line_1_72' title="bbox 1876 3355 3450 3427; baseline 0.001 -16"><span class='ocrx_word' id='word_1_517' title='bbox 1876 3356 2131 3412; x_wconf 72' lang='lat' dir='ltr'><strong>ineffabili</strong></span> <span class='ocrx_word' id='word_1_518' title='bbox 2172 3355 2487 3412; x_wconf 85' lang='lat' dir='ltr'><strong>Conditoris</strong></span> <span class='ocrx_word' id='word_1_519' title='bbox 2527 3357 2851 3421; x_wconf 69' lang='lat' dir='ltr'><strong>clementiae,</strong></span> <span class='ocrx_word' id='word_1_520' title='bbox 2893 3358 3131 3427; x_wconf 90' lang='lat' dir='ltr'><strong>primum</strong></span> <span class='ocrx_word' id='word_1_521' title='bbox 3170 3358 3450 3415; x_wconf 87' lang='lat' dir='ltr'><strong>hominem</strong></span> 
     </span>
    </p>
   </div>
   <div class='ocr_carea' id='block_1_73' title="bbox 1874 3450 3449 3521">
    <p class='ocr_par' dir='ltr' id='par_1_73' title="bbox 1874 3450 3449 3521">
     <span class='ocr_line' id='line_1_73' title="bbox 1874 3450 3449 3521; baseline 0.001 -16"><span class='ocrx_word' id='word_1_522' title='bbox 1874 3452 1940 3505; x_wconf 80' lang='lat' dir='ltr'><strong>ad</strong></span> <span class='ocrx_word' id='word_1_523' title='bbox 1968 3451 2259 3521; x_wconf 88' lang='lat' dir='ltr'><strong>pristinam</strong></span> <span class='ocrx_word' id='word_1_524' title='bbox 2310 3450 2618 3505; x_wconf 81' lang='lat' dir='ltr'><strong>revocaturi</strong></span> <span class='ocrx_word' id='word_1_525' title='bbox 2646 3451 2959 3521; x_wconf 81' lang='lat' dir='ltr'><strong>dignitatem</strong></span> <span class='ocrx_word' id='word_1_526' title='bbox 2986 3450 3009 3503; x_wconf 88' lang='lat'><strong>?</strong></span> <span class='ocrx_word' id='word_1_527' title='bbox 3039 3452 3229 3521; x_wconf 87' lang='lat' dir='ltr'><strong>Itaque</strong></span> <span class='ocrx_word' id='word_1_528' title='bbox 3266 3451 3312 3507; x_wconf 90' lang='lat' dir='ltr'><strong>si</strong></span> <span class='ocrx_word' id='word_1_529' title='bbox 3338 3467 3449 3506; x_wconf 90' lang='lat' dir='ltr'><strong>non</strong></span> 
     </span>
    </p>
   </div>
   <div class='ocr_carea' id='block_1_74' title="bbox 1872 3540 3450 3612">
    <p class='ocr_par' dir='ltr' id='par_1_74' title="bbox 1872 3540 3450 3612">
     <span class='ocr_line' id='line_1_74' title="bbox 1872 3540 3450 3612; baseline 0 -17"><span class='ocrx_word' id='word_1_530' title='bbox 1872 3542 2174 3612; x_wconf 91' lang='lat' dir='ltr'><strong>productus</strong></span> <span class='ocrx_word' id='word_1_531' title='bbox 2221 3540 2418 3595; x_wconf 80' lang='lat' dir='ltr'><strong>fuisset</strong></span> <span class='ocrx_word' id='word_1_532' title='bbox 2456 3541 2665 3610; x_wconf 88' lang='lat' dir='ltr'><strong>primus</strong></span> <span class='ocrx_word' id='word_1_533' title='bbox 2711 3555 2907 3610; x_wconf 89' lang='lat' dir='ltr'><strong>parens</strong></span> <span class='ocrx_word' id='word_1_534' title='bbox 2941 3540 3088 3610; x_wconf 91' lang='lat' dir='ltr'><strong>quod</strong></span> <span class='ocrx_word' id='word_1_535' title='bbox 3119 3547 3450 3610; x_wconf 88' lang='lat' dir='ltr'><strong>peccaturus</strong></span> 
     </span>
    </p>
   </div>
   <div class='ocr_carea' id='block_1_75' title="bbox 1873 3629 3448 3700">
    <p class='ocr_par' dir='ltr' id='par_1_75' title="bbox 1873 3629 3448 3700">
     <span class='ocr_line' id='line_1_75' title="bbox 1873 3629 3448 3700; baseline -0.003 -13"><span class='ocrx_word' id='word_1_536' title='bbox 1873 3641 2014 3696; x_wconf 89' lang='lat' dir='ltr'><strong>erat,</strong></span> <span class='ocrx_word' id='word_1_537' title='bbox 2042 3630 2345 3685; x_wconf 82' lang='lat' dir='ltr'><strong>eﬂiceretur</strong></span> <span class='ocrx_word' id='word_1_538' title='bbox 2379 3629 2549 3683; x_wconf 88' lang='lat' dir='ltr'><strong>Deum</strong></span> <span class='ocrx_word' id='word_1_539' title='bbox 2581 3630 2775 3700; x_wconf 91' lang='lat' dir='ltr'><strong>punire</strong></span> <span class='ocrx_word' id='word_1_540' title='bbox 2820 3629 3064 3684; x_wconf 89' lang='lat' dir='ltr'><strong>nondum</strong></span> <span class='ocrx_word' id='word_1_541' title='bbox 3105 3639 3448 3699; x_wconf 88' lang='lat' dir='ltr'><strong>peccantem,</strong></span> 
     </span>
    </p>
   </div>
   <div class='ocr_carea' id='block_1_76' title="bbox 1876 3720 3455 3792">
    <p class='ocr_par' dir='ltr' id='par_1_76' title="bbox 1876 3720 3455 3792">
     <span class='ocr_line' id='line_1_76' title="bbox 1876 3720 3455 3792; baseline -0.001 -15"><span class='ocrx_word' id='word_1_542' title='bbox 1876 3732 1930 3777; x_wconf 90' lang='lat' dir='ltr'><strong>et</strong></span> <span class='ocrx_word' id='word_1_543' title='bbox 1953 3722 2259 3792; x_wconf 89' lang='lat' dir='ltr'><strong>posteriore</strong></span> <span class='ocrx_word' id='word_1_544' title='bbox 2296 3722 2580 3775; x_wconf 83' lang='lat' dir='ltr'><strong>vocatione</strong></span> <span class='ocrx_word' id='word_1_545' title='bbox 2600 3730 2653 3775; x_wconf 91' lang='lat' dir='ltr'><strong>ct</strong></span> <span class='ocrx_word' id='word_1_546' title='bbox 2689 3720 2863 3776; x_wconf 88' lang='lat' dir='ltr'><strong>salute</strong></span> <span class='ocrx_word' id='word_1_547' title='bbox 2891 3722 3140 3790; x_wconf 84' lang='lat' dir='ltr'><strong>privare:</strong></span> <span class='ocrx_word' id='word_1_548' title='bbox 3168 3730 3223 3777; x_wconf 87' lang='lat' dir='ltr'><strong>et</strong></span> <span class='ocrx_word' id='word_1_549' title='bbox 3241 3729 3455 3777; x_wconf 82' lang='lat' dir='ltr'><strong>creatu-</strong></span> 
     </span>
    </p>
   </div>
   <div class='ocr_carea' id='block_1_77' title="bbox 1875 3814 3126 3885">
    <p class='ocr_par' dir='ltr' id='par_1_77' title="bbox 1875 3814 3126 3885">
     <span class='ocr_line' id='line_1_77' title="bbox 1875 3814 3126 3885; baseline -0.002 -13"><span class='ocrx_word' id='word_1_550' title='bbox 1875 3832 1992 3873; x_wconf 89' lang='lat' dir='ltr'><strong>ram</strong></span> <span class='ocrx_word' id='word_1_551' title='bbox 2028 3824 2108 3869; x_wconf 92' lang='lat' dir='ltr'><strong>tot</strong></span> <span class='ocrx_word' id='word_1_552' title='bbox 2129 3815 2399 3885; x_wconf 83' lang='lat' dir='ltr'><strong>tantisque</strong></span> <span class='ocrx_word' id='word_1_553' title='bbox 2435 3814 2568 3869; x_wconf 86' lang='lat' dir='ltr'><strong>viris</strong></span> <span class='ocrx_word' id='word_1_554' title='bbox 2592 3815 2783 3870; x_wconf 89' lang='lat' dir='ltr'><strong>orbam</strong></span> <span class='ocrx_word' id='word_1_555' title='bbox 2814 3814 3126 3871; x_wconf 89' lang='lat' dir='ltr'><strong>ostendere.</strong></span> 
     </span>
    </p>
   </div>
   <div class='ocr_carea' id='block_1_78' title="bbox 174 3902 3450 3995">
    <p class='ocr_par' dir='ltr' id='par_1_78' title="bbox 174 3902 3450 3995">
     <span class='ocr_line' id='line_1_78' title="bbox 174 3902 3450 3995; baseline -0.002 -21"><span class='ocrx_word' id='word_1_556' title='bbox 174 3924 259 3975; x_wconf 81' lang='grc' dir='ltr'><strong>τὸν</strong></span> <span class='ocrx_word' id='word_1_557' title='bbox 303 3926 488 3995; x_wconf 80' lang='grc' dir='ltr'>μήπω</span> <span class='ocrx_word' id='word_1_558' title='bbox 522 3923 918 3995; x_wconf 87' lang='grc' dir='ltr'>ἀμαρτήσαντα</span> <span class='ocrx_word' id='word_1_559' title='bbox 959 3918 1209 3986; x_wconf 76' lang='grc' dir='ltr'>κολάζον,</span> <span class='ocrx_word' id='word_1_560' title='bbox 1262 3919 1356 3973; x_wconf 75' lang='grc' dir='ltr'><strong>καὶ</strong></span> <span class='ocrx_word' id='word_1_561' title='bbox 1412 3919 1510 3988; x_wconf 82' lang='grc' dir='ltr'>τῆς</span> <span class='ocrx_word' id='word_1_562' title='bbox 1542 3918 1766 3987; x_wconf 80' lang='grc' dir='ltr'>ὓστερον</span> <span class='ocrx_word' id='word_1_563' title='bbox 1794 3908 2144 3979; x_wconf 77' lang='grc' dir='ltr'>ἀνακλήσεως</span> <span class='ocrx_word' id='word_1_564' title='bbox 2197 3906 2293 3959; x_wconf 61' lang='grc' dir='ltr'><strong>καὶ</strong></span> <span class='ocrx_word' id='word_1_565' title='bbox 2354 3904 2627 3977; x_wconf 81' lang='grc' dir='ltr'>σωτηρίας</span> <span class='ocrx_word' id='word_1_566' title='bbox 2650 3904 3007 3976; x_wconf 69' lang='grc' dir='ltr'>ἀποστεροῦν,</span> <span class='ocrx_word' id='word_1_567' title='bbox 3040 3905 3136 3958; x_wconf 72' lang='grc' dir='ltr'><strong>καὶ</strong></span> <span class='ocrx_word' id='word_1_568' title='bbox 3181 3902 3450 3956; x_wconf 71' lang='grc' dir='ltr'><strong>τοσούτων</strong></span> 
     </span>
    </p>
   </div>
   <div class='ocr_carea' id='block_1_79' title="bbox 173 4004 2122 4091">
    <p class='ocr_par' dir='ltr' id='par_1_79' title="bbox 173 4004 2122 4091">
     <span class='ocr_line' id='line_1_79' title="bbox 173 4004 2122 4091; baseline -0.008 -22"><span class='ocrx_word' id='word_1_569' title='bbox 173 4016 386 4091; x_wconf 71' lang='grc' dir='ltr'>ἀνδρῶν</span> <span class='ocrx_word' id='word_1_570' title='bbox 453 4015 635 4069; x_wconf 88' lang='grc' dir='ltr'>καλῶν</span> <span class='ocrx_word' id='word_1_571' title='bbox 681 4032 743 4067; x_wconf 84' lang='grc' dir='ltr'><strong>τε</strong></span> <span class='ocrx_word' id='word_1_572' title='bbox 782 4014 879 4069; x_wconf 77' lang='grc' dir='ltr'>καὶ</span> <span class='ocrx_word' id='word_1_573' title='bbox 918 4012 1138 4082; x_wconf 82' lang='grc' dir='ltr'>ἀγαθῶν</span> <span class='ocrx_word' id='word_1_574' title='bbox 1198 4012 1405 4083; x_wconf 79' lang='grc' dir='ltr'>ἔρημον</span> <span class='ocrx_word' id='word_1_575' title='bbox 1446 4008 1545 4080; x_wconf 80' lang='grc' dir='ltr'><strong>τὴν</strong></span> <span class='ocrx_word' id='word_1_576' title='bbox 1593 4007 1769 4061; x_wconf 87' lang='grc' dir='ltr'>κτίσιν</span> <span class='ocrx_word' id='word_1_577' title='bbox 1802 4004 2122 4071; x_wconf 80' lang='grc' dir='ltr'>ἀποφαῖνον.</span> 
     </span>
    </p>
   </div>
   <div class='ocr_carea' id='block_1_80' title="bbox 240 4144 1774 4227">
    <p class='ocr_par' dir='ltr' id='par_1_80' title="bbox 240 4144 1774 4227">
     <span class='ocr_line' id='line_1_80' title="bbox 240 4144 1774 4227; baseline -0.007 -20"><span class='ocrx_word' id='word_1_578' title='bbox 240 4155 365 4206; x_wconf 88' lang='grc' dir='ltr'>Ὅτι</span> <span class='ocrx_word' id='word_1_579' title='bbox 382 4149 486 4206; x_wconf 74' lang='grc' dir='ltr'>τοῦ</span> <span class='ocrx_word' id='word_1_580' title='bbox 502 4151 647 4204; x_wconf 87' lang='grc' dir='ltr'>θείου</span> <span class='ocrx_word' id='word_1_581' title='bbox 666 4148 877 4205; x_wconf 87' lang='grc' dir='ltr'>Παύλου</span> <span class='ocrx_word' id='word_1_582' title='bbox 896 4150 1158 4227; x_wconf 79' lang='grc' dir='ltr'>εἰπόντος·</span> <span class='ocrx_word' id='word_1_583' title='bbox 1176 4148 1549 4216; x_wconf 76' lang='grc' dir='ltr'>Πρωτότοκος</span> <span class='ocrx_word' id='word_1_584' title='bbox 1567 4144 1774 4212; x_wconf 81' lang='grc' dir='ltr'>πάσης</span> 
     </span>
    </p>
   </div>
   <div class='ocr_carea' id='block_1_81' title="bbox 1943 4135 3452 4207">
    <p class='ocr_par' dir='ltr' id='par_1_81' title="bbox 1943 4135 3452 4207">
     <span class='ocr_line' id='line_1_81' title="bbox 1943 4135 3452 4207; baseline -0.005 -12"><span class='ocrx_word' id='word_1_585' title='bbox 1943 4140 2084 4195; x_wconf 87' lang='lat' dir='ltr'><strong>Cum</strong></span> <span class='ocrx_word' id='word_1_586' title='bbox 2132 4139 2276 4194; x_wconf 87' lang='lat' dir='ltr'><strong>dicat</strong></span> <span class='ocrx_word' id='word_1_587' title='bbox 2322 4138 2518 4192; x_wconf 87' lang='lat' dir='ltr'><strong>beatus</strong></span> <span class='ocrx_word' id='word_1_588' title='bbox 2556 4136 2803 4192; x_wconf 90' lang='lat' dir='ltr'><strong>Paulus:</strong></span> <span class='ocrx_word' id='word_1_589' title='bbox 2838 4135 3226 4207; x_wconf 72' lang='lat' dir='ltr'><strong>Primogenitus</strong></span> <span class='ocrx_word' id='word_1_590' title='bbox 3281 4135 3452 4188; x_wconf 80' lang='lat' dir='ltr'><strong>omnis</strong></span> 
     </span>
    </p>
   </div>
   <div class='ocr_carea' id='block_1_82' title="bbox 180 4224 1769 4316">
    <p class='ocr_par' dir='ltr' id='par_1_82' title="bbox 180 4224 1769 4316">
     <span class='ocr_line' id='line_1_82' title="bbox 180 4224 1769 4316; baseline -0.007 -17"><span class='ocrx_word' id='word_1_591' title='bbox 180 4248 446 4312; x_wconf 80' lang='grc' dir='ltr'>κτίσεως</span> <span class='ocrx_word' id='word_1_592' title='bbox 501 4248 549 4298; x_wconf 81' lang='grc' dir='ltr'><strong>οἰ</strong></span> <span class='ocrx_word' id='word_1_593' title='bbox 620 4246 908 4316; x_wconf 75' lang='grc' dir='ltr'>αἱρετικοὶ,</span> <span class='ocrx_word' id='word_1_594' title='bbox 957 4224 1233 4314; x_wconf 39' lang='grc' dir='ltr'>φησὶλμὴ</span> <span class='ocrx_word' id='word_1_595' title='bbox 1285 4244 1580 4311; x_wconf 84' lang='grc' dir='ltr'>νοήσαντες</span> <span class='ocrx_word' id='word_1_596' title='bbox 1645 4237 1769 4308; x_wconf 69' lang='grc' dir='ltr'>περὶ</span> 
     </span>
    </p>
   </div>
   <div class='ocr_carea' id='block_1_83' title="bbox 1875 4224 3453 4316">
    <p class='ocr_par' dir='ltr' id='par_1_83' title="bbox 1875 4224 3453 4299">
     <span class='ocr_line' id='line_1_83' title="bbox 1875 4224 3453 4299; baseline -0.004 -12"><span class='ocrx_word' id='word_1_597' title='bbox 1875 4224 2129 4288; x_wconf 74' lang='lat' dir='ltr'><strong>creatui‘w</strong></span> <span class='ocrx_word' id='word_1_598' title='bbox 2162 4231 2209 4295; x_wconf 71' lang='grc' dir='ltr'><strong>ί,</strong></span> <span class='ocrx_word' id='word_1_599' title='bbox 2247 4232 2510 4294; x_wconf 70' lang='lat' dir='ltr'><strong>hazretici,</strong></span> <span class='ocrx_word' id='word_1_600' title='bbox 2545 4231 2742 4299; x_wconf 84' lang='lat' dir='ltr'><strong>inquit.</strong></span> <span class='ocrx_word' id='word_1_601' title='bbox 2780 4245 2889 4283; x_wconf 85' lang='lat' dir='ltr'><strong>non</strong></span> <span class='ocrx_word' id='word_1_602' title='bbox 2964 4228 3330 4297; x_wconf 83' lang='lat' dir='ltr'><strong>intelligentes</strong></span> <span class='ocrx_word' id='word_1_603' title='bbox 3384 4225 3453 4281; x_wconf 91' lang='lat' dir='ltr'><strong>de</strong></span> 
     </span>
    </p>
   </div>
   <div class='ocr_carea' id='block_1_84' title="bbox 178 4319 1769 4406">
    <p class='ocr_par' dir='ltr' id='par_1_84' title="bbox 178 4330 1769 4406">
     <span class='ocr_line' id='line_1_84' title="bbox 178 4330 1769 4406; baseline -0.004 -19"><span class='ocrx_word' id='word_1_604' title='bbox 178 4338 335 4398; x_wconf 78' lang='grc' dir='ltr'>ποίας</span> <span class='ocrx_word' id='word_1_605' title='bbox 376 4336 619 4400; x_wconf 81' lang='grc' dir='ltr'>κτίσεως</span> <span class='ocrx_word' id='word_1_606' title='bbox 646 4336 819 4405; x_wconf 83' lang='grc' dir='ltr'>λέγει,</span> <span class='ocrx_word' id='word_1_607' title='bbox 848 4337 929 4400; x_wconf 86' lang='grc' dir='ltr'><strong>είς</strong></span> <span class='ocrx_word' id='word_1_608' title='bbox 952 4336 1158 4406; x_wconf 85' lang='grc' dir='ltr'>κτίσμα</span> <span class='ocrx_word' id='word_1_609' title='bbox 1186 4336 1277 4388; x_wconf 79' lang='grc' dir='ltr'>τὸν</span> <span class='ocrx_word' id='word_1_610' title='bbox 1311 4334 1437 4386; x_wconf 79' lang='grc' dir='ltr'>Υἰδν</span> <span class='ocrx_word' id='word_1_611' title='bbox 1470 4332 1519 4384; x_wconf 87' lang='grc' dir='ltr'><strong>οί</strong></span> <span class='ocrx_word' id='word_1_612' title='bbox 1560 4330 1769 4400; x_wconf 80' lang='grc' dir='ltr'>ἀνόητοι</span> 
     </span>
    </p>
   </div>
   <div class='ocr_carea' id='block_1_85' title="bbox 1875 4319 3453 4406">
    <p class='ocr_par' dir='ltr' id='par_1_85' title="bbox 1875 4319 3453 4396">
     <span class='ocr_line' id='line_1_85' title="bbox 1875 4319 3453 4396; baseline -0.004 -16"><span class='ocrx_word' id='word_1_613' title='bbox 1875 4342 1981 4396; x_wconf 90' lang='lat' dir='ltr'><strong>qua</strong></span> <span class='ocrx_word' id='word_1_614' title='bbox 2012 4334 2260 4381; x_wconf 86' lang='lat' dir='ltr'><strong>creatura</strong></span> <span class='ocrx_word' id='word_1_615' title='bbox 2310 4326 2588 4395; x_wconf 90' lang='lat' dir='ltr'><strong>loquatur,</strong></span> <span class='ocrx_word' id='word_1_616' title='bbox 2621 4322 2687 4377; x_wconf 89' lang='lat' dir='ltr'><strong>ad</strong></span> <span class='ocrx_word' id='word_1_617' title='bbox 2722 4329 3032 4377; x_wconf 84' lang='lat' dir='ltr'><strong>creaturam</strong></span> <span class='ocrx_word' id='word_1_618' title='bbox 3085 4319 3285 4374; x_wconf 87' lang='lat' dir='ltr'><strong>Filium</strong></span> <span class='ocrx_word' id='word_1_619' title='bbox 3346 4320 3453 4389; x_wconf 88' lang='lat' dir='ltr'><strong>ipsi</strong></span> 
     </span>
    </p>
   </div>
   <div class='ocr_carea' id='block_1_86' title="bbox 175 4415 1769 4499">
    <p class='ocr_par' dir='ltr' id='par_1_86' title="bbox 175 4424 1769 4499">
     <span class='ocr_line' id='line_1_86' title="bbox 175 4424 1769 4499; baseline -0.004 -18"><span class='ocrx_word' id='word_1_620' title='bbox 175 4428 638 4493; x_wconf 76' lang='grc' dir='ltr'>καταϐιϐάζουσι.</span> <span class='ocrx_word' id='word_1_621' title='bbox 684 4427 848 4499; x_wconf 85' lang='grc' dir='ltr'>Διττὴ</span> <span class='ocrx_word' id='word_1_622' title='bbox 879 4429 935 4481; x_wconf 81' lang='grc' dir='ltr'><strong>δὲ</strong></span> <span class='ocrx_word' id='word_1_623' title='bbox 968 4430 1001 4498; x_wconf 84' lang='grc' dir='ltr'>ἠ</span> <span class='ocrx_word' id='word_1_624' title='bbox 1027 4426 1203 4490; x_wconf 87' lang='grc' dir='ltr'>κτίσις</span> <span class='ocrx_word' id='word_1_625' title='bbox 1235 4443 1250 4457; x_wconf 87' lang='grc'><strong>·</strong></span> <span class='ocrx_word' id='word_1_626' title='bbox 1284 4429 1316 4496; x_wconf 87' lang='grc' dir='ltr'>ἠ</span> <span class='ocrx_word' id='word_1_627' title='bbox 1353 4426 1450 4495; x_wconf 81' lang='grc' dir='ltr'>μὲν</span> <span class='ocrx_word' id='word_1_628' title='bbox 1478 4424 1585 4492; x_wconf 89' lang='grc' dir='ltr'><strong>γάρ</strong></span> <span class='ocrx_word' id='word_1_629' title='bbox 1629 4425 1769 4475; x_wconf 76' lang='grc' dir='ltr'>ἐστιν</span> 
     </span>
    </p>
   </div>
   <div class='ocr_carea' id='block_1_87' title="bbox 1875 4415 3451 4499">
    <p class='ocr_par' dir='ltr' id='par_1_87' title="bbox 1875 4415 3451 4488">
     <span class='ocr_line' id='line_1_87' title="bbox 1875 4415 3451 4488; baseline -0.004 -15"><span class='ocrx_word' id='word_1_630' title='bbox 1875 4419 2195 4488; x_wconf 90' lang='lat' dir='ltr'><strong>insipientes</strong></span> <span class='ocrx_word' id='word_1_631' title='bbox 2250 4417 2513 4471; x_wconf 82' lang='lat' dir='ltr'><strong>referunt.</strong></span> <span class='ocrx_word' id='word_1_632' title='bbox 2571 4415 2780 4485; x_wconf 83' lang='lat' dir='ltr'><strong>Duplex</strong></span> <span class='ocrx_word' id='word_1_633' title='bbox 2836 4415 2980 4469; x_wconf 88' lang='lat' dir='ltr'><strong>enim</strong></span> <span class='ocrx_word' id='word_1_634' title='bbox 3017 4423 3101 4468; x_wconf 88' lang='lat' dir='ltr'><strong>est</strong></span> <span class='ocrx_word' id='word_1_635' title='bbox 3154 4421 3451 4475; x_wconf 89' lang='lat' dir='ltr'><strong>creatura,</strong></span> 
     </span>
    </p>
   </div>
   <div class='ocr_carea' id='block_1_88' title="bbox 176 4505 1769 4598">
    <p class='ocr_par' dir='ltr' id='par_1_88' title="bbox 176 4513 1769 4590">
     <span class='ocr_line' id='line_1_88' title="bbox 176 4513 1769 4590; baseline -0.005 -17"><span class='ocrx_word' id='word_1_636' title='bbox 176 4522 209 4588; x_wconf 79' lang='grc' dir='ltr'><strong>ἠ</strong></span> <span class='ocrx_word' id='word_1_637' title='bbox 239 4521 618 4590; x_wconf 81' lang='grc' dir='ltr'>γεγενημένη,</span> <span class='ocrx_word' id='word_1_638' title='bbox 652 4520 685 4589; x_wconf 85' lang='grc' dir='ltr'>ἡ</span> <span class='ocrx_word' id='word_1_639' title='bbox 731 4519 788 4571; x_wconf 84' lang='grc' dir='ltr'>δὲ</span> <span class='ocrx_word' id='word_1_640' title='bbox 816 4522 850 4589; x_wconf 80' lang='grc' dir='ltr'>ἡ</span> <span class='ocrx_word' id='word_1_641' title='bbox 908 4518 1407 4587; x_wconf 77' lang='grc' dir='ltr'>ἀνακαινιζομένη·</span> <span class='ocrx_word' id='word_1_642' title='bbox 1456 4514 1617 4578; x_wconf 74' lang='grc' dir='ltr'>αὐτὸς</span> <span class='ocrx_word' id='word_1_643' title='bbox 1665 4513 1769 4582; x_wconf 83' lang='grc' dir='ltr'>γὰρ</span> 
     </span>
    </p>
   </div>
   <div class='ocr_carea' id='block_1_89' title="bbox 1875 4505 3457 4598">
    <p class='ocr_par' dir='ltr' id='par_1_89' title="bbox 1878 4505 3457 4580">
     <span class='ocr_line' id='line_1_89' title="bbox 1878 4505 3457 4580; baseline -0.004 -17"><span class='ocrx_word' id='word_1_644' title='bbox 1878 4525 1984 4564; x_wconf 91' lang='lat' dir='ltr'><strong>una</strong></span> <span class='ocrx_word' id='word_1_645' title='bbox 2009 4509 2229 4580; x_wconf 88' lang='lat' dir='ltr'><strong>quidem</strong></span> <span class='ocrx_word' id='word_1_646' title='bbox 2262 4508 2424 4572; x_wconf 81' lang='lat' dir='ltr'><strong>facta,</strong></span> <span class='ocrx_word' id='word_1_647' title='bbox 2456 4509 2625 4562; x_wconf 90' lang='lat' dir='ltr'><strong>altera</strong></span> <span class='ocrx_word' id='word_1_648' title='bbox 2662 4516 2941 4561; x_wconf 88' lang='lat' dir='ltr'><strong>renovata.</strong></span> <span class='ocrx_word' id='word_1_649' title='bbox 2985 4505 3188 4559; x_wconf 88' lang='lat' dir='ltr'><strong>Paulus</strong></span> <span class='ocrx_word' id='word_1_650' title='bbox 3218 4520 3457 4575; x_wconf 88' lang='lat' dir='ltr'><strong>namque</strong></span> 
     </span>
    </p>
   </div>
   <div class='ocr_carea' id='block_1_90' title="bbox 178 4606 1770 4681">
    <p class='ocr_par' dir='ltr' id='par_1_90' title="bbox 178 4606 1770 4681">
     <span class='ocr_line' id='line_1_90' title="bbox 178 4606 1770 4681; baseline -0.004 -20"><span class='ocrx_word' id='word_1_651' title='bbox 178 4612 337 4665; x_wconf 83' lang='grc' dir='ltr'>πάλιν</span> <span class='ocrx_word' id='word_1_652' title='bbox 372 4610 590 4673; x_wconf 76' lang='grc' dir='ltr'>Παῦλος</span> <span class='ocrx_word' id='word_1_653' title='bbox 626 4612 753 4681; x_wconf 78' lang='grc' dir='ltr'><strong>βοᾷ·</strong></span> <span class='ocrx_word' id='word_1_654' title='bbox 787 4610 861 4664; x_wconf 78' lang='lat' dir='ltr'><strong><em>El</em></strong></span> <span class='ocrx_word' id='word_1_655' title='bbox 880 4628 968 4674; x_wconf 85' lang='grc' dir='ltr'><strong>τις</strong></span> <span class='ocrx_word' id='word_1_656' title='bbox 997 4609 1066 4661; x_wconf 79' lang='grc' dir='ltr'><strong>ἐν</strong></span> <span class='ocrx_word' id='word_1_657' title='bbox 1091 4606 1323 4677; x_wconf 80' lang='grc' dir='ltr'>Χριστῷ</span> <span class='ocrx_word' id='word_1_658' title='bbox 1352 4606 1527 4672; x_wconf 75' lang='grc' dir='ltr'>καινὴ</span> <span class='ocrx_word' id='word_1_659' title='bbox 1555 4606 1770 4667; x_wconf 78' lang='grc' dir='ltr'>κτίσις.</span> 
     </span>
    </p>
   </div>
   <div class='ocr_carea' id='block_1_91' title="bbox 180 4695 1775 4773">
    <p class='ocr_par' dir='ltr' id='par_1_91' title="bbox 180 4695 1775 4773">
     <span class='ocr_line' id='line_1_91' title="bbox 180 4695 1775 4773; baseline -0.004 -19"><span class='ocrx_word' id='word_1_660' title='bbox 180 4702 295 4755; x_wconf 89' lang='grc' dir='ltr'><strong>Ἰνα</strong></span> <span class='ocrx_word' id='word_1_661' title='bbox 314 4704 375 4756; x_wconf 76' lang='grc' dir='ltr'>δὲ</span> <span class='ocrx_word' id='word_1_662' title='bbox 405 4703 678 4773; x_wconf 81' lang='grc' dir='ltr'>λαμπρῶς</span> <span class='ocrx_word' id='word_1_663' title='bbox 704 4704 747 4735; x_wconf 78' lang='grc'>⁹¹</span> <span class='ocrx_word' id='word_1_664' title='bbox 779 4702 1022 4773; x_wconf 75' lang='grc' dir='ltr'>ἐπιδείξῃ</span> <span class='ocrx_word' id='word_1_665' title='bbox 1050 4701 1132 4753; x_wconf 84' lang='grc' dir='ltr'><strong>ὅτι</strong></span> <span class='ocrx_word' id='word_1_666' title='bbox 1171 4702 1267 4770; x_wconf 81' lang='grc' dir='ltr'><strong>τῆς</strong></span> <span class='ocrx_word' id='word_1_667' title='bbox 1296 4695 1775 4765; x_wconf 88' lang='grc' dir='ltr'>ἀνακαινισθείσης</span> 
     </span>
    </p>
   </div>
   <div class='ocr_carea' id='block_1_92' title="bbox 177 4790 1775 4865">
    <p class='ocr_par' dir='ltr' id='par_1_92' title="bbox 177 4790 1775 4865">
     <span class='ocr_line' id='line_1_92' title="bbox 177 4790 1775 4865; baseline -0.003 -18"><span class='ocrx_word' id='word_1_668' title='bbox 177 4797 423 4857; x_wconf 83' lang='grc' dir='ltr'>κτίσεως</span> <span class='ocrx_word' id='word_1_669' title='bbox 490 4794 640 4863; x_wconf 76' lang='grc' dir='ltr'>λέγει</span> <span class='ocrx_word' id='word_1_670' title='bbox 697 4796 1041 4864; x_wconf 88' lang='grc' dir='ltr'>πρωτότοκον</span> <span class='ocrx_word' id='word_1_671' title='bbox 1106 4795 1198 4848; x_wconf 88' lang='grc' dir='ltr'><strong>τδν</strong></span> <span class='ocrx_word' id='word_1_672' title='bbox 1264 4794 1518 4865; x_wconf 83' lang='grc' dir='ltr'>Χριστὸν,</span> <span class='ocrx_word' id='word_1_673' title='bbox 1578 4790 1775 4857; x_wconf 79' lang='grc' dir='ltr'>ἐπάγει</span> 
     </span>
    </p>
   </div>
   <div class='ocr_carea' id='block_1_93' title="bbox 182 4884 1775 4956">
    <p class='ocr_par' dir='ltr' id='par_1_93' title="bbox 182 4884 1775 4956">
     <span class='ocr_line' id='line_1_93' title="bbox 182 4884 1775 4956; baseline -0.004 -15"><span class='ocrx_word' id='word_1_674' title='bbox 182 4890 571 4956; x_wconf 84' lang='grc' dir='ltr'>Πρωτότοκος</span> <span class='ocrx_word' id='word_1_675' title='bbox 632 4887 702 4939; x_wconf 72' lang='grc' dir='ltr'>ἐκ</span> <span class='ocrx_word' id='word_1_676' title='bbox 753 4886 1022 4954; x_wconf 77' lang='grc' dir='ltr'>νεκρῶν,</span> <span class='ocrx_word' id='word_1_677' title='bbox 1073 4888 1174 4941; x_wconf 83' lang='grc' dir='ltr'><strong>ἵνα</strong></span> <span class='ocrx_word' id='word_1_678' title='bbox 1212 4886 1456 4956; x_wconf 77' lang='grc' dir='ltr'>γένηται</span> <span class='ocrx_word' id='word_1_679' title='bbox 1503 4884 1574 4937; x_wconf 77' lang='grc' dir='ltr'><strong>ἐν</strong></span> <span class='ocrx_word' id='word_1_680' title='bbox 1623 4884 1775 4938; x_wconf 80' lang='grc' dir='ltr'>πᾶσι</span> 
     </span>
    </p>
   </div>
   <div class='ocr_carea' id='block_1_94' title="bbox 182 4974 1774 5048">
    <p class='ocr_par' dir='ltr' id='par_1_94' title="bbox 182 4974 1774 5048">
     <span class='ocr_line' id='line_1_94' title="bbox 182 4974 1774 5048; baseline -0.003 -17"><span class='ocrx_word' id='word_1_681' title='bbox 182 4981 538 5047; x_wconf 70' lang='grc' dir='ltr'>πρωτεύων·</span> <span class='ocrx_word' id='word_1_682' title='bbox 563 4979 862 5048; x_wconf 88' lang='grc' dir='ltr'>πρωτεύων</span> <span class='ocrx_word' id='word_1_683' title='bbox 890 4979 999 5031; x_wconf 89' lang='grc' dir='ltr'><strong>τῶν</strong></span> <span class='ocrx_word' id='word_1_684' title='bbox 1020 4977 1538 5045; x_wconf 79' lang='grc' dir='ltr'>ἀνακαινιζομένων,</span> <span class='ocrx_word' id='word_1_685' title='bbox 1562 4976 1665 5029; x_wconf 73' lang='grc' dir='ltr'><strong>τῶν</strong></span> <span class='ocrx_word' id='word_1_686' title='bbox 1697 4974 1774 5037; x_wconf 88' lang='grc' dir='ltr'><strong>είς</strong></span> 
     </span>
    </p>
   </div>
   <div class='ocr_carea' id='block_1_95' title="bbox 183 5070 1773 5144">
    <p class='ocr_par' dir='ltr' id='par_1_95' title="bbox 183 5070 1773 5144">
     <span class='ocr_line' id='line_1_95' title="bbox 183 5070 1773 5144; baseline -0.001 -23"><span class='ocrx_word' id='word_1_687' title='bbox 183 5072 497 5143; x_wconf 64' lang='grc' dir='ltr'>ἀσθαρσίαν</span> <span class='ocrx_word' id='word_1_688' title='bbox 512 5072 678 5126; x_wconf 87' lang='grc' dir='ltr'>καλου</span> <span class='ocrx_word' id='word_1_689' title='bbox 687 5072 884 5144; x_wconf 77' lang='grc' dir='ltr'>μένων,</span> <span class='ocrx_word' id='word_1_690' title='bbox 898 5071 1005 5124; x_wconf 87' lang='grc' dir='ltr'><strong>τῶν</strong></span> <span class='ocrx_word' id='word_1_691' title='bbox 1026 5073 1090 5124; x_wconf 85' lang='grc' dir='ltr'><strong>ὲκ</strong></span> <span class='ocrx_word' id='word_1_692' title='bbox 1107 5072 1316 5141; x_wconf 86' lang='grc' dir='ltr'>νεκρῶν</span> <span class='ocrx_word' id='word_1_693' title='bbox 1330 5070 1691 5141; x_wconf 78' lang='grc' dir='ltr'>ἐγειρομένων</span> <span class='ocrx_word' id='word_1_694' title='bbox 1705 5070 1773 5132; x_wconf 70' lang='grc' dir='ltr'>θ’,</span> 
     </span>
    </p>
   </div>
   <div class='ocr_carea' id='block_1_96' title="bbox 188 5159 1773 5236">
    <p class='ocr_par' dir='ltr' id='par_1_96' title="bbox 188 5159 1773 5236">
     <span class='ocr_line' id='line_1_96' title="bbox 188 5159 1773 5236; baseline -0.004 -19"><span class='ocrx_word' id='word_1_695' title='bbox 188 5159 311 5231; x_wconf 64' lang='grc'><strong>[848</strong></span> <span class='ocrx_word' id='word_1_696' title='bbox 364 5162 483 5233; x_wconf 88' lang='grc' dir='ltr'><strong>Η.]</strong></span> <span class='ocrx_word' id='word_1_697' title='bbox 520 5163 817 5236; x_wconf 85' lang='grc' dir='ltr'>πρωτεύων</span> <span class='ocrx_word' id='word_1_698' title='bbox 846 5163 907 5215; x_wconf 84' lang='grc' dir='ltr'><strong>ού</strong></span> <span class='ocrx_word' id='word_1_699' title='bbox 943 5162 1085 5216; x_wconf 79' lang='grc' dir='ltr'>κατὰ</span> <span class='ocrx_word' id='word_1_700' title='bbox 1126 5163 1225 5233; x_wconf 83' lang='grc' dir='ltr'>τὴν</span> <span class='ocrx_word' id='word_1_701' title='bbox 1273 5161 1505 5230; x_wconf 85' lang='grc' dir='ltr'>θεότητα</span> <span class='ocrx_word' id='word_1_702' title='bbox 1540 5162 1773 5231; x_wconf 81' lang='grc' dir='ltr'>(ἄπαγε’</span> 
     </span>
    </p>
   </div>
   <div class='ocr_carea' id='block_1_97' title="bbox 188 5252 1751 5325">
    <p class='ocr_par' dir='ltr' id='par_1_97' title="bbox 188 5252 1751 5325">
     <span class='ocr_line' id='line_1_97' title="bbox 188 5252 1751 5325; baseline -0.002 -22"><span class='ocrx_word' id='word_1_703' title='bbox 188 5252 341 5324; x_wconf 68' lang='grc' dir='ltr'>ὕϐρις</span> <span class='ocrx_word' id='word_1_704' title='bbox 362 5256 476 5325; x_wconf 69' lang='grc' dir='ltr'><strong>γὰρ</strong></span> <span class='ocrx_word' id='word_1_705' title='bbox 502 5255 625 5325; x_wconf 84' lang='grc' dir='ltr'><strong>Θεῴ</strong></span> <span class='ocrx_word' id='word_1_706' title='bbox 652 5255 712 5308; x_wconf 80' lang='grc' dir='ltr'><strong>τὸ</strong></span> <span class='ocrx_word' id='word_1_707' title='bbox 738 5253 1021 5307; x_wconf 87' lang='grc' dir='ltr'>καλεῖσθαι</span> <span class='ocrx_word' id='word_1_708' title='bbox 1053 5254 1270 5324; x_wconf 84' lang='grc' dir='ltr'>πρῶτον</span> <span class='ocrx_word' id='word_1_709' title='bbox 1305 5254 1414 5307; x_wconf 86' lang='grc' dir='ltr'><strong>τῶν</strong></span> <span class='ocrx_word' id='word_1_710' title='bbox 1438 5252 1751 5322; x_wconf 86' lang='grc' dir='ltr'>κτισμάτων</span> 
     </span>
    </p>
   </div>
   <div class='ocr_carea' id='block_1_98' title="bbox 1878 4600 3453 4672">
    <p class='ocr_par' dir='ltr' id='par_1_98' title="bbox 1878 4600 3453 4672">
     <span class='ocr_line' id='line_1_98' title="bbox 1878 4600 3453 4672; baseline -0.005 -15"><span class='ocrx_word' id='word_1_711' title='bbox 1878 4604 2072 4658; x_wconf 85' lang='lat' dir='ltr'><strong>iterum</strong></span> <span class='ocrx_word' id='word_1_712' title='bbox 2126 4604 2366 4657; x_wconf 88' lang='lat' dir='ltr'><strong>clamat:</strong></span> <span class='ocrx_word' id='word_1_713' title='bbox 2396 4601 2458 4656; x_wconf 76' lang='lat' dir='ltr'><strong>Si</strong></span> <span class='ocrx_word' id='word_1_714' title='bbox 2488 4618 2593 4672; x_wconf 87' lang='lat' dir='ltr'><strong>qua</strong></span> <span class='ocrx_word' id='word_1_715' title='bbox 2634 4602 2691 4653; x_wconf 79' lang='lat' dir='ltr'><strong>in</strong></span> <span class='ocrx_word' id='word_1_716' title='bbox 2722 4600 2930 4653; x_wconf 81' lang='lat' dir='ltr'><strong>Christo</strong></span> <span class='ocrx_word' id='word_1_717' title='bbox 2960 4616 3092 4653; x_wconf 84' lang='lat' dir='ltr'><strong>nova</strong></span> <span class='ocrx_word' id='word_1_718' title='bbox 3121 4610 3367 4653; x_wconf 84' lang='lat' dir='ltr'><strong>creatura</strong></span> <span class='ocrx_word' id='word_1_719' title='bbox 3405 4600 3453 4649; x_wconf 74' lang='grc' dir='ltr'><strong>ε.</strong></span> 
     </span>
    </p>
   </div>
   <div class='ocr_carea' id='block_1_99' title="bbox 1880 4690 3453 4767">
    <p class='ocr_par' dir='ltr' id='par_1_99' title="bbox 1880 4690 3453 4767">
     <span class='ocr_line' id='line_1_99' title="bbox 1880 4690 3453 4767; baseline -0.006 -14"><span class='ocrx_word' id='word_1_720' title='bbox 1880 4697 2059 4767; x_wconf 88' lang='lat' dir='ltr'><strong>thue</strong></span> <span class='ocrx_word' id='word_1_721' title='bbox 2090 4695 2376 4751; x_wconf 82' lang='lat' dir='ltr'><strong>manifeste</strong></span> <span class='ocrx_word' id='word_1_722' title='bbox 2428 4695 2624 4766; x_wconf 79' lang='lat' dir='ltr'><strong>520a</strong></span> <span class='ocrx_word' id='word_1_723' title='bbox 2667 4694 2916 4748; x_wconf 83' lang='lat' dir='ltr'><strong>ostendat</strong></span> <span class='ocrx_word' id='word_1_724' title='bbox 2959 4710 3018 4748; x_wconf 91' lang='lat' dir='ltr'><strong>se</strong></span> <span class='ocrx_word' id='word_1_725' title='bbox 3071 4694 3252 4747; x_wconf 87' lang='lat' dir='ltr'><strong>dicere</strong></span> <span class='ocrx_word' id='word_1_726' title='bbox 3291 4690 3453 4744; x_wconf 89' lang='lat' dir='ltr'><strong>Chri-</strong></span> 
     </span>
    </p>
   </div>
   <div class='ocr_carea' id='block_1_100' title="bbox 1880 4782 3451 4856">
    <p class='ocr_par' dir='ltr' id='par_1_100' title="bbox 1880 4782 3451 4856">
     <span class='ocr_line' id='line_1_100' title="bbox 1880 4782 3451 4856; baseline -0.008 -12"><span class='ocrx_word' id='word_1_727' title='bbox 1880 4798 2026 4844; x_wconf 89' lang='lat' dir='ltr'><strong>stum</strong></span> <span class='ocrx_word' id='word_1_728' title='bbox 2052 4804 2171 4843; x_wconf 85' lang='lat' dir='ltr'><strong>esse</strong></span> <span class='ocrx_word' id='word_1_729' title='bbox 2199 4788 2623 4856; x_wconf 75' lang='lat' dir='ltr'><strong>primogenitum</strong></span> <span class='ocrx_word' id='word_1_730' title='bbox 2661 4796 2924 4840; x_wconf 81' lang='lat' dir='ltr'><strong>creaturae</strong></span> <span class='ocrx_word' id='word_1_731' title='bbox 2956 4794 3251 4847; x_wconf 75' lang='lat' dir='ltr'><strong>renovatae,</strong></span> <span class='ocrx_word' id='word_1_732' title='bbox 3271 4782 3451 4835; x_wconf 86' lang='lat' dir='ltr'><strong>addit:</strong></span> 
     </span>
    </p>
   </div>
   <div class='ocr_carea' id='block_1_101' title="bbox 1883 4874 3452 4952">
    <p class='ocr_par' dir='ltr' id='par_1_101' title="bbox 1883 4874 3452 4952">
     <span class='ocr_line' id='line_1_101' title="bbox 1883 4874 3452 4952; baseline -0.006 -17"><span class='ocrx_word' id='word_1_733' title='bbox 1883 4882 2274 4952; x_wconf 81' lang='lat' dir='ltr'><strong>Primogenitus</strong></span> <span class='ocrx_word' id='word_1_734' title='bbox 2297 4898 2360 4935; x_wconf 78' lang='lat' dir='ltr'><strong>ea:</strong></span> <span class='ocrx_word' id='word_1_735' title='bbox 2383 4882 2627 4942; x_wconf 78' lang='lat' dir='ltr'><strong>mortuis,</strong></span> <span class='ocrx_word' id='word_1_736' title='bbox 2646 4891 2701 4931; x_wconf 88' lang='lat' dir='ltr'><strong>ut</strong></span> <span class='ocrx_word' id='word_1_737' title='bbox 2723 4878 2873 4933; x_wconf 81' lang='lat' dir='ltr'><strong>sit&#39;in</strong></span> <span class='ocrx_word' id='word_1_738' title='bbox 2896 4878 3134 4931; x_wconf 81' lang='lat' dir='ltr'><strong>omnibus</strong></span> <span class='ocrx_word' id='word_1_739' title='bbox 3163 4877 3362 4944; x_wconf 83' lang='lat' dir='ltr'><strong>primus</strong></span> <span class='ocrx_word' id='word_1_740' title='bbox 3382 4874 3407 4911; x_wconf 70' lang='grc' dir='ltr'>ιι</span> <span class='ocrx_word' id='word_1_741' title='bbox 3439 4892 3452 4925; x_wconf 93' lang='lat'>:</span> 
     </span>
    </p>
   </div>
   <div class='ocr_carea' id='block_1_102' title="bbox 1882 4972 3455 5047">
    <p class='ocr_par' dir='ltr' id='par_1_102' title="bbox 1882 4972 3455 5047">
     <span class='ocr_line' id='line_1_102' title="bbox 1882 4972 3455 5047; baseline -0.007 -19"><span class='ocrx_word' id='word_1_742' title='bbox 1882 4976 2092 5047; x_wconf 89' lang='lat' dir='ltr'><strong>primus</strong></span> <span class='ocrx_word' id='word_1_743' title='bbox 2144 4985 2563 5038; x_wconf 80' lang='lat' dir='ltr'><strong>reuovatorum,</strong></span> <span class='ocrx_word' id='word_1_744' title='bbox 2613 4975 2679 5028; x_wconf 88' lang='lat' dir='ltr'><strong>ad</strong></span> <span class='ocrx_word' id='word_1_745' title='bbox 2720 4972 3187 5040; x_wconf 82' lang='lat' dir='ltr'><strong>incorruptionem</strong></span> <span class='ocrx_word' id='word_1_746' title='bbox 3232 4976 3455 5020; x_wconf 79' lang='lat' dir='ltr'><strong>vocato—</strong></span> 
     </span>
    </p>
   </div>
   <div class='ocr_carea' id='block_1_103' title="bbox 1886 5061 3454 5132">
    <p class='ocr_par' dir='ltr' id='par_1_103' title="bbox 1886 5061 3454 5132">
     <span class='ocr_line' id='line_1_103' title="bbox 1886 5061 3454 5132; baseline -0.008 -9"><span class='ocrx_word' id='word_1_747' title='bbox 1886 5085 2033 5132; x_wconf 88' lang='lat' dir='ltr'><strong>rum,</strong></span> <span class='ocrx_word' id='word_1_748' title='bbox 2064 5084 2129 5123; x_wconf 76' lang='lat' dir='ltr'><strong>ex</strong></span> <span class='ocrx_word' id='word_1_749' title='bbox 2158 5068 2390 5123; x_wconf 88' lang='lat' dir='ltr'><strong>mortuis</strong></span> <span class='ocrx_word' id='word_1_750' title='bbox 2413 5068 2884 5129; x_wconf 88' lang='lat' dir='ltr'><strong>resuscitatorum,</strong></span> <span class='ocrx_word' id='word_1_751' title='bbox 2913 5075 2966 5117; x_wconf 90' lang='lat' dir='ltr'><strong>et</strong></span> <span class='ocrx_word' id='word_1_752' title='bbox 2991 5061 3454 5117; x_wconf 84' lang='lat' dir='ltr'><strong>suscitaudorum.</strong></span> 
     </span>
    </p>
   </div>
   <div class='ocr_carea' id='block_1_104' title="bbox 1889 5153 3457 5222">
    <p class='ocr_par' dir='ltr' id='par_1_104' title="bbox 1889 5153 3457 5222">
     <span class='ocr_line' id='line_1_104' title="bbox 1889 5153 3457 5222; baseline -0.009 -6"><span class='ocrx_word' id='word_1_753' title='bbox 1889 5162 2107 5217; x_wconf 86' lang='lat' dir='ltr'><strong>Primus</strong></span> <span class='ocrx_word' id='word_1_754' title='bbox 2152 5176 2263 5215; x_wconf 89' lang='lat' dir='ltr'><strong>non</strong></span> <span class='ocrx_word' id='word_1_755' title='bbox 2307 5160 2612 5216; x_wconf 89' lang='lat' dir='ltr'><strong>secundum</strong></span> <span class='ocrx_word' id='word_1_756' title='bbox 2659 5158 2913 5211; x_wconf 79' lang='lat' dir='ltr'><strong>deitatem</strong></span> <span class='ocrx_word' id='word_1_757' title='bbox 2955 5163 2969 5221; x_wconf 89' lang='lat'><strong>(</strong></span> <span class='ocrx_word' id='word_1_758' title='bbox 3006 5168 3175 5222; x_wconf 83' lang='lat' dir='ltr'><strong>apage</strong></span> <span class='ocrx_word' id='word_1_759' title='bbox 3218 5153 3230 5204; x_wconf 89' lang='lat'><strong>!</strong></span> <span class='ocrx_word' id='word_1_760' title='bbox 3265 5160 3457 5204; x_wconf 87' lang='lat' dir='ltr'><strong>contu-</strong></span> 
     </span>
    </p>
   </div>
   <div class='ocr_carea' id='block_1_105' title="bbox 1893 5239 3458 5310">
    <p class='ocr_par' dir='ltr' id='par_1_105' title="bbox 1893 5239 3458 5310">
     <span class='ocr_line' id='line_1_105' title="bbox 1893 5239 3458 5310; baseline -0.007 -6"><span class='ocrx_word' id='word_1_761' title='bbox 1893 5252 2057 5305; x_wconf 85' lang='lat' dir='ltr'><strong>melia</strong></span> <span class='ocrx_word' id='word_1_762' title='bbox 2094 5250 2240 5305; x_wconf 87' lang='lat' dir='ltr'><strong>enim</strong></span> <span class='ocrx_word' id='word_1_763' title='bbox 2299 5258 2383 5305; x_wconf 90' lang='lat' dir='ltr'><strong>est</strong></span> <span class='ocrx_word' id='word_1_764' title='bbox 2435 5250 2488 5302; x_wconf 88' lang='lat' dir='ltr'><strong>in</strong></span> <span class='ocrx_word' id='word_1_765' title='bbox 2527 5247 2719 5310; x_wconf 90' lang='lat' dir='ltr'><strong>Deum,</strong></span> <span class='ocrx_word' id='word_1_766' title='bbox 2778 5244 2961 5297; x_wconf 78' lang='lat' dir='ltr'><strong>vocari</strong></span> <span class='ocrx_word' id='word_1_767' title='bbox 3018 5242 3167 5294; x_wconf 91' lang='lat' dir='ltr'><strong>illum</strong></span> <span class='ocrx_word' id='word_1_768' title='bbox 3220 5239 3458 5310; x_wconf 83' lang='lat' dir='ltr'><strong>primum</strong></span> 
     </span>
    </p>
   </div>
   <div class='ocr_carea' id='block_1_106' title="bbox 266 5448 1909 5519">
    <p class='ocr_par' dir='ltr' id='par_1_106' title="bbox 266 5448 1909 5519">
     <span class='ocr_line' id='line_1_106' title="bbox 266 5448 1909 5519; baseline -0.004 -12"><span class='ocrx_word' id='word_1_769' title='bbox 266 5454 282 5489; x_wconf 70' lang='grc' dir='ltr'><em>τ</em></span> <span class='ocrx_word' id='word_1_770' title='bbox 321 5454 543 5510; x_wconf 83' lang='lat' dir='ltr'><strong>Coloss.</strong></span> <span class='ocrx_word' id='word_1_771' title='bbox 584 5454 737 5519; x_wconf 71' lang='grc' dir='ltr'><strong>1,1ἶ’›.</strong></span> <span class='ocrx_word' id='word_1_772' title='bbox 842 5455 866 5491; x_wconf 73' lang='grc'><strong>⁸</strong></span> <span class='ocrx_word' id='word_1_773' title='bbox 900 5453 918 5507; x_wconf 89' lang='grc'><strong>1</strong></span> <span class='ocrx_word' id='word_1_774' title='bbox 950 5452 1078 5508; x_wconf 87' lang='lat' dir='ltr'><strong>Cor.</strong></span> <span class='ocrx_word' id='word_1_775' title='bbox 1111 5468 1164 5516; x_wconf 76' lang='grc' dir='ltr'><strong>ν,</strong></span> <span class='ocrx_word' id='word_1_776' title='bbox 1203 5451 1290 5507; x_wconf 78' lang='grc'><strong>17.</strong></span> <span class='ocrx_word' id='word_1_777' title='bbox 1366 5452 1390 5489; x_wconf 70' lang='lat' dir='ltr'><strong>h</strong></span> <span class='ocrx_word' id='word_1_778' title='bbox 1423 5451 1634 5506; x_wconf 78' lang='lat' dir='ltr'><strong>Coloss.</strong></span> <span class='ocrx_word' id='word_1_779' title='bbox 1670 5466 1705 5512; x_wconf 84' lang='grc' dir='ltr'><strong>ι,</strong></span> <span class='ocrx_word' id='word_1_780' title='bbox 1747 5448 1835 5501; x_wconf 82' lang='grc'><strong>18.</strong></span> <span class='ocrx_word' id='word_1_781' title='bbox 1904 5448 1909 5451; x_wconf 84' lang='grc'><em>’</em></span> 
     </span>
    </p>
   </div>
   <div class='ocr_carea' id='block_1_107' title="bbox 1506 5653 2188 5711">
    <p class='ocr_par' dir='ltr' id='par_1_107' title="bbox 1506 5653 2188 5711">
     <span class='ocr_line' id='line_1_107' title="bbox 1506 5653 2188 5711; baseline -0.006 0"><span class='ocrx_word' id='word_1_782' title='bbox 1506 5655 1742 5711; x_wconf 73' lang='lat' dir='ltr'><strong>VARle</strong></span> <span class='ocrx_word' id='word_1_783' title='bbox 1775 5653 2071 5711; x_wconf 77' lang='lat' dir='ltr'><strong>LECTION</strong></span> <span class='ocrx_word' id='word_1_784' title='bbox 2084 5654 2188 5708; x_wconf 85' lang='lat' dir='ltr'><strong>ES.</strong></span> 
     </span>
    </p>
   </div>
   <div class='ocr_carea' id='block_1_108' title="bbox 298 5805 3308 5890">
    <p class='ocr_par' dir='ltr' id='par_1_108' title="bbox 298 5805 3308 5890">
     <span class='ocr_line' id='line_1_108' title="bbox 298 5805 3308 5890; baseline 0.004 -20"><span class='ocrx_word' id='word_1_785' title='bbox 298 5812 350 5846; x_wconf 82' lang='lat'><strong>&quot;</strong></span> <span class='ocrx_word' id='word_1_786' title='bbox 379 5815 665 5885; x_wconf 79' lang='grc' dir='ltr'>ἀπολύσεις</span> <span class='ocrx_word' id='word_1_787' title='bbox 694 5820 760 5875; x_wconf 78' lang='grc' dir='ltr'><strong>Α.</strong></span> <span class='ocrx_word' id='word_1_788' title='bbox 863 5819 908 5854; x_wconf 73' lang='grc' dir='ltr'><strong><em>ὀ</em></strong></span> <span class='ocrx_word' id='word_1_789' title='bbox 945 5820 1002 5875; x_wconf 76' lang='grc' dir='ltr'><strong>τὸ</strong></span> <span class='ocrx_word' id='word_1_790' title='bbox 1053 5823 1205 5877; x_wconf 86' lang='lat' dir='ltr'><strong>libris</strong></span> <span class='ocrx_word' id='word_1_791' title='bbox 1241 5823 1409 5877; x_wconf 71' lang='lat' dir='ltr'><strong>deest.</strong></span> <span class='ocrx_word' id='word_1_792' title='bbox 1516 5821 1554 5851; x_wconf 66' lang='grc' dir='ltr'>θ’</span> <span class='ocrx_word' id='word_1_793' title='bbox 1587 5819 1837 5890; x_wconf 57' lang='grc' dir='ltr'>λαμπρὸν</span> <span class='ocrx_word' id='word_1_794' title='bbox 1874 5834 1931 5880; x_wconf 70' lang='grc' dir='ltr'><strong>ς’.</strong></span> <span class='ocrx_word' id='word_1_795' title='bbox 2039 5816 2083 5848; x_wconf 77' lang='grc'>’³</span> <span class='ocrx_word' id='word_1_796' title='bbox 2118 5813 2479 5885; x_wconf 65' lang='grc' dir='ltr'>ἐγειρομένων</span> <span class='ocrx_word' id='word_1_797' title='bbox 2535 5810 2627 5863; x_wconf 59' lang='grc' dir='ltr'>καὶ</span> <span class='ocrx_word' id='word_1_798' title='bbox 2683 5805 3015 5879; x_wconf 76' lang='grc' dir='ltr'><strong>περωμένων</strong></span> <span class='ocrx_word' id='word_1_799' title='bbox 3042 5819 3216 5875; x_wconf 74' lang='grc' dir='ltr'><strong>πρωτ’</strong></span> <span class='ocrx_word' id='word_1_800' title='bbox 3246 5815 3308 5866; x_wconf 56' lang='grc' dir='ltr'><strong>ίῗ·</strong></span> 
     </span>
    </p>
   </div>
  </div>
