3856 6298
579 372 677 437 271

580 579 726 635 sibili
766 578 1083 632 excellentia
1130 592 1293 647 super
1339 591 1531 631 omnes
1579 584 1863 630 creaturas
1897 575 2143 629 ascendit

580 672 880 741 sedetque),
921 671 1016 725 sed
1073 672 1283 739 primus
1333 678 1417 724 est
1480 668 1780 723 secundum
1836 666 2142 720 humanita-

578 768 709 822 tem,
738 759 987 827 princeps
1017 757 1193 814 factus
1236 758 1655 813 resurrectionis
1698 767 1916 822 nostrae,
1946 765 2000 810 et
2024 772 2143 810 mu¢

578 850 807 903 talionis
830 863 896 902 ex
921 849 1273 919 corruptione
1303 848 1357 902 in
1388 848 1877 916 incorruptionem.
1914 845 1970 900 Si
1998 846 2143 900 enim

579 942 723 996 Elias
763 941 930 996 lilium
963 941 1137 996 vidua:
1167 940 1441 1002 excitavit,
1478 949 1532 994 et
1559 938 1791 995 Elisreus
1842 939 2011 993 tilium
2050 938 2146 991 Su-

578 1032 879 1098 namitidis,
912 1042 966 1086 et
1017 1031 1267 1085 Salvator
1308 1031 1660 1101 quatriduum
1700 1028 1964 1084 Lazarum
1995 1027 2146 1083 exci-

582 1125 745 1191 tavit;
781 1125 874 1179 sed
909 1138 1070 1178 nemo
1097 1138 1285 1179 eorum
1315 1124 1381 1178 ad
1413 1124 1895 1192 incorruptionem,
1937 1130 1992 1177 et
2043 1121 2145 1174 im—

578 1217 959 1271 mortalitatem
1000 1218 1268 1273 excitatus
1299 1228 1401 1273 est.
1444 1218 1640 1273 lterum
1692 1218 1835 1272 enim
1862 1232 1956 1272 eos
1987 1232 2135 1271 mors

578 1320 765 1380 postea
802 1311 1093 1379 oppressit.
1128 1310 1374 1365 Christus
1405 1326 1536 1365 vero
1562 1326 1792 1381 surgens
1819 1325 1849 1365 e
1880 1309 2145 1369 mortuis.

577 1418 685 1457 non
724 1403 959 1472 amplius
1016 1404 1266 1467 moritur,
1315 1418 1415 1457 nec
1460 1418 1611 1458 mors
1648 1402 1880 1472 amplius
1910 1401 1987 1454 illi
2043 1401 2144 1454 do-

578 1494 850 1559 minatur,
909 1494 1005 1549 sed
1056 1510 1233 1565 neque
1288 1495 1397 1549 illis
1462 1511 1600 1566 quos
1651 1495 1706 1549 in
1757 1493 2002 1547 secundo
2046 1507 2146 1545 suo

576 1586 808 1641 adventu
855 1588 1131 1642 excitabit.
1163 1585 1206 1642 Ο
1252 1587 1448 1641 malam
1481 1597 1534 1641 et
1571 1588 1878 1643 dementem
1908 1593 2143 1639 vestram

576 1678 921 1748 opinionem!
960 1678 1115 1735 Venit
1165 1679 1413 1735 Christus
1454 1679 1522 1733 ad
1581 1693 1681 1734 nos
1739 1699 1751 1734 :
1792 1680 1939 1734 dedit
1986 1680 2145 1734 nobis

578 1772 837 1841 Spiritum
876 1788 1030 1826 suum
1067 1782 1336 1837 sanctum,
1363 1783 1417 1827 et
1449 1772 1747 1841 assumpsit
1793 1787 1993 1843 corpus
2044 1786 2145 1826 no-

1736 371 1996 434 PHOTII
2022 372 2150 432 PA’I

2257 371 2529 433 ARCH/E
2567 373 2673 433 cr.
3682 394 3770 460 ειη

579 493 972 547 creaturarum,
1005 482 1098 551 qui
1139 482 1396 539 inellabili
1426 483 1610 546 verbo,
1649 490 1702 537 et
1732 481 2149 552 incomprehen-

2257 480 2308 544 ξς
2358 484 2583 554 ἀρρήτῳ
2635 483 2775 554 λόγῳ
2820 485 2911 537 καὶ
2956 485 3290 558 άνετιινοήτῳ
3340 489 3567 569 ύπερόχῇ

3618 520 3773 558 natm:

2255 525 2306 544 -.δ
2358 525 2582 554 ,Ὕπανιν
2637 525 2774 554 νυνὶ.
2822 525 2911 537 ιη...
2956 525 3290 558 ...ιυιησυιιηγ
3341 525 3567 569 elingui"
3618 525 3773 579 πασης

2252 574 2627 645 ὑπερήρτηται
2656 577 2748 627 καὶ
2785 576 3137 648 ὑπερίδρυται
3184 579 3438 653 φύσεως),
3479 588 3606 644 ἀλλὰ
3647 614 3776 667 πρω.

2248 664 2397 717 τεύει
2426 665 2591 757 ,κατά
2621 682 2684 733 γε
2730 666 2829 737 τὴν
2881 667 3308 739 ἀνθρωπότητα,
3362 675 3590 748 ἀρχηγὸς
3643 664 3795 757 ﬁt?"

2248 756 2488 823 γεγονὼς
2548 756 2647 827 τῆς
2685 758 3034 823 ἀναστάσεως
3079 762 3174 813 καὶ
3231 766 3332 833 τῆς
3379 767 3443 820 ὲκ
3484 756 3778 843 φθορᾷςνεις

2249 848 2561 916 ἀφθαρσίαν
2616 852 3166 920 μεταστοιχειὼσεως.
3217 854 3278 907 El
3339 857 3445 929 γὰρ
3484 862 3574 915 καὶ
3619 868 3780 934 Ἦλίας

2248 939 2341 993 τδν
2377 939 2491 993 υίδν
2527 942 2624 1011 τῆς
2654 942 2832 1011 Χήρας
2861 942 3071 1014 ἤγειρε,
3110 944 3205 997 καὶ
3258 946 3549 1016 Ἐλισσαῖος
3578 957 3663 1009 τὸν
3695 962 3779 1031 τῆς

2250 1032 2632 1102 Σωμανίτιδος,
2669 1034 2762 1087 καὶ
2812 1034 2973 1097 αὑτὸς
3027 1036 3056 1087 6
3116 1037 3303 1109 Σωτὴρ
3360 1049 3662 1115 τεταρταῖον
3703 1052 3782 1105 τὸν

2250 1128 2501 1198 Λάζαρον
2560 1126 2913 1197 ὲξανέστησεν
2962 1130 3029 1195 ’³,
3098 1131 3214 1185 ἀλλ’
3257 1132 3432 1199 οὐδεὶς
3486 1139 3655 1195 αὐτῶν
3713 1149 3783 1211 εἰς

2249 1218 2553 1288 ἀφθαρσίαν
2612 1218 2707 1271 καὶ
2770 1218 3072 1273 ἀθανασίαν
3136 1222 3440 1293 ἐξανέστησ
3489 1228 3644 1284 πάλιν
3690 1239 3783 1307 γάρ

2248 1308 2470 1362 αὑτῶνό
2495 1309 2725 1374 θάνατος
2746 1312 3047 1383 ἐκυρίευσε.
3084 1315 3319 1385 Χριστὸς
3370 1317 3426 1370 δὲ
3469 1321 3690 1389 ἀναστὰς
3729 1331 3783 1383 ὲκ

2252 1400 2457 1469 νεκρῶν
2506 1402 2688 1455 οὑκέτι
2734 1403 3071 1476 ἀποθνήσκει
3107 1424 3122 1440 ’
3154 1408 3382 1471 Θάνατος
3418 1414 3577 1467 αὑτοῦ
3621 1420 3784 1474 οὐκέτι

2252 1491 2514 1560 κυριεύει.
2555 1493 2696 1546 Ἀλλ’
2729 1496 2848 1549 οὑδὲ
2882 1496 3126 1561 ἐκείνων,
3155 1499 3248 1563 οὓς
3267 1500 3409 1554 κατά
3437 1503 3529 1575 τὴν
3556 1506 3785 1581 δευτέραν

2250 1584 2415 1637 αὑτοῦ
2450 1586 2749 1657 παρουσίαν
2788 1589 3098 1659 ἀναστήσει.
3138 1591 3200 1642 Ὢ
3233 1593 3411 1663 κακῆς
3444 1595 3533 1647 καὶ
3582 1599 3786 1669 ἄφρονος

2253 1677 2406 1745 ὑμῶν
2460 1678 2507 1711 οδ
2550 1679 2809 1751 γνώμηςί
2863 1676 3028 1751 ἦλθεν
3085 1682 3115 1734 6
3164 1684 3397 1754 Χριστὸς
3454 1688 3586 1757 πρὸς
3640 1687 3783 1761 ἡμᾶς,

2252 1770 2452 1824 ἔδωκεν
2499 1774 2632 1843 ἡμῖν
2685 1773 2746 1825 τὸ
2803 1774 2969 1828 αὑτοῦ
3023 1775 3272 1845 Πνεῦμα,
3324 1779 3413 1833 καὶ
3476 1780 3691 1836 ἀνέλαϐε
3736 1788 3786 1839 τὸ

577 1872 843 1929 strum,et
871 1872 1184 1919 contractus
1213 1865 1506 1934 prtecessit,
1537 1874 1589 1919 et
1625 1864 1858 1919 induens
1901 1873 2141 1917 nostram

2257 1863 2514 1934 ἡμέτερον
2554 1864 2728 1935 σῶμα,
2774 1868 2868 1921 καὶ
2905 1867 2968 1920 τὸ
3020 1868 3373 1939 συνάλλαγμα
3421 1873 3666 1943 προῆλθε,
3709 1880 3787 1932 καὶ

577 1952 971 2007 humanitatem
1009 1953 1267 2007 exaltavit
1297 1954 1468 2016 illam,
1493 1963 1546 2008 et
1579 1952 1863 2008 constituit
1892 1954 2040 2007 illam
2088 1952 2142 2006 in

2248 1956 2426 2010 λαϐὼν
2452 1958 2611 2028 ἡμῶν
2639 1960 2701 2013 τὸ
2730 1960 2959 2032 φύραμα
2985 1962 3267 2032 ἀνύψωσεν
3309 1963 3435 2016 αὐτὸ
3458 1967 3786 2023 καὶὲκάθισεν

577 2044 796 2099 dextera
849 2043 1066 2099 Patris:
1114 2055 1168 2100 et
1201 2045 1530 2115 ingratitudo
1581 2045 1904 2100 beneﬁcium
1945 2054 2143 2100 contu-

2257 2050 2303 2101 ὲν
2329 2050 2479 2120 δεξιᾷ
2506 2051 2597 2104 τοῦ
2628 2052 2840 2124 Πατρός
2860 2070 2874 2083 θ
2905 2054 3015 2121 καὶ]
3038 2056 3071 2124 ἡ
3123 2055 3485 2126 ἀγνωμοσύνη
3516 2056 3608 2127 τὴν
3657 2059 3787 2131 εύερ-

579 2136 738 2189 mclia
782 2134 966 2190 allicit.
999 2135 1218 2206 Accepit
1252 2152 1281 2189 a
1337 2136 1494 2189 nobis
1543 2135 1892 2205 ﬁgmentum,
1934 2145 1987 2189 et
2018 2150 2147 2189 con-

578 2227 752 2280 stituit
795 2226 928 2281 illud
978 2227 1032 2280 in
1072 2226 1290 2281 dextera
1322 2226 1517 2280 Patris.
1568 2226 1894 2295 Accepimus
1952 2226 2019 2279 ab
2053 2226 2143 2281 illo

578 2319 863 2389 Spiritum,
894 2328 945 2373 et
974 2319 1228 2388 injuriam
1264 2319 1495 2372 iacimus
1519 2360 1533 2382 ,
1579 2319 1631 2371 in
1680 2327 2055 2373 creaturarum
2093 2330 2147 2372 et

578 2428 856 2467 servorum
886 2412 1131 2466 ordinem
1163 2413 1313 2466 illum
1350 2413 1671 2481 redigentes.

646 2502 841 2557 l’etitio
892 2504 1111 2572 quidem
1162 2504 1399 2568 dicitur,
1444 2507 1662 2573 quando
1721 2502 1889 2559 Deum
1948 2504 2146 2574 aliquis

576 2608 755 2666 rogat,
791 2597 865 2651 rei
895 2597 1179 2667 cujusdam
1221 2598 1430 2666 gratia;
1483 2598 1723 2666 precatio
1753 2613 1882 2652 vero
1926 2598 2146 2667 quando

576 2689 701 2758 quis
734 2703 830 2757 pro
858 2688 1096 2757 acceptis
1126 2688 1405 2743 bencliciis
1433 2689 1634 2759 gratias
1667 2690 1774 2760 agit
1806 2688 1936 2743 Deo.
1970 2689 2147 2742 inter-

577 2782 757 2836 cessio
786 2796 934 2847 vero,
974 2782 1194 2851 quando
1232 2781 1357 2850 quis
1382 2790 1572 2835 contra
1606 2782 1822 2851 iniquos
1848 2783 2056 2836 accedit
2082 2782 2147 2835 ad

582 2873 771 2938 Deum,
802 2888 1005 2927 vocans
1035 2872 1185 2925 illum
1216 2872 1283 2926 ad
1323 2872 1603 2926 ultionem.
1641 2870 1980 2927 lntcrcedere
2019 2888 2149 2927 vero

583 2980 689 3019 non
715 2974 816 3027 est,
845 2965 1042 3034 inquit,
1074 2964 1403 3034 supplicare,
1462 2963 1557 3019 sed
1588 2964 1949 3034 interrogare,
1981 2974 2034 3018 et
2067 2980 2149 3017 re-

583 3071 841 3123 sponsum
881 3056 1145 3125 accipere.
1195 3054 1334 3109 Dicit
1370 3053 1513 3109 Deus
1539 3055 1604 3107 ad
1642 3053 1812 3108 Eliam
1860 3071 1875 3106 :
1919 3054 2060 3118 Quid
2093 3064 2149 3106 tu

583 3149 686 3208 hic,
714 3146 875 3202 Elia?
904 3148 1195 3218 respondet
1238 3147 1499 3219 propheta
1547 3148 1914 3217 interrogatus
1951 3164 1964 3199 :
2025 3144 2148 3200 Zelo

584 3240 782 3293 zelatus
824 3256 939 3292 sum
962 3256 1056 3308 pro
1086 3238 1309 3292 Domino
1338 3239 1683 3301 exercituum,
1706 3239 1835 3307 quia
1862 3236 2154 3307 derelique-

585 3342 705 3385 runt
726 3342 928 3399 partem
971 3330 1179 3383 Domini
1210 3330 1312 3400 ﬁlii
1349 3329 1522 3383 Israel
1551 3330 1594 3394 ί,
1630 3338 1715 3383 etc
1744 3343 1757 3381 :
1787 3327 1908 3383 Non
1954 3340 2036 3384 est
2067 3330 2154 3383 hic

585 3425 793 3496 petitio,
822 3424 914 3478 sed
961 3423 1314 3489 interrogatio
1339 3431 1392 3478 et
1429 3421 1737 3490 responsio,
1781 3432 1836 3475 et
1884 3420 2153 3475 interces~

586 3516 668 3570 sio
704 3515 809 3588 [vel
870 3512 1252 3584 interpellatio]
1296 3514 1355 3566 lit
1400 3528 1467 3568 ex
1501 3520 1756 3582 utroque.
1797 3511 1861 3567 Et
1909 3512 2051 3566 unde
2101 3512 2151 3565 id

583 3612 975 3667 manifestum?
1005 3609 1232 3665 Paulum
1264 3610 1529 3665 dicentem
1557 3610 1681 3664 audi
1719 3626 1731 3660 :
1756 3610 1839 3663 An
1861 3610 2071 3663 nescitis
2098 3609 2152 3660 in

586 3703 711 3757 Elia
739 3703 862 3773 quid
892 3704 1017 3755 dicit
1049 3701 1345 3770 Scriptura,
1375 3701 1818 3772 quemadmodum
1843 3700 2149 3770 interpellat

585 3798 752 3850 Deum
778 3796 1054 3849 adversum
1095 3794 1263 3848 Israel
1306 3795 1357 3848 1'?
1413 3794 1580 3865 Igitur
1631 3794 1850 3864 ὲντυχία
1905 3811 2012 3848 non
2071 3801 2155 3847 est

584 3888 785 3960 δέησις.
831 3886 940 3942 Sed
1006 3887 1121 3943 haec
1168 3888 1608 3958 Chrysostomns.
1638 3888 1862 3957 Oportet
1901 3901 2028 3939 vero
2055 3886 2155 3938 ad-

586 3982 694 4036 huc
733 3980 985 4035 subtilius
1028 3979 1360 4035 dill‘erentias
1389 3981 1679 4047 (dictorum
1736 3979 1927 4049 520!)
1975 3981 2151 4033 nomi-

587 4086 715 4125 num
746 4071 1095 4140 perpendere,
1120 4079 1174 4123 et
1198 4070 1565 4131 considerare,
1591 4077 1648 4122 ut
1676 4084 1782 4121 non
1808 4069 1983 4123 solum
2020 4069 2153 4123 satis

587 4163 779 4217 idonea
820 4162 931 4217 sint
964 4177 1085 4231 qua:
1132 4161 1274 4231 plebi
1331 4162 1618 4226 dicantur;
1677 4160 1768 4213 sed
1829 4167 1883 4213 et
1931 4174 2147 4223 eorum,

586 4254 679 4323 qui
706 4270 800 4310 eas
827 4268 989 4308 voces
1017 4254 1200 4307 volent
1226 4252 1407 4306 acrius
1452 4262 1728 4314 excutere,
1770 4250 2151 4321 reprehensio-

588 4358 711 4398 nem
751 4354 807 4399 et
826 4345 1079 4416 injuriam
1107 4344 1385 4416 ellugiant.

2176 3192 2224 3255 C

2246 2140 2437 2206 γεσίαν
2487 2140 2718 2211 ὑὸρίζει.
2759 2142 2960 2196 Ἔλαϐε
3015 2143 3143 2214 παρ’
3189 2144 3346 2213 ἡμῶν
3381 2143 3440 2196 τὺ
3472 2145 3681 2215 πλάσμα
3708 2153 3787 2201 καὶ

2249 2230 2498 2284 ἐκάθισεν
2542 2235 2605 2285 ἐκ
2657 2232 2849 2299 δεξιῶν
2889 2232 2982 2287 τοῦ
3043 2234 3253 2305 Πατρός
3281 2248 3299 2268 '
3361 2235 3523 2307 [1559.
3555 2237 3642 2309 IL]
3681 2239 3786 2292 ἐλά-

2249 2324 2414 2392 ϐομεν
2470 2324 2528 2389 ἐξ
2584 2325 2748 2378 αὑτοῦ
2800 2326 2860 2379 τὸ
2916 2325 3159 2395 Πνεῦμα,
3230 2327 3327 2380 καὶ
3388 2327 3701 2399 ὑϐρίζομεν,
3740 2331 3787 2381 ὲν

2251 2416 2507 2485 κτίσμασι
2537 2418 2627 2471 καὶ
2660 2417 2869 2483 δούλοις
2889 2418 3020 2473 αὑτὸ
3057 2420 3101 2449 9⁸
3135 2419 3547 2488 καταλέγοντες.

2320 2509 2441 2563 ’Ότι
2476 2508 2627 2580 φησὶ,
2666 2510 2852 2581 δέησις
2900 2512 2997 2580 μὲν
3022 2510 3262 2578 λέγεται,
3294 2513 3423 2565 ὅταν
3450 2530 3532 2576 τις
3557 2512 3641 2565 τὸν
3679 2513 3790 2566 Θεὸν

2249 2601 2391 2665 ἀξιοῖ
2412 2603 2491 2664 είς
2520 2603 2772 2672 πρᾶγμα,
2798 2603 3074 2673 προσευχὴ
3104 2602 3181 2666 δὲ,
3214 2604 3344 2656 ὅταν
3375 2604 3515 2674 ὑμνῇ
3549 2604 3634 2657 τὸν
3658 2604 3787 2667 Θεὸν,

2250 2693 2567 2764 εὐχαριστία
2598 2694 2675 2758 δὲ,
2713 2693 2840 2746 ὅταν
2868 2711 2951 2756 τις
2980 2694 3119 2764 ὑπὲρ
3146 2688 3221 2747 ὧν
3254 2694 3426 2747 ἔπαθε
3457 2695 3611 2765 χάριν
3654 2695 3788 2748 ἀνθο-

2254 2785 2455 2856 μολογῇ
2489 2785 2567 2856 τῷ
2596 2784 2735 2855 Θεῷ,
2764 2786 2983 2855 ὲντυχία
2998 2785 3077 2850 δὲ,
3107 2787 3236 2839 ὅταν
3260 2804 3346 2850 τις
3374 2788 3515 2839 κατά
3546 2787 3649 2838 τῶν
3694 2787 3790 2840 ἀδιο

2251 2876 2491 2929 κούντων
2525 2877 2824 2947 ἐντυγχάνῃ
2862 2877 2938 2947 τῷ
2971 2877 3113 2947 Θεῷ,
3148 2878 3627 2947 προσκαλούμενος
3653 2878 3792 2932 αὐτὸν

2251 2967 2331 3029 είς
2380 2965 2678 3037 ἐκδίκησιν.
2742 2966 2864 3019 Ὀτι
2909 2965 2963 3018 δὲ
3023 2965 3085 3018 τὸ
3143 2966 3498 3035 ἐντυγχάνειν
3558 2968 3651 3019 οὑκ
3696 2967 3793 3020 ἐστι

2251 3056 2462 3128 (φησὶν)
2479 3057 2738 3111 ἱκετεύειν
2760 3057 2877 3110 ἀλλ’
2897 3057 3105 3127 ἐρωτᾷν
3121 3057 3215 3109 καὶ
3242 3059 3539 3129 ἀπόκρισιν
3554 3059 3793 3128 δέχεσθαι,

2254 3148 2401 3217 λέγει
2444 3150 2473 3201 6
2522 3149 2653 3212 Θεὸς
2714 3149 2851 3220 πρὸς
2906 3149 2998 3202 τὸν
3047 3149 3269 3203 Ἠλίανο
3325 3152 3384 3202 Τί
3450 3150 3532 3203 σὺ
3568 3150 3796 3204 ἐνταῦθα

2267 3240 2469 3305 Ἦλία;
2502 3240 2854 3311 ἀποκρίνεται
2880 3239 3171 3309 ἐρωτηθεὶς
3201 3241 3228 3291 6
3262 3241 3552 3311 προφήτης
3579 3256 3593 3270 ο
3613 3240 3796 3306 Ζηλῶν

2253 3332 2519 3398 ἐζήλωκα
2545 3333 2740 3401 Κυρίῳ
2785 3330 3239 3399 παντοκράτορι,
3300 3330 3390 3384 ὅτι
3436 3331 3797 3401 ἐγκατέλιπον

2254 3440 2328 3478 σε
2347 3426 2401 3477 ol
2421 3423 2538 3477 υἱοὶ
2571 3424 2828 3491 Ἰσραὴλ,
2862 3424 2956 3475 καὶ
2986 3421 3268 3489 έξῆς.ἕΚαὶ
3296 3424 3400 3475 οὑκ
3422 3422 3567 3476 ἔστιν
3593 3421 3793 3475 ἐνταῦθα

2254 3518 2460 3587 δέησις,
2491 3517 2605 3570 ἀλλ’
2626 3516 2891 3587 ἐρώτησις
2912 3518 3005 3570 καὶ
3039 3518 3333 3587 ἀπόκρισις
3356 3533 3373 3547 ⁸
3413 3517 3507 3570 καὶ
3530 3517 3707 3587 γέγονε
3748 3514 3797 3568 τὸ

2255 3610 2314 3672 ἐξ
2366 3611 2565 3678 ἀμφοῖν
2630 3608 2887 3673 ἔντευξις.
2946 3610 3055 3662 Καὶ
3121 3610 3287 3663 πόθεν
3350 3610 3542 3680 δῆλον;
3611 3610 3796 3663 Παύλου

2254 3699 2501 3764 λέγοντος
2548 3698 2775 3751 ἄκουσον
2806 3715 2819 3727 ⁸
2881 3701 3002 3752 Οὐκ
3048 3700 3350 3769 ἀνέγνωτε
3400 3702 3470 3754 ἐν
3519 3702 3673 3767 Ἠλίᾳ
3733 3699 3797 3764 τῷ

2254 3792 2526 3860 προφήτῃ
2558 3791 2782 3859 τίλέγει
2803 3791 2841 3857 ἡ
2870 3792 3099 3861 γραφή;
3122 3794 3202 3857 ὡς
3225 3792 3579 3861 ἐντυγχάνει
3601 3791 3674 3857 τῷ
3698 3789 3798 3855 Θεῷ

2254 3884 2404 3936 κατὰ
2443 3883 2549 3937 τοῦ
2600 3883 2858 3949 Ἰσραήλ.
2913 3884 3121 3936 Οὐκοῦν
3172 3886 3206 3954 ἡ
3260 3886 3515 3954 ἐντυχία
3577 3864 3798 3937 οὑκ-εστι

2255 3976 2483 4044 δέησις.
2531 3976 2692 4029 Ἀλλά
2727 3977 2898 4030 ταῦτα
2923 3977 3021 4046 μὲν
3049 3980 3076 4030 6
3121 3979 3532 4048 Χρυσόστομος.
3555 3980 3643 4030 Δεῖ
3667 3977 3706 4027 δ’
3723 3974 3798 4028 οὑν

2255 4069 2333 4121 έτι
2374 4068 2875 4139 λεπτομερέστερον
2914 4070 3009 4132 τὰς
3051 4070 3316 4138 διαφορὰς
3367 4070 3478 4123 τῶν
3526 4068 3799 4141 εἰρημένων

2254 4161 2531 4231 ὀνομάτων
2586 4162 2982 4231 διασκέψασθαι
3012 4164 3105 4213 καὶ
3139 4161 3536 4232 ὲπιθεωρῆσαι,
3580 4160 3710 4212 ὥστε
3740 4157 3799 4226 μὴ

2255 4254 2332 4322 τῷ
2358 4253 2549 4323 πλήθει
2585 4253 2742 4323 μόνον
2797 4252 2956 4305 ἱκανὰ
2983 4249 3121 4306 εἶναι
3148 4253 3427 4319 λέγεσθαι,
3448 4253 3585 4306 ἀλλὰ
3605 4252 3799 4311 καὶτοῖς

2255 4347 2550 4417 δεινότερον
2576 4345 2996 4410 διακωδωνίζειν
3016 4345 3187 4399 ταῦτα
3206 4344 3558 4417 βουλομένοις
3576 4344 3798 4400 ἀνάλωτα

2257 4440 2350 4493 καὶ
2379 4438 2761 4509 ἀνεπηρέαστα
2786 4438 3080 4509 διαμένειν.

589 4539 959 4620 E.t:_or_atione,
988 4546 1140 4620 quod
1177 4544 1381 4610 antiqui
1418 4552 1467 4594 et
1504 4543 1621 4620 novi
1657 4541 1971 4620 Testamenti
2016 4559 2147 4595 unus

2270 4555 2369 4607 Ἐκ
2410 4552 2514 4606 τοῦ
2565 4554 2774 4620 1λόγου,
2820 4551 2909 4604 ὅτι
2947 4549 3209 4616 παλαιᾶς
3250 4552 3351 4604 καὶ
3378 4550 3597 4620 καινῆς
3614 4550 3658 4581 ⁸⁸
3698 4546 3802 4620 διας

659 4615 725 4668 sit
754 4614 1041 4683 legislator,
1059 4624 1106 4667 et
1122 4614 1177 4666 in
1208 4623 1366 4667 vestes
1380 4612 1703 4665 sacerdotum
1730 4610 1925 4682 (Exodi
1962 4618 2150 4681 xxvtn)

658 4695 705 4737 et
743 4686 806 4736 de
833 4688 1152 4752 paenitentia.

655 4781 745 4832 Ait
779 4779 975 4833 Paulus
1007 4798 1021 4833 :
1047 4777 1167 4831 Non
1193 4780 1329 4830 enim
1354 4776 1595 4831 erubesco
1639 4775 2007 4846 Evangelium,
2055 4778 2149 4845 ju-

588 4872 736 4925 stitia
767 4873 906 4925 enim
956 4870 1050 4924 Dei
1080 4870 1133 4923 in
1182 4886 1240 4923 eo
1282 4869 1541 4922 revelatur
1570 4866 1619 4925 ι.
1660 4870 1944 4936 Quomodo
1996 4869 2158 4941 igitur

585 4965 795 5033 iustitia
846 4965 938 5019 Dei
996 4965 1049 5018 in
1108 4963 1203 5017 illo
1267 4964 1582 5019 revelatur?
1652 4965 1979 5034 quomodo?
2030 4979 2155 5019 cum

587 5057 763 5123 prima
796 5056 881 5110 lex
908 5054 1109 5110 Judaeis
1141 5055 1273 5110 solis
1301 5053 1426 5109 data
1472 5055 1562 5119 sit,
1600 5055 1726 5109 licet
1772 5056 1860 5108 alii
1907 5056 2157 5109 homines

588 5148 832 5217 ejusdem
868 5148 1194 5205 exsisterent
1243 5158 1446 5204 natura:
1488 5159 1541 5204 et
1596 5148 1843 5219 originis,
1916 5147 2160 5217 Evange—

593 5241 724 5295 lium
754 5256 884 5295 vero
927 5242 1181 5298 onmibus
1233 5242 1510 5311 aequaliter
1548 5241 1831 5311 gentibus,
1873 5240 2065 5295 merito
2104 5240 2158 5293 in

593 5333 686 5388 illo
717 5333 926 5403 iustitia
975 5334 1067 5389 Dei
1127 5336 1412 5399 revelatur,
1444 5345 1496 5387 et
1524 5334 1749 5403 justitiae
1804 5332 2155 5403 Evangelium

672 5489 690 5528 ί
722 5487 787 5543 lll
808 5488 939 5561 Reg.
974 5506 1083 5555 xu,
1112 5490 1194 5542 10.
1242 5502 1255 5539 t
1294 5490 1452 5543 Rom.
1477 5505 1551 5554 χι,
1585 5490 1637 5543 3.
1707 5490 1732 5527 ι
1760 5488 1916 5542 Rom.
1951 5503 1987 5551 ι,
2025 5485 2109 5551 l6,
2146 5486 2236 5539 l7.

2323 4623 2511 4691 θήκης
2527 4618 2613 4687 εἷς
2638 4614 3061 4691 ὄνομοθέτιης·
3102 4614 3198 4673 καὶ
3235 4624 3323 4687 είς
3363 4623 3431 4675 τὸ
3462 4614 3684 4689 ἔνδυμα
3715 4614 3803 4669 τοῦ

2323 4690 2554 4761 ἱερέωςο
2600 4690 2695 4744 καὶ
2735 4692 2866 4758 περὶ
2896 4691 3235 4759 μετανοίας.

2323 4785 2446 4837 Ὅτι
2480 4786 2642 4852 φησὶν
2668 4786 2696 4836 6
2736 4782 2967 4846 Παῦλος,
3006 4784 3088 4835 Οὺ
3124 4783 3235 4849 γὰρ
3280 4782 3715 4849 ἐπαισχύνομαι
3751 4772 3807 4827 τὸ

2258 4875 2647 4944 Εὑαγγέλιον·⁸
2685 4874 3037 4941 δικαιοσύνη
3069 4874 3176 4943 γὰρ
3212 4875 3364 4928 Θεοῦ
3402 4875 3475 4927 ἐν
3506 4870 3661 4936 αὐτῷ
3682 4870 3806 4923 ἀπο·

2258 4968 2641 5021 καλύπτεται.
2702 4967 2825 5030 Πῶς
2884 4966 2977 5019 οὖν
3018 4965 3339 5034 δικαιοσύνη
3392 4963 3531 5018 Θεοῦ
3587 4964 3642 5015 ὲν
3685 4953 3808 5022 αὐτῷ

2260 5056 2742 5123 ἀποκαλύπτεται;
2828 5058 2985 5126 ring;
3049 5057 3238 5128 ἐπειδὴ
3289 5058 3319 5110 6
3386 5056 3605 5129 πρῶτος
3674 5051 3810 5118 νόμος

2271 5148 2547 5211 Ἰουδαίοις
2587 5148 2769 5219 μόνοις
2807 5150 3033 5214 ἐδέδοτο,
3086 5150 3179 5202 καὶ
3208 5148 3337 5220 [8l9
3374 5150 3444 5203 Η.
3481 5145 3641 5220 ]τῶν
3662 5139 3809 5197 ἄλλων

2262 5237 2565 5306 ἀνθρώπων
2593 5240 2691 5308 τῆς
2740 5239 2909 5311 αὑτῆς
2955 5239 3307 5310 ὑπαρχόντων
3351 5235 3705 5309 δημιουργίας
3733 5226 3813 5282 καὶ

2264 5329 2499 5398 φύσεως,
2546 5331 2606 5383 τὸ
2646 5332 2703 5383 δὲ
2755 5332 3085 5401 Εὑαγγέλιον
3144 5332 3312 5385 πᾶσιν
3376 5331 3658 5404 ὀμοτίμως
3718 5321 3812 5380 τοῖς

1844 5643 2077 5699 νΑιιιΑῑ
2121 5639 2412 5699 LECTION
2421 5642 2523 5695 ES.

699 5762 748 5796 "
781 5764 1230 5837 συνεξανέστησεν
1256 5763 1319 5816 A.
1387 5764 1431 5795 ⁵³⁸
1451 5760 1607 5832 ἡμῶν
1641 5764 1701 5816 Α.
1774 5761 1816 5792 νδ
1845 5757 1975 5810 αὐτὸ
2006 5758 2115 5812 into
2146 5755 2323 5811 αὑτόν.
2390 5758 2458 5827 ﬁ“
2489 5754 2582 5809 καὶ
2616 5755 2801 5825 καινῆς
2825 5756 2951 5811 add.
2986 5754 3074 5820 A.,
3098 5754 3167 5809 al.
3197 5769 3311 5809 om.
