4020 6406
216 368 311 431 m
1201 356 1734 420 BIBLIOTIIECA.
1772 383 1840 392 —
1872 354 2044 419 con.
2074 357 2452 418 CCLXXV’II.
3327 340 3435 421 ιιι

212 476 492 548 ὁμοφυέσιν,
524 472 747 550 εἰκότως
791 472 855 539 ἐν⁵
897 470 1045 542 αὐτῷ
1072 471 1386 543 δικαιοσύνη
1418 471 1553 525 Θεοῦ
1610 473 1747 525 ἀπο·
1774 476 1799 532 Α

1850 481 2091 527 vocatur.
2188 473 2243 525 In
2300 471 2465 526 veteri
2529 472 2692 542 igitur
2749 469 3099 525 Testamento
3149 484 3255 523 non
3309 480 3428 524 erat

212 558 528 634 κιλῦπτεται,
564 566 657 619 καὶ
692 565 938 619 καλεῖται
991 564 1343 635 δικαιοσύνης
1388 564 1748 632 Εὑαγγέλιον.

1854 565 2250 635 vocatiojusta,
2283 582 2388 617 non
2434 570 2580 619 enim
2624 564 2876 618 similiter
2896 578 3089 616 omnes
3126 563 3355 617 vocabat
3383 573 3436 617 et

220 662 295 714 Ἔν
342 658 511 711 τοίνυν
553 658 617 727 τῇ
672 655 881 725 παλαιᾷ
926 653 1160 727 διαθήκῃ
1209 654 1309 707 οὐκ
1362 648 1430 724 ἦν
1461 656 1494 724 ὴ
1557 653 1749 724 κλῆσις

1854 656 2213 720 illuminabat,
2234 657 2324 709 sed
2362 656 2761 712 solosJudreos.
2800 654 2914 710 Non
2948 663 3063 708 erat
3086 655 3435 724 igiturjusta,

210 750 361 806 δικαία
391 767 404 779 ·
443 751 504 803 οὐ
534 749 637 818 γὰρ
664 747 867 818 ὁμοίως
890 746 1099 809 πάντας
1129 746 1314 799 ἐκάλει
1348 746 1441 798 καὶ
1494 744 1747 813 ὲφώτιζε,

1854 748 1948 804 sed
1974 748 2307 817 dispensatio
2338 763 2651 817 praeparans
2676 747 3076 816 viamjustitiae.
3123 745 3242 799 Non
3315 747 3440 800 dico

211 845 313 905 τοὺς
350 841 624 903 Ἰουδαίους
667 840 722 893 δὲ
772 840 986 909 μόνους.
1018 838 1131 890 Οὐκ
1188 832 1256 908 ἦν
1282 836 1374 889 οὖν
1403 836 1588 890 δικαία
1634 834 1749 889 ἀλλ’

1855 840 1996 895 hanc
2027 839 2257 908 justam,
2292 840 2436 894 illam
2487 854 2617 893 vero
2660 838 2940 909 injustam,
2992 837 3085 894 sed
3119 838 3264 892 illam
3296 841 3439 894 viam

212 932 511 1002 οἰκονομικὴ,
542 930 1145 1001 προπαρασκευάζουσα
1169 928 1287 981 ὁδὸν
1317 930 1380 997 τῇ
1412 926 1747 997 δικαιοσύνῃ.

1854 930 2020 1001 hujus
2048 941 2101 984 et
2126 932 2598 1001 praparationem.
2632 928 2901 985 Putabant
2928 928 3098 986 Judazi
3147 930 3251 985 sibi
3293 930 3428 983 solis

215 1028 275 1079 Οὐ
321 1026 453 1093 λέγω
494 1022 695 1093 ταύτην
755 1022 970 1075 δικαίαν
1020 1020 1280 1090 κάκείνην
1354 1020 1574 1086 ἄδικον,
1633 1018 1751 1073 ἀλλ’

1852 1023 2014 1078 etiam
2038 1021 2387 1093 Evangelium
2410 1023 2591 1077 datum
2621 1023 2706 1087 iri,
2728 1022 3186 1093 quemadmodum
3227 1023 3399 1089 legem
3425 1018 3439 1068 ἶ

214 1115 395 1185 ἐκείνην
443 1115 559 1167 ὁδὸν
607 1113 809 1183 ταύτης
861 1112 957 1166 καὶ
1021 1108 1476 1182 προκατασκευὴν
1527 1108 1752 1180 ταύτης.

1858 1116 1947 1172 sed
1977 1116 2311 1186 exspectatio
2343 1125 2536 1185 praeter
2580 1130 2728 1185 spem
2750 1116 2951 1170 evenit.
2976 1115 3102 1170 Ideo
3126 1113 3349 1169 etDavid
3364 1113 3445 1168 di-

228 1208 606 1277 ἰ’πελάμϐανον
650 1208 699 1260 οἱ
748 1206 993 1259 Ἰουδαῖοι
1049 1206 1131 1258 ὅτι
1188 1205 1284 1258 καὶ
1328 1204 1390 1257 τὸ
1426 1204 1755 1273 Εὐαγγέλιον

1861 1210 1935 1264 cit
1970 1229 1985 1265 :
2014 1208 2373 1279 Suscepimus,
2399 1208 2641 1273 Domine,
2669 1209 3059 1262 misericordias
3082 1210 3135 1261 in
3160 1208 3331 1260 medio
3348 1223 3446 1275 po-

216 1301 367 1362 αὐτοῖς
420 1299 705 1368 δοθήσεται
760 1299 940 1366 μόνοις
964 1299 1032 1361 ³⁷,
1078 1297 1269 1368 ὥσπερ
1316 1298 1412 1350 καὶ
1458 1296 1488 1347 6
1547 1294 1757 1366 νόμος”

1863 1299 1976 1368 puli
2000 1300 2077 1352 tui
2098 1316 2115 1353 :
2134 1298 2331 1354 deinde
2355 1316 2368 1352 :
2395 1297 2691 1353 Secundum
2720 1315 2905 1352 nomen
2926 1310 3092 1363 tuum,
3117 1299 3274 1361 Deus.
3300 1300 3376 1352 sic
3397 1307 3447 1352 et

216 1394 348 1460 ἐξέϐη
393 1392 446 1445 δὲ
482 1394 611 1461 παρ’
644 1392 866 1453 ἐλπίδας
891 1393 924 1461 ἡ
983 1390 1298 1461 προσδοκία.
1328 1390 1420 1442 Διὸ
1469 1390 1563 1443 καὶ
1594 1390 1761 1443 Δαϐὶδ

1864 1391 1980 1443 laus
2009 1402 2132 1453 tua,
2158 1406 2265 1445 non
2296 1392 2470 1446 solum
2510 1392 2560 1444 in
2609 1391 2785 1445 medio
2813 1392 2993 1461 populi
3033 1392 3133 1456 tui,
3162 1392 3254 1446 sed
3285 1391 3446 1445 etiam

217 1483 354 1549 λέγει’
382 1482 805 1550 ’Υπελιὶϐομεη
826 1485 857 1533 o'
879 1482 1046 1547 Θεὸς.
1064 1481 1130 1534 τὸ
1152 1481 1324 1547 ἔλεός
1347 1499 1452 1535 σου
1474 1482 1545 1534 ἐν
1592 1480 1761 1550 μέσῳ

1864 1483 2071 1551 inﬁnes
2102 1492 2274 1547 terra},
2313 1495 2367 1541 et
2418 1494 2475 1539 ut
2503 1484 2755 1539 ostendat
2786 1484 2929 1553 quod
2978 1484 3219 1538 misereri
3259 1483 3446 1536 ﬁnium

218 1575 303 1628 τοῦ
328 1573 469 1627 λαοῦ
497 1590 638 1639 σου,
661 1574 779 1626 εἶτα
797 1589 809 1601 ·
828 1573 985 1627 Κατὰ
1022 1572 1089 1626 τὸ
1120 1572 1310 1641 ὄνομά
1345 1589 1484 1639 σου,
1516 1576 1548 1628 ό
1582 1574 1747 1639 Θεὸς,

1858 1577 2249 1644 terrmjustitia:
2272 1576 2547 1639 sit,addit:
2570 1575 2791 1628 Justitia
2803 1575 2954 1641 plena
2970 1584 3044 1627 est
3063 1576 3278 1627 dextera
3302 1572 3421 1627 tua1
3433 1613 3445 1627 .

222 1669 344 1721 οὕτω
390 1668 484 1721 καὶ
529 1667 569 1733 ή
645 1666 882 1732 αἵνεσίς
908 1681 1046 1731 σου,
1112 1665 1232 1735 οὐχὶ
1263 1667 1322 1719 ἐν
1385 1667 1538 1736 μέσῳ
1582 1667 1677 1720 τοῦ
1709 1667 1835 1719 λαοῦ
1868 1684 1963 1720 σου
2019 1669 2199 1738 μόνον,
2229 1669 2342 1721 ἀλλ’
2397 1670 2497 1721 ἐπὶ
2539 1670 2610 1722 τὰ
2658 1670 2881 1738 πέρατα
2910 1668 3019 1737 τῆς
3048 1667 3179 1737 γῆς.
3225 1668 3336 1721 Καὶ
3363 1666 3453 1722 ἵνα

221 1764 336 1834 δείξῃ
361 1763 520 1816 ὅτιτὸ
550 1763 773 1833 ἐλεῆσαι
829 1764 897 1817 τὰ
926 1765 1138 1834 πέρατα
1180 1766 1279 1835 τῆς
1304 1766 1407 1836 γῆς
1445 1766 1791 1835 δικαιοσύνης
1825 1767 1994 1834 ἐστὶν,
2038 1767 2235 1834 ἐπάγει
2270 1783 2285 1799 ο
2321 1768 2717 1831 Δικαιοσύνης
2754 1766 2992 1835 πλήρης
3033 1767 3071 1832 ἡ
3107 1764 3275 1828 δεξιά
3312 1780 3452 1820 σου.

285 1858 328 1908 '0
346 1858 575 1924 Κύριος,
599 1859 782 1928 φησίν,
798 1859 844 1891 ’⁸
873 1860 1254 1913 ἐϐασίλευσε.
1281 1861 1424 1925 Πῶς,
1444 1861 1505 1915 '0
1539 1863 1754 1931 Κύριος
1792 1873 1833 1931 Β

1932 1862 2186 1917 Dominus
2252 1863 2508 1932 regnavit,
2561 1862 2783 1930 inquitIn
2814 1882 2826 1916 :
2859 1862 3142 1928 Quomodo
3198 1860 3452 1914 Dominus

223 1950 624 2015 éé’aollsvo'er;
679 1947 768 2020 ἆρ’
818 1952 894 2015 ὡς
949 1953 1263 2021 πρόσφατον
1307 1953 1489 2007 λαϐὼν
1545 1955 1605 2008 τὸ
1666 1958 1764 2025 τῆς

1870 1957 2103 2026 regnavit
2126 1957 2234 2009 ?au
2262 1956 2420 2024 quasi
2452 1970 2647 2009 novam
2669 1955 2890 2022 capiens
2914 1955 3236 2022 dignitatem
3270 1955 3456 2024 regni?

228 2043 454 2110 βασιλείας
480 2042 738 2112 agitata;
779 2044 827 2095 εί
859 2042 959 2112 μὲν
988 2044 1097 2115 γὰρ
1126 2039 1281 2097 εἶπεν
1324 2046 1387 2098 '0
1418 2047 1632 2114 Κύριος
1652 2049 1764 2111 ,ϐα-

1867 2065 1994 2103 nam
2059 2050 2105 2105 si
2178 2049 2471 2111 dixisset,
2548 2047 2803 2101 Dominus
2890 2058 3113 2117 regnat,
3196 2058 3452 2102 aeternam

229 2134 551 2204 σιλεύει.τὴν
589 2135 760 2187 ἁῖδιον
799 2133 965 2187 αὐτοῦ
1016 2136 1327 2205 ἡρμήνευεν
1376 2138 1422 2168 ³³
1473 2137 1722 2201 ἐξουσίαν
1748 2155 1762 2169 ·

1872 2141 2080 2195 Domini
2122 2150 2444 2209 potestatem
2500 2140 2871 2195 ostendisset:
2906 2140 3090 2195 dicens
3146 2154 3319 2194 vero:
3374 2156 3456 2191 re-

235 2225 359 2279 εἰπὼν
381 2226 429 2277 δὲ
462 2226 840 2279 ἐϐασίλευσε
860 2226 957 2296 τὴν
992 2226 1080 2279 διὰ
1115 2226 1315 2296 σαρκὸς
1348 2228 1515 2280 αὑτοῦ
1563 2230 1767 2282 οἰκονο-

1870 2234 2075 2301 gnnvit,
2105 2234 2570 2303 dispensationem
2603 2248 2699 2302 per
2730 2248 2952 2287 carnem
2978 2233 3130 2295 dicit,
3163 2248 3259 2301 per
3290 2247 3451 2301 quam

246 2322 337 2386 μίαν
359 2321 509 2387 λέγει,
545 2320 622 2373 δι’
666 2315 798 2393 ἦςή
842 2320 1003 2389 φύσις
1046 2320 1204 2390 ἡμῶν
1261 2322 1361 2390 τὴν
1410 2322 1768 2389 ἐπικράτειαν

1870 2332 2065 2376 natura
2096 2334 2281 2377 nostra
2303 2324 2435 2393 jugo
2460 2325 2683 2387 diaboli,
2717 2324 2943 2393 peccati,
2967 2323 3162 2378 mortis
3195 2338 3451 2385 excusso,

246 2409 314 2461 τοῦ
334 2411 570 2475 διαϐόλου,
610 2412 711 2480 τῆς
744 2411 1039 2480 ἁμαρτίας,
1070 2410 1165 2464 τοῦ
1196 2411 1427 2464 θανάτου
1467 2414 1767 2465 ἁποσεισα-

1868 2425 2172 2470 creatorem
2226 2417 2505 2486 cognovit,
2559 2425 2616 2469 ut
2653 2431 2844 2469 verum
2895 2431 3096 2483 regem,
3135 2416 3452 2484 largitorem

250 2504 361 2571 uin},
381 2505 594 2573 ἐπέγνω
629 2504 875 2573 πλάστην
904 2507 994 2557 τὸν
1029 2506 1104 2568 ὡς
1140 2504 1359 2576 ἀληθῶς
1394 2504 1642 2573 βασιλέα,
1677 2506 1768 2559 τὸν

1878 2508 2326 2576 iucorruptionis,
2363 2506 2808 2561 resurrectionis.
2851 2504 3111 2559 Nuntium
3156 2504 3322 2571 igitur
3366 2504 3455 2556 Ire-

240 2599 412 2666 ιθρηῖδν
435 2602 533 2668 τῆς
592 2599 921 2668 ἀφθαρσίας,
950 2600 1047 2675 τῆς
1086 2599 1465 2661 ἀναστάσεως.
1521 2600 1768 2668 Εὐαγγε..

1873 2611 1987 2654 tum
2028 2598 2185 2652 aﬁert
2228 2598 2395 2652 David
2436 2597 2503 2651 iis
2529 2640 2545 2664 ,
2596 2597 2689 2668 qui
2738 2612 2768 2649 a
2817 2606 3063 2665 peccato,
3115 2604 3309 2657 morte,
3334 2595 3452 2647 dia-

234 2688 399 2752 λέζεται.
416 2691 605 2743 τοίνυν
629 2690 657 2742 ὁ
686 2690 851 2742 Δαϐιδ
894 2694 1004 2752 τοῖς
1034 2690 1135 2741 ὑπὸ
1179 2689 1278 2758 τῆς
1334 2690 1632 2759 ἁμαρτίας,
1668 2690 1772 2743 ὑπὸ

1872 2692 1996 2747 bolo
2024 2692 2151 2745 olim
2186 2690 2537 2759 regebantur,
2576 2688 2931 2759 quodjugum
2970 2687 3102 2741 illud
3134 2688 3454 2748 contritum,

230 2780 299 2833 τοῦ
321 2781 557 2849 θανάτου,
600 2784 706 2836 ὑπὸ
732 2784 826 2836 τοῦ
844 2783 1087 2835 διαϐόλου
1116 2783 1284 2835 πάλαι
1309 2780 1771 2853 βασιλευομένοις,

1873 2787 2161 2855 imperium
2190 2785 2429 2838 solutum
2462 2783 2551 2848 sit,
2583 2791 2638 2839 et
2672 2783 2931 2837 omnibus
2981 2780 3243 2833 Dominus
3280 2777 3455 2831 domi-

232 2873 355 2946 lisss
378 2874 460 2949 ιι]
492 2878 585 2930 ὅτι
616 2878 643 2928 ὀ
664 2874 827 2942 ιυγδς
857 2876 1055 2937 ἐνεῖνος
1086 2874 1499 2945 συντέτριπταιο
1533 2874 1595 2928 τδ
1634 2876 1773 2945 αφά·-

1876 2886 2059 2939 netur,
2092 2883 2150 2927 ut
2180 2873 2296 2942 ipse
2346 2886 2568 2941 quoque
2611 2878 2734 2939 post
2780 2866 3237 2923 resurreCtiouem
3277 2862 3456 2917 dixit:

229 2984 294 3032 τος
331 2969 566 3031 λέλυται,
618 2969 714 3022 καὶ
752 2966 1023 3037 βασιλεύει
1078 2966 1298 3021 πάντων
1348 2970 1377 3023 6
1408 2968 1635 3039 Κύριος.
1688 2968 1776 3030 Ὠς

1875 2961 2015 3016 Data
2046 2972 2120 3015 est
2153 2962 2283 3015 milii
2314 2960 2483 3012 omnis
2531 2966 2765 3027 potestas
2806 2956 2861 3010 in
2910 2954 3038 3008 caelo
3068 2963 3115 3006 et
3167 2954 3221 3005 in
3260 2958 3457 3016 terra",

226 3062 295 3113 καὶ
318 3063 462 3126 αὐτὸς
486 3062 637 3131 μετὰ
658 3060 757 3131 τὴν
780 3060 1074 3113 ἀνάστασιν
1098 3060 1223 3131 ἔφη’
1253 3061 1465 3129 Ἐδόθη
1483 3079 1585 3129 μοι
1607 3060 1776 3117 πᾶσα

1876 3050 2028 3119 prius
2054 3063 2183 3103 vero
2212 3047 2492 3102 dominata
2531 3056 2615 3100 est
2638 3045 2797 3100 nobis
2823 3059 2969 3098 mors
3000 3042 3218 3112 521a,
3252 3050 3306 3095 et
3327 3052 3453 3108 pec-

223 3151 435 3214 ἐξουσία
471 3129 542 3207 ἐν
566 3129 804 3220 οὐρανῷ
825 3150 923 3204 καὶ
941 3152 1040 3204 ἐπὶ
1074 3129 1206 3221 γῆςζ
1228 3154 1363 3223 Πρὶν
1385 3152 1439 3205 δὲ
1459 3153 1775 3206 ἐϐασίλευεν

1880 3152 2084 3197 catum.
2140 3140 2395 3209 Regnavit
2447 3139 2592 3192 enim
2661 3153 2801 3191 mors
2860 3135 2924 3189 ab
2969 3134 3141 3187 Adam
3187 3146 3351 3201 usque
3391 3129 3461 3184 ad

223 3239 347 3310 ἡμῶν
380 3245 405 3296 6
442 3243 679 3305 θάνατος
712 3241 808 3294 καὶ
836 3243 869 3311 ἡ
900 3219 1143 3312 ἁμαρτία
1164 3259 1177 3272 ο
1204 3219 1567 3296 ἐϐασίλευσε
1596 3244 1705 3315 γὰρ
1736 3248 1769 3299 d
1799 3243 1810 3292 l

1877 3233 2147 3304 Moysett°,
2172 3242 2227 3286 et
2258 3241 2474 3286 caetera.
2505 3228 2571 3281 Et
2598 3228 2863 3283 Dominus
2889 3228 2956 3281 de
2978 3225 3197 3279 diabolo
3228 3242 3242 3281 ε
3272 3222 3332 3279 Si
3360 3219 3464 3277 Sa-

223 3334 440 3399 θάνατος
458 3333 590 3388 ἀπὸ
632 3331 817 3400 Ἀδὰμ
836 3331 1017 3400 μέχρι
1042 3332 1339 3396 Μωϋσέως
1382 3333 1475 3384 καὶ
1509 3331 1656 3401 ἑξῆς,
1694 3332 1789 3385 καὶ

1892 3336 2044 3380 tanas
2093 3324 2359 3381 Satanam
2395 3323 2599 3392 ejiciat,
2637 3322 2862 3373 divisum
2911 3329 2989 3373 est
3039 3336 3254 3387 regnum
3296 3318 3462 3387 ejusP.

220 3423 431 3495 όΣωτὴρ
459 3426 602 3496 περὶ
628 3424 720 3477 τοῦ
751 3424 998 3476 διαϐόλου
1017 3440 1033 3454 ·
1074 3424 1185 3478 Καὶ
1210 3425 1260 3476 εί
1284 3427 1315 3477 ὀ
1348 3422 1623 3489 Σατανᾶς
1681 3425 1789 3477 τὸν

1888 3416 2073 3485 Itaque
2103 3417 2348 3484 regnavit
2378 3424 2505 3468 ante
2549 3412 2839 3465 adventum
2881 3408 3079 3464 Christi
3106 3424 3267 3474 super
3297 3422 3466 3477 genus

222 3514 465 3568 Σατανᾶν
491 3514 805 3579 ἐκϐάλλει,
852 3513 1139 3582 ἐμερίσθη
1174 3512 1213 3580 ἠ
1243 3513 1533 3576 ,ϐασιλεία
1576 3512 1782 3566 αὑτοῦ.

1891 3508 2188 3560 humanum
2221 3505 2492 3566 diabolus,
2533 3503 2640 3555 imo
2690 3511 2743 3554 et
2777 3509 3082 3569 peccatum.
3138 3498 3276 3551 Dicit
3322 3497 3466 3551 enim

224 3604 360 3657 Ὥστε
406 3605 695 3660 ἐϐασίλευε
727 3606 745 3635 ί
778 3605 883 3675 πρὸ
911 3606 1011 3675 τῆς
1061 3605 1353 3673 ἐπιδημίας
1399 3604 1494 3657 τοῦ
1550 3605 1787 3672 Χριστοῦ

1890 3600 2084 3652 iterum
2152 3596 2355 3651 Paulus
2392 3613 2406 3648 :
2436 3594 2887 3660 Quemadmodum
2939 3591 3168 3659 regnavit
3197 3598 3465 3656 peccatum

220 3696 299 3748 τοῦ
328 3699 510 3765 γένους
542 3700 713 3768 ἡμῶν
748 3699 776 3751 6
804 3698 1070 3765 Σατανᾶς.
1119 3698 1279 3751 ’Λλλὰ
1311 3698 1406 3751 καὶ¹
1439 3699 1471 3766 ἡ
1518 3698 1782 3767 ἁμαρτία.

1890 3694 1943 3743 in
1972 3690 2184 3744 mortali
2219 3700 2396 3743 nostro
2436 3704 2670 3755 corpore,
2706 3687 2782 3739 sic
2817 3695 2863 3739 et
2892 3685 3066 3753 gratia
3112 3681 3351 3751 regnabit
3380 3695 3471 3747 per

220 3790 361 3859 Λέγει
386 3794 493 3863 γὰρ
526 3792 698 3845 πάλιν
746 3794 775 3845 ὁ
810 3794 831 3823 ³
866 3791 1096 3855 Παῦλος·
1151 3793 1377 3858 Ὥσπερ
1412 3791 1521 3859 γὰρ
1579 3792 1783 3843 ἐϐασί-

1890 3784 2161 3839 Christum
2202 3793 2247 3835 (ι.
2284 3783 2534 3835 Dominus
2576 3785 2810 3851 regnavit
2858 3779 3030 3849 (ﬁnita
3080 3785 3164 3829 est
3248 3775 3469 3827 victoria

219 3885 418 3936 λευσεν
466 3886 505 3951 ὴ
557 3884 821 3952 ἁμαρτία
853 3883 923 3935 ἐν
950 3882 1031 3948 τῷ
1060 3881 1256 3949 θνητῷ
1313 3881 1482 3950 ἡμῶν
1509 3882 1784 3954 ξσώματι,

1889 3877 2111 3939 diaboli,
2154 3876 2381 3945 peccati,
2423 3887 2477 3929 et
2530 3874 2763 3942 mortis),
2798 3872 3016 3924 exsultet
3045 3870 3211 3938 igitur
3252 3873 3468 3919 terra':

221 3972 352 4026 οὕτω
396 3975 494 4028 καί
544 3976 591 4043 ἡ
627 3975 801 4043 χάρις
842 3975 1207 4038 βασιλεύσει
1251 3972 1348 4026 διὰ
1391 3973 1672 4041 Χριστοῦ.
1726 3973 1786 4027 '0

1901 3978 2094 4023 natura
2128 3968 2419 4037 terrigena,
2451 3966 2581 4019 olim
2617 3977 2829 4024 errans,
2867 3973 3017 4035 nunc
3043 3974 3167 4010 vero
3210 3956 3471 4025 gloriosa,

223 4065 401 4135 Κύριος
478 4066 824 4120 ἐϐασίλευσε·
897 4066 1175 4119 πέπαυται
1239 4066 1337 4134 τῆς
1390 4065 1668 4135 ἁμαρτίας
1724 4066 1788 4118 τὸ

1390 4065 1668 4135 ἁμαρτίας
1724 4066 1788 4118 τὸ
1888 4064 2015 4119 olim
2048 4065 2098 4117 iu
2132 4064 2417 4133 sepulcris,
2451 4078 2597 4116 nunc
2624 4062 2675 4115 iu
2708 4064 2939 4131 tlironis,

224 4160 419 4224 κράτος,
448 4161 544 4214 τοῦ
581 4159 965 4221 θανάτου,τοῦ
994 4160 1265 4215 διαϐόλου.
1309 4160 1543 4216 Οὐκοῦν·
1590 4162 2003 4229 Ἀγαλλιάσυω
2041 4163 2079 4229 ἡ
2138 4160 2239 4229 γῆ,
2295 4162 2329 4230 ἡ
2380 4160 2543 4229 φύσις
2602 4161 2635 4229 ἡ
2693 4157 2949 4228 γηγενὴς,
2992 4160 3026 4227 ἡ
3083 4158 3212 4210 ποτὲ
3262 4153 3477 4208 πλανω·

223 4257 365 4326 μένη,
402 4258 498 4310 νῦν
564 4257 625 4310 δὲ
673 4256 1028 4327 δοξαζομένη,
1085 4259 1119 4327 ή
1170 4257 1303 4310 ποτὲ
1353 4257 1412 4309 ὲν
1444 4256 1659 4325 τάφοις,
1692 4255 1787 4311 νῦν
1820 4256 1921 4329 ξδὲ]
1953 4258 2012 4310 ὲν
2052 4257 2281 4328 θρόνοις.

284 4348 392 4402 Ὅτι
426 4349 619 4420 φησὶν,
660 4349 979 4419 οἰκονομίας
1004 4345 1073 4419 ἦν
1097 4350 1168 4403 τὰ
1218 4349 1447 4402 πλεῖστα
1473 4351 1582 4403 τῶν
1618 4352 1677 4403 ὲν
1714 4352 1783 4421 τῇ

1904 4402 1905 4405 η
1966 4349 2403 4421 Dispensationis
2425 4359 2582 4404 erant
2598 4349 2833 4419 plurima
2849 4351 2902 4403 in
2917 4347 3084 4403 veteri
3102 4348 3473 4401 Testamento-

220 4440 439 4512 παλαιᾷ,
465 4443 586 4497 ἀλλ’
620 4442 724 4496 οὒκ
748 4443 1043 4512 ἀρεσκείας
1071 4443 1208 4495 Θεοῦ
1236 4444 1331 4496 καὶ
1360 4442 1787 4514 προηγουμένης

1896 4459 2004 4498 non
2035 4452 2217 4499 autem
2249 4444 2384 4499 satis
2433 4442 2543 4497 Deo
2581 4443 2889 4512 placebant,
2938 4456 3121 4495 rerum
3157 4438 3470 4493 futurarum

220 4530 469 4601 εὐδοκίας,
527 4535 628 4587 καὶ
656 4534 817 4587 τύποι
847 4533 959 4588 τῶν
992 4533 1300 4604 μελλόντων
1333 4534 1430 4587 καὶ
1461 4535 1634 4599 σκιαὶ,
1671 4534 1787 4587 ἀλλ’

1896 4536 2107 4607 ﬁgurae,
2133 4546 2187 4591 et
2218 4536 2447 4599 umbrze,
2482 4534 2576 4589 sed
2612 4549 2718 4588 non
2752 4549 2838 4589 res
2888 4534 3037 4602 ipsae,
3070 4542 3123 4587 et
3176 4541 3260 4586 est
3290 4529 3476 4583 videre

218 4624 305 4675 οὐκ
330 4627 465 4679 αὐτὰ
511 4627 584 4680 τὰ
634 4627 957 4697 πράγματα.
1004 4627 1113 4679 Καὶ
1139 4624 1288 4678 ἐστιν
1327 4625 1455 4679 ἰδεῖν
1484 4628 1571 4679 ἐπ’
1603 4626 1787 4682 αὐτῶν

1895 4628 1951 4683 in
1989 4628 2099 4683 illis
2133 4627 2268 4683 alias
2309 4627 2530 4697 quidem
2588 4626 2811 4698 ﬁguras,
2844 4625 2980 4679 alias
3029 4639 3160 4677 vero
3210 4621 3476 4676 notiones.

220 4714 344 4769 ἄλλα
376 4718 474 4787 μὲν
506 4720 578 4771 τὰ
610 4720 890 4788 σχήματα,
928 4718 1063 4772 ἄλλα
1093 4717 1151 4770 δὲ
1183 4716 1251 4769 τὰ
1281 4720 1551 4787 νοήματα.
1572 4713 1699 4772 Οἶον
1723 4719 1783 4771 οὐ

1897 4721 2078 4775 Veluti
2119 4736 2225 4773 non
2258 4720 2486 4774 omnino
2530 4719 2750 4789 placent
2793 4717 2905 4772 Deo
2948 4715 3302 4787 hyacinthus,
3348 4728 3482 4781 pur-

221 4809 419 4875 πὰντως
444 4812 582 4873 θεὸς
608 4812 951 4866 ἀναπαύεται
983 4811 1225 4882 ὑακίνθῳ
1254 4810 1383 4883 [850
1409 4810 1502 4882 IL]
1533 4811 1631 4865 καὶ
1653 4827 1787 4881 πορ-

1897 4827 2053 4883 pura,
2083 4822 2138 4867 et
2163 4828 2383 4880 coccus,
2420 4821 2474 4868 et
2508 4813 2708 4882 byssus
2737 4809 2904 4879 (Deus
2934 4811 3079 4865 enim
3106 4805 3338 4877 requirit
3356 4803 3478 4858 ani-

219 4899 358 4971 φύρα
401 4903 498 4955 καὶ
535 4903 731 4974 κόκμῳ
773 4905 868 4957 καὶ
904 4904 1086 4974 βύσσῳ
1120 4904 1277 4975 (Θεὸς
1304 4903 1415 4975 γὰρ
1438 4901 1648 4974 ψυχῶν
1685 4904 1792 4957 ὰπ-

1898 4919 2111 4960 marum
2140 4905 2452 4975 puritatem,
2481 4922 2590 4960 non
2615 4906 2858 4974 corporis
2874 4904 3059 4959 ﬁorem
3085 4911 3179 4957 aut
3199 4900 3476 4967 nitorem).

224 4996 351 5045 αιτεῖ
376 4994 750 5066 καθαρότητα,
781 4997 843 5049 οὐ
876 4998 1147 5067 σωμάτων
1176 4997 1314 5068 ἄνθη
1347 4998 1442 5051 καὶ
1466 4996 1788 5068 λαμπρότη-

1900 4998 2007 5052 Sed
2035 5013 2300 5067 corporea
2334 4998 2603 5068 elegantia
2646 4999 2937 5069 imaginem
2980 4996 3241 5049 virtutum
3287 4988 3481 5060 depin-

220 5098 307 5146 τας
322 5084 385 5153 ³),
421 5086 541 5140 ἀλλ’
565 5090 624 5141 ὲν
672 5091 797 5152 ταῖς
843 5092 1183 5160 σωματικαῖς
1211 5090 1530 5160 φαιδρότησι
1578 5091 1679 5160 τὴν
1717 5092 1793 5143 εἰ-

1899 5091 1998 5160 git.
2034 5089 2091 5145 Si
2123 5092 2269 5146 enim
2298 5106 2425 5146 vere
2452 5092 2605 5146 stolis
2632 5092 2739 5146 illis
2771 5087 3177 5159 acquiesccbat,
3202 5082 3482 5154 quomodo

221 5174 339 5227 κόνει
373 5178 482 5231 τῶν
511 5180 727 5249 ἀρετῶν
762 5183 1079 5252 διαγράψει.
1134 5181 1198 5233 Εἰ
1246 5181 1356 5251 γὰρ
1399 5184 1521 5245 ταῖς
1580 5182 1796 5245 στολαῖς

1962 5199 2088 5239 oseu
2143 5194 2272 5239 ante
2302 5184 2483 5239 Aaron
2519 5201 2627 5239 non
2683 5182 2883 5245 induit,
2934 5181 3027 5236 sed
3060 5194 3169 5247 qua
3222 5177 3338 5247 ipse
3370 5189 3480 5231 non
3538 5192 3549 5203 ·

221 5264 443 5331 ἐκείναις
474 5270 554 5334 ὡς
577 5272 793 5343 ἀληθῶς
823 5273 1149 5334 ἀνεπαύετο,
1170 5272 1290 5337 πῶς
1309 5272 1401 5327 τὸν
1420 5273 1665 5342 Μωῦσῆν
1690 5273 1799 5343 πρὸ

1903 5273 2257 5338 vestiebatur,
2294 5274 2442 5328 illam
2473 5273 2852 5328 sacerdotibus
2879 5268 3176 5325 attribuit?
3206 5265 3274 5322 Et
3302 5264 3481 5321 Moses

224 5358 307 5411 τοῦ
346 5362 562 5433 Ἀαρὼν
591 5366 691 5420 οὐκ
718 5366 988 5434 ἐνέδυσεν,
1006 5366 1121 5422 ἀλλ’
1151 5368 1220 5437 ἣν
1248 5368 1459 5430 ἐκεῖνος
1486 5365 1587 5419 οὐκ
1615 5364 1800 5419 ἐνεδύ-

1903 5367 2129 5439 quidem
2180 5383 2324 5438 aqua
2405 5368 2626 5423 ablutus
2671 5382 2777 5421 non
2823 5373 2928 5430 est,
2980 5362 3075 5418 sed
3115 5361 3267 5417 lavit.
3305 5357 3478 5425 Quam

291 5473 480 5555 lPsal.
516 5497 683 5555 xr._vu,
719 5481 909 5555 10,51.
983 5496 1024 5524 ω
1052 5482 1197 5555 Psal.
1224 5497 1373 5549 xxix,
1405 5484 1635 5553 i;xcvt,
1667 5482 1694 5535 1
1793 5493 1821 5522 η
1853 5484 1878 5539 n

1890 5484 2045 5543 latth.
2075 5502 2267 5555 xxviii,
2302 5485 2389 5541 18.
2476 5501 2497 5521 ο
2527 5484 2683 5539 Rom.
2714 5500 2768 5549 ν,
2800 5483 2887 5538 14.
2965 5492 2992 5533 r
3026 5479 3218 5536 Matth.
3253 5490 3355 5542 xu,
3388 5472 3477 5529 26.

226 5551 251 5591 1ι
280 5545 433 5603 Rom.
473 5568 528 5618 ν,
574 5545 679 5607 Ξίζ
751 5563 773 5591 ι’
810 5552 957 5608 Psal.
996 5569 1141 5621 xcvn,
1175 5554 1228 5609 1.

1550 5673 1784 5730 νΑιιιΑι
1826 5670 2232 5729 LECTIONES.

284 5756 327 5789 "
368 5759 578 5833 μόνοις]
604 5764 694 5816 καὶ
720 5763 897 5834 μόνοις
929 5767 993 5821 Λ.
1037 5770 1083 5801 ’⁸
1110 5772 1277 5840 φησίν
1308 5786 1417 5826 om.
1452 5774 1517 5825 A.
1562 5773 1605 5803 ⁹⁹
1638 5770 1983 5841 ἡρμήνευσεν
2016 5789 2074 5833 ς.
2120 5772 2135 5801 ¹
2171 5767 2486 5823 ἐϐασίλευσε
2516 5783 2579 5832 ς.
2623 5765 2644 5796 ¹
2668 5762 2841 5820 6add.
2872 5764 2935 5817 A.
2980 5764 3000 5795 ³
3027 5761 3387 5833 λαμπρότητα
3413 5764 3479 5811 Α.
