3856 6298
523 329 649 400 ’275

1707 350 1984 421 ίΡΗΟΤΠ
2014 363 2106 422 PA

2216 364 2518 426 IARCH/E
2551 367 2662 427 οι).
3664 389 3756 458 276

543 451 617 504 ob
670 464 817 506 rem.
859 461 919 508 ut
942 453 1146 525 discas,
1178 474 1289 515 non
1340 461 1456 519 haec
1507 465 1616 521 Deo
1650 469 1862 537 potiora
1893 488 2035 536 esse,
2070 485 2108 528 el

544 541 782 567 ..Α-νημαι.
814 545 878 567 -.1
911 548 990 567 ---ε
1033 564 1082 567 _,_
1135 561 1173 567 ,.
1389 555 1438 567 ,ιη
1645 558 1656 567 .
2006 566 2016 567 κ

2230 495 2385 542 σατο,
2408 478 2612 550 ταύτην
2642 479 2769 543 τοὺς
2799 477 2980 550 ἱερέας
2997 479 3240 551 ἠμφίασε
3262 498 3276 549 ;
3299 484 3392 539 καὶ
3418 487 3644 565 Μωῦσῆς
3669 502 3757 567 μὲν

544 541 785 611 perfecto
813 545 879 600 ad
907 548 993 602 sui
1022 561 1275 607 ornatum
1316 555 1570 612 sufﬁcere
1607 558 1885 629 virtutem,
1920 575 1972 620 et
2003 566 2119 622 haec

544 632 716 692 fuisse
760 646 946 709 typum
987 642 1223 710 virtutis,
1250 661 1358 700 non
1397 647 1572 718 ipsam
1605 652 1880 708 virtutem.

619 892 676 946 In
706 897 902 965 capite,
933 897 1130 968 inquit,
1179 899 1389 956 ferebat
1439 907 1680 975 pontifex
1728 912 1944 981 tiaram,
1990 918 2117 986 quia

542 995 706 1054 eaput
748 990 1005 1044 omnibus
1033 991 1371 1061 designatum
1407 1001 1656 1066 oportuit
1703 1004 1879 1072 capite
1915 1007 2115 1063 habere

541 1087 891 1148 potestatem,
925 1089 979 1135 et
1004 1083 1166 1148 scire,
1214 1089 1359 1154 quod
1410 1099 1624 1145 creatus
1652 1095 1815 1165 caput
1856 1097 2114 1167 aliorum,

539 1179 596 1223 ct
624 1171 740 1240 ipse
766 1173 870 1226 sub
897 1173 1075 1242 capite
1107 1175 1178 1228 sit
1203 1181 1480 1234 communi
1518 1185 1763 1240 omnium
1805 1187 2037 1246 Domino
2063 1201 2117 1248 et

539 1260 808 1330 principe.
832 1263 1098 1320 Absoluta
1130 1267 1274 1320 enim
1309 1273 1638 1342 auctoritas,f
1667 1293 1766 1332 nec
1793 1280 2116 1351 cujusquam

539 1353 786 1422 subjecta
820 1355 1072 1426 imperio,
1111 1360 1468 1422 intolerabilis
1499 1376 1582 1421 est
1616 1377 1670 1423 et
1692 1369 1946 1428 dilﬁcilis.
1995 1375 2116 1430 Ideo

537 1446 594 1499 in
637 1447 754 1516 lege
785 1451 992 1520 gratim,
1026 1453 1118 1521 qui
1163 1456 1448 1522 pontiﬁces
1476 1462 1698 1516 maximi
1753 1475 1901 1529 sunt,
1936 1467 2114 1522 Evan-

538 1537 738 1605 gelium
804 1541 858 1594 in
908 1544 1084 1612 capite
1129 1549 1430 1616 recipiunt,
1459 1560 1515 1605 ut
1559 1554 1778 1614 eiectus
1832 1557 2112 1630 intelligat,

537 1632 685 1700 quod
717 1649 899 1689 veram
955 1635 1230 1710 Evangelii
1273 1643 1464 1698 tiaram
1513 1649 1766 1718 accipiat,
1809 1656 2112 1708 ettametsi

536 1722 768 1778 aliorum
827 1738 990 1797 caput
1030 1733 1420 1799 constituatur,
1469 1737 1679 1807 legibus
1709 1751 1887 1796 tamen
1923 1745 2112 1801 iisdem

538 1811 881 1879 subjiciatur,
914 1825 967 1870 et
999 1817 1120 1872 aliis
1145 1820 1429 1889 imperanti
1465 1824 1544 1878 lex
1572 1827 1820 1896 imperet.
1849 1833 1952 1887 Sed
1979 1835 2115 1890 tiara
2149 1846 2188 1900 Β

534 1912 858 1969 p0testatem
910 1906 1249 1978 designabat,
1283 1929 1446 1983 quam
1482 1919 1598 1987 ipse
1628 1920 1682 1974 in
1730 1925 1986 1993 populum
2017 1927 2116 1982 ha-

533 1995 717 2058 bebat,
744 2006 796 2052 et
824 2014 929 2068 qua
964 2002 1056 2057 ille
1095 2003 1206 2059 Deo
1242 2009 1547 2066 tenebatur.
1585 2015 1765 2070 Aurea
1802 2034 1927 2073 vero
1961 2023 2116 2078 brac-

535 2093 642 2145 tea.
695 2088 748 2140 in
777 2105 886 2159 qua
918 2090 1012 2146 Dei
1065 2110 1262 2152 nomen
1300 2111 1581 2157 exaratum
1633 2115 1772 2167 erat.
1822 2109 2014 2180 521!)
2057 2116 2112 2168 in

533 2190 752 2245 pectore
779 2193 917 2249 erat,
948 2189 1248 2244 custodiam
1267 2191 1560 2263 designans
1583 2201 1969 2269 cOgitationum
1993 2222 2114 2262 cor-

535 2267 642 2332 dis,
676 2275 903 2339 etquod
951 2288 1196 2346 oporteat
1227 2283 1324 2336 has
1351 2295 1540 2354 aptare
1589 2267 1674 2343 add
1693 2289 1786 2345 Dei
1823 2305 2016 2350 nutum
2059 2308 2115 2354 et

529 2358 754 2419 referre.
795 2362 853 2418 in
886 2366 1130 2424 humeris
1169 2383 1324 2428 erant
1373 2381 1645 2450 smaragdi
1693 2382 1820 2449 duo,
1877 2403 2110 2456 quorum

529 2451 669 2505 alter
724 2455 851 2510 hinc
892 2474 986 2513 sex
1038 2463 1233 2531 tribus,
1293 2469 1517 2524 totidem
1575 2472 1712 2528 alter
1775 2480 2106 2539 continebat.

527 2543 699 2600 Erant
751 2558 938 2606 autem
989 2565 1149 2625 typus
1197 2571 1451 2629 aspectus
1495 2569 1846 2627 sacerdotalis
1885 2590 1901 2624 τ
1948 2575 2113 2633 habet

528 2640 676 2694 enim
707 2647 1032 2716 smaragdus
1059 2659 1113 2704 et
1135 2651 1462 2710 viriditatem
1495 2661 1788 2730 egregiam,
1821 2675 1874 2720 et
1906 2667 2108 2724 claram

532 2733 850 2802 puritatem,
889 2740 1061 2794 instar
1095 2747 1300 2814 speculi
1337 2751 1577 2807 radians.
1636 2753 1849 2811 Etenim
1896 2772 2111 2831 oportet

528 2827 867 2883 sacerdotem
916 2839 970 2885 et
1001 2834 1088 2902 pia
1140 2839 1534 2898 exercitatione
1580 2847 1823 2903 sobrium
1872 2827 2016 2917 esse,
2056 2865 2110 2910 et

525 2918 692 2970 vitam
735 2919 965 2978 subditis
1015 2939 1169 2980 suam
1211 2939 1468 3000 tanquam
1509 2939 1792 3005 speculum
1845 2943 2101 3001 virtutum

525 3011 836 3069 ostendere.
873 3013 1000 3069 Erat
1052 3034 1182 3073 vero
1225 3021 1276 3074 in
1333 3023 1601 3100 humeris,
1645 3032 1792 3099 quod
1828 3037 2103 3091 actionum

513 3101 882 3171 signum-est,
921 3112 1262 3180 smaragdus.
1300 3115 1543 3173 Actionis
1570 3123 1714 3174 enim
1760 3105 1997 3194 potentia
2038 3132 2105 3184 ab

2221 568 2321 622 οὐκ
2347 568 2580 640 ὲλούσθη
2602 569 2774 638 ὕδατι,
2805 571 2902 625 καὶ
2938 571 3111 625 ἔλουε.
3144 572 3243 626 Διὰ
3274 576 3361 643 τί;
3393 578 3477 633 ἵνα
3504 583 3668 658 μάθῃς
3685 591 3757 645 ὅτι

2218 658 2319 712 ούκ
2349 654 2417 729 ῆν
2439 659 2611 712 ταῦτα
2641 660 3030 732 προηγούμενα
3076 662 3152 732 τῷ
3197 663 3334 735 Θεῷ,
3368 667 3447 720 ὅτι
3488 672 3562 742 τῷ
3591 676 3758 752 τελείῳ

2219 751 2355 822 πρὸς
2378 751 2584 821 κόσμον
2614 752 2832 822 ἀρκεῖή
2864 753 3053 826 ἀρετὴ,
3082 754 3179 808 καὶ
3209 755 3290 810 ὅτι
3319 759 3487 814 ταῦτα
3511 766 3670 833 τύπος
3701 767 3759 844 ἦν

2216 841 2314 911 τῆς
2344 841 2565 912 ἀρετῆς,
2600 841 2712 894 ἀλλ’
2742 841 2842 895 ούκ
2867 845 3058 914 ἀρετή.

2290 955 2413 1009 Ὅτι
2445 958 2540 1009 ἐπὶ
2565 957 2666 1026 τῆς
2693 959 2938 1029 κεφαλῆς
2958 1000 2973 1023 ,
3003 960 3188 1030 φησὶν,
3217 959 3410 1034 ἔφερεν
3438 967 3465 1018 6
3495 968 3760 1044 ἀρχιερεὺς

2215 1068 2430 1139 τιάραν,
2459 1068 2592 1124 διότι
2623 1071 2714 1124 τὸν
2742 1071 3224 1144 προχειριζόμενον
3271 1075 3520 1133 ἁπάντων
3543 1087 3760 1160 κεφαλὴν

2217 1161 2360 1213 κατὰ
2390 1160 2489 1229 τῆς
2509 1160 2532 1191 ⁸
2567 1161 2810 1232 κεφαλῆς
2839 1164 2981 1234 ἔχειν
3008 1165 3106 1235 τὴν
3143 1167 3393 1233 ἐξουσίαν
3427 1171 3549 1240 ἔδει,
3579 1177 3668 1242 καὶ
3701 1183 3761 1234 εξ.

2216 1252 2365 1306 δέναι
2391 1254 2472 1307 ὅτι
2505 1254 2746 1325 κεφαλὴν
2767 1257 2877 1310 τῶν
2907 1257 3082 1311 ἄλλων
3107 1259 3542 1332 προϐαλλόμενος
3567 1270 3654 1323 καὶ
3674 1272 3760 1324 αύ-

2217 1345 2308 1408 τὸς
2333 1347 2440 1399 ὑπὸ
2467 1348 2707 1417 κεφαλήν
2735 1350 2850 1402 ἐστι
2884 1351 2979 1402 τὸν
3017 1353 3198 1406 κοινὸν
3231 1353 3483 1408 ἁπάντων
3512 1359 3763 1433 Δεσπότην

2218 1438 2316 1491 καὶ
2376 1437 2727 1512 ἐξουσιαστήν
2753 1457 2767 1471 ·
2799 1443 3175 1514 ἀπολελυμένη
3224 1445 3335 1516 γὰρ
3375 1446 3647 1505 αὑθέντεια
3680 1457 3764 1508 καὶ

2215 1533 2522 1602 αὐτόνομος
2549 1534 2826 1606 ἁφόρητός
2855 1539 2971 1590 ἐστι
2995 1537 3090 1590 καὶ
3117 1538 3350 1610 χαλεπή.
3386 1540 3483 1593 Διὰ
3509 1542 3658 1597 τοῦτο
3681 1547 3764 1600 καὶ

2217 1625 2276 1677 ὲν
2301 1627 2366 1696 τῇ
2392 1626 2577 1697 χάριτι
2603 1629 2654 1680 οἱ
2683 1629 3099 1700 ἀρχιερατεύων
3123 1630 3437 1701 τελούμενοι
3455 1632 3514 1685 τὸ
3539 1635 3762 1705 Εὐαγγέ-

2219 1715 2330 1767 λιον
2385 1716 2479 1768 ἐπὶ
2507 1717 2750 1788 κεφαλῆς
2779 1719 3045 1790 δέχονται,
3089 1721 3175 1775 ἵνα
3215 1721 3364 1795 μάθῃ
3395 1724 3422 1775 6
3450 1728 3763 1796 χειροτονού-

2221 1825 2383 1878 μενος
2406 1810 2489 1863 ὃτι
2512 1812 2610 1881 τὴν
2639 1812 2900 1883 ἀληθινὴν
2928 1813 3023 1866 τοῦ
3055 1814 3389 1884 Εὐαγγελίου
3429 1818 3619 1887 τιάραν
3643 1818 3765 1891 λαμ-

2219 1901 2392 1967 ϐάνει,
2434 1902 2528 1954 καὶ⁸
2573 1904 2654 1956 ὃτι
2699 1905 2749 1956 εἰ
2806 1905 2902 1957 καὶ¹
2948 1905 3056 1958 τῶν
3085 1905 3262 1960 ἄλλων
3299 1907 3656 1978 ἱερουργεῖται
3685 1927 3766 1964 κε-

2221 1990 2387 2061 φαλὴ,
2407 1991 2520 2044 ἀλλ’
2550 1988 2643 2044 οὖν
2677 1994 2772 2046 καὶ
2805 1994 2969 2056 αὐτὸς
2999 1994 3104 2048 ὑπὸ
3125 1995 3354 2058 τούτους
3384 1995 3530 2048 τελεῖ
3550 1997 3670 2060 τοὺς
3692 1999 3766 2052 v6-

2221 2101 2376 2152 μους,
2429 2083 2668 2137 καὶτῶν
2694 2085 2869 2139 ἄλλων
2914 2087 3132 2157 κρατῶν
3160 2087 3239 2157 τῷ
3287 2086 3438 2158 νόμῳ
3483 2092 3761 2159 κρατεῖται.

2231 2178 2371 2230 Ἀλλ’
2397 2179 2429 2249 ἡ
2461 2180 2559 2249 μὲν
2590 2182 2756 2252 τιάρα
2779 2183 2877 2252 τὴν
2909 2184 3160 2249 ἐξουσίαν
3194 2182 3419 2250 ὲτύπου,
3450 2185 3516 2256 ἥν
3539 2202 3596 2239 τε
3624 2187 3765 2252 αὐτὸς

2230 2265 2344 2340 εἶχε
2368 2271 2461 2324 τοῦ
2484 2272 2613 2325 λαοῦ
2649 2274 2742 2326 καὶ
2771 2274 2862 2343 ὑφ’
2890 2274 2958 2346 ἢν
2988 2276 3154 2339 αὐτὸς
3187 2275 3483 2345 ἀνεφέρετο
3508 2277 3597 2331 τοῦ
3625 2277 3762 2332 Θεοῦ.

2224 2361 2298 2413 Τὸ
2321 2361 2379 2414 δὲ
2409 2363 2638 2418 πέταλον
2663 2366 2724 2418 τὸ
2749 2368 3003 2437 χρυσοῦν,
3027 2369 3083 2420 ὲν
3101 2361 3145 2436 ᾧ
3162 2368 3224 2420 τὸ
3250 2368 3423 2439 ὄνομα
3453 2368 3766 2423 ὲκεκόλαπτο

2216 2450 2309 2503 τοῦ
2358 2450 2514 2514 Θεοῦ,
2545 2453 2794 2508 ἐπέκειτο
2830 2456 2932 2526 μὲν
2961 2457 3039 2527 τῷ
3075 2456 3286 2528 στήθει,
3331 2458 3576 2529 φυλακῆς
3614 2459 3655 2511 δ’
3681 2461 3764 2512 ὲπ-

2212 2546 2325 2612 εῖχε
2365 2543 2538 2596 τύπον
2590 2545 2700 2599 τῶν
2731 2547 2791 2599 ἐν
2846 2547 3046 2620 καρδίᾳ
3086 2549 3427 2619 κινημάτων,
3469 2549 3564 2601 καὶ
3595 2549 3665 2613 ὡς
3697 2549 3767 2603 δεῖ

2217 2638 2388 2692 ταῦτα
2425 2639 2894 2711 καταρρυθμίζειν
2913 2642 2933 2673 ⁵
2954 2644 3020 2712 τῇ
3050 2642 3188 2710 πρὶς
3210 2643 3272 2695 τὸ
3301 2641 3457 2695 Θεῖον
3485 2641 3655 2696 νεύσει
3680 2642 3761 2696 καὶ

2215 2731 2484 2801 ἀναφορᾷ.
2526 2733 2649 2785 Ἐπὶ
2697 2733 2753 2787 δὲ
2780 2734 2886 2786 τῶν
2942 2734 3108 2805 ὤμων
3145 2734 3464 2806 σμαράγδου
3497 2734 3631 2788 λίθοι
3665 2734 3762 2798 δύο,

2217 2820 2434 2890 ἔχοντες
2457 2821 2557 2884 τὰς
2602 2821 2659 2888 ἓξ
2684 2823 2856 2892 φυλὰς
2882 2825 3129 2878 ἐντεῦθεν
3155 2827 3251 2881 καὶ
3281 2827 3382 2889 τὰς
3420 2826 3478 2892 ἐξ
3503 2825 3762 2879 ἐντεῦθεν·

2210 2907 2371 2967 Οὗτοι
2395 2914 2450 2967 δὲ
2483 2914 2546 2967 σύ
2555 2915 2753 2986 μόολον
2771 2914 2913 2988 ῆσαν
2936 2919 3035 2989 τῆς
3056 2919 3232 2990 ὅψεως
3253 2922 3355 2990 τῆς
3376 2917 3764 2989 ἀρχιερατικῆς.

2213 3007 2366 3076 Ἔχει
2399 3010 2508 3080 γὰρ
2553 3011 2586 3080 ἡ
2630 3011 2724 3063 τοῦ
2765 3011 3080 3082 σμαράγδου
3106 3012 3290 3082 ψῆφος
3334 3012 3432 3067 καὶ
3477 3011 3767 3082 χλωρότητα

2209 3100 2461 3172 εὐπρεπῆ
2500 3103 2595 3156 καὶ
2629 3104 2977 3176 καθαρότητα
3009 3106 3206 3176 διαυγῆ
3227 3148 3240 3171 ,
3304 3105 3612 3174 κατόπτρου
3637 3103 3770 3156 δύνα-

525 3194 770 3252 humeris
795 3197 1085 3267 dependet.
1113 3201 1238 3259 ideo
1257 3216 1307 3260 et
1341 3208 1484 3264 Deus
1506 3212 1572 3265 ad
1596 3211 1897 3270 Jerusalem
1928 3219 2106 3290 loqui-

2217 3209 2308 3261 μιν
2340 3195 2714 3264 ὑποφαίνουσα
2735 3213 2749 3227 '
2778 3199 2873 3250 καὶ
2891 3197 2999 3268 γὰρ
3027 3199 3110 3252 δεῖ
3132 3198 3224 3250 τὸν
3251 3197 3410 3268 ἱερέα
3437 3196 3766 3290 καὶλὰσκήσει

527 3293 616 3340 tur
639 3305 658 3341 z
686 3286 865 3361 Dirige
894 3305 986 3344 cor
1012 3303 1158 3345 tuum
1194 3297 1248 3349 in
1269 3298 1408 3351 viam
1438 3309 1658 3370 rectam,
1700 3305 1882 3375 inlqua
1921 3310 2107 3364 ambu-

527 3381 675 3448 lusti,
726 3383 841 3452 ﬁlia
869 3402 1019 3458 vaga,
1045 3392 1171 3458 quia
1214 3397 1409 3448 creavit
1445 3396 1699 3454 Dominus
1733 3419 1922 3457 novum
1953 3423 2109 3478 super

528 3487 779 3531 terrams.
817 3479 1028 3535 Etenim
1090 3499 1288 3541 manus
1339 3499 1393 3542 et
1428 3489 1685 3548 humeros
1721 3496 1786 3549 ad
1837 3498 2107 3554 actionem

528 3566 808 3638 Scriptura
832 3573 1231 3640 accommodat,
1261 3586 1320 3630 ut
1352 3579 1571 3647 quando
1602 3581 1669 3635 de
1694 3581 1894 3639 Davide
1932 3585 2109 3656 loqui-

527 3671 643 3715 tur:
666 3661 731 3714 Et
756 3664 808 3716 in
839 3664 1187 3721 intellectibus
1212 3686 1463 3723 manuum
1485 3689 1703 3727 suarum
1723 3674 1941 3730 deduxit
1965 3680 2104 3733 eos‘.

524 3753 745 3810 Inerant
788 3772 915 3811 vero
954 3757 1096 3828 logio
1125 3759 1179 3813 in
1210 3771 1430 3830 pectore
1452 3765 1738 3820 duodecim
1769 3769 1933 3822 etiam
1967 3770 2107 3838 lapi-

523 3849 622 3904 des
650 3850 914 3917 impositi,
949 3854 1044 3921 qui
1084 3853 1352 3910 duodecin
1391 3859 1569 3913 tribus
1610 3861 2014 3931 signiﬁcabant.
2041 3863 2107 3918 Et

524 3939 669 4003 vide,
705 3956 868 4009 supra
891 3942 1134 4011 quidem,
1167 3954 1221 3998 et
1247 3946 1299 3998 in
1341 3947 1587 4002 humeris
1629 3965 1736 4004 una
1766 3962 1882 4006 erat
1911 3961 2104 4008 natura

523 4029 766 4098 lapidum
797 4034 1139 4104 smaragdus,
1177 4035 1315 4090 infra
1357 4053 1486 4093 vero
1517 4049 1572 4094 et
1617 4041 1672 4094 in
1724 4054 1940 4111 pectore
1967 4045 2106 4099 duo-

522 4119 720 4176 decim.
776 4121 897 4188 Quo
954 4126 1294 4197 signiﬁcatur
1338 4147 1352 4183 :
1401 4138 1560 4186 antea
1625 4134 1842 4204 quidem
1895 4137 1965 4192 ab
1996 4155 2105 4194 una

523 4228 718 4268 omnes
752 4217 1024 4284 prodiisse
1064 4229 1258 4275 natura
1294 4237 1625 4292 :progressu
1659 4242 1788 4280 vero
1818 4232 2102 4298 temporis,

519 4300 753 4355 diversis
803 4305 1155 4372 opinionibus
1205 4307 1412 4365 divisos
1444 4327 1586 4376 esse,
1640 4326 1694 4368 et
1745 4317 1849 4370 hoc
1883 4319 2101 4387 quidem

522 4391 714 4446 tribuit
761 4396 1024 4464 opinioni,
1075 4400 1207 4454 illud
1255 4417 1382 4457 vero
1426 4413 1656 4460 natura.
1697 4405 1841 4461 lnl'ra
1868 4424 1997 4465 vero
2049 4411 2102 4464 in

521 4484 734 4540 timbria
767 4492 1066 4546 sacerdotis
1105 4509 1225 4563 quae
1255 4495 1456 4550 dicitur
1484 4513 1602 4565 ora,
1657 4517 1821 4556 aurea
1854 4504 2018 4571 mala,
2049 4517 2103 4560 et

2213 3285 2409 3353 νήφειν
2436 3285 2638 3338 καὶτὸν
2671 3287 2783 3357 βίον
2804 3289 2918 3351 τοῖς
2949 3289 3040 3342 ὑπ’
3072 3289 3234 3342 αὑτὸν
3261 3288 3458 3360 ὥσπερ
3488 3288 3768 3357 κάτοπτρον

2211 3382 2494 3452 παρέχειν.
2529 3384 2652 3436 Ἐπὶ
2693 3385 2802 3438 τῶν
2841 3384 3005 3454 ὤμων
3051 3387 3109 3440 δὲ
3148 3390 3181 3458 ἡ
3231 3386 3572 3457 σμάραγδος,
3605 3381 3768 3450 ἐπειδὴ

2211 3475 2463 3546 πράξεώς
2485 3478 2602 3530 ἐστι
2637 3481 2866 3550 σημεῖον
2885 3497 2897 3510 ο
2927 3481 2960 3550 ὴ
2985 3480 3092 3551 γὰρ
3120 3479 3404 3553 πρακτικὴ
3436 3477 3656 3548 δύναμις
3671 3474 3766 3528 τῶν

2212 3566 2379 3636 ὤμων
2414 3569 2668 3639 ἤρτηται.
2715 3569 2877 3642 [1556
2905 3570 2996 3642 R.]
3039 3572 3131 3624 Διὸ
3163 3577 3260 3625 καὶ
3291 3573 3320 3624 6
3345 3571 3479 3634 Θεὸς
3527 3569 3657 3640 πρὸς
3684 3567 3768 3636 τὴν

2220 3658 2575 3732 Ἰερουσαλὴμ
2603 3663 2784 3729 λέγει·
2826 3663 2936 3728 Θὲς
2967 3665 3080 3734 τὴν
3113 3665 3372 3733 καρδίαν
3415 3677 3532 3717 σου
3553 3659 3768 3716 ἐπὶτῶν

2209 3748 2383 3819 ὤμων
2413 3765 2552 3816 σου,
2588 3754 2840 3821 θύγατερ
2871 3755 3231 3823 ὴτιμωμένη,
3279 3755 3371 3809 ὅτι
3414 3756 3629 3824 Κύριος
3660 3753 3769 3805 κτί-

2209 3842 2394 3920 ζειίσε
2425 3846 2512 3910 εις
2544 3846 2865 3913 σωτηρίαν.
2896 3848 3007 3900 Καὶ
3044 3848 3152 3920 γὰρ
3183 3849 3285 3912 τὰς
3328 3852 3518 3920 χεῖρας
3546 3845 3767 3906 καὶτοὺς

2207 3919 2397 4006 ὥμόυς
2425 3936 2504 3998 εἰς
2530 3935 2755 4006 πράξεις
2779 3939 2812 4007 ὴ
2840 3938 3030 4010 γραφὴ
3052 3919 3345 4010 λαμϐάνει,
3366 3919 3442 4004 ὡς
3468 3941 3594 3992 ὅταν
3616 3935 3768 4036 itm“

2209 4031 2454 4103 περὶτοῦ
2489 4033 2672 4086 Δαυίδο
2705 4033 2815 4089 Καὶ
2847 4033 2918 4086 ἐν
2949 4033 3081 4098 ταῖς
3109 4035 3414 4089 συνέσεσι
3443 4031 3560 4084 τῶν
3579 4031 3770 4127 χειρῶς

2206 4125 2395 4180 αὐτοῦ
2425 4125 2744 4196 ὡδήγησεν
2765 4127 3010 4194 αὐτούς.
3042 4126 3275 4196 Ἐνῆσαν
3299 4125 3357 4178 δὲ
3383 4124 3464 4196 τῷ
3496 4122 3681 4190 λογείῳ
3703 4122 3769 4187 τῷ

2205 4217 2300 4270 ἐπὶ
2329 4217 2423 4270 τοῦ
2457 4219 2688 4289 στήθους
2720 4219 2816 4272 καὶ
2849 4221 2897 4272 οἱ
2936 4218 3146 4272 δώδεκα
3191 4217 3332 4270 λίθοι
3363 4211 3767 4314 ἐνηρμοσμένείι.

2205 4309 2305 4372 τὰς
2331 4309 2539 4362 δώδεκα
2571 4311 2745 4378 φυλὰς
2788 4310 3204 4380 ὑποδηλοῦντες.
3237 4308 3354 4362 Καὶ
3381 4308 3508 4404 δρα,
3538 4307 3646 4404 ἄνω
3686 4307 3768 4404 μεν

2203 4402 2301 4456 καὶ
2346 4405 2440 4456 επὶ
2463 4403 2574 4456 τῶν
2607 4401 2775 4472 ὤμων
2805 4402 2904 4472 μία
2934 4398 3002 4473 ῆν
3031 4401 3194 4470 φύσις
3237 4401 3351 4454 τῶν
3391 4399 3559 4454 λίθων
3587 4398 3614 4449 ὁ
3644 4398 3769 4463 σμά-

2214 4497 2429 4566 ραγδος,
2462 4496 2614 4550 κάτω
2636 4496 2692 4548 δὲ
2725 4496 2822 4549 καὶ
2855 4495 2952 4548 ἐπὶ
2977 4494 3074 4547 τοῦ
3107 4494 3342 4565 στήθους
3364 4494 3418 4546 οἱ
3442 4490 3666 4552 δώδεκα,
3699 4487 3770 4539 αἱ·

520 4577 742 4645 punica,
773 4594 826 4637 ct
866 4591 1202 4657 campanula:
1239 4591 1667 4660 dependebant“.
1695 4597 1759 4650 Et
1802 4601 2099 4682 quomodo,

2216 4589 2522 4658 νιττομένου
2560 4587 2656 4641 τοῦ
2703 4587 2864 4656 λόγου
2898 4587 2981 4640 ὅτι
3033 4585 3242 4640 ἄνωθεν
3283 4585 3422 4655 μὲντ
3457 4584 3686 4682 ἅπαντες
3715 4577 3768 4628 ἐκ

525 4668 664 4737 hare,
694 4674 868 4742 prima
905 4681 1114 4736 ratione
1135 4681 1246 4737 Deo
1278 4690 1350 4738 ut'
1369 4687 1629 4758 diximus,
1662 4691 1972 4759 placerent?
1999 4668 2103 4750 séd

521 4763 576 4818 in
617 4767 817 4821 vestitu
849 4781 903 4824 et
930 4771 1116 4828 habitu
1154 4777 1454 4834 sacerdotis
1490 4781 1717 4839 virtutes
1747 4784 1972 4851 eiiinxit,
2013 4788 2102 4840 in-

517 4853 600 4907 fra
646 4855 808 4914 ﬂores
846 4869 900 4912 et
950 4860 1186 4930 fructus,
1229 4867 1492 4922 virtutum
1555 4885 1740 4941 opera,
1791 4875 2096 4945 cuiusmodi

519 4956 650 5000 sunt
672 4950 1040 5022 eleemosyna,
1069 4954 1286 5023 justitia
1337 4970 1391 5015 ct
1437 4961 1770 5032 humanitas,
1805 4977 1859 5022 et
1895 4969 2101 5024 chorus

517 5036 856 5105 reliquarum
885 5041 1020 5111 ipsis
1049 5044 1313 5102 alfinium.

2214 4679 2380 4754 μιᾶς⁸
2407 4679 2748 4752 προήλθομεν
2782 4679 3022 4745 φύσεως,
3057 4677 3344 4748 προϊόντος
3383 4675 3441 4729 δὲ
3473 4673 3566 4728 τοῦ
3599 4671 3768 4742 χρόνον

2204 4775 2486 4845 διαφόροις
2533 4771 2784 4842 γνώμαις
2810 4771 3185 4842 ἐμερίσθημεν
3205 4784 3220 4797 ·
3259 4767 3358 4868 καὶ
3384 4766 3447 4820 τὸ
3478 4762 3769 4868 μένδίδωσι

2205 4873 2274 4940 τῇ
2323 4867 2556 4939 γνώμῃ.
2589 4865 2651 4918 τδ
2683 4863 2824 4937 [851
2858 4862 2968 4934 Η.]
3012 4863 3070 4916 δὲ
3120 4864 3187 4934 τῇ
3241 4860 3428 4930 φύσει.
3478 4855 3612 4911 Ὑπὸ
3640 4853 3692 4906 δὲ
3717 4850 3769 4901 τὸ

2205 4963 2513 5037 κράσπεδον
2543 4959 2637 5012 τοῦ
2687 4959 2874 5030 ἱερέως
2901 4999 2917 5023 ,
2968 4957 3032 5009 τι)
3083 4955 3383 5056 λεγόμενον
3416 4950 3594 5056 λιῖιμασ,
3622 4946 3762 5056 ἄνθη.

2216 5056 2337 5125 ῥόαι
2376 5055 2470 5108 καὶ
2513 5053 2722 5124 ροῒσκοι
2765 5050 2956 5121 χρυσοῖ
2995 5048 3092 5101 καὶ
3141 5045 3396 5108 κώδωνες
3436 5043 3766 5112 ἁπηώρηντο.

415 5141 426 5152 ο
520 5129 634 5180 Καὶ
684 5131 802 5193 πῶς
843 5133 910 5186 ἂν
955 5136 1042 5208 εἴη
1089 5140 1210 5212 Θεῷ
1257 5145 1430 5199 ταῦτα
1478 5150 1617 5202 κατά
1674 5151 1888 5222 πρῶτον
1936 5155 2092 5223 λόγον
2124 5155 2465 5227 ἁρέσκοντα;
2527 5149 2639 5204 ἀλλ’
2707 5150 2765 5201 ἐν
2795 5145 2874 5216 τῷ
2940 5145 3183 5214 σχήματι
3215 5138 3312 5193 τοῦ
3347 5137 3542 5199 ἱειθέως
3585 5133 3768 5199 ἔψηχεν

523 5223 947 5289 ἐξεικονίξεσθαι
994 5235 1095 5298 τὰς
1150 5240 1371 5309 ἀρετάς.
1422 5249 1587 5301 Κάτω
1621 5249 1757 5320 ἄνθη
1793 5254 1886 5306 καὶ
1917 5253 2121 5323 καρποὶ
2149 5223 2217 5305 τὰ
2261 5250 2372 5304 τῶν
2406 5248 2617 5320 ἀρετῶν
2657 5241 3079 5314 κατορθώματα,
3118 5238 3276 5292 ἅτινά
3339 5237 3494 5287 ἔστιν
3551 5229 3767 5302 ἐλεημο-

525 5323 657 5392 σύνη
689 5328 784 5378 καὶ
809 5327 1125 5406 δικαιοσύνη
1178 5343 1270 5392 καὶ
1323 5343 1701 5416 φιλανθρωπία
1731 5349 1826 5400 καὶ
1856 5350 1966 5401 τῶν
2004 5351 2178 5404 ἄλλων
2205 5351 2234 5402 6
2263 5347 2545 5418 σύστοιχος
2574 5345 2800 5408 αὑταῖς⁹
2835 5344 3015 5415 x096;-

598 5496 616 5518 ε
653 5483 851 5540 .li-rcin.
886 5507 1033 5544 uxr.
1066 5494 1156 5552 “2'2.
1239 5499 1254 5532 ι
1285 5495 1428 5551 Psal.
1461 5501 1780 5566 Lxxv1i,'7‘2.

1872 5511 1900 5538 υ
1923 5503 2092 5558 Exod.
2128 5518 2322 5566 xxvm,
2356 5502 2588 5570 “seqq.

1801 5615 1889 5669 VA
1901 5615 2040 5669 RIA‘I
2088 5615 2383 5672 LECTION
2393 5615 2498 5670 ES.

593 5715 773 5791 (κατὰ
803 5719 899 5788 τῆς
927 5722 970 5775 Α
1004 5743 1014 5754 ο
1048 5727 1137 5778 καὶ
1168 5728 1306 5780 κατὰ
1338 5746 1396 5791 ς’.

523 5783 545 5815 ’
576 5785 760 5852 αὑταῖς
782 5783 890 5842 oni.
925 5792 961 5845 Α

1481 5730 1500 5760 ⁸
1536 5727 1708 5782 ταῦτα
1737 5731 1830 5783 καὶ
1861 5732 2095 5803 καταρῤ.
2132 5749 2190 5795 ς.
2255 5733 2274 5764 ⁶
2305 5731 2450 5799 λέγει
2481 5749 2539 5795 ς.

2633 5733 2653 5764 ⁷
2683 5730 2781 5801 μὲν
2815 5745 2925 5786 om.
2973 5733 3038 5785 A.
3131 5731 3152 5763 ⁸
3180 5733 3242 5785 ὲκ
3278 5733 3409 5802 μιᾶς
3457 5730 3686 5789 ἅπαντες
3710 5739 3762 5787 ς·-
