  <div class='ocr_page' id='page_1' title='image "/cluster/home/n/w/nwhite01/storage/ocr_20150623/104/hvd.32044018872853/146.png"; bbox 0 0 4020 6414; ppageno 0'>
   <div class='ocr_carea' id='block_1_1' title="bbox 169 442 257 502">
    <p class='ocr_par' dir='ltr' id='par_1_1' title="bbox 169 442 257 502">
     <span class='ocr_line' id='line_1_1' title="bbox 169 442 257 502; baseline -0.011 0"><span class='ocrx_word' id='word_1_1' title='bbox 169 442 257 502; x_wconf 75' lang='lat'><strong>277</strong></span> 
     </span>
    </p>
   </div>
   <div class='ocr_carea' id='block_1_2' title="bbox 1165 432 2415 502">
    <p class='ocr_par' dir='ltr' id='par_1_2' title="bbox 1165 432 2415 502">
     <span class='ocr_line' id='line_1_2' title="bbox 1165 432 2415 502; baseline -0.008 -1"><span class='ocrx_word' id='word_1_2' title='bbox 1165 440 1690 502; x_wconf 83' lang='lat' dir='ltr'><strong>BIBLIOTHECA.</strong></span> <span class='ocrx_word' id='word_1_3' title='bbox 1731 463 1800 472; x_wconf 91' lang='grc'><strong>-</strong></span> <span class='ocrx_word' id='word_1_4' title='bbox 1837 438 2001 498; x_wconf 89' lang='lat' dir='ltr'><strong>COD.</strong></span> <span class='ocrx_word' id='word_1_5' title='bbox 2038 432 2415 495; x_wconf 81' lang='lat' dir='ltr'><strong>CCLXXVII.</strong></span> 
     </span>
    </p>
   </div>
   <div class='ocr_carea' id='block_1_3' title="bbox 3261 430 3363 492">
    <p class='ocr_par' dir='ltr' id='par_1_3' title="bbox 3261 430 3363 492">
     <span class='ocr_line' id='line_1_3' title="bbox 3261 430 3363 492; baseline 0.01 -1"><span class='ocrx_word' id='word_1_6' title='bbox 3261 430 3363 492; x_wconf 76' lang='lat'><strong>278</strong></span> 
     </span>
    </p>
   </div>
   <div class='ocr_carea' id='block_1_4' title="bbox 226 543 1736 621">
    <p class='ocr_par' dir='ltr' id='par_1_4' title="bbox 226 547 1736 621">
     <span class='ocr_line' id='line_1_4' title="bbox 226 547 1736 621; baseline 0.001 -19"><span class='ocrx_word' id='word_1_7' title='bbox 226 550 339 602; x_wconf 82' lang='grc' dir='ltr'>Ὅτι</span> <span class='ocrx_word' id='word_1_8' title='bbox 371 547 524 616; x_wconf 77' lang='grc' dir='ltr'>φησὶ,</span> <span class='ocrx_word' id='word_1_9' title='bbox 555 548 632 619; x_wconf 82' lang='grc' dir='ltr'>μὴ</span> <span class='ocrx_word' id='word_1_10' title='bbox 665 549 964 618; x_wconf 82' lang='grc' dir='ltr'>μετάϐαλλε</span> <span class='ocrx_word' id='word_1_11' title='bbox 984 552 1027 582; x_wconf 86' lang='grc'><strong>¹⁰</strong></span> <span class='ocrx_word' id='word_1_12' title='bbox 1062 553 1281 621; x_wconf 78' lang='grc' dir='ltr'>ῥήματα</span> <span class='ocrx_word' id='word_1_13' title='bbox 1308 549 1444 604; x_wconf 83' lang='grc' dir='ltr'>Θεοῦ</span> <span class='ocrx_word' id='word_1_14' title='bbox 1478 549 1698 614; x_wconf 81' lang='grc' dir='ltr'>ζῶντος.</span> <span class='ocrx_word' id='word_1_15' title='bbox 1729 597 1736 611; x_wconf 67' lang='grc'><strong>.</strong></span> 
     </span>
    </p>
   </div>
   <div class='ocr_carea' id='block_1_5' title="bbox 1839 543 3377 621">
    <p class='ocr_par' dir='ltr' id='par_1_5' title="bbox 1875 543 3377 613">
     <span class='ocr_line' id='line_1_5' title="bbox 1875 543 3377 613; baseline -0.001 -15"><span class='ocrx_word' id='word_1_16' title='bbox 1875 545 1996 599; x_wconf 83' lang='lat' dir='ltr'><strong>Non</strong></span> <span class='ocrx_word' id='word_1_17' title='bbox 2019 545 2409 613; x_wconf 60' lang='lat' dir='ltr'><strong>mutabisiverba</strong></span> <span class='ocrx_word' id='word_1_18' title='bbox 2429 545 2522 598; x_wconf 86' lang='lat' dir='ltr'><strong>Dei</strong></span> <span class='ocrx_word' id='word_1_19' title='bbox 2542 543 2754 599; x_wconf 77' lang='lat' dir='ltr'><strong>viviVJn</strong></span> <span class='ocrx_word' id='word_1_20' title='bbox 2772 545 2985 601; x_wconf 87' lang='lat' dir='ltr'><strong>Patrem</strong></span> <span class='ocrx_word' id='word_1_21' title='bbox 3015 555 3068 599; x_wconf 87' lang='lat' dir='ltr'><strong>et</strong></span> <span class='ocrx_word' id='word_1_22' title='bbox 3090 543 3284 598; x_wconf 83' lang='lat' dir='ltr'><strong>Filium</strong></span> <span class='ocrx_word' id='word_1_23' title='bbox 3321 551 3377 598; x_wconf 87' lang='lat' dir='ltr'><strong>et</strong></span> 
     </span>
    </p>
   </div>
   <div class='ocr_carea' id='block_1_6' title="bbox 170 639 1698 714">
    <p class='ocr_par' dir='ltr' id='par_1_6' title="bbox 170 639 1698 714">
     <span class='ocr_line' id='line_1_6' title="bbox 170 639 1698 714; baseline -0.007 -8"><span class='ocrx_word' id='word_1_24' title='bbox 170 644 250 705; x_wconf 79' lang='grc' dir='ltr'><strong>Εἰς</strong></span> <span class='ocrx_word' id='word_1_25' title='bbox 280 639 488 710; x_wconf 60' lang='grc' dir='ltr'>Πατέρα</span> <span class='ocrx_word' id='word_1_26' title='bbox 518 641 615 693; x_wconf 75' lang='grc' dir='ltr'><strong>καὶ</strong></span> <span class='ocrx_word' id='word_1_27' title='bbox 642 641 770 692; x_wconf 86' lang='grc' dir='ltr'><strong>Υἱδν</strong></span> <span class='ocrx_word' id='word_1_28' title='bbox 791 642 882 694; x_wconf 80' lang='grc' dir='ltr'><strong>καὶ</strong></span> <span class='ocrx_word' id='word_1_29' title='bbox 911 641 1066 710; x_wconf 82' lang='grc' dir='ltr'>ἆγιον</span> <span class='ocrx_word' id='word_1_30' title='bbox 1095 644 1318 714; x_wconf 83' lang='grc' dir='ltr'><strong>Πνεῦμα</strong></span> <span class='ocrx_word' id='word_1_31' title='bbox 1345 643 1698 714; x_wconf 80' lang='grc' dir='ltr'>ἐϐαπτίσθης·</span> 
     </span>
    </p>
   </div>
   <div class='ocr_carea' id='block_1_7' title="bbox 164 729 1704 803">
    <p class='ocr_par' dir='ltr' id='par_1_7' title="bbox 164 729 1704 803">
     <span class='ocr_line' id='line_1_7' title="bbox 164 729 1704 803; baseline 0.004 -20"><span class='ocrx_word' id='word_1_32' title='bbox 164 730 210 783; x_wconf 78' lang='grc' dir='ltr'><strong>τί</strong></span> <span class='ocrx_word' id='word_1_33' title='bbox 241 732 470 798; x_wconf 78' lang='grc' dir='ltr'><strong>ἀναιρεῖς</strong></span> <span class='ocrx_word' id='word_1_34' title='bbox 495 729 565 782; x_wconf 80' lang='grc' dir='ltr'><strong>τὰ</strong></span> <span class='ocrx_word' id='word_1_35' title='bbox 601 730 841 800; x_wconf 75' lang='grc' dir='ltr'>ὀνόματα</span> <span class='ocrx_word' id='word_1_36' title='bbox 873 732 940 785; x_wconf 84' lang='grc' dir='ltr'>τὰ</span> <span class='ocrx_word' id='word_1_37' title='bbox 975 733 1172 801; x_wconf 80' lang='grc' dir='ltr'>ζῶντα,</span> <span class='ocrx_word' id='word_1_38' title='bbox 1197 735 1293 787; x_wconf 76' lang='grc' dir='ltr'><strong>καὶ</strong></span> <span class='ocrx_word' id='word_1_39' title='bbox 1319 735 1558 803; x_wconf 81' lang='grc' dir='ltr'><strong>εἰσάγεις</strong></span> <span class='ocrx_word' id='word_1_40' title='bbox 1585 736 1704 791; x_wconf 83' lang='grc' dir='ltr'>δνό-</span> 
     </span>
    </p>
   </div>
   <div class='ocr_carea' id='block_1_8' title="bbox 171 816 1708 894">
    <p class='ocr_par' dir='ltr' id='par_1_8' title="bbox 171 816 1708 894">
     <span class='ocr_line' id='line_1_8' title="bbox 171 816 1708 894; baseline 0.008 -29"><span class='ocrx_word' id='word_1_41' title='bbox 171 833 302 885; x_wconf 81' lang='grc' dir='ltr'>ματα</span> <span class='ocrx_word' id='word_1_42' title='bbox 331 816 624 884; x_wconf 78' lang='grc' dir='ltr'><strong>λογισμῶν,</strong></span> <span class='ocrx_word' id='word_1_43' title='bbox 670 818 915 889; x_wconf 80' lang='grc' dir='ltr'>γέννημα</span> <span class='ocrx_word' id='word_1_44' title='bbox 939 821 1111 889; x_wconf 87' lang='grc' dir='ltr'>λέγων</span> <span class='ocrx_word' id='word_1_45' title='bbox 1147 825 1240 876; x_wconf 71' lang='grc' dir='ltr'><strong>καὶ</strong></span> <span class='ocrx_word' id='word_1_46' title='bbox 1282 825 1573 894; x_wconf 77' lang='grc' dir='ltr'><strong>ἀγέννητον</strong></span> <span class='ocrx_word' id='word_1_47' title='bbox 1613 825 1708 880; x_wconf 79' lang='grc' dir='ltr'><strong>καὶ</strong></span> 
     </span>
    </p>
   </div>
   <div class='ocr_carea' id='block_1_9' title="bbox 166 908 1709 988">
    <p class='ocr_par' dir='ltr' id='par_1_9' title="bbox 166 908 1709 988">
     <span class='ocr_line' id='line_1_9' title="bbox 166 908 1709 988; baseline 0.009 -31"><span class='ocrx_word' id='word_1_48' title='bbox 166 908 425 974; x_wconf 76' lang='grc' dir='ltr'>γεννητὸν,</span> <span class='ocrx_word' id='word_1_49' title='bbox 469 908 532 960; x_wconf 83' lang='grc' dir='ltr'>ὃν</span> <span class='ocrx_word' id='word_1_50' title='bbox 580 908 670 962; x_wconf 77' lang='grc' dir='ltr'>ἀεὶ</span> <span class='ocrx_word' id='word_1_51' title='bbox 708 913 802 963; x_wconf 80' lang='grc' dir='ltr'><strong>καὶ</strong></span> <span class='ocrx_word' id='word_1_52' title='bbox 842 911 915 982; x_wconf 83' lang='grc' dir='ltr'>μὴ</span> <span class='ocrx_word' id='word_1_53' title='bbox 943 911 1001 964; x_wconf 86' lang='grc' dir='ltr'><strong>’ὀν</strong></span> <span class='ocrx_word' id='word_1_54' title='bbox 1035 914 1119 965; x_wconf 79' lang='grc' dir='ltr'>ἀεί</span> <span class='ocrx_word' id='word_1_55' title='bbox 1149 931 1164 979; x_wconf 90' lang='grc'><strong>;</strong></span> <span class='ocrx_word' id='word_1_56' title='bbox 1198 915 1414 969; x_wconf 80' lang='grc' dir='ltr'><strong>Τούτων</strong></span> <span class='ocrx_word' id='word_1_57' title='bbox 1459 917 1709 988; x_wconf 81' lang='grc' dir='ltr'><strong>ἀνέχεται</strong></span> 
     </span>
    </p>
   </div>
   <div class='ocr_carea' id='block_1_10' title="bbox 164 999 1708 1083">
    <p class='ocr_par' dir='ltr' id='par_1_10' title="bbox 164 999 1708 1083">
     <span class='ocr_line' id='line_1_10' title="bbox 164 999 1708 1083; baseline 0.005 -31"><span class='ocrx_word' id='word_1_58' title='bbox 164 999 281 1059; x_wconf 79' lang='grc' dir='ltr'><strong>Θεὸς</strong></span> <span class='ocrx_word' id='word_1_59' title='bbox 300 999 402 1051; x_wconf 82' lang='grc' dir='ltr'>τῶν</span> <span class='ocrx_word' id='word_1_60' title='bbox 433 1000 681 1070; x_wconf 78' lang='grc' dir='ltr'><strong>ματαίων</strong></span> <span class='ocrx_word' id='word_1_61' title='bbox 711 1005 1002 1073; x_wconf 77' lang='grc' dir='ltr'>ῥημάτων;</span> <span class='ocrx_word' id='word_1_62' title='bbox 1036 1004 1092 1057; x_wconf 77' lang='grc' dir='ltr'>ἓν</span> <span class='ocrx_word' id='word_1_63' title='bbox 1115 1006 1266 1075; x_wconf 76' lang='grc' dir='ltr'>ῥῆμα</span> <span class='ocrx_word' id='word_1_64' title='bbox 1295 1007 1379 1060; x_wconf 84' lang='grc' dir='ltr'>ἵνα</span> <span class='ocrx_word' id='word_1_65' title='bbox 1403 1010 1708 1083; x_wconf 81' lang='grc' dir='ltr'>μεταϐάλῃ,</span> 
     </span>
    </p>
   </div>
   <div class='ocr_carea' id='block_1_11' title="bbox 167 1092 1711 1170">
    <p class='ocr_par' dir='ltr' id='par_1_11' title="bbox 167 1092 1711 1170">
     <span class='ocr_line' id='line_1_11' title="bbox 167 1092 1711 1170; baseline 0.01 -30"><span class='ocrx_word' id='word_1_66' title='bbox 167 1092 431 1161; x_wconf 81' lang='grc' dir='ltr'>προφήτης</span> <span class='ocrx_word' id='word_1_67' title='bbox 462 1093 594 1144; x_wconf 81' lang='grc' dir='ltr'>ποτὲ</span> <span class='ocrx_word' id='word_1_68' title='bbox 633 1093 1008 1147; x_wconf 78' lang='grc' dir='ltr'><strong>ἐκινδύνευσεν</strong></span> <span class='ocrx_word' id='word_1_69' title='bbox 1049 1097 1369 1153; x_wconf 78' lang='grc' dir='ltr'><strong>ἀπολέσθαι.</strong></span> <span class='ocrx_word' id='word_1_70' title='bbox 1406 1099 1517 1152; x_wconf 84' lang='lat' dir='ltr'><strong>Kal</strong></span> <span class='ocrx_word' id='word_1_71' title='bbox 1547 1099 1711 1170; x_wconf 83' lang='grc' dir='ltr'>βλέπε</span> 
     </span>
    </p>
   </div>
   <div class='ocr_carea' id='block_1_12' title="bbox 168 1185 1712 1263">
    <p class='ocr_par' dir='ltr' id='par_1_12' title="bbox 168 1185 1712 1263">
     <span class='ocr_line' id='line_1_12' title="bbox 168 1185 1712 1263; baseline 0.009 -31"><span class='ocrx_word' id='word_1_72' title='bbox 168 1185 392 1252; x_wconf 75' lang='grc' dir='ltr'><strong>ῥήματος</strong></span> <span class='ocrx_word' id='word_1_73' title='bbox 420 1185 618 1254; x_wconf 80' lang='grc' dir='ltr'><strong>μικροῦ</strong></span> <span class='ocrx_word' id='word_1_74' title='bbox 645 1186 1052 1258; x_wconf 87' lang='grc' dir='ltr'>ἀκριϐολογίαν.</span> <span class='ocrx_word' id='word_1_75' title='bbox 1080 1189 1159 1242; x_wconf 80' lang='grc' dir='ltr'>Τὰ</span> <span class='ocrx_word' id='word_1_76' title='bbox 1191 1192 1411 1260; x_wconf 78' lang='grc' dir='ltr'>ῥήματα</span> <span class='ocrx_word' id='word_1_77' title='bbox 1439 1191 1549 1244; x_wconf 82' lang='grc' dir='ltr'>τῶν</span> <span class='ocrx_word' id='word_1_78' title='bbox 1575 1209 1712 1263; x_wconf 81' lang='grc' dir='ltr'>προ-</span> 
     </span>
    </p>
   </div>
   <div class='ocr_carea' id='block_1_13' title="bbox 166 1273 1713 1353">
    <p class='ocr_par' dir='ltr' id='par_1_13' title="bbox 166 1273 1713 1353">
     <span class='ocr_line' id='line_1_13' title="bbox 166 1273 1713 1353; baseline 0.008 -30"><span class='ocrx_word' id='word_1_79' title='bbox 166 1273 332 1341; x_wconf 74' lang='grc' dir='ltr'><strong>φητῶν</strong></span> <span class='ocrx_word' id='word_1_80' title='bbox 364 1290 508 1337; x_wconf 85' lang='grc' dir='ltr'>τινες</span> <span class='ocrx_word' id='word_1_81' title='bbox 535 1277 764 1328; x_wconf 72' lang='grc' dir='ltr'>ἐκάλουν</span> <span class='ocrx_word' id='word_1_82' title='bbox 797 1278 900 1330; x_wconf 78' lang='grc' dir='ltr'>ὑπὸ</span> <span class='ocrx_word' id='word_1_83' title='bbox 955 1279 1212 1350; x_wconf 81' lang='grc' dir='ltr'><strong>ἀπειρίας</strong></span> <span class='ocrx_word' id='word_1_84' title='bbox 1243 1279 1448 1351; x_wconf 78' lang='grc' dir='ltr'>λῆμμα</span> <span class='ocrx_word' id='word_1_85' title='bbox 1473 1284 1713 1353; x_wconf 71' lang='grc' dir='ltr'>Κυρίου.</span> 
     </span>
    </p>
   </div>
   <div class='ocr_carea' id='block_1_14' title="bbox 167 1365 1718 1444">
    <p class='ocr_par' dir='ltr' id='par_1_14' title="bbox 167 1365 1718 1444">
     <span class='ocr_line' id='line_1_14' title="bbox 167 1365 1718 1444; baseline 0.009 -27"><span class='ocrx_word' id='word_1_86' title='bbox 167 1365 310 1434; x_wconf 86' lang='grc' dir='ltr'>Λέγει</span> <span class='ocrx_word' id='word_1_87' title='bbox 334 1367 360 1418; x_wconf 85' lang='grc' dir='ltr'><strong>ὁ</strong></span> <span class='ocrx_word' id='word_1_88' title='bbox 388 1367 520 1425; x_wconf 80' lang='grc' dir='ltr'>Θεὸς</span> <span class='ocrx_word' id='word_1_89' title='bbox 545 1369 634 1422; x_wconf 83' lang='grc' dir='ltr'><strong>διὰ</strong></span> <span class='ocrx_word' id='word_1_90' title='bbox 665 1370 910 1424; x_wconf 80' lang='grc' dir='ltr'><strong>Ἡσαΐου·</strong></span> <span class='ocrx_word' id='word_1_91' title='bbox 962 1375 1100 1426; x_wconf 80' lang='grc' dir='ltr'><em>Ἐὰν</em></span> <span class='ocrx_word' id='word_1_92' title='bbox 1121 1375 1391 1443; x_wconf 80' lang='grc' dir='ltr'><strong>ἐρωτήσῃ</strong></span> <span class='ocrx_word' id='word_1_93' title='bbox 1415 1391 1489 1429; x_wconf 82' lang='grc' dir='ltr'><strong>σε</strong></span> <span class='ocrx_word' id='word_1_94' title='bbox 1514 1380 1546 1430; x_wconf 88' lang='lat' dir='ltr'><strong>d</strong></span> <span class='ocrx_word' id='word_1_95' title='bbox 1567 1378 1718 1444; x_wconf 78' lang='grc' dir='ltr'>λαὸς</span> 
     </span>
    </p>
   </div>
   <div class='ocr_carea' id='block_1_15' title="bbox 169 1456 1718 1536">
    <p class='ocr_par' dir='ltr' id='par_1_15' title="bbox 169 1456 1718 1536">
     <span class='ocr_line' id='line_1_15' title="bbox 169 1456 1718 1536; baseline 0.01 -28"><span class='ocrx_word' id='word_1_96' title='bbox 169 1456 258 1524; x_wconf 77' lang='grc' dir='ltr'><em>ἢὸ</em></span> <span class='ocrx_word' id='word_1_97' title='bbox 303 1458 492 1525; x_wconf 75' lang='grc' dir='ltr'>ἱερεύς</span> <span class='ocrx_word' id='word_1_98' title='bbox 523 1459 560 1528; x_wconf 81' lang='grc' dir='ltr'><strong>ἦ</strong></span> <span class='ocrx_word' id='word_1_99' title='bbox 615 1463 647 1514; x_wconf 85' lang='grc' dir='ltr'><strong><em>ό</em></strong></span> <span class='ocrx_word' id='word_1_100' title='bbox 685 1463 1018 1532; x_wconf 59' lang='grc' dir='ltr'>προφήτης,</span> <span class='ocrx_word' id='word_1_101' title='bbox 1055 1469 1152 1519; x_wconf 82' lang='grc' dir='ltr'><strong>καὶ</strong></span> <span class='ocrx_word' id='word_1_102' title='bbox 1190 1467 1332 1536; x_wconf 78' lang='grc' dir='ltr'>εἴπῃ</span> <span class='ocrx_word' id='word_1_103' title='bbox 1358 1483 1457 1521; x_wconf 89' lang='grc' dir='ltr'>σοι</span> <span class='ocrx_word' id='word_1_104' title='bbox 1483 1485 1496 1499; x_wconf 66' lang='grc' dir='ltr'>α</span> <span class='ocrx_word' id='word_1_105' title='bbox 1533 1470 1594 1522; x_wconf 87' lang='grc' dir='ltr'>Τί</span> <span class='ocrx_word' id='word_1_106' title='bbox 1649 1470 1718 1524; x_wconf 80' lang='grc' dir='ltr'>τὸ</span> 
     </span>
    </p>
   </div>
   <div class='ocr_carea' id='block_1_16' title="bbox 170 1547 1721 1633">
    <p class='ocr_par' dir='ltr' id='par_1_16' title="bbox 170 1547 1721 1633">
     <span class='ocr_line' id='line_1_16' title="bbox 170 1547 1721 1633; baseline 0.009 -32"><span class='ocrx_word' id='word_1_107' title='bbox 170 1547 390 1617; x_wconf 79' lang='grc' dir='ltr'>.ῑῆμμα;</span> <span class='ocrx_word' id='word_1_108' title='bbox 422 1551 554 1604; x_wconf 76' lang='grc' dir='ltr'>εἰπὲ</span> <span class='ocrx_word' id='word_1_109' title='bbox 587 1553 793 1619; x_wconf 82' lang='grc' dir='ltr'>αὐτοῖς</span> <span class='ocrx_word' id='word_1_110' title='bbox 831 1554 921 1608; x_wconf 84' lang='grc' dir='ltr'>ὅτι</span> <span class='ocrx_word' id='word_1_111' title='bbox 968 1557 1034 1610; x_wconf 86' lang='grc' dir='ltr'>τὸ</span> <span class='ocrx_word' id='word_1_112' title='bbox 1059 1558 1267 1627; x_wconf 60' lang='grc' dir='ltr'>,λῖμμα</span> <span class='ocrx_word' id='word_1_113' title='bbox 1295 1563 1518 1629; x_wconf 82' lang='grc' dir='ltr'><strong>Κυρίου</strong></span> <span class='ocrx_word' id='word_1_114' title='bbox 1553 1566 1721 1633; x_wconf 78' lang='grc' dir='ltr'>ὑμεῖς</span> 
     </span>
    </p>
   </div>
   <div class='ocr_carea' id='block_1_17' title="bbox 169 1639 1722 1722">
    <p class='ocr_par' dir='ltr' id='par_1_17' title="bbox 169 1639 1722 1722">
     <span class='ocr_line' id='line_1_17' title="bbox 169 1639 1722 1722; baseline 0.011 -32"><span class='ocrx_word' id='word_1_115' title='bbox 169 1639 304 1693; x_wconf 82' lang='grc' dir='ltr'>ἐστέ.</span> <span class='ocrx_word' id='word_1_116' title='bbox 347 1641 633 1710; x_wconf 44' lang='lat' dir='ltr'><strong>Amicum</strong></span> <span class='ocrx_word' id='word_1_117' title='bbox 669 1647 778 1712; x_wconf 78' lang='grc' dir='ltr'>γὰρ</span> <span class='ocrx_word' id='word_1_118' title='bbox 827 1645 978 1713; x_wconf 82' lang='grc' dir='ltr'>ὑμᾶς</span> <span class='ocrx_word' id='word_1_119' title='bbox 1021 1647 1358 1722; x_wconf 73' lang='grc' dir='ltr'>[λῆμμαίί]</span> <span class='ocrx_word' id='word_1_120' title='bbox 1415 1654 1514 1706; x_wconf 75' lang='grc' dir='ltr'><strong>καὶ</strong></span> <span class='ocrx_word' id='word_1_121' title='bbox 1555 1656 1722 1721; x_wconf 78' lang='grc' dir='ltr'>ριίξω</span> 
     </span>
    </p>
   </div>
   <div class='ocr_carea' id='block_1_18' title="bbox 182 1729 1724 1816">
    <p class='ocr_par' dir='ltr' id='par_1_18' title="bbox 182 1729 1724 1816">
     <span class='ocr_line' id='line_1_18' title="bbox 182 1729 1724 1816; baseline 0.01 -34"><span class='ocrx_word' id='word_1_122' title='bbox 182 1729 332 1798; x_wconf 81' lang='grc' dir='ltr'>ὑμᾶς,</span> <span class='ocrx_word' id='word_1_123' title='bbox 376 1732 480 1785; x_wconf 83' lang='grc' dir='ltr'><strong>ἵνα</strong></span> <span class='ocrx_word' id='word_1_124' title='bbox 523 1733 611 1802; x_wconf 80' lang='grc' dir='ltr'>μὴ</span> <span class='ocrx_word' id='word_1_125' title='bbox 645 1735 862 1804; x_wconf 73' lang='grc' dir='ltr'>,λέγητε</span> <span class='ocrx_word' id='word_1_126' title='bbox 897 1737 1125 1809; x_wconf 81' lang='grc' dir='ltr'>λῆμμα.</span> <span class='ocrx_word' id='word_1_127' title='bbox 1167 1741 1262 1792; x_wconf 88' lang='grc' dir='ltr'><strong>Ἓν</strong></span> <span class='ocrx_word' id='word_1_128' title='bbox 1307 1742 1461 1811; x_wconf 80' lang='grc' dir='ltr'>ῥῆμα</span> <span class='ocrx_word' id='word_1_129' title='bbox 1514 1745 1599 1797; x_wconf 84' lang='grc' dir='ltr'>ἵνα</span> <span class='ocrx_word' id='word_1_130' title='bbox 1649 1748 1724 1816; x_wconf 81' lang='grc' dir='ltr'>μὴ</span> 
     </span>
    </p>
   </div>
   <div class='ocr_carea' id='block_1_19' title="bbox 186 1819 1727 1904">
    <p class='ocr_par' dir='ltr' id='par_1_19' title="bbox 186 1819 1727 1904">
     <span class='ocr_line' id='line_1_19' title="bbox 186 1819 1727 1904; baseline 0.014 -35"><span class='ocrx_word' id='word_1_131' title='bbox 186 1819 502 1891; x_wconf 73' lang='grc' dir='ltr'>μεταποιηθῇ</span> <span class='ocrx_word' id='word_1_132' title='bbox 525 1862 539 1886; x_wconf 93' lang='grc'>,</span> <span class='ocrx_word' id='word_1_133' title='bbox 571 1823 786 1878; x_wconf 85' lang='grc' dir='ltr'>ἀπειλεί</span> <span class='ocrx_word' id='word_1_134' title='bbox 815 1827 843 1878; x_wconf 89' lang='grc' dir='ltr'><em>ὁ</em></span> <span class='ocrx_word' id='word_1_135' title='bbox 871 1828 1001 1891; x_wconf 80' lang='grc' dir='ltr'><strong>Θεὸς</strong></span> <span class='ocrx_word' id='word_1_136' title='bbox 1020 1845 1034 1859; x_wconf 75' lang='grc' dir='ltr'><strong>ο</strong></span> <span class='ocrx_word' id='word_1_137' title='bbox 1085 1829 1180 1882; x_wconf 78' lang='grc' dir='ltr'>καὶ</span> <span class='ocrx_word' id='word_1_138' title='bbox 1223 1833 1288 1885; x_wconf 75' lang='grc' dir='ltr'>σὺ</span> <span class='ocrx_word' id='word_1_139' title='bbox 1322 1832 1614 1904; x_wconf 84' lang='grc' dir='ltr'>ὁλόκληρον</span> <span class='ocrx_word' id='word_1_140' title='bbox 1642 1838 1727 1890; x_wconf 90' lang='grc' dir='ltr'>δο-</span> 
     </span>
    </p>
   </div>
   <div class='ocr_carea' id='block_1_20' title="bbox 1812 636 3376 708">
    <p class='ocr_par' dir='ltr' id='par_1_20' title="bbox 1812 636 3376 708">
     <span class='ocr_line' id='line_1_20' title="bbox 1812 636 3376 708; baseline -0.002 -17"><span class='ocrx_word' id='word_1_141' title='bbox 1812 636 2074 708; x_wconf 82' lang='lat' dir='ltr'><strong>Spiritum</strong></span> <span class='ocrx_word' id='word_1_142' title='bbox 2113 648 2360 692; x_wconf 87' lang='lat' dir='ltr'><strong>sanctum</strong></span> <span class='ocrx_word' id='word_1_143' title='bbox 2389 637 2698 708; x_wconf 72' lang='lat' dir='ltr'><strong>baptizatus</strong></span> <span class='ocrx_word' id='word_1_144' title='bbox 2726 653 2808 704; x_wconf 87' lang='lat' dir='ltr'><strong>es,</strong></span> <span class='ocrx_word' id='word_1_145' title='bbox 2827 639 2954 708; x_wconf 90' lang='lat' dir='ltr'><strong>quid</strong></span> <span class='ocrx_word' id='word_1_146' title='bbox 2985 638 3128 692; x_wconf 91' lang='lat' dir='ltr'><strong>tollis</strong></span> <span class='ocrx_word' id='word_1_147' title='bbox 3157 637 3376 691; x_wconf 86' lang='lat' dir='ltr'><strong>nomina</strong></span> 
     </span>
    </p>
   </div>
   <div class='ocr_carea' id='block_1_21' title="bbox 1812 727 3378 801">
    <p class='ocr_par' dir='ltr' id='par_1_21' title="bbox 1812 727 3378 801">
     <span class='ocr_line' id='line_1_21' title="bbox 1812 727 3378 801; baseline -0.001 -19"><span class='ocrx_word' id='word_1_148' title='bbox 1812 729 2026 795; x_wconf 84' lang='lat' dir='ltr'><strong>viva,et</strong></span> <span class='ocrx_word' id='word_1_149' title='bbox 2058 729 2356 784; x_wconf 88' lang='lat' dir='ltr'><strong>introducis</strong></span> <span class='ocrx_word' id='word_1_150' title='bbox 2387 730 2607 783; x_wconf 91' lang='lat' dir='ltr'><strong>nomina</strong></span> <span class='ocrx_word' id='word_1_151' title='bbox 2636 731 3022 801; x_wconf 79' lang='lat' dir='ltr'><strong>cogitationum</strong></span> <span class='ocrx_word' id='word_1_152' title='bbox 3042 727 3378 791; x_wconf 88' lang='lat' dir='ltr'><strong>tuarum,di-</strong></span> 
     </span>
    </p>
   </div>
   <div class='ocr_carea' id='block_1_22' title="bbox 1814 821 3375 891">
    <p class='ocr_par' dir='ltr' id='par_1_22' title="bbox 1814 821 3375 891">
     <span class='ocr_line' id='line_1_22' title="bbox 1814 821 3375 891; baseline -0.004 -15"><span class='ocrx_word' id='word_1_153' title='bbox 1814 837 1942 876; x_wconf 86' lang='lat' dir='ltr'><strong>cens</strong></span> <span class='ocrx_word' id='word_1_154' title='bbox 1969 840 1980 875; x_wconf 94' lang='lat'>:</span> <span class='ocrx_word' id='word_1_155' title='bbox 2008 821 2332 891; x_wconf 84' lang='lat' dir='ltr'><strong>ingenitum,</strong></span> <span class='ocrx_word' id='word_1_156' title='bbox 2352 822 2615 891; x_wconf 81' lang='lat' dir='ltr'><strong>genitum,</strong></span> <span class='ocrx_word' id='word_1_157' title='bbox 2639 837 2850 890; x_wconf 89' lang='lat' dir='ltr'><strong>semper</strong></span> <span class='ocrx_word' id='word_1_158' title='bbox 2871 822 3163 882; x_wconf 80' lang='lat' dir='ltr'><strong>exsistens,</strong></span> <span class='ocrx_word' id='word_1_159' title='bbox 3185 829 3238 873; x_wconf 86' lang='lat' dir='ltr'><strong>et</strong></span> <span class='ocrx_word' id='word_1_160' title='bbox 3265 833 3375 870; x_wconf 93' lang='lat' dir='ltr'><strong>non</strong></span> 
     </span>
    </p>
   </div>
   <div class='ocr_carea' id='block_1_23' title="bbox 1815 907 3378 980">
    <p class='ocr_par' dir='ltr' id='par_1_23' title="bbox 1815 907 3378 980">
     <span class='ocr_line' id='line_1_23' title="bbox 1815 907 3378 980; baseline -0.003 -14"><span class='ocrx_word' id='word_1_161' title='bbox 1815 927 2028 980; x_wconf 82' lang='lat' dir='ltr'><strong>semper</strong></span> <span class='ocrx_word' id='word_1_162' title='bbox 2051 911 2332 966; x_wconf 87' lang='lat' dir='ltr'><strong>existens?</strong></span> <span class='ocrx_word' id='word_1_163' title='bbox 2362 911 2576 966; x_wconf 86' lang='lat' dir='ltr'><strong>Deusne</strong></span> <span class='ocrx_word' id='word_1_164' title='bbox 2606 913 2720 966; x_wconf 63' lang='lat' dir='ltr'><strong>haec</strong></span> <span class='ocrx_word' id='word_1_165' title='bbox 2745 913 2924 966; x_wconf 89' lang='lat' dir='ltr'><strong>inania</strong></span> <span class='ocrx_word' id='word_1_166' title='bbox 2965 911 3122 966; x_wconf 90' lang='lat' dir='ltr'><strong>verba</strong></span> <span class='ocrx_word' id='word_1_167' title='bbox 3155 907 3378 964; x_wconf 74' lang='lat' dir='ltr'><strong>toleret?</strong></span> 
     </span>
    </p>
   </div>
   <div class='ocr_carea' id='block_1_24' title="bbox 1817 1005 3381 1078">
    <p class='ocr_par' dir='ltr' id='par_1_24' title="bbox 1817 1005 3381 1078">
     <span class='ocr_line' id='line_1_24' title="bbox 1817 1005 3381 1078; baseline -0.003 -16"><span class='ocrx_word' id='word_1_168' title='bbox 1817 1006 1995 1062; x_wconf 91' lang='lat' dir='ltr'><strong>Unum</strong></span> <span class='ocrx_word' id='word_1_169' title='bbox 2030 1007 2249 1062; x_wconf 83' lang='lat' dir='ltr'><strong>verbum</strong></span> <span class='ocrx_word' id='word_1_170' title='bbox 2301 1017 2361 1061; x_wconf 94' lang='lat' dir='ltr'><strong>ut</strong></span> <span class='ocrx_word' id='word_1_171' title='bbox 2407 1017 2660 1074; x_wconf 89' lang='lat' dir='ltr'><strong>mutaret,</strong></span> <span class='ocrx_word' id='word_1_172' title='bbox 2694 1009 2961 1078; x_wconf 85' lang='lat' dir='ltr'><strong>propheta</strong></span> <span class='ocrx_word' id='word_1_173' title='bbox 3008 1008 3136 1061; x_wconf 92' lang='lat' dir='ltr'><strong>olim</strong></span> <span class='ocrx_word' id='word_1_174' title='bbox 3169 1007 3235 1060; x_wconf 88' lang='lat' dir='ltr'><strong>de</strong></span> <span class='ocrx_word' id='word_1_175' title='bbox 3272 1005 3381 1058; x_wconf 86' lang='lat' dir='ltr'><strong>vita</strong></span> 
     </span>
    </p>
   </div>
   <div class='ocr_carea' id='block_1_25' title="bbox 1819 1093 3382 1168">
    <p class='ocr_par' dir='ltr' id='par_1_25' title="bbox 1819 1093 3382 1168">
     <span class='ocr_line' id='line_1_25' title="bbox 1819 1093 3382 1168; baseline -0.002 -18"><span class='ocrx_word' id='word_1_176' title='bbox 1819 1096 2152 1167; x_wconf 83' lang='lat' dir='ltr'><strong>periclitatus</strong></span> <span class='ocrx_word' id='word_1_177' title='bbox 2201 1105 2303 1150; x_wconf 90' lang='lat' dir='ltr'><strong>est.</strong></span> <span class='ocrx_word' id='word_1_178' title='bbox 2356 1096 2421 1150; x_wconf 89' lang='lat' dir='ltr'><strong>Et</strong></span> <span class='ocrx_word' id='word_1_179' title='bbox 2472 1098 2593 1152; x_wconf 86' lang='lat' dir='ltr'><strong>vide</strong></span> <span class='ocrx_word' id='word_1_180' title='bbox 2640 1099 2942 1168; x_wconf 84' lang='lat' dir='ltr'><strong>emphasim</strong></span> <span class='ocrx_word' id='word_1_181' title='bbox 2979 1095 3162 1167; x_wconf 81' lang='lat' dir='ltr'><strong>exigui</strong></span> <span class='ocrx_word' id='word_1_182' title='bbox 3204 1093 3382 1149; x_wconf 84' lang='lat' dir='ltr'><strong>verbi.</strong></span> 
     </span>
    </p>
   </div>
   <div class='ocr_carea' id='block_1_26' title="bbox 1819 1187 3388 1258">
    <p class='ocr_par' dir='ltr' id='par_1_26' title="bbox 1819 1187 3388 1258">
     <span class='ocr_line' id='line_1_26' title="bbox 1819 1187 3388 1258; baseline -0.003 -17"><span class='ocrx_word' id='word_1_183' title='bbox 1819 1187 1995 1242; x_wconf 80' lang='lat' dir='ltr'><strong>Verba</strong></span> <span class='ocrx_word' id='word_1_184' title='bbox 2039 1187 2424 1257; x_wconf 88' lang='lat' dir='ltr'><strong>prophetarum</strong></span> <span class='ocrx_word' id='word_1_185' title='bbox 2465 1199 2732 1242; x_wconf 88' lang='lat' dir='ltr'><strong>vocarunt</strong></span> <span class='ocrx_word' id='word_1_186' title='bbox 2766 1189 2986 1258; x_wconf 90' lang='lat' dir='ltr'><strong>quidam</strong></span> <span class='ocrx_word' id='word_1_187' title='bbox 3012 1203 3105 1258; x_wconf 90' lang='lat' dir='ltr'><strong>per</strong></span> <span class='ocrx_word' id='word_1_188' title='bbox 3129 1188 3388 1256; x_wconf 85' lang='lat' dir='ltr'><strong>ignoran—</strong></span> 
     </span>
    </p>
   </div>
   <div class='ocr_carea' id='block_1_27' title="bbox 1822 1275 3388 1350">
    <p class='ocr_par' dir='ltr' id='par_1_27' title="bbox 1822 1275 3388 1350">
     <span class='ocr_line' id='line_1_27' title="bbox 1822 1275 3388 1350; baseline -0.002 -17"><span class='ocrx_word' id='word_1_189' title='bbox 1822 1279 1952 1334; x_wconf 88' lang='lat' dir='ltr'><strong>tiam</strong></span> <span class='ocrx_word' id='word_1_190' title='bbox 1981 1279 2197 1333; x_wconf 80' lang='lat' dir='ltr'><strong>Domini</strong></span> <span class='ocrx_word' id='word_1_191' title='bbox 2244 1296 2393 1334; x_wconf 83' lang='lat' dir='ltr'><strong>onus.</strong></span> <span class='ocrx_word' id='word_1_192' title='bbox 2435 1281 2573 1335; x_wconf 82' lang='lat' dir='ltr'><strong>Dicit</strong></span> <span class='ocrx_word' id='word_1_193' title='bbox 2606 1281 2865 1336; x_wconf 88' lang='lat' dir='ltr'><strong>Dominus</strong></span> <span class='ocrx_word' id='word_1_194' title='bbox 2895 1296 2990 1350; x_wconf 91' lang='lat' dir='ltr'><strong>per</strong></span> <span class='ocrx_word' id='word_1_195' title='bbox 3027 1279 3221 1334; x_wconf 88' lang='lat' dir='ltr'><strong>lsaiam</strong></span> <span class='ocrx_word' id='word_1_196' title='bbox 3263 1296 3278 1332; x_wconf 89' lang='lat'><strong>:</strong></span> <span class='ocrx_word' id='word_1_197' title='bbox 3328 1275 3388 1330; x_wconf 88' lang='lat' dir='ltr'><strong>Si</strong></span> 
     </span>
    </p>
   </div>
   <div class='ocr_carea' id='block_1_28' title="bbox 1823 1371 3389 1442">
    <p class='ocr_par' dir='ltr' id='par_1_28' title="bbox 1823 1371 3389 1442">
     <span class='ocr_line' id='line_1_28' title="bbox 1823 1371 3389 1442; baseline -0.001 -18"><span class='ocrx_word' id='word_1_198' title='bbox 1823 1372 1986 1441; x_wconf 90' lang='lat' dir='ltr'><strong>igitur</strong></span> <span class='ocrx_word' id='word_1_199' title='bbox 2017 1371 2413 1440; x_wconf 86' lang='lat' dir='ltr'><strong>interrogaverit</strong></span> <span class='ocrx_word' id='word_1_200' title='bbox 2462 1381 2509 1425; x_wconf 88' lang='lat' dir='ltr'><strong>te</strong></span> <span class='ocrx_word' id='word_1_201' title='bbox 2557 1372 2782 1442; x_wconf 85' lang='lat' dir='ltr'><strong>populus</strong></span> <span class='ocrx_word' id='word_1_202' title='bbox 2845 1374 2961 1438; x_wconf 88' lang='lat' dir='ltr'><strong>iste,</strong></span> <span class='ocrx_word' id='word_1_203' title='bbox 3003 1373 3081 1426; x_wconf 78' lang='lat' dir='ltr'><strong>vel</strong></span> <span class='ocrx_word' id='word_1_204' title='bbox 3133 1371 3389 1440; x_wconf 78' lang='lat' dir='ltr'><strong>propheta</strong></span> 
     </span>
    </p>
   </div>
   <div class='ocr_carea' id='block_1_29' title="bbox 1825 1461 3389 1526">
    <p class='ocr_par' dir='ltr' id='par_1_29' title="bbox 1825 1461 3389 1526">
     <span class='ocr_line' id='line_1_29' title="bbox 1825 1461 3389 1526; baseline 0 -13"><span class='ocrx_word' id='word_1_205' title='bbox 1825 1470 1917 1514; x_wconf 85' lang='lat' dir='ltr'><strong>aut</strong></span> <span class='ocrx_word' id='word_1_206' title='bbox 1955 1463 2199 1514; x_wconf 78' lang='lat' dir='ltr'><strong>sacerdos</strong></span> <span class='ocrx_word' id='word_1_207' title='bbox 2233 1463 2408 1516; x_wconf 87' lang='lat' dir='ltr'><strong>dicens</strong></span> <span class='ocrx_word' id='word_1_208' title='bbox 2438 1479 2451 1515; x_wconf 93' lang='lat'>:</span> <span class='ocrx_word' id='word_1_209' title='bbox 2477 1462 2627 1526; x_wconf 79' lang='lat' dir='ltr'><strong>Quod</strong></span> <span class='ocrx_word' id='word_1_210' title='bbox 2656 1474 2732 1517; x_wconf 88' lang='lat' dir='ltr'><strong>est</strong></span> <span class='ocrx_word' id='word_1_211' title='bbox 2768 1481 2897 1518; x_wconf 88' lang='lat' dir='ltr'><strong>onus</strong></span> <span class='ocrx_word' id='word_1_212' title='bbox 2946 1464 3159 1518; x_wconf 80' lang='lat' dir='ltr'><strong>Domini</strong></span> <span class='ocrx_word' id='word_1_213' title='bbox 3204 1464 3229 1516; x_wconf 82' lang='lat'><strong><em>?</em></strong></span> <span class='ocrx_word' id='word_1_214' title='bbox 3250 1461 3389 1514; x_wconf 84' lang='lat' dir='ltr'><strong>dices</strong></span> 
     </span>
    </p>
   </div>
   <div class='ocr_carea' id='block_1_30' title="bbox 1828 1547 3388 1620">
    <p class='ocr_par' dir='ltr' id='par_1_30' title="bbox 1828 1547 3388 1620">
     <span class='ocr_line' id='line_1_30' title="bbox 1828 1547 3388 1620; baseline 0.001 -19"><span class='ocrx_word' id='word_1_215' title='bbox 1828 1549 1899 1601; x_wconf 86' lang='lat' dir='ltr'><strong>ad</strong></span> <span class='ocrx_word' id='word_1_216' title='bbox 1926 1565 2013 1602; x_wconf 88' lang='lat' dir='ltr'><strong>eos</strong></span> <span class='ocrx_word' id='word_1_217' title='bbox 2045 1548 2229 1612; x_wconf 85' lang='lat' dir='ltr'><strong>:Quia</strong></span> <span class='ocrx_word' id='word_1_218' title='bbox 2279 1565 2367 1602; x_wconf 86' lang='lat' dir='ltr'><strong>vos</strong></span> <span class='ocrx_word' id='word_1_219' title='bbox 2390 1548 2604 1602; x_wconf 82' lang='lat' dir='ltr'><strong>Domini</strong></span> <span class='ocrx_word' id='word_1_220' title='bbox 2652 1567 2781 1603; x_wconf 86' lang='lat' dir='ltr'><strong>onus</strong></span> <span class='ocrx_word' id='word_1_221' title='bbox 2807 1551 3002 1620; x_wconf 79' lang='lat' dir='ltr'><strong>522a</strong></span> <span class='ocrx_word' id='word_1_222' title='bbox 3033 1552 3179 1605; x_wconf 88' lang='lat' dir='ltr'><strong>estis.</strong></span> <span class='ocrx_word' id='word_1_223' title='bbox 3210 1547 3388 1618; x_wconf 85' lang='lat' dir='ltr'><strong>Proji-</strong></span> 
     </span>
    </p>
   </div>
   <div class='ocr_carea' id='block_1_31' title="bbox 1827 1641 3390 1711">
    <p class='ocr_par' dir='ltr' id='par_1_31' title="bbox 1827 1641 3390 1711">
     <span class='ocr_line' id='line_1_31' title="bbox 1827 1641 3390 1711; baseline -0.001 -17"><span class='ocrx_word' id='word_1_224' title='bbox 1827 1642 1966 1695; x_wconf 85' lang='lat' dir='ltr'><strong>ciam</strong></span> <span class='ocrx_word' id='word_1_225' title='bbox 1996 1641 2182 1710; x_wconf 83' lang='lat' dir='ltr'><strong>quippe</strong></span> <span class='ocrx_word' id='word_1_226' title='bbox 2240 1656 2346 1706; x_wconf 82' lang='lat' dir='ltr'><strong>vos,</strong></span> <span class='ocrx_word' id='word_1_227' title='bbox 2395 1650 2444 1694; x_wconf 85' lang='lat' dir='ltr'><strong>et</strong></span> <span class='ocrx_word' id='word_1_228' title='bbox 2497 1642 2810 1711; x_wconf 84' lang='lat' dir='ltr'><strong>relinquam,</strong></span> <span class='ocrx_word' id='word_1_229' title='bbox 2852 1661 2916 1696; x_wconf 85' lang='lat' dir='ltr'><strong>ne</strong></span> <span class='ocrx_word' id='word_1_230' title='bbox 2964 1644 3155 1696; x_wconf 80' lang='lat' dir='ltr'><strong>dicatis</strong></span> <span class='ocrx_word' id='word_1_231' title='bbox 3203 1655 3390 1696; x_wconf 67' lang='lat' dir='ltr'><strong>onusl.</strong></span> 
     </span>
    </p>
   </div>
   <div class='ocr_carea' id='block_1_32' title="bbox 1831 1729 3393 1800">
    <p class='ocr_par' dir='ltr' id='par_1_32' title="bbox 1831 1729 3393 1800">
     <span class='ocr_line' id='line_1_32' title="bbox 1831 1729 3393 1800; baseline 0.001 -14"><span class='ocrx_word' id='word_1_232' title='bbox 1831 1729 2008 1786; x_wconf 90' lang='lat' dir='ltr'><strong>Unum</strong></span> <span class='ocrx_word' id='word_1_233' title='bbox 2061 1734 2282 1787; x_wconf 81' lang='lat' dir='ltr'><strong>verbum</strong></span> <span class='ocrx_word' id='word_1_234' title='bbox 2323 1750 2390 1788; x_wconf 88' lang='lat' dir='ltr'><strong>ne</strong></span> <span class='ocrx_word' id='word_1_235' title='bbox 2442 1744 2701 1800; x_wconf 84' lang='lat' dir='ltr'><strong>mutetur,</strong></span> <span class='ocrx_word' id='word_1_236' title='bbox 2747 1737 2984 1789; x_wconf 86' lang='lat' dir='ltr'><strong>minatur</strong></span> <span class='ocrx_word' id='word_1_237' title='bbox 3043 1735 3304 1790; x_wconf 81' lang='lat' dir='ltr'><strong>Deuszct</strong></span> <span class='ocrx_word' id='word_1_238' title='bbox 3336 1743 3393 1788; x_wconf 92' lang='lat' dir='ltr'><strong>tu</strong></span> 
     </span>
    </p>
   </div>
   <div class='ocr_carea' id='block_1_33' title="bbox 1833 1825 3392 1889">
    <p class='ocr_par' dir='ltr' id='par_1_33' title="bbox 1833 1825 3392 1889">
     <span class='ocr_line' id='line_1_33' title="bbox 1833 1825 3392 1889; baseline 0.003 -14"><span class='ocrx_word' id='word_1_239' title='bbox 1833 1833 1998 1878; x_wconf 91' lang='lat' dir='ltr'><strong>totam</strong></span> <span class='ocrx_word' id='word_1_240' title='bbox 2032 1825 2332 1878; x_wconf 87' lang='lat' dir='ltr'><strong>doctrinam</strong></span> <span class='ocrx_word' id='word_1_241' title='bbox 2369 1834 2730 1889; x_wconf 80' lang='lat' dir='ltr'><strong>commutatis,</strong></span> <span class='ocrx_word' id='word_1_242' title='bbox 2762 1836 2922 1882; x_wconf 76' lang='lat' dir='ltr'><strong>nutas</strong></span> <span class='ocrx_word' id='word_1_243' title='bbox 2957 1835 3006 1880; x_wconf 87' lang='lat' dir='ltr'><strong>te</strong></span> <span class='ocrx_word' id='word_1_244' title='bbox 3043 1841 3239 1882; x_wconf 91' lang='lat' dir='ltr'><strong>manus</strong></span> <span class='ocrx_word' id='word_1_245' title='bbox 3284 1825 3392 1879; x_wconf 89' lang='lat' dir='ltr'><strong>Do-</strong></span> 
     </span>
    </p>
   </div>
   <div class='ocr_carea' id='block_1_34' title="bbox 185 1911 1736 1998">
    <p class='ocr_par' dir='ltr' id='par_1_34' title="bbox 185 1911 1726 1998">
     <span class='ocr_line' id='line_1_34' title="bbox 185 1911 1726 1998; baseline 0.015 -38"><span class='ocrx_word' id='word_1_246' title='bbox 185 1911 379 1979; x_wconf 78' lang='grc' dir='ltr'>γμὰτων</span> <span class='ocrx_word' id='word_1_247' title='bbox 431 1913 719 1984; x_wconf 84' lang='grc' dir='ltr'>ἀκρίϐειαν</span> <span class='ocrx_word' id='word_1_248' title='bbox 778 1918 1116 1990; x_wconf 77' lang='grc' dir='ltr'><strong>διαστρέφων</strong></span> <span class='ocrx_word' id='word_1_249' title='bbox 1161 1924 1403 1994; x_wconf 79' lang='grc' dir='ltr'><strong>νομίζεις</strong></span> <span class='ocrx_word' id='word_1_250' title='bbox 1444 1928 1726 1998; x_wconf 79' lang='grc' dir='ltr'>διαφυγεῖν</span> 
     </span>
    </p>
   </div>
   <div class='ocr_carea' id='block_1_35' title="bbox 1839 1911 2380 1998">
    <p class='ocr_par' dir='ltr' id='par_1_35' title="bbox 1839 1915 2380 1986">
     <span class='ocr_line' id='line_1_35' title="bbox 1839 1915 2380 1986; baseline 0 -18"><span class='ocrx_word' id='word_1_251' title='bbox 1839 1915 1960 1969; x_wconf 87' lang='lat' dir='ltr'><strong>mini</strong></span> <span class='ocrx_word' id='word_1_252' title='bbox 2000 1915 2380 1986; x_wconf 66' lang='lat' dir='ltr'><strong>ell‘ugiturum?</strong></span> 
     </span>
    </p>
   </div>
   <div class='ocr_carea' id='block_1_36' title="bbox 181 2002 802 2077">
    <p class='ocr_par' dir='ltr' id='par_1_36' title="bbox 181 2002 802 2077">
     <span class='ocr_line' id='line_1_36' title="bbox 181 2002 802 2077; baseline 0.019 -26"><span class='ocrx_word' id='word_1_253' title='bbox 181 2003 257 2064; x_wconf 63' lang='lat' dir='ltr'><strong>si;</strong></span> <span class='ocrx_word' id='word_1_254' title='bbox 281 2002 368 2055; x_wconf 83' lang='grc' dir='ltr'><strong>τοῦ</strong></span> <span class='ocrx_word' id='word_1_255' title='bbox 400 2003 542 2056; x_wconf 86' lang='grc' dir='ltr'>Θεοῦ</span> <span class='ocrx_word' id='word_1_256' title='bbox 563 2008 764 2077; x_wconf 86' lang='grc' dir='ltr'>,χεῖρας</span> <span class='ocrx_word' id='word_1_257' title='bbox 787 2024 802 2073; x_wconf 91' lang='grc'>;</span> 
     </span>
    </p>
   </div>
   <div class='ocr_carea' id='block_1_37' title="bbox 200 2136 1728 2258">
    <p class='ocr_par' dir='ltr' id='par_1_37' title="bbox 200 2136 1728 2258">
     <span class='ocr_line' id='line_1_37' title="bbox 200 2136 1728 2234; baseline 0.006 -45"><span class='ocrx_word' id='word_1_258' title='bbox 200 2136 276 2189; x_wconf 77' lang='grc' dir='ltr'><strong>Ἐκ</strong></span> <span class='ocrx_word' id='word_1_259' title='bbox 298 2139 395 2225; x_wconf 56' lang='lat' dir='ltr'><strong>(of)</strong></span> <span class='ocrx_word' id='word_1_260' title='bbox 426 2143 520 2204; x_wconf 78' lang='grc' dir='ltr'>εἰς</span> <span class='ocrx_word' id='word_1_261' title='bbox 545 2141 633 2205; x_wconf 82' lang='grc' dir='ltr'><strong>τὸ,</strong></span> <span class='ocrx_word' id='word_1_262' title='bbox 671 2161 691 2193; x_wconf 74' lang='grc' dir='ltr'><strong>ι</strong></span> <span class='ocrx_word' id='word_1_263' title='bbox 737 2144 925 2212; x_wconf 76' lang='grc' dir='ltr'>Ἀρκεῖ</span> <span class='ocrx_word' id='word_1_264' title='bbox 941 2161 1040 2200; x_wconf 85' lang='grc' dir='ltr'><strong>σοι</strong></span> <span class='ocrx_word' id='word_1_265' title='bbox 1073 2151 1110 2217; x_wconf 76' lang='grc' dir='ltr'>ἡ</span> <span class='ocrx_word' id='word_1_266' title='bbox 1141 2149 1314 2218; x_wconf 82' lang='grc' dir='ltr'>χάρις</span> <span class='ocrx_word' id='word_1_267' title='bbox 1351 2171 1472 2234; x_wconf 67' lang='grc' dir='ltr'><strong>μου</strong></span> <span class='ocrx_word' id='word_1_268' title='bbox 1493 2169 1507 2184; x_wconf 82' lang='grc' dir='ltr'><strong><em>ο</em></strong></span> <span class='ocrx_word' id='word_1_269' title='bbox 1538 2155 1577 2223; x_wconf 64' lang='grc' dir='ltr'><strong><em>ἡ</em></strong></span> <span class='ocrx_word' id='word_1_270' title='bbox 1617 2156 1728 2226; x_wconf 72' lang='grc' dir='ltr'><strong>γάρ</strong></span> 
     </span>
     <span class='ocr_line' id='line_1_38' title="bbox 307 2207 1556 2258; baseline 0 0"><span class='ocrx_word' id='word_1_271' title='bbox 307 2207 558 2258; x_wconf 73' lang='grc' dir='ltr'>δυναηίρ</span> <span class='ocrx_word' id='word_1_272' title='bbox 597 2229 710 2258; x_wconf 79' lang='lat' dir='ltr'><strong>um)</strong></span> <span class='ocrx_word' id='word_1_273' title='bbox 740 2215 809 2258; x_wconf 77' lang='grc' dir='ltr'><strong>ἐν</strong></span> <span class='ocrx_word' id='word_1_274' title='bbox 831 2216 1114 2258; x_wconf 64' lang='grc' dir='ltr'><strong>ἠιτΗιξινρΙη</strong></span> <span class='ocrx_word' id='word_1_275' title='bbox 1151 2237 1213 2258; x_wconf 68' lang='grc' dir='ltr'><strong>το</strong></span> <span class='ocrx_word' id='word_1_276' title='bbox 1230 2223 1476 2258; x_wconf 62' lang='grc' dir='ltr'><strong>Ιριηηνγη,</strong></span> <span class='ocrx_word' id='word_1_277' title='bbox 1537 2244 1556 2258; x_wconf 80' lang='grc'>.</span> 
     </span>
    </p>
   </div>
   <div class='ocr_carea' id='block_1_38' title="bbox 339 2211 1556 2286">
    <p class='ocr_par' dir='ltr' id='par_1_38' title="bbox 339 2211 1556 2286">
     <span class='ocr_line' id='line_1_39' title="bbox 339 2211 1556 2286; baseline 0.013 -26"><span class='ocrx_word' id='word_1_278' title='bbox 339 2211 558 2278; x_wconf 80' lang='grc' dir='ltr'>ὐναμίς</span> <span class='ocrx_word' id='word_1_279' title='bbox 589 2229 710 2280; x_wconf 79' lang='grc' dir='ltr'><strong>μου</strong></span> <span class='ocrx_word' id='word_1_280' title='bbox 740 2211 809 2267; x_wconf 56' lang='grc' dir='ltr'><strong>ἐν</strong></span> <span class='ocrx_word' id='word_1_281' title='bbox 831 2211 1117 2286; x_wconf 71' lang='grc' dir='ltr'><strong>ἀσθενείᾴ</strong></span> <span class='ocrx_word' id='word_1_282' title='bbox 1141 2211 1500 2279; x_wconf 59' lang='grc' dir='ltr'>ἷεᾶεἱοῧται.</span> <span class='ocrx_word' id='word_1_283' title='bbox 1537 2244 1556 2276; x_wconf 77' lang='grc' dir='ltr'><strong>ι</strong></span> 
     </span>
    </p>
   </div>
   <div class='ocr_carea' id='block_1_39' title="bbox 253 2298 1731 2386">
    <p class='ocr_par' dir='ltr' id='par_1_39' title="bbox 253 2298 1731 2386">
     <span class='ocr_line' id='line_1_40' title="bbox 253 2298 1731 2386; baseline 0.015 -36"><span class='ocrx_word' id='word_1_284' title='bbox 253 2299 354 2352; x_wconf 79' lang='grc' dir='ltr'><strong>ὐτι</strong></span> <span class='ocrx_word' id='word_1_285' title='bbox 383 2298 514 2372; x_wconf 80' lang='grc' dir='ltr'>ἦλθε</span> <span class='ocrx_word' id='word_1_286' title='bbox 544 2307 788 2378; x_wconf 78' lang='grc' dir='ltr'><strong>(φησὶ¹²)</strong></span> <span class='ocrx_word' id='word_1_287' title='bbox 839 2309 990 2380; x_wconf 75' lang='grc' dir='ltr'>παρὰ</span> <span class='ocrx_word' id='word_1_288' title='bbox 1039 2311 1132 2363; x_wconf 88' lang='grc' dir='ltr'><strong>τοῦ</strong></span> <span class='ocrx_word' id='word_1_289' title='bbox 1178 2314 1390 2384; x_wconf 83' lang='grc' dir='ltr'>Πατρὸς</span> <span class='ocrx_word' id='word_1_290' title='bbox 1431 2317 1461 2368; x_wconf 83' lang='grc' dir='ltr'>ὁ</span> <span class='ocrx_word' id='word_1_291' title='bbox 1496 2317 1731 2386; x_wconf 84' lang='grc' dir='ltr'>Χριστὸς</span> 
     </span>
    </p>
   </div>
   <div class='ocr_carea' id='block_1_40' title="bbox 209 2391 1736 2482">
    <p class='ocr_par' dir='ltr' id='par_1_40' title="bbox 209 2391 1736 2482">
     <span class='ocr_line' id='line_1_41' title="bbox 209 2391 1736 2482; baseline 0.021 -41"><span class='ocrx_word' id='word_1_292' title='bbox 349 2397 459 2457; x_wconf 69' lang='grc' dir='ltr'>τοὺς</span> <span class='ocrx_word' id='word_1_293' title='bbox 497 2397 824 2468; x_wconf 81' lang='grc' dir='ltr'>ἀνθρώπους</span> <span class='ocrx_word' id='word_1_294' title='bbox 850 2404 1230 2478; x_wconf 81' lang='grc' dir='ltr'>πρεσϐευτής·</span> <span class='ocrx_word' id='word_1_295' title='bbox 1275 2408 1492 2480; x_wconf 83' lang='grc' dir='ltr'><strong>ἐσφάγη</strong></span> <span class='ocrx_word' id='word_1_296' title='bbox 1537 2412 1566 2463; x_wconf 84' lang='grc' dir='ltr'>ὁ</span> <span class='ocrx_word' id='word_1_297' title='bbox 1603 2428 1736 2482; x_wconf 84' lang='grc' dir='ltr'>πρε-</span> 
     </span>
    </p>
   </div>
   <div class='ocr_carea' id='block_1_41' title="bbox 211 2481 1736 2570">
    <p class='ocr_par' dir='ltr' id='par_1_41' title="bbox 211 2481 1736 2570">
     <span class='ocr_line' id='line_1_42' title="bbox 211 2481 1736 2570; baseline 0.014 -38"><span class='ocrx_word' id='word_1_298' title='bbox 211 2481 427 2554; x_wconf 68' lang='grc' dir='ltr'>σϐευτήςι</span> <span class='ocrx_word' id='word_1_299' title='bbox 455 2489 556 2539; x_wconf 83' lang='grc' dir='ltr'><strong>καὶ</strong></span> <span class='ocrx_word' id='word_1_300' title='bbox 597 2489 718 2542; x_wconf 86' lang='grc' dir='ltr'>τότε</span> <span class='ocrx_word' id='word_1_301' title='bbox 771 2491 994 2559; x_wconf 87' lang='grc' dir='ltr'>γέγονεν</span> <span class='ocrx_word' id='word_1_302' title='bbox 1024 2495 1058 2564; x_wconf 78' lang='grc' dir='ltr'><strong>ἡ</strong></span> <span class='ocrx_word' id='word_1_303' title='bbox 1085 2496 1304 2567; x_wconf 77' lang='grc' dir='ltr'>εἰρήνη.</span> <span class='ocrx_word' id='word_1_304' title='bbox 1343 2497 1484 2552; x_wconf 87' lang='grc' dir='ltr'>Ἀλλ’</span> <span class='ocrx_word' id='word_1_305' title='bbox 1511 2500 1560 2552; x_wconf 82' lang='grc' dir='ltr'><strong>οἱ</strong></span> <span class='ocrx_word' id='word_1_306' title='bbox 1601 2481 1736 2570; x_wconf 89' lang='grc' dir='ltr'>πρέ-</span> 
     </span>
    </p>
   </div>
   <div class='ocr_carea' id='block_1_42' title="bbox 209 2572 1733 2664">
    <p class='ocr_par' dir='ltr' id='par_1_42' title="bbox 209 2572 1733 2664">
     <span class='ocr_line' id='line_1_43' title="bbox 209 2572 1733 2664; baseline 0.014 -39"><span class='ocrx_word' id='word_1_307' title='bbox 209 2572 322 2664; x_wconf 66' lang='grc' dir='ltr'>οὗεις</span> <span class='ocrx_word' id='word_1_308' title='bbox 360 2579 649 2648; x_wconf 82' lang='grc' dir='ltr'>ἐρχόμενοι</span> <span class='ocrx_word' id='word_1_309' title='bbox 683 2584 777 2634; x_wconf 76' lang='grc' dir='ltr'><strong>καὶ</strong></span> <span class='ocrx_word' id='word_1_310' title='bbox 817 2583 966 2655; x_wconf 85' lang='grc' dir='ltr'>δῶρα</span> <span class='ocrx_word' id='word_1_311' title='bbox 1001 2586 1226 2656; x_wconf 84' lang='grc' dir='ltr'>φέρουσι</span> <span class='ocrx_word' id='word_1_312' title='bbox 1261 2590 1356 2643; x_wconf 80' lang='grc' dir='ltr'><strong>καὶ</strong></span> <span class='ocrx_word' id='word_1_313' title='bbox 1401 2590 1552 2662; x_wconf 84' lang='grc' dir='ltr'>δῶρα</span> <span class='ocrx_word' id='word_1_314' title='bbox 1591 2593 1733 2664; x_wconf 89' lang='grc' dir='ltr'>λαμ-</span> 
     </span>
    </p>
   </div>
   <div class='ocr_carea' id='block_1_43' title="bbox 203 2663 1736 2751">
    <p class='ocr_par' dir='ltr' id='par_1_43' title="bbox 203 2663 1736 2751">
     <span class='ocr_line' id='line_1_44' title="bbox 203 2663 1736 2751; baseline 0.014 -35"><span class='ocrx_word' id='word_1_315' title='bbox 203 2663 403 2722; x_wconf 76' lang='grc' dir='ltr'>ϐάνουσι.</span> <span class='ocrx_word' id='word_1_316' title='bbox 431 2672 593 2724; x_wconf 86' lang='grc' dir='ltr'>Ποῖον</span> <span class='ocrx_word' id='word_1_317' title='bbox 621 2668 713 2726; x_wconf 81' lang='grc' dir='ltr'><strong>οὖν</strong></span> <span class='ocrx_word' id='word_1_318' title='bbox 741 2669 844 2746; x_wconf 81' lang='grc' dir='ltr'><strong>ἧκε</strong></span> <span class='ocrx_word' id='word_1_319' title='bbox 871 2678 1054 2745; x_wconf 80' lang='grc' dir='ltr'>φέρων</span> <span class='ocrx_word' id='word_1_320' title='bbox 1079 2678 1271 2751; x_wconf 83' lang='grc' dir='ltr'>δῶρον,</span> <span class='ocrx_word' id='word_1_321' title='bbox 1302 2681 1398 2734; x_wconf 81' lang='grc' dir='ltr'><strong>καὶ</strong></span> <span class='ocrx_word' id='word_1_322' title='bbox 1429 2685 1581 2736; x_wconf 87' lang='grc' dir='ltr'>ποῖον</span> <span class='ocrx_word' id='word_1_323' title='bbox 1605 2663 1736 2738; x_wconf 85' lang='grc' dir='ltr'>ἀντ-</span> 
     </span>
    </p>
   </div>
   <div class='ocr_carea' id='block_1_44' title="bbox 194 2758 1735 2847">
    <p class='ocr_par' dir='ltr' id='par_1_44' title="bbox 194 2758 1735 2847">
     <span class='ocr_line' id='line_1_45' title="bbox 194 2758 1735 2847; baseline 0.019 -39"><span class='ocrx_word' id='word_1_324' title='bbox 194 2758 345 2825; x_wconf 73' lang='grc' dir='ltr'>έλα6ε;</span> <span class='ocrx_word' id='word_1_325' title='bbox 388 2765 697 2834; x_wconf 75' lang='grc' dir='ltr'>παράδοξον</span> <span class='ocrx_word' id='word_1_326' title='bbox 725 2769 786 2821; x_wconf 86' lang='grc' dir='ltr'>τὸ</span> <span class='ocrx_word' id='word_1_327' title='bbox 828 2770 1023 2842; x_wconf 80' lang='grc' dir='ltr'>δῶρον,</span> <span class='ocrx_word' id='word_1_328' title='bbox 1067 2772 1142 2836; x_wconf 84' lang='grc' dir='ltr'>ὡς</span> <span class='ocrx_word' id='word_1_329' title='bbox 1180 2775 1274 2827; x_wconf 82' lang='grc' dir='ltr'><strong>καὶ</strong></span> <span class='ocrx_word' id='word_1_330' title='bbox 1323 2778 1353 2828; x_wconf 84' lang='grc' dir='ltr'>ὁ</span> <span class='ocrx_word' id='word_1_331' title='bbox 1394 2776 1735 2847; x_wconf 83' lang='grc' dir='ltr'>πρεσϐευτὴς</span> 
     </span>
    </p>
   </div>
   <div class='ocr_carea' id='block_1_45' title="bbox 197 2853 1736 2938">
    <p class='ocr_par' dir='ltr' id='par_1_45' title="bbox 197 2853 1736 2938">
     <span class='ocr_line' id='line_1_46' title="bbox 197 2853 1736 2938; baseline 0.017 -38"><span class='ocrx_word' id='word_1_332' title='bbox 197 2853 490 2923; x_wconf 70' lang='grc' dir='ltr'>παράδοξος.</span> <span class='ocrx_word' id='word_1_333' title='bbox 540 2858 614 2911; x_wconf 86' lang='grc' dir='ltr'>Τὸ</span> <span class='ocrx_word' id='word_1_334' title='bbox 643 2855 784 2930; x_wconf 74' lang='grc' dir='ltr'>αἷμα</span> <span class='ocrx_word' id='word_1_335' title='bbox 815 2863 982 2918; x_wconf 85' lang='grc' dir='ltr'>αὑτοῦ</span> <span class='ocrx_word' id='word_1_336' title='bbox 1031 2865 1214 2936; x_wconf 78' lang='grc' dir='ltr'>φέρων</span> <span class='ocrx_word' id='word_1_337' title='bbox 1264 2863 1396 2938; x_wconf 78' lang='grc' dir='ltr'><strong>ἦλθε</strong></span> <span class='ocrx_word' id='word_1_338' title='bbox 1447 2869 1640 2938; x_wconf 87' lang='grc' dir='ltr'>δῶρον,</span> <span class='ocrx_word' id='word_1_339' title='bbox 1671 2871 1736 2923; x_wconf 86' lang='grc' dir='ltr'>τὸ</span> 
     </span>
    </p>
   </div>
   <div class='ocr_carea' id='block_1_46' title="bbox 198 2944 1736 3032">
    <p class='ocr_par' dir='ltr' id='par_1_46' title="bbox 198 2944 1736 3032">
     <span class='ocr_line' id='line_1_47' title="bbox 198 2944 1736 3032; baseline 0.012 -37"><span class='ocrx_word' id='word_1_340' title='bbox 198 2944 319 3014; x_wconf 70' lang='grc' dir='ltr'>σῶμα</span> <span class='ocrx_word' id='word_1_341' title='bbox 343 2949 521 3002; x_wconf 84' lang='grc' dir='ltr'>αὐτοῦ</span> <span class='ocrx_word' id='word_1_342' title='bbox 554 2951 737 3022; x_wconf 85' lang='grc' dir='ltr'>φέρων</span> <span class='ocrx_word' id='word_1_343' title='bbox 777 2951 907 3024; x_wconf 83' lang='grc' dir='ltr'>ἦλθε</span> <span class='ocrx_word' id='word_1_344' title='bbox 957 2957 1152 3028; x_wconf 82' lang='grc' dir='ltr'>δῶρον.</span> <span class='ocrx_word' id='word_1_345' title='bbox 1189 2961 1301 3014; x_wconf 81' lang='grc' dir='ltr'>Καὶ</span> <span class='ocrx_word' id='word_1_346' title='bbox 1332 2962 1386 3013; x_wconf 86' lang='grc' dir='ltr'><strong>τί</strong></span> <span class='ocrx_word' id='word_1_347' title='bbox 1419 2963 1548 3032; x_wconf 88' lang='grc' dir='ltr'>παρ’</span> <span class='ocrx_word' id='word_1_348' title='bbox 1597 2961 1736 3032; x_wconf 81' lang='grc' dir='ltr'>ἐμοῦ</span> 
     </span>
    </p>
   </div>
   <div class='ocr_carea' id='block_1_47' title="bbox 194 3035 1739 3126">
    <p class='ocr_par' dir='ltr' id='par_1_47' title="bbox 194 3035 1739 3126">
     <span class='ocr_line' id='line_1_48' title="bbox 194 3035 1739 3126; baseline 0.013 -38"><span class='ocrx_word' id='word_1_349' title='bbox 194 3035 316 3126; x_wconf 63' lang='grc' dir='ltr'>ἔλαϐε</span> <span class='ocrx_word' id='word_1_350' title='bbox 346 3040 570 3111; x_wconf 77' lang='grc' dir='ltr'>δῶρονς</span> <span class='ocrx_word' id='word_1_351' title='bbox 605 3045 809 3099; x_wconf 84' lang='grc' dir='ltr'>πίστιν.</span> <span class='ocrx_word' id='word_1_352' title='bbox 842 3047 951 3099; x_wconf 85' lang='lat' dir='ltr'><strong>Kal</strong></span> <span class='ocrx_word' id='word_1_353' title='bbox 997 3048 1050 3100; x_wconf 84' lang='grc' dir='ltr'><strong>τί</strong></span> <span class='ocrx_word' id='word_1_354' title='bbox 1103 3051 1219 3104; x_wconf 79' lang='grc' dir='ltr'><strong>ἀντ’</strong></span> <span class='ocrx_word' id='word_1_355' title='bbox 1265 3053 1435 3122; x_wconf 78' lang='grc' dir='ltr'>αὐτῆς</span> <span class='ocrx_word' id='word_1_356' title='bbox 1471 3071 1560 3124; x_wconf 86' lang='grc' dir='ltr'><strong>μοι</strong></span> <span class='ocrx_word' id='word_1_357' title='bbox 1599 3072 1739 3126; x_wconf 88' lang='grc' dir='ltr'>παρ-</span> 
     </span>
    </p>
   </div>
   <div class='ocr_carea' id='block_1_48' title="bbox 191 3125 1734 3214">
    <p class='ocr_par' dir='ltr' id='par_1_48' title="bbox 191 3125 1734 3214">
     <span class='ocr_line' id='line_1_49' title="bbox 191 3125 1734 3214; baseline 0.016 -38"><span class='ocrx_word' id='word_1_358' title='bbox 191 3125 318 3196; x_wconf 73' lang='grc' dir='ltr'>έσχες</span> <span class='ocrx_word' id='word_1_359' title='bbox 354 3132 553 3201; x_wconf 75' lang='grc' dir='ltr'>χάριν.</span> <span class='ocrx_word' id='word_1_360' title='bbox 595 3134 925 3190; x_wconf 84' lang='grc' dir='ltr'><strong>Ἐπίστευσα</strong></span> <span class='ocrx_word' id='word_1_361' title='bbox 979 3139 1112 3206; x_wconf 77' lang='grc' dir='ltr'>ἐγὼ,</span> <span class='ocrx_word' id='word_1_362' title='bbox 1157 3143 1453 3212; x_wconf 82' lang='grc' dir='ltr'>ἐχαρίσατο</span> <span class='ocrx_word' id='word_1_363' title='bbox 1504 3125 1734 3214; x_wconf 82' lang='grc' dir='ltr'>ἐκεῖνος,</span> 
     </span>
    </p>
   </div>
   <div class='ocr_carea' id='block_1_49' title="bbox 187 3217 1734 3308">
    <p class='ocr_par' dir='ltr' id='par_1_49' title="bbox 187 3217 1734 3308">
     <span class='ocr_line' id='line_1_50' title="bbox 187 3217 1734 3308; baseline 0.015 -39"><span class='ocrx_word' id='word_1_364' title='bbox 187 3217 320 3290; x_wconf 73' lang='grc' dir='ltr'><strong>ἐλύθη</strong></span> <span class='ocrx_word' id='word_1_365' title='bbox 347 3223 378 3293; x_wconf 80' lang='grc' dir='ltr'>ἡ</span> <span class='ocrx_word' id='word_1_366' title='bbox 419 3223 615 3294; x_wconf 78' lang='grc' dir='ltr'>ἔχθρα.</span> <span class='ocrx_word' id='word_1_367' title='bbox 649 3224 706 3277; x_wconf 84' lang='lat'><strong>&#39;0</strong></span> <span class='ocrx_word' id='word_1_368' title='bbox 730 3229 1072 3302; x_wconf 78' lang='grc' dir='ltr'>πρεσϐευτὴς</span> <span class='ocrx_word' id='word_1_369' title='bbox 1102 3235 1229 3286; x_wconf 82' lang='grc' dir='ltr'>ὅταν</span> <span class='ocrx_word' id='word_1_370' title='bbox 1259 3235 1388 3306; x_wconf 77' lang='grc' dir='ltr'><strong>ἔλθῃ</strong></span> <span class='ocrx_word' id='word_1_371' title='bbox 1409 3237 1546 3308; x_wconf 82' lang='grc' dir='ltr'>πρὸς</span> <span class='ocrx_word' id='word_1_372' title='bbox 1561 3239 1734 3306; x_wconf 76' lang='grc' dir='ltr'>ἔθνος,</span> 
     </span>
    </p>
   </div>
   <div class='ocr_carea' id='block_1_50' title="bbox 186 3311 1737 3400">
    <p class='ocr_par' dir='ltr' id='par_1_50' title="bbox 186 3311 1737 3400">
     <span class='ocr_line' id='line_1_51' title="bbox 186 3311 1737 3400; baseline 0.015 -39"><span class='ocrx_word' id='word_1_373' title='bbox 186 3311 265 3363; x_wconf 73' lang='grc' dir='ltr'><strong>οὐκ</strong></span> <span class='ocrx_word' id='word_1_374' title='bbox 281 3315 423 3378; x_wconf 75' lang='grc' dir='ltr'>ἀξιοῖ</span> <span class='ocrx_word' id='word_1_375' title='bbox 448 3318 564 3370; x_wconf 78' lang='grc' dir='ltr'>τινὶ</span> <span class='ocrx_word' id='word_1_376' title='bbox 595 3319 703 3376; x_wconf 78' lang='grc' dir='ltr'><strong>τῶν</strong></span> <span class='ocrx_word' id='word_1_377' title='bbox 734 3323 1012 3393; x_wconf 78' lang='grc' dir='ltr'>ἀγοραίων</span> <span class='ocrx_word' id='word_1_378' title='bbox 1039 3326 1072 3397; x_wconf 81' lang='grc' dir='ltr'><strong>ἢ</strong></span> <span class='ocrx_word' id='word_1_379' title='bbox 1099 3330 1344 3398; x_wconf 82' lang='grc' dir='ltr'><strong>πενήτων</strong></span> <span class='ocrx_word' id='word_1_380' title='bbox 1367 3329 1737 3400; x_wconf 84' lang='grc' dir='ltr'>διαλεχθῆναι,</span> 
     </span>
    </p>
   </div>
   <div class='ocr_carea' id='block_1_51' title="bbox 190 3402 1746 3496">
    <p class='ocr_par' dir='ltr' id='par_1_51' title="bbox 190 3402 1746 3496">
     <span class='ocr_line' id='line_1_52' title="bbox 190 3402 1746 3496; baseline 0.015 -41"><span class='ocrx_word' id='word_1_381' title='bbox 311 3407 479 3471; x_wconf 77' lang='grc' dir='ltr'>εὐθὺς</span> <span class='ocrx_word' id='word_1_382' title='bbox 521 3410 600 3481; x_wconf 84' lang='grc' dir='ltr'>τῷ</span> <span class='ocrx_word' id='word_1_383' title='bbox 630 3412 840 3481; x_wconf 83' lang='grc' dir='ltr'>βασιλεί</span> <span class='ocrx_word' id='word_1_384' title='bbox 883 3418 1189 3488; x_wconf 84' lang='grc' dir='ltr'>πρόσεισιν.</span> <span class='ocrx_word' id='word_1_385' title='bbox 1219 3414 1388 3484; x_wconf 78' lang='grc' dir='ltr'>Οὗτος</span> <span class='ocrx_word' id='word_1_386' title='bbox 1429 3422 1488 3475; x_wconf 84' lang='grc' dir='ltr'>δὲ</span> <span class='ocrx_word' id='word_1_387' title='bbox 1535 3425 1564 3475; x_wconf 89' lang='grc' dir='ltr'>ὁ</span> <span class='ocrx_word' id='word_1_388' title='bbox 1615 3443 1746 3496; x_wconf 82' lang='grc' dir='ltr'>πρε-</span> 
     </span>
    </p>
   </div>
   <div class='ocr_carea' id='block_1_52' title="bbox 193 3495 1746 3586">
    <p class='ocr_par' dir='ltr' id='par_1_52' title="bbox 193 3495 1746 3586">
     <span class='ocr_line' id='line_1_53' title="bbox 193 3495 1746 3586; baseline 0.015 -39"><span class='ocrx_word' id='word_1_389' title='bbox 193 3495 390 3586; x_wconf 66' lang='grc' dir='ltr'>εϐευτὴς</span> <span class='ocrx_word' id='word_1_390' title='bbox 421 3497 586 3572; x_wconf 80' lang='grc' dir='ltr'>ἦλθε,</span> <span class='ocrx_word' id='word_1_391' title='bbox 619 3507 712 3558; x_wconf 76' lang='grc' dir='ltr'><strong>καὶ</strong></span> <span class='ocrx_word' id='word_1_392' title='bbox 744 3509 945 3572; x_wconf 79' lang='grc' dir='ltr'>εὐθέως</span> <span class='ocrx_word' id='word_1_393' title='bbox 983 3511 1160 3584; x_wconf 66' lang='grc' dir='ltr'>πόρνῃ</span> <span class='ocrx_word' id='word_1_394' title='bbox 1188 3514 1285 3566; x_wconf 75' lang='grc' dir='ltr'><strong>καὶ</strong></span> <span class='ocrx_word' id='word_1_395' title='bbox 1321 3515 1492 3586; x_wconf 79' lang='grc' dir='ltr'>λῃστῇ</span> <span class='ocrx_word' id='word_1_396' title='bbox 1525 3518 1621 3570; x_wconf 76' lang='grc' dir='ltr'><strong>καὶ</strong></span> <span class='ocrx_word' id='word_1_397' title='bbox 1658 3495 1746 3570; x_wconf 74' lang='grc' dir='ltr'><strong>τε-</strong></span> 
     </span>
    </p>
   </div>
   <div class='ocr_carea' id='block_1_53' title="bbox 189 3583 1748 3676">
    <p class='ocr_par' dir='ltr' id='par_1_53' title="bbox 189 3583 1748 3676">
     <span class='ocr_line' id='line_1_54' title="bbox 189 3583 1748 3676; baseline 0.001 -18"><span class='ocrx_word' id='word_1_398' title='bbox 189 3583 304 3658; x_wconf 65' lang='grc' dir='ltr'><strong>λώνῃ</strong></span> <span class='ocrx_word' id='word_1_399' title='bbox 341 3592 438 3644; x_wconf 57' lang='grc' dir='ltr'><strong>καὶ</strong></span> <span class='ocrx_word' id='word_1_400' title='bbox 488 3594 689 3662; x_wconf 77' lang='grc' dir='ltr'><strong>μάγοις</strong></span> <span class='ocrx_word' id='word_1_401' title='bbox 731 3597 1024 3670; x_wconf 80' lang='grc' dir='ltr'>διειλέχοη.</span> <span class='ocrx_word' id='word_1_402' title='bbox 1066 3583 1218 3666; x_wconf 80' lang='grc' dir='ltr'>Εἶδες</span> <span class='ocrx_word' id='word_1_403' title='bbox 1246 3583 1585 3675; x_wconf 76' lang='grc' dir='ltr'>πρεσϐευτοῦ</span> <span class='ocrx_word' id='word_1_404' title='bbox 1625 3606 1748 3676; x_wconf 83' lang='grc' dir='ltr'>φιλ·-</span> 
     </span>
    </p>
   </div>
   <div class='ocr_carea' id='block_1_54' title="bbox 190 3683 1747 3773">
    <p class='ocr_par' dir='ltr' id='par_1_54' title="bbox 190 3683 1747 3773">
     <span class='ocr_line' id='line_1_55' title="bbox 190 3683 1747 3773; baseline 0.013 -38"><span class='ocrx_word' id='word_1_405' title='bbox 190 3683 527 3755; x_wconf 77' lang='grc' dir='ltr'>ανθρωπὶαν;</span> <span class='ocrx_word' id='word_1_406' title='bbox 575 3692 636 3743; x_wconf 83' lang='grc' dir='ltr'>οὐ</span> <span class='ocrx_word' id='word_1_407' title='bbox 668 3693 775 3765; x_wconf 77' lang='grc' dir='ltr'><strong>γὰρ</strong></span> <span class='ocrx_word' id='word_1_408' title='bbox 812 3696 951 3767; x_wconf 83' lang='grc' dir='ltr'>πρὸς</span> <span class='ocrx_word' id='word_1_409' title='bbox 995 3697 1092 3751; x_wconf 77' lang='grc' dir='ltr'>ἕνα</span> <span class='ocrx_word' id='word_1_410' title='bbox 1125 3699 1218 3751; x_wconf 78' lang='grc' dir='ltr'><strong>καὶ</strong></span> <span class='ocrx_word' id='word_1_411' title='bbox 1269 3699 1526 3769; x_wconf 80' lang='grc' dir='ltr'>δεύτερον</span> <span class='ocrx_word' id='word_1_412' title='bbox 1559 3698 1747 3773; x_wconf 77' lang='grc' dir='ltr'>ἦλθεν,</span> 
     </span>
    </p>
   </div>
   <div class='ocr_carea' id='block_1_55' title="bbox 1832 2160 3398 2234">
    <p class='ocr_par' dir='ltr' id='par_1_55' title="bbox 1832 2160 3398 2234">
     <span class='ocr_line' id='line_1_56' title="bbox 1832 2160 3398 2234; baseline 0.002 -19"><span class='ocrx_word' id='word_1_413' title='bbox 1832 2160 2087 2232; x_wconf 77' lang='lat' dir='ltr'><strong>Ejusdem</strong></span> <span class='ocrx_word' id='word_1_414' title='bbox 2112 2163 2168 2216; x_wconf 89' lang='lat' dir='ltr'><strong>in</strong></span> <span class='ocrx_word' id='word_1_415' title='bbox 2201 2161 2376 2217; x_wconf 82' lang='lat' dir='ltr'><strong>illud:</strong></span> <span class='ocrx_word' id='word_1_416' title='bbox 2413 2161 2674 2234; x_wconf 71' lang='lat' dir='ltr'><strong>«Sufﬁcit</strong></span> <span class='ocrx_word' id='word_1_417' title='bbox 2713 2163 2807 2216; x_wconf 88' lang='lat' dir='ltr'><strong>tibi</strong></span> <span class='ocrx_word' id='word_1_418' title='bbox 2847 2164 3024 2234; x_wconf 84' lang='lat' dir='ltr'><strong>gratia</strong></span> <span class='ocrx_word' id='word_1_419' title='bbox 3056 2181 3194 2230; x_wconf 88' lang='lat' dir='ltr'><strong>mea,</strong></span> <span class='ocrx_word' id='word_1_420' title='bbox 3235 2166 3398 2219; x_wconf 84' lang='lat' dir='ltr'><strong>virtus</strong></span> 
     </span>
    </p>
   </div>
   <div class='ocr_carea' id='block_1_56' title="bbox 2125 2233 3098 2302">
    <p class='ocr_par' dir='ltr' id='par_1_56' title="bbox 2125 2233 3098 2302">
     <span class='ocr_line' id='line_1_57' title="bbox 2125 2233 3098 2302; baseline -0.002 -15"><span class='ocrx_word' id='word_1_421' title='bbox 2125 2234 2264 2288; x_wconf 87' lang='lat' dir='ltr'><strong>enim</strong></span> <span class='ocrx_word' id='word_1_422' title='bbox 2286 2235 2343 2286; x_wconf 86' lang='lat' dir='ltr'><strong>in</strong></span> <span class='ocrx_word' id='word_1_423' title='bbox 2369 2233 2678 2302; x_wconf 82' lang='lat' dir='ltr'><strong>inﬁrmitate</strong></span> <span class='ocrx_word' id='word_1_424' title='bbox 2704 2233 3032 2302; x_wconf 68' lang='lat' dir='ltr'><strong>perﬁcitur)’.</strong></span> <span class='ocrx_word' id='word_1_425' title='bbox 3079 2255 3098 2285; x_wconf 74' lang='grc' dir='ltr'><strong>ι</strong></span> 
     </span>
    </p>
   </div>
   <div class='ocr_carea' id='block_1_57' title="bbox 1903 2325 3405 2397">
    <p class='ocr_par' dir='ltr' id='par_1_57' title="bbox 1903 2325 3405 2397">
     <span class='ocr_line' id='line_1_58' title="bbox 1903 2325 3405 2397; baseline 0.001 -17"><span class='ocrx_word' id='word_1_426' title='bbox 1903 2325 2067 2380; x_wconf 77' lang='lat' dir='ltr'><strong>Venit</strong></span> <span class='ocrx_word' id='word_1_427' title='bbox 2124 2341 2157 2380; x_wconf 92' lang='lat' dir='ltr'><strong>a</strong></span> <span class='ocrx_word' id='word_1_428' title='bbox 2223 2328 2404 2392; x_wconf 17' lang='lat' dir='ltr'><strong>Patre,</strong></span> <span class='ocrx_word' id='word_1_429' title='bbox 2445 2325 2699 2380; x_wconf 84' lang='lat' dir='ltr'><strong>Christus</strong></span> <span class='ocrx_word' id='word_1_430' title='bbox 2745 2326 2816 2381; x_wconf 90' lang='lat' dir='ltr'><strong>ad</strong></span> <span class='ocrx_word' id='word_1_431' title='bbox 2873 2327 3124 2382; x_wconf 89' lang='lat' dir='ltr'><strong>homines</strong></span> <span class='ocrx_word' id='word_1_432' title='bbox 3192 2327 3405 2397; x_wconf 90' lang='lat' dir='ltr'><strong>legatus</strong></span> 
     </span>
    </p>
   </div>
   <div class='ocr_carea' id='block_1_58' title="bbox 1836 2414 3406 2489">
    <p class='ocr_par' dir='ltr' id='par_1_58' title="bbox 1836 2414 3406 2489">
     <span class='ocr_line' id='line_1_59' title="bbox 1836 2414 3406 2489; baseline 0.001 -19"><span class='ocrx_word' id='word_1_433' title='bbox 1836 2416 2129 2489; x_wconf 80' lang='lat' dir='ltr'><strong>[mactatus</strong></span> <span class='ocrx_word' id='word_1_434' title='bbox 2160 2417 2369 2487; x_wconf 82' lang='lat' dir='ltr'><strong>legatus</strong></span> <span class='ocrx_word' id='word_1_435' title='bbox 2418 2414 2521 2489; x_wconf 84' lang='lat' dir='ltr'><strong>est]</strong></span> <span class='ocrx_word' id='word_1_436' title='bbox 2555 2427 2609 2471; x_wconf 88' lang='lat' dir='ltr'><strong>et</strong></span> <span class='ocrx_word' id='word_1_437' title='bbox 2664 2425 2793 2472; x_wconf 90' lang='lat' dir='ltr'><strong>tunc</strong></span> <span class='ocrx_word' id='word_1_438' title='bbox 2848 2432 3036 2486; x_wconf 91' lang='lat' dir='ltr'><strong>pacem</strong></span> <span class='ocrx_word' id='word_1_439' title='bbox 3091 2416 3241 2472; x_wconf 75' lang='lat' dir='ltr'><strong>fecit.</strong></span> <span class='ocrx_word' id='word_1_440' title='bbox 3297 2415 3406 2471; x_wconf 79' lang='lat' dir='ltr'><strong>Sed</strong></span> 
     </span>
    </p>
   </div>
   <div class='ocr_carea' id='block_1_59' title="bbox 1834 2507 3402 2578">
    <p class='ocr_par' dir='ltr' id='par_1_59' title="bbox 1834 2507 3402 2578">
     <span class='ocr_line' id='line_1_60' title="bbox 1834 2507 3402 2578; baseline 0 -16"><span class='ocrx_word' id='word_1_441' title='bbox 1834 2509 1993 2578; x_wconf 87' lang='lat' dir='ltr'><strong>legati</strong></span> <span class='ocrx_word' id='word_1_442' title='bbox 2032 2508 2336 2573; x_wconf 83' lang='lat' dir='ltr'><strong>venientes,</strong></span> <span class='ocrx_word' id='word_1_443' title='bbox 2368 2517 2423 2562; x_wconf 91' lang='lat' dir='ltr'><strong>et</strong></span> <span class='ocrx_word' id='word_1_444' title='bbox 2452 2509 2592 2562; x_wconf 92' lang='lat' dir='ltr'><strong>dona</strong></span> <span class='ocrx_word' id='word_1_445' title='bbox 2623 2507 2826 2573; x_wconf 77' lang='lat' dir='ltr'><strong>ferunt,</strong></span> <span class='ocrx_word' id='word_1_446' title='bbox 2848 2517 2904 2562; x_wconf 87' lang='lat' dir='ltr'><strong>et</strong></span> <span class='ocrx_word' id='word_1_447' title='bbox 2933 2508 3074 2562; x_wconf 81' lang='lat' dir='ltr'><strong>dona</strong></span> <span class='ocrx_word' id='word_1_448' title='bbox 3105 2508 3402 2576; x_wconf 87' lang='lat' dir='ltr'><strong>accipiunt.</strong></span> 
     </span>
    </p>
   </div>
   <div class='ocr_carea' id='block_1_60' title="bbox 1837 2598 3405 2670">
    <p class='ocr_par' dir='ltr' id='par_1_60' title="bbox 1837 2598 3405 2670">
     <span class='ocr_line' id='line_1_61' title="bbox 1837 2598 3405 2670; baseline 0.001 -17"><span class='ocrx_word' id='word_1_449' title='bbox 1837 2601 1990 2667; x_wconf 78' lang='lat' dir='ltr'><strong>Quod</strong></span> <span class='ocrx_word' id='word_1_450' title='bbox 2021 2600 2186 2670; x_wconf 77' lang='lat' dir='ltr'><strong>igitur</strong></span> <span class='ocrx_word' id='word_1_451' title='bbox 2216 2601 2416 2654; x_wconf 80' lang='lat' dir='ltr'><strong>donum</strong></span> <span class='ocrx_word' id='word_1_452' title='bbox 2451 2601 2594 2662; x_wconf 88' lang='lat' dir='ltr'><strong>tulit,</strong></span> <span class='ocrx_word' id='word_1_453' title='bbox 2634 2608 2688 2653; x_wconf 90' lang='lat' dir='ltr'><strong>et</strong></span> <span class='ocrx_word' id='word_1_454' title='bbox 2736 2602 2880 2669; x_wconf 85' lang='lat' dir='ltr'><strong>quod</strong></span> <span class='ocrx_word' id='word_1_455' title='bbox 2918 2599 3167 2669; x_wconf 85' lang='lat' dir='ltr'><strong>accepit?</strong></span> <span class='ocrx_word' id='word_1_456' title='bbox 3193 2598 3405 2654; x_wconf 81' lang='lat' dir='ltr'><strong>Novum</strong></span> 
     </span>
    </p>
   </div>
   <div class='ocr_carea' id='block_1_61' title="bbox 1835 2691 3405 2763">
    <p class='ocr_par' dir='ltr' id='par_1_61' title="bbox 1835 2691 3405 2763">
     <span class='ocr_line' id='line_1_62' title="bbox 1835 2691 3405 2763; baseline -0.002 -15"><span class='ocrx_word' id='word_1_457' title='bbox 1835 2695 2066 2760; x_wconf 83' lang='lat' dir='ltr'><strong>dontnn,</strong></span> <span class='ocrx_word' id='word_1_458' title='bbox 2098 2693 2225 2763; x_wconf 87' lang='lat' dir='ltr'><strong>quia</strong></span> <span class='ocrx_word' id='word_1_459' title='bbox 2255 2701 2311 2747; x_wconf 88' lang='lat' dir='ltr'><strong>et</strong></span> <span class='ocrx_word' id='word_1_460' title='bbox 2351 2708 2525 2748; x_wconf 88' lang='lat' dir='ltr'><strong>novus</strong></span> <span class='ocrx_word' id='word_1_461' title='bbox 2558 2694 2790 2760; x_wconf 82' lang='lat' dir='ltr'><strong>legatus.</strong></span> <span class='ocrx_word' id='word_1_462' title='bbox 2822 2691 2975 2746; x_wconf 89' lang='lat' dir='ltr'><strong>Tulit</strong></span> <span class='ocrx_word' id='word_1_463' title='bbox 3002 2693 3162 2748; x_wconf 87' lang='lat' dir='ltr'><strong>nobis</strong></span> <span class='ocrx_word' id='word_1_464' title='bbox 3200 2693 3405 2747; x_wconf 89' lang='lat' dir='ltr'><strong>donum</strong></span> 
     </span>
    </p>
   </div>
   <div class='ocr_carea' id='block_1_62' title="bbox 1838 2786 3414 2858">
    <p class='ocr_par' dir='ltr' id='par_1_62' title="bbox 1838 2786 3414 2858">
     <span class='ocr_line' id='line_1_63' title="bbox 1838 2786 3414 2858; baseline 0 -16"><span class='ocrx_word' id='word_1_465' title='bbox 1838 2803 2034 2854; x_wconf 88' lang='lat' dir='ltr'><strong>corpus</strong></span> <span class='ocrx_word' id='word_1_466' title='bbox 2074 2797 2129 2840; x_wconf 90' lang='lat' dir='ltr'><strong>et</strong></span> <span class='ocrx_word' id='word_1_467' title='bbox 2159 2786 2478 2856; x_wconf 85' lang='lat' dir='ltr'><strong>sanguinem</strong></span> <span class='ocrx_word' id='word_1_468' title='bbox 2535 2802 2737 2842; x_wconf 89' lang='lat' dir='ltr'><strong>suum:</strong></span> <span class='ocrx_word' id='word_1_469' title='bbox 2767 2797 2820 2841; x_wconf 88' lang='lat' dir='ltr'><strong>et</strong></span> <span class='ocrx_word' id='word_1_470' title='bbox 2875 2787 3003 2858; x_wconf 92' lang='lat' dir='ltr'><strong>quid</strong></span> <span class='ocrx_word' id='word_1_471' title='bbox 3053 2803 3080 2841; x_wconf 94' lang='lat' dir='ltr'><strong>a</strong></span> <span class='ocrx_word' id='word_1_472' title='bbox 3137 2803 3226 2842; x_wconf 86' lang='lat' dir='ltr'><strong>me</strong></span> <span class='ocrx_word' id='word_1_473' title='bbox 3257 2801 3414 2842; x_wconf 69' lang='lat' dir='ltr'><strong>accr-</strong></span> 
     </span>
    </p>
   </div>
   <div class='ocr_carea' id='block_1_63' title="bbox 1837 2878 3413 2949">
    <p class='ocr_par' dir='ltr' id='par_1_63' title="bbox 1837 2878 3413 2949">
     <span class='ocr_line' id='line_1_64' title="bbox 1837 2878 3413 2949; baseline 0.001 -18"><span class='ocrx_word' id='word_1_474' title='bbox 1837 2880 1952 2948; x_wconf 46' lang='lat' dir='ltr'><strong>pit,?</strong></span> <span class='ocrx_word' id='word_1_475' title='bbox 1988 2878 2194 2932; x_wconf 87' lang='lat' dir='ltr'><strong>Fidem.</strong></span> <span class='ocrx_word' id='word_1_476' title='bbox 2221 2878 2286 2932; x_wconf 87' lang='lat' dir='ltr'><strong>Et</strong></span> <span class='ocrx_word' id='word_1_477' title='bbox 2328 2879 2457 2949; x_wconf 90' lang='lat' dir='ltr'><strong>quid</strong></span> <span class='ocrx_word' id='word_1_478' title='bbox 2485 2895 2582 2949; x_wconf 91' lang='lat' dir='ltr'><strong>pro</strong></span> <span class='ocrx_word' id='word_1_479' title='bbox 2614 2879 2701 2934; x_wconf 88' lang='lat' dir='ltr'><strong>illa</strong></span> <span class='ocrx_word' id='word_1_480' title='bbox 2739 2881 2874 2934; x_wconf 88' lang='lat' dir='ltr'><strong>tnihi</strong></span> <span class='ocrx_word' id='word_1_481' title='bbox 2915 2880 3106 2935; x_wconf 87' lang='lat' dir='ltr'><strong>dedit?</strong></span> <span class='ocrx_word' id='word_1_482' title='bbox 3145 2878 3413 2934; x_wconf 84' lang='lat' dir='ltr'><strong>Gratiam.</strong></span> 
     </span>
    </p>
   </div>
   <div class='ocr_carea' id='block_1_64' title="bbox 1837 2968 3411 3042">
    <p class='ocr_par' dir='ltr' id='par_1_64' title="bbox 1837 2968 3411 3042">
     <span class='ocr_line' id='line_1_65' title="bbox 1837 2968 3411 3042; baseline -0.003 -18"><span class='ocrx_word' id='word_1_483' title='bbox 1837 2970 2051 3024; x_wconf 81' lang='lat' dir='ltr'><strong>Credidi</strong></span> <span class='ocrx_word' id='word_1_484' title='bbox 2093 2985 2232 3042; x_wconf 89' lang='lat' dir='ltr'><strong>ego,</strong></span> <span class='ocrx_word' id='word_1_485' title='bbox 2296 2971 2385 3025; x_wconf 86' lang='lat' dir='ltr'><strong>ille</strong></span> <span class='ocrx_word' id='word_1_486' title='bbox 2439 2973 2666 3040; x_wconf 80' lang='lat' dir='ltr'><strong>gratiam</strong></span> <span class='ocrx_word' id='word_1_487' title='bbox 2719 2971 2886 3035; x_wconf 89' lang='lat' dir='ltr'><strong>dedit,</strong></span> <span class='ocrx_word' id='word_1_488' title='bbox 2945 2970 3120 3027; x_wconf 82' lang='lat' dir='ltr'><strong>soluta</strong></span> <span class='ocrx_word' id='word_1_489' title='bbox 3165 2979 3246 3023; x_wconf 80' lang='lat' dir='ltr'><strong>est</strong></span> <span class='ocrx_word' id='word_1_490' title='bbox 3286 2968 3411 3039; x_wconf 86' lang='lat' dir='ltr'><strong>[ira,</strong></span> 
     </span>
    </p>
   </div>
   <div class='ocr_carea' id='block_1_65' title="bbox 1838 3058 3407 3131">
    <p class='ocr_par' dir='ltr' id='par_1_65' title="bbox 1838 3058 3407 3131">
     <span class='ocr_line' id='line_1_66' title="bbox 1838 3058 3407 3131; baseline -0.003 -17"><span class='ocrx_word' id='word_1_491' title='bbox 1838 3058 1915 3131; x_wconf 86' lang='lat' dir='ltr'><strong>et]</strong></span> <span class='ocrx_word' id='word_1_492' title='bbox 1947 3059 2154 3115; x_wconf 88' lang='lat' dir='ltr'><strong>odium.</strong></span> <span class='ocrx_word' id='word_1_493' title='bbox 2178 3059 2314 3114; x_wconf 89' lang='lat' dir='ltr'><strong>Cum</strong></span> <span class='ocrx_word' id='word_1_494' title='bbox 2364 3061 2513 3114; x_wconf 83' lang='lat' dir='ltr'><strong>venit</strong></span> <span class='ocrx_word' id='word_1_495' title='bbox 2554 3060 2762 3130; x_wconf 83' lang='lat' dir='ltr'><strong>legatus</strong></span> <span class='ocrx_word' id='word_1_496' title='bbox 2795 3060 2863 3113; x_wconf 88' lang='lat' dir='ltr'><strong>ad</strong></span> <span class='ocrx_word' id='word_1_497' title='bbox 2901 3060 3139 3128; x_wconf 85' lang='lat' dir='ltr'><strong>aliquam</strong></span> <span class='ocrx_word' id='word_1_498' title='bbox 3171 3068 3407 3129; x_wconf 84' lang='lat' dir='ltr'><strong>gentem,</strong></span> 
     </span>
    </p>
   </div>
   <div class='ocr_carea' id='block_1_66' title="bbox 1841 3151 3415 3222">
    <p class='ocr_par' dir='ltr' id='par_1_66' title="bbox 1841 3151 3415 3222">
     <span class='ocr_line' id='line_1_67' title="bbox 1841 3151 3415 3222; baseline -0.003 -15"><span class='ocrx_word' id='word_1_499' title='bbox 1841 3169 1948 3207; x_wconf 89' lang='lat' dir='ltr'><strong>non</strong></span> <span class='ocrx_word' id='word_1_500' title='bbox 1980 3153 2234 3222; x_wconf 84' lang='lat' dir='ltr'><strong>dignatur</strong></span> <span class='ocrx_word' id='word_1_501' title='bbox 2269 3168 2394 3208; x_wconf 88' lang='lat' dir='ltr'><strong>cum</strong></span> <span class='ocrx_word' id='word_1_502' title='bbox 2442 3152 2628 3221; x_wconf 85' lang='lat' dir='ltr'><strong>aliquo</strong></span> <span class='ocrx_word' id='word_1_503' title='bbox 2672 3167 2912 3222; x_wconf 89' lang='lat' dir='ltr'><strong>paupere</strong></span> <span class='ocrx_word' id='word_1_504' title='bbox 2960 3160 3056 3206; x_wconf 93' lang='lat' dir='ltr'><strong>aut</strong></span> <span class='ocrx_word' id='word_1_505' title='bbox 3080 3151 3292 3220; x_wconf 87' lang='lat' dir='ltr'><strong>plebeio</strong></span> <span class='ocrx_word' id='word_1_506' title='bbox 3338 3151 3415 3203; x_wconf 85' lang='lat' dir='ltr'><strong>lo-</strong></span> 
     </span>
    </p>
   </div>
   <div class='ocr_carea' id='block_1_67' title="bbox 1764 3241 3414 3340">
    <p class='ocr_par' dir='ltr' id='par_1_67' title="bbox 1764 3241 3414 3340">
     <span class='ocr_line' id='line_1_68' title="bbox 1764 3241 3414 3340; baseline -0.002 -44"><span class='ocrx_word' id='word_1_507' title='bbox 1764 3280 1808 3340; x_wconf 78' lang='lat' dir='ltr'>C</span> <span class='ocrx_word' id='word_1_508' title='bbox 1842 3245 1956 3315; x_wconf 83' lang='lat' dir='ltr'><strong>qui,</strong></span> <span class='ocrx_word' id='word_1_509' title='bbox 1994 3245 2090 3299; x_wconf 90' lang='lat' dir='ltr'><strong>sed</strong></span> <span class='ocrx_word' id='word_1_510' title='bbox 2131 3245 2316 3300; x_wconf 87' lang='lat' dir='ltr'><strong>statim</strong></span> <span class='ocrx_word' id='word_1_511' title='bbox 2354 3244 2421 3298; x_wconf 88' lang='lat' dir='ltr'><strong>ad</strong></span> <span class='ocrx_word' id='word_1_512' title='bbox 2455 3259 2634 3314; x_wconf 85' lang='lat' dir='ltr'><strong>regem</strong></span> <span class='ocrx_word' id='word_1_513' title='bbox 2660 3244 2888 3298; x_wconf 85' lang='lat' dir='ltr'><strong>accedit.</strong></span> <span class='ocrx_word' id='word_1_514' title='bbox 2915 3241 3017 3298; x_wconf 77' lang='lat' dir='ltr'><strong>llic</strong></span> <span class='ocrx_word' id='word_1_515' title='bbox 3045 3257 3178 3296; x_wconf 89' lang='lat' dir='ltr'><strong>vero</strong></span> <span class='ocrx_word' id='word_1_516' title='bbox 3204 3242 3414 3311; x_wconf 81' lang='lat' dir='ltr'><strong>legatus</strong></span> 
     </span>
    </p>
   </div>
   <div class='ocr_carea' id='block_1_68' title="bbox 1840 3336 3419 3403">
    <p class='ocr_par' dir='ltr' id='par_1_68' title="bbox 1840 3336 3419 3403">
     <span class='ocr_line' id='line_1_69' title="bbox 1840 3336 3419 3403; baseline -0.004 -11"><span class='ocrx_word' id='word_1_517' title='bbox 1840 3353 1965 3392; x_wconf 92' lang='lat' dir='ltr'><strong>cum</strong></span> <span class='ocrx_word' id='word_1_518' title='bbox 2002 3339 2170 3403; x_wconf 87' lang='lat' dir='ltr'><strong>venit,</strong></span> <span class='ocrx_word' id='word_1_519' title='bbox 2216 3338 2400 3393; x_wconf 88' lang='lat' dir='ltr'><strong>statim</strong></span> <span class='ocrx_word' id='word_1_520' title='bbox 2445 3352 2568 3391; x_wconf 90' lang='lat' dir='ltr'><strong>cum</strong></span> <span class='ocrx_word' id='word_1_521' title='bbox 2608 3337 2911 3402; x_wconf 89' lang='lat' dir='ltr'><strong>meretrice,</strong></span> <span class='ocrx_word' id='word_1_522' title='bbox 2940 3337 3169 3402; x_wconf 83' lang='lat' dir='ltr'><strong>latrone,</strong></span> <span class='ocrx_word' id='word_1_523' title='bbox 3211 3336 3419 3389; x_wconf 85' lang='lat' dir='ltr'><strong>telona-</strong></span> 
     </span>
    </p>
   </div>
   <div class='ocr_carea' id='block_1_69' title="bbox 1842 3425 3422 3499">
    <p class='ocr_par' dir='ltr' id='par_1_69' title="bbox 1842 3425 3422 3499">
     <span class='ocr_line' id='line_1_70' title="bbox 1842 3425 3422 3499; baseline -0.003 -16"><span class='ocrx_word' id='word_1_524' title='bbox 1842 3430 1948 3495; x_wconf 92' lang='lat' dir='ltr'><strong>rio,</strong></span> <span class='ocrx_word' id='word_1_525' title='bbox 1981 3441 2034 3484; x_wconf 90' lang='lat' dir='ltr'><strong>et</strong></span> <span class='ocrx_word' id='word_1_526' title='bbox 2063 3430 2236 3499; x_wconf 88' lang='lat' dir='ltr'><strong>magis</strong></span> <span class='ocrx_word' id='word_1_527' title='bbox 2267 3431 2483 3484; x_wconf 89' lang='lat' dir='ltr'><strong>locutus</strong></span> <span class='ocrx_word' id='word_1_528' title='bbox 2503 3427 2779 3484; x_wconf 85' lang='lat' dir='ltr'><strong>est.Vides</strong></span> <span class='ocrx_word' id='word_1_529' title='bbox 2803 3428 2962 3496; x_wconf 88' lang='lat' dir='ltr'><strong>legati</strong></span> <span class='ocrx_word' id='word_1_530' title='bbox 2989 3427 3372 3497; x_wconf 88' lang='lat' dir='ltr'><strong>benignitatem</strong></span> <span class='ocrx_word' id='word_1_531' title='bbox 3397 3425 3422 3478; x_wconf 86' lang='lat'><strong>?</strong></span> 
     </span>
    </p>
   </div>
   <div class='ocr_carea' id='block_1_70' title="bbox 1845 3517 3419 3584">
    <p class='ocr_par' dir='ltr' id='par_1_70' title="bbox 1845 3517 3419 3584">
     <span class='ocr_line' id='line_1_71' title="bbox 1845 3517 3419 3584; baseline -0.003 -12"><span class='ocrx_word' id='word_1_532' title='bbox 1845 3520 1960 3573; x_wconf 87' lang='lat' dir='ltr'><strong>Non</strong></span> <span class='ocrx_word' id='word_1_533' title='bbox 2000 3521 2146 3574; x_wconf 90' lang='lat' dir='ltr'><strong>enim</strong></span> <span class='ocrx_word' id='word_1_534' title='bbox 2183 3520 2248 3574; x_wconf 89' lang='lat' dir='ltr'><strong>ad</strong></span> <span class='ocrx_word' id='word_1_535' title='bbox 2283 3535 2450 3574; x_wconf 89' lang='lat' dir='ltr'><strong>unum</strong></span> <span class='ocrx_word' id='word_1_536' title='bbox 2481 3529 2535 3574; x_wconf 90' lang='lat' dir='ltr'><strong>et</strong></span> <span class='ocrx_word' id='word_1_537' title='bbox 2561 3519 2792 3573; x_wconf 89' lang='lat' dir='ltr'><strong>alterum</strong></span> <span class='ocrx_word' id='word_1_538' title='bbox 2834 3519 3013 3584; x_wconf 85' lang='lat' dir='ltr'><strong>venit,</strong></span> <span class='ocrx_word' id='word_1_539' title='bbox 3037 3517 3132 3572; x_wconf 84' lang='lat' dir='ltr'><strong>sed</strong></span> <span class='ocrx_word' id='word_1_540' title='bbox 3172 3517 3238 3571; x_wconf 88' lang='lat' dir='ltr'><strong>ad</strong></span> <span class='ocrx_word' id='word_1_541' title='bbox 3267 3531 3419 3570; x_wconf 90' lang='lat' dir='ltr'><strong>com-</strong></span> 
     </span>
    </p>
   </div>
   <div class='ocr_carea' id='block_1_71' title="bbox 1847 3609 3421 3675">
    <p class='ocr_par' dir='ltr' id='par_1_71' title="bbox 1847 3609 3421 3675">
     <span class='ocr_line' id='line_1_72' title="bbox 1847 3609 3421 3675; baseline -0.001 -11"><span class='ocrx_word' id='word_1_542' title='bbox 1847 3626 2067 3665; x_wconf 90' lang='lat' dir='ltr'><strong>munem</strong></span> <span class='ocrx_word' id='word_1_543' title='bbox 2132 3620 2381 3665; x_wconf 90' lang='lat' dir='ltr'><strong>naturam</strong></span> <span class='ocrx_word' id='word_1_544' title='bbox 2421 3649 2437 3675; x_wconf 96' lang='lat'><strong>,</strong></span> <span class='ocrx_word' id='word_1_545' title='bbox 2480 3621 2534 3664; x_wconf 87' lang='lat' dir='ltr'><strong>et</strong></span> <span class='ocrx_word' id='word_1_546' title='bbox 2578 3610 2724 3664; x_wconf 88' lang='lat' dir='ltr'><strong>venit</strong></span> <span class='ocrx_word' id='word_1_547' title='bbox 2785 3625 2950 3665; x_wconf 81' lang='lat' dir='ltr'><strong>carne</strong></span> <span class='ocrx_word' id='word_1_548' title='bbox 3004 3623 3125 3663; x_wconf 90' lang='lat' dir='ltr'><strong>mea</strong></span> <span class='ocrx_word' id='word_1_549' title='bbox 3175 3609 3421 3674; x_wconf 90' lang='lat' dir='ltr'><strong>indutus,</strong></span> 
     </span>
    </p>
   </div>
   <div class='ocr_carea' id='block_1_72' title="bbox 1848 3703 3206 3774">
    <p class='ocr_par' dir='ltr' id='par_1_72' title="bbox 1848 3703 3206 3774">
     <span class='ocr_line' id='line_1_73' title="bbox 1848 3703 3206 3774; baseline -0.002 -17"><span class='ocrx_word' id='word_1_550' title='bbox 1848 3719 1918 3758; x_wconf 88' lang='lat' dir='ltr'><strong>ne</strong></span> <span class='ocrx_word' id='word_1_551' title='bbox 1948 3719 2079 3774; x_wconf 84' lang='lat' dir='ltr'><strong>pura</strong></span> <span class='ocrx_word' id='word_1_552' title='bbox 2111 3704 2393 3758; x_wconf 85' lang='lat' dir='ltr'><strong>divinitate</strong></span> <span class='ocrx_word' id='word_1_553' title='bbox 2426 3703 2695 3758; x_wconf 81' lang='lat' dir='ltr'><strong>accedens</strong></span> <span class='ocrx_word' id='word_1_554' title='bbox 2719 3703 2948 3757; x_wconf 90' lang='lat' dir='ltr'><strong>bestiam</strong></span> <span class='ocrx_word' id='word_1_555' title='bbox 2985 3710 3206 3756; x_wconf 88' lang='lat' dir='ltr'><strong>terreat.</strong></span> 
     </span>
    </p>
   </div>
   <div class='ocr_carea' id='block_1_73' title="bbox 187 3775 3424 3870">
    <p class='ocr_par' dir='ltr' id='par_1_73' title="bbox 187 3775 3424 3870">
     <span class='ocr_line' id='line_1_74' title="bbox 187 3775 3424 3870; baseline 0.005 -35"><span class='ocrx_word' id='word_1_556' title='bbox 187 3775 300 3830; x_wconf 77' lang='grc' dir='ltr'>ἀλλὰ</span> <span class='ocrx_word' id='word_1_557' title='bbox 323 3783 464 3852; x_wconf 78' lang='grc' dir='ltr'>πρὸς</span> <span class='ocrx_word' id='word_1_558' title='bbox 488 3784 590 3855; x_wconf 78' lang='grc' dir='ltr'>τὴν</span> <span class='ocrx_word' id='word_1_559' title='bbox 620 3790 805 3859; x_wconf 80' lang='grc' dir='ltr'>κοινὴν</span> <span class='ocrx_word' id='word_1_560' title='bbox 833 3791 994 3859; x_wconf 77' lang='grc' dir='ltr'>φύσιν</span> <span class='ocrx_word' id='word_1_561' title='bbox 1015 3809 1028 3823; x_wconf 88' lang='grc'><strong>·</strong></span> <span class='ocrx_word' id='word_1_562' title='bbox 1064 3795 1158 3848; x_wconf 75' lang='grc' dir='ltr'><strong>καὶ</strong></span> <span class='ocrx_word' id='word_1_563' title='bbox 1179 3790 1312 3866; x_wconf 82' lang='grc' dir='ltr'>ἦλθε</span> <span class='ocrx_word' id='word_1_564' title='bbox 1337 3797 1398 3849; x_wconf 86' lang='grc' dir='ltr'>τὸ</span> <span class='ocrx_word' id='word_1_565' title='bbox 1427 3797 1561 3867; x_wconf 77' lang='grc' dir='ltr'>ἐμὸν</span> <span class='ocrx_word' id='word_1_566' title='bbox 1587 3797 2051 3870; x_wconf 87' lang='grc' dir='ltr'>περιϐεϐλημένος</span> <span class='ocrx_word' id='word_1_567' title='bbox 2114 3799 2352 3870; x_wconf 82' lang='grc' dir='ltr'>ἱμάτιον,</span> <span class='ocrx_word' id='word_1_568' title='bbox 2410 3799 2499 3854; x_wconf 81' lang='grc' dir='ltr'>ἵνα</span> <span class='ocrx_word' id='word_1_569' title='bbox 2557 3799 2632 3870; x_wconf 74' lang='grc' dir='ltr'>μὴ</span> <span class='ocrx_word' id='word_1_570' title='bbox 2675 3801 2856 3870; x_wconf 80' lang='grc' dir='ltr'>γυμνῇ</span> <span class='ocrx_word' id='word_1_571' title='bbox 2886 3800 2955 3870; x_wconf 75' lang='grc' dir='ltr'>τῇ</span> <span class='ocrx_word' id='word_1_572' title='bbox 2983 3797 3199 3866; x_wconf 83' lang='grc' dir='ltr'>θεότητι</span> <span class='ocrx_word' id='word_1_573' title='bbox 3241 3812 3424 3868; x_wconf 85' lang='grc' dir='ltr'>παρα..</span> 
     </span>
    </p>
   </div>
   <div class='ocr_carea' id='block_1_74' title="bbox 189 3871 1059 3955">
    <p class='ocr_par' dir='ltr' id='par_1_74' title="bbox 189 3871 1059 3955">
     <span class='ocr_line' id='line_1_75' title="bbox 189 3871 1059 3955; baseline 0.022 -35"><span class='ocrx_word' id='word_1_574' title='bbox 189 3871 455 3940; x_wconf 82' lang='grc' dir='ltr'>γενόμενος</span> <span class='ocrx_word' id='word_1_575' title='bbox 486 3877 702 3954; x_wconf 75' lang='grc' dir='ltr'>φοϐήσῃ</span> <span class='ocrx_word' id='word_1_576' title='bbox 733 3883 832 3952; x_wconf 83' lang='grc' dir='ltr'>τὴν</span> <span class='ocrx_word' id='word_1_577' title='bbox 866 3883 1059 3955; x_wconf 79' lang='grc' dir='ltr'>Θήραν.</span> 
     </span>
    </p>
   </div>
   <div class='ocr_carea' id='block_1_75' title="bbox 199 4015 1748 4100">
    <p class='ocr_par' dir='ltr' id='par_1_75' title="bbox 199 4015 1748 4100">
     <span class='ocr_line' id='line_1_76' title="bbox 199 4015 1748 4100; baseline 0.01 -32"><span class='ocrx_word' id='word_1_578' title='bbox 199 4015 283 4100; x_wconf 57' lang='grc' dir='ltr'><strong>Ἔξι</strong></span> <span class='ocrx_word' id='word_1_579' title='bbox 311 4021 412 4100; x_wconf 63' lang='grc' dir='ltr'><strong>ι’ςῇ</strong></span> <span class='ocrx_word' id='word_1_580' title='bbox 444 4021 491 4052; x_wconf 79' lang='grc'><strong>⁸³</strong></span> <span class='ocrx_word' id='word_1_581' title='bbox 523 4023 610 4099; x_wconf 57' lang='grc' dir='ltr'><strong>είς</strong></span> <span class='ocrx_word' id='word_1_582' title='bbox 634 4021 699 4074; x_wconf 81' lang='grc' dir='ltr'>τὸ</span> <span class='ocrx_word' id='word_1_583' title='bbox 720 4024 913 4100; x_wconf 60' lang='grc' dir='ltr'><strong>ῥητὸν</strong></span> <span class='ocrx_word' id='word_1_584' title='bbox 935 4026 1040 4100; x_wconf 60' lang='grc' dir='ltr'><strong>τοῦ</strong></span> <span class='ocrx_word' id='word_1_585' title='bbox 1077 4026 1475 4100; x_wconf 66' lang='grc' dir='ltr'>Ἀποσζόλου,</span> <span class='ocrx_word' id='word_1_586' title='bbox 1511 4048 1530 4081; x_wconf 82' lang='lat' dir='ltr'><strong>t</strong></span> <span class='ocrx_word' id='word_1_587' title='bbox 1565 4030 1634 4084; x_wconf 79' lang='lat' dir='ltr'><em>El</em></span> <span class='ocrx_word' id='word_1_588' title='bbox 1657 4049 1748 4096; x_wconf 85' lang='grc' dir='ltr'><strong>τις</strong></span> 
     </span>
    </p>
   </div>
   <div class='ocr_carea' id='block_1_76' title="bbox 245 4093 1746 4169">
    <p class='ocr_par' dir='ltr' id='par_1_76' title="bbox 245 4093 1746 4169">
     <span class='ocr_line' id='line_1_77' title="bbox 245 4093 1746 4169; baseline 0.01 -29"><span class='ocrx_word' id='word_1_589' title='bbox 245 4093 308 4169; x_wconf 49' lang='grc' dir='ltr'><strong>ἐν</strong></span> <span class='ocrx_word' id='word_1_590' title='bbox 342 4093 826 4169; x_wconf 35' lang='grc' dir='ltr'>Χριστῴηκαινὴ</span> <span class='ocrx_word' id='word_1_591' title='bbox 861 4096 1062 4169; x_wconf 29' lang='grc' dir='ltr'>κτίσις,</span> <span class='ocrx_word' id='word_1_592' title='bbox 1083 4114 1096 4129; x_wconf 75' lang='grc' dir='ltr'><strong>ο</strong></span> <span class='ocrx_word' id='word_1_593' title='bbox 1144 4100 1217 4169; x_wconf 76' lang='grc' dir='ltr'>τὰ</span> <span class='ocrx_word' id='word_1_594' title='bbox 1249 4099 1469 4167; x_wconf 81' lang='grc' dir='ltr'>ἀρχαῖα</span> <span class='ocrx_word' id='word_1_595' title='bbox 1513 4093 1746 4169; x_wconf 59' lang='grc' dir='ltr'>παρῆλξ</span> 
     </span>
    </p>
   </div>
   <div class='ocr_carea' id='block_1_77' title="bbox 247 4159 1379 4230">
    <p class='ocr_par' dir='ltr' id='par_1_77' title="bbox 247 4159 1379 4230">
     <span class='ocr_line' id='line_1_78' title="bbox 247 4159 1379 4230; baseline 0.01 -21"><span class='ocrx_word' id='word_1_596' title='bbox 247 4159 362 4225; x_wconf 86' lang='grc' dir='ltr'>θεν,</span> <span class='ocrx_word' id='word_1_597' title='bbox 394 4161 531 4214; x_wconf 82' lang='grc' dir='ltr'>ἰδοὺ</span> <span class='ocrx_word' id='word_1_598' title='bbox 562 4163 771 4230; x_wconf 73' lang='grc' dir='ltr'>γέγονε</span> <span class='ocrx_word' id='word_1_599' title='bbox 795 4159 972 4218; x_wconf 69' lang='grc' dir='ltr'>καινὰ</span> <span class='ocrx_word' id='word_1_600' title='bbox 1005 4159 1077 4221; x_wconf 56' lang='grc' dir='ltr'>τὰ</span> <span class='ocrx_word' id='word_1_601' title='bbox 1105 4159 1379 4222; x_wconf 50' lang='lat' dir='ltr'><strong>animi&quot;:</strong></span> 
     </span>
    </p>
   </div>
   <div class='ocr_carea' id='block_1_78' title="bbox 248 4249 1752 4336">
    <p class='ocr_par' dir='ltr' id='par_1_78' title="bbox 248 4249 1752 4336">
     <span class='ocr_line' id='line_1_79' title="bbox 248 4249 1752 4336; baseline 0.013 -35"><span class='ocrx_word' id='word_1_602' title='bbox 248 4249 362 4303; x_wconf 82' lang='grc' dir='ltr'>Ὅτι</span> <span class='ocrx_word' id='word_1_603' title='bbox 389 4254 563 4320; x_wconf 78' lang='grc' dir='ltr'>φασὶν</span> <span class='ocrx_word' id='word_1_604' title='bbox 588 4255 637 4306; x_wconf 82' lang='grc' dir='ltr'><strong>οἱ</strong></span> <span class='ocrx_word' id='word_1_605' title='bbox 665 4255 972 4326; x_wconf 79' lang='grc' dir='ltr'>ἐλληνισταὶ</span> <span class='ocrx_word' id='word_1_606' title='bbox 998 4263 1090 4313; x_wconf 75' lang='grc' dir='ltr'>καὶ</span> <span class='ocrx_word' id='word_1_607' title='bbox 1119 4261 1179 4314; x_wconf 83' lang='grc' dir='ltr'>τὸ</span> <span class='ocrx_word' id='word_1_608' title='bbox 1206 4263 1492 4328; x_wconf 79' lang='grc' dir='ltr'>ίουδαΐξον,</span> <span class='ocrx_word' id='word_1_609' title='bbox 1521 4265 1586 4318; x_wconf 87' lang='grc' dir='ltr'>Τί</span> <span class='ocrx_word' id='word_1_610' title='bbox 1615 4283 1752 4336; x_wconf 84' lang='grc' dir='ltr'><strong>κομ-</strong></span> 
     </span>
    </p>
   </div>
   <div class='ocr_carea' id='block_1_79' title="bbox 190 4338 1752 4424">
    <p class='ocr_par' dir='ltr' id='par_1_79' title="bbox 190 4338 1752 4424">
     <span class='ocr_line' id='line_1_80' title="bbox 190 4338 1752 4424; baseline 0.015 -36"><span class='ocrx_word' id='word_1_611' title='bbox 190 4338 334 4400; x_wconf 74' lang='grc' dir='ltr'>πάζει</span> <span class='ocrx_word' id='word_1_612' title='bbox 380 4343 600 4407; x_wconf 83' lang='grc' dir='ltr'>Παῦλος</span> <span class='ocrx_word' id='word_1_613' title='bbox 628 4345 801 4414; x_wconf 86' lang='grc' dir='ltr'>λέγων</span> <span class='ocrx_word' id='word_1_614' title='bbox 826 4365 840 4377; x_wconf 92' lang='grc'><strong>·</strong></span> <span class='ocrx_word' id='word_1_615' title='bbox 884 4351 959 4402; x_wconf 83' lang='grc' dir='ltr'><em>Τὰ</em></span> <span class='ocrx_word' id='word_1_616' title='bbox 1001 4352 1220 4421; x_wconf 76' lang='grc' dir='ltr'>ἀρχαῖα</span> <span class='ocrx_word' id='word_1_617' title='bbox 1261 4354 1598 4424; x_wconf 73' lang='grc' dir='ltr'>παρῆλθεν,</span> <span class='ocrx_word' id='word_1_618' title='bbox 1622 4356 1752 4411; x_wconf 65' lang='lat' dir='ltr'><strong>Mai)</strong></span> 
     </span>
    </p>
   </div>
   <div class='ocr_carea' id='block_1_80' title="bbox 192 4427 1754 4516">
    <p class='ocr_par' dir='ltr' id='par_1_80' title="bbox 192 4427 1754 4516">
     <span class='ocr_line' id='line_1_81' title="bbox 192 4427 1754 4516; baseline 0.013 -34"><span class='ocrx_word' id='word_1_619' title='bbox 192 4427 336 4500; x_wconf 80' lang='lat' dir='ltr'><strong>[l557</strong></span> <span class='ocrx_word' id='word_1_620' title='bbox 363 4433 456 4506; x_wconf 66' lang='lat'><strong>11.]</strong></span> <span class='ocrx_word' id='word_1_621' title='bbox 488 4435 700 4506; x_wconf 66' lang='grc' dir='ltr'>γέγονε</span> <span class='ocrx_word' id='word_1_622' title='bbox 727 4441 906 4494; x_wconf 80' lang='grc' dir='ltr'><em>καινὰ</em></span> <span class='ocrx_word' id='word_1_623' title='bbox 950 4442 1024 4496; x_wconf 83' lang='grc' dir='ltr'><strong>τὰ</strong></span> <span class='ocrx_word' id='word_1_624' title='bbox 1069 4442 1268 4498; x_wconf 80' lang='grc' dir='ltr'>πάντα</span> <span class='ocrx_word' id='word_1_625' title='bbox 1291 4465 1306 4479; x_wconf 77' lang='grc' dir='ltr'><strong>ο</strong></span> <span class='ocrx_word' id='word_1_626' title='bbox 1329 4447 1386 4500; x_wconf 82' lang='grc' dir='ltr'>εἴ</span> <span class='ocrx_word' id='word_1_627' title='bbox 1414 4465 1505 4514; x_wconf 85' lang='grc' dir='ltr'><strong>τις</strong></span> <span class='ocrx_word' id='word_1_628' title='bbox 1526 4449 1596 4501; x_wconf 79' lang='grc' dir='ltr'><strong>ἐν</strong></span> <span class='ocrx_word' id='word_1_629' title='bbox 1612 4451 1754 4516; x_wconf 85' lang='grc' dir='ltr'>Χρι-</span> 
     </span>
    </p>
   </div>
   <div class='ocr_carea' id='block_1_81' title="bbox 190 4522 1753 4610">
    <p class='ocr_par' dir='ltr' id='par_1_81' title="bbox 190 4522 1753 4610">
     <span class='ocr_line' id='line_1_82' title="bbox 190 4522 1753 4610; baseline 0.014 -38"><span class='ocrx_word' id='word_1_630' title='bbox 190 4522 318 4588; x_wconf 84' lang='grc' dir='ltr'><strong>στῷ,</strong></span> <span class='ocrx_word' id='word_1_631' title='bbox 350 4525 483 4598; x_wconf 73' lang='grc'><strong>[852</strong></span> <span class='ocrx_word' id='word_1_632' title='bbox 515 4527 608 4599; x_wconf 80' lang='lat' dir='ltr'><strong>IL]</strong></span> <span class='ocrx_word' id='word_1_633' title='bbox 637 4533 815 4600; x_wconf 78' lang='grc' dir='ltr'>καινὴ</span> <span class='ocrx_word' id='word_1_634' title='bbox 853 4535 1069 4600; x_wconf 79' lang='grc' dir='ltr'>κτίσις.</span> <span class='ocrx_word' id='word_1_635' title='bbox 1115 4537 1256 4605; x_wconf 86' lang='grc' dir='ltr'>Ἐγὼ</span> <span class='ocrx_word' id='word_1_636' title='bbox 1283 4539 1412 4609; x_wconf 81' lang='grc' dir='ltr'>γὰρ,</span> <span class='ocrx_word' id='word_1_637' title='bbox 1443 4541 1600 4610; x_wconf 77' lang='grc' dir='ltr'>φησὶ,</span> <span class='ocrx_word' id='word_1_638' title='bbox 1628 4558 1753 4594; x_wconf 85' lang='grc' dir='ltr'>και-</span> 
     </span>
    </p>
   </div>
   <div class='ocr_carea' id='block_1_82' title="bbox 191 4611 1754 4704">
    <p class='ocr_par' dir='ltr' id='par_1_82' title="bbox 191 4611 1754 4704">
     <span class='ocr_line' id='line_1_83' title="bbox 191 4611 1754 4704; baseline 0.014 -40"><span class='ocrx_word' id='word_1_639' title='bbox 191 4611 270 4704; x_wconf 82' lang='grc' dir='ltr'>νὸν</span> <span class='ocrx_word' id='word_1_640' title='bbox 297 4617 446 4670; x_wconf 77' lang='grc' dir='ltr'>οὐδὲν</span> <span class='ocrx_word' id='word_1_641' title='bbox 479 4617 684 4687; x_wconf 87' lang='grc' dir='ltr'>βλέπω.</span> <span class='ocrx_word' id='word_1_642' title='bbox 720 4622 794 4674; x_wconf 71' lang='grc' dir='ltr'><strong>Οὔ</strong></span> <span class='ocrx_word' id='word_1_643' title='bbox 826 4623 937 4693; x_wconf 79' lang='grc' dir='ltr'><strong>γὰρ</strong></span> <span class='ocrx_word' id='word_1_644' title='bbox 966 4623 1112 4694; x_wconf 78' lang='grc' dir='ltr'>ἔχεις</span> <span class='ocrx_word' id='word_1_645' title='bbox 1134 4627 1473 4698; x_wconf 82' lang='grc' dir='ltr'>ὀφθαλμοὺς.</span> <span class='ocrx_word' id='word_1_646' title='bbox 1524 4630 1611 4684; x_wconf 83' lang='grc' dir='ltr'>ἵνα</span> <span class='ocrx_word' id='word_1_647' title='bbox 1637 4632 1754 4704; x_wconf 74' lang='grc' dir='ltr'>ἴδῃς</span> 
     </span>
    </p>
   </div>
   <div class='ocr_carea' id='block_1_83' title="bbox 190 4703 1751 4794">
    <p class='ocr_par' dir='ltr' id='par_1_83' title="bbox 190 4703 1751 4794">
     <span class='ocr_line' id='line_1_84' title="bbox 190 4703 1751 4794; baseline 0.014 -39"><span class='ocrx_word' id='word_1_648' title='bbox 190 4703 367 4760; x_wconf 82' lang='grc' dir='ltr'>ταῦτα.</span> <span class='ocrx_word' id='word_1_649' title='bbox 403 4709 599 4779; x_wconf 80' lang='grc' dir='ltr'>Δεῦρο,</span> <span class='ocrx_word' id='word_1_650' title='bbox 631 4713 725 4766; x_wconf 77' lang='lat' dir='ltr'><strong>xal</strong></span> <span class='ocrx_word' id='word_1_651' title='bbox 753 4715 966 4785; x_wconf 84' lang='grc' dir='ltr'>ποιήσω</span> <span class='ocrx_word' id='word_1_652' title='bbox 1001 4733 1084 4770; x_wconf 89' lang='grc' dir='ltr'><strong>σοι</strong></span> <span class='ocrx_word' id='word_1_653' title='bbox 1108 4717 1442 4787; x_wconf 77' lang='grc' dir='ltr'>ὀφθαλμούς.</span> <span class='ocrx_word' id='word_1_654' title='bbox 1461 4723 1573 4776; x_wconf 81' lang='lat' dir='ltr'><strong>Kal</strong></span> <span class='ocrx_word' id='word_1_655' title='bbox 1593 4724 1751 4794; x_wconf 83' lang='grc' dir='ltr'>ὁρᾷς,</span> 
     </span>
    </p>
   </div>
   <div class='ocr_carea' id='block_1_84' title="bbox 195 4800 1758 4884">
    <p class='ocr_par' dir='ltr' id='par_1_84' title="bbox 195 4800 1758 4884">
     <span class='ocr_line' id='line_1_85' title="bbox 195 4800 1758 4884; baseline 0.013 -34"><span class='ocrx_word' id='word_1_656' title='bbox 195 4800 280 4851; x_wconf 78' lang='grc' dir='ltr'><strong>καὶ</strong></span> <span class='ocrx_word' id='word_1_657' title='bbox 305 4803 368 4854; x_wconf 83' lang='grc' dir='ltr'>σὺ</span> <span class='ocrx_word' id='word_1_658' title='bbox 396 4806 576 4867; x_wconf 84' lang='grc' dir='ltr'>ποιεῖς</span> <span class='ocrx_word' id='word_1_659' title='bbox 604 4806 954 4876; x_wconf 84' lang='grc' dir='ltr'>ὀφθαλμούς;</span> <span class='ocrx_word' id='word_1_660' title='bbox 982 4811 1088 4865; x_wconf 87' lang='grc' dir='ltr'>ναί.</span> <span class='ocrx_word' id='word_1_661' title='bbox 1120 4813 1230 4866; x_wconf 83' lang='lat' dir='ltr'><strong>Kal.</strong></span> <span class='ocrx_word' id='word_1_662' title='bbox 1288 4814 1635 4884; x_wconf 83' lang='grc' dir='ltr'>Δημιουργδς</span> <span class='ocrx_word' id='word_1_663' title='bbox 1673 4811 1758 4883; x_wconf 66' lang='lat' dir='ltr'><strong>ei;</strong></span> 
     </span>
    </p>
   </div>
   <div class='ocr_carea' id='block_1_85' title="bbox 196 4888 1759 4975">
    <p class='ocr_par' dir='ltr' id='par_1_85' title="bbox 196 4888 1759 4975">
     <span class='ocr_line' id='line_1_86' title="bbox 196 4888 1759 4975; baseline 0.011 -33"><span class='ocrx_word' id='word_1_664' title='bbox 196 4888 279 4938; x_wconf 80' lang='grc' dir='ltr'><strong>καὶ</strong></span> <span class='ocrx_word' id='word_1_665' title='bbox 307 4893 473 4946; x_wconf 80' lang='grc' dir='ltr'>πάνυ.</span> <span class='ocrx_word' id='word_1_666' title='bbox 518 4894 592 4946; x_wconf 82' lang='grc' dir='ltr'><strong>Σὺ</strong></span> <span class='ocrx_word' id='word_1_667' title='bbox 637 4896 1030 4968; x_wconf 84' lang='grc' dir='ltr'><strong>ἀπονενόησαι;</strong></span> <span class='ocrx_word' id='word_1_668' title='bbox 1075 4901 1218 4970; x_wconf 80' lang='grc' dir='ltr'>οὐχί.</span> <span class='ocrx_word' id='word_1_669' title='bbox 1267 4901 1480 4958; x_wconf 83' lang='grc' dir='ltr'>Οὐκοῦν</span> <span class='ocrx_word' id='word_1_670' title='bbox 1531 4904 1759 4975; x_wconf 85' lang='grc' dir='ltr'>ποίησον</span> 
     </span>
    </p>
   </div>
   <div class='ocr_carea' id='block_1_86' title="bbox 195 4978 1762 5067">
    <p class='ocr_par' dir='ltr' id='par_1_86' title="bbox 195 4978 1762 5067">
     <span class='ocr_line' id='line_1_87' title="bbox 195 4978 1762 5067; baseline 0.015 -39"><span class='ocrx_word' id='word_1_671' title='bbox 195 4978 493 5054; x_wconf 79' lang='grc' dir='ltr'>ὀφθαλμοὺς</span> <span class='ocrx_word' id='word_1_672' title='bbox 523 4985 617 5039; x_wconf 87' lang='grc' dir='ltr'><strong>τοῦ</strong></span> <span class='ocrx_word' id='word_1_673' title='bbox 643 4988 928 5057; x_wconf 85' lang='grc' dir='ltr'>σώματος;</span> <span class='ocrx_word' id='word_1_674' title='bbox 961 4993 1081 5058; x_wconf 83' lang='grc' dir='ltr'>οὐκ,</span> <span class='ocrx_word' id='word_1_675' title='bbox 1123 4993 1261 5048; x_wconf 75' lang='grc' dir='ltr'>ἀλλὰ</span> <span class='ocrx_word' id='word_1_676' title='bbox 1307 4996 1368 5048; x_wconf 84' lang='grc' dir='ltr'>τὸ</span> <span class='ocrx_word' id='word_1_677' title='bbox 1415 4996 1624 5066; x_wconf 72' lang='grc' dir='ltr'>μεῖζον,</span> <span class='ocrx_word' id='word_1_678' title='bbox 1661 4997 1762 5067; x_wconf 83' lang='grc' dir='ltr'>τῆς</span> 
     </span>
    </p>
   </div>
   <div class='ocr_carea' id='block_1_87' title="bbox 197 5071 1760 5162">
    <p class='ocr_par' dir='ltr' id='par_1_87' title="bbox 197 5071 1760 5162">
     <span class='ocr_line' id='line_1_88' title="bbox 197 5071 1760 5162; baseline 0.013 -39"><span class='ocrx_word' id='word_1_679' title='bbox 197 5071 434 5141; x_wconf 79' lang='grc' dir='ltr'>διανοίας.</span> <span class='ocrx_word' id='word_1_680' title='bbox 451 5081 564 5134; x_wconf 76' lang='grc' dir='ltr'><strong>Καὶ</strong></span> <span class='ocrx_word' id='word_1_681' title='bbox 587 5086 760 5148; x_wconf 87' lang='grc' dir='ltr'>ποιεῖς</span> <span class='ocrx_word' id='word_1_682' title='bbox 789 5103 879 5155; x_wconf 83' lang='grc' dir='ltr'><strong>μοι</strong></span> <span class='ocrx_word' id='word_1_683' title='bbox 901 5087 1213 5157; x_wconf 81' lang='grc' dir='ltr'>ὀφθαλμούς</span> <span class='ocrx_word' id='word_1_684' title='bbox 1233 5106 1248 5154; x_wconf 88' lang='grc'>;</span> <span class='ocrx_word' id='word_1_685' title='bbox 1274 5091 1530 5159; x_wconf 81' lang='grc' dir='ltr'>μάλιστα.</span> <span class='ocrx_word' id='word_1_686' title='bbox 1553 5091 1629 5144; x_wconf 79' lang='grc' dir='ltr'><strong>Οὐ</strong></span> <span class='ocrx_word' id='word_1_687' title='bbox 1651 5090 1760 5162; x_wconf 84' lang='grc' dir='ltr'>γὰρ</span> 
     </span>
    </p>
   </div>
   <div class='ocr_carea' id='block_1_88' title="bbox 201 5163 1761 5252">
    <p class='ocr_par' dir='ltr' id='par_1_88' title="bbox 201 5163 1761 5252">
     <span class='ocr_line' id='line_1_89' title="bbox 201 5163 1761 5252; baseline 0.008 -29"><span class='ocrx_word' id='word_1_688' title='bbox 201 5163 324 5234; x_wconf 62' lang='lat' dir='ltr'><strong>Exte;</strong></span> <span class='ocrx_word' id='word_1_689' title='bbox 357 5173 503 5242; x_wconf 80' lang='grc' dir='ltr'>οὐχί.</span> <span class='ocrx_word' id='word_1_690' title='bbox 535 5176 608 5228; x_wconf 80' lang='grc' dir='ltr'>Σὺ</span> <span class='ocrx_word' id='word_1_691' title='bbox 640 5177 698 5229; x_wconf 85' lang='grc' dir='ltr'>δὲ</span> <span class='ocrx_word' id='word_1_692' title='bbox 728 5177 905 5248; x_wconf 83' lang='grc' dir='ltr'>ἕχεις;</span> <span class='ocrx_word' id='word_1_693' title='bbox 936 5179 1042 5233; x_wconf 89' lang='grc' dir='ltr'>ναί.</span> <span class='ocrx_word' id='word_1_694' title='bbox 1076 5181 1197 5245; x_wconf 81' lang='grc' dir='ltr'>Πῶς</span> <span class='ocrx_word' id='word_1_695' title='bbox 1224 5199 1240 5248; x_wconf 91' lang='grc'>;</span> <span class='ocrx_word' id='word_1_696' title='bbox 1271 5181 1393 5235; x_wconf 74' lang='grc' dir='ltr'>εἰπέ</span> <span class='ocrx_word' id='word_1_697' title='bbox 1433 5199 1544 5252; x_wconf 88' lang='grc' dir='ltr'>μοι.</span> <span class='ocrx_word' id='word_1_698' title='bbox 1592 5184 1761 5236; x_wconf 88' lang='grc' dir='ltr'>Ὅταν</span> 
     </span>
    </p>
   </div>
   <div class='ocr_carea' id='block_1_89' title="bbox 203 5258 1762 5343">
    <p class='ocr_par' dir='ltr' id='par_1_89' title="bbox 203 5258 1762 5343">
     <span class='ocr_line' id='line_1_90' title="bbox 203 5258 1762 5343; baseline 0.011 -33"><span class='ocrx_word' id='word_1_699' title='bbox 203 5258 431 5335; x_wconf 79' lang='grc' dir='ltr'>ἀπέλθῃς</span> <span class='ocrx_word' id='word_1_700' title='bbox 461 5267 542 5329; x_wconf 79' lang='grc' dir='ltr'>εἰς</span> <span class='ocrx_word' id='word_1_701' title='bbox 565 5268 713 5334; x_wconf 82' lang='grc' dir='ltr'>ναὸν,</span> <span class='ocrx_word' id='word_1_702' title='bbox 738 5270 834 5322; x_wconf 84' lang='grc' dir='ltr'><strong>καὶ</strong></span> <span class='ocrx_word' id='word_1_703' title='bbox 864 5271 978 5340; x_wconf 76' lang='grc' dir='ltr'>ἴδῃς</span> <span class='ocrx_word' id='word_1_704' title='bbox 1005 5272 1123 5324; x_wconf 76' lang='grc' dir='ltr'><strong>ἐκεῖ</strong></span> <span class='ocrx_word' id='word_1_705' title='bbox 1149 5272 1335 5335; x_wconf 84' lang='grc' dir='ltr'>ξόανον</span> <span class='ocrx_word' id='word_1_706' title='bbox 1358 5274 1588 5343; x_wconf 85' lang='grc' dir='ltr'>γυμνὸν,</span> <span class='ocrx_word' id='word_1_707' title='bbox 1616 5273 1762 5327; x_wconf 85' lang='grc' dir='ltr'>λίθον</span> 
     </span>
    </p>
   </div>
   <div class='ocr_carea' id='block_1_90' title="bbox 204 5349 1764 5435">
    <p class='ocr_par' dir='ltr' id='par_1_90' title="bbox 204 5349 1764 5435">
     <span class='ocr_line' id='line_1_91' title="bbox 204 5349 1764 5435; baseline 0.012 -34"><span class='ocrx_word' id='word_1_708' title='bbox 204 5349 533 5420; x_wconf 70' lang='grc' dir='ltr'>ἄφωνον,καὶ</span> <span class='ocrx_word' id='word_1_709' title='bbox 563 5360 725 5428; x_wconf 79' lang='grc' dir='ltr'>εἴπῃς</span> <span class='ocrx_word' id='word_1_710' title='bbox 745 5353 900 5424; x_wconf 77' lang='grc' dir='ltr'>οὗτος</span> <span class='ocrx_word' id='word_1_711' title='bbox 924 5361 1100 5426; x_wconf 82' lang='grc' dir='ltr'>ὁΘεός</span> <span class='ocrx_word' id='word_1_712' title='bbox 1120 5364 1288 5430; x_wconf 74' lang='grc' dir='ltr'>ἐστιν,</span> <span class='ocrx_word' id='word_1_713' title='bbox 1315 5361 1427 5433; x_wconf 84' lang='grc' dir='ltr'>ἆρα</span> <span class='ocrx_word' id='word_1_714' title='bbox 1452 5364 1764 5435; x_wconf 80' lang='grc' dir='ltr'>ὀφθαλμοὺς</span> 
     </span>
    </p>
   </div>
   <div class='ocr_carea' id='block_1_91' title="bbox 207 5441 1764 5526">
    <p class='ocr_par' dir='ltr' id='par_1_91' title="bbox 207 5441 1764 5526">
     <span class='ocr_line' id='line_1_92' title="bbox 207 5441 1764 5526; baseline -0.002 -16"><span class='ocrx_word' id='word_1_715' title='bbox 207 5441 334 5510; x_wconf 73' lang='grc' dir='ltr'>ἔχεις</span> <span class='ocrx_word' id='word_1_716' title='bbox 351 5463 366 5510; x_wconf 83' lang='grc'>;</span> <span class='ocrx_word' id='word_1_717' title='bbox 398 5447 476 5517; x_wconf 84' lang='grc' dir='ltr'>μὴ</span> <span class='ocrx_word' id='word_1_718' title='bbox 504 5450 612 5520; x_wconf 79' lang='grc' dir='ltr'>γὰρ</span> <span class='ocrx_word' id='word_1_719' title='bbox 643 5450 838 5520; x_wconf 75' lang='grc' dir='ltr'>ῦφελὸς</span> <span class='ocrx_word' id='word_1_720' title='bbox 867 5469 919 5505; x_wconf 87' lang='grc' dir='ltr'><strong>τι</strong></span> <span class='ocrx_word' id='word_1_721' title='bbox 947 5453 1056 5507; x_wconf 85' lang='grc' dir='ltr'><strong>τῶν</strong></span> <span class='ocrx_word' id='word_1_722' title='bbox 1077 5451 1277 5519; x_wconf 77' lang='grc' dir='ltr'>ἔξωθεν</span> <span class='ocrx_word' id='word_1_723' title='bbox 1308 5455 1629 5526; x_wconf 82' lang='grc' dir='ltr'>ὀφθαλμῶν,</span> <span class='ocrx_word' id='word_1_724' title='bbox 1654 5455 1764 5508; x_wconf 85' lang='grc' dir='ltr'><strong>τῶν</strong></span> 
     </span>
    </p>
   </div>
   <div class='ocr_carea' id='block_1_92' title="bbox 1855 4022 3431 4095">
    <p class='ocr_par' dir='ltr' id='par_1_92' title="bbox 1855 4022 3431 4095">
     <span class='ocr_line' id='line_1_93' title="bbox 1855 4022 3431 4095; baseline -0.004 -11"><span class='ocrx_word' id='word_1_725' title='bbox 1855 4030 1941 4084; x_wconf 77' lang='lat' dir='ltr'><strong>Ea:</strong></span> <span class='ocrx_word' id='word_1_726' title='bbox 1967 4031 2150 4083; x_wconf 87' lang='lat' dir='ltr'><strong>eadem</strong></span> <span class='ocrx_word' id='word_1_727' title='bbox 2203 4028 2425 4081; x_wconf 84' lang='lat' dir='ltr'><strong>homilia</strong></span> <span class='ocrx_word' id='word_1_728' title='bbox 2477 4029 2531 4080; x_wconf 89' lang='lat' dir='ltr'><strong>in</strong></span> <span class='ocrx_word' id='word_1_729' title='bbox 2579 4029 2777 4080; x_wconf 86' lang='lat' dir='ltr'><strong>dictum</strong></span> <span class='ocrx_word' id='word_1_730' title='bbox 2825 4022 3064 4091; x_wconf 81' lang='lat' dir='ltr'><strong>Apostoli</strong></span> <span class='ocrx_word' id='word_1_731' title='bbox 3101 4036 3120 4074; x_wconf 92' lang='lat'><strong><em>:</em></strong></span> <span class='ocrx_word' id='word_1_732' title='bbox 3161 4041 3180 4073; x_wconf 72' lang='grc' dir='ltr'><strong>ι</strong></span> <span class='ocrx_word' id='word_1_733' title='bbox 3223 4022 3282 4078; x_wconf 86' lang='lat' dir='ltr'><strong>Si</strong></span> <span class='ocrx_word' id='word_1_734' title='bbox 3324 4042 3431 4095; x_wconf 85' lang='lat' dir='ltr'><strong>qua</strong></span> 
     </span>
    </p>
   </div>
   <div class='ocr_carea' id='block_1_93' title="bbox 1925 4095 3427 4168">
    <p class='ocr_par' dir='ltr' id='par_1_93' title="bbox 1925 4095 3427 4168">
     <span class='ocr_line' id='line_1_94' title="bbox 1925 4095 3427 4168; baseline -0.003 -14"><span class='ocrx_word' id='word_1_735' title='bbox 1925 4117 2046 4168; x_wconf 84' lang='lat' dir='ltr'><strong>ergo</strong></span> <span class='ocrx_word' id='word_1_736' title='bbox 2073 4102 2126 4153; x_wconf 91' lang='lat' dir='ltr'><strong>in</strong></span> <span class='ocrx_word' id='word_1_737' title='bbox 2155 4099 2368 4154; x_wconf 86' lang='lat' dir='ltr'><strong>Christo</strong></span> <span class='ocrx_word' id='word_1_738' title='bbox 2398 4115 2532 4152; x_wconf 88' lang='lat' dir='ltr'><strong>nova</strong></span> <span class='ocrx_word' id='word_1_739' title='bbox 2559 4111 2807 4150; x_wconf 82' lang='lat' dir='ltr'><strong>creatura</strong></span> <span class='ocrx_word' id='word_1_740' title='bbox 2828 4112 2850 4150; x_wconf 91' lang='lat'><strong><em>:</em></strong></span> <span class='ocrx_word' id='word_1_741' title='bbox 2881 4105 3054 4149; x_wconf 80' lang='lat' dir='ltr'><strong>vetera</strong></span> <span class='ocrx_word' id='word_1_742' title='bbox 3078 4095 3427 4162; x_wconf 84' lang='lat' dir='ltr'><strong>transierant,</strong></span> 
     </span>
    </p>
   </div>
   <div class='ocr_carea' id='block_1_94' title="bbox 1925 4169 2860 4240">
    <p class='ocr_par' dir='ltr' id='par_1_94' title="bbox 1925 4169 2860 4240">
     <span class='ocr_line' id='line_1_95' title="bbox 1925 4169 2860 4240; baseline -0.007 -15"><span class='ocrx_word' id='word_1_743' title='bbox 1925 4188 2042 4225; x_wconf 84' lang='lat' dir='ltr'><strong>ecce</strong></span> <span class='ocrx_word' id='word_1_744' title='bbox 2081 4173 2225 4240; x_wconf 77' lang='lat' dir='ltr'><strong>facta</strong></span> <span class='ocrx_word' id='word_1_745' title='bbox 2253 4180 2376 4223; x_wconf 87' lang='lat' dir='ltr'><strong>sunt</strong></span> <span class='ocrx_word' id='word_1_746' title='bbox 2409 4169 2584 4221; x_wconf 84' lang='lat' dir='ltr'><strong>omnia</strong></span> <span class='ocrx_word' id='word_1_747' title='bbox 2613 4183 2747 4221; x_wconf 82' lang='lat' dir='ltr'><strong>nova</strong></span> <span class='ocrx_word' id='word_1_748' title='bbox 2783 4177 2860 4220; x_wconf 74' lang='grc' dir='ltr'><strong>ι.»</strong></span> 
     </span>
    </p>
   </div>
   <div class='ocr_carea' id='block_1_95' title="bbox 1930 4255 3433 4332">
    <p class='ocr_par' dir='ltr' id='par_1_95' title="bbox 1930 4255 3433 4332">
     <span class='ocr_line' id='line_1_96' title="bbox 1930 4255 3433 4332; baseline -0.004 -16"><span class='ocrx_word' id='word_1_749' title='bbox 1930 4259 2101 4316; x_wconf 68' lang='lat' dir='ltr'><strong>Judzei</strong></span> <span class='ocrx_word' id='word_1_750' title='bbox 2133 4271 2187 4315; x_wconf 91' lang='lat' dir='ltr'><strong>et</strong></span> <span class='ocrx_word' id='word_1_751' title='bbox 2209 4270 2396 4332; x_wconf 86' lang='lat' dir='ltr'><strong>gentes</strong></span> <span class='ocrx_word' id='word_1_752' title='bbox 2445 4260 2634 4314; x_wconf 87' lang='lat' dir='ltr'><strong>dicunt</strong></span> <span class='ocrx_word' id='word_1_753' title='bbox 2683 4277 2698 4312; x_wconf 92' lang='lat'><strong>:</strong></span> <span class='ocrx_word' id='word_1_754' title='bbox 2734 4257 2895 4324; x_wconf 70' lang='lat' dir='ltr'><strong>Quid:</strong></span> <span class='ocrx_word' id='word_1_755' title='bbox 2935 4257 3201 4329; x_wconf 84' lang='lat' dir='ltr'><strong>gloriatur</strong></span> <span class='ocrx_word' id='word_1_756' title='bbox 3232 4255 3433 4310; x_wconf 77' lang='lat' dir='ltr'><strong>Paulus</strong></span> 
     </span>
    </p>
   </div>
   <div class='ocr_carea' id='block_1_96' title="bbox 1861 4345 3435 4425">
    <p class='ocr_par' dir='ltr' id='par_1_96' title="bbox 1861 4345 3435 4425">
     <span class='ocr_line' id='line_1_97' title="bbox 1861 4345 3435 4425; baseline -0.008 -16"><span class='ocrx_word' id='word_1_757' title='bbox 1861 4355 2048 4410; x_wconf 91' lang='lat' dir='ltr'><strong>dicens</strong></span> <span class='ocrx_word' id='word_1_758' title='bbox 2086 4372 2100 4408; x_wconf 89' lang='lat'>:</span> <span class='ocrx_word' id='word_1_759' title='bbox 2148 4351 2330 4405; x_wconf 86' lang='lat' dir='ltr'><strong>Vetera</strong></span> <span class='ocrx_word' id='word_1_760' title='bbox 2360 4348 2705 4425; x_wconf 69' lang='lat' dir='ltr'><strong>transierunt,</strong></span> <span class='ocrx_word' id='word_1_761' title='bbox 2759 4363 2874 4400; x_wconf 82' lang='lat' dir='ltr'><strong>ecce</strong></span> <span class='ocrx_word' id='word_1_762' title='bbox 2917 4346 3064 4415; x_wconf 76' lang='lat' dir='ltr'><strong>facta</strong></span> <span class='ocrx_word' id='word_1_763' title='bbox 3110 4352 3233 4399; x_wconf 84' lang='lat' dir='ltr'><strong>sunt</strong></span> <span class='ocrx_word' id='word_1_764' title='bbox 3256 4345 3435 4397; x_wconf 87' lang='lat' dir='ltr'><strong>omnia</strong></span> 
     </span>
    </p>
   </div>
   <div class='ocr_carea' id='block_1_97' title="bbox 1862 4435 3432 4513">
    <p class='ocr_par' dir='ltr' id='par_1_97' title="bbox 1862 4435 3432 4513">
     <span class='ocr_line' id='line_1_98' title="bbox 1862 4435 3432 4513; baseline -0.006 -13"><span class='ocrx_word' id='word_1_765' title='bbox 1862 4461 2015 4500; x_wconf 86' lang='lat' dir='ltr'><strong>nova.</strong></span> <span class='ocrx_word' id='word_1_766' title='bbox 2052 4443 2230 4513; x_wconf 84' lang='lat' dir='ltr'><strong>Siqua</strong></span> <span class='ocrx_word' id='word_1_767' title='bbox 2249 4444 2302 4495; x_wconf 90' lang='lat' dir='ltr'><strong>in</strong></span> <span class='ocrx_word' id='word_1_768' title='bbox 2343 4439 2556 4496; x_wconf 83' lang='lat' dir='ltr'><strong>Christo</strong></span> <span class='ocrx_word' id='word_1_769' title='bbox 2613 4454 2748 4492; x_wconf 75' lang='lat' dir='ltr'><strong>nova</strong></span> <span class='ocrx_word' id='word_1_770' title='bbox 2797 4447 3067 4492; x_wconf 79' lang='lat' dir='ltr'><strong>creatura.</strong></span> <span class='ocrx_word' id='word_1_771' title='bbox 3116 4435 3230 4507; x_wconf 86' lang='lat' dir='ltr'><strong>Ego</strong></span> <span class='ocrx_word' id='word_1_772' title='bbox 3281 4451 3432 4498; x_wconf 85' lang='lat' dir='ltr'><strong>vero,</strong></span> 
     </span>
    </p>
   </div>
   <div class='ocr_carea' id='block_1_98' title="bbox 1864 4526 3439 4605">
    <p class='ocr_par' dir='ltr' id='par_1_98' title="bbox 1864 4526 3439 4605">
     <span class='ocr_line' id='line_1_99' title="bbox 1864 4526 3439 4605; baseline -0.006 -16"><span class='ocrx_word' id='word_1_773' title='bbox 1864 4535 2061 4605; x_wconf 88' lang='lat' dir='ltr'><strong>inquit,</strong></span> <span class='ocrx_word' id='word_1_774' title='bbox 2089 4533 2226 4587; x_wconf 88' lang='lat' dir='ltr'><strong>nihil</strong></span> <span class='ocrx_word' id='word_1_775' title='bbox 2256 4546 2457 4587; x_wconf 90' lang='lat' dir='ltr'><strong>novum</strong></span> <span class='ocrx_word' id='word_1_776' title='bbox 2493 4529 2671 4584; x_wconf 87' lang='lat' dir='ltr'><strong>video.</strong></span> <span class='ocrx_word' id='word_1_777' title='bbox 2701 4526 2820 4582; x_wconf 86' lang='lat' dir='ltr'><strong>Non</strong></span> <span class='ocrx_word' id='word_1_778' title='bbox 2865 4528 3010 4582; x_wconf 90' lang='lat' dir='ltr'><strong>enim</strong></span> <span class='ocrx_word' id='word_1_779' title='bbox 3050 4527 3218 4582; x_wconf 85' lang='lat' dir='ltr'><strong>habes</strong></span> <span class='ocrx_word' id='word_1_780' title='bbox 3244 4527 3439 4581; x_wconf 89' lang='lat' dir='ltr'><strong>oculos</strong></span> 
     </span>
    </p>
   </div>
   <div class='ocr_carea' id='block_1_99' title="bbox 1865 4618 3434 4685">
    <p class='ocr_par' dir='ltr' id='par_1_99' title="bbox 1865 4618 3434 4685">
     <span class='ocr_line' id='line_1_100' title="bbox 1865 4618 3434 4685; baseline -0.004 -4"><span class='ocrx_word' id='word_1_781' title='bbox 1865 4637 1924 4681; x_wconf 94' lang='lat' dir='ltr'><strong>ut</strong></span> <span class='ocrx_word' id='word_1_782' title='bbox 1949 4626 2135 4682; x_wconf 87' lang='lat' dir='ltr'><strong>videas</strong></span> <span class='ocrx_word' id='word_1_783' title='bbox 2167 4625 2302 4679; x_wconf 66' lang='lat' dir='ltr'><strong>haec.</strong></span> <span class='ocrx_word' id='word_1_784' title='bbox 2345 4621 2558 4677; x_wconf 85' lang='lat' dir='ltr'><strong>Accede</strong></span> <span class='ocrx_word' id='word_1_785' title='bbox 2583 4622 2713 4685; x_wconf 92' lang='lat' dir='ltr'><strong>huc,</strong></span> <span class='ocrx_word' id='word_1_786' title='bbox 2756 4629 2811 4676; x_wconf 89' lang='lat' dir='ltr'><strong>et</strong></span> <span class='ocrx_word' id='word_1_787' title='bbox 2852 4619 3046 4673; x_wconf 75' lang='lat' dir='ltr'><strong>faciam</strong></span> <span class='ocrx_word' id='word_1_788' title='bbox 3084 4618 3178 4672; x_wconf 86' lang='lat' dir='ltr'><strong>tibi</strong></span> <span class='ocrx_word' id='word_1_789' title='bbox 3224 4619 3434 4674; x_wconf 87' lang='lat' dir='ltr'><strong>oculos.</strong></span> 
     </span>
    </p>
   </div>
   <div class='ocr_carea' id='block_1_100' title="bbox 1861 4707 3442 4780">
    <p class='ocr_par' dir='ltr' id='par_1_100' title="bbox 1861 4707 3442 4780">
     <span class='ocr_line' id='line_1_101' title="bbox 1861 4707 3442 4780; baseline -0.008 -7"><span class='ocrx_word' id='word_1_790' title='bbox 1861 4719 1930 4773; x_wconf 86' lang='lat' dir='ltr'><strong>Et</strong></span> <span class='ocrx_word' id='word_1_791' title='bbox 1957 4717 2130 4780; x_wconf 89' lang='lat' dir='ltr'><strong>vides,</strong></span> <span class='ocrx_word' id='word_1_792' title='bbox 2167 4724 2222 4769; x_wconf 88' lang='lat' dir='ltr'><strong>et</strong></span> <span class='ocrx_word' id='word_1_793' title='bbox 2266 4723 2325 4768; x_wconf 93' lang='lat' dir='ltr'><strong>tu</strong></span> <span class='ocrx_word' id='word_1_794' title='bbox 2363 4711 2497 4767; x_wconf 80' lang='lat' dir='ltr'><strong>facis</strong></span> <span class='ocrx_word' id='word_1_795' title='bbox 2539 4711 2732 4766; x_wconf 91' lang='lat' dir='ltr'><strong>oculos</strong></span> <span class='ocrx_word' id='word_1_796' title='bbox 2757 4710 2794 4770; x_wconf 79' lang='lat'><strong>,?</strong></span> <span class='ocrx_word' id='word_1_797' title='bbox 2847 4712 2945 4762; x_wconf 84' lang='lat' dir='ltr'><strong>Ita.</strong></span> <span class='ocrx_word' id='word_1_798' title='bbox 2999 4707 3066 4763; x_wconf 88' lang='lat' dir='ltr'><strong>Et</strong></span> <span class='ocrx_word' id='word_1_799' title='bbox 3103 4717 3318 4762; x_wconf 85' lang='lat' dir='ltr'><strong>creator</strong></span> <span class='ocrx_word' id='word_1_800' title='bbox 3342 4708 3442 4760; x_wconf 86' lang='lat' dir='ltr'><strong>es?</strong></span> 
     </span>
    </p>
   </div>
   <div class='ocr_carea' id='block_1_101' title="bbox 1864 4797 3440 4871">
    <p class='ocr_par' dir='ltr' id='par_1_101' title="bbox 1864 4797 3440 4871">
     <span class='ocr_line' id='line_1_102' title="bbox 1864 4797 3440 4871; baseline -0.008 -8"><span class='ocrx_word' id='word_1_801' title='bbox 1864 4807 2108 4864; x_wconf 86' lang='lat' dir='ltr'><strong>omnino.</strong></span> <span class='ocrx_word' id='word_1_802' title='bbox 2155 4803 2308 4859; x_wconf 89' lang='lat' dir='ltr'><strong>Tune</strong></span> <span class='ocrx_word' id='word_1_803' title='bbox 2351 4804 2577 4858; x_wconf 89' lang='lat' dir='ltr'><strong>demens</strong></span> <span class='ocrx_word' id='word_1_804' title='bbox 2605 4803 2712 4857; x_wconf 87' lang='lat' dir='ltr'><strong>es?</strong></span> <span class='ocrx_word' id='word_1_805' title='bbox 2752 4815 3122 4871; x_wconf 87' lang='lat' dir='ltr'><strong>nequaquam.</strong></span> <span class='ocrx_word' id='word_1_806' title='bbox 3159 4797 3325 4870; x_wconf 88' lang='lat' dir='ltr'><strong>Igitur</strong></span> <span class='ocrx_word' id='word_1_807' title='bbox 3359 4799 3440 4851; x_wconf 81' lang='lat' dir='ltr'><strong>fa-</strong></span> 
     </span>
    </p>
   </div>
   <div class='ocr_carea' id='block_1_102' title="bbox 1863 4887 3441 4965">
    <p class='ocr_par' dir='ltr' id='par_1_102' title="bbox 1863 4887 3441 4965">
     <span class='ocr_line' id='line_1_103' title="bbox 1863 4887 3441 4965; baseline -0.01 -10"><span class='ocrx_word' id='word_1_808' title='bbox 1863 4901 1977 4956; x_wconf 89' lang='lat' dir='ltr'><strong>cies</strong></span> <span class='ocrx_word' id='word_1_809' title='bbox 2023 4897 2213 4952; x_wconf 90' lang='lat' dir='ltr'><strong>oculos</strong></span> <span class='ocrx_word' id='word_1_810' title='bbox 2259 4895 2544 4965; x_wconf 80' lang='lat' dir='ltr'><strong>corporis?</strong></span> <span class='ocrx_word' id='word_1_811' title='bbox 2591 4909 2957 4963; x_wconf 85' lang='lat' dir='ltr'><strong>nequaquam,</strong></span> <span class='ocrx_word' id='word_1_812' title='bbox 3009 4891 3103 4946; x_wconf 88' lang='lat' dir='ltr'><strong>sed</strong></span> <span class='ocrx_word' id='word_1_813' title='bbox 3130 4889 3313 4958; x_wconf 88' lang='lat' dir='ltr'><strong>majus</strong></span> <span class='ocrx_word' id='word_1_814' title='bbox 3338 4887 3441 4941; x_wconf 91' lang='lat' dir='ltr'><strong>ali-</strong></span> 
     </span>
    </p>
   </div>
   <div class='ocr_carea' id='block_1_103' title="bbox 1864 4980 3438 5064">
    <p class='ocr_par' dir='ltr' id='par_1_103' title="bbox 1864 4980 3438 5064">
     <span class='ocr_line' id='line_1_104' title="bbox 1864 4980 3438 5064; baseline -0.008 -18"><span class='ocrx_word' id='word_1_815' title='bbox 1864 4990 2220 5064; x_wconf 90' lang='lat' dir='ltr'><strong>quid,oculos</strong></span> <span class='ocrx_word' id='word_1_816' title='bbox 2247 4992 2468 5045; x_wconf 90' lang='lat' dir='ltr'><strong>mentis.</strong></span> <span class='ocrx_word' id='word_1_817' title='bbox 2501 4987 2569 5042; x_wconf 89' lang='lat' dir='ltr'><strong>Et</strong></span> <span class='ocrx_word' id='word_1_818' title='bbox 2599 4988 2736 5043; x_wconf 81' lang='lat' dir='ltr'><strong>facis</strong></span> <span class='ocrx_word' id='word_1_819' title='bbox 2766 4986 2898 5039; x_wconf 91' lang='lat' dir='ltr'><strong>mihi</strong></span> <span class='ocrx_word' id='word_1_820' title='bbox 2931 4983 3163 5040; x_wconf 90' lang='lat' dir='ltr'><strong>oculos?</strong></span> <span class='ocrx_word' id='word_1_821' title='bbox 3191 4981 3290 5036; x_wconf 88' lang='lat' dir='ltr'><strong>lta.</strong></span> <span class='ocrx_word' id='word_1_822' title='bbox 3320 4980 3438 5035; x_wconf 87' lang='lat' dir='ltr'><strong>Non</strong></span> 
     </span>
    </p>
   </div>
   <div class='ocr_carea' id='block_1_104' title="bbox 1866 5072 3438 5152">
    <p class='ocr_par' dir='ltr' id='par_1_104' title="bbox 1866 5072 3438 5152">
     <span class='ocr_line' id='line_1_105' title="bbox 1866 5072 3438 5152; baseline -0.011 -11"><span class='ocrx_word' id='word_1_823' title='bbox 1866 5087 2013 5142; x_wconf 90' lang='lat' dir='ltr'><strong>enim</strong></span> <span class='ocrx_word' id='word_1_824' title='bbox 2063 5082 2677 5152; x_wconf 83' lang='lat' dir='ltr'><strong>habeo?Ncquaquam.</strong></span> <span class='ocrx_word' id='word_1_825' title='bbox 2739 5078 2818 5133; x_wconf 91' lang='lat' dir='ltr'><strong>Tu</strong></span> <span class='ocrx_word' id='word_1_826' title='bbox 2869 5092 2996 5131; x_wconf 87' lang='lat' dir='ltr'><strong>vero</strong></span> <span class='ocrx_word' id='word_1_827' title='bbox 3071 5073 3283 5128; x_wconf 82' lang='lat' dir='ltr'><strong>habes?</strong></span> <span class='ocrx_word' id='word_1_828' title='bbox 3339 5072 3438 5126; x_wconf 90' lang='lat' dir='ltr'><strong>Ita.</strong></span> 
     </span>
    </p>
   </div>
   <div class='ocr_carea' id='block_1_105' title="bbox 1869 5163 3444 5250">
    <p class='ocr_par' dir='ltr' id='par_1_105' title="bbox 1869 5163 3444 5250">
     <span class='ocr_line' id='line_1_106' title="bbox 1869 5163 3444 5250; baseline -0.015 -14"><span class='ocrx_word' id='word_1_829' title='bbox 1869 5177 2202 5250; x_wconf 82' lang='lat' dir='ltr'><strong>Quomodo?</strong></span> <span class='ocrx_word' id='word_1_830' title='bbox 2237 5176 2328 5231; x_wconf 90' lang='lat' dir='ltr'><strong>dic</strong></span> <span class='ocrx_word' id='word_1_831' title='bbox 2379 5175 2536 5229; x_wconf 91' lang='lat' dir='ltr'><strong>mihi.</strong></span> <span class='ocrx_word' id='word_1_832' title='bbox 2567 5173 2704 5228; x_wconf 84' lang='lat' dir='ltr'><strong>Cum</strong></span> <span class='ocrx_word' id='word_1_833' title='bbox 2758 5170 2978 5226; x_wconf 89' lang='lat' dir='ltr'><strong>veneris</strong></span> <span class='ocrx_word' id='word_1_834' title='bbox 3035 5168 3088 5221; x_wconf 91' lang='lat' dir='ltr'><strong>in</strong></span> <span class='ocrx_word' id='word_1_835' title='bbox 3158 5163 3444 5234; x_wconf 88' lang='lat' dir='ltr'><strong>templum,</strong></span> 
     </span>
    </p>
   </div>
   <div class='ocr_carea' id='block_1_106' title="bbox 1869 5258 3440 5337">
    <p class='ocr_par' dir='ltr' id='par_1_106' title="bbox 1869 5258 3440 5337">
     <span class='ocr_line' id='line_1_107' title="bbox 1869 5258 3440 5337; baseline -0.014 -10"><span class='ocrx_word' id='word_1_836' title='bbox 1869 5271 2181 5337; x_wconf 84' lang='lat' dir='ltr'><strong>nudamque</strong></span> <span class='ocrx_word' id='word_1_837' title='bbox 2236 5267 2311 5320; x_wconf 91' lang='lat' dir='ltr'><strong>ibi</strong></span> <span class='ocrx_word' id='word_1_838' title='bbox 2371 5273 2607 5320; x_wconf 87' lang='lat' dir='ltr'><strong>statuam</strong></span> <span class='ocrx_word' id='word_1_839' title='bbox 2645 5260 2875 5325; x_wconf 88' lang='lat' dir='ltr'><strong>videris,</strong></span> <span class='ocrx_word' id='word_1_840' title='bbox 2923 5258 3155 5328; x_wconf 82' lang='lat' dir='ltr'><strong>lapidem</strong></span> <span class='ocrx_word' id='word_1_841' title='bbox 3205 5264 3440 5316; x_wconf 88' lang='lat' dir='ltr'><strong>mutum,</strong></span> 
     </span>
    </p>
   </div>
   <div class='ocr_carea' id='block_1_107' title="bbox 1878 5344 3444 5425">
    <p class='ocr_par' dir='ltr' id='par_1_107' title="bbox 1878 5344 3444 5425">
     <span class='ocr_line' id='line_1_108' title="bbox 1878 5344 3444 5425; baseline -0.015 -6"><span class='ocrx_word' id='word_1_842' title='bbox 1878 5376 1934 5420; x_wconf 89' lang='lat' dir='ltr'><strong>et</strong></span> <span class='ocrx_word' id='word_1_843' title='bbox 1964 5363 2191 5425; x_wconf 78' lang='lat' dir='ltr'><strong>dixeris,</strong></span> <span class='ocrx_word' id='word_1_844' title='bbox 2221 5361 2310 5415; x_wconf 89' lang='lat' dir='ltr'><strong>Ille</strong></span> <span class='ocrx_word' id='word_1_845' title='bbox 2339 5358 2484 5414; x_wconf 87' lang='lat' dir='ltr'><strong>Deus</strong></span> <span class='ocrx_word' id='word_1_846' title='bbox 2542 5369 2647 5419; x_wconf 88' lang='lat' dir='ltr'><strong>est,</strong></span> <span class='ocrx_word' id='word_1_847' title='bbox 2685 5371 2754 5407; x_wconf 90' lang='lat' dir='ltr'><strong>an</strong></span> <span class='ocrx_word' id='word_1_848' title='bbox 2820 5352 3011 5407; x_wconf 87' lang='lat' dir='ltr'><strong>oculos</strong></span> <span class='ocrx_word' id='word_1_849' title='bbox 3083 5350 3249 5404; x_wconf 84' lang='lat' dir='ltr'><strong>habes</strong></span> <span class='ocrx_word' id='word_1_850' title='bbox 3277 5347 3300 5400; x_wconf 85' lang='lat'><strong>?</strong></span> <span class='ocrx_word' id='word_1_851' title='bbox 3324 5344 3444 5398; x_wconf 82' lang='lat' dir='ltr'><strong>Non</strong></span> 
     </span>
    </p>
   </div>
   <div class='ocr_carea' id='block_1_108' title="bbox 1870 5436 3448 5521">
    <p class='ocr_par' dir='ltr' id='par_1_108' title="bbox 1870 5436 3448 5521">
     <span class='ocr_line' id='line_1_109' title="bbox 1870 5436 3448 5521; baseline -0.016 -11"><span class='ocrx_word' id='word_1_852' title='bbox 1870 5455 2016 5510; x_wconf 87' lang='lat' dir='ltr'><strong>enim</strong></span> <span class='ocrx_word' id='word_1_853' title='bbox 2049 5453 2256 5508; x_wconf 91' lang='lat' dir='ltr'><strong>utilitas</strong></span> <span class='ocrx_word' id='word_1_854' title='bbox 2286 5451 2472 5521; x_wconf 91' lang='lat' dir='ltr'><strong>aliqua</strong></span> <span class='ocrx_word' id='word_1_855' title='bbox 2525 5449 2810 5506; x_wconf 87' lang='lat' dir='ltr'><strong>oculorqu</strong></span> <span class='ocrx_word' id='word_1_856' title='bbox 2859 5454 3238 5502; x_wconf 82' lang='lat' dir='ltr'><strong>externorum,</strong></span> <span class='ocrx_word' id='word_1_857' title='bbox 3267 5437 3314 5492; x_wconf 89' lang='lat' dir='ltr'><strong>si</strong></span> <span class='ocrx_word' id='word_1_858' title='bbox 3355 5436 3448 5487; x_wconf 87' lang='lat' dir='ltr'><strong>in-</strong></span> 
     </span>
    </p>
   </div>
   <div class='ocr_carea' id='block_1_109' title="bbox 271 5603 2680 5677">
    <p class='ocr_par' dir='ltr' id='par_1_109' title="bbox 271 5603 2680 5677">
     <span class='ocr_line' id='line_1_110' title="bbox 271 5603 2680 5677; baseline 0 -18"><span class='ocrx_word' id='word_1_859' title='bbox 271 5611 297 5627; x_wconf 91' lang='lat'><strong>&#39;</strong></span> <span class='ocrx_word' id='word_1_860' title='bbox 335 5603 490 5660; x_wconf 88' lang='lat' dir='ltr'><strong>Deut.</strong></span> <span class='ocrx_word' id='word_1_861' title='bbox 515 5622 586 5674; x_wconf 82' lang='lat' dir='ltr'><strong>tv,</strong></span> <span class='ocrx_word' id='word_1_862' title='bbox 618 5608 675 5663; x_wconf 76' lang='lat'><strong>2.</strong></span> <span class='ocrx_word' id='word_1_863' title='bbox 715 5621 740 5649; x_wconf 78' lang='grc' dir='ltr'><strong>ι</strong></span> <span class='ocrx_word' id='word_1_864' title='bbox 777 5606 913 5675; x_wconf 91' lang='lat' dir='ltr'><strong>lmo,</strong></span> <span class='ocrx_word' id='word_1_865' title='bbox 941 5607 1143 5665; x_wconf 85' lang='lat' dir='ltr'><strong>Jerem.</strong></span> <span class='ocrx_word' id='word_1_866' title='bbox 1182 5626 1334 5677; x_wconf 79' lang='lat' dir='ltr'><strong>mn,</strong></span> <span class='ocrx_word' id='word_1_867' title='bbox 1373 5612 1462 5676; x_wconf 77' lang='lat'><strong>&#39;55,</strong></span> <span class='ocrx_word' id='word_1_868' title='bbox 1515 5609 1604 5664; x_wconf 77' lang='grc'>54.</span> <span class='ocrx_word' id='word_1_869' title='bbox 1658 5617 1686 5657; x_wconf 78' lang='lat' dir='ltr'><strong><em>Y</em></strong></span> <span class='ocrx_word' id='word_1_870' title='bbox 1717 5609 1761 5664; x_wconf 91' lang='lat' dir='ltr'><strong>ll</strong></span> <span class='ocrx_word' id='word_1_871' title='bbox 1799 5608 1925 5664; x_wconf 90' lang='lat' dir='ltr'><strong>Cor.</strong></span> <span class='ocrx_word' id='word_1_872' title='bbox 1961 5624 2061 5672; x_wconf 71' lang='grc' dir='ltr'>ιιι,</span> <span class='ocrx_word' id='word_1_873' title='bbox 2093 5607 2147 5662; x_wconf 88' lang='grc'><strong>9.</strong></span> <span class='ocrx_word' id='word_1_874' title='bbox 2187 5617 2210 5644; x_wconf 72' lang='grc' dir='ltr'>π</span> <span class='ocrx_word' id='word_1_875' title='bbox 2241 5607 2286 5660; x_wconf 89' lang='lat' dir='ltr'><strong>ll</strong></span> <span class='ocrx_word' id='word_1_876' title='bbox 2324 5604 2453 5662; x_wconf 86' lang='lat' dir='ltr'><strong>Cor.</strong></span> <span class='ocrx_word' id='word_1_877' title='bbox 2511 5603 2680 5666; x_wconf 74' lang='lat' dir='ltr'><strong>v.17.</strong></span> 
     </span>
    </p>
   </div>
   <div class='ocr_carea' id='block_1_110' title="bbox 1465 5722 2147 5780">
    <p class='ocr_par' dir='ltr' id='par_1_110' title="bbox 1465 5722 2147 5780">
     <span class='ocr_line' id='line_1_111' title="bbox 1465 5722 2147 5780; baseline 0.003 -2"><span class='ocrx_word' id='word_1_878' title='bbox 1465 5723 1700 5779; x_wconf 64' lang='grc' dir='ltr'>νΑιιιλλΕ</span> <span class='ocrx_word' id='word_1_879' title='bbox 1737 5722 2147 5780; x_wconf 78' lang='lat' dir='ltr'><strong>LECTIONES.</strong></span> 
     </span>
    </p>
   </div>
   <div class='ocr_carea' id='block_1_111' title="bbox 320 5833 1353 5913">
    <p class='ocr_par' dir='ltr' id='par_1_111' title="bbox 320 5833 1353 5913">
     <span class='ocr_line' id='line_1_112' title="bbox 320 5833 1353 5913; baseline 0.005 -24"><span class='ocrx_word' id='word_1_880' title='bbox 320 5833 360 5864; x_wconf 79' lang='grc'>¹⁶</span> <span class='ocrx_word' id='word_1_881' title='bbox 391 5839 656 5906; x_wconf 80' lang='grc' dir='ltr'>μετάϐαλε</span> <span class='ocrx_word' id='word_1_882' title='bbox 687 5856 747 5903; x_wconf 82' lang='grc' dir='ltr'><strong>ς.</strong></span> <span class='ocrx_word' id='word_1_883' title='bbox 855 5842 892 5872; x_wconf 84' lang='grc'>¹¹</span> <span class='ocrx_word' id='word_1_884' title='bbox 929 5840 1120 5913; x_wconf 78' lang='grc' dir='ltr'>λῆμμα</span> <span class='ocrx_word' id='word_1_885' title='bbox 1145 5855 1256 5896; x_wconf 86' lang='lat' dir='ltr'><strong>om.</strong></span> <span class='ocrx_word' id='word_1_886' title='bbox 1291 5842 1353 5894; x_wconf 79' lang='grc' dir='ltr'>Α.</span> 
     </span>
    </p>
   </div>
   <div class='ocr_carea' id='block_1_112' title="bbox 1463 5835 2538 5910">
    <p class='ocr_par' dir='ltr' id='par_1_112' title="bbox 1463 5835 2538 5910">
     <span class='ocr_line' id='line_1_113' title="bbox 1463 5835 2538 5910; baseline -0.004 -19"><span class='ocrx_word' id='word_1_887' title='bbox 1463 5841 1503 5870; x_wconf 81' lang='grc'><strong>¹²</strong></span> <span class='ocrx_word' id='word_1_888' title='bbox 1532 5837 1667 5910; x_wconf 86' lang='grc' dir='ltr'>φησί</span> <span class='ocrx_word' id='word_1_889' title='bbox 1693 5839 1856 5910; x_wconf 83' lang='lat' dir='ltr'><strong>vulgo</strong></span> <span class='ocrx_word' id='word_1_890' title='bbox 1907 5844 2030 5906; x_wconf 86' lang='lat' dir='ltr'><strong>post</strong></span> <span class='ocrx_word' id='word_1_891' title='bbox 2073 5835 2278 5907; x_wconf 83' lang='grc' dir='ltr'>πατρὸς</span> <span class='ocrx_word' id='word_1_892' title='bbox 2309 5841 2538 5905; x_wconf 89' lang='lat' dir='ltr'><strong>ponunt.</strong></span> 
     </span>
    </p>
   </div>
   <div class='ocr_carea' id='block_1_113' title="bbox 2643 5825 3303 5903">
    <p class='ocr_par' dir='ltr' id='par_1_113' title="bbox 2643 5825 3303 5903">
     <span class='ocr_line' id='line_1_114' title="bbox 2643 5825 3303 5903; baseline -0.014 -19"><span class='ocrx_word' id='word_1_893' title='bbox 2643 5830 2780 5903; x_wconf 28' lang='grc' dir='ltr'><strong>’δ’ἐκ</strong></span> <span class='ocrx_word' id='word_1_894' title='bbox 2807 5827 2899 5882; x_wconf 82' lang='grc' dir='ltr'><strong>τοῦ</strong></span> <span class='ocrx_word' id='word_1_895' title='bbox 2930 5826 3097 5882; x_wconf 78' lang='grc' dir='ltr'>αὑτοῦ</span> <span class='ocrx_word' id='word_1_896' title='bbox 3131 5825 3208 5886; x_wconf 84' lang='grc' dir='ltr'>εἰς</span> <span class='ocrx_word' id='word_1_897' title='bbox 3240 5839 3303 5888; x_wconf 84' lang='grc' dir='ltr'><strong>ς.</strong></span> 
     </span>
    </p>
   </div>
  </div>
