4020 6450
538 425 655 516 279

1739 463 2004 526 PHOTII
2039 459 2546 523 PATRIARCH/E
2588 460 2698 521 (ΣΡ.

3713 441 3818 506 280

552 575 689 629 terni
722 574 978 643 caligant.
1008 576 1172 634 Vides
1196 593 1334 650 opus
1373 593 1518 646 esse,
1549 590 1609 636 ut
1641 580 1838 638 faciam
1872 582 1969 638 tibi
1998 597 2136 637 ocu-

2252 581 2453 635 Ξνδοθεν
2487 575 2942 650 πεπηρωμένων;
2985 572 3120 644 ὁρᾷς
3160 569 3243 624 ὅτι
3294 566 3485 639 χρείαν
3532 563 3687 636 ἔχεις
3731 563 3817 618 ἵνα

549 669 655 731 los,
685 679 744 723 ut
774 669 960 726 videas
991 671 1225 740 lapidem
1263 687 1385 728 esse
1417 672 1672 743 lapidem,
1697 685 1749 729 et
1777 675 1983 745 lignum
2013 691 2135 732 esse

554 759 788 832 lignum,
822 764 1094 819 ()culosne
1122 764 1287 820 habes
1337 765 1557 836 quando
1617 766 1769 823 vides
1824 767 2054 839 lignum,
2083 779 2137 825 et

555 856 797 909 adoras?
833 855 997 924 Atqui
1057 871 1157 926 ego
1203 856 1247 911 si
1301 857 1575 927 accipiens
1625 859 1968 923 comburam,
2003 878 2132 916 num

554 949 726 1004 habes
756 948 950 1019 522b
981 950 1189 1014 oculos,
1223 949 1274 1004 id
1319 950 1506 1017 deum,
1547 949 1696 1020 quod
1749 961 2001 1007 exustum
2029 962 2132 1017 est,

552 1044 797 1097 vocans?
842 1043 1072 1107 Quando
1127 1040 1352 1097 aﬂ‘ectus
1405 1052 1459 1096 et
1521 1042 1634 1114 (21)
1692 1044 2135 1114 perturbationes

553 1133 689 1188 deos
717 1150 837 1189 esse
865 1135 1026 1202 dicis,
1060 1135 1320 1192 oculosue
1352 1135 1565 1191 habes?
1594 1136 1794 1191 Ebrius
1833 1147 1916 1191 est
1946 1138 2130 1203 homo,

554 1233 610 1279 et
638 1225 1051 1296 circumagitur,
1093 1235 1147 1279 et
1186 1225 1464 1290 irridetur,
1499 1235 1554 1280 et
1579 1243 1646 1280 ex
1681 1228 1904 1281 homine
1933 1227 1994 1281 ﬁt
2037 1229 2135 1283 be-

556 1318 683 1372 stia.
734 1317 813 1370 Tu
864 1333 993 1372 vero
1042 1317 1229 1372 dicis:
1282 1317 1531 1373 Ebrietas
1578 1319 1715 1373 deus
1749 1319 1996 1374 Bacchus
2025 1328 2130 1376 est.

557 1407 787 1463 Furtum
826 1409 960 1463 deus
990 1408 1313 1465 Mercurius.
1366 1407 1598 1465 Videsne
1629 1410 1872 1482 indigere
1906 1421 1957 1465 te
1997 1427 2132 1466 ocu-

558 1500 671 1555 iis?
697 1501 803 1554 Lex
858 1500 1084 1556 atl‘ectns
1119 1502 1296 1571 punit,
1333 1513 1388 1556 et
1419 1502 1516 1558 hos
1549 1510 1599 1557 te
1635 1503 1766 1557 deos
1806 1502 1985 1559 facere
2029 1522 2134 1561 non

564 1590 758 1648 vides?
791 1589 846 1646 Si
879 1603 1058 1647 autem
1092 1594 1194 1659 vis,
1228 1595 1465 1660 attende,
1505 1598 1780 1664 quomodo
1831 1597 1972 1652 facta
2027 1599 2139 1654 sint

560 1683 746 1738 omnia
775 1699 934 1737 nova.
971 1684 1176 1738 Dicitur
1228 1685 1280 1737 in
1328 1685 1610 1754 Scriptura
1665 1689 1869 1742 creatio
1906 1705 2013 1742 non
2044 1706 2136 1743 so-

557 1777 671 1836 lum
704 1793 734 1832 e
763 1777 936 1832 nihilo
986 1778 1038 1830 in
1095 1777 1300 1847 aliquid
1342 1779 1647 1846 productio,
1711 1781 1806 1834 sed
1846 1782 2009 1834 etiam
2073 1796 2136 1832 ex

558 1870 746 1938 aliquo
773 1869 826 1923 in
860 1869 1056 1925 melius
1087 1871 1418 1925 immutatio.
1459 1872 1675 1926 Creavit
1715 1871 1858 1928 Deus
1912 1874 2136 1941 nmium,

561 1962 668 2016 hoc
694 1970 800 2028 est,
833 1977 864 2017 e
895 1963 1062 2016 nihilo
1086 1963 1230 2017 fecit.
1269 1965 1427 2018 Creat
1455 1974 1507 2019 et
1535 1964 1756 2034 quando
1789 1965 1994 2020 malum
2036 1966 2138 2020 bo-

560 2054 763 2107 minem
793 2055 998 2110 bonum
1041 2057 1238 2110 reddit.
1287 2055 1386 2110 llic
1433 2073 1563 2111 vero
1594 2057 1800 2112 creatio
1838 2069 1922 2114 est
1952 2075 2137 2114 rerum

559 2145 792 2199 mutatio
823 2145 876 2199 in
906 2145 1126 2201 melius.
1150 2145 1215 2200 Et
1240 2147 1365 2200 audi
1397 2146 1658 2202 Davidcm
1684 2148 2136 2204 dicentem.Cum

559 2238 703 2291 enim
735 2249 855 2292 erat
887 2237 1023 2308 ipse,
1058 2250 1111 2293 et
1135 2254 1231 2293 cor
1261 2239 1380 2307 ejus
1409 2250 1678 2305 creatum.
1715 2242 1971 2297 sordibus
2010 2257 2140 2297 vero

561 2328 812 2384 adulterii
837 2340 889 2384 et
917 2331 1082 2386 caedis
1122 2330 1459 2387 maculatum
1495 2343 1598 2399 est,
1634 2342 1689 2386 et
1719 2335 1787 2389 ad
1830 2334 2142 2404 corruptio-

561 2435 684 2476 nem
725 2420 1022 2489 ferebatur,
1073 2436 1337 2492 provocat
1396 2427 1562 2480 Deum
1593 2426 1780 2484 dicens
1810 2447 1824 2482 :
1854 2426 1960 2482 Cor
1990 2444 2144 2482 mun-

559 2523 686 2570 dum
717 2532 840 2570 crea
898 2517 952 2571 in
985 2533 1088 2585 me,
1123 2517 1262 2572 Deus
1290 2532 1338 2573 ιι.
1386 2519 1504 2574 Non
1537 2523 1685 2591 quod
1729 2523 1882 2591 prius
1908 2538 2004 2579 cor
2033 2539 2142 2577 non

558 2608 836 2672 habuerit,
866 2625 966 2666 nec
999 2611 1066 2665 de
1095 2612 1279 2667 cordis
1306 2613 1618 2669 substantia
1658 2615 1921 2684 loquitur,
1953 2616 2049 2670 sed
2077 2616 2146 2670 de

558 2702 772 2757 meliori
804 2703 926 2771 ejus
951 2701 1290 2759 conditione.
1325 2701 1466 2761 Ecce
1495 2706 1662 2777 igitur
1686 2709 1892 2763 creatio
1919 2707 2143 2771 dicitur,

560 2809 669 2849 non
702 2796 879 2850 solum
909 2812 1102 2852 eorum
1144 2813 1268 2868 quae
1303 2813 1333 2853 e
1368 2799 1545 2853 nihilo
1573 2800 1842 2869 producta
1868 2811 2021 2865 sunt,
2052 2803 2146 2856 sed

559 2886 723 2940 etiam
789 2899 1065 2958 corrupta:
1120 2900 1332 2945 natura:
1391 2891 1464 2948 iu.
1505 2892 1703 2947 melius
1769 2894 2020 2947 mutatio.
2057 2893 2150 2948 Sic

560 2987 780 3033 creatur
824 2982 1030 3035 munda
1080 2983 1193 3049 ipsa
1258 2983 1553 3052 adultera;
1596 2984 1677 3039 sic
1708 2985 2026 3040 misericors
2053 2987 2146 3054 qui

563 3084 724 3128 antea
750 3082 974 3144 raptor;
1001 3073 1082 3130 sic
1110 3083 1355 3128 mutatur
1385 3075 1438 3128 in
1466 3089 1622 3129 ovem
1655 3074 1841 3144 lupus,
1865 3077 1917 3127 in
1939 3075 2152 3128 colum—

562 3167 688 3220 bam
722 3166 903 3221 vultur
929 3166 1158 3237 :duplex
1189 3168 1556 3223 creatio.ldeo
1577 3179 1630 3222 et
1657 3169 1932 3222 lavacrum
1951 3168 2154 3222 creatio

2240 672 2452 744 ποιήσω
2467 688 2549 724 σοι
2577 665 3063 740 ὀφθαλμοὺς,ὥστε
3087 664 3180 718 τὸν
3202 661 3349 715 λίθον
3398 677 3458 713 σε
3490 657 3622 713 ίδεῖν
3648 656 3816 722 λίθον,

2239 767 2333 820 καὶ
2359 766 2419 819 τὸ
2444 763 2598 829 ξύλον
2620 763 2794 828 ξύλον.
2811 760 3155 832 Ὀιρθαλμοὸς
3187 757 3350 829 ἔχεις,
3369 755 3495 808 ὅταν
3518 752 3640 822 ἴδῃς
3665 747 3820 816 ξύλον

2238 859 2334 912 καὶ
2356 857 2783 930 προσκυνήσῃς;
2810 858 2938 910 ὅταν
2967 851 3150 907 λαϐὼν
3173 852 3216 883 ³⁸
3244 849 3376 903 αὐτὸ
3398 845 3510 916 ἐγὼ
3530 845 3578 876 ⁸⁵
3605 841 3820 908 καύσω,

2239 947 2348 1022 ἆρα
2391 950 2536 1020 ἔχεις
2567 948 2881 1019 ὀφθαλμοὺς
2913 946 2972 999 τὸ
3003 945 3294 1014 καιόμενον
3328 940 3451 994 Θεὸν
3487 935 3822 1008 ὀνομάζων;

2237 1043 2368 1095 ὃταν
2396 1043 2464 1096 τὰ
2494 1041 2642 1112 πάθη
2671 1041 2944 1109 θεοποιῇς,
2996 1035 3308 1106 ὀφθαλμοὺς
3347 1032 3526 1102 ἕχεις;
3563 1027 3760 1100 μεθύει
3795 1027 3824 1078 6

2237 1135 2524 1206 ἄνθρωπος
2550 1137 2645 1188 καὶ
2675 1132 3033 1205 περιφέρεται
3071 1130 3164 1184 καὶ
3195 1127 3569 1197 καταγελᾶται
3599 1122 3698 1178 καὶ
3736 1121 3826 1190 γί-

2239 1243 2390 1279 νεται
2421 1226 2541 1278 ἀντὶ
2571 1222 2862 1296 ἀνθρώπου
2899 1222 3087 1291 ἄλογος
3111 1239 3125 1254 ο
3166 1221 3230 1274 σὺ
3267 1219 3324 1273 δὲ
3373 1217 3555 1286 λέγεις
3596 1216 3632 1286 ἡ
3688 1213 3824 1285 μέθη

2241 1319 2363 1382 θεὸς
2395 1321 2423 1372 6
2465 1318 2738 1380 Διόνυσος,
2767 1319 2800 1386 ἡ
2834 1315 3010 1385 κλοπὴ
3039 1313 3161 1377 θεὸς
3189 1314 3217 1366 6
3263 1312 3492 1382 Ἑρμῆς.
3537 1309 3711 1380 Ὁρᾷς
3745 1307 3826 1361 ὅτι

2240 1411 2397 1483 χρεία
2433 1429 2514 1463 σοι
2543 1409 2878 1479 ὀφθαλμῶν;
2911 1409 2940 1460 6
2973 1408 3136 1478 νόμος
3163 1407 3230 1460 τὰ
3269 1405 3416 1476 πάθη
3452 1402 3703 1466 κολάζει,
3735 1401 3828 1454 καὶ

2242 1507 2306 1561 σὺ
2334 1503 2509 1559 ταῦτα
2537 1502 2801 1556 θεοποιῶν
2834 1503 2934 1556 ούκ
2962 1501 3216 1573 αἰσθάνῃ.
3247 1501 3310 1553 Et
3359 1497 3540 1570 βούλει
3571 1495 3656 1562 δὲ,
3697 1493 3823 1565 πρό-

2240 1619 2389 1670 σχες,
2414 1601 2563 1662 ὅπως
2591 1600 2782 1666 γέγονε
2814 1596 2995 1651 πάντα
3021 1595 3204 1648 καινά.
3238 1593 3436 1656 Κτίσις
3465 1594 3524 1644 ὲν
3545 1593 3615 1660 τῇ
3635 1589 3824 1660 Γραφῇ

2238 1696 2516 1763 λέγεται¹⁶
2549 1695 2610 1746 ού
2650 1693 2812 1764 μόνον
2849 1693 2882 1761 ἡ
2910 1693 2974 1743 ὲκ
3004 1689 3100 1742 τοῦ
3148 1688 3222 1760 μὴ
3262 1687 3416 1750 ὄντος
3465 1687 3550 1748 εἰς
3585 1683 3650 1736 τὸ
3688 1677 3826 1734 εἶναι

2243 1787 2550 1860 παραγωγή
2568 1787 2633 1852 ⁸⁷,
2655 1784 2790 1838 ἀλλὰ
2818 1785 2911 1837 καὶ
2940 1786 2975 1853 ἡ
2999 1785 3063 1836 ὲκ
3088 1781 3181 1836 τοῦ
3213 1782 3365 1843 ὄντος
3398 1779 3493 1832 ἐπὶ
3523 1777 3588 1830 τὸ
3618 1774 3824 1846 βέλτιον

2247 1880 2540 1952 μεταϐολή.
2574 1876 2831 1932 Ἐκτισεν
2860 1877 2889 1928 6
2925 1876 3056 1935 Θεὸς
3081 1874 3172 1928 τὸν
3210 1872 3462 1944 οὐρανὸν,
3493 1868 3647 1922 τοῦτ’
3683 1866 3823 1920 ἐστιν

2242 1977 2308 2028 ἐκ
2338 1973 2433 2026 τοῦ
2475 1971 2550 2043 μὴ
2585 1969 2740 2034 ὄντος
2785 1967 3152 2040 ἐργάσασθαι.
3197 1965 3390 2029 Κτίζει
3437 1965 3536 2016 καὶ
3582 1961 3716 2014 ὅταν
3737 1958 3824 2010 τὸν

2241 2065 2478 2136 πονηρὸν
2507 2063 2796 2133 ἄνθρωπον
2835 2059 3001 2114 καλὸν
3045 2058 3461 2130 ἀπεργάσηται·
3491 2050 3732 2106 ἐνταῦθα
3767 2047 3824 2102 τὸ

2242 2157 2447 2221 κτίζειν
2474 2153 2817 2225 πραγμάτων
2860 2154 3007 2205 ἐστὶν
3038 2152 3131 2203 ἐπὶ
3162 2151 3223 2202 τὸ
3277 2147 3488 2218 βέλτιον
3529 2140 3822 2215 μεταϐολή.

2245 2251 2354 2302 Καὶ
2395 2249 2628 2302 ἄκουσον
2661 2245 2756 2299 τοῦ
2811 2244 2974 2297 Δαϐιδ
3003 2243 3276 2310 λέγοντος.
3319 2235 3544 2306 Ἐπειδὴ
3596 2233 3708 2302 γὰρ
3755 2227 3820 2300 ἦν

2245 2343 2405 2405 αὐτὸς
2436 2342 2532 2394 καὶ
2573 2342 2607 2411 ἡ
2637 2339 2836 2409 καρδία
2863 2335 3026 2390 αὑτοῦ
3059 2331 3358 2400 ἐκτισμένη
3381 2372 3395 2391 ,
3433 2324 3734 2400 ὲρρυπὼθη
3772 2322 3824 2374 δὲ

2243 2439 2310 2508 τῇ
2337 2434 2554 2506 μοιχείᾳ
2581 2431 2677 2486 καὶ
2712 2431 2790 2500 τῷ
2824 2429 2969 2498 φόνῳ
3017 2428 3114 2480 καὶ
3165 2425 3304 2496 πρὸς
3350 2420 3564 2491 φθορὰν
3594 2413 3823 2483 κατεφέ-

2250 2543 2391 2595 ρετο,
2425 2521 2737 2592 παρακαλεῖ
2757 2520 2848 2572 τὸν
2869 2518 3004 2571 Θεὸν
3032 2517 3125 2570 καὶ
3155 2516 3327 2583 λέγει·
3363 2511 3632 2581 Καρδίαν
3653 2509 3825 2561 καθα·

2245 2623 2361 2688 ρὰν
2386 2614 2603 2669 κτίσον
2631 2614 2701 2666 ἐν
2730 2610 2861 2681 ἐμοὶ
2893 2615 2924 2663 ό
2953 2611 3120 2674 Θεός.
3152 2610 3263 2678 Οὐχ
3307 2608 3390 2660 ὅτι
3426 2603 3700 2674 πρότερον
3736 2597 3820 2688 ούγ

2250 2686 2362 2782 εἶχε
2397 2709 2649 2779 καρδίαν,
2678 2706 2800 2759 οὐδὲ
2840 2706 2970 2774 περὶ
3000 2701 3101 2770 τῆς
3132 2699 3321 2761 οὐσίας
3351 2697 3452 2766 τῆς
3479 2691 3710 2764 καρδίας

2251 2779 2362 2876 γει,
2389 2803 2528 2856 ἀλλὰ
2577 2800 2707 2869 περὶ
2741 2798 2841 2866 τῆς
2877 2795 3190 2866 κοσμούσης
3221 2789 3392 2860 αὐτὴν
3425 2779 3827 2878 ἀρίστης-πολιὶ

2250 2874 2426 2956 τείας.
2465 2892 2600 2945 Ἰδοὺ
2634 2889 2819 2942 τοίνυν
2849 2887 3030 2948 κτίσις
3060 2885 3283 2953 λέγεται
3313 2879 3375 2934 οὐ
3409 2879 3575 2948 μόνον
3598 2877 3632 2946 ἡ
3655 2874 3718 2925 ἐκ
3739 2874 3824 2922 τοῦ

2257 2987 2331 3057 μὴ
2362 2985 2516 3047 ὄντος
2543 2985 2623 3045 εἰς
2649 2981 2710 3034 τὸ
2737 2977 2876 3033 εἶναι
2903 2975 3232 3048 παραγωγὴ,
3269 2970 3406 3026 ἀλλὰ
3435 2969 3534 3023 καὶ
3569 2967 3605 3038 ἡ
3625 2959 3826 3057 τῆςᾼού·

2258 3052 2381 3142 σίας
2414 3075 2812 3146 διαφθαρείσης
2854 3073 2935 3134 είς
2981 3069 3042 3123 τὸ
3093 3066 3304 3139 βέλτιον
3337 3059 3640 3132 μεταϐολή.
3685 3052 3831 3146 Οὖτιν

2257 3141 2776 3236 κτίζεται-σώφρων
2796 3165 2829 3233 ἡ
2855 3163 3054 3232 πόρνη,
3075 3156 3249 3219 οὕτως
3279 3153 3536 3224 ἐλεήμων
3564 3152 3594 3203 6
3627 3141 3828 3236 apnaﬁ:

563 3259 786 3324 dicitur,
809 3259 1106 3325 lavacrum,
1126 3261 1372 3330 inquam,
1396 3261 1827 3330 regenerationis
1853 3277 1866 3312 :
1899 3259 2148 3317 Exuentea

2263 3233 2406 3317 οὗτοι)
2435 3233 2828 3331 μεταϐάλλεται
2860 3255 2940 3316 εἰς
2962 3251 3234 3320 πρόϐατον
3263 3249 3291 3300 6
3311 3246 3476 3307 λύκος
3507 3241 3607 3296 καὶ
3635 3233 3828 3331 ὁίεραξ

564 3352 733 3414 enim,
769 3350 1187 3420 inquit,vetcrem
1221 3353 1504 3418 hominem,
1536 3363 1584 3407 et
1640 3354 1914 3409 induentes
1972 3371 2160 3410 novum

565 3457 683 3494 eum
696 3440 786 3509 qui
803 3449 1082 3494 renovatur
1108 3442 1393 3496 secundum
1410 3444 1692 3513 imaginem
1709 3445 1843 3514 ejus,
1856 3447 1944 3515 qui
1964 3447 2161 3512 creavit

568 3531 719 3585 illum
745 3532 795 3586 ιι.
837 3529 998 3588 Vides
1045 3533 1211 3604 igitur
1254 3549 1452 3589 novam
1485 3550 1607 3590 esse
1648 3546 1980 3592 creaturam.
2020 3538 2161 3604 Quid

567 3625 714 3680 enim
747 3626 879 3679 mihi
909 3627 1158 3695 prodest,
1195 3629 1239 3681 si
1273 3629 1366 3680 ﬁat
1401 3628 1602 3682 malum
1652 3646 1878 3688 novum,
1916 3641 1969 3684 et
2014 3640 2159 3686 terra

569 3732 731 3782 nova,
799 3733 901 3788 ego
945 3735 1073 3774 vero
1122 3720 1178 3772 in
1238 3703 1479 3789 peccatis
1540 3720 1676 3777 meis
1724 3723 2164 3777 iuveteraseam?

569 3809 782 3866 Caelum
815 3811 1014 3866 domus
1035 3819 1138 3877 est,
1174 3826 1272 3881 ego
1314 3828 1444 3867 vero
1495 3812 1684 3868 habito
1723 3814 1779 3867 in
1809 3829 1874 3869 ea
1903 3823 2160 3884 :egrotus.

574 3903 632 3957 Si
661 3905 882 3972 quando
915 3903 1159 3958 medicus
1208 3903 1264 3956 in
1297 3904 1520 3958 domum
1574 3904 1763 3974 aegroti
1816 3905 2048 3972 veniret,
2110 3915 2166 3961 et

572 3995 720 4049 nulla
750 3996 928 4049 inorbi
961 3995 1175 4050 ratione
1236 3995 1443 4063 habita,
1489 3996 1758 4051 inalbaret
1805 3999 2066 4067 parietes,
2109 4009 2164 4054 et

572 4103 711 4142 auro
780 4087 1061 4159 laquearia
1127 4087 1491 4153 incrustaret,
1561 4103 1744 4143 nonne
1799 4089 2014 4144 diceres
2063 4090 2163 4146 illi:

574 4180 724 4235 Bone
773 4181 876 4245 vir,
915 4195 1047 4236 cura
1103 4189 1392 4249 aegrotum,
1439 4179 1571 4248 quid
1629 4180 1853 4235 domum
1886 4185 2167 4238 exornas?

569 4273 787 4344 Adjura
850 4274 1290 4330 decumbentem.
1359 4271 1612 4327 Christus
1689 4276 1838 4328 venit
1899 4275 1957 4330 in
2023 4277 2167 4331 hunc

576 4368 868 4431 mundum,
908 4369 962 4421 in
1034 4381 1146 4437 quo
1208 4365 1627 4420 decumbentem
1681 4375 1933 4422 naturam
1985 4385 2163 4424 meam

576 4459 810 4525 invenit,
845 4470 904 4515 et
934 4468 1317 4529 aegrotantem,
1342 4466 1399 4512 et.
1427 4459 1496 4514 ad
1523 4473 1644 4514 eam
1670 4451 1974 4516 sanandam
2003 4477 2168 4518 omne

575 4555 726 4609 subit
748 4563 1048 4618 certamen,
1101 4561 1156 4606 et
1186 4561 1414 4606 renovat
1470 4552 1855 4623 instauratque
1889 4564 2162 4610 naturam.

2263 3356 2343 3417 είς
2376 3329 2728 3423 περιστεράν.
2787 3346 2891 3398 Δύο
2921 3344 3156 3404 κτίσεις’
3195 3338 3286 3393 διὰ
3314 3336 3477 3390 τοῦτο
3511 3333 3612 3389 καὶ
3638 3330 3696 3384 τὸ
3716 3329 3828 3380 λουο

2260 3446 2391 3517 τρὸν
2421 3445 2631 3513 κτίσμα
2663 3442 2914 3509 λέγεται,
2934 3437 2997 3490 τὸ
3021 3433 3248 3506 λουτρὸν
3273 3432 3418 3498 λέγω
3449 3429 3552 3498 τῆς
3585 3425 3829 3517 παλιγγε·

2261 3509 2474 3601 νεσίας·
2505 3509 2996 3601 Ἀ’ποδυσάμενοι,
3018 3527 3129 3597 γάρ
3153 3542 3307 3594 φησι,
3324 3523 3432 3576 τὸν
3459 3514 3723 3574 παλαιὸν
3744 3509 3831 3564 ἇν-

2263 3639 2522 3702 ορωπον,
2559 3626 2965 3694 ἐνδυσάμενοι
2984 3622 3029 3652 ⁸⁸
3077 3619 3202 3672 se"
3233 3617 3341 3670 τόν
3368 3613 3538 3676 νέον,
3575 3611 3682 3664 τὸν
3702 3606 3829 3702 ἀνικ-

2264 3698 2644 3799 πίειψώμενον
2685 3720 2815 3774 κατ’
2860 3719 3066 3773 εἰκόνα
3110 3713 3217 3768 τοῦ
3265 3710 3605 3772 κτίσαντος
3639 3698 3828 3799 out-6r.

2275 3790 2561 3887 Ὅρᾷςόὗν
2582 3814 2610 3866 ὃ
2636 3829 2689 3864 τι
2723 3809 2839 3863 ἐστὶ
2870 3807 3032 3877 καινὴ
3064 3805 3263 3866 κτίσις.
3289 3802 3354 3855 Τί
3377 3801 3486 3871 γάρ
3523 3815 3614 3897 μοι
3636 3790 3826 3897 δφελοξί

2265 3877 2362 3966 ἐὰν
2386 3877 2618 3979 γένηται
2671 3903 2903 3975 οὐρανὸς
2936 3899 3123 3962 καινὸς
3166 3897 3263 3950 καὶ
3295 3895 3367 3964 γῆ
3411 3892 3578 3960 καινὴ
3605 3929 3619 3952 ,
3653 3881 3757 3952 ἐγὼ
3783 3877 3831 3932 δὲ

2265 4005 2383 4064 ταῖς
2410 3998 2707 4071 ἁμαρτίαις
2737 3993 3133 4060 πεπαλαίωμαι
3155 4006 3169 4054 ;
3196 3989 3225 4041 6
3247 3985 3476 4056 οὐρανὸς
3498 3979 3649 4041 οἶκός
3675 3979 3826 4071 ἐστ-ιν»

2268 4095 2379 4165 ἐγὼ
2412 4066 2470 4149 δὲ
2496 4066 2849 4160 διαιτώμενος
2871 4085 2916 4117 ὀ
2943 4088 3000 4139 ὲν
3029 4082 3178 4152 αὐτῷ
3221 4080 3316 4133 καὶ
3361 4074 3558 4132 νοσῶν.
3603 4070 3726 4124 Ἐὰν
3759 4066 3829 4165 ia:

2265 4151 2395 4260 τρὸς
2429 4189 2508 4250 είς
2536 4186 2636 4254 τὴν
2678 4151 2856 4236 οίκίαν
2885 4177 2982 4232 τοῦ
3017 4171 3432 4248 ἀρρωστοῦντας
3463 4163 3712 4260 εἰσέλθοι,
3747 4151 3828 4258 utril-

2265 4254 2360 4335 τὸῡ
2395 4281 2492 4350 μὲν
2522 4276 2784 4346 οὐδεμίαν
2844 4271 3102 4340 πρόνοιαν
3129 4265 3306 4328 λάϐοι,
3341 4254 3685 4354 λευκαίνῃ-δὲ
3719 4254 3829 4354 ξονι

2265 4347 2482 4444 τοίχους
2529 4371 2625 4424 καὶ
2668 4364 3028 4437 χρυσογ-ραφῇ
3074 4360 3163 4412 τὸν
3191 4358 3414 4445 ὄροφον,
3451 4351 3554 4404 ούκ
3586 4347 3669 4445 ,ἂν

2275 4419 2348 4430 "'
2392 4419 2478 4436 "‘I
2531 4419 2623 4424 ""‘
2671 4419 2720 4437 ru
2853 4419 2892 4432 n
2968 4419 3028 4430 ...
3227 4419 3238 4426 _
3306 4419 3317 4425 _
3586 4435 3611 4445 ~

2267 4419 2417 4534 0.6;];
2445 4481 2459 4494 ·
2497 4463 2829 4525 Ἄνθρωπε,
2877 4450 3234 4515 ὸνάστησον
3272 4443 3381 4497 τὸν
3420 4440 3748 4534 νοσουντίι¹⁶
3783 4419 3830 4473 τί

2267 4519 2612 4625 tundat/ar
2639 4519 3070 4607 καλλωπίζεις
3110 4539 3434 4603 ,ϐοήθησον
3473 4519 3826 4625 τῷ-κειμένις·

577 4645 721 4710 Quid
771 4645 941 4715 igitur
994 4615 1269 4698 medicum
1325 4649 1383 4695 tu
1436 4615 1816 4712 reprehendis,
1874 4646 2005 4716 quia
2055 4663 2148 4702 nor

2271 4615 2384 4704 κξκι
2417 4647 2445 4698 6
2470 4642 2703 4715 Χριστὸς
2723 4638 2850 4711 [855
2875 4637 2945 4689 ιι.
2956 4634 2973 4706 1
2993 4631 3242 4701 εἰσῆλθεν
3274 4629 3353 4688 είς
3380 4625 3471 4678 τὸν
3505 4620 3706 4716 κόσμρν
3725 4623 3828 4716 ξας

576 4736 776 4809 523α
806 4737 898 4792 illa
930 4736 1078 4802 facit,
1106 4737 1389 4793 Christum
1439 4753 1569 4794 vero
1601 4741 1979 4809 reprehendis,
2017 4744 2164 4811 quod

576 4833 694 4887 haec
730 4830 935 4886 faciat?
964 4830 1055 4886 Sic
1087 4832 1425 4887 transierunt
1462 4834 1712 4904 antiqua,
1755 4835 1835 4889 sic
1861 4835 2002 4891 facta
2035 4846 2166 4891 sunt

577 4940 719 4981 nova
746 4924 954 4988 omnia,
987 4924 1066 4979 sic
1099 4938 1238 4979 nova
1264 4933 1542 4992 creatura,
1574 4935 1629 4980 et
1657 4926 1766 4981 alia
1801 4927 1971 4982 multa
2001 4927 2158 4981 simi-

577 5023 650 5078 lia
681 5024 806 5092 quis
840 5028 1144 5076 coacervet.

2273 4691 2384 4704 “""
2420 4691 2798 4715 '"r'h'vy'
2956 4691 2973 4706 λ
3103 4691 3113 4701 -

2270 4763 2385 4811 τον,
2416 4743 2474 4796 ἒν
2499 4735 2543 4809 ᾧ
2567 4733 2975 4803 κατακειμένην
3006 4721 3131 4797 εὗρε
3163 4723 3263 4794 τὴν
3318 4719 3482 4788 φύσιν
3515 4730 3615 4786 μου
3639 4691 3826 4811 Exul"!

2270 4799 2560 4892 νοσοῦσαν·
2605 4830 2701 4882 καὶ
2731 4825 2869 4897 πρὸς
2928 4820 3028 4892 τὴν
3077 4813 3376 4886 θεραπείαν
3418 4807 3592 4901 αύτῆς
3637 4799 3828 4901 ξ’τξαῖῗ

2267 4928 2484 4997 δέχεται
2515 4923 2607 4975 τὸν
2640 4877 2849 4986 ἀγῶνα,
2881 4912 2974 4966 καὶ
3007 4904 3348 4967 ἁνακαινίζει
3382 4899 3478 4951 καὶ
3503 4887 3716 4963 ἀνορθοῖ
3740 4877 3827 5002 :3?

2268 4975 2451 5092 ξιξ...
2473 5014 2537 5067 Τί
2553 5009 2647 5066 οὗν
2667 4975 2758 5063 τὸν
2785 4975 2968 5075 ια’τρδν
2989 5001 3180 5072 μέμφῃ
3201 4997 3284 5092 δτξ
3324 4988 3613 5092 μῆηταδτα,
3631 4975 3825 5092 TI:

699 5076 945 5190 ’Χριστὸν
988 5111 1045 5163 δὲ
1086 5110 1251 5164 πάλιν
1299 5111 1404 5165 ὑπὸ
1437 5112 1630 5184 μῶμον
1694 5117 1870 5180 ποιεῖς
1909 5115 1990 5168 ὅτι
2042 5115 2214 5169 ταῦτα
2280 5076 2455 5176 irati-ci;
2513 5107 2655 5161 οὕτω
2703 5098 2949 5171 παρῆλθε
2997 5092 3066 5146 τὰ
3111 5090 3338 5160 ἀρχαῖα,
3377 5083 3521 5138 οὕτω
3553 5076 3734 5148 γέγονε
3772 5077 3827 5115 τα

579 5215 762 5270 πάντα
791 5213 975 5276 καινὰ,
1010 5210 1155 5266 οὕτω
1182 5210 1343 5282 καινὴ
1393 5211 1591 5275 κτίσις.
1635 5209 1746 5262 Καὶ
1779 5209 1952 5280 μυρία
1982 5207 2049 5262 ἄν
2073 5225 2158 5270 τις
2185 5205 2410 5260 τοιαῦτα
2441 5195 2767 5268 ὲπισυνὰψῃ.

653 5324 680 5351 ει
709 5310 851 5366 Psal.
885 5327 937 5374 L,
963 5311 1044 5365 ιε.
1127 5310 1155 5349 ι’
1185 5308 1398 5366 Coloss.
1421 5324 1504 5374 ιιι,
1534 5307 1589 5375 9,
1615 5306 1702 5361 10.

1855 5369 2092 5427 VARUE
2147 5360 2553 5421 LECTIONES.

1450 5479 1495 5509 ¹³
1526 5475 1638 5543 ἐγὼ
1671 5472 1804 5527 αὐτὸ
1832 5488 1892 5543 ς.

659 5479 704 5510 ’⁸
739 5479 943 5552 λαϐὼν]
976 5482 1069 5532 καὶ
1093 5477 1272 5531 λαϐὼν
1306 5478 1369 5532 Α.
1450 5479 1495 5509 ¹³
1526 5477 1638 5543 ἐγὼ
1671 5477 1804 5527 αὐτὸ
1832 5488 1892 5534 ς’.

661 5549 831 5592 unam]
860 5551 1206 5592 ἐνδνιιτιῖιηπίια
1238 5565 1380 5592 (ιηΙΨ,
1413 5550 1471 5592 Λ-
1554 5551 1596 5578 ⁸³
1622 5547 1679 5592 δὲ
1714 5559 1825 5592 om.
1853 5542 1896 5592 Α

1622 5559 1679 5598 ΟΞ
1714 5559 1825 5598 οιιι.
1853 5559 1917 5594 Δ.

587 5549 832 5677 uitiaui]
860 5549 1208 5621 ἐνδυσώμεθα
1238 5565 1382 5604 corr.
1411 5550 1471 5600 A.

587 5638 683 5675 επο
710 5640 756 5674 ει
783 5665 799 5676 .
835 5663 847 5674 .

584 5638 756 5675 εποιει
783 5638 847 5676 Α.

1940 5468 1982 5498 ’δ
2012 5463 2345 5529 λέγεταικαὶ
2371 5460 2433 5513 ού
2459 5460 2523 5510 Δ.
2603 5455 2645 5529 ξ⁷
2671 5446 3001 5529 παραγωγὴ]
3028 5446 3261 5522 fortasse
3277 5434 3597 5529 προαγωγὴ.

2000 5509 2136 5588 ’⁷6⁷ἐέ
2148 5509 2558 5599 ἕὲιᾶἷαὲάέρένὸς
2587 5528 2650 5579 Α.
2714 5509 2765 5554 ¹¹’
2783 5509 2876 5573 καὶ
2901 5509 3026 5573 ante
3051 5513 3315 5568 νοσοῦσαν
3355 5526 3466 5565 οιιι.
3495 5509 3558 5560 A.

3641 5426 3679 5458 il
3697 5417 3826 5474 ἐνδυ-

3614 5501 3654 5532 ²¹
3684 5475 3822 5547 ποιεῖ]

2124 5667 2353 5723 NOTAE.

763 5791 876 5858 (ﬁt)
907 5789 1122 5860 Virgil.,
1147 5786 1366 5843 .Eneid.
1406 5781 1613 5860 lib'LIX,
1644 5771 1930 5860 rersJS/i.‘

1653 5827 1797 5901 hunc
1841 5843 2092 5898 ardorem
2127 5827 2647 5902 mentibusaddunt,

1372 5891 1620 5980 Ευιῖἑίἰῇ
1653 5891 2086 5981 ’ρῖιίιιιιο
2113 5907 2249 5963 deus
2278 5907 2339 5959 lit
2367 5900 2481 5954 dira
2510 5891 2741 5963 cupido?
