4020 6408
129 411 191 478 231
1086 423 1624 490 BIBLIOTIIECA.
1656 456 1724 507 -_-
1763 430 1927 492 COD.
1959 433 2339 495 CCLXXVII.

3236 437 3349 504 282

130 529 249 589 H560
270 527 354 602 8.]
398 531 500 585 Ἐκ
523 533 630 615 τοᾷ
658 537 808 615 μετᾲ
839 537 944 615 τὰς
975 539 1292 615 [fulcit-6m;
1315 541 1390 610 τῇ
1414 543 1462 574 ³³
1489 541 1657 612 ἑξῆς·

1776 545 1847 600 Et:
1901 547 2123 602 homilia
2185 558 2302 603 oost
2351 548 2638 604 Cateudas.
2680 561 2805 615 etc.,
2849 561 2898 606 et
2929 563 3114 608 contra
3163 556 3357 613 ebrios.

522 605 619 658 καὶ
654 608 804 661 κατὰ
826 611 1194 676 μεθυόντων.
1267 605 1280 607 “
1358 605 1385 610 ”
1535 605 1547 666 ξ

181 696 228 749 '0
248 695 418 748 τοίνυν
457 696 692 765 Χριστὸς
724 699 791 753 τὰ
820 700 1021 771 ἄπειρα
1063 701 1243 774 πλήθη
1278 705 1534 768 ἑστιάσας
1564 705 1656 759 ἐπὶ

123 789 196 858 τῆς
213 788 423 858 ἐρήμου.
455 787 556 840 οὐκ
583 788 676 868 ἐπὶ
709 789 913 862 σκηνὴν
946 793 1041 844 καὶ
1072 792 1241 847 ὕπνον
1268 795 1468 859 αὐτοὺς
1494 796 1657 865 έπεμ-

122 882 214 949 ᾁεν,
240 879 341 932 ἀλλ’
373 880 466 932 ἐπὶ
499 880 675 934 θείων.
697 883 961 953 ἀκρόασιν
987 885 1216 938 ἐκάλεσε
1246 885 1464 954 λογίων.
1495 887 1655 941 Οὖτω

121 973 196 1025 καί
213 975 354 1043 ἡμεῖς
379 971 646 1043 ποιῶμεν,
673 975 768 1026 καὶ
793 977 1045 1030 τοσοῦτον
1063 976 1108 1008 ’⁵
1129 977 1402 1048 ἐθίσωμεν
1428 978 1657 1040 ἑαυτοὺς

120 1067 312 1128 ἐσθίειν,
343 1067 466 1119 ὅσον
513 1069 649 1136 πρὸς
680 1069 741 1122 τὸ
775 1069 873 1140 ζῇν
905 1070 1084 1139 μόνον,
1127 1072 1224 1140 οὐχ
1253 1073 1375 1125 ὅσον
1410 1072 1662 1124 διασπᾶ-

121 1161 218 1212 σθαι
248 1161 331 1212 καὶ
366 1160 718 1230 βαρύνεσθαι.
758 1162 832 1213 υύ
875 1163 982 1234 γὰρ
1032 1163 1120 1216 διὰ
1164 1164 1322 1216 τοῦτο
1355 1165 1659 1233 ἐγενόμεθα

119 1253 193 1303 καὶ
217 1249 403 1320 ζῶμεν,
439 1253 527 1304 ἵνα
551 1253 816 1323 φάγωμεν
841 1257 934 1306 καὶ
966 1255 1196 1322 πίωμεν,
1231 1255 1368 1307 ἀλλὰ
1390 1254 1477 1307 διὰ
1502 1253 1660 1306 τοῦτο

122 1343 352 1409 ἐσθίομεν,
389 1343 476 1395 ἵνα
513 1343 719 1413 ζῶμεν.
753 1346 827 1397 Ού
856 1345 916 1397 τὸ
938 1345 1039 1415 ζῇν
1064 1345 1153 1399 διὰ
1183 1346 1244 1398 τὸ
1273 1349 1489 1414 φαγεῖν,
1523 1347 1658 1400 ἀλλὰ

124 1433 190 1484 διὰ,
214 1433 264 1485 τὸ
289 1434 381 1505 ζῇν
404 1434 466 1487 τὺ
499 1439 695 1505 φαγεῖν
715 1438 940 1506 γέγονεν
968 1439 1026 1502 ἐξ
1048 1439 1243 1509 ἀρχῆς.
1288 1437 1479 1509 Ἡμεῖς
1502 1440 1558 1492 δὲ
1584 1440 1660 1502 ώς

127 1530 193 1583 διὰ
213 1529 349 1582 τοῦτο
369 1529 615 1594 ἐλθόντες
643 1531 723 1594 είς
753 1531 843 1584 τὸν
873 1531 1097 1601 κόσμον,
1131 1530 1305 1595 οὕτως
1330 1533 1545 1586 ἅπαντα
1580 1533 1660 1596 είς

128 1622 254 1676 τοῦτο
274 1622 762 1691 καταναλίσκομεν.

139 1733 216 1789 Ἐκ
243 1735 334 1789 τοῦ
364 1737 452 1800 είς
481 1734 544 1788 τὸ
570 1733 763 1803 ῥητὸν
777 1735 891 1790 toﬁ.
926 1735 1292 1790 Ἆποστόλου
1317 1756 1332 1787 ι
1352 1735 1492 1804 Περὶ
1516 1735 1583 1788 δὲ
1609 1737 1656 1768 ³⁸

179 1805 276 1859 τῶν
317 1805 760 1873 κεκοιμημένων
823 1807 896 1876 ot)
951 1806 1103 1859 θέλω
1165 1805 1322 1876 ὑμᾶς
1378 1805 1658 1874 ἀγνοεῖν,

181 1876 432 1959 ἁδαιξοὶ,
463 1877 566 1930 ἵνα
593 1877 679 1946 μὴ
713 1875 996 1944 λυπῆσθε
1039 1877 1119 1942 ὡς
1156 1879 1254 1930 καὶ
1295 1879 1349 1931 οἱ
1386 1879 1613 1943 λοιποὶ,
1637 1897 1653 1928 ι
1689 1901 1738 1959 Β

185 1948 261 1999 καί
287 1946 440 2014 ἑξῆς.
1223 1968 1242 2005 ν

187 2039 240 2093 Τί
265 2041 320 2110 δή
346 2057 495 2102 ποτε,
515 2041 648 2094 ὅταν
673 2040 773 2110 μὲν
797 2039 925 2111 περὶ
949 2038 1041 2092 τοῦ
1069 2038 1306 2110 Χριστοῦ
1337 2038 1657 2108 διαλέγηται

139 2133 332 2196 Παῦλος,
365 2132 626 2187 θάνατον
659 2135 815 2188 καλεῖ
846 2133 939 2186 τὸν
985 2134 1198 2184 ἐκείνου
1239 2132 1465 2186 θάνατον
1485 2173 1498 2196 ,
1531 2133 1660 2185 ὅταν

143 2224 189 2275 δέ
207 2229 307 2293 περὶ
328 2227 413 2293 τῆς
442 2226 722 2295 ἡμετέρας
745 2225 1026 2294 τελευτῆς,
1053 2225 1342 2292 aco/[matr
1363 2224 1535 2292 αὐτὴν
1565 2225 1660 2276 καὶ

151 2315 198 2366 οὔ
237 2315 452 2369 θάνατον
485 2314 782 2384 ὀνομάζει;
834 2317 928 2368 καὶ
960 2316 1069 2384 γὰρ
1107 2316 1165 2367 ὲν
1206 2314 1285 2384 τῷ
1333 2314 1480 2384 αὐτῷ
1519 2313 1662 2384 λόγῳ

157 2407 301 2475 τρίτον
328 2407 558 2478 μνησθεὶς
597 2407 698 2477 τῆς
735 2407 992 2476 τελευτῆς
1025 2407 1134 2460 τῶν
1165 2406 1471 2478 ἀνθρώπων
1509 2407 1664 2459 οὐδα-

160 2499 238 2568 μοῦ
257 2498 469 2553 θάνατον
501 2500 676 2566 λέγει,
706 2499 841 2553 ἀλλὰ
867 2501 1152 2569 κοιμησιν
1188 2499 1285 2570 τὴν
1313 2500 1662 2569 ἀναχώρησιν

154 2590 366 2659 ὀνομάζει.
402 2594 472 2645 Ού
523 2592 634 2662 γὰρ
684 2592 980 2662 παρέργως
1029 2590 1203 2662 ταύτῃ
1252 2592 1520 2662 κέχρηται
1553 2589 1663 2642 τῶν

147 2684 302 2748 λέξεων
319 2689 373 2757 τῇ
397 2689 440 2719 ³³
455 2688 862 2758 παρατηρήσει,
895 2686 1030 2741 ἀλλὰ
1057 2687 1222 2755 σοφόν
1250 2705 1304 2740 τι
1321 2687 1366 2717 ³⁷
1395 2687 1489 2739 καὶ
1521 2688 1662 2756 μέγα

142 2780 499 2845 κατασκευάζει.
547 2780 674 2833 Ἐπὶ
711 2781 810 2850 μὲν
853 2774 945 2832 οὖν
976 2778 1070 2832 τοῦ
1111 2776 1351 2850 Χριστοῦ
1399 2777 1665 2832 θάνατον

143 2872 273 2934 καλεῖ,
301 2874 379 2926 ἵνα
422 2874 483 2926 τὸ
521 2873 699 2937 πάθος
731 2871 1072 2942 πιστώσηται
1096 2910 1112 2932 ,
1143 2872 1238 2924 ἐπὶ
1267 2871 1325 2924 δὲ
1353 2872 1386 2940 ὴ
1397 2871 1514 2940 μῶν
1543 2871 1668 2924 κοίο

139 2979 297 3030 μησεν,
326 2965 412 3019 ἵνα
449 2966 550 3037 τὴν
593 2965 789 3036 ὀδύνην
822 2964 1312 3037 παραμυθήσηται.
1351 2962 1524 3017 Ἔνθα
1570 2963 1669 3034 μὲν

141 3054 222 3122 γὰρ
250 3055 626 3129 προεχώρησεν
671 3059 705 3129 ἡ
753 3057 1083 3121 ἀνάστασις,
1122 3056 1342 3128 θαρῤὦν
1376 3057 1536 3110 καλεῖ
1569 3057 1670 3111 θά-

134 3164 278 3200 νατον·
306 3150 436 3204 ἔνθα
466 3153 526 3204 δὲ
556 3153 614 3205 ἐν
641 3151 855 3204 ἐλπίσιν
879 3150 958 3203 ἐτι
989 3150 1168 3220 μένει,
1199 3151 1461 3221 κοίμησιν
1491 3150 1666 3218 καλεῖ,

1827 701 2080 757 Christus
2108 719 2359 775 magnam
2409 706 2817 762 multitudinem
2854 709 2906 762 in
2952 709 3173 765 deserto
3218 725 3355 766 con-

1755 794 1901 848 vivio
1927 796 2204 865 excipiens
2227 807 2276 863 ο,
2306 813 2414 852 non
2445 799 2565 853 illos
2604 801 2670 854 ad
2698 801 2992 856 tentorium
3020 811 3074 856 et
3101 819 3358 859 somnum

1759 889 1928 954 misit,
1954 889 2045 942 sed
2082 890 2146 942 ad
2186 890 2368 944 divina
2425 892 2586 946 verba
2612 893 2883 946 audienda
2911 895 3145 950 vocavit.
3182 896 3272 950 Sic
3304 905 3362 952 et

1759 995 1861 1034 nos
1913 977 2201 1046 faciamus,
2244 990 2298 1035 et
2359 989 2570 1036 tantum
2606 999 2706 1036 nos
2738 985 2916 1039 edere
2937 1003 3358 1054 assuescamus,

1758 1084 2022 1142 quantum
2052 1074 2117 1126 ad
2147 1073 2312 1128 vitam
2356 1077 2612 1130 tttendam
2664 1079 2886 1146 sttmcit,
2927 1096 3035 1133 non
3079 1090 3350 1149 quantum

1759 1177 1953 1221 noceat
1981 1178 2034 1222 et
2073 1178 2284 1238 gravet.
2339 1167 2456 1222 Non
2497 1170 2642 1224 enim
2678 1171 2888 1226 idcirco
2928 1176 3048 1227 nati
3080 1191 3274 1229 sumus
3304 1187 3361 1229 et.

1759 1264 2014 1327 vivimus,
2051 1272 2109 1316 ut
2136 1261 2364 1318 edamus
2401 1273 2454 1317 et
2489 1264 2761 1331 bibamus,
2813 1267 2907 1320 sed
2951 1267 3078 1321 ideo
3106 1267 3349 1332 edimus“,

1762 1365 1823 1410 ut
1853 1356 2116 1409 vivamus.
2143 1354 2262 1409 Non
2299 1355 2406 1409 vita
2437 1365 2659 1425 propter
2686 1357 2890 1418 cibmn,
2921 1359 3014 1412 sed
3041 1360 3198 1414 cibus
3226 1375 3359 1429 pro-

1761 1458 1880 1519 pter
1939 1447 2104 1500 vitam
2155 1448 2225 1501 ab
2277 1447 2445 1502 initio
2507 1433 2685 1504 factus
2725 1461 2831 1507 est.
2863 1449 2972 1506 Nos
3036 1467 3166 1506 vero
3194 1453 3358 1516 quasi

1763 1539 1884 1594 ideo
1914 1539 1968 1591 in
2003 1538 2265 1593 mundum
2298 1556 2433 1595 vene
2449 1541 2646 1606 rimus,
2674 1541 2753 1595 sic
2783 1544 2967 1596 omnia
3004 1542 3057 1595 in
3091 1559 3211 1597 eam
3243 1557 3358 1596 rem

1764 1633 2174 1686 consumimus.

1762 1722 1830 1777 In
1860 1724 2060 1776 dictum
2109 1723 2350 1792 Apostol‘i
2398 1738 2416 1776 :
2457 1744 2475 1776 ι
2521 1723 2788 1777 Nolumus
2853 1742 2943 1778 vos
2996 1727 3245 1794 ignorare
3295 1725 3363 1779 de

1832 1795 2231 1902 durititientious,
2271 1805 2329 1848 ut
2354 1812 2458 1849 non
2491 1795 2932 1862 comtristemini,
2984 1799 3122 1850 sicut
3177 1808 3226 1850 et
3261 1812 3361 1850 ca:-

1839 1877 1937 1918 tert
1988 1905 2003 1918 .
2037 1884 2056 1916 ι
2083 1877 2183 1918 etc.

1839 1877 1937 1918 tert
1951 1877 2003 1930 α,
2037 1884 2056 1916 ι
2083 1877 2183 1919 etc.

1832 2040 2016 2107 Quare
2042 2042 2280 2108 Paulus,
2311 2057 2440 2097 cum
2462 2042 2530 2099 de
2559 2043 2784 2099 Christo
2811 2044 3078 2115 loquitur,
3107 2057 3342 2104 mortem

1763 2135 1940 2205 ipsius
1971 2148 2133 2191 vocat
2170 2146 2460 2203 mortemc,
2488 2153 2614 2192 cum
2674 2153 2805 2193 vero
2842 2140 2910 2194 de
2963 2149 3153 2195 nostra
3187 2149 3366 2197 morte

1762 2227 1925 2282 verba
1963 2227 2114 2290 facit,
2144 2227 2513 2282 dormitionem
2537 2229 2710 2290 illam,
2737 2240 2792 2283 et
2841 2248 2950 2285 non
2999 2243 3222 2291 mortem
3263 2250 3360 2303 ap-

1763 2320 1973 2393 pellatf
2007 2319 2030 2371 ?
2067 2319 2203 2373 Nam
2250 2321 2305 2374 in
2339 2321 2526 2374 eadem
2581 2323 2834 2377 oratione
2891 2333 2975 2377 ter
3022 2325 3371 2380 mentionem.

1765 2415 1960 2469 mortis
2014 2413 2296 2467 hominum
2352 2413 2560 2468 faciens
2622 2429 2901 2483 nunquam
2951 2427 3175 2469 mortem
3205 2417 3362 2482 dicit,

1766 2506 1860 2562 sed
1927 2503 2302 2557 domuitionem
2371 2503 2654 2558 decessum
2719 2503 2986 2559 nominat.
3046 2505 3166 2559 Non
3221 2507 3373 2562 enim

1768 2609 1973 2656 temere
2004 2598 2088 2653 his
2119 2613 2252 2652 usus
2283 2597 2463 2652 verbis
2500 2597 2819 2667 Apostolus,
2879 2599 2974 2652 sed
3031 2613 3288 2668 magnum
3314 2613 3367 2656 et

1767 2694 1988 2763 sapiens
2015 2693 2275 2762 quiddam
2316 2701 2608 2762 praeparat.
2658 2691 2718 2746 In
2766 2691 2989 2747 Christo
3022 2692 3192 2764 igitur
3219 2708 3370 2746 mor-

1771 2796 1876 2840 tem
1904 2793 2087 2849 vocat,
2125 2794 2184 2839 ιιι
2212 2783 2397 2854 passio
2439 2785 2722 2848 credatur,
2773 2784 2829 2837 in
2869 2783 3029 2841 nobis
3077 2801 3208 2840 vero
3246 2789 3370 2838 dor-

1769 2878 2063 2943 tnitionem,
2113 2885 2172 2930 ut
2223 2875 2466 2930 dolorem
2517 2875 2864 2930 consoletur.
2905 2873 3006 2930 Ubi
3042 2876 3200 2930 enim
3222 2891 3362 2944 pra:-

1770 2969 1938 3024 cessit
1995 2967 2347 3033 resurrectio,
2400 2965 2688 3021 conlidens
2732 2976 2900 3022 avocat
2949 2977 3231 3022 mortem:
3265 2967 3360 3021 ubi

1771 3078 1902 3117 vero
1936 3062 1989 3115 in
2015 3077 2112 3130 spe
2158 3060 2342 3115 adhuc
2377 3069 2586 3125 manet,
2621 3060 3006 3115 dormitionem
3036 3061 3274 3130 appellat
3314 3063 3362 3114 σε

1772 3167 1827 3210 et
1852 3155 1954 3210 hac
1983 3153 2347 3224 appellatione
2389 3168 2492 3208 nos
2534 3153 2831 3208 consolans
2861 3153 2915 3206 in
2947 3154 3144 3208 bonam
3191 3151 3364 3224 [vitae]

135 3239 206 3290 xz“.
226 3241 300 3294 διὰ
324 3242 536 3312 ταύτης
564 3242 1062 3313 παραμυθούμενος
1092 3244 1239 3312 ἡμᾶς
1273 3244 1373 3310 τῆς
1408 3259 1669 3312 προσηγο-

1784 3263 1935 3317 spem
1968 3248 2147 3317 erigit.
2185 3246 2473 3302 Dormiens
2500 3247 2650 3300 enim
2682 3245 2911 3300 omnino
2938 3255 3208 3316 resurget,
3241 3259 3365 3300 cum

135 3331 246 3398 951;,
272 3336 358 3387 καὶ
389 3336 636 3406 χρηστὰς
671 3334 892 3398 ἐλπίδας
927 3336 1226 3388 ὑποτείνων
1259 3338 1414 3406 ἡμῖν.
1462 3337 1522 3388 ’0
1561 3335 1673 3407 γὰρ

136 3426 427 3496 κοιμώμενος
463 3430 828 3498 ἀναστήσεται
871 3427 1090 3491 πάντως
1120 3469 1136 3492 ,
1167 3429 1290 3480 ἐπεὶ
1319 3429 1414 3481 καὶ
1449 3427 1677 3491 θάνατος

134 3517 243 3572 οὐδὲν
265 3519 454 3592 ἕτερόν
481 3523 632 3574 ἐστιν
659 3519 693 3592 ἢ
725 3520 1119 3592 μακροχρόνιος
1151 3519 1338 3581 ὕπνος.

138 3631 212 3685 Τοῦ
228 3632 408 3687 αὐτοῦ
427 3633 859 3702 Χρυσοστόμου
886 3633 955 3687 ἐκ
973 3633 1077 3688 τοῦ
1098 3633 1232 3702 περὶ
1252 3635 1584 3700 Μετανοίας
1606 3634 1672 3688 ’⁸.

178 3725 337 3778 Μάννα
385 3725 578 3796 ἢσθιον
619 3726 670 3778 οἱ
725 3725 988 3787 Ἰουδαῖοι,
1031 3726 1128 3779 καὶ
1175 3726 1245 3779 τὰ
1295 3727 1354 3779 ἐν
1410 3725 1678 3796 Αἰγύπτῳ

128 3817 339 3887 κῴμμυα
409 3818 748 3889 ἐπεζήτουνο
805 3817 980 3883 οὕτως
1041 3819 1269 3891 αἰσχρὸν
1322 3821 1356 3890 ἡ
1417 3818 1678 3890 συνήθεια

123 3912 314 3980 πρᾶγμα
339 3914 440 3965 καὶ
470 3915 751 3966 κάκιστον.
785 3912 909 3966 Κάν
937 3913 1018 3975 εἰς
1059 3912 1190 3965 δέκα
1223 3914 1440 3982 ἡμέρας
1478 3929 1678 3984 κατορ-

122 3998 285 4075 θώσῃς,
308 4007 422 4059 κάν
442 4007 522 4068 είς
539 4005 735 4070 εἴκοσι,
766 4004 872 4058 κάν
893 4006 973 4068 είς
993 4004 1315 4075 τριάκοντα,
1337 4005 1436 4058 οὐκ
1453 4006 1673 4073 ἀγαπῶ,

119 4092 165 4141 οὐ
187 4094 324 4165 χάριν
351 4096 488 4165 ἔχω,
518 4096 579 4148 ού
611 4095 1063 4166 περιπτύσσομαί
1098 4111 1159 4146 σε
1185 4111 1199 4159 ;
1230 4095 1408 4148 Μόνον
1441 4094 1515 4165 μὴ
1542 4097 1678 4148 ἀπο-

122 4184 303 4255 κᾶμῃς,
337 4188 454 4240 ἀλλ’
489 4189 754 4257 αἰσχύνοι)
794 4188 889 4240 καὶ
932 4187 1334 4256 καταγίνωσκε.
1368 4187 1538 4240 Πάλιν
1570 4187 1679 4238 διε-

120 4275 283 4348 λέχθην
304 4284 348 4313 ”
382 4282 520 4354 περὶ
560 4283 806 4353 ἀγάπηςο
849 4283 1121 4353 ἡκούσας,
1147 4281 1418 4352 ἀπῆλθες,
1457 4284 1548 4337 καὶ
1575 4282 1677 4352 ἦρ-

120 4385 269 4432 mn;
289 4389 303 4402 ο
330 4375 431 4426 οὐκ
476 4373 740 4439 ἐπεδείξω
778 4374 866 4426 διὰ
898 4373 1008 4425 τῶν
1039 4373 1218 4444 ἔργων
1249 4375 1342 4426 τὸν
1375 4373 1552 4440 λόγον.
1583 4372 1676 4443 Μὴ

118 4459 378 4532 αἰσχυνθῇς
402 4463 569 4516 πάλιν
592 4462 854 4516 εἰσελθεῖν
879 4461 1008 4534 [854
1029 4462 1122 4534 Η.]
1141 4465 1219 4527 είς
1238 4463 1339 4533 τὴν
1355 4463 1671 4534 ἐκκλησίαν.

1782 3357 1930 3398 mors
1969 3341 2106 3396 nihil
2133 3341 2208 3396 sit
2237 3339 2413 3406 aliud,
2452 3354 2620 3410 quam
2651 3339 2952 3396 diuturnus
2999 3353 3257 3395 somnus.

1980 3637 2062 3694 Ex
2083 3638 2302 3692 homilia
2335 3635 2702 3707 Chrysostomi
2731 3634 2799 3688 de
2822 3632 3169 3687 Pwnitentia.

1845 3732 2215 3790 Comederunt
2242 3729 2411 3786 Judaei
2457 3745 2657 3784 manna
2679 3730 2730 3791 ιι,
2759 3736 2814 3782 et
2868 3742 3028 3796 cepas
3085 3723 3374 3795 [Egyptias

1777 3825 2092 3898 quaerebant
2137 3839 2152 3875 :
2199 3823 2336 3878 adeo
2384 3821 2564 3892 turpis
2600 3836 2690 3875 res
2720 3830 2804 3876 cst
2834 3818 3193 3882 consuetudo,
3237 3817 3380 3886 quin

1780 3919 2041 3989 pessima.
2095 3916 2248 3970 Licet
2299 3930 2393 3985 per
2437 3915 2624 3969 decem
2666 3913 2786 3968 dies
2815 3912 3078 3982 praeclare
3107 3921 3158 3964 te
3188 3923 3376 3980 geras,

1777 4011 1902 4065 licet
1929 4025 2024 4079 per
2067 4008 2287 4080 viginti,
2346 4023 2444 4077 per
2480 4008 2728 4077 triginta,
2758 4019 2866 4059 non
2911 4004 3224 4073 acquiesco,
3260 4017 3380 4056 now

1777 4103 2006 4174 gratiam
2041 4102 2236 4165 habeo,
2275 4116 2380 4154 non
2413 4108 2464 4154 te
2497 4100 2836 4168 complector
2874 4115 2888 4149 :
2923 4098 3086 4149 modo
3117 4110 3186 4149 ne
3211 4094 3376 4148 dela—

1779 4196 1986 4264 tigeris,
2039 4194 2135 4250 sed
2193 4191 2534 4248 suﬂ‘undaris
2588 4191 2838 4260 pudore,
2897 4199 3058 4257 teque
3113 4200 3371 4242 accuses.

1777 4290 1979 4341 lterum
2017 4286 2084 4340 de
2113 4284 2376 4339 charitate
2409 4281 2806 4345 disseruimus;
2866 4278 3091 4342 audisti,
3145 4274 3366 4338 abiisti,

1776 4377 2028 4447 rapuisti,
2056 4391 2162 4429 non
2190 4375 2448 4443 operibus
2481 4369 2673 4441 52311
2701 4385 3010 4425 sermonem
3041 4363 3327 4424 ostendisti
3353 4382 3371 4420 :

1777 4487 1846 4524 ne
1873 4470 2070 4532 iterum
2124 4465 2333 4536 ingredi
2389 4463 2685 4517 Ecclesiam
2741 4462 3058 4521 erubescas.
3109 4459 3376 4513 erubesce

119 4548 349 4618 Αἰσχύνον
389 4553 750 4623 ἁμαρτάνων,
805 4553 878 4625 μὴ
924 4555 1185 4625 αἰσχύνοιο
1224 4555 1522 4626 μετανοῶν.
1570 4554 1669 4608 Δύο

1779 4575 2028 4633 peccare,
2091 4574 2200 4613 non
2257 4555 2518 4611 erubesce
2557 4554 2842 4624 poenitere.
2895 4552 3015 4606 Duo
3078 4553 3190 4605 hate
3219 4555 3369 4613 sunt,

117 4640 261 4694 ταῦτά
302 4647 475 4712 ἐστιν,
505 4645 755 4716 ἁμαρτία
785 4649 880 4699 καὶ
915 4647 1209 4717 μετάνοια,
1255 4645 1478 4718 τραῦμα
1512 4646 1612 4716 μὲν
1639 4648 1674 4718 ἡ

118 4731 348 4804 ἁμαρτία,
378 4739 681 4808 φάρμακον
705 4737 748 4790 δ’
780 4738 814 4809 ἡ
846 4741 1127 4808 μετάνοια.
1171 4739 1261 4792 Ἐν
1289 4738 1369 4809 τῷ
1394 4737 1674 4808 τραύματι

119 4825 359 4891 σηπεδὼν,
382 4830 442 4880 ἐν
467 4827 548 4899 τῷ
573 4830 854 4900 φαρμάκῳ
873 4829 976 4898 τῆς
994 4831 1285 4901 σηπεδόνος
1310 4829 1672 4901 καθαρισμός.

129 4913 196 4965 Ἐν
217 4921 276 4988 τῇ
303 4905 555 4992 ἁμαρτίᾳ
579 4921 804 4986 ὄνειδος,
828 4923 1022 4990 γέλως*
1051 4925 1109 4976 ἐν
1135 4926 1202 4995 τῇ
1230 4921 1490 4994 μετανοίᾳ
1516 4922 1676 4976 ἔπαι-

121 5024 204 5070 νκ.
231 5015 518 5084 παρρησία
551 5015 620 5080 ⁸⁸,
652 5015 955 5086 ἐλευθερία.
1011 5015 1151 5069 Ἀλλ’
1186 5018 1538 5089 ἀντιστρέφει
1573 5019 1674 5088 τὴν

123 5102 242 5164 τάξιν
276 5108 303 5157 ὁ
345 5107 618 5170 Σατανᾶς,
666 5107 764 5160 καὶ
792 5107 976 5162 δίδωσι
1006 5111 1119 5174 τοῖς
1152 5110 1495 5181 πειθομένοις
1526 5111 1676 5182 αὐτῷ

127 5191 168 5243 ἐν
187 5195 273 5260 μὲν
292 5200 358 5268 τῇ
386 5197 642 5269 ἁμαρτίᾳ
667 5198 767 5268 τὴν
795 5199 1129 5271 παρρησίαν,
1153 5201 1212 5252 ἐν
1238 5201 1294 5254 δέ
1319 5204 1386 5273 τῇ
1415 5203 1677 5272 μετανοίᾳ

126 5282 198 5351 τὴν
221 5289 507 5360 αἰσχύνην.
536 5291 607 5343 Σὺ
637 5289 695 5342 δέ
729 5289 804 5360 μὴ
831 5291 1059 5360 πεισθῇς
1088 5291 1256 5362 αὐτῷ,
1292 5293 1406 5346 ἀλλ’
1435 5292 1675 5364 ἑκατέρα

131 5378 292 5444 πράξει
322 5383 384 5434 τὸ
415 5385 622 5436 οἰκεῖον
657 5383 1029 5452 ἁπονέμεσθαι
1065 5383 1388 5442 σπούδασον.

177 5505 196 5530 ε
225 5494 385 5550 Μαιίι.
410 5514 528 5557 xw.
553 5498 639 5551 15.

764 5498 790 5537 d
820 5499 840 5552 Ι
871 5496 1062 5552 Thess.
1089 5516 1162 5566 tv,
1203 5503 1288 5556 15.

126 5578 183 5627 tv,
201 5567 369 5622 15-15.

452 5571 480 5607 Ιι
517 5567 688 5625 Exod.
719 5586 829 5637 xw,
852 5573 885 5626 '5
910 5586 1060 5639 sctl‘l'

1401 5514 1423 5542 ο
1456 5503 1617 5557 Rom.
1653 5517 1729 5566 vt,
1763 5501 1816 5554 5.

1783 4661 2065 4724 peccatum
2104 4659 2157 4704 et
2181 4648 2495 4719 poenitentia
2521 4662 2536 4698 :
2567 4645 2768 4698 vulnus
2799 4643 3022 4713 quidem
3061 4649 3367 4711 peccatum,

1782 4746 2080 4804 remedium
2120 4739 2440 4812 poenitentia
2467 4758 2480 4792 :
2512 4739 2564 4792 in
2602 4736 2831 4790 vulnere
2867 4729 3126 4805 putredo;
3182 4735 3236 4787 in
3265 4746 3380 4801 pte-

1782 4842 2010 4897 nitentia
2036 4834 2342 4907 putredinis
2371 4830 2661 4887 mundatio
2693 4852 2709 4884 ;
2746 4829 2800 4884 in
2840 4838 3066 4899 peccato
3101 4826 3372 4896 probrum

1781 4944 1836 4989 et
1871 4931 2095 4994 derisio,
2125 4929 2177 4980 in
2207 4923 2530 4998 pmnitentia
2577 4923 2724 4986 laus,
2776 4932 2843 4977 et
2869 4921 3094 4976 libertas
3125 4917 3369 4981 dicendi,

1782 5041 1847 5081 ac
1871 5041 1902 5080 e
1935 5022 2199 5078 servitute
2252 5016 2521 5074 liberatio.
2568 5013 2672 5069 Sed
2716 5014 2951 5068 Satanas
2977 5012 3227 5065 ordinem
3259 5011 3370 5061 im-

1783 5125 1977 5179 mutat,
2006 5115 2209 5183 datque
2241 5112 2306 5164 iis
2331 5109 2422 5179 qui
2453 5107 2527 5162 illi
2557 5108 2841 5172 obedinnt,
2871 5106 2923 5159 in
2952 5115 3172 5174 peccato
3203 5101 3374 5154 licen-

1785 5205 1937 5271 tiam,
1973 5205 2027 5257 in
2067 5200 2391 5272 pmnitentia
2426 5197 2712 5269 pudorem.
2755 5195 2835 5249 Tu
2889 5207 3023 5247 vero
3079 5208 3146 5246 ne
3177 5191 3372 5246 credas

1784 5297 1886 5363 illi,
1917 5297 2012 5352 sed
2045 5295 2265 5364 utrique
2293 5291 2496 5347 actioni
2539 5304 2702 5344 suum
2730 5287 2978 5341 tribuere
3007 5283 3188 5340 stude.

1958 5497 1977 5536 ί
2009 5497 2176 5552 lCor.
2205 5512 2280 5562 χι,
2307 5493 2414 5560 ’50;
2462 5507 2551 5559 xv,
2581 5489 2636 5555 6,
2667 5488 2756 5556 18,
2792 5487 2883 5553 20,
2909 5487 2995 5543 5L
3102 5481 3371 5536 “Thess-

1413 5663 1495 5718 VA
1507 5662 1645 5718 Rl/E
1677 5655 2083 5715 LECTIONES.

210 5753 250 5784 ’³
273 5758 336 5824 τῇ
363 5757 404 5808 Α
443 5779 455 5812 :
485 5758 582 5810 καὶ
612 5777 675 5823 ς.
781 5758 825 5788 ’³
854 5757 1076 5812 τοσοῦτο
1100 5778 1161 5824 ς.
1240 5762 1285 5791 ’⁵
1318 5758 1377 5811 δέ
1419 5772 1530 5810 om.
1593 5758 1655 5809 Α.

127 5849 179 5900 τ
207 5812 508 5900 μετανοίας]
543 5812 856 5899 ἀνεγνώσθη
885 5830 949 5882 ἐκ
968 5829 1064 5884 τοῦ
1095 5812 1224 5900 περὶ
1261 5828 1550 5900 μετανοίας
1581 5827 1674 5883 τοῦ
1726 5812 2277 5894 αὐτούᾷίρυσοστὸμου
2303 5819 2367 5872 Λ.
2437 5817 2480 5849 ³³
2511 5812 2816 5883 διειλέχθην
2855 5827 2913 5873 ς’.

129 5886 308 5958 ἔπαινος
338 5895 402 5951 Δ.

1770 5756 1816 5787 ’θ
1845 5756 1913 5822 τῆ
1973 5751 2094 5804 add.
2173 5749 2237 5802 Λ.
2311 5748 2354 5779 ³⁷
2385 5763 2436 5799 τι
2494 5743 2782 5811 Scaliger:
2837 5739 2954 5794 libri
2983 5753 3062 5789 τε.
3185 5732 3230 5763 ’⁸
3266 5731 3372 5783 Τοῦ

1770 5808 2277 5870 ὐτοῧνουσοατὸιιου
2303 5819 2367 5870 Λ.
2437 5817 2480 5849 ³³
2511 5812 2816 5870 διειλέγθην
2855 5827 2913 5870 ς.
3006 5807 3050 5839 ³⁰
3093 5801 3374 5870 παρρησία

3093 5829 3276 5870 metu.
