3856 6298
640 361 748 426 283

1774 363 2038 425 ΡΙΙΟΤΙΙ
2078 362 2182 422 PA'

2286 361 2581 424 [ARCII/E
2630 365 2739 426 ΕΡ.
3746 383 3830 449 284

653 477 800 532 Visio
838 494 1000 544 quam
1053 479 1182 534 vidit
1223 478 1426 558 Isaias.
1451 486 1639 530 contra
1691 475 1937 530 Judwam
1973 486 2023 531 et
2054 473 2182 529 Jeru

2286 514 2291 531 ι
2321 471 2571 540 κορασις
2596 475 2635 505 ιι
2673 475 2754 544 ἢν
2781 471 2942 558 8158,.-
2985 475 3232 558 :{Iaai‘ac
3270 479 3420 558 ξιᾳτὰ
3458 483 3718 558 ἰουδαίας
3749 504 3829 554 καὶ

1347 549 1527 602 salem.

714 637 809 692 Dic
863 639 1130 696 visionem
1191 654 1353 708 quam
1406 637 1608 692 vidisti.
1649 634 1768 706 ipse
1813 645 1994 691 autem
2030 635 2210 692 dicit:

2794 545 2944 599 κατὰ
2985 546 3394 616 Ἰερουσαλήμ.

2384 635 2518 688 Εἰπὲ
2540 635 2637 706 τὴν
2661 638 2849 706 ὅρασιν
2875 638 2941 708 ῆν
2965 635 3121 700 εἶδες.
3158 639 3216 690 Ὀ
3239 637 3295 690 δὲ
3325 639 3468 708 λέγει
3498 645 3720 716 Ἀκουε,
3745 660 3830 710 οὐ-

641 728 850 786 Audite.
879 731 1076 791 cazli,et
1098 731 1312 784 mnibus
1341 730 1742 799 percipe,'terra,
1766 731 2010 798 quoniam
2037 729 2182 783 Domi

2305 725 2482 792 ρανὲ,
2538 727 2635 780 καὶ
2685 726 2988 791 ἑνωτίζουν
3033 728 3134 798 γῆς
3168 728 3256 782 ὅτι
3295 732 3506 799 Κύριος
3542 736 3829 807 ἐλάλησεν.

642 837 741 872 nus
771 822 975 874 locutus
1004 823 1146 875 esti.
1205 823 1319 874 Alia
1376 820 1700 889 promisisti,
1781 821 1886 875 alia
1945 821 2207 889 loqueris.

641 912 930 981 Incipiens,
962 914 1143 968 dixisti
1181 933 1196 969 :
1237 915 1373 968 Visio
1399 931 1553 982 super
1597 913 1842 967 Judwam
1891 923 1940 966 et
1987 912 2210 967 Jerusa-

641 1002 742 1056 lem
767 1019 786 1056 :
826 1012 879 1055 et
909 1004 1107 1058 omissa
1164 1004 1495 1065 narratione,
1547 1019 1668 1057 cum
1700 1012 1841 1057 terra
1883 1013 1936 1058 et
1965 1004 2104 1057 caelo
2132 1004 2212 1056 lo-

639 1094 848 1160 queris.
879 1091 1140 1147 Homines
1171 1094 1454 1163 relinquis,
1480 1105 1533 1149 et
1565 1110 1688 1149 cum
1722 1095 1898 1149 brutis
1925 1097 2209 1151 elementis

638 1185 900 1254 loqueris.
964 1184 1058 1245 Ita,
1111 1185 1322 1254 inquit;
1390 1201 1513 1240 cum
1567 1187 1816 1243 homines
1865 1189 1998 1256 ipsis
2033 1188 2208 1242 brutis

636 1276 810 1344 magis
851 1277 958 1330 sint
993 1277 1119 1331 facti
1153 1279 1586 1343 irrationabiles,
1617 1289 1671 1334 et
1705 1297 1814 1334 non
1844 1281 1966 1335 ideo
2003 1282 2202 1349 solum,

634 1368 728 1423 sed
757 1369 917 1422 etiam
947 1370 1074 1439 quia
1106 1370 1280 1427 Moses
1297 1372 1561 1428 ducturus
1590 1373 1710 1428 illos
1745 1373 1797 1427 in
1825 1375 2204 1442 promissionis

631 1471 855 1526 terram,
895 1473 948 1516 et
973 1466 1276 1533 przevitlens
1311 1465 1512 1529 futura,
1547 1467 1624 1519 sic
1667 1467 1741 1520 ait
1770 1485 1783 1520 :
1816 1469 2201 1537 Audi,cazlum,

631 1561 682 1604 et
729 1553 918 1621 loquar
948 1571 968 1618 ;
993 1557 1220 1616 attende,
1261 1565 1420 1619 terra,
1449 1557 1602 1610 verba
1635 1559 1741 1611 oris
1795 1561 1893 1612 mei
1924 1559 1972 1612 ι.
2011 1559 2204 1614 Testor

630 1643 808 1708 vobis,
846 1645 1023 1715 inquit
1048 1645 1245 1709 Moses,
1278 1646 1474 1710 Judaei,
1499 1650 1699 1702 caelum
1729 1659 1784 1704 ct
1817 1660 2042 1713 terram,
2073 1653 2198 1720 quia

626 1747 751 1787 cum
797 1736 1055 1790 veneritis
1103 1736 1156 1790 in
1189 1746 1386 1790 terram
1419 1739 1821 1806 promissionis,
1871 1751 1923 1794 et
1957 1740 2196 1810 relique-

2316 816 2483 868 ΙΙἈλλα
2533 819 2842 887 ἐπηγγείλω
2875 820 2970 872 καὶ
3007 820 3142 873 ἄλλα
3189 820 3384 888 λέγεις.
3431 824 3732 896 Ἀρχόμενος
3765 833 3828 889 εἷ-

2312 924 2412 970 πες
2432 923 2446 936 ο
2478 908 2728 974 Ὄρασις
2758 909 2909 962 κατὰ
2955 911 3248 974 Ἰουδαίας
3278 913 3374 964 καὶ
3408 916 3552 967 κατὰ
3592 917 3829 997 [1561K]

2321 999 2738 1069 Ἰερουσαλήμ,
2779 1003 2872 1052 καὶ
2901 1002 3060 1070 ἀφεὶς
3093 1001 3191 1071 τὴν
3236 1002 3486 1074 διήγησιν
3524 1009 3718 1080 οὐρανῷ
3753 1019 3829 1068 καὶ

2309 1097 2378 1164 γῇ
2407 1095 2647 1166 διαλέγῃ.
2697 1095 2942 1164 Ἀφῆκας
2966 1094 3090 1155 τοὺς
3118 1093 3454 1162 ἀνθρώπους,
3481 1099 3572 1150 καὶ
3599 1104 3701 1165 τοῖς
3726 1105 3829 1158 ἁλό-

2308 1202 2426 1254 γοις
2456 1188 2738 1255 στοιχείοις
2771 1185 3151 1257 προσδιαλέγῃ.
3185 1185 3311 1250 Ναὶ,
3344 1189 3524 1257 φησὶν,
3548 1192 3716 1264 ἐπειδὴ
3741 1199 3829 1251 τῶν

2308 1277 2518 1346 ἀλόγων
2547 1278 2787 1347 ἀλογώτε
2799 1295 2878 1348 ροι
2911 1278 3196 1346 γεγόνασιν
3225 1278 3271 1330 οἱ
3299 1277 3522 1347 λογικοί.
3552 1284 3654 1336 Καὶ
3679 1287 3732 1338 οὒ
3759 1290 3829 1342 διὰ

2304 1369 2465 1423 τοῦτο
2493 1370 2676 1438 μόνον,
2705 1369 2844 1424 ἀλλὰ
2870 1370 2964 1422 καὶ
2998 1369 3131 1422 διότι
3173 1368 3382 1438 μέλλων
3414 1371 3441 1422 6
3469 1373 3692 1445 Μωῡσῆς
3734 1381 3826 1431 εἰς-

2307 1461 2462 1530 ἁγειν
2477 1450 2675 1525 αὐτοὺς
2697 1464 2776 1525 είς
2801 1462 2900 1532 τὴν
2912 1462 3014 1531 γῆν
3027 1461 3123 1530 τῆς
3146 1462 3494 1530 ἐπαγγελίας,
3512 1465 3598 1516 καὶ
3614 1471 3825 1539 προορῶν

2301 1555 2370 1607 τὰ
2401 1553 2658 1624 μέλλοντα
2685 1551 2925 1617 ἔσεσθαι,
2950 1551 3090 1604 οὕτω
3133 1551 3250 1615 πώς
3289 1569 3451 1619 φησιν
3497 1557 3706 1624 Ἄκουε,
3747 1565 3825 1614 οὺ.

2294 1644 2464 1712 ρανὲ,
2504 1645 2600 1697 καὶ
2621 1643 2894 1710 λαλήσω·
2925 1643 3268 1712 προσεχέτω
3292 1643 3329 1710 ή
3359 1645 3402 1675 ³²
3439 1643 3512 1713 γῆ
3533 1646 3750 1714 ῥήματα
3771 1653 3822 1705 ἐκ

2301 1736 2596 1804 στόματός
2641 1753 2782 1804 μου.
2819 1734 3273 1804 Διαμαρτύρομαι
3310 1735 3469 1804 ὑμῖν,
3504 1738 3680 1806 φησὶν,
3717 1741 3820 1794 Ἰου.

624 1826 748 1881 ritis
785 1827 949 1881 Deum
976 1838 1237 1891 vestrum,
1279 1830 1330 1882 in
1354 1845 1542 1884 omnes
1572 1841 1760 1900 gentes
1787 1832 2182 1902 dispergemini.

2301 1824 2456 1889 δαῖοι,
2487 1825 2578 1878 τὸν
2606 1827 2832 1896 οὐρανὸν
2861 1826 2955 1878 καὶ
2981 1825 3080 1894 τὴν
3125 1825 3252 1894 γῆν,
3280 1826 3308 1877 6
3349 1827 3608 1898 Μωῦσῆς,
3641 1830 3714 1882 ὅτι
3747 1833 3821 1885 ἐὰν

623 1916 783 1970 Venit
812 1917 976 1986 igitur
1008 1919 1195 1980 Isaias,
1231 1919 1390 1972 mina;-
1418 1929 1572 1972 erant
1597 1930 1910 1976 cessaturae.
1947 1922 2065 1976 Non
2098 1939 2191 1992 po-

621 2008 726 2060 tuit
748 2024 946 2063 vocare
969 2009 1196 2073 Mosem,
1225 2011 1336 2080 jam
1369 2022 1668 2078 mortuum,
1689 2031 1788 2070 nec
1815 2017 1906 2085 qui
1941 2017 2190 2088 aliquan-

618 2093 689 2147 do
728 2096 1092 2152 audiverunt:
1119 2099 1385 2154 elementa
1418 2103 1633 2156 tandem
1675 2114 1852 2168 vocat,
1874 2121 1994 2174 quae
2022 2107 2185 2161 etiam

618 2186 673 2240 in
710 2187 1081 2243 testimonium
1135 2191 1266 2260 ipsis
1305 2193 1484 2247 Moses
1519 2206 1762 2259 vocarat,
1794 2209 1848 2251 et
1869 2215 2183 2268 quanquam

615 2276 708 2332 ille
748 2281 922 2347 potuit
966 2279 1235 2336 Aaronem
1272 2285 1436 2338 etiam
1476 2301 1672 2342 vocare
1700 2288 1752 2341 in
1791 2291 2183 2359 testimonium,

613 2382 667 2425 et
689 2372 823 2426 aliOs
856 2375 1076 2441 multos,
1109 2380 1200 2430 sed
1236 2377 1362 2431 Ideo
1396 2378 1644 2450 (diceret)
1678 2381 1800 2436 illos
1828 2398 1936 2436 non
1968 2386 2180 2448 vocavi,

609 2465 1049 2534 quandoquidem
1103 2467 1179 2521 illi
1230 2480 1389 2522 crant
1461 2471 1734 2536 morituri,
1792 2489 1970 2542 neque
1997 2475 2183 2530 testari

607 2564 879 2624 poterant.
934 2556 1070 2610 Cum
1125 2575 1252 2615 vero
1313 2561 1478 2614 Israel
1517 2563 1905 2630 prazvaricatus
1937 2565 2027 2630 sit,
2061 2567 2183 2622 ideo

607 2645 787 2701 adhuc
841 2648 1095 2704 durantia
1144 2651 1412 2705 elementa
1463 2654 1658 2706 merito
1710 2655 1763 2708 in
1807 2657 2178 2712 testimonium

607 2753 763 2793 voco.
820 2739 913 2794 Sic
966 2750 1020 2795 ct
1081 2741 1249 2797 Isaias
1305 2742 1456 2806 facit,
1521 2761 1632 2799 non
1671 2749 1833 2800 modo
1867 2761 2090 2818 pr0pter
2117 2767 2178 2806 ea

605 2845 729 2898 quae
756 2831 1016 2893 diximus,
1053 2833 1144 2886 sed
1177 2833 1341 2887 etiam
1377 2843 1664 2904 postquam
1717 2851 1840 2891 cum
1871 2837 2074 2894 Jndwis
2103 2841 2180 2892 lo-

604 2933 790 2986 cutus,
845 2922 977 2978 vidit
1005 2923 1127 2980 illos
1171 2924 1273 2979 sibi
1308 2941 1415 2979 non
1469 2927 1768 2991 attendere,
1817 2929 1880 2981 ad
1911 2929 2176 2984 elementa

603 3030 664 3070 se
689 3017 975 3083 convertit,
1047 3027 1101 3072 et
1130 3027 1293 3074 testes
1325 3019 1424 3074 sibi
1458 3021 1692 3075 assumit
1722 3039 1734 3075 :
1788 3021 1946 3086 Audi,
1966 3023 2174 3076 cwlum.

605 3104 684 3159 Tu
713 3107 856 3160 enim
886 3123 1083 3161 manna
1112 3110 1315 3178 pluisti.
1351 3109 1562 3164 lnclina
1608 3128 1788 3166 aurem
1813 3121 1979 3174 tuam,
2011 3125 2172 3167 terra.

603 3193 684 3249 Tu
716 3196 858 3250 enim
901 3197 1097 3270 524a
1129 3201 1440 3254 coturnices
1485 3202 1678 3257 dedisti
1705 3204 1753 3257 ιί.
1787 3204 1928 3258 Audi
1967 3207 2171 3270 caelum,

602 3303 727 3341 nam
764 3289 872 3343 illis
920 3306 985 3344 ea
1021 3306 1142 3360 quae
1183 3308 1348 3361 supra
1404 3303 1650 3347 naturam
1682 3296 1899 3351 dedisti.
1940 3298 2173 3352 Sursum

603 3378 870 3455 mansisti,
897 3381 1170 3448 quomodo
1200 3391 1250 3436 te
1280 3382 1420 3438 Deus
1449 3385 1701 3452 lirmavit,
1729 3398 1782 3441 et
1810 3389 2173 3443 imitationem

602 3485 741 3522 arcte
771 3486 877 3524 non
924 3472 1242 3541 despexisti.
1271 3476 1517 3543 Attende,
1546 3487 1708 3542 terra,
1755 3490 1811 3534 tn
1855 3483 2000 3534 enim
2033 3483 2173 3539 infra

599 3576 744 3623 eras,
793 3573 846 3615 et
897 3579 1140 3618 mensam
1197 3565 1307 3620 illis
1356 3569 1539 3622 subito
1586 3571 1914 3638 apposuisti.
1965 3573 2091 3625 ideo
2120 3582 2174 3626 et

597 3649 740 3705 alius
783 3654 1048 3722 propheta
1081 3654 1093 3692 ι
1127 3657 1314 3712 videns
1341 3674 1519 3728 regem
1553 3660 1938 3727 insanientem,
1963 3665 2168 3718 idolum

596 3747 890 3809 colentem,
942 3746 1220 3817 Deumque
1259 3754 1608 3809 contumeliis
1652 3753 1999 3822 aliieientem,
2031 3757 2170 3813 alios

595 3838 856 3896 timentes
889 3859 902 3894 :
939 3843 1146 3897 nullum
1174 3843 1368 3898 horum
1390 3846 1708 3915 alloquitur,
1743 3849 1836 3904 sed
1868 3865 2170 3906 conversus

593 3930 718 3985 ait:
761 3930 921 3997 Audi,
977 3933 1167 3998 altare,
1217 3936 1345 3990 audi
1393 3954 1491 3992 me.
1517 3938 1631 3992 Cur
1671 3939 1840 4007 lapidi
1883 3940 2170 4009 loqueris?

593 4030 760 4084 certe,
798 4021 992 4092 inquit,
1022 4039 1145 4078 cum
1188 4027 1370 4080 minus
1411 4044 1575 4096 quam
1626 4030 1763 4098 lapis
1792 4046 1882 4084 rex
1915 4032 2119 4086 sentiat
2148 4051 2162 4086 :

592 4112 754 4178 Audi,
777 4115 982 4169 altare:
1003 4115 1130 4171 llwc
1157 4119 1285 4171 dicit
1304 4118 1580 4183 Dominus,
1620 4129 1676 4174 et
1719 4123 1902 4176 statim
1927 4123 2164 4178 divisum

589 4213 675 4258 cst
717 4205 908 4270 altare,
943 4215 997 4260 et
1044 4207 1302 4275 fractum,
1346 4220 1402 4265 et
1454 4210 1646 4266 eﬂ'udit
1681 4212 1944 4269 hostiam.
1989 4214 2164 4270 llomo

588 4307 774 4350 autem
799 4313 906 4351 non
948 4298 1177 4354 audivit.
1215 4301 1320 4356 Sed
1346 4318 1443 4356 rex
1468 4319 1689 4358 manum
1709 4321 1863 4360 suam
1897 4307 2161 4374 extendit,

588 4388 816 4455 cupiens
849 4390 1170 4460 prophetam
1199 4393 1681 4462 comprehendere.
1708 4394 1848 4452 Deus
1869 4413 2001 4453 vero
2031 4400 2162 4468 quid

2293 1916 2571 1985 εἰσέλθητε
2602 1919 2680 1979 είς
2713 1917 2812 1986 τὴν
2858 1918 2963 1987 γῆν
3004 1917 3104 1987 τῆς
3137 1916 3470 1985 ἐπαγγελίας
3508 1920 3598 1972 καὶ
3624 1921 3819 1989 ἐγκατα-

2293 2007 2487 2076 λίπητε
2517 2008 2721 2079 Κύριον
2749 2009 2840 2062 τὸν
2865 2010 3018 2074 Θεὸν,
3044 2009 3562 2080 διασκεδασθήσεσθε
3582 2013 3654 2074 εἰς
3676 2014 3819 2066 πάντα

2288 2099 2358 2151 τὰ
2390 2099 2540 2170 ἔθνη.
2587 2095 2759 2152 Ἦλθε
2792 2100 2972 2154 τοίνυν
3019 2101 3283 2164 Ἡσαΐας·
3321 2101 3544 2170 ἔμελλεν
3584 2104 3615 2173 ἡ
3655 2105 3818 2175 ἀπειλὴ

2289 2192 2676 2262 περατοῦσθαι.
2712 2193 2824 2245 Ούκ
2854 2193 3075 2246 ἐδύνατο
3097 2193 3142 2224 ³³
3168 2193 3355 2246 καλεῖν
3379 2193 3609 2246 Μωῦσέα
3632 2193 3712 2246 τὸν
3737 2197 3816 2264 ἤδη

2285 2282 2606 2352 τεθνηκότα,
2641 2283 2763 2336 οὐδὲ
2805 2285 2932 2345 τοὺς
2975 2284 3096 2336 τότε
3126 2283 3171 2315 ³⁸
3203 2283 3534 2353 ἀκηκοότας·
3573 2283 3739 2337 λοιπὸν
3763 2287 3816 2338 τὰ

2287 2377 2523 2444 στοιχεῖα
2552 2376 2725 2438 καλεῖ,
2763 2375 2906 2444 ἅπερ
2934 2375 3438 2446 διαμαρτυρόμενος
3467 2376 3640 2439 αὐτοῖς
3668 2377 3815 2429 ἐκάλει

2285 2468 2382 2520 καὶ
2423 2470 2452 2520 6
2481 2468 2742 2536 Μωῦσῆς.
2784 2468 2979 2520 Καίτοι
3023 2485 3086 2536 γε
3120 2469 3330 2530 ἐκεῖνος
3380 2467 3475 2520 καλ⁷
3506 2468 3596 2520 τὸν
3639 2468 3815 2539 ’Λαρὼν

2283 2555 2510 2610 ὲδύνατο
2536 2560 2582 2590 ⁸⁸
2615 2557 2802 2610 καλεῖν
2826 2558 2907 2618 είς
2935 2557 3243 2626 μαρτυρίαν
3275 2557 3374 2609 καὶ
3400 2556 3618 2618 πολλοὺς
3639 2557 3811 2619 ἄλλους·

2282 2649 2420 2701 ἀλλὰ
2445 2649 2534 2702 διὰ
2580 2649 2738 2701 τοῦτο
2760 2688 2775 2713 ,
2808 2649 2943 2717 φαίη
2991 2650 3077 2714 ἂν,
3120 2648 3220 2701 οὐκ
3267 2648 3504 2702 ἐκάλεσα
3540 2647 3739 2710 τούτους
3761 2649 3810 2711 ³⁸,

2281 2740 2468 2810 ἐπειδή
2499 2759 2603 2811 περ
2626 2741 2854 2810 ἔμελλον
2881 2743 3075 2794 ἐκεῖνοι
3105 2741 3366 2810 τελευτᾷν
3387 2740 3478 2792 καὶ
3505 2739 3576 2810 μὴ
3599 2741 3812 2811 παρεῖναι

2284 2832 2596 2902 μάρτυρες,
2659 2831 2878 2884 ἐπειδὰν
2941 2834 3021 2893 είς
3089 2832 3444 2902 παρανομίαν
3503 2830 3811 2894 ὲξὲκλινενό

2292 2925 2542 2994 Ἰσραήλ·
2574 2924 2654 2976 διὸ
2687 2923 2756 2976 τὰ
2791 2923 3020 2993 μένοντα
3060 2926 3302 2994 στοιχεῖα
3333 2923 3553 2986 εἰκότως
3582 2925 3657 2986 είς
3696 2941 3808 2992 μαρ-

2247 3049 2250 3052 -
2277 3017 2468 3089 τυρίαν
2498 3016 2670 3070 καλῶ.
2698 3015 2854 3068 Οὕτω
2884 3018 2978 3068 καὶ
3019 3015 3244 3079 Ἡσαΐας
3277 3019 3444 3079 ποιεί,
3470 3016 3531 3068 ού
3560 3016 3642 3068 διὰ
3667 3018 3725 3069 τὰ
3751 3019 3807 3067 εί-

2281 3108 2492 3178 ρημένα
2523 3109 2705 3177 μόνον,
2734 3107 2871 3160 ἀλλὰ
2903 3109 2996 3160 καὶ
3024 3108 3214 3178 ἐπειδὴ
3247 3107 3549 3177 διαλεχθεὶς
3572 3109 3672 3170 τοῖς
3707 3108 3809 3159 Ἰου-

2278 3201 2447 3263 δαίοις
2478 3194 2636 3270 εὗρεν
2680 3201 2875 3263 αὐτοὺς
2893 3202 2936 3232 ³⁷
2975 3199 3048 3270 μὴ
3093 3199 3392 3262 ἀκούοντας
3425 3200 3605 3261 αὑτοῦ,
3648 3199 3727 3252 ἐπὶ
3757 3199 3808 3250 τὰ

2279 3296 2516 3363 στοιχεῖα
2551 3293 2840 3362 στρέφεται
2865 3294 2958 3346 καὶ
2989 3293 3280 3363 μάρτυρας
3307 3291 3707 3364 παραλαμϐάνει
3729 3291 3806 3340 αὑ-

2275 3385 2393 3441 τοῦ.
2440 3387 2680 3452 Ἄκουε,
2723 3385 2962 3452 οὺρανέ,
3001 3386 3064 3438 σὺ
3111 3386 3219 3454 γὰρ
3247 3385 3312 3438 τό
3349 3385 3521 3454 μάννα
3565 3385 3804 3454 ἤνεγκας·

2287 3477 2596 3538 Ἐνωτίζου
2617 3517 2632 3539 ,
2671 3477 2768 3546 τῆ,
2808 3478 2872 3530 σὺ
2910 3477 3019 3547 γὰρ
3047 3477 3144 3547 τὴν
3175 3477 3589 3547 ὀρτυγομήτραν
3617 3474 3803 3534 ἔδωκας.

2278 3575 2518 3636 Ἀκουε,
2553 3569 2773 3639 οὺρανὲ
2794 3611 2810 3634 ,
2833 3569 2901 3622 τὰ
2927 3571 3036 3637 γὰρ
3074 3570 3216 3639 ὑπὲρ
3255 3570 3421 3638 φύσιν
3450 3569 3623 3630 αὐτοῖς
3652 3567 3807 3638 ἐχορή-

2271 3679 2484 3731 γησαςο
2518 3661 2631 3714 ἄνω
2665 3661 2786 3714 καθ’
2815 3660 2874 3712 ὃν
2904 3660 3104 3733 τρόπον
3135 3659 3476 3731 ἐστερεώθης
3508 3658 3700 3728 ἔμενες,
3736 3655 3806 3708 καὶ

2274 3755 2505 3824 μίμησιν
2549 3755 2648 3824 ούχ
2692 3754 2976 3824 ὑπερεῖδες
3021 3753 3247 3816 ἅλωνος.
3308 3752 3623 3814 Ἐνωτίζου,
3655 3748 3805 3820 γῆ·σῦ

2269 3847 2378 3916 γὰρ
2407 3846 2556 3899 κάτω
2593 3842 2683 3916 ἧς,
2737 3847 2830 3899 καὶ
2864 3845 3142 3916 τράπεζαν
3172 3846 3360 3907 αὐτοῖς
3397 3843 3690 3912 παρετίθεις
3731 3840 3804 3891 a5-

2269 3937 2567 4006 τοσχέδιον.
2600 3939 2700 3990 Διὰ
2731 3937 2890 3990 τοῦτο
2925 3938 3021 3989 καὶ
3050 3937 3238 4006 ἕτερος
3271 3938 3559 4006 προφήτης
3587 3934 3713 4005 ὁρῶν
3736 3931 3804 3983 τὸν

2270 4028 2495 4099 βασιλέα
2532 4029 2879 4098 μαινόμενον,
2923 4028 2982 4082 τὸ
3027 4027 3245 4081 εἴδωλον
3292 4028 3707 4098 λατρευόμενον,
3735 4023 3804 4073 τὸν

2267 4121 2398 4173 Θεὸν
2426 4120 2778 4191 ὑϐριζόμενον
2797 4158 2813 4181 ,
2843 4121 2970 4182 τοὺς
3002 4119 3194 4182 ἄλλους
3225 4119 3554 4190 ὲπτηχότας,
3585 4115 3708 4186 πρὸς
3734 4112 3804 4162 οὐ·

2266 4211 2391 4264 δένα
2434 4210 2642 4264 τούτων
2689 4213 2926 4263 ποιεῖται
2972 4210 3064 4263 τὸν
3097 4210 3256 4278 λόγον
3277 4251 3292 4274 ,
3326 4210 3445 4263 ἀλλ’
3472 4204 3802 4276 ἀποστραφεὶς

2270 4303 2593 4365 Ἄκουσον,
2624 4300 2810 4370 φησὶν,
2836 4299 3302 4367 Θυσιαστήριον,
3329 4300 3596 4354 ἄκουσόν
3609 4313 3731 4366 μου.
3755 4288 3803 4342 Τί

2265 4390 2358 4447 οὖν
2378 4393 2510 4463 λίθῳ
2535 4393 2755 4463 διαλέγῃ
2780 4393 2824 4423 ³⁸
2845 4409 2860 4457 ;
2889 4393 2998 4457 ναὶ,
3019 4392 3205 4462 φησὶν,
3228 4391 3579 4462 ἐπειδὴ-λίθου
3591 4385 3804 4449 ἀναισθη-

586 4475 746 4532 fecit?
789 4479 1006 4536 Manum
1053 4483 1174 4552 ejns
1234 4483 1479 4552 areiecit,
1521 4501 1632 4539 non
1685 4499 1872 4543 autem
1935 4490 2164 4546 arefeeit

2286 4488 2481 4556 πότερος
2507 4487 2534 4538 ὁ
2567 4484 2839 4554 βασιλεύς.
2868 4485 3184 4547 Ἄκουσον,
3219 4482 3665 4550 θυσιαστήριον,
3695 4474 3804 4529 τάδε

587 4584 806 4624 manum
851 4587 881 4626 a
914 4573 1204 4644 principio,
1248 4586 1309 4630 nt
1336 4577 1453 4642 ;ille
1492 4589 1718 4648 ruptura
1771 4581 1963 4650 lapidis
2009 4582 2160 4638 licret

584 4661 922 4729 prudentior.
960 4665 1178 4734 Cupivit
1205 4670 1349 4722 enim
1384 4685 1507 4724 eum
1535 4671 1656 4726 sine
1678 4674 2039 4743 castigatione
2066 4691 2157 4730 sa-

583 4769 715 4822 pere
756 4756 958 4821 :Cum,
1007 4759 1207 4828 inquit,
1244 4761 1508 4818 discissus
1536 4765 1608 4819 sit
1656 4765 1818 4835 lapis,
1859 4776 1915 4821 et
1958 4781 2014 4822 tu
2047 4783 2156 4824 non

581 4849 888 4905 emendaris
923 4860 995 4916 te,
1019 4850 1227 4920 justam
1261 4853 1314 4906 in
1351 4861 1404 4909 te
1427 4854 1565 4909 iram
1593 4868 1876 4913 converto.

2265 4579 2426 4648 λέγει
2461 4579 2708 4644 Κύριος·
2743 4577 2839 4629 καὶ
2871 4576 3071 4639 εὐθέως
3101 4577 3330 4646 ἐσχίσθη
3366 4577 3425 4629 τὸ
3464 4571 3804 4639 θυσιαστήριον

2261 4670 2356 4721 καὶ
2398 4668 2605 4739 ὲρρἀγη
2640 4665 2766 4738 [855
2801 4665 2896 4738 IL]
2932 4667 3028 4718 mi.
3068 4667 3252 4736 ἐξέχεε
3278 4666 3380 4738 τὴν
3428 4665 3632 4718 θυσίαν.
3670 4661 3720 4711 '0
3758 4657 3802 4708 δὲ

3000 4759 3103 4810 αλλ’
3129 4758 3364 4810 ἐκτείνει
3393 4756 3491 4824 τὴν
3517 4757 3662 4826 χεῖρα
3683 4753 3706 4802 ὁ
3731 4750 3802 4818 βα·

2261 4853 2442 4915 σιλεὺς
2464 4852 2553 4906 τὸν
2580 4853 2866 4921 προφήτην
2891 4851 3136 4920 ἁρπάσαι
3157 4851 3505 4921 βουλόμενος.
3553 4849 3607 4901 '0
3629 4847 3679 4898 δὲ
3695 4842 3802 4904 Θεὸς

2257 4945 2310 4996 τί
2342 4947 2514 5007 ποιεῖ;
2553 4943 2846 5011 Ἐξήρανεν
2879 4943 3044 4995 αὐτοῦ
3074 4943 3170 5009 τὴν
3199 4946 3380 5012 χεῖρα.
3414 4944 3490 4995 Οὐ
3522 4942 3566 4972 ³⁹
3593 4934 3800 5008 ξηραίνει

577 5019 635 5072 δὲ
656 5020 820 5074 αὑτοῦ
849 5022 908 5087 ἐξ
947 5022 1118 5092 ἀρχῆς
1151 5022 1250 5094 τὴν
1279 5027 1438 5096 χεῖρα
1460 5025 1527 5090 ⁸³,
1571 5026 1660 5081 ἴνα
1692 5029 1735 5061 ⁸¹
1761 5029 1838 5100 τῷ
1867 5031 1965 5085 τοῦ
2010 5033 2160 5089 λίθου
2193 5037 2357 5090 πάθει
2383 5035 2824 5105 σωφρονέστερος
2883 5035 3111 5102 γένηται
3166 5035 3232 5087 δ’.
3279 5033 3564 5087 Ἐϐούλετο
3602 5029 3698 5096 γὰρ
3719 5023 3800 5075 αὖ·

578 5113 672 5166 τὸν
713 5115 842 5168 ἄνευ
884 5115 983 5185 τῆς
1022 5119 1103 5180 είς
1150 5117 1314 5172 αὑτὸν
1361 5119 1637 5184 κολάσεως
1683 5128 2157 5199 σωφρονισθῆναι⁹
2191 5129 2307 5184 ἀλλ’
2332 5128 2540 5198 ἐπειδὴ,
2596 5127 2784 5196 φησὶν,
2815 5129 2844 5179 6
2875 5127 3024 5190 λίθος
3070 5127 3318 5198 ἐσχίσθη,
3352 5130 3448 5181 καὶ
3499 5126 3562 5178 σὺ
3587 5122 3641 5176 οὐ
3665 5120 3796 5184 διωρ·

579 5209 783 5280 θὼθης,
819 5211 912 5264 ἐπὶ
939 5212 1000 5266 σὲ
1024 5213 1125 5284 τὴν
1155 5213 1367 5271 δικαίαν
1388 5218 1560 5289 ὀργὴν
1587 5220 1927 5294 ἐπιστρέψω.

2303 5400 2317 5440 ι
2346 5397 2413 5453 Ill
2437 5399 2566 5468 Reg.
2599 5415 2717 5470 nn,
2748 5400 2783 5453 2
2807 5415 2958 5470 seqq.

657 5390 671 5429 ί
701 5388 808 5445 lsa.
833 5391 947 5456 1,2.
1044 5392 1058 5443 i
1088 5394 1245 5453 Deut.
1271 5414 1442 5466 xxxn,
1474 5401 1526 5457 i.
1604 5403 1629 5441 ιι
1666 5400 1841 5456 Exod.
1880 5403 2099 5468 ιιι-ωδ,
2131 5404 2218 5458 Η.

1926 5556 2163 5611 νΑιιιΑε
2200 5557 2605 5613 LECTIONES.

655 5663 1012 5743 ξζβυρασις]
1059 5667 1581 5743 τοῦ-χρυσοστόμου
1637 5673 1716 5743 εἰς
1769 5673 1829 5723 τὸ
1887 5674 2078 5743 ὅρασις
2109 5672 2172 5725 Β.
2247 5673 2351 5743 "ﬁ
2402 5688 2512 5743 om.
2801 5669 3030 5743 ἡδύνατο
3088 5687 3177 5743 ς.-
3250 5665 3472 5743 ³⁸ητούς
3507 5675 3760 5743 ποτξοςξοί
3806 5675 3807 5678 ‘

584 5732 631 5822 ξς
656 5730 888 5822 ήξύναξο
923 5730 1018 5822 καὶ
1036 5737 1126 5789 τὸν
1166 5730 1376 5807 ’Ᾱᾶρὼν
1406 5730 1554 5805 ς.’³⁶
1581 5730 1826 5822 τούτους]
1863 5730 2087 5822 τούτους
2125 5744 2209 5822 εἰς
2229 5730 2627 5822 μαρτυρίανλῖ.
2709 5738 2751 5771 ⁸⁷
2781 5730 2978 5804 αὖτοὺς
3007 5730 3120 5795 οηιξ
3153 5740 3218 5794 Α.
3296 5737 3342 5768 ³⁸
3375 5730 3714 5806 προσδιαλὲγη
3737 5742 3782 5790 ς-

586 5803 631 5838 ³⁹
661 5804 744 5858 ού.
817 5806 862 5836 ⁵ο
896 5808 1052 5877 χεῖρα
1083 5822 1192 5863 om.
1236 5803 1299 5865 AV.
1377 5803 1428 5842 ’ί
1452 5813 1560 5866 ἵνα.
1639 5812 1681 5843 ⁸³
1711 5803 1954 5883 γένηται]
1979 5803 2258 5884 ὃτζμὴέ-ἶ-
2285 5803 2500 5881 ἐγένετο
2529 5811 2588 5865 Β.
