4020 6408
135 401 200 464 $5

1042 410 1561 473 BIBLIOTHECA.
1589 438 1660 451 —
1695 415 1857 476 COD.
1909 418 2282 480 CCLXXVII.

3186 422 3294 485 286

140 517 210 603 Ὲλι
224 512 476 603 τούκ-εἱς
512 513 616 567 τὸν
638 513 1018 603 ἆσωτρνῇκαὶ
1044 521 1137 603 fit;
1157 520 1503 603 μετᾴνοιαν,
1527 522 1622 603 καὶ

1728 524 1813 579 Ea:
1841 529 2079 603 oratione
2106 531 2164 603 in
2193 530 2490 603 prodigum,
2517 530 2981 603 inrpwnitentiam,
3015 532 3066 585 in
3090 532 3291 603 lignum

173 585 238 647 είς
276 583 334 634 τὸ
358 584 543 644 ξύλον

173 653 246 703 ναὶ
271 656 348 716 εις
382 651 485 706 τὸν
515 651 776 723 λῃστήν.

172 744 269 796 Ὀτι
291 744 344 796 τὸ
366 744 547 813 τάγμα
570 747 679 799 τῶν
705 749 929 802 δικαίων
961 752 1022 804 οὐ
1057 751 1305 821 βούλεται
1352 754 1435 817 εἰς
1464 753 1627 807 ὲαυτδ

124 834 310 903 ἁρπάσαι
337 837 429 905 τὴν
461 837 704 900 ἐξουσίαν
735 840 842 892 τῶν
882 842 1216 911 κτισμάτων,
1246 842 1362 897 ἀλλ’
1395 844 1501 897 ὑπὸ
1523 844 1623 914 τὴν

122 925 383 994 τοῦπατρὸς
401 929 657 996 πρόνοιαν
679 930 820 982 θέλει
843 933 1057 985 κεῖσθαι
1078 934 1145 986 τὰ
1165 935 1265 1003 τῆς
1289 935 1620 1002 οίκονομίας.

120 1020 186 1068 Διὸ
211 1019 286 1069 καὶ
317 1020 346 1085 ἠ
375 1019 652 1091 παραϐολὴ
696 1022 786 1074 τὸν
828 1024 1090 1095 νεώτερον
1120 1027 1360 1093 εἰσάγει,
1391 1026 1624 1079 λαϐόντα

120 1108 190 1177 τὴν
222 1108 471 1178 Πατρικὴν
519 1111 725 1174 οὐσίαν,
773 1115 850 1175 εἰς
897 1114 1079 1185 χώραν
1118 1116 1471 1187 ἀποδημῆσαι
1518 1133 1624 1183 μα-

119 1201 237 1269 κράν.
266 1200 329 1251 Τὸ
354 1200 407 1252 δὲ
437 1203 612 1270 μῆκος
648 1205 705 1256 οὐ
740 1206 975 1267 σταδίοις
1004 1206 1307 1272 διετείνετο,
1341 1208 1474 1260 ἀλλά
1504 1206 1624 1277 τρό-

120 1309 209 1354 ποις
234 1291 567 1357 ἑξετοπίζετο·
604 1299 696 1348 καὶ
724 1297 833 1368 γὰρ
864 1300 892 1350 ὁ
931 1301 1262 1368 ἁμαρτάνων
1295 1300 1513 1369 μακρὰν
1544 1300 1625 1367 τί·

120 1401 230 1437 νεται
252 1384 369 1436 Θεοῦ
413 1386 471 1437 οὐ
512 1387 662 1456 τόπῳ
701 1389 837 1441 ἀλλὰ
863 1390 1072 1460 τρόπῳ.
1101 1389 1294 1444 Λαϐὼν
1321 1390 1378 1442 δὲ
1401 1391 1501 1462 τὴν
1528 1391 1621 1443 οὐ·

126 1472 209 1525 σίαν
242 1474 323 1542 τὴν
348 1474 619 1545 πατρικὴν
652 1476 934 1530 ἀπώλεσεν
978 1480 1182 1547 αὐτὴν,
1225 1479 1449 1543 ἀσώτως
1489 1479 1616 1543 ζῶν.

127 1560 298 1612 Ἔλαϐεν
327 1560 470 1629 ἥλιον
504 1565 585 1626 είς
617 1565 937 1630 ἀπόλαυσιν,
964 1568 1055 1620 καὶ
1081 1568 1142 1620 τὸ
1167 1568 1340 1638 δῶρον
1386 1569 1461 1632 ὡς
1500 1569 1620 1623 Θεὸν

127 1652 473 1723 προσεκύνησεν.
533 1655 735 1709 Ἔλαϐε
777 1658 959 1728 πηγὰς
998 1660 1078 1722 είς
1116 1660 1362 1730 τρυφὴν,
1415 1659 1510 1713 καὶ
1559 1660 1620 1714 τὸ

126 1742 245 1812 δῶρον
275 1743 624 1816 ὲθεοποίησεν.
675 1748 934 1819 Ἠγνόησε
956 1751 1047 1805 τὸν
1079 1752 1450 1822 χαρισάμενον
1475 1792 1491 1818 ,
1522 1753 1619 1806 καὶ

126 1837 164 1888 vi
179 1837 373 1907 χάρισμα
393 1840 809 1911 ὐπερεδὸξασεν.
839 1840 1004 1914 [1564
1026 1843 1117 1916 IL]
1148 1847 1219 1898 Ἦ
1247 1847 1385 1917 αὑτὴ
1415 1848 1613 1913 κτίσις,

126 1928 202 1979 ἀλλ’
226 1930 271 1980 οὗ
304 1931 451 1982 πᾶσιν
495 1932 703 2001 ὁμοίως
745 1934 1017 2005 ὁρωμένη.
1054 1936 1303 2006 Πατρικὴ
1350 1938 1383 2008 ἡ
1418 1937 1610 1990 οὐσία·

127 2019 249 2074 ἀλλίδ
283 2022 362 2091 μὲν
400 2022 586 2087 καλῶς
626 2027 787 2096 αὐτῇ,
842 2029 869 2080 ὁ
914 2027 971 2080 δὲ
1021 2027 1206 2091 κακῶς
1239 2030 1610 2099 ἀπεχρήσατο.

128 2112 269 2181 Tarpa
298 2114 432 2167 τοῦτο
460 2118 717 2181 κάκεῖνο,
752 2119 801 2171 εἰ
840 2122 935 2172 καὶ
966 2119 1241 2191 διάφορον.
1289 2121 1348 2174 '0
1380 2122 1612 2191 εὐσεϐὴς

128 2201 173 2253 τὸ
198 2204 340 2267 κάλλος
362 2207 452 2276 ὁρᾷ
484 2208 586 2259 τοῦ
609 2207 862 2280 οὐρανοῦ,
892 2211 985 2261 καὶ
1015 2210 1122 2263 ἀπὸ
1151 2211 1245 2263 τοῦ
1269 2212 1496 2275 κάλλους
1522 2214 1613 2265 τὸν

136 2294 369 2364 δημιουργὸν
410 2301 663 2369 ἀνυμνεῖ·
732 2303 993 2370 Ὀψ-ομαι
1057 2302 1188 2373 γὰρ,
1247 2305 1423 2374 φησὶ,
1470 2304 1613 2370 τοὺς

143 2387 517 2456 οίπμινοὺς,ἐργα
560 2389 682 2442 τῶν
725 2390 1039 2446 δακτύλων
1068 2406 1204 2446 σου.
1238 2390 1388 2445 Εἷδεν
1426 2395 1452 2445 ὁ
1484 2394 1612 2445 ἀσε-

143 2478 229 2547 ϐὴς,
251 2481 319 2532 καὶ
340 2483 438 2551 πῷς
475 2483 584 2551 μὲν
614 2483 702 2536 τὸν
736 2483 971 2553 Κτίστην
1005 2484 1103 2555 τὴν
1128 2485 1367 2538 διάνοιαν
1399 2486 1460 2537 οὺ
1500 2485 1610 2537 διε-

141 2572 309 2636 ϐίϐασεν,
332 2577 680 2646 ἐναπομείνας
709 2578 764 2629 δὲ
789 2577 866 2648 τῷ
894 2577 1082 2630 κάλλει
1105 2577 1204 2630 τοῦ
1234 2578 1464 2647 οὐρανοῦ
1491 2577 1612 2631 θεὸν

133 2663 352 2734 ἐφτηάτθη
375 2668 428 2719 τὸ
448 2667 870 2738 δημιούργημα.
914 2670 971 2722 Ὀ
1002 2668 1232 2738 εὐσεϐὴς
1272 2669 1369 2738 οὐχ
1400 2668 1611 2740 ὑϐρίζει

127 2756 197 2821 τὴν
222 2759 379 2823 κτίσιν,
406 2760 541 2813 ἀλλὰ
584 2760 661 2831 τῷ
693 2761 938 2831 Δεσπότῃ
980 2760 1077 2832 τὴν
1110 2761 1480 2832 προσκύνησιν
1511 2778 1611 2814 τα-

128 2847 319 2915 μιεύεται.
350 2850 486 2921 Τιμᾷ
514 2851 623 2918 τὴν
650 2850 827 2903 κτίσιν
850 2891 865 2916 ,
896 2851 1009 2902 ἀλλ’
1042 2851 1115 2913 ὡς
1152 2851 1473 2919 ὁμόδουλον,
1508 2852 1609 2905 οὐκ

126 2939 299 3006 ἀφαιρῶν
331 2942 378 2994 δὲ
415 2943 474 2995 τὸ
520 2942 692 3004 σέϐας
735 2941 828 2994 τοῦ
866 2942 1150 3006 κτίσαντος
1189 2944 1481 3014 περιάπτει
1529 2942 1608 3013 τῷ

125 3030 322 3101 κτίσματι.
358 3035 606 3089 Ἐπαινεῖ
637 3034 697 3087 τὸ
748 3034 1117 3104 φιλοτέχνημα
1143 3077 1159 3101 ,
1194 3035 1308 3089 ἀλλ’
1340 3036 1461 3105 οὐχὶ
1508 3036 1607 3103 τὴν

120 3120 184 3172 τοῦ
199 3126 387 3191 τεχνίτου
411 3125 577 3190 δόξαν
609 3125 687 3187 είς
718 3125 892 3176 ἐκεῖνο
922 3124 1283 3193 περιίστησιν.
1321 3124 1378 3176 ’0
1406 3124 1461 3176 δὲ
1486 3124 1609 3191 δυστ

116 3213 231 3284 σεὸὴς
250 3218 408 3281 κακῶς
430 3217 474 3248 ⁸⁵
501 3219 610 3287 μὲν
636 3212 764 3282 εἶδε,
790 3217 977 3280 κακῶς
1004 3216 1059 3269 δὲ
1088 3216 1485 3288 προσεκύνησε,
1515 3216 1606 3269 καὶ
1631 3236 1676 3299 C

115 3309 240 3360 πᾶσαν
262 3310 342 3380 τὴν
365 3310 513 3374 τάξιν
550 3310 869 3380 ἀνέτρεψεν.

120 3420 203 3474 Ὀτι
225 3422 490 3490 δράκοντα
526 3422 832 3485 πολλάκις
850 3424 886 3490 ἡ
914 3421 1125 3489 Γραφὴ
1152 3420 1328 3475 καλεῖ
1353 3421 1461 3474 τὸν
1483 3420 1611 3474 διά-

416 3498 626 3559 ϐολον,
660 3492 753 3561 καὶ
784 3494 922 3561 ὄφιν
943 3493 1219 3547 σκολιόν.

162 3584 221 3636 Διὸ
244 3586 322 3638 καὶ
345 3588 371 3640 ὁ
402 3588 600 3657 Σωτήρ
632 3603 794 3656 φησιν
816 3603 829 3616 ’
864 3584 1009 3638 ἰδοὺ
1028 3583 1253 3638 δέδωκα
1275 3584 1416 3653 ὑμῖν
1438 3584 1613 3647 ἐξου-

116 3676 207 3726 σίαν
227 3679 411 3731 πατεῖν
438 3677 647 3732 ἐπάνω
680 3677 875 3746 ὄφεων
900 3676 998 3730 καὶ
1029 3676 1357 3744 σκορπίων.
1388 3676 1497 3728 Καὶ
1525 3676 1613 3729 ἵνα

112 3768 223 3835 ixi-:5
246 3770 465 3839 ἕρπον-ια
494 3769 800 3842 ὑπολάϐῃς,
837 3769 1085 3839 ἐπήγαγε
1110 3783 1123 3797 ’
1150 3766 1259 3821 Καὶ
1281 3767 1377 3819 ἐπὶ
1406 3765 1613 3822 πᾶσαν

108 3859 183 3921 τὴν
206 3860 431 3931 δύναμιν
466 3863 580 3916 τοῦ
617 3860 855 3930 ἐχθροῦ.
893 3861 1118 3931 Δράκων
1164 3860 1257 3913 καὶ
1289 3858 1411 3927 ὄφις
1442 3860 1469 3911 ὁ
1498 3859 1613 3912 διά·

105 3947 211 4013 ίθλος
236 3955 319 4023 οὐχ
348 3955 419 4019 ὡς
452 3957 583 4027 ῥίζα
622 3956 842 4019 κακίας,
873 3954 949 4016 ὦς
992 3970 1155 4022 φασιν
1199 3952 1249 4005 οἱ
1280 3953 1575 4022 Μαιλιχαῖοι
1595 3991 1611 4017 ,

99 4042 178 4094 ἀλλ’
201 4046 260 4108 ὡς
287 4051 574 4119 κατάρχων
603 4047 711 4100 τῶν
744 4046 1032 4117 δαιμονίων
1060 4046 1105 4077 ⁸⁸
1131 4046 1223 4098 καὶ
1249 4046 1487 4115 ἀρχηγὸς
1519 4045 1612 4097 αὺ-

100 4136 177 4197 τοῖς
198 4138 276 4207 τῆς
307 4141 635 4204 ἐκπτώσεως
668 4138 906 4209 γεγονώς
926 4140 992 4193 "-

105 4246 178 4301 ἐιι
206 4252 295 4306 τοῦ
343 4251 770 4323 παραινετικοῦ
804 4252 1000 4373 ,λόγου
1019 4250 1065 4281 ⁸⁸
1115 4249 1221 4302 τοῦ
1262 4248 1395 4317 περὶ
1436 4265 1614 4318 μετα-

727 4338 797 4373 νο
826 4338 919 4373 ac.

727 4338 919 4385 νοιας.

143 4410 242 4480 [856
271 4412 311 4466 ll
335 4413 355 4486 ]
380 4414 487 4467 Τοῦ
518 4415 769 4476 εἰπόντος
794 4431 806 4444 ·
842 4412 1083 4468 Καθελῶ
1112 4430 1225 4479 μου
1247 4411 1353 4477 τὰς
1383 4409 1613 4476 ἀποθή-

584 588 857 671 γνωρντόν
875 588 920 619 ⁸⁸
948 589 1141 644 καλοῦ
1190 591 1292 643 καὶ
1329 592 1622 660 πονηροῦ,
1677 665 1685 671 1

1648 1895 1689 1949 Β

1938 600 2174 653 scientia:
2203 600 2324 652 boni
2369 610 2417 653 et
2461 602 2612 667 mali,
2646 612 2694 655 et
2719 603 2773 655 in
2802 602 3078 658 latronem.

1795 753 2001 822 Agmen
2026 752 2301 821 iustorum
2339 769 2450 808 non
2498 757 2614 811 vult
2643 757 2696 811 in
2728 772 2787 812 se
2830 774 3020 828 rapere
3050 767 3293 829 potesta»

1725 852 1832 899 tem
1865 854 2261 909 creaturarum,
2287 847 2379 900 sed
2399 862 2520 915 qua:
2547 856 2676 901 sunt
2703 849 3155 918 dispensationis,
3189 850 3295 904 Pa—

1724 938 1823 992 tris
1855 937 2215 1005 providentia:
2236 938 2484 1007 subjecta
2513 954 2656 992 esse.
2690 939 2816 993 Ideo
2840 942 3003 994 etiam
3034 941 3292 1010 parabola

1719 1030 1994 1099 iuniorem
2056 1031 2370 1092 introducit,
2418 1040 2639 1099 accepta
2674 1042 2897 1101 paterna
2950 1034 3289 1099 haareditate,

1722 1120 2161 1190 proﬁciscentem
2188 1119 2241 1172 in
2276 1120 2549 1189 regionem
2580 1121 2929 1191 longinquam
2946 1132 3009 1176 ω.
3038 1124 3145 1179 Sed
3168 1124 3292 1179 lon-

1722 1212 1909 1281 gitudo
1948 1211 2139 1266 stadiis
2172 1227 2279 1265 non
2317 1212 2735 1276 determinatnr,
2767 1215 2860 1268 sed
2901 1215 3149 1270 moribus
3181 1216 3291 1269 cir-

1721 1304 2132 1358 cumscribitur.
2160 1302 2370 1356 Etenim
2398 1316 2651 1372 peccator
2673 1319 2784 1359 non
2818 1314 2926 1359 tam
2958 1306 3079 1360 loco
3107 1322 3289 1361 remo.

1721 1403 1810 1450 tus
1837 1403 1959 1458 .est,
1986 1408 2150 1462 quam
2196 1392 2470 1446 moribus.
2504 1394 2742 1462 Accepta
2791 1394 2975 1463 itaque
3016 1396 3158 1449 bona
3192 1411 3291 1466 pa-

1722 1496 1874 1541 terna
1925 1486 2153 1555 perdidit
2191 1487 2415 1556 prodige
2453 1485 2702 1541 vivendo.
2737 1487 2959 1556 Accepit
3016 1491 3186 1543 solem
3220 1489 3290 1544 ad

1719 1578 2165 1646 perfruitionem,
2200 1588 2255 1632 et
2279 1580 2484 1632 donum
2532 1587 2589 1631 ut
2622 1578 2790 1649 deum
2828 1579 3096 1633 adoravit.
3120 1579 3291 1636 Acce-

1719 1668 1797 1736 pit
1830 1666 2009 1721 lontes
2035 1668 2100 1720 ad
2122 1666 2366 1731 delicias,
2406 1676 2463 1719 et
2499 1666 2704 1721 donum
2751 1668 2911 1722 deum
2944 1670 3092 1724 fecit.
3133 1669 3291 1740 Igno-

1718 1761 1861 1814 ravit
1913 1760 2229 1822 donantem,
2268 1770 2320 1813 et
2366 1758 2573 1814 donum
2619 1774 2784 1829 supra
2835 1762 3057 1815 modum
3096 1762 3286 1816 coluit.

1722 1851 1921 1905 Eadem
1974 1865 2245 1915 creatura,
2292 1852 2385 1905 sed
2436 1867 2540 1905 non
2586 1852 2845 1907 omnibus
2884 1854 3075 1907 eodem
3125 1854 3290 1909 modo

1718 1944 2035 2012 conspicua.
2076 1945 2308 1998 Paterna
2362 1943 2671 1998 substantia
2729 1934 3088 2013 ille'quidem
3138 1952 3290 1998 recte.

1715 2051 1848 2089 usus
1873 2046 1975 2099 est,
2033 2036 2122 2088 hic
2162 2051 2294 2089 vero
2324 2037 2551 2091 abusus.
2587 2033 2733 2090 Ordo
2756 2046 2938 2091 autem
2986 2037 3078 2091 hic
3108 2046 3162 2090 et
3190 2036 3285 2102 ibi,

1713 2130 1931 2184 tametsi
1958 2129 2227 2183 diversus.
2278 2126 2409 2184 Pius
2452 2130 2914 2199 pulchritudinem
2957 2131 3102 2185 videt
3140 2133 3287 2196 caeli,

1713 2231 1768 2275 et
1802 2223 1926 2275 inde
1962 2222 2277 2276 Creatorem
2310 2224 2497 2276 laudat
2525 2241 2539 2276 :
2576 2223 2769 2277 Videbo
2790 2225 2931 2278 enim
2960 2223 3113 2277 cwlos
3131 2241 3291 2293 opera

1712 2302 2336 2382 digitorumtuorum’m".
2368 2313 2513 2368 Vidit
2544 2316 2762 2381 impius,
2793 2326 2849 2368 et
2867 2314 2938 2367 ad
2967 2315 3286 2369 Creatorem

1713 2420 1935 2461 sensum
1967 2420 2075 2458 non
2127 2405 2437 2457 convertit:
2476 2404 2566 2457 sed
2616 2402 2779 2474 524
2807 2403 2835 2454 b
2875 2404 3181 2471 persistens
3232 2403 3293 2455 in-

1712 2496 2117 2567 pulcliritudine
2167 2494 2293 2548 εαξιί
2327 2534 2343 2558 ,
2379 2504 2683 2547 creaturam
2726 2509 2848 2549 esse
2888 2495 3047 2547 deum
3096 2493 3290 2563 imagi-

1712 2599 1877 2643 natus
1923 2597 2025 2643 est.
2065 2588 2194 2642 Pius
2233 2601 2345 2641 non
2375 2587 2631 2655 injuriam
2680 2585 2812 2639 facit
2865 2594 3151 2650 creaturae,
3190 2584 3291 2639 sed

1713 2680 1945 2735 Domino
1994 2678 2367 2733 adorationem
2407 2678 2620 2738 tribuit.
2656 2676 2901 2732 Honorat
2947 2688 3286 2741 creaturam,

1711 2774 1805 2828 sed
1825 2783 1878 2826 ut
1899 2785 2244 2834 conservam,
2269 2785 2377 2823 non
2402 2769 2657 2824 auferens
2684 2778 2866 2822 autem
2891 2767 3096 2822 cultum
3121 2766 3293 2821 Crea-

1711 2865 1839 2930 tori,
1871 2870 2375 2933 prwstatcreaturaa
2414 2879 2427 2914 :
2462 2860 2649 2913 laudat
2683 2858 2996 2923 artiﬁcium,
3025 2857 3119 2912 sed
3152 2856 3290 2911 arti-

1710 2956 1828 3010 ﬁcis
1868 2955 2096 3025 gloriam
2152 2952 2228 3006 illi
2275 2967 2384 3006 non
2434 2950 2723 3015 attribuit;
2754 2949 2955 3017 impius
2994 2962 3123 3001 vero
3150 2947 3288 3002 bene

1709 3048 1930 3118 quidem
1954 3047 2111 3112 vidit,
2137 3045 2232 3101 sed
2262 3045 2403 3099 male
2426 3042 2699 3106 adoravit,
2722 3053 2777 3097 et
2797 3056 3015 3096 omnem
3035 3039 3285 3095 ordinem

1711 3140 1951 3195 invertit.

1712 3424 1862 3496 Swpe
1892 3423 2171 3494 Scriptura
2196 3422 2468 3477 diabolum
2496 3432 2641 3476 vocat
2693 3420 2975 3474 draconem
2991 3425 3041 3472 et
3070 3433 3283 3490 serpena

2264 3511 2366 3547 tem
2394 3504 2706 3545 tortuosum.

1786 3588 1912 3643 Ideo
1946 3596 1999 3641 et
2025 3585 2273 3641 Salvator
2295 3586 2428 3639 dicit
2454 3632 2455 3635 η
2502 3582 2634 3637 Ecce
2659 3583 2779 3636 dedi
2807 3583 2946 3635 vobis
2973 3588 3287 3650 potestatem

1713 3678 2019 3733 ambulandi
2069 3695 2225 3748 super
2263 3690 2545 3730 serpentes.
2588 3684 2635 3727 et
2686 3675 2983 3743 scorpiOnes
3023 3682 3071 3725 ιι.
3108 3673 3172 3725 Ει
3218 3688 3286 3725 nc

1714 3770 1923 3839 reptilia
1942 3770 2236 3839 intelligas,
2255 3768 2487 3837 subjecit
2508 3786 2521 3821 :
2547 3766 2614 3819 Et
2639 3782 2793 3835 super
2817 3779 3020 3818 omnem
3038 3764 3285 3817 virtutem

1711 3862 1917 3914 inimici
1950 3868 1996 3913 ο.
2024 3860 2282 3915 Diabolus
2330 3861 2495 3913 draco
2527 3868 2581 3914 et
2624 3874 2849 3927 serpens
2885 3866 2987 3922 est,
3019 3870 3126 3909 non
3161 3863 3284 3908 tan-

1713 3972 1877 4026 quam
1908 3955 2037 4010 mali
2071 3955 2250 4017 radix,
2276 3962 2336 4007 ut
2362 3953 2648 4007 Manichaei
2690 3953 2901 4018 dicunt,
2938 3952 3033 4005 sed
3057 3961 3113 4004 ut
3136 3950 3288 4019 prin-

1711 4064 1839 4117 ceps
1892 4048 2222 4111 daunonum,
2271 4052 2327 4099 et
2358 4056 2549 4099 auctor
2579 4044 2685 4098 illis
2724 4042 2902 4097 factus
2942 4040 3285 4096 defectionis.

2014 4250 2100 4303 Ea:
2133 4246 2501 4303 adhortatione
2522 4245 2590 4299 ad
2619 4242 3002 4313 pwnitentiam.

1785 4408 1861 4463 De
1887 4407 1979 4463 illo
2003 4406 2097 4477 qui
2125 4405 2265 4461 dixit
2313 4423 2326 4458 :
2357 4403 2637 4456 Destruam
2686 4400 2874 4453 horrea
2911 4414 3045 4463 mea,
3092 4407 3139 4451 et
3176 4414 3291 4451 ma-

96 4515 187 4565 κας,
212 4508 293 4557 καὶ
318 4506 593 4575 μείζονας
618 4505 1014 4575 οἰκοδομήσω,
1039 4506 1229 4557 τούτου
1255 4504 1353 4573 τὴν
1384 4504 1448 4556 ἐκ
1475 4503 1609 4556 Θεοῦ

1715 4502 1834 4571 jora
1869 4500 2065 4571 faciam
2092 4508 2140 4565 Ρ,
2193 4495 2522 4552 sententiam
2554 4509 2582 4546 a
2612 4492 2722 4547 Deo
2748 4492 2939 4557 latam,
2977 4491 3029 4544 in
3083 4504 3290 4543 metuo-

92 4591 411 4665 ἐπενεχθεῖσαν
442 4600 726 4667 ἀπόφασιν
772 4600 847 4659 είς
885 4599 1104 4667 μνήμην
1123 4637 1138 4661 ,
1170 4595 1447 4665 ἄνθρωποι
1468 4632 1483 4656 ,
1512 4593 1609 4646 λα-

1715 4596 1875 4656 riam,
1910 4592 2182 4655 homines,
2215 4596 2537 4642 revocantes
2564 4586 2687 4655 lipsi
2720 4586 2896 4651 vobis,
2934 4584 3139 4654 aperite
3166 4583 3290 4637 the-

92 4682 230 4749 ὁόπες
248 4690 482 4756 ἀνοίξατε
506 4693 636 4754 τοὺς
662 4690 967 4761 Θησαυροὺς
995 4691 1022 4741 ὑ
1032 4690 1171 4759 μῶν,
1203 4689 1293 4742 καὶ
1314 4687 1431 4740 δότε
1459 4686 1609 4756 ἐλεη-

1715 4699 1893 4740 ιιιιιιτοε
1935 4692 2165 4746 vestros,
2218 4688 2275 4733 et
2314 4678 2440 4733 date
2488 4679 2905 4749 eleemosynas;
2941 4679 3100 4733 facile
3133 4677 3290 4734 vobis

96 4779 299 4849 μοσύνην.
329 4784 601 4852 Ποιήσατε
630 4783 841 4843 ἑαυτοῖς
869 4781 1142 4851 θησαυρὸν
1173 4780 1524 4833 ἀνέκλειπτον
1546 4780 1604 4831 ἐν

1715 4778 1987 4832 .hesauros
2022 4775 2399 4829 indeﬁcientes
2437 4773 2490 4826 in
2515 4774 2677 4836 cceio,
2730 4781 2789 4826 ut
2818 4771 3077 4826 Dominus
3109 4769 3283 4838 jubet,

94 4867 146 4933 εῷ
165 4872 383 4943 οὐρανῷ,
433 4873 621 4937 καθὼς
674 4874 1003 4944 προστάσσει
1049 4876 1077 4925 ὁ
1133 4868 1368 4941 Κύριος·
1415 4871 1464 4923 οί
1514 4870 1605 4923 τὸν

1715 4869 1791 4938 ιιιί
1812 4867 1996 4921 futiles
2012 4867 2226 4922 divitias
2248 4882 2278 4921 e
2296 4865 2506 4921 ftenore
2526 4875 2580 4920 et
2597 4864 2861 4934 injustitia
2882 4862 3157 4933 colligitis,
3177 4860 3291 4913 Fa-

99 4955 342 5033 ἒμπαίκτην
383 4962 617 5016 πλοῦτον
660 4965 724 5015 ὲκ
752 4963 912 5015 τόκου
946 4963 1037 5016 καὶ
1073 4962 1133 5025 ἐξ
1174 4960 1386 5023 ἀδικίας
1420 4959 1608 5012 συλλέ-

102 5044 250 5113 ξαντες·
278 5056 580 5123 Ποιήσατε
612 5054 845 5120 ἑαυτοῖς
873 5055 1089 5124 φίλους
1107 5055 1175 5107 ἑκ
1202 5052 1306 5107 τοῦ
1334 5050 1609 5122 μαμωνᾶ,

102 5140 229 5205 καθὼς
252 5146 278 5197 ὁ
308 5147 587 5217 Δεσπότης
615 5147 1069 5217 παρακελεύεται·
1109 5147 1237 5200 Ἵνα
1276 5146 1423 5198 ὅταν
1452 5145 1614 5199 ἐκλί-

1715 4962 1816 5015 cite
1845 4958 1988 5012 vobis
2016 4960 2212 5012 amicos
2243 4960 2307 5013 de
2344 4975 2668 5023 mammona,
2698 4966 2758 5012 ut
2796 4956 3065 5011 Dominus
3110 4956 3287 5023 impe-

1717 5063 1821 5119 rat,
1854 5062 1912 5107 ut
1935 5069 2054 5106 cum
2084 5068 2170 5105 vos
2206 5051 2606 5123 dereliquerint,
2647 5051 2898 5120 recipiant
2927 5065 3018 5104 vos
3051 5049 3105 5102 in
3136 5056 3290 5102 aeter-

1720 5167 1789 5204 na
1817 5149 2161 5204 tabernacula
2183 5158 2211 5198 ιι

105 5244 220 5299 πητε.
240 5238 514 5303 δέξωνται
538 5239 692 5309 ὑμᾶς
719 5243 804 5308 εἰς
826 5242 935 5305 τὰς
961 5241 1237 5305 αἰωνίους
1267 5239 1522 5306 σκηνάς.

151 5434 305 5493 “Luc.
336 5458 423 5508 xv,
460 5444 709 5513 12,5eqq.
784 5440 858 5479 ω*
878 5440 1021 5497 Psal.
1042 5442 1232 5507 vnn,4.
1307 5451 1335 5479 ιι
1368 5438 1503 5494 Luc.
1524 5438 1622 5504 x,1

1767 5444 1792 5472 ο
1829 5438 1961 5495 ibid.
2039 5436 2337 5507 PLuc..xn,
2367 5434 2453 5490 l8.
2528 5442 2556 5483 ιι
2585 5429 2718 5487 Luc.
2759 5444 2872 5496 xvn,
2900 5428 2953 5486 9.

1309 5596 1544 5651 VABIA‘J
1581 5595 1991 5653 LECTIONES.

182 5733 219 5817 ξ’
242 5739 300 5791 ὲκ
320 5740 428 5817 τοῖν..
506 5740 643 5817 δξᾷτὸ
667 5753 776 5817 oni.
808 5740 873 5792 A.
914 5809 928 5817 _
949 5740 994 5817 ξδ
1022 5740 1206 5804 κακῶς
1237 5740 1317 5817 δέ]
1344 5741 1405 5794 οὐ
1433 5740 1616 5805 κακῶς
1641 5740 1698 5794 δὲ
1718 5757 1802 5811 pr.
1822 5742 1889 5809 Α,
1918 5740 1978 5795 οὐ
2016 5740 2196 5805 καλῶς
2218 5738 2274 5793 δὲ
2296 5738 2369 5811 δὲ-
2402 5751 2528 5794 corr
2625 5734 2962 5806 “_5tapdev
2990 5749 3052 5796 ς.
3126 5728 3171 5762 ’⁵⁷
3200 5745 3292 5797 γε·

108 5809 236 5869 70‘!ng
256 5823 356 5864 om.
384 5810 446 5863 B.
548 5811 595 5844 ³⁸
613 5810 706 5864 τοῦ
748 5821 869 5881 post
914 5809 1070 5878 λόγου
1108 5826 1219 5865 om.
1256 5809 1318 5865 Αἰ
