4020 6422
671 389 776 456 287

1339 575 1572 628 divitem.

746 661 866 716 Non
896 677 1055 717 cesso
1080 662 1282 728 dicere,
1308 663 1410 717 etsi
1433 678 1537 716 non
1570 662 1784 717 audiar.
1831 652 2082 718 Medicus
2107 678 2252 728 sum,

675 754 1076 811 medicamenta
1116 770 1352 825 appono.
1383 762 1684 825 prteceptor
1704 770 1848 820 sum,
1877 771 2104 810 monere
2135 757 2255 825 jus~

677 864 773 904 sus
803 863 948 903 sum.
1003 845 1065 900 Et
1098 861 1260 901 neruo
1281 861 1340 901 se
1380 847 1682 902 emendat?
1714 847 1850 914 Quid
1891 848 1991 902 hoc
2022 847 2098 901 rei
2131 845 2256 900 est?

677 937 773 991 sed
803 952 904 1008 ego
932 936 1289 992 nihilominus
1324 937 1630 990 mercedem
1662 937 1894 1006 accipio,
1930 946 1985 991 et
2022 938 2125 990 hoc
2169 937 2258 990 in-

677 1029 1012 1084 credibiliter
1059 1028 1193 1082 dixi.
1245 1027 1387 1082 Fieri
1427 1028 1574 1081 enim
1638 1044 1748 1082 non
1803 1039 1979 1098 potest
2020 1029 2074 1083 in
2106 1039 2258 1084 tanta

676 1124 964 1180 hominum
1002 1121 1351 1176 multitudine
1375 1131 1437 1174 ut
1466 1137 1630 1175 nemo
1660 1137 1718 1176 se
1743 1123 2019 1176 emendet.

746 1214 947 1280 Audio,
993 1213 1192 1281 inquit,
1242 1213 1295 1265 in
1329 1212 1469 1276 dies,
1512 1221 1568 1266 et
1614 1227 1722 1266 non
1756 1210 1924 1266 facio.
1965 1211 2126 1276 Audi,
2154 1211 2257 1267 etsi

676 1323 788 1363 non
818 1306 1011 1362 facias.
1042 1307 1120 1360 Ex
1161 1305 1447 1359 auditione
1493 1304 1643 1359 enim
1688 1303 1892 1360 factum
1921 1307 2119 1369 oritur,
2155 1306 2256 1360 etsi

677 1415 788 1455 non
821 1399 1010 1462 facias,
1039 1395 1282 1468 pudefles
1307 1397 1380 1452 ob
1423 1407 1710 1466 peccatum
1750 1435 1765 1460 ,
1800 1397 1901 1451 etsi
1927 1413 2037 1452 non
2067 1397 2256 1465 facias,

677 1501 860 1547 mutas
913 1490 1277 1554 sententiam,
1321 1489 1426 1544 etsi
1475 1505 1584 1543 non
1652 1490 1864 1555 facias,
1924 1491 2264 1547 condemnas

676 1593 732 1638 te
763 1584 966 1652 ipsum,
989 1587 1133 1654 quod
1161 1599 1270 1638 non
1301 1582 1492 1638 facias.
1518 1583 1796 1638 Accusare
1821 1583 1968 1638 enim
2001 1599 2081 1646 se,
2111 1586 2261 1654 prin-

676 1673 882 1743 cipium
921 1679 1006 1727 est
1041 1671 1457 1726 emendationis.
1496 1670 1725 1736 Quando
1777 1671 1945 1736 dicis,
1993 1670 2089 1726 Hei
2128 1673 2262 1727 tnihi

677 1763 885 1826 audivi,
932 1774 986 1816 et
1041 1778 1148 1816 non
1184 1763 1344 1828 facio,
1393 1762 1550 1828 illud,
1598 1762 1697 1818 Hei
1739 1763 1897 1830 mihi,
1936 1764 2150 1820 initium
2178 1773 2265 1820 est

677 1855 1005 1910 mutationis
1042 1855 1094 1907 in
1137 1853 1354 1907 melius.

679 1946 878 2018 5250
928 1946 990 1999 In
1024 1946 1160 1998 illud
1195 1947 1396 1999 dictant
1423 1961 1441 1998 :
1476 1964 1496 1996 ι
1529 1945 1684 2000 Mitte
1732 1946 2000 2001 Lazarum
2027 1959 2073 2012 τ,
2107 1967 2124 2000 ι
2165 1960 2266 2003 etc.

749 2038 818 2091 Et
848 2038 938 2092 ubi
977 2054 1124 2092 nunc
1172 2048 1299 2092 sunt
1330 2039 1972 2110 pincernzetui,lapetes,
1999 2051 2052 2095 et
2080 2043 2273 2096 adula-

681 2131 859 2186 tores?
911 2130 1003 2186 ubi
1052 2146 1199 2185 nunc
1244 2133 1578 2202 arrogantia,
1637 2140 1693 2186 et
1728 2134 2030 2204 phantasia:
2061 2135 2084 2187 ?
2119 2134 2269 2190 Folia

680 2222 923 2288 fuerunt,
981 2222 1254 2292 ctlhiems
1311 2224 1560 2289 abstulit,
1613 2227 1912 2295 omniaque
1966 2228 2269 2295 perierunt.

682 2312 971 2367 Somnium
997 2324 1136 2379 erat,
1161 2323 1216 2369 et
1250 2322 1406 2370 ortus
1433 2324 1517 2370 est
1544 2316 1685 2381 dies,
1717 2327 1771 2372 et
1801 2323 2081 2374 somnium
2107 2319 2273 2374 dissi-

680 2415 893 2476 patum.

752 2498 880 2555 Ideo
908 2517 1038 2557 vero
1057 2518 1164 2557 non
1185 2501 1319 2569 Noe,
1348 2503 1431 2558 vel
1453 2502 1643 2570 Jacob,
1671 2505 1753 2560 vel
1776 2505 1947 2573 Isaac,
1979 2509 2072 2563 sed
2097 2511 2272 2564 Abra-

681 2593 806 2645 ham
843 2592 994 2648 dives
1037 2594 1207 2648 videt.
1245 2594 1468 2660 Quare?
1510 2598 1638 2664 quia
1671 2597 1948 2652 Abraham
1999 2601 2272 2669 benignus

681 2683 738 2738 in
776 2687 1092 2756 peregrinos
1125 2687 1326 2751 fuerat,
1359 2698 1414 2742 et
1444 2687 1594 2744 illius
1634 2689 2057 2746 inhumanitatis
2096 2693 2274 2762 major

681 2781 768 2827 est
797 2775 1078 2830 accusatio
1142 2777 1307 2846 hujus
1339 2778 1710 2848 hospitalitas.

684 2950 773 3007 Ea:
812 2952 1033 3008 Itomitia
1079 2969 1092 2984 ο
1127 2956 1246 3010 Non
1294 2955 1425 3010 adeo
1463 2959 1805 3081 teehememer
1835 2960 2104 3031 deﬂendo:
2160 2981 2274 3022 esse

1342 3043 1458 3081 mor
1485 3045 1605 3081 uos.

1342 3043 1605 3084 ηιονιιιοε.

756 3115 928 3180 Mors,
958 3132 1330 3174 aerumnarum
1361 3121 1587 3177 solutio.
1640 3121 1758 3180 Nisi
1793 3141 1944 3182 mors
1971 3136 2140 3192 esset,
2173 3145 2272 3186 nos

1810 389 2074 451 ΡΗΟΤΙῘ
2118 389 2272 451 ΡΛΤ]

2371 387 2620 449 mene
2641 385 2649 392 ‘
2668 388 2781 472 cr,
3799 396 3880 459 εδει

678 503 766 560 Ex
819 503 1060 558 oratione
1111 503 1554 568 interminatam
1580 501 1716 575 (2‘2),
1759 511 1807 557 et
1865 501 2154 571 Lazarum,
2205 512 2254 556 et
2289 508 2334 564 Α

2445 503 2546 555 Ἐκ
2583 499 2809 565 τοῦβὶς
2839 515 2945 552 τον
2975 499 3254 566 σεισμόν.
3293 496 3400 552 Καὶ
3426 499 3511 563 εἰς
3536 497 3577 531 δ’
3617 499 3710 553 τὸν
3736 507 3878 566 Λάᾄι-

2762 587 2879 637 ρον
2915 570 3013 622 καί
3050 569 3154 621 τὸν
3186 570 3513 622 πλούσιον.

2427 664 2502 715 Οὐ
2537 662 2781 732 παύομαι
2828 662 3004 729 λέγων
3045 659 3156 729 ἐγὼ
3179 701 3193 724 ,
3227 660 3331 713 κάν
3367 659 3556 731 μηδεὶς
3595 663 3622 715 6
3645 663 3687 694 ⁸⁸
3715 664 3881 719 ἀκούων

2357 751 2415 830 ᾗ.
2465 754 2670 826 ’ἰατρός
2698 755 2835 824 εἰμι,
2865 752 2935 806 τὰ
2974 753 3242 822 φάρμακα
3272 751 3590 820 ἐπιτίθημι·
3625 752 3885 819 sesami;

2358 846 2495 914 εἰμι,
2530 845 2816 913 παραινεῖν
2844 841 3192 912 ἐκελεύσθην.
3217 841 3423 894 Οὐδένα
3472 840 3796 912 διορθοῦμαις
3817 849 3884 897 ui

2357 933 2408 984 τί
2432 933 2626 1000 τοῦτος
2665 932 2777 985 ἀλλ’
2805 930 2916 1000 ἐγὼ
2958 931 3049 984 τὸν
3080 931 3271 1001 μισθὸν
3311 931 3442 1001 ἔχω.
3487 931 3595 984 Καὶ
3621 932 3764 985 τοῦτο
3794 923 3886 988 καθ’

2360 1025 2666 1095 ὑπερϐολὴν
2702 1021 2877 1078 εἷπονο
2913 1024 3196 1094 ἀμήχανον
3221 1025 3265 1055 δι
3295 1023 3404 1092 γὰρ
3448 1025 3506 1077 ὲν
3537 1023 3756 1096 τοσούτῳ
3784 1026 3888 1098 πλή-

2361 1119 2447 1173 θει
2481 1119 2556 1191 μὴ
2591 1117 2948 1190 διορθωθῆναί
2983 1135 3127 1170 τινα.

2443 1212 2674 1276 ἰἰκούω,
2699 1212 2852 1282 φησι,
2879 1209 3004 1263 καθ’
3031 1210 3270 1280 ἡμέραν,
3309 1210 3404 1263 καὶ
3433 1210 3493 1263 οὐ
3525 1209 3676 1266 ποιῶ.
3710 1212 3890 1278 Ἄκουε,

2361 1306 2464 1361 κᾶν
2501 1305 2573 1376 μὴ
2609 1307 2804 1375 ποιῇςο
2839 1304 2904 1354 ἐκ
2943 1303 3052 1372 γάρ
3098 1303 3194 1355 τοῦ
3226 1301 3450 1356 ἀκούειν
3480 1303 3653 1355 καὶτὸ
3679 1321 3890 1372 πράττειν

2362 1395 2724 1468 περιγίνεται.
2756 1395 2884 1448 Κᾶν
2908 1393 2982 1464 μὴ
3012 1397 3171 1464 ποιῇς
3192 1397 3260 1458 ³⁵⁸,
3293 1395 3526 1464 αίσχιζνη
3560 1395 3649 1447 ἐπὶ
3666 1398 3725 1466 τῇ
3752 1399 3890 1467 ἁμαρ-

2362 1490 2490 1561 τίαο
2527 1489 2630 1543 κᾶν
2666 1488 2740 1560 μὴ
2786 1490 2981 1558 ποιῇς,
3040 1487 3351 1560 μεταϐάλλῃ
3375 1489 3422 1520 ⁵³
3474 1492 3572 1559 τὴν
3622 1490 3892 1560 γνώμηνιι.

2364 1581 2470 1635 κᾶν
2494 1580 2570 1651 μὴ
2596 1583 2777 1650 ποιῇς,
2807 1579 3194 1643 καταδικάζεις
3229 1581 3424 1633 ἑαυτὸν
3451 1580 3532 1633 ὅτι
3565 1581 3622 1632 οὐ
3647 1584 3816 1644 ποιεῖς.
3842 1583 3894 1638 Τὸ

2362 1673 2420 1727 δὲ
2454 1675 2780 1742 κατηγορεῖν
2800 1671 2996 1725 ἑαυτοῦ
3019 1672 3162 1742 ἀρχὴ
3213 1671 3572 1742 διορθώσεως.
3594 1672 3752 1727 Ὅταν
3774 1676 3896 1747 εἴπῃς

2365 1767 2541 1835 Οἴμοι⁴
2604 1765 2837 1836 ἥκουσα,
2881 1766 2976 1818 καὶ
3022 1766 3084 1818 οὑ
3134 1765 3290 1828 ποιῶ,
3335 1765 3396 1818 τὸ
3453 1766 3610 1836 Οῐμοι
3670 1767 3897 1839 προοίμιά)

2296 1853 2345 1912 Β
2372 1861 2493 1911 ἐστι
2525 1859 2623 1929 τῆς
2659 1857 2753 1910 ἐπὶ
2779 1858 2841 1910 τὸ
2877 1857 3083 1927 βέλτιον
3115 1858 3439 1928 μεταϐολῆς.

2656 1951 2908 2021 Πέμψον
2939 1952 2996 2016 ⁵⁸,
3016 1950 3286 2018 Λάζαρον
3315 1953 3409 2004 καὶ
3448 1951 3576 2018 ἑξῆς
3606 1953 3669 2006 ⁵⁸.

2440 2044 2554 2096 Καὶ
2596 2041 2703 2095 ποῦ
2734 2041 2831 2094 νῦν
2875 2044 2925 2095 oi
2945 2043 3174 2112 οἰνοχόοι
3208 2060 3326 2105 σου,
3373 2043 3424 2094 οἱ
3459 2045 3717 2106 τάπητες,
3746 2043 3788 2094 oi
3823 2060 3900 2096 πα-

2374 2136 2606 2208 ράσιτοι,
2645 2137 2696 2190 οἱ
2736 2136 2999 2202 κόλακες;
3033 2135 3136 2189 ποῦ
3168 2138 3197 2188 6
3229 2136 3419 2206 τῦφος
3455 2137 3612 2207 ποῦή
3642 2138 3898 2204 φαντασίαξ

2368 2231 2548 2284 Φύλλα
2581 2227 2670 2302 ἦν,
2713 2233 2806 2283 καὶ
2834 2229 3043 2300 χειμὼν
3079 2230 3371 2296 κατέλαϐε,
3401 2231 3498 2284 καὶ
3537 2231 3706 2285 πάντα
3739 2232 3902 2284 ἀπώλεο

2369 2343 2450 2378 το·
2479 2325 2612 2394 ὄναρ
2648 2321 2737 2396 ἦν,
2769 2328 2863 2378 καὶ
2895 2325 3080 2396 ἡμέρα
3106 2325 3322 2394 γέγονε,
3376 2328 3472 2380 καὶ
3502 2327 3566 2380 τὸ
3608 2328 3732 2396 ὄναρ
3767 2325 3904 2380 διαλέ-

2370 2418 2547 2471 λυται.

2443 2511 2540 2562 Διὰ
2580 2509 2631 2563 τί
2683 2510 2729 2541 ⁵⁷
2765 2509 2821 2562 δὲ
2878 2510 2940 2564 οὐ
2998 2510 3092 2564 τδν
3145 2511 3270 2564 Νῶε
3317 2512 3349 2582 ἦ
3409 2513 3503 2565 τὸν
3546 2511 3737 2566 Ἰακὼϐ
3778 2507 3905 2580 ἧτέν

2383 2602 2589 2664 Ἰσαάκ,
2620 2600 2754 2654 ἀλλά
2781 2601 3145 2673 τδνἊϐραάμ
3171 2604 3199 2654 6
3233 2585 3488 2666 πλούσιος
3521 2605 3625 2674 ὁρᾷ
3645 2621 3658 2670 ;
3681 2602 3823 2675 [1565
3838 2599 3904 2668 8.1

2371 2691 2471 2744 Διὰ
2504 2691 2590 2755 τίς
2640 2690 2860 2762 Ἐπειδὴ
2904 2692 3180 2760 φιλόξενος
3225 2688 3294 2763 ἦν
3345 2693 3376 2744 6
3412 2693 3690 2764 Ἀϐραὰμ,
3724 2692 3806 2745 καὶ
3838 2689 3906 2756 τῆς

2373 2782 2777 2854 ἀπανθρωπίας
2812 2783 3004 2838 τούτου
3067 2784 3270 2855 μείζων
3320 2784 3537 2854 γίνεται
3580 2783 3907 2855 κατηγορίαή

2373 2876 2583 2928 ἐκείνου
2614 2875 2912 2944 φιλοξενία.

2453 2967 2557 3021 Ἐκ
2600 2967 2708 3022 τοῦ
2777 2967 2823 2999 ⁵⁸
2847 2966 2947 3035 Μὴ
2985 2968 3169 3047 οὕτω-
3194 2968 3474 3037 σφοδρῶς
3532 2967 3764 3038 θρηνεῖν
3807 2965 3910 3030 τοὺς

2921 3043 3346 3106 τελευτῶντας.

2448 3130 2691 3194 Θάνατος
2721 3130 3006 3202 μεριμνῶν
3041 3129 3214 3194 λύσις.
3245 3132 3308 3184 Εἰ
3346 3131 3422 3203 μὴ
3451 3131 3684 3194 Θάνατος
3706 3125 3788 3202 ἦν,
3817 3128 3908 3181 ἑαυ-

685 3207 836 3278 ipsos
889 3209 1230 3266 ederetnus:
1270 3213 1379 3268 nisi
1439 3215 1779 3284 puniremur,
1844 3234 2188 3290 nequaquam
2241 3237 2272 3276 a

2378 3223 2505 3284 τοὺς
2539 3223 2606 3276 ἂν
2657 3221 3050 3293 κατησθίομεν’
3102 3223 3261 3292 εἰμὴ
3309 3223 3537 3277 κόλασιν
3586 3217 3910 3290 ἐξεδεχόμεθα,

685 3299 849 3354 malis
898 3316 1265 3357 cessaremus.
1325 3301 1490 3360 Vides
1559 3305 1778 3361 Domini
1842 3309 2275 3380 benignitatem?

684 3406 904 3461 pinnam
930 3409 996 3447 ex
1025 3398 1474 3464 praevaricatione
1510 3399 1562 3453 in
1585 3401 1780 3456 salutis
1810 3417 2002 3458 ansam
2042 3419 2278 3461 conver-

689 3484 772 3537 tit.
813 3484 868 3538 Si
923 3485 1092 3555 igitur
1137 3486 1324 3556 justus
1356 3498 1442 3557 est
1495 3492 1590 3561 qui
1637 3503 1889 3550 mortuus
1936 3505 2042 3563 est,
2075 3498 2274 3566 gaude,

684 3576 815 3645 quia
852 3592 975 3631 cum
1033 3578 1232 3633 Iiducia
1263 3581 1329 3634 ad
1359 3581 1655 3638 Dominum
1701 3585 1981 3655 profectus
2026 3598 2130 3644 est.
2178 3589 2276 3644 Sin

687 3677 965 3738 peccator,
1009 3686 1077 3725 ne
1103 3670 1291 3727 doleas
1319 3688 1334 3726 :
1368 3673 1614 3730 lucratus
1640 3687 1750 3740 est,
1783 3679 1930 3748 quod
1961 3681 2280 3736 accumula-

688 3759 838 3816 tione
871 3772 1220 3831 peccatorum
1252 3766 1500 3836 privatus
1526 3770 1616 3823 sit.

761 3946 821 4002 In
852 3948 1080 4018 epistola
1112 3950 1178 4004 ad
1221 3951 1509 4023 Cyriacnm
1560 3955 1902 4026 episcopum,
1947 3973 2109 4028 quam
2146 3960 2313 4015 seri-.

688 4039 799 4111 psit
818 4043 957 4110 post
1001 4043 1299 4097 secundum
1335 4045 1611 4109 exsilium,
1631 4049 1824 4119 pungit
1851 4049 2160 4118 Arsacium,
2180 4068 2282 4107 vo-

687 4148 821 4188 cans
855 4132 1002 4185 illum
1044 4133 1299 4199 delirum,
1335 4145 1389 4191 et
1411 4137 1752 4192 adulterum.
1791 4137 2133 4211 Laudatque
2161 4159 2282 4210 eos,

2378 3317 2630 3386 οὐδαμῶς
2659 3316 2766 3369 τῶν
2798 3315 2985 3369 κακῶν
3033 3316 3354 3386 ἐπαυὸμεθα
3383 3318 3457 3369 δ’.
3493 3310 3655 3380 Εἶδες
3691 3311 3912 3366 Δεσπὸτον

2381 3407 2836 3478 φιλανθρωπίαν;
2869 3407 2930 3458 τὸ
2980 3407 3044 3458 ἐκ
3087 3405 3456 3475 παραϐάσεως
3487 3403 3757 3473 ἐπιτίμιον
3785 3401 3914 3468 ἀφορο

2383 3501 2490 3571 μὴν
2522 3500 2796 3570 σωτηρίας
2829 3498 3230 3567 ἀπειργάσατο.
3264 3496 3326 3550 Εἰ
3351 3501 3450 3567 μὲν
3478 3495 3579 3551 οὖν
3595 3496 3788 3557 δίκαιός
3807 3496 3915 3544 ἐστιν

2379 3589 2740 3650 ὀάποθανὼν,
2780 3592 2961 3659 χαῖρε,
3003 3588 3138 3641 διότι
3189 3587 3406 3658 θαρρῶν
3442 3589 3585 3658 πρὸς
3615 3587 3703 3640 τὸν
3746 3581 3908 3637 Δεστό-

2377 3700 2480 3751 την
2503 3681 2815 3751 πορεύεται·
2849 3683 2898 3734 εἰ
2943 3680 2998 3733 δὲ
3031 3679 3377 3750 ἁμαρτωλὸς,
3439 3681 3519 3751 μὴ
3570 3679 3736 3732 λυποῦ
3761 3693 3774 3708 ·
3801 3673 3918 3740 ἐκέρο

2379 3775 2544 3842 δησεν
2571 3769 2652 3837 οἷς
2686 3774 2731 3805 ⁶⁰
2759 3773 2856 3844 τὴν
2886 3773 3203 3844 προσθήκην
3233 3772 3345 3825 τῶν
3375 3772 3786 3844 ἁμαρτημάτων
3811 3763 3918 3835 ἀφῄ-

2384 3883 2568 3938 ρηται.

2460 3959 2582 4010 Ὅτι
2615 3958 2657 3988 ⁶¹
2707 3957 2764 4010 ὲν
2794 3957 2860 4026 τῇ
2903 3957 3042 4028 πρὸς
3071 3957 3164 4010 τὸν
3203 3957 3504 4010 ἐπίσκοπον
3537 3953 3803 4026 Κυριακδν
3829 3951 3920 4001 im-

2385 4048 2571 4118 στολῇ,
2603 4048 2670 4117 ἣν
2697 4047 2806 4100 ἀπὸ
2832 4046 2933 4115 τῆς
2958 4047 3218 4116 δευτέρας
3249 4046 3566 4116 ἐξέπεμψεν
3592 4045 3812 4116 ἐξορίας.
3838 4054 3921 4090 κα·

2385 4138 2655 4191 θάπτεται
2703 4137 2802 4208 μὲν
2842 4135 2936 4190 τοῦ
2979 4137 3296 4207 Ἀρσακίου,
3327 4136 3493 4207 λῆρον
3537 4135 3700 4189 αὑτὸν
3724 4134 3808 4186 καὶ
3830 4144 3920 4199 μοι·

686 4226 782 4296 qni
819 4226 964 4282 illius
997 4227 1416 4285 familiaritatem
1455 4241 1806 4297 aversantur,
1836 4241 1895 4286 ut
1933 4236 2028 4304 qui
2061 4248 2284 4308 propter

688 4318 885 4384 Deum,
915 4331 967 4374 et
1016 4321 1347 4390 impietatem
1393 4324 1448 4376 in
1501 4324 1985 4396 archiepiscopum
2019 4344 2178 4382 suum
2217 4331 2286 4385 ab

688 4413 782 4468 illo
831 4413 1128 4468 declinent.
1172 4412 1438 4476 Quamvis
1479 4418 1532 4469 in
1588 4415 1712 4469 aliis
1760 4417 2014 4471 videatur
2045 4419 2272 4487 hortari,

2387 4433 2470 4488 χιε
2479 4417 2574 4485 ρέα
2599 4414 2781 4468 αὐτῶν
2805 4414 3047 4484 ἀδίκημα
3072 4413 3171 4484 τὴν
3199 4415 3557 4485 ἀποστροφὴν
3589 4409 3766 4466 αὐτῶν
3785 4421 3924 4458 ποιου-

687 4523 759 4563 nc
781 4507 851 4562 ab
915 4507 1158 4562 Ecclesia
1215 4509 1493 4563 recedant.
1535 4509 1592 4564 Id
1629 4518 1812 4564 autem
1849 4520 2059 4582 postea,
2095 4524 2152 4567 ut
2185 4529 2272 4585 ap-

2392 4510 2608 4578 μένους.
2652 4509 2780 4581 [857
2815 4507 2909 4580 H.]
2944 4508 3136 4562 Καίτοι
3169 4524 3233 4576 γε
3262 4509 3320 4560 ὲν
3349 4508 3534 4569 ἄλλοις
3566 4506 3806 4574 φαίνεται
3846 4512 3926 4549 πα·

684 4611 864 4674 paret,
923 4601 1118 4665 voluit,
1149 4615 1274 4654 cum
1335 4601 1395 4666 ii,
1424 4601 1519 4671 qui
1588 4601 1734 4657 hunc
1767 4603 1972 4673 injuste
1996 4606 2271 4675 ejcccrant

2385 4601 2584 4672 ραινῶν
2610 4603 2683 4671 μὴ
2700 4600 3030 4671 ἀφίστασθαι
3057 4599 3165 4652 ἀπὸ
3187 4599 3285 4668 τῆς
3318 4598 3680 4668 Ἐκκλησίας.
3713 4593 3796 4654 Εἰς
3810 4585 3928 4640 τοῦτο

691 4696 836 4752 facto
879 4711 990 4750 non
1042 4694 1438 4763 acquieverint,
1494 4694 1591 4750 sed
1646 4696 1821 4752 moliti
1862 4697 2027 4753 etiam
2071 4699 2272 4757 fuerint

2381 4693 2438 4746 δὲ
2462 4692 2690 4764 ὕστερον
2716 4693 2814 4765 (ῶς
2859 4691 3030 4762 ἔοικε)
3064 4692 3322 4762 μετέστη,
3358 4692 3550 4763 ἐπειδὴ
3583 4692 3678 4744 καὶ
3704 4690 3750 4740 οί
3776 4681 3928 4737 τοῦτον

695 4791 989 4861 impetum,
1028 4786 1280 4854 insidias,
1317 4795 1372 4842 et
1399 4787 1655 4844 exsilium
1693 4788 1781 4858 iis,
1809 4791 1903 4862 qui
1928 4792 2033 4864 ipsi
2072 4795 2272 4852 addicti

2384 4786 2586 4849 ἀδίκως
2614 4785 2938 4848 ἐκϐαλόντες
2966 4785 3013 4816 ⁸⁸
3059 4785 3159 4854 οὐχ
3201 4779 3283 4848 οἷς
3314 4783 3565 4854 ἔπραξαν
3613 4785 3682 4845 ⁸³,
3715 4777 3834 4834 ἀλλὰ
3859 4768 3930 4825 καὶ

686 4891 891 4940 essent.
2381 4878 2728 4947 καταδρομὰς
2755 4878 2850 4931 καὶ
2899 4875 3194 4939 ἐπιϐουλὰς
3226 4875 3368 4929 κατά
3384 4875 3497 4929 τῶν
3537 4875 3689 4944 αὐτῷ
3722 4872 3764 4902 ⁸⁵⁸
3795 4879 3930 4938 προσ·

2384 4972 2757 5041 ανακειμένων
2779 4968 2874 5023 καὶ
2905 4967 3209 5042 ὑπερορίας
3241 4967 3677 5040 ἑπαλαμήσαντο
3699 4967 3762 5018 ⁸⁵.

2385 4231 2478 4302 χδν
2515 4231 2733 4294 καλῶν,
2782 4231 2997 4282 ἐπαινεῖ
3043 4229 3101 4283 δὲ
3147 4229 3274 4292 τοὺς
3316 4225 3819 4300 ἀποστρεφομένους
3853 4218 3923 4285 τὴν

2386 4323 2552 4378 αὑτοῦ
2604 4323 2926 4388 κοινωνίαν,
2953 4321 3029 4385 ὡς
3079 4323 3168 4375 διά
3213 4322 3345 4374 θεὸν
3391 4321 3488 4375 καὶ
3538 4321 3600 4374 τὸ
3631 4323 3708 4382 εἰς
3742 4316 3821 4369 τὸν
3851 4314 3923 4380 ἁρ-

771 5069 794 5097 τ
820 5056 955 5112 Luc.
995 5069 1110 5121 xvr,
1143 5050 1236 5106 24.

1955 5173 2194 5264 νΑῐιίιιΕ
2232 5209 2644 5270 LECTIUNES.

800 5335 848 5367 "
878 5335 961 5397 είς
1012 5339 1138 5387 ante
1165 5331 1258 5385 τὸν
1305 5332 1396 5386 πλ.
1425 5331 1585 5389 omisi
1617 5347 1742 5386 cum
1775 5329 1838 5384 Β.
1938 5329 1984 5362 ⁵ο
2011 5331 2039 5382 6
2076 5327 2325 5400 ιλιίιΙηΑζ
2377 5329 2419 5359 ⁸¹
2447 5330 2732 5400 ἀμήχανον
2785 5333 2824 5385 Α
2860 5351 2872 5386 :
2903 5331 3163 5386 ἀδύνατον
3191 5351 3250 5398 ς.

693 5416 796 5460 ter.
831 5405 958 5458 κᾶν.
1034 5401 1082 5474 δὲ
1113 5401 1438 5474 μεταϐάλλει
1464 5422 1526 5468 ς’.
1564 5473 1567 5474 ί
1599 5399 1902 5474 ’δνγνὼμην
1929 5414 2040 5474 om,
2076 5397 2169 5474 Β.Δ
2213 5397 2378 5474 “AER
2403 5402 2463 5474 ἐδ
2490 5397 2796 5474 πέμψρνςο
2855 5403 2902 5434 ⁵⁸
2935 5403 3121 5474 καὶτρι
3145 5397 3274 5473 ἑξῆς
3298 5421 3362 5470 ς.

692 5477 740 5511 ss
774 5478 856 5537 εἰς
877 5475 940 5529 τδ
963 5473 1090 5530 εδει,
1113 5465 1190 5528 Ἀ,
1275 5474 1336 5544 ,³ο
1366 5465 1725 5544 ἐπαξλσάμεθᾷ
1856 5465 1869 5471 ’
1928 5468 2194 5544 ξθμέκέρδ.
2218 5538 2230 5544 _
2257 5469 2341 5537 ἐφ’
2379 5465 2461 5532 οἷς
2488 5489 2548 5536 ς.
2569 5465 2604 5544 ξ
2626 5465 2689 5502 ’⁶¹
2717 5473 2820 5526 ὅτι.
2921 5474 2966 5504 ⁶¹
2999 5465 3354 5539 ἐκϐάλὶζοντές
3384 5491 3447 5539 ς’.

696 5545 743 5580 ⁸⁸⁵
768 5536 918 5618 αὐτῷ
949 5562 1092 5602 corr.
1127 5545 1193 5602 A.
1225 5543 1406 5598 αὐτῶν
1435 5561 1518 5616 pr.
1551 5536 1733 5608 αῖῦτοίς
1760 5561 1823 5607 ς.
1902 5541 1947 5574 ⁸⁵
1978 5536 2408 5610 ἐπαλαμήσαντο
2433 5556 2546 5597 om.
2581 5542 2640 5598 Β.

2229 5649 2457 5706 NOTAE.

774 5755 884 5827 (9.2)
928 5757 1196 5828 lntcgram
1242 5755 1382 5812 hanc
1421 5758 1485 5812 de
1545 5763 1854 5812 tcrraemotu
1914 5747 2234 5804 concionem
2295 5748 2568 5814 oviugavit
2630 5747 2686 5800 Ρ.
2721 5745 2920 5803 Fronto
2950 5746 3177 5803 Duc-mus
3210 5748 3401 5804 societ.
3437 5747 3591 5812 Jcsu,
3656 5738 3936 5812 Burdigalih

698 5844 843 5886 anno
883 5828 1036 5884 1006.
