4020 6408
159 404 225 467 Εἴὸθ
1071 393 1602 458 BIBLIOTHECA.
1642 416 1710 428 ·-
1743 391 1906 453 COD.
1948 389 2363 453 CCLXXVIII.

784 505 953 558 2011'.
1688 510 1737 569 Α

155 596 491 670 ϐεορράστοῦ
508 595 643 666 Περὶ
672 594 787 651 τῶν
802 597 1300 666 μεταϐαλλόντων
1328 596 1434 662 τὰς
1463 596 1670 666 χρόας.

194 751 499 824 ’Δνεγνώσθη
527 759 588 805 ὲκ
608 750 716 804 τῶν
752 751 1098 823 Θεοφράστου
1133 747 1263 804 πεο”ι⁵
1307 747 1415 801 τῶν
1440 745 1485 778 ⁸⁸
1513 763 1678 817 μετα-

143 850 400 904 ϐαλλόντων
431 844 528 908 τὰς
562 843 754 916 χρόας.

197 937 405 1001 ὐτιτὰς
434 936 598 1007 χρόας
634 934 1096 1006 μεταϐαλλόμενοι
1121 934 1216 988 καὶ
1253 933 1672 1005 ὲξομοιούμενοι

145 1035 290 1103 φυτοῖς
314 1030 402 1084 καὶ
437 1028 623 1090 τόποις
648 1028 742 1080 καὶ
771 1027 960 1092 λίθοις,
985 1021 1066 1090 οἷς
1088 1024 1154 1080 ἂν
1179 1025 1547 1097 πλησιάσωσι,
1583 1041 1678 1078 πο-

143 1127 303 1187 λύπους
332 1123 442 1176 ἐστὶ
477 1121 568 1174 καὶ
600 1119 912 1190 χαμαιλέων
942 1118 1039 1172 καὶ
1081 1116 1142 1172 τδ
1180 1117 1371 1190 θηρίον
1413 1119 1442 1172 ὁ
1482 1117 1677 1190 τάραν-

143 1215 338 1279 δος.ὃὲν
362 1212 591 1274 Σκύθαις
631 1212 794 1280 φασιν
829 1210 862 1281 ἢ
894 1209 1214 1280 Σαρμάταις
1243 1207 1513 1277 γίνεσθαι.
1559 1209 1675 1261 Με-

145 1307 352 1362 ταϐἁλλει
383 1303 426 1357 δ’
464 1306 492 1357 ὁ
547 1302 864 1373 χαμαιλέων
917 1303 1001 1364 εἰς
1050 1301 1228 1355 πάντα
1261 1299 1331 1354 τὰ
1381 1299 1672 1372 χρώματα,

149 1404 254 1471 πλὴν
279 1401 366 1470 τὴν
413 1400 493 1459 εἰς
525 1397 588 1448 τὸ
615 1394 808 1448 λευκὸν
853 1394 948 1447 κα)⁸
993 1395 1055 1447 τὸ
1098 1393 1327 1466 ἐρυθρὸν
1367 1393 1428 1446 οὐ
1461 1392 1676 1462 δέχεται

153 1495 418 1569 μεταϐολήν
451 1493 546 1546 καὶ
575 1493 637 1546 οὐ
669 1491 802 1563 πρὸς
839 1491 908 1544 τὰ
938 1489 1320 1561 παρακείμενα
1345 1487 1504 1559 μόνον
1533 1485 1677 1558 χρώ-

156 1607 262 1661 ματα
297 1586 638 1658 μεταϐάλλει,
671 1584 807 1636 ἀλλὰ
857 1584 953 1636 καὶ
982 1583 1144 1646 αὐτὸς
1175 1581 1299 1635 καθ’
1335 1581 1551 1646 ἑαυτὸν,
1581 1580 1676 1633 ἐάν

155 1702 212 1747 τις
235 1684 368 1752 μόνον
401 1679 609 1749 ἅψηται
661 1676 826 1730 αὑτοῦ
846 1718 864 1744 ,
892 1677 952 1729 τὸ
984 1675 1182 1747 χρῶμα
1224 1675 1572 1746 μεταϐάλλει.
1617 1674 1675 1727 'U

156 1777 195 1828 δὲ
222 1774 445 1844 ςαράνδος
507 1771 572 1825 τὸ
619 1771 719 1840 μὲν
769 1768 1002 1838 μέγεθός
1047 1768 1163 1820 ἐστι
1209 1767 1352 1820 κατὰ
1412 1765 1570 1837 βοῦν,
1613 1765 1675 1818 τὸ

3240 384 3353 450 290

2375 496 2748 554 CCLXXVIII.

1784 592 2128 661 Theophrasti
2179 589 2556 662 Fragmentum
2593 591 2658 644 de
2685 588 3025 655 animalibus,
3054 603 3172 658 quw
3207 589 3353 642 colo-

2385 678 2494 715 rem
2523 670 2750 714 mutant.

1849 755 1981 826 Legi
2027 770 2093 810 ex
2145 751 2508 824 Theophrasti
2549 752 2694 808 libro
2757 753 2826 808 de
2856 749 3190 808 animalibus
3233 765 3359 821 qua:

1777 849 2015 906 colorem
2061 857 2274 903 mutant
2302 846 2438 917 (25).

1848 939 2061 1008 Quibus
2072 955 2202 994 vero
2220 946 2470 994 mutatur
2485 938 2660 1001 color,
2675 946 2726 994 et
2751 937 3148 1009 plantis,locis,
3166 935 3362 1007 lapidi-

1775 1033 1904 1098 bus,
1957 1031 2163 1102 quibus
2199 1045 2258 1085 se
2281 1029 2580 1100 applicant,
2604 1029 2803 1086 similis
2840 1030 3105 1094 redditur,
3130 1028 3362 1099 polypus

1778 1134 1926 1190 sunt,
1944 1123 2372 1187 etchanueleon,
2389 1133 2443 1176 et
2471 1119 2585 1177 fera
2618 1122 2891 1188 tarander,
2919 1137 3042 1192 quae
3063 1124 3204 1190 apud
3226 1119 3360 1190 Scy-

1777 1218 1903 1274 thas
1926 1217 2008 1272 vel
2067 1215 2350 1272 Sarmatas
2375 1215 2527 1269 nasci
2555 1213 2748 1269 fertur.
2779 1212 3016 1269 Mutatur
3045 1214 3360 1284 igitur-cha-

1776 1311 2003 1367 maeleon
2027 1311 2080 1365 in
2112 1324 2302 1366 onmes
2325 1308 2556 1374 colores,
2582 1318 2941 1379 prteterquam
2983 1309 3037 1362 in
3067 1307 3276 1370 album,
3307 1315 3364 1360 et

1777 1405 2027 1469 rubrum,
2042 1411 2096 1458 et
2112 1419 2220 1458 non
2240 1402 2420 1459 solum
2434 1401 2504 1457 ad
2525 1402 2802 1471 subjectos
2833 1403 3065 1463 colores,
3082 1401 3175 1455 sed
3196 1399 3363 1454 etiam

1777 1497 1896 1566 ipse
1919 1495 1972 1549 in
1999 1511 2080 1559 se,
2106 1497 2150 1551 si
2175 1496 2301 1565 quis
2313 1495 2488 1549 solum
2514 1495 2692 1564 ipsum
2713 1494 2971 1564 tetigerit,
2990 1491 3183 1562 5251)
3211 1491 3365 1547 colo-

1780 1604 1892 1642 rem
1925 1595 2124 1641 mutat.
2140 1586 2420 1641 Tarander
2444 1585 2664 1655 quidem
2685 1585 3056 1655 magnitudine
3076 1584 3230 1639 bovis
3255 1591 3365 1649 est,

1779 1679 1978 1735 similis
1998 1681 2170 1748 figura
2186 1693 2370 1740 cervo,
2390 1678 2494 1732 nisi
2517 1677 2660 1747 quod
2690 1677 2870 1742 latior,
2887 1685 3145 1746 tanquam
3175 1690 3206 1730 e
3223 1675 3366 1730 duo-

1778 1786 1899 1825 rum
1927 1784 2215 1824 cervorum
2253 1769 2442 1834 figuris
2469 1769 2833 1838 compositus;
2865 1768 3026 1823 biﬁda
3067 1776 3149 1822 est
3174 1767 3223 1822 ei
3260 1783 3366 1822 un-

158 1869 386 1938 πρόςωπον
411 1865 465 1918 δὲ
487 1865 677 1935 ὅμοιος
706 1863 911 1932 ἐλάφῳ,
933 1861 1070 1933 πλὴν
1100 1861 1458 1930 πλατύτερος,
1483 1859 1682 1913 ὡσανεὶ

1802 1863 1935 1933 gula,
1961 1870 2016 1917 et
2050 1877 2244 1916 cornu.
2281 1859 2458 1915 Habet
2490 1876 2618 1915 vero
2644 1861 2962 1916 hoc-ramos
2989 1869 3049 1912 ut
3077 1873 3366 1913 cervorum

161 1959 299 2014 ἐκδύο
320 1956 673 2025 συγκείμενος
703 1955 970 2024 ἐλαφείων
1010 1953 1344 2024 προσώπων.
1379 1951 1609 2023 Δίχηλον
1641 1951 1683 1983 ⁸⁷

163 2051 304 2102 δέὲστι
328 2049 411 2102 καὶ
430 2047 800 2120 κερασφόρον.
832 2048 987 2117 Ἔχει
1017 2045 1074 2099 δὲ
1104 2045 1165 2099 τὸ
1215 2045 1384 2115 κέρας
1430 2043 1683 2113 ἁποφυά-

159 2144 234 2204 δας
260 2143 413 2211 ὥσπερ
437 2142 496 2193 τὸ
527 2141 759 2208 ἐλάφου,
791 2139 888 2192 καὶ
917 2139 1186 2209 τριχωτόν
1217 2138 1262 2168 ⁸⁸
1290 2139 1407 2190 ἐστι
1436 2136 1504 2189 δι’
1539 2137 1684 2190 ὅλου·

174 2235 270 2302 περὶ
310 2233 394 2302 γὰρ
446 2232 506 2285 τὺ
550 2231 752 2284 ὀστοῦν
811 2231 1081 2303 δέρματός
1131 2231 1247 2283 ἐστι
1300 2230 1586 2300 περίτασις
1615 2231 1684 2294 ⁸⁸,

179 2325 561 2393 ὅθενὴἒκεευσις.
601 2325 676 2377 Τὸ
728 2324 785 2377 δὲ
822 2324 999 2394 δέρμα
1028 2323 1106 2392 τῷ
1152 2323 1316 2391 πάχει
1343 2321 1688 2376 δακτυλιαὶόν

187 2413 313 2477 ἐστιν,
351 2416 542 2486 ιςχυρὸν
589 2415 648 2468 δὲ
703 2415 932 2484 σφόδρα·
983 2413 1064 2466 διὸ
1120 2413 1214 2466 καὶ
1268 2415 1394 2475 τοὺς
1431 2413 1690 2484 θώρακας

187 2506 448 2572 ἐξαυάζοντες
478 2509 628 2561 αὐτὸ
659 2506 938 2560 ποιοῦνται
984 2507 1050 2559 ⁷⁰.
1091 2506 1325 2559 Σπάνιον
1359 2506 1416 2560 δὲ
1457 2506 1517 2560 τὸ
1551 2507 1691 2571 ζῶον

183 2600 448 2667 καὶάλιγάκις
468 2601 830 2669 φαινόμενον.
849 2599 1157 2670 Θαυμαστὴ
1182 2597 1228 2652 δ’
1245 2600 1278 2668 ἡ
1301 2597 1574 2668 μεταϐολὴ
1593 2600 1691 2652 καὶ

176 2688 300 2756 ἐγγὺς
321 2690 588 2752 ἀπιστίας.
622 2690 748 2753 Τοῖς
781 2690 882 2760 μὲν
907 2690 1014 2760 γὰρ
1045 2689 1226 2752 ἄλλοις
1255 2691 1312 2741 έν
1341 2688 1420 2758 τῷ
1459 2689 1692 2759 δέρματι

172 2781 326 2848 γίνεται
371 2784 399 2853 ὴ
443 2783 751 2854 μεταὸολὴ,
789 2783 1184 2853 ἀλλοιουμένης
1221 2783 1320 2852 τῆς
1345 2783 1495 2845 ἐντὸς
1531 2783 1691 2850 ὑγρά·

174 2889 304 2941 τητος,
330 2876 426 2928 εἴτε
464 2875 822 2947 αίματώδους
853 2875 886 2945 ἢ
917 2875 1012 2928 καί
1043 2892 1188 2939 τινος
1229 2874 1396 2944 ἄλλης
1437 2873 1694 2944 τοιαύτης

174 2963 309 3035 οὖςῃς,
352 2967 486 3022 ὥστε
544 2967 796 3039 φανερὰν
851 2963 992 3020 εἶναι
1047 2967 1146 3036 τὴν
1177 2967 1604 3036 συμπάθειαν·ἠ
1637 2966 1694 3018 δὲ

173 3057 318 3128 τριχῶν
345 3060 641 3130 μεταϐολὴ,
678 3060 861 3131 ξηρῶν
900 3076 958 3112 τε
1005 3057 1182 3111 οὐσῶν
1234 3058 1275 3089 ⁷⁸
1322 3059 1417 3111 καὶ
1447 3057 1696 3126 ἀπηρτη-

170 3149 300 3217 μένων
337 3154 422 3206 καὶ
475 3153 681 3224 ἀθρόον
734 3152 796 3204 οὐ
837 3149 1158 3219 πεφυκυιῶν
1187 3148 1554 3214 ἀλλοιοῦσθαι,
1587 3165 1694 3202 πα-

1788 1970 2018 2020 cornua,
2045 1961 2100 2008 et
2126 1952 2354 2008 omnino
2384 1951 2621 2021 pilosum
2655 1961 2760 2006 est.
2788 1949 2929 2006 Ossa
2965 1950 3099 2021 tegit
3140 1957 3366 2006 extensa

1790 2045 1957 2112 cutis,
1994 2043 2136 2100 unde
2166 2044 2259 2114 pili
2285 2043 2579 2099 exsistunt.
2598 2043 2764 2098 Pellis
2793 2043 3020 2114 digitum
3056 2040 3228 2097 densa
3257 2051 3365 2105 est,

1789 2137 2088 2193 admodum
2109 2137 2270 2204 dura,
2299 2136 2422 2191 ideo
2442 2145 2498 2191 et
2543 2151 2663 2190 eam
2698 2145 2969 2205 aptantes,
2994 2149 3094 2205 pro
3142 2135 3370 2191 thorace

1791 2230 2014 2285 militari
2047 2238 2300 2284 utuntur.
2330 2228 2478 2284 Raro
2526 2229 2631 2284 hoc
2689 2229 2896 2284 animal
2934 2227 3150 2282 videtur
3180 2246 3196 2282 :
3228 2228 3368 2282 mira

1790 2323 1911 2391 ejus
1935 2332 2020 2378 est
2041 2321 2298 2384 mutatio.
2347 2331 2402 2376 et
2435 2336 2574 2390 pene
2606 2320 2963 2377 incredibilis.
2992 2323 3112 2376 Alia
3145 2321 3367 2392 quidem

1789 2413 2045 2468 animalia
2075 2413 2127 2468 in
2155 2414 2296 2482 pelle
2327 2420 2633 2476 mutantur,
2661 2422 2868 2467 mutato
2893 2413 3110 2468 interno
3142 2415 3373 2469 humore

1793 2505 1876 2560 vel
1902 2507 2226 2576 sanguineo,
2261 2505 2340 2559 vel
2375 2505 2505 2570 alio,
2535 2515 2592 2559 ut
2620 2504 2908 2560 manifesta
2939 2505 3014 2560 sit
3037 2505 3369 2575 sympathia,

1794 2597 1902 2653 hoc
1928 2608 2035 2661 est,
2066 2607 2276 2652 natura:
2321 2613 2648 2652 consensus.
2680 2595 2926 2651 Pilorum
2959 2613 3091 2652 vero
3117 2597 3374 2662 mutatio,

1794 2707 1920 2745 cum
1949 2690 2088 2743 aridi
2119 2690 2229 2744 sint
2269 2704 2334 2743 ac
2369 2690 2692 2757 pendentes,
2723 2698 2776 2744 et
2830 2687 3144 2760 frequenter
3174 2689 3374 2744 mutari

1796 2795 1904 2833 non
1943 2779 2176 2842 soleant,
2209 2777 2438 2832 omnino
2469 2778 2786 2832 admiranda
2811 2787 2867 2833 et
2905 2779 3241 2836 incredibilis
3269 2790 3375 2842 est,

1797 2870 2036 2925 maxime
2057 2886 2180 2925 cum
2221 2870 2371 2926 varie
2401 2869 2491 2924 illa
2523 2871 2634 2924 liat.
2658 2869 3004 2927 Chamaeleon
3028 2882 3206 2926 autem
3239 2872 3378 2927 vide~

1798 2971 1886 3016 tur
1903 2959 2142 3015 anhelitu
2163 2960 2376 3015 colores
2404 2970 2647 3026 mutare;
2673 2970 2759 3016 est
2784 2962 2930 3016 enim
2965 2971 3160 3016 natura
3182 2961 3378 3017 llatae,

1797 3071 1913 3110 sus.
1952 3058 2352 3124 Argumentum
2387 3070 2516 3109 vero
2551 3055 2927 3125 respirationis
2962 3055 3238 3124 pulmonis
3266 3069 3384 3109 ma-

1801 3145 2033 3216 gnitudo
2061 3153 2144 3200 est
2182 3163 2196 3199 :
2233 3161 2372 3214 pene
2406 3146 2552 3200 enim
2584 3162 2679 3216 per
2731 3155 2906 3202 totum
2955 3163 3157 3218 corpus
3186 3144 3385 3201 diffun-

167 3241 337 3309 ράδοξος
369 3244 592 3314 ἀληθῶς
621 3243 715 3296 καὶ
750 3242 1036 3307 ἀπίθανος,
1079 3240 1317 3310 μάλιστα
1357 3239 1495 3309 πρὸς
1526 3239 1697 3292 πολλὰ

1807 3240 1978 3294 ditur.
2014 3237 2189 3292 Simul
2213 3253 2340 3292 vero
2381 3246 2438 3292 et
2459 3239 2705 3294 elevatur
2729 3238 3016 3294 manifeste
3041 3250 3096 3294 et
3145 3239 3381 3296 inflatur.

169 3335 518 3407 ποικιλλομένη.
577 3335 636 3388 '0
670 3336 724 3388 δὲ
750 3334 1066 3406 χαμαιλέων
1087 3335 1133 3366 τ’
1165 3335 1314 3387 δοκεῖ
1351 3331 1430 3403 τῷ
1482 3333 1754 3407 πνεύματι
1817 3333 1990 3386 ποιεῖν
2059 3333 2159 3395 τὰς
2203 3331 2508 3400 μεταϐολάς
2539 3346 2555 3361 °
2600 3332 2973 3403 πνευματικὸν
3037 3331 3148 3403 γὰρ
3203 3330 3383 3400 φύσει.

171 3423 346 3494 Σημείον
392 3427 447 3480 δὲ
476 3427 540 3480 τὺ
573 3427 671 3480 τοῦ
709 3428 1012 3497 πνεύμονος
1076 3426 1326 3497 μέγεθος
1357 3425 1544 3495 σχεδὸν
1571 3427 1682 3496 γὰρ
1710 3425 1778 3480 δι’
1821 3425 1946 3479 ὅλου
1975 3423 2071 3477 τοῦ
2123 3422 2378 3495 σώματος
2427 3424 2672 3477 τέταται.
2707 3423 2860 3493 ’Ἅμα
2897 3425 2994 3478 καὶ
3035 3425 3388 3496 ἐξαιρόμενος

190 3517 310 3580 αὐτὸς
340 3521 428 3572 καὶ
470 3517 800 3590 φυσώμενος
826 3519 870 3550 ⁷³
901 3518 1060 3589 δῆλός
1095 3521 1265 3573 ἐστιν.

173 3625 330 3703 [1566]
366 3633 463 3687 Ἐκ
497 3631 615 3687 τοῦ
647 3632 784 3702 περὶ
803 3633 1204 3701 παραλύσεως
1228 3633 1274 3664 ⁷⁸
1296 3633 1700 3704 Θεοφράστου.
1729 3594 1774 3657 C

239 3727 319 3775 Οτι
348 3724 446 3776 ὑπὸ
473 3723 858 3793 καταψύξεως,
899 3724 1085 3793 φησιν,
1119 3723 1193 3787 ὼς
1228 3724 1392 3794 κοινῷ
1422 3724 1567 3796 λόγῳ
1597 3726 1704 3794 φά-

2045 3631 2131 3686 Ea:
2163 3631 2398 3702 ejusdem
2418 3632 2483 3685 de
2517 3631 2834 3685 resolutione
2857 3646 3134 3684 nervorum

1878 3723 2020 3779 Dicit
2081 3724 2476 3778 resolutionem
2534 3737 2832 3777 nervorum
2890 3739 2921 3777 e
2976 3719 3293 3791 frigiditate,
3327 3731 3389 3778 ut

167 3829 249 3877 ναι,
273 3815 360 3885 τὴν
389 3815 704 3886 παράλυσιν
741 3816 991 3883 γίνεσθαι
1028 3817 1121 3868 καὶ
1151 3817 1356 3887 ταύτην
1380 3818 1427 3870 οἱ
1466 3819 1564 3888 μὲν
1599 3817 1697 3870 ὑπὸ

1808 3831 2002 3871 omnes
2060 3817 2324 3880 sentiunt,
2361 3815 2497 3870 oriri
2565 3832 2579 3868 :
2613 3825 2667 3870 et
2724 3816 2817 3869 alii
2853 3817 3069 3885 quidem
3097 3831 3128 3870 a
3161 3816 3385 3884 spiritu,

167 3905 430 3974 πνεύματος
473 3907 878 3978 (πνευματικὸν
902 3907 1011 3977 γὰρ
1040 3908 1102 3960 τὸ
1133 3908 1350 3978 πάθος),
1379 3909 1429 3961 οί
1457 3909 1514 3962 δὲ
1538 3909 1708 3962 ἐκλεί-

163 3995 234 4066 ψει
268 3999 352 4052 καὶ
386 4002 646 4073 στερήσει
679 4000 771 4054 τοῦ
802 4005 1134 4072 πνεύματοςο
1160 4007 1318 4056 τοῦτο
1338 4003 1449 4075 γὰρ
1479 4001 1618 4056 εἶναι
1647 4002 1708 4056 τὸ

165 4087 241 4156 τὴν
279 4091 585 4163 θερμότητα
641 4093 734 4146 καὶ
788 4093 888 4159 τὴν
931 4094 1144 4162 κίνησιν
1199 4095 1334 4158 ὅλως
1393 4095 1580 4148 ποιοῦν
1635 4096 1705 4149 ⁷⁸.

181 4176 456 4250 Ἀκινησίας
517 4182 582 4236 δὲ
641 4182 930 4252 γινομένης
986 4183 1286 4252 κατάψυξις
1352 4185 1562 4252 γίνεται
1612 4183 1706 4237 τοῦ

164 4268 374 4337 αίματος,
418 4275 451 4343 ἢ
490 4273 684 4337 ἁπλῶς
720 4277 895 4327 εἰπεῖν
932 4275 1036 4344 τῆς
1067 4276 1387 4346 ὑγρότητος.
1422 4277 1520 4330 Διὰ
1549 4278 1710 4330 τοῦτο

167 4360 252 4432 γὰρ
292 4364 376 4416 καὶ
410 4367 443 4436 ὴ
474 4365 656 4436 νάρκη
689 4368 898 4433 γίνεται
945 4368 1004 4420 ἐν
1028 4367 1075 4398 ⁷⁸
1096 4370 1210 4432 τοῖς
1239 4370 1398 4422 ποσὶν
1438 4369 1471 4440 ἢ
1522 4370 1618 4423 καὶ
1653 4371 1711 4421 ἐν

166 4456 252 4514 τοῖς
271 4455 371 4510 ἀνω
399 4457 648 4528 μέρεσιν.
687 4459 812 4511 ὅταν
859 4459 1268 4512 ἀποπιεσθῶσιν
1296 4463 1406 4514 ἀπὸ
1442 4463 1712 4532 καθέδρας

167 4545 347 4614 ἢᾶλλου
367 4553 508 4614 τινος
528 4552 575 4582 ⁷⁷
597 4550 724 4622 [858
752 4551 843 4623 Η.]
865 4553 1090 4623 τρόπου.
1111 4554 1248 4606 Τότε
1273 4554 1380 4624 γὰρ
1409 4554 1713 4624 διαλαμϐά-

165 4653 231 4689 νει
249 4643 306 4710 τῇ
321 4642 495 4694 πιέσει
517 4643 580 4695 τὸ
597 4642 836 4712 πνεῦμα,
858 4645 953 4696 καὶ
979 4645 1040 4697 οὐ
1066 4645 1368 4716 δυναμένην
1392 4646 1489 4714 τὴν
1506 4646 1712 4700 οἰκείαν

166 4725 346 4797 κίνησιν
393 4730 668 4784 κινεῖσθαι
707 4731 889 4800 ἵστησι
925 4731 1018 4785 καὶ
1067 4731 1339 4801 ἀποψύχει
1372 4732 1434 4784 τὸ
1473 4725 1633 4801 αἷμα.

434 4821 539 4876 Ἐκ
573 4823 680 4876 τοῦ
730 4823 776 4854 ⁷⁸
802 4823 934 4891 περὶ
986 4825 1415 4891 λειποψυχίας.

224 4912 332 5004 ἶΟτι
357 4917 389 4988 ἡ
414 4916 745 4987 λειποψυχία.
779 4917 1042 4985 στέρησις
1067 4917 1100 4986 ἢ
1135 4915 1437 4984 κατάψυξις
1458 4915 1554 4970 τοῦ
1585 4914 1710 4986 θερ·
1743 4949 1787 5004 D

172 5001 251 5065 μοῦ
271 5009 390 5076 περὶ
412 5009 506 5060 τὸν
536 5006 970 5061 ἁναπνευστικδν
997 5007 1180 5061 τόπον.
1207 5006 1377 5059 Τοῦτο
1393 5007 1448 5059 δὲ
1471 5006 1710 5076 συμϐαί-

172 5095 277 5166 νειῆ
302 5097 402 5151 ὑπὸ
429 5099 526 5152 τοῦ
549 5098 761 5170 ψυχροῦ
781 5099 824 5131 ⁷³
855 5097 888 5170 ἢ
917 5098 1011 5152 καὶ
1035 5097 1126 5150 ὑπ’
1156 5097 1320 5151 αὐτοῦ
1348 5097 1442 5152 τοῦ
1479 5098 1706 5168 θερμοῦ⁶

171 5183 217 5235 τὸ
252 5189 349 5258 γὰρ
380 5190 545 5244 πλέον
575 5191 684 5261 πῦρ
714 5192 932 5260 ἀναιρεῖ
968 5189 1029 5244 τὸ
1057 5189 1300 5245 ἔλαττον.
1345 5192 1636 5262 Μαρτυρεῖ
1653 5191 1710 5244 δὲ

1812 3911 1920 3981 (est
1945 3910 2091 3965 enim
2122 3911 2348 3964 morbus
2365 3909 2794 3980 pulmonarius),
2830 3911 2919 3963 alii
2949 3909 3160 3965 defectu
3196 3921 3249 3964 et
3278 3911 3389 3980 pri-

1811 4004 2030 4057 vatione
2071 4003 2315 4073 Spiritus.
2361 4001 2520 4057 Huttc
2569 4004 2716 4057 enim
2763 4018 2908 4064 esse,
2943 4005 3036 4072 qni
3062 4004 3301 4058 calorem
3333 4011 3390 4058 et

1811 4105 2018 4149 motum
2049 4094 2276 4149 omnino
2306 4093 2491 4149 faciat.
2522 4093 2656 4149 Cum
2699 4106 2880 4148 autem
2913 4106 3093 4148 motus
3125 4111 3227 4148 non
3282 4105 3388 4159 est,

1812 4187 2080 4257 frigiditas
2100 4197 2182 4241 est
2237 4187 2540 4253 sanguinis,
2565 4188 2666 4251 vel,
2700 4195 2756 4240 ut
2787 4186 2974 4254 paucis
3009 4187 3389 4256 perstringam,

1813 4278 2086 4332 humoris.
2158 4276 2282 4331 Ideo
2345 4278 2398 4330 in
2461 4277 2688 4346 pedibus
2746 4277 2922 4330 oritur
2951 4276 3198 4344 torpedo,
3221 4278 3302 4331 vel
3333 4278 3387 4332 in

1811 4368 2060 4436 partibus
2123 4365 2523 4436 superioribus,
2558 4365 2780 4435 quando
2803 4381 2832 4419 a
2860 4367 2988 4420 sede
3021 4366 3234 4436 expulsi
3274 4366 3394 4422 fue-

1815 4459 1944 4522 rint,
1989 4459 2072 4512 vel
2121 4458 2232 4513 alio
2281 4459 2487 4512 modo:
2521 4466 2650 4512 tunc
2680 4459 2824 4510 enim
2859 4457 3070 4512 diducit
3113 4473 3394 4526 compres-

1813 4551 1972 4604 sione
2009 4550 2284 4617 Spiritum,
2313 4559 2366 4602 et
2397 4559 2548 4602 motu
2589 4550 2808 4618 proprio
2851 4550 3116 4619 privatur,
3144 4551 3289 4604 sistit
3338 4560 3394 4607 et

1813 4642 2101 4712 refrigerat
2132 4643 2476 4712 sanguinem.

2187 4821 2442 4890 Ejusdem
2471 4823 2535 4876 de
2561 4823 2728 4876 animi
2754 4823 3006 4892 deliquio.

1885 4913 2066 4966 Animi
2101 4913 2402 4983 deliquium
2436 4915 2670 4984 privatio
2699 4926 2779 4970 est
2813 4916 3036 4977 caloris,
3071 4915 3152 4969 vel
3187 4915 3398 4984 frigidi-

1819 5007 1944 5061 tatis
1966 5009 2106 5061 circa
2131 5009 2469 5076 pulmonem,
2501 5008 2552 5061 id
2585 5007 2750 5061 etiam
2783 5007 3138 5076 contingitab
3169 5007 3286 5075 ipso
3301 5022 3396 5060 ca-

1819 5101 1955 5154 lore.
2008 5100 2180 5170 Major
2217 5102 2362 5155 enim
2420 5102 2560 5172 ignis
2610 5102 2749 5156 tollit
2781 5101 3072 5164 minorem,
3121 5100 3172 5154 id
3234 5116 3398 5169 expe-

1822 5191 2018 5245 rientia
2055 5200 2309 5246 testatur.
2364 5191 2500 5247 Nam
2533 5195 2602 5249 ab
2651 5204 2785 5248 testu
2847 5193 3176 5264 praefocante
3205 5203 3260 5247 et
3286 5194 3395 5247 alio

1411 5281 1642 5337 VARIJE
1670 5282 2083 5339 LECTIONES.

259 5373 299 5404 “
323 5377 448 5446 περὶ
470 5377 582 5453 τῶν
610 5377 836 5453 add._A.
913 5376 956 5409 "
991 5376 1249 5453 διχηλοῦν
1423 5378 1469 5453 ξ’
1496 5378 1833 5449 τριχὼτατον
1869 5379 1936 5453 Α.
2013 5381 2058 5412 ⁸⁵
2093 5381 2382 5453 περίτασις
2411 5383 2456 5434 Α
2483 5401 2496 5435 :
2534 5383 2784 5453 ἐπίτασις
2810 5400 2884 5453 ς.

543 5450 586 5480 ⁷⁸
623 5449 915 5531 οὐσῶν-ι-
942 5450 1258 5531 πεφυκυιῶν
1285 5449 1341 5531 ,Β
1385 5467 1398 5502 :
1427 5448 1597 5502 ὅντων
1625 5478 1694 5531 -ς
1722 5451 2048 5519 πεφυκότων
2077 5469 2143 5531 ς’Ζ

177 5439 329 5510 ίῷνται

230 5509 562 5587 εξυτσώίμενος
611 5537 671 5583 ς.

179 5580 210 5607 ⁷⁸
232 5583 293 5649 tv:
323 5580 428 5640 om'.
471 5587 533 5645 Β.

177 5649 313 5705 αὑτοῦ
337 5673 393 5720 ς.
469 5659 516 5689 ⁷⁹
539 5658 573 5728 ἢ
600 5659 703 5712 ὑπὸ
726 5659 820 5711 τοῦ
844 5658 1054 5730 ψυχροῦ
1068 5649 1202 5715 add:
1232 5663 1297 5714 Α.

798 5519 841 5549 ⁷⁵
898 5522 1023 5592 περὶ
1087 5519 1825 5592 παραλύσεωςθεοφρὰστου
1858 5522 1902 5574 A
1937 5540 1949 5574 :
1981 5520 2145 5575 αὐτοῦ
2217 5519 2346 5592 περὶ
2389 5519 2773 5592 ’παραλύσεως
2823 5541 2882 5590 ς.

639 5589 688 5662 ⁷⁷-
709 5587 984 5662 ἄλλωᾼτινὶ
1025 5589 1214 5662 τρόπῳ
1239 5587 1747 5660 Sclntciderusiqui
1781 5607 1906 5646 mox
1957 5592 2018 5645 τὸ
2049 5587 2347 5662 πνεῦμα,’ὃ
2379 5593 2442 5646 οὐ

2989 5381 3034 5412 "°
3096 5381 3394 5449 ποιοῦνται,

2232 5452 2279 5484 ’³
2311 5452 2647 5524 χαμαιλέων]
2689 5452 2962 5515 πολύπους
3059 5461 3113 5505 et
3141 5469 3284 5524 corr.
3327 5458 3392 5508 Α.

2995 5523 3039 5553 ⁷⁸
3106 5523 3274 5577 ποιῶν
3329 5542 3392 5588 ς’.

2521 5593 2802 5664 υνάμενον.
2907 5593 2952 5625 ⁷⁸
2980 5594 3044 5647 ἐκ
3071 5592 3165 5646 τοῦ
3185 5597 3230 5646 Α
3255 5611 3267 5624 ο
3299 5595 3393 5646 τοῦ

1684 5753 1911 5810 NOT/E.

235 5838 334 5910 (25)
360 5839 501 5899 Inter
526 5860 682 5915 opera
705 5846 1068 5916 Theophrasti
1090 5861 1263 5915 nuper
1307 5847 1510 5903 editum
1545 5847 1802 5905 Francof.
1834 5850 1976 5919 apud
2026 5848 2335 5906 chhclos.
