4020 6462
648 398 757 462 291

1830 392 2095 456 ΡΗΟΤΙΙ
2123 391 2241 454 PA?

2343 392 2637 458 [ARCHE
2662 396 2774 459 CP.
3798 399 3891 462 292

653 513 860 579 calore,
889 519 945 565 et
975 509 1215 566 maxime
1239 507 1599 574 condensato,
1630 521 1756 564 cum
1781 507 1899 564 haec
1926 522 2029 565 nos
2054 509 2240 580 oppri-

2344 515 2438 564 καὶ
2467 512 2502 583 ἡ
2535 515 2724 581 πεῖρα.
2759 511 2897 566 Ὑπδ
2914 510 3027 584 γάρ
3046 511 3273 582 πνίγους
3304 512 3338 584 ἢ
3370 510 3540 584 ἄλλης
3570 511 3791 585 θέρμης.
3814 523 3890 571 καὶ

655 613 834 669 munt,
860 603 1045 658 animo
1057 603 1345 659 deﬁcimus
1364 601 1629 673 etsgea
1656 601 1954 673 deliquium
1979 603 2239 673 patimur.

661 694 1048 764 Exstingnitur
1072 707 1202 748 vero
1225 693 1444 764 quodcin
1474 693 1630 749 nobis
1651 693 1999 764 [rigiditatem
2026 709 2134 749 non
2156 710 2242 749 re-

659 786 812 855 cipit.
841 785 1116 841 Fortassis
1140 799 1271 840 vero
1299 784 1718 855 respirationem
1754 785 1982 841 omnino
2004 785 2240 841 suﬂ’oca-

659 878 741 932 tio
769 878 1013 948 impedit,
1043 877 1188 933 unde
1212 884 1268 934 et
1321 877 1513 945 πνίγος
1552 877 1889 933 nominatur.
1926 877 2243 935 Suﬂocatur

659 973 831 1038 enim,
864 973 949 1026 vel
974 971 1242 1027 sntl‘ocato
1274 971 1471 1028 similis
1492 981 1579 1026 est
1608 972 1676 1039 is,
1706 972 1803 1042 qui
1830 972 2102 1043 respirare
2131 987 2241 1028 non

658 1074 862 1134 potest.
910 1062 1170 1119 Testatur
1212 1064 1265 1119 id
1309 1062 1556 1121 deiectus
1609 1066 1780 1119 animi
1812 1066 1867 1119 in
1913 1065 2146 1131 balneis,
2175 1079 2242 1120 ac

661 1155 988 1211 fotionibus.
1046 1154 1398 1211 Manifestum
1429 1156 1576 1210 enim
1622 1164 1711 1212 est
1736 1155 1978 1226 deliquia
2022 1155 2111 1210 illa
2146 1169 2240 1211 ca-

661 1246 798 1310 lore,
823 1257 880 1300 et
901 1257 1119 1317 propter
1138 1247 1378 1301 calorem
1425 1246 1569 1310 ﬁeri,
1603 1247 1985 1317 exstinguente
2013 1257 2241 1303 externo

660 1338 846 1393 calore
876 1339 1173 1392 internum.
1206 1338 1294 1394 Fit
1314 1353 1449 1393 vero
1478 1339 1649 1394 animi
1674 1340 1949 1407 defectus,
1981 1341 2241 1398 deiicien-

662 1430 810 1486 tibus
852 1430 958 1495 bis,
987 1430 1043 1485 in
1094 1431 1297 1501 quibus
1326 1431 1479 1487 calor
1532 1432 1801 1498 nascitur,
1838 1442 1899 1488 ut
1949 1435 2238 1504 sanguine,

659 1523 747 1579 vel
771 1523 1097 1594 simpliciter
1127 1524 1364 1578 naturali
1398 1524 1649 1580 humore.
1684 1523 2157 1592 Quemadmodum
2184 1529 2238 1582 in

660 1612 950 1683 sanguinis
988 1613 1161 1676 (luxu,
1206 1622 1263 1668 et
1319 1622 1537 1668 uterum
1598 1615 1938 1685 gestantibus
1997 1615 2242 1670 videmus

661 1703 832 1758 animi
857 1702 1195 1758 defectiones
1221 1722 1235 1757 :
1276 1702 1371 1758 sed
1395 1712 1619 1773 propter
1669 1703 1888 1759 labores
1912 1703 2078 1759 etiam
2104 1703 2241 1758 tiunt

659 1793 924 1864 deliquia.
978 1792 1220 1849 Nimium
1280 1793 1446 1848 etiam
1505 1792 1661 1849 aﬁ‘ert
1692 1793 1860 1849 animi
1892 1793 2237 1864 deliquium:

660 1899 791 1940 nam
819 1893 876 1939 et
915 1884 1100 1939 minus
1131 1883 1411 1950 tabefacit,
1435 1893 1491 1940 et
1523 1886 1942 1956 respirationem
1988 1885 2236 1958 impedit,

661 1984 720 2032 et
740 1974 1139 2046 refrigerationi
1169 1976 1378 2031 aditum
1420 1977 1759 2045 intercludit.
1799 1977 2088 2045 Pr0pterea
2125 1978 2239 2048 ple-

661 2082 899 2137 rumque
918 2069 1013 2137 qui
1050 2066 1324 2131 lavantur,
1351 2067 1521 2121 animi
1557 2067 1856 2137 deliquium
1893 2082 2001 2121 non
2024 2066 2242 2136 patiun-

662 2168 774 2223 tur,
800 2158 1139 2228 l'requentius
1178 2172 1307 2213 vero
1352 2159 1722 2228 quiescentes,
1783 2160 1910 2227 quia
1955 2160 2238 2212 humorem

663 2249 870 2305 factum
903 2265 935 2304 a
957 2250 1348 2320 liquefactione
1376 2265 1563 2305 eorum
1588 2251 1684 2321 qui
1705 2251 1979 2315 lavantur,
2001 2250 2240 2305 calidum

663 2359 790 2400 esse
820 2345 1089 2413 contingit
1152 2362 1167 2398 :
1226 2358 1416 2397 eorum
1466 2359 1596 2397 vero
1658 2344 1756 2414 qui
1809 2344 2084 2408 lavarunt,
2140 2342 2241 2397 fri-

665 2434 875 2505 gidum.
929 2432 1186 2504 Frigidus
1238 2448 1371 2487 vero
1401 2448 1528 2488 cum
1561 2435 1631 2487 sit
1663 2434 1885 2499 humor,
1914 2434 2159 2489 incidens
2184 2434 2239 2488 in

663 2527 818 2580 iocos
841 2525 1138 2595 principes,
1173 2524 1347 2595 gignit
1379 2523 1548 2577 animi
1584 2524 1908 2594 deliquium,
1935 2527 2039 2581 nisi
2075 2526 2240 2596 spiri-

663 2628 759 2674 tus
789 2617 1045 2672 remissio
1103 2628 1231 2671 ante
1256 2616 1547 2671 dissolvat.
1580 2615 1705 2671 ldeo
1734 2619 2016 2672 continere
2048 2619 2242 2688 iubent

662 2713 719 2768 in
794 2711 1050 2781 deliqniis
1134 2710 1411 2779 spiritum.
1465 2706 1728 2763 Prohibet
1773 2708 1919 2763 enim
1959 2711 2244 2764 continens

662 2804 819 2859 exire
867 2801 1152 2857 calorem:
1190 2800 1462 2854 remissus
1516 2813 1649 2854 vero
1684 2801 1903 2870 ingerit.
1932 2801 2243 2871 Aspcrgens

664 2910 807 2964 aqua
836 2894 1020 2949 animo
1042 2894 1442 2964 delinquentes,
1474 2894 1808 2950 concludens
1829 2908 2012 2963 poros,
2041 2905 2243 2950 etcon-

664 2984 908 3040 densans
942 2993 1174 3050 meatus,
1205 2993 1263 3040 et
1318 3000 1522 3055 cogens
1567 2984 1719 3040 intus
1744 2985 1983 3040 calorem
2014 2984 2246 3054 (resistit

663 3076 838 3144 enim)
858 3076 1107 3146 adjuvat.
1131 3078 1406 3131 Gaudium
1435 3091 1500 3132 ac
1526 3091 1729 3131 mceror
1752 3076 1919 3130 etiam
1950 3076 2119 3130 animi
2146 3076 2243 3132 de-

664 3167 899 3239 liquium
936 3181 1221 3239 generant.
1256 3167 1363 3223 Per
1416 3180 1715 3239 utrumque
1760 3169 1908 3224 enim
1951 3168 2241 3222 humorum

665 3260 825 3329 copia
876 3261 1142 3315 nascitur.
1180 3259 1456 3315 Gaudium
1502 3261 1721 3331 quidem
1756 3258 2156 3329 liquefaciendo
2184 3273 2248 3314 ac

665 3354 950 3409 dilatando
982 3371 998 3410 :
1027 3370 1234 3410 maeror
1289 3370 1420 3410 vero
1476 3355 1830 3410 coarctando.
1879 3354 2017 3409 Cum
2064 3361 2244 3408 autem

664 3441 736 3497 ad
767 3443 1044 3512 pulmonis
1079 3444 1269 3499 sedem
1306 3444 1504 3499 humor
1534 3444 1866 3515 pervenerit,
1904 3442 2033 3498 hinc
2075 3443 2245 3498 animi

667 3534 968 3605 deliquium
1000 3536 1259 3606 patimur.

1135 3716 1384 3786 Ejusdem
1413 3719 1479 3774 de
1513 3720 1785 3790 vertigine.

740 3808 1046 3880 Vcrtigines
1071 3819 1220 3873 sunt,
1255 3811 1477 3880 quando
1501 3811 1718 3866 alienus
1741 3810 1969 3881 spiritus
2000 3826 2054 3864 ιιι
2082 3819 2246 3881 caput

662 3902 834 3966 venit,
869 3902 952 3956 vel
981 3901 1297 3956 redundans
1330 3904 1545 3968 humor,
1588 3903 1669 3956 vel
1725 3903 1795 3957 ab
1852 3902 2037 3972 aliquo
2067 3902 2244 3956 nutri-

664 4004 873 4058 mento,
905 4000 1018 4047 uta
1052 3995 1200 4059 vino,
1227 3993 1311 4048 vel
1331 3993 1401 4048 ab
1433 3994 1619 4064 aliquo
1653 3994 1760 4049 alio
1778 4010 1966 4049 succo.
1995 3993 2076 4048 Ad
2106 3994 2241 4060 haec,

663 4100 789 4140 cum
821 4087 947 4155 quis
975 4088 1205 4142 moverit
1236 4096 1401 4157 caput
1428 4088 1482 4141 in
1510 4089 1717 4142 orbem.
1758 4087 1940 4142 Locus
1965 4087 2110 4141 enim
2134 4088 2244 4140 cir-

663 4193 788 4233 cum
833 4179 1118 4233 cerebrum
1156 4179 1416 4233 humidus
1450 4194 1574 4234 cum
1604 4180 1697 4246 sit,
1725 4180 1768 4233 si
1802 4180 2109 4248 susceperit
2135 4179 2241 4232 ali-

662 4267 794 4337 quid
826 4268 1094 4333 alienum,
1121 4269 1248 4339 plus
1288 4284 1445 4339 :equo
1474 4270 1810 4324 transeundo
1839 4269 1945 4322 vim
1978 4267 2162 4332 infert,
2188 4278 2243 4323 et

663 4359 731 4413 ad
765 4375 934 4414 venas
958 4362 1124 4431 agitat
1150 4361 1385 4430 priorem
1419 4361 1704 4415 humorem
1758 4362 1812 4413 in
1847 4376 2060 4430 gyrum.
2103 4362 2239 4413 Cum

663 4459 843 4505 autem
876 4452 1103 4521 agitatio
1127 4452 1198 4506 sit
1227 4453 1397 4507 instar
1419 4452 1686 4518 turbinis,
1715 4462 1771 4507 et
1824 4450 2239 4523 hutnorﬁzsb

2349 603 2593 673 μάλιστα
2622 604 2853 674 πολλῆς,
2872 603 3072 675 ἀθρόον
3100 604 3309 658 τούτων
3335 605 3761 675 προσπεσόντων
3780 609 3891 677 ἡμῖν

2341 694 2650 767 ὲκλυόμεθα
2676 696 2771 751 καὶ
2802 696 3265 768 λειποθυμοῦμενο
3297 697 3771 769 καταμαραίνεται
3803 699 3891 771 γὰρ

2339 785 2402 839 τὸ
2442 787 2503 841 ἑν
2526 788 2662 857 ἡμῖν
2697 788 2746 821 ⁸⁸
2792 787 3096 858 κατάψυξιν
3126 790 3188 843 οὑ
3222 786 3521 860 λαμϐάνον.
3553 789 3706 858 Τάχα
3736 789 3789 843 δὲ
3815 792 3892 845 καὶ

2338 878 2441 949 τὴν
2471 879 2749 952 ἀναπνοὴν
2793 881 2932 945 ὅλως
2976 880 3039 934 τδ
3075 883 3268 950 πνῖγος
3331 879 3557 934 κωλύει.
3609 875 3767 934 Ὅθεν
3816 883 3892 937 καὶ

2341 968 2555 1040 πνῖγος
2584 968 2904 1042 ὠνομάσθη·
2938 970 3190 1040 πνίγεται
3236 970 3348 1040 γὰρ
3394 970 3430 1041 ἢ
3463 971 3564 1024 καὶ
3610 971 3892 1042 πνιγομένῳ

2340 1058 2528 1128 ὅμοιός
2559 1061 2709 1114 ἐστιν
2741 1062 2771 1114 6
2808 1061 2884 1132 μὴ
2909 1060 3207 1130 δυνάμενος
3229 1061 3514 1114 ἀναπνεῖν.
3550 1061 3827 1133 Μαρτυρεῖ
3847 1064 3893 1116 δὲ

2341 1153 2439 1209 καὶ
2462 1155 2497 1226 η
2523 1154 2612 1209 διά
2642 1153 2753 1209 τῶν
2785 1154 3030 1226 λουτρῶν
3056 1154 3153 1208 καὶ
3183 1153 3294 1209 τῶν
3325 1154 3645 1226 πυριάσεων
3685 1154 3891 1218 ἔκλυσις

2341 1247 2500 1318 δῆλον
2529 1248 2637 1319 γὰρ
2676 1247 2752 1312 ὡς
2800 1248 2855 1301 αἱ
2894 1245 3144 1301 τοιαῦται
3192 1245 3446 1309 ἐκλύσεις
3476 1246 3561 1318 τῷ
3607 1244 3786 1317 θερμῷ
3817 1250 3894 1301 καὶ

2340 1339 2429 1395 διά
2489 1341 2552 1394 τὸ
2584 1340 2787 1411 θερμὸν
2839 1339 3101 1409 γίνονται,
3146 1338 3512 1412 μαραίνοντος
3573 1338 3667 1393 τοῦ
3724 1340 3892 1406 ἔξωθεν

2341 1426 2545 1499 θερμοῦ
2574 1427 2638 1481 τὸ
2662 1430 2720 1481 ἑν
2757 1429 2890 1499 ἡμῖν
2917 1427 3218 1499 σύμφυτον.
3265 1423 3485 1481 Γίνεταὶ
3518 1427 3576 1481 δὲ
3602 1428 3893 1499 λειποψυχία

2342 1521 2438 1573 καὶ
2474 1519 2583 1573 τῶν
2632 1520 2692 1573 ὲν
2738 1514 2820 1585 οἷς
2856 1519 3101 1590 πέφυκεν
3142 1521 3177 1591 ή
3232 1520 3511 1591 θερμότης
3569 1520 3889 1586 ἐκλιπόντων,

2340 1604 2469 1665 οἷον,
2514 1609 2744 1680 αἵματος
2809 1609 2843 1680 ἢ
2895 1610 3000 1681 τῆς
3063 1609 3303 1680 φυσικῆς
3350 1608 3544 1673 ἁπλῶς
3592 1610 3888 1681 ὑγρότητος,

2339 1698 2531 1771 ὥσπερ
2562 1701 2623 1753 ὲν
2656 1702 2780 1765 ταῖς
2831 1701 3229 1774 αἱμορῤαγίαις
3277 1700 3376 1753 καὶ
3416 1701 3477 1755 ὲν
3503 1704 3631 1766 ταῖς
3673 1701 3771 1773 τῆς
3816 1720 3888 1770 γα-

2343 1793 2503 1863 στρὸς
2534 1795 2732 1864 φοραῖς
2759 1793 2976 1863 ὁρῶμεν
3027 1791 3517 1863 λειποψυχοῦντας.
3561 1794 3674 1847 Καὶ
3716 1793 3796 1846 διὰ
3824 1795 3890 1846 πί.

2270 1867 2314 1922 Β
2341 1903 2466 1950 νους
2491 1885 2548 1939 δὲ
2589 1886 2833 1954 γίνονται
2867 1884 3138 1949 ἐκλύσεις.
3186 1884 3308 1938 Ὀτι
3344 1884 3409 1937 τὸ
3432 1884 3481 1917 ⁸⁸
3526 1885 3688 1939 πλέον
3727 1886 3888 1957 θερμὸν

2343 1976 2704 2047 λειποψυχίαν
2730 1978 2877 2030 ποιεῖ
2919 1978 3015 2030 καὶ
3041 1976 3119 2040 ὡς
3165 1977 3432 2047 μαραῖνον
3457 1976 3521 2029 τδ
3559 1974 3789 2038 ἔλαττον,
3819 1975 3890 2027 καί

2344 2069 2421 2132 ὠς
2458 2068 2666 2123 κωλῦον
2696 2069 2798 2138 τὴν
2847 2067 3147 2137 ἀναπνοὴν,
3201 2067 3295 2120 καὶ
3330 2065 3409 2120 ἔτι
3439 2065 3519 2129 ὡς
3553 2064 3629 2136 μὴ
3667 2081 3887 2135 παραχω-

2349 2161 2476 2234 ρούν
2508 2164 2576 2233 τῇ
2615 2159 2917 2247 καταψύξει
2946 2159 3169 2212 εἴσοδον.
3210 2158 3335 2212 Ὀτι
3371 2157 3462 2211 διὰ
3517 2156 3678 2211 τοῦτο
3715 2158 3782 2222 ὡς
3819 2155 3891 2208 ini

2343 2252 2407 2304 τὸ
2442 2251 2579 2303 πολὺ
2608 2250 2859 2319 λυόμενοι
2895 2249 2994 2318 μὲν
3026 2249 3087 2301 ού
3130 2248 3543 2319 λειττοψυχοῦσι,
3589 2247 3889 2316 παυσάμενοι

2343 2341 2402 2396 δὲ
2439 2343 2663 2413 μᾶλλον,
2688 2341 2823 2395 διότι
2851 2341 2948 2412 τὴν
2973 2340 3250 2411 ὑγρότητα
3291 2339 3394 2411 τὴν
3422 2339 3717 2409 γινομένην
3742 2338 3834 2394 ἀπὸ
3853 2337 3887 2371 ⁸⁸

2345 2438 2440 2503 τῆς
2470 2432 2774 2505 συντήξεως
2794 2432 3103 2504 λουομένων
3144 2433 3245 2503 μὲν
3275 2431 3489 2504 θερμὴν
3518 2426 3659 2486 εἶναι
3692 2430 3887 2501 συμύαί-
3950 2495 3954 2507 δ

2345 2544 2449 2595 νει,
2488 2525 2835 2596 λουσαμένων
2883 2524 2940 2577 δὲ
2977 2523 3281 2595 ψύχεσθαι·
3322 2524 3514 2596 ψυχρά
3558 2522 3616 2576 δὲ
3656 2521 3780 2576 οὖσα
3814 2523 3887 2575 καὶ

2346 2618 2700 2689 ἐμπίπτουσα
2726 2616 2939 2687 κυρίοις
2963 2618 3151 2680 τόποις
3182 2618 3328 2669 ποιεῖ
3345 2614 3722 2686 λειποψυχίαν.
3755 2614 3806 2666 El
3831 2613 3886 2683 μὴ

2348 2712 2457 2780 ἄρα
2482 2711 2576 2764 καὶ
2596 2712 2629 2779 ἡ
2655 2709 2842 2772 ἄνεσις
2859 2708 2998 2779 αὑτὴ
3019 2709 3065 2740 ⁸³
3088 2708 3183 2762 τοῦ
3210 2706 3528 2778 πνεύματος
3542 2705 3816 2778 προεκλύει
3833 2705 3884 2760 ⁸⁸.

2346 2802 2492 2854 Διότι
2524 2801 2617 2853 καὶ
2650 2800 2697 2832 ⁸⁸
2727 2798 2982 2869 κατέχειν
3031 2796 3348 2850 κελεύουσιν
3400 2799 3464 2850 ὲν
3517 2800 3637 2860 ταῖς
3679 2793 3887 2863 λειποψυ-

2348 2893 2497 2963 χίαις
2529 2891 2590 2944 τὸ
2623 2889 2861 2960 πνεῦμα*
2901 2889 3103 2943 κωλύει
3137 2888 3246 2959 γὰρ
3285 2890 3315 2941 6
3355 2888 3608 2959 κατέχων
3638 2887 3818 2955 ἐξιέναι
3841 2884 3885 2936 τὸ

2353 2982 2577 3054 θερμὸν,
2601 2984 2629 3035 ό
2665 2981 2710 3034 6‘
2756 2982 2930 3045 ἀνιεὶς
2971 2980 3270 3035 ἐνδίδωσιν.
3309 2980 3434 3033 Ὀτι
3466 2981 3497 3034 6
3538 2979 3732 3051 ῥαίνων
3768 2976 3884 3030 ὕδατι

2348 3076 2475 3137 τοὺς
2538 3070 3041 3145 λειποψυχοῦντας,
3117 3071 3491 3143 ωμφράττων
3565 3072 3659 3125 καὶ
3708 3067 3885 3123 πυκνῶν

2348 3171 2477 3233 τοὺς
2514 3172 2738 3241 πόρους,
2776 3142 2881 3223 *καὶ
2924 3168 3293 3240 συναθροίζων
3314 3168 3472 3233 ὲντδς
3499 3168 3563 3222 τδ
3584 3167 3771 3239 θερμὸν
3799 3165 3885 3237 (ἀν-

2349 3262 2758 3331 τιπεριίσταται
2783 3260 2913 3332 γὰρ)
2942 3260 3146 3330 ὠφελεῖ
3177 3262 3246 3316 ⁸⁸,
3286 3262 3408 3316 Ὅτι
3441 3262 3627 3333 ἡδοναὶ
3649 3262 3736 3315 καὶ
3756 3259 3884 3312 λῦπαι
3952 3259 3953 3299 l

2350 3354 2570 3409 ποιοῦσι
2622 3354 3001 3425 λειποψυχίαν.
3053 3355 3165 3409 Καὶ
3213 3355 3323 3427 γὰρ
3383 3356 3691 3428 ἀμφότεραι
3724 3352 3883 3423 πλῆθος

2348 3445 2652 3517 ὑγρότητος
2676 3446 2998 3515 ἐπάγουσιν,
3018 3447 3052 3517 ή
3091 3445 3190 3517 μὲν
3219 3446 3381 3518 ἡδονὴ
3418 3449 3499 3519 τῷ
3525 3449 3791 3519 συντήκειν
3810 3443 3881 3496 καὶ

2346 3539 2575 3609 διαχεῖν.
2602 3541 2635 3610 ἡ
2658 3539 2803 3610 λύπη
2831 3539 2890 3593 δὲ
2914 3539 2994 3610 τῷ
3025 3539 3312 3610 πηγνύειν.
3330 3542 3503 3596 Ὅταν
3519 3538 3663 3613 οὖνὴ
3690 3539 3880 3611 ὑγρότης

2347 3634 2454 3704 ῥυῇ
2480 3632 2619 3705 πρὸς
2644 3632 2738 3685 τὸν
2768 3632 3141 3702 πνευματικὸν
3170 3634 3357 3696 τόπον,
3390 3639 3542 3688 ποιεῖ
3557 3632 3875 3703 λειποψυχείν.

2694 3730 2707 3750 '
2740 3727 2840 3780 Ἐκ
2867 3725 2912 3758 ⁸⁷
2946 3724 3053 3780 τοῦ
3090 3726 3222 3795 περι
3268 3728 3534 3798 ἰλίγγων.

2416 3818 2540 3872 Ὅτι
2566 3818 2617 3871 οἱ
2653 3817 2855 3886 ίλιγγοι
2883 3817 3146 3887 γίνονται,
3183 3819 3314 3872 ὅταν
3366 3820 3591 3891 πνεῦμα
3639 3815 3873 3886 ἀλλότριον

2347 3910 2428 3972 εἰς
2456 3909 2558 3979 τὴν
2596 3908 2841 3979 κεφαλὴν
2874 3907 3007 3979 ἔλθῃ
3051 3908 3085 3978 ἢ
3125 3908 3359 3979 ὑγρότης
3396 3899 3875 3981 περιττωματικὴ,ἢ

2349 4000 2459 4053 ἀπό
2500 4007 2648 4062 τινος
2700 3997 2930 4070 τροφῆς,
2978 3998 3054 4062 ὡς
3097 3999 3208 4052 ἀπὸ
3251 3998 3345 4053 τοῦ
3393 4002 3562 4065 οἴνου,
3593 3999 3624 4069 ἦ
3650 3996 3876 4051 ἀπότινος
3952 3994 3953 3999 “

2346 4092 2507 4146 ἄλλου
2535 4089 2732 4162 χυμοῦο
2767 4090 2847 4143 ἔτι
2890 4090 2946 4143 δὲ
2987 4091 3083 4144 καὶ
3116 4091 3246 4144 ὅταν
3280 4108 3365 4156 τις
3401 4096 3527 4163 κινῇ
3558 4090 3653 4161 τὴν
3682 4083 3876 4155 κεφαλὴν
3952 4074 3953 4081 “

2348 4183 2419 4237 κύ
2433 4183 2565 4253 κλῳ.
2605 4180 2664 4238 Ὀ
2690 4182 2800 4253 γὰρ
2824 4181 2985 4245 τόπος
3020 4179 3149 4253 [859
3180 4179 3271 4254 Η.]
3306 4184 3335 4235 ὁ
3362 4186 3492 4255 περὶ
3511 4182 3600 4236 τὸν
3623 4174 3873 4248 ἐγκέφαλον
3952 4252 3953 4255 η

2344 4277 2511 4346 ὑγρὸς
2539 4275 2782 4341 ὣν,ὃταν
2812 4274 3334 4344 δέξηταίτιπλέον³⁸
3367 4275 3658 4346 ἀλλότριον,
3678 4259 3873 4342 [15698]

2342 4369 2406 4423 τὸ
2435 4369 2493 4421 δὲ
2518 4368 2773 4438 βιάζηται
2789 4364 2837 4397 δ’
2865 4364 3209 4433 διαδυόμενον
3224 4365 3269 4397 ⁹⁰
3284 4365 3420 4435 πρὸς
3441 4368 3538 4429 τὰς
3563 4362 3764 4432 φλέϐας,
3775 4355 3874 4409 ὠθεῖ

2341 4457 2533 4527 κύκλῳ
2571 4455 2637 4508 τὸ
2692 4454 3049 4525 προῦπάρχον
3082 4454 3267 4524 ὑγρόν.
3315 4456 3496 4525 Οὔσης
3525 4455 3581 4508 δὲ
3625 4447 3725 4505 οἷον
3760 4446 3871 4511 δίνης

664 4556 773 4596 non
872 4543 945 4596 sit
1046 4543 1337 4598 admodum
1420 4545 1647 4610 densus,
1714 4544 1807 4597 sed
1877 4546 1929 4596 in
1979 4546 2240 4598 continuo

2353 4549 2455 4619 τῆς
2493 4550 2686 4619 φορᾶς,
2724 4548 2818 4601 καὶ
2870 4546 2963 4599 τοῦ
3006 4545 3178 4617 ὑγροῦ
3216 4546 3291 4617 μὴ
3339 4546 3615 4617 συνεχοῦς,
3642 4540 3804 4597 ἀλλ’ἐν
3819 4534 3869 4601 τῇ

665 4644 839 4699 motu,
884 4636 1056 4689 altero
1110 4636 1429 4704 accipiente,
1482 4637 1652 4691 altero
1700 4635 1988 4690 deﬁciente
2036 4637 2107 4689 ob
2165 4636 2250 4690 in-

2276 4594 2331 4653 D

2357 4641 2572 4712 κινήσει
2598 4639 2693 4692 τοῦ
2726 4641 2771 4670 ⁹¹
2806 4638 2904 4710 μὲν
2935 4636 3413 4707 προλαμϐάνοντος
3452 4639 3497 4671 ’⁸
3536 4635 3627 4691 τοῦ
3665 4633 3715 4687 δὲ
3754 4630 3871 4681 ὑστε-

663 4728 1027 4795 aequalitatem
1065 4728 1343 4798 ponderis,
1369 4729 1624 4783 similiter
1651 4728 1969 4796 vertiginem
1994 4729 2167 4797 parit,
2202 4740 2241 4783 el

2364 4732 2583 4803 ροῦντος
2618 4732 2707 4785 διὰ
2761 4732 2823 4783 τὸ
2860 4730 2937 4801 μὴ
2982 4731 3292 4800 ίσορροπεῖν
3323 4731 3546 4800 ὁμοίως,
3579 4727 3665 4780 τόν
3705 4724 3869 4787 mva

664 4834 808 4891 saepe
836 4821 1150 4891 prosternit.

2364 4827 2507 4876 ποιεῖ
2550 4825 2649 4875 καὶ
2682 4822 3013 4877 ωταῦάλλει
3054 4818 3312 4884 πολλάκις
3340 4823 3405 4876 ’³.

1583 4917 1762 4982 Quare
1805 4917 1972 4970 cruda
1997 4931 2093 4970 ova
2137 4932 2244 4969 non
2284 4917 2612 4970 circumverti
2648 4917 2868 4981 possint.

734 5006 847 5062 Ova
864 5006 1031 5061 cruda
1056 5007 1404 5063 circumverti
1430 5008 1550 5062 ideo
1583 5026 1688 5063 non
1722 5019 1973 5079 possunt,
2005 5018 2065 5063 ut
2086 5018 2241 5063 cocta

661 5101 861 5172 partim
887 5101 1017 5170 quia
1055 5101 1124 5155 ab
1165 5102 1396 5155 humore
1433 5102 1711 5170 inaequali,
1754 5111 1811 5156 ct
1844 5118 1947 5156 non
1990 5102 2238 5170 ejusdem

665 5192 920 5261 ponderis
977 5203 1401 5262 prosternuntur
1449 5212 1464 5247 :
1514 5194 1710 5263 partim
1773 5209 1923 5259 vero,
1969 5194 2096 5263 quia
2130 5208 2237 5246 non

665 5281 865 5336 habent
896 5283 1230 5337 snbstratum
1255 5284 1403 5353 quod
1426 5284 1738 5352 dcjiciatur,
1779 5298 1902 5337 cum
1944 5298 2113 5336 unum
2163 5283 2236 5336 sit

661 5383 718 5428 ct
754 5374 1074 5427 continuum
1108 5375 1273 5428 intus.
1326 5373 1403 5427 Ex
1445 5375 1547 5429 hac
1585 5374 2021 5429 consideratione
2079 5374 2247 5427 solvi-

663 5475 755 5519 tur
788 5465 917 5531 hoc,
970 5479 1145 5534 quare
1200 5466 1254 5519 in
1282 5466 1430 5520 circo
1461 5466 1649 5535 agitati
1701 5465 2018 5534 vertiginem
2057 5464 2251 5530 capitis

2435 5009 2557 5060 Ὀτι
2628 5008 2695 5061 τὰ
2761 5008 2887 5077 ὠμὰ
2946 5009 3029 5063 ὼὰ
3099 5010 3188 5063 διὰ
3253 5010 3413 5063 τοῦτο
3481 5008 3542 5060 οὗ
3596 4987 3863 5057 δινείται⁹⁸,

2346 5097 2534 5167 ὥσπερ
2560 5101 2630 5152 τὰ
2663 5097 2804 5167 ἑφθά
2837 5100 2903 5163 ’⁸,
2945 5100 3080 5153 διότι
3122 5101 3191 5154 τὰ
3260 5101 3360 5170 μὲν
3425 5098 3529 5152 ὑπὸ
3596 5094 3687 5160 τῆς
3737 5077 3863 5150 ὖῖΡό⁴

2358 5205 2523 5255 τητος
2556 5187 2845 5257 ἀνωμάλου
2897 5189 2990 5242 καὶ
3018 5190 3119 5242 οὐκ
3150 5191 3442 5261 ἰσορρόπου
3483 5184 3641 5252 οὔσης
3677 5171 3860 5261 σφάλλε·

2348 5297 2461 5345 ται,
2497 5278 2567 5331 τὰ
2607 5280 2652 5331 δ’
2678 5276 2737 5330 οὓ
2769 5279 2836 5340 ’⁸,
2863 5278 2952 5330 διὰ
2983 5280 3045 5331 τὸ
3094 5279 3169 5350 μὴ
3219 5280 3365 5348 ἔχειν
3423 5277 3483 5329 τὸ
3522 5268 3732 5339 σφάλλθν
3770 5260 3862 5350 ὑφζ

2355 5340 2621 5441 στάμενον
2653 5369 2769 5433 ἑνὸς
2797 5369 2948 5432 ὄντος
2983 5373 3076 5422 καὶ
3094 5340 3369 5439 ’σύνεχοῦς
3399 5367 3495 5419 τοῦ
3519 5361 3676 5420 ἐντός.
3715 5340 3858 5441 ’βκιδὲ

2352 5433 2475 5532 τῆς.
2496 5463 2663 5532 αὐτῆς
2698 5461 2931 5532 θεωρίας
2964 5433 3269 5516 ὲπιλύεταῖ
3295 5459 3392 5513 καὶ
3427 5457 3487 5511 τὸ
3513 5452 3595 5507 διὰ
3633 5447 3682 5500 τί
3714 5433 3859 5497 κύκλῳ

1955 5557 2191 5613 ἺΑΒΙᾸ]
2233 5557 2643 5615 LECTIONES.

732 5656 779 5688 ⁸⁸
800 5656 858 5709 ἐν
887 5653 1043 5729 ἡμῖν]
1058 5656 1258 5729 θερμὸν
1292 5658 1441 5713 addit
1468 5657 1855 5729 Schneiderus.
1890 5657 1934 5689 ⁸¹
1954 5655 2026 5729 τὸ
2052 5672 2163 5729 om.
2188 5656 2232 5710 A
2265 5675 2279 5711 :
2313 5658 2454 5729 idem
2484 5656 2610 5729 add.
2638 5652 3142 5729 Ospp6v_et_l6,_r_6.
3188 5651 3234 5682 ⁸⁸
3258 5647 3387 5721 ἀπὸ]
3589 5631 3853 5729 ,ηρ-αξηέά

660 5726 707 5760 ⁸⁵
732 5726 1060 5799 προσεκλύει
1232 5728 1278 5799 δέ
1310 5731 1406 5799 καὶ
1435 5732 1558 5784 add.
1586 5732 1654 5784 A.

661 5772 807 5877 Inisir
839 5797 1028 5877 λόγουζ
1047 5870 1059 5877 _
1086 5772 1348 5873 εἶ’πλέον]
1373 5840 1389 5864 ,
1415 5772 1559 5877 aliud
1586 5772 2027 5877 ἒΙῖῘιιξρ-ιψίιειξιιιιῖι
2070 5798 2323 5877 ,πνεῦμα
2346 5867 2358 5877 .
2400 5798 2444 5877 δὴ
2473 5797 2714 5877 βιάζεται
2742 5812 2802 5877 ςῖ.
2845 5792 3074 5877 ᾖξδιᾳδ.
3104 5772 3364 5877 ,καξπρῖς
3381 5805 3447 5877 ς.
3486 5772 3708 5877 ,ξίιτοῧλς

658 5872 704 5906 ⁹²
739 5860 1248 5940 προσλαμϐάνοντος
1298 5860 1385 5933 ς’(
1435 5860 1480 5903 ⁹’³
1498 5882 1615 5940 post
1632 5860 1893 5931 πολλάκις
1914 5886 2039 5924 cum
2067 5868 2109 5921 Β
2132 5860 2293 5940 omisi
2323 5860 2536 5940 titulum
2565 5882 2579 5915 :
2608 5865 2709 5940 diri
2736 5867 2786 5918 τί
2802 5865 2871 5917 τὰ
2891 5864 3018 5940 ὠμὰ
3153 5863 3214 5915 οὐ
3245 5860 3606 5940 περιδινεῇαι.

1729 5731 1775 5761 ⁸⁸
1801 5728 1910 5798 γὰρ
1934 5727 2137 5797 ὠφελεῖ
2180 5743 2292 5782 om.
2323 5728 2390 5780 A.

2488 5687 2610 5710 ιιιιυ-
2639 5687 2921 5735 υῠμμυν”ῦι
2948 5687 3051 5733 Ιυ,.
3073 5687 3142 5737 by.
3258 5687 3387 5721 μιυν]
3414 5687 3477 5731 ac:
3501 5687 3560 5697 ιη’
3670 5687 3677 5688 κ
3769 5687 3779 5694 -
3827 5687 3855 5738 Β

2488 5727 2534 5758 ⁸⁷
2566 5728 2629 5778 ὲκ
2652 5730 2692 5778 Α
2720 5744 2732 5777 :
2764 5743 2859 5778 του
2892 5726 3055 5777 αὐτου
3086 5740 3151 5775 εκ
3199 5739 3260 5786 ς.
3297 5730 3420 5789 post
3462 5715 3665 5785 ιλίγγωῖ
3705 5708 3801 5754 cum

2488 5797 2708 5819 3-1.7----
2746 5812 2780 5819 _
2867 5795 2912 5819 nn
2941 5792 3053 5819 :._:
3110 5791 3200 5819 ...Α
3230 5791 3364 5819 ραι..
3388 5805 3425 5819 .-
3519 5760 3853 5819 νιωυ1.τδΑ·

3697 5842 3714 5873 δ
3735 5846 3854 5902 περι·

661 5930 885 6000 ὃινεῖται
916 5930 975 6005 ς’.
1019 5943 1063 5975 ⁸⁸
1094 5930 1282 6015 ὥσπερ
1302 5930 1370 5995 τά
1397 5930 1536 6012 ἑφθά
1574 5952 1629 5999 et
1655 5942 1709 6011 5,
1740 5942 1837 6013 τῆς
1868 5930 1991 5996 add.
2024 5941 2089 5995 Α.
2150 5941 2194 5973 '~"
2224 5938 2269 5992 δ’
2298 5938 2357 5992 οὔ
2390 5936 2752 5993 ὃυιιιιυίιίυιυδ
2783 5946 2903 6006 post
2932 5934 3225 5988 Furianum
3252 5948 3265 5998 ;
3295 5930 3351 5983 δὲ
3380 5945 3438 5992 ς.
