4020 6414
153 337 234 400 293
1065 334 1590 396 BIBLIOTHECA.
1623 312 1692 372 4-
1724 336 1888 398 coo.
1923 338 2334 402 CCLXXVIII.

3239 343 3343 406 294

156 445 535 520 περιπατοῦντες
581 444 876 515 ίλιγγιῶσι,
913 446 1008 499 καὶ
1049 446 1136 498 ὅτι
1165 445 1388 516 μᾶλλον,
1419 445 1516 497 ἐὰν
1547 445 1592 477 ³⁷
1621 446 1680 499 ἐν

1785 449 2088 517 patiuntur,
2110 458 2165 506 et
2196 449 2369 519 magis
2399 450 2445 505 si
2475 451 2529 504 in
2563 465 2729 520 parvo
2761 454 2932 508 circo.
2974 453 3040 508 Et
3066 454 3243 510 adhuc
3297 457 3345 510 si

153 541 352 592 ἐλάττονι
394 538 594 606 κύκλῳ,
634 539 727 591 καὶ
758 538 838 592 ἔτι
869 538 965 591 ἐὰν
995 538 1188 591 θᾶττον
1233 539 1418 599 θέωσι,
1447 538 1542 590 καὶ
1568 537 1670 599 ὅτι.

151 634 182 682 εἰ
231 631 356 700 μετά
397 628 622 694 πολλῶν,
677 630 877 700 μᾶλλον
931 615 964 700 ἦ
1003 631 1178 700 μόνοι,
1226 632 1322 684 καὶ
1369 631 1457 684 διὰ
1487 631 1539 683 τί
1587 631 1673 685 ἐπ’

149 721 371 793 ἀριστερά
411 723 456 754 ’⁸
488 722 700 785 θέοντες
729 723 927 793 μᾶλλον
955 723 988 794 ἢ
1041 723 1134 776 ἐπὶ
1166 723 1317 788 δεξιά
1355 725 1421 778 ⁸³.
1453 725 1677 779 Πάντων

149 815 231 880 γὰρ
257 813 446 864 τούτων
479 813 567 866 καὶ
597 813 706 866 τῶν
752 813 953 884 ὁμοίων
979 813 1304 884 προείρηται
1341 816 1374 884 ή
1407 815 1576 868 αίτία.
1613 815 1676 868 Εἰ

149 907 231 974 γὰρ
266 906 291 955 ὁ
322 905 522 971 ἴλιγγος
564 905 796 972 γίνεται,
835 907 929 960 ἐάν
960 923 1043 969 τις
1079 908 1136 958 ἐν
1182 906 1258 976 τῷ
1286 907 1437 978 αὐτῷ
1467 906 1678 979 στρέφῃ

147 998 222 1060 τὴν
254 995 500 1065 κεφαλὴν,
533 996 690 1065 δῆλον
725 997 800 1061 ὡς
838 999 892 1050 εί
939 1015 1022 1061 τις
1074 999 1242 1065 ἐγγὺς
1303 998 1496 1051 τούτου
1524 998 1680 1070 στρέ-

147 1105 284 1156 cocto,
328 1088 553 1157 τάχιστα
605 1089 700 1142 καὶ
758 1089 996 1159 μάλιστα
1042 1088 1150 1142 τῶν
1198 1088 1374 1141 ἄλλων
1404 1088 1671 1159 ἰλιγγιῴη.

159 1178 436 1246 ἐγγυτάτω
483 1179 541 1231 δὲ
585 1182 614 1232 ὁ
653 1183 711 1232 ἐν
767 1181 1009 1234 ἐλάττονι
1059 1179 1244 1249 κύκλῳ
1281 1180 1528 1250 στρέφων
1579 1178 1678 1249 τὴν

147 1271 364 1340 κεφαλὴν,
393 1270 486 1322 καὶ
517 1271 642 1324 ὅσον
674 1272 739 1325 ἂν
769 1272 982 1337 θᾶττον,
1015 1271 1235 1342 μᾶλλον.
1269 1270 1468 1341 Διόπερ
1505 1271 1600 1324 καὶ
1628 1271 1678 1323 οἰ

148 1361 320 1422 θέοντες
342 1360 447 1412 τῶν
492 1361 946 1430 περιπατούντων
987 1363 1188 1432 μᾶλλον
1237 1360 1529 1429 ἰλιγγιῶσι,
1585 1360 1678 1412 καὶ

150 1455 185 1505 οἱ
211 1455 390 1520 ταχέως
432 1453 544 1503 τῶν
586 1452 858 1523 βραδέως·
904 1453 1084 1506 θέουσι
1139 1453 1248 1521 γὰρ
1297 1451 1679 1520 ἐγκεκλικότες

153 1545 254 1613 πρὸς
301 1543 354 1596 τὸ
395 1543 622 1613 κέντρον
684 1541 911 1614 [μᾶλλον
951 1544 968 1574 ¹
1009 1541 1356 1614 ἰλιγγιῶσιν].
1404 1545 1467 1595 Ui
1504 1542 1548 1594 δ’
1591 1541 1678 1594 ἐπ’

149 1635 366 1704 ἀριστερὰ
391 1635 609 1697 θέοντες
646 1635 755 1688 τῶν
784 1635 878 1687 ἐπὶ
903 1633 1055 1698 δεξιὰ
1093 1635 1113 1666 ¹
1145 1634 1370 1706 μᾶλλον,
1403 1635 1535 1688 διότι
1557 1635 1681 1699 ὀξυ-

153 1729 278 1796 τὲραν
318 1726 511 1792 γωνίαν
582 1725 794 1778 ποιοῦσι
840 1726 976 1796 πρὸς
1024 1725 1113 1778 τὸν
1171 1725 1390 1779 κύκλον’
1425 1726 1681 1796 ἐμϐριθέ-

1777 540 2027 594 celeriter
2054 551 2300 606 currant,
2327 552 2383 596 et
2403 543 2573 610 quod,
2593 544 2638 597 si
2669 560 2792 598 cum
2821 545 2963 607 aliis,
2984 547 3158 616 magis
3179 564 3344 616 quam

1777 629 1899 683 soli.
1937 629 2004 683 Et
2037 646 2210 699 quare
2242 633 2295 684 in
2329 631 2606 686 sinistram
2633 642 2940 700 currentes,
2978 636 3158 704 potius
3181 653 3345 705 quam

1777 717 1832 772 in
1863 718 2139 773 dextram.
2166 718 2422 774 Omnium
2448 722 2588 776 enim
2608 723 2800 776 horum
2824 734 2876 778 ct
2901 725 3162 780 similium
3182 743 3352 782 causa

1776 810 1922 865 dieta
1951 823 2056 868 est.
2085 811 2141 866 Si
2167 814 2310 866 enim
2348 814 2557 885 vertigo
2592 815 2668 880 lit,
2722 817 2768 870 si
2796 819 2923 886 quis
2945 819 3138 873 eodem
3169 829 3352 874 verte-

1777 902 1849 955 rit
1897 913 2082 971 caput,
2121 905 2468 959 manifestum
2505 915 2586 960 est
2613 908 2757 975 quod
2785 907 2830 962 si
2861 909 2986 978 quis
3010 911 3166 980 juxta
3205 912 3352 967 hunc

1777 991 2032 1048 similiter
2056 1005 2318 1062 vertatur,
2345 997 2634 1051 celerrime
2673 1008 2727 1052 et
2775 1001 3014 1055 maxime
3054 1012 3180 1056 ante
3209 1004 3350 1058 alios

1777 1087 2098 1157 vertiginem
2126 1090 2388 1158 patiatur.
2439 1088 2695 1144 Proxime
2744 1107 2873 1147 vero
2915 1095 3095 1163 quiin
3138 1097 3352 1151 minore

1779 1181 1984 1232 circulo
2003 1189 2165 1249 caput
2199 1181 2379 1246 vertit,
2411 1193 2462 1234 et
2488 1198 2596 1250 quo
2629 1185 2881 1251 celerius,
2917 1201 2984 1240 eo
3004 1187 3198 1257 magis.
3229 1187 3354 1243 Ideo

1778 1280 1830 1324 et
1871 1279 2156 1324 currentes
2205 1272 2379 1340 magis
2413 1287 2576 1340 quam
2633 1275 2976 1332 ambulantes
3028 1279 3352 1348 vertiginem

1779 1363 2082 1430 patiuntur,
2111 1371 2164 1416 et
2199 1364 2291 1432 qui
2321 1365 2550 1418 celerius
2583 1367 2755 1433 magis
2811 1384 2974 1436 quam
3026 1371 3116 1438 qui
3149 1372 3357 1424 tardius

1781 1452 2034 1514 (currunt
2060 1454 2202 1507 enim
2234 1453 2561 1510 inclinantes
2588 1457 2652 1509 ad
2674 1467 2969 1525 centrum).
2999 1459 3103 1524 Qui
3140 1477 3267 1513 vero
3296 1461 3352 1514 in

1779 1542 2057 1596 sinistram
2089 1555 2338 1609 currunt,
2377 1545 2558 1614 potius
2610 1562 2774 1614 quam
2806 1547 2841 1600 ii
2873 1549 2964 1616 qui
3001 1550 3053 1602 in
3086 1551 3353 1615 dextram,

1780 1635 1924 1703 quod
1990 1635 2291 1690 acutiorem
2358 1638 2619 1708 angulum
2674 1637 2880 1692 faciant
2935 1639 3000 1693 ad
3064 1641 3352 1695 circulum.

1781 1725 2043 1780 Graviora
2073 1728 2220 1781 enim
2266 1743 2389 1782 cum
2443 1729 2550 1782 sint
2577 1729 2788 1794 dextra,
2822 1733 2992 1800 magis
3031 1731 3094 1785 ad
3127 1732 3356 1787 interio-

156 1834 282 1886 στερα
305 1818 401 1887 γὰρ
429 1817 564 1870 ὄντα
602 1819 670 1870 τά
693 1818 847 1882 δεξιά
878 1819 1268 1891 προσϐιάζεται
1305 1819 1506 1890 μᾶλλον
1529 1819 1680 1884 ἐντὸς

1785 1834 1895 1872 rem
1923 1829 2131 1885 partem
2161 1821 2210 1874 vi
2241 1821 2490 1884 tendunt,
2517 1830 2736 1890 propter
2772 1822 3197 1876 imbecillitatem
3231 1837 3359 1892 par-

156 1909 219 1960 διὰ
240 1907 318 1977 τὴν
337 1908 623 1961 ἀσθένειαν
653 1908 762 1961 τῶν
793 1911 1120 1980 ἀριστερῶν.
1153 1912 1262 1963 Καὶ
1293 1913 1340 1964 εἰ
1375 1911 1516 1981 μετά
1549 1912 1681 1963 πολ-

158 1997 236 2050 λῶν
263 2000 442 2063 θέουσι,
497 1999 707 2070 μᾶλλον
748 1999 780 2069 ἢ
847 2002 1020 2070 μόνοι,
1054 2001 1191 2053 διότι
1222 2001 1358 2072 πρὸς
1393 2005 1460 2071 τῇ
1494 2001 1681 2072 κύκλῳ

161 2093 372 2161 περιφορᾷ.
410 2091 506 2144 καὶ
549 2093 585 2161 ἡ
614 2091 737 2160 ὄψις
774 2093 1192 2162 προσϐάλλουσα
1221 2095 1336 2155 τοῖς
1380 2092 1583 2158 θέουσι,
1606 2094 1682 2162 μὴ

165 2183 335 2250 melii:
377 2182 534 2247 οὖσα,
579 2184 724 2234 ποιεῖ
765 2181 888 2234 τινά
927 2181 1142 2251 κίνησιν
1189 2184 1246 2234 ὲν
1273 2181 1350 2249 τῷ
1391 2183 1681 2250 ἐγκεφάλῳ

171 2274 241 2323 mi.
268 2276 490 2343 ταραχήν·
526 2273 616 2325 διὸ
649 2276 670 2306 ³
705 2273 976 2342 ἰλιγγιῶσι
1021 2273 1244 2343 μᾶλλον,
1273 2274 1360 2327 διά
1398 2273 1461 2326 τὸ
1486 2273 1682 2343 διπλῆν

179 2364 245 2414 τὸν
275 2367 530 2434 ἐγκέφαλον
563 2365 893 2435 ὑφίστασθαι
942 2365 1177 2436 κίνησιν,
1209 2366 1310 2437 τήν
1350 2383 1410 2418 τε
1440 2365 1548 2420 ἀπὸ
1583 2365 1680 2436 τῆς

182 2455 518 2526 περιδινήσεως,
561 2459 658 2510 καί
685 2459 753 2527 ἢν
789 2460 823 2528 ὴ
847 2456 971 2527 ὄψις
1006 2458 1254 2511 παθοῦσα
1284 2458 1362 2529 τῷ
1392 2457 1683 2528 ἐγκεφάλῳ

180 2548 473 2616 παρέπεμψεν.
524 2549 656 2601 Ὀτι
702 2549 758 2602 δὲ
811 2549 903 2600 διὰ
957 2549 1056 2620 τὴν
1106 2550 1205 2619 τῆς
1261 2550 1434 2620 ὅψεως
1467 2551 1680 2619 κίνησιν

178 2639 374 2707 ίλιγγιώσι
422 2641 721 2704 πολλάκις,
749 2640 980 2710 φανερὸν
1013 2643 1079 2695 ἐκ
1104 2641 1335 2695 πολλῶν.
1365 2642 1432 2695 Οἵ
1471 2659 1531 2694 τε
1573 2642 1682 2712 γὰρ

168 2730 357 2792 πλέοντες
388 2731 591 2786 θᾶττον
629 2733 724 2785 καὶ
769 2731 968 2802 μᾶλλον
1028 2731 1050 2762 ⁸
1086 2733 1410 2802 ίλιγγιῶσιν,
1463 2733 1682 2786 ἐπειδάν

163 2824 245 2883 τοῖς
263 2823 470 2892 κύμασιν
508 2822 889 2892 ὲμϐλέψωσιν,
926 2822 1020 2875 καὶ
1058 2825 1106 2875 οἱ
1139 2824 1237 2886 τάς
1277 2823 1479 2894 αἰώρας
1509 2825 1602 2877 καὶ
1633 2826 1682 2877 οἱ

166 2914 257 2974 10‘s;
288 2915 305 2945 ⁸
340 2917 571 2986 τροχοὺς
616 2913 951 2984 θεωροῦντες
979 2914 1117 2984 ταχὺ
1147 2917 1485 2970 σκοτοῦνται.
1534 2916 1684 2984 Ἰλιγ-

167 3003 279 3070 γιὼσι
301 3006 347 3058 δὲ
373 3008 464 3060 καὶ
491 3007 550 3060 οἱ
594 3006 730 3076 πρὸς
756 3005 826 3058 τὰ
853 3005 1032 3074 ὑψηλά
1072 3008 1165 3058 καὶ
1191 3007 1405 3075 μεγάλα
1430 3006 1524 3059 καὶ
1547 3007 1684 3062 άπό-

163 3113 261 3164 rapa
289 3097 707 3160 ἀποϐλέποντες,
748 3095 836 3149 διά
884 3095 945 3147 τὸ
981 3095 1299 3164 συμϐαίνειν
1331 3098 1548 3168 μακρὰν
1578 3115 1686 3150 τει-

159 3188 334 3256 νομένην
377 3187 629 3242 σείεσθαι
678 3187 770 3240 καὶ
808 3185 1194 3256 κραδαίνεσθαι
1232 3185 1330 3257 τὴν
1371 3186 1512 3256 ὄψιν·
1543 3205 1684 3240 σειο-

162 3280 263 3350 μένη
307 3282 356 3334 δὲ
397 3282 492 3335 καὶ
547 3278 954 3350 κραδαινομένη
1020 3279 1276 3349 ταράττει
1322 3281 1418 3332 καὶ
1450 3282 1592 3332 κινεῖ
1615 3280 1683 3332 τά

157 3371 280 3435 ἐντός.
310 3374 424 3437 Τοῖς
455 3373 500 3426 δ’
537 3373 654 3427 ἄνω
709 3370 1002 3440 βλέπουσιν
1055 3370 1115 3422 ού
1169 3371 1456 3440 συμϐαίνει
1479 3372 1538 3424 τὸ
1573 3371 1684 3424 πά-

160 3461 238 3529 θος,
274 3465 352 3517 διά
387 3465 445 3518 τὸ
490 3465 577 3535 μὴ
611 3463 922 3517 ἀποτείνειν
961 3463 1182 3533 μακράν
1226 3461 1342 3514 ἀλλ’
1376 3462 1681 3532 ἀποτέμνε-

159 3556 248 3607 σθαι
271 3558 289 3586 ⁸
311 3558 382 3629 τῷ
424 3557 596 3626 φωτί.
643 3556 890 3610 Γίνονται
931 3556 1133 3624 ῐλιγγοι
1166 3555 1262 3608 καὶ
1290 3555 1418 3608 ὅταν
1447 3554 1686 3624 βλέπωσι

161 3649 346 3716 συνεχῶς
369 3651 462 3702 καὶ
497 3647 909 3710 ἐνατενίζωσιν.
943 3649 1008 3700 Ὃ
1037 3647 1131 3700 καὶ
1155 3646 1520 3717 διαπορεῖται,
1541 3647 1594 3698 τί
1619 3647 1682 3718 δή

157 3756 249 3792 ποτε
269 3742 285 3772 ⁷
314 3742 488 3812 κύκλῳ
515 3740 849 3810 κινουμένης
886 3740 984 3808 τῆς
1016 3739 1192 3809 ὅψεως
1241 3739 1336 3791 καὶ
1371 3737 1688 3810 ἠρεμούσης

152 3828 195 3880 τὸ
210 3830 317 3884 αὐτὸ
345 3832 511 3894 πάθος
546 3829 865 3899 συμϐαίνει.
888 3830 961 3882 Τὸ
978 3830 1022 3882 δ’
1042 3830 1213 3882 αῐτιον
1238 3829 1337 3899 τῆς
1366 3828 1464 3899 μὲν
1497 3828 1683 3900 κύκλῳ

153 3923 286 3988 φοράς
315 3921 432 3994 [860
463 3921 567 3993 Η.]
603 3922 854 3991 εἴρηται⁶
895 3921 983 3974 διὰ
1020 3920 1070 3973 τί
1111 3919 1166 3973 δὲ
1216 3921 1275 3974 ἐν
1304 3924 1368 3991 τῇ
1405 3922 1686 3975 ἐπιστάσει

153 4012 223 4064 καὶ
243 4014 311 4084 τῷ
336 4013 620 4085 άτενισμῷ
646 4014 706 4067 τὸ
734 4013 867 4068 αὐτὸ
882 4011 1171 4082 συμϐαίνει
1197 4012 1366 4074 πάθος
1385 4013 1428 4079 ⁸;
1463 4013 1592 4066 διότι
1619 4013 1688 4066 τά

152 4103 196 4152 ἐν
231 4107 289 4175 τῇ
332 4107 542 4178 κινήσει
597 4105 882 4175 σωζόμενα
910 4106 942 4174 ή
968 4103 1154 4166 στάσις
1185 4103 1440 4174 διίστησι.
1477 4105 1688 4174 Στάσης

151 4187 222 4245 οὗν
239 4195 325 4265 τῆς
344 4197 540 4267 ὄψεως,
579 4196 674 4249 καὶ
698 4197 769 4248 τὰ
796 4194 931 4247 ἄλλα
968 4193 1168 4263 συνεχῆ
1205 4193 1276 4246 τά
1315 4195 1372 4246 ἐν
1421 4193 1498 4264 τῷ
1525 4197 1683 4262 ἐγκεο

151 4282 272 4353 φάλῳ
297 4287 524 4341 ἵσταται.
577 4283 867 4354 ἰστάμενα
907 4283 986 4350 δὲ,
1024 4283 1430 4336 συνδιίσταται⁹
1463 4284 1558 4336 καὶ
1587 4301 1690 4353 χω·

153 4372 323 4439 ρίζεται
361 4378 427 4430 τά
459 4377 658 4448 βαρέα,
707 4375 804 4429 καὶ
846 4374 1241 4444 καταϐαρύνει,
1285 4375 1378 4427 καὶ
1423 4376 1566 4427 ποιεί
1592 4375 1686 4426 τὸν

1780 1910 1914 1964 tium
1943 1912 2315 1975 sinistrarum,
2359 1922 2413 1966 et
2449 1912 2494 1966 si
2529 1929 2654 1966 cum
2692 1913 2882 1967 multis
2909 1925 3155 1978 currunt,
3186 1914 3360 1982 magis

1779 2019 1942 2072 quam
1979 2007 2071 2073 qui
2120 2005 2222 2058 soli
2261 2022 2274 2058 :
2317 2015 2608 2074 propterea
2659 2007 2805 2075 quod
2852 2006 2918 2060 ad
2965 2006 3360 2060 circumferen-

1780 2096 1909 2147 tiam
1973 2095 2166 2149 circuli
2221 2107 2478 2165 aspectus
2525 2098 2791 2152 accedens
2845 2099 3196 2153 currentibus
3250 2114 3357 2152 non

1780 2185 2097 2248 Continuus,
2129 2184 2262 2238 facit
2293 2187 2531 2255 aliquem
2565 2197 2771 2241 motum
2807 2197 2862 2241 et
2887 2189 3255 2242 lurbationem
3303 2203 3357 2242 Ill

1782 2275 2026 2327 cerebro.
2065 2274 2188 2330 Ideo
2218 2278 2540 2346 vertiginem
2575 2281 2747 2349 magis
2782 2280 3082 2348 patiuntur,
3121 2296 3186 2334 eo
3211 2281 3359 2350 quod

1783 2363 2075 2434 dupliciter
2121 2377 2406 2422 moveatur
2455 2369 2767 2435 cerebrum,
2814 2373 3012 2439 partim
3063 2373 3361 2440 agitatione

1782 2455 1836 2508 in
1863 2471 2079 2526 gyrum,
2109 2458 2306 2526 partim
2331 2470 2556 2527 aspecm
2589 2460 2642 2512 in
2668 2461 2952 2514 cerebrum
2972 2461 3172 2517 delato.
3205 2461 3359 2527 Quod

1781 2555 1964 2600 autem
2039 2557 2263 2618 propter
2342 2551 2632 2604 oculorum
2716 2561 2924 2604 motum
3009 2568 3151 2621 saepe
3237 2567 3362 2606 ver-

1782 2639 2007 2708 tiginem
2065 2641 2220 2694 multi
2288 2641 2584 2710 patiantur,
2638 2658 2704 2695 ex
2749 2644 2936 2697 multis
2986 2653 3154 2712 patet.
3192 2643 3363 2698 Navi-

1784 2740 1970 2801 gantes
1993 2731 2138 2785 enim
2162 2733 2397 2787 celerius
2427 2744 2480 2787 et
2507 2734 2680 2802 magis
2704 2735 3028 2804 vertiginem
3055 2737 3358 2805 patiuntur,

1784 2837 1908 2876 cum
1938 2820 2138 2876 ﬂuctus
2166 2823 2466 2890 intuentur,
2508 2833 2562 2878 et
2591 2827 2920 2894 agitationes
2945 2839 2998 2881 et
3027 2829 3249 2882 trochos
3280 2829 3362 2881 vi-

1784 2912 1995 2978 dentes,
2030 2915 2212 2966 statim
2247 2914 2499 2968 tenebras
2523 2917 2828 2983 patiuntur.
2857 2915 3190 2986 Vertiginein
3221 2932 3361 2988 quo-

1785 3020 1891 3073 que
1919 3005 2200 3074 patiuntur
2248 3005 2304 3070 ii,
2357 3007 2450 3075 qui
2502 3007 2772 3076 profunda
2815 3009 3107 3064 admodum
3133 3019 3187 3064 et
3217 3025 3361 3080 pra:-

1788 3105 1945 3166 rnpta
2001 3098 2297 3167 aspiciunt,
2349 3101 2500 3170 quod
2559 3102 2842 3171 contingat
2897 3103 3091 3156 oculos
3145 3102 3362 3172 longius

1787 3196 2044 3243 extensos
2075 3191 2278 3245 moveri
2310 3200 2370 3244 et
2398 3193 2588 3260 agitari
2619 3209 2632 3245 :
2667 3193 2809 3246 oculi
2838 3209 2964 3247 vero
2993 3193 3124 3248 moti
3155 3203 3208 3247 et
3240 3192 3360 3263 agi-

1789 3280 1884 3333 tati
1921 3280 2214 3334 turbantet
2247 3291 2469 3335 movent
2511 3283 2794 3345 interiora;
2827 3283 2918 3351 qui
2943 3297 3071 3336 vero
3125 3297 3362 3350 superna

1789 3373 2083 3440 aspiciunt,
2116 3372 2221 3426 hoc
2250 3391 2356 3426 non
2393 3375 2680 3443 contingit,
2718 3375 2846 3443 quia
2882 3390 2991 3427 non
3027 3375 3183 3444 longe
3211 3377 3363 3444 aspi-

1787 3465 1960 3523 ciunt,
1994 3465 2086 3518 sed
2142 3465 2347 3518 lumine
2397 3465 2790 3534 impediuntur.
2824 3465 2990 3518 Fiunt
3043 3467 3362 3536 vertigines,

1787 3555 2006 3624 quando
2032 3557 2293 3609 continuo
2319 3573 2428 3610 rem
2455 3573 2618 3610 unam
2648 3557 2844 3626 527a
2901 3558 3195 3626 aspiciunt.
3227 3556 3364 3612 illud

1791 3653 1972 3699 autem
2019 3647 2247 3699 dubium
2308 3655 2414 3708 est,
2445 3663 2545 3700 cur
2584 3650 2862 3700 interdum
2901 3648 3062 3701 oculo
3093 3648 3146 3700 in
3174 3648 3362 3702 orbem

1789 3738 2016 3807 agitato,
2053 3746 2106 3790 et
2133 3738 2450 3806 quiescente
2479 3739 2619 3792 idem
2651 3755 2752 3792 usu
2793 3738 3204 3793 veniat?Causa
3231 3753 3366 3794 vero

1790 3833 1972 3878 motus
2035 3824 2184 3878 illius
2221 3825 2280 3877 in
2315 3826 2542 3888 circulo,
2578 3827 2722 3880 dicta
2754 3836 2859 3881 est.
2889 3826 2999 3880 Cur
3030 3842 3161 3882 vero
3194 3827 3248 3881 in
3277 3836 3366 3882 at—

1789 3918 2036 3970 tentione
2091 3925 2145 3970 et
2177 3917 2230 3970 in
2258 3919 2524 3971 continuo
2552 3928 2776 3987 aspectu
2830 3920 2931 3973 iste
2963 3918 3119 3974 dolor
3150 3919 3368 3974 contin-

1789 4007 1921 4079 gat?
1953 4008 2098 4077 quod
2133 4024 2256 4077 qua:
2279 4009 2330 4062 in
2360 4017 2506 4064 motu
2531 4009 2680 4062 salva
2714 4019 2889 4072 erant,
2919 4011 3082 4064 statio
3115 4026 3178 4065 ac
3207 4018 3366 4081 quies

1789 4102 1976 4171 agitat.
2017 4101 2302 4155 Stantibus
2347 4101 2513 4168 igitur
2536 4101 2730 4167 oculis,
2771 4112 2825 4156 et
2880 4103 2986 4155 alia
3020 4105 3368 4159 continenter

1789 4190 1844 4245 in
1867 4191 2096 4245 cerebro
2127 4201 2295 4245 stant.
2324 4191 2535 4244 Stantia
2573 4207 2700 4245 vero
2749 4193 3082 4254 dividuntur,
3126 4205 3182 4247 et
3209 4209 3364 4262 sepa-

1789 4293 1980 4336 rantur
2016 4283 2221 4352 gravia,
2259 4291 2314 4336 et
2345 4293 2643 4351 gravantur
2670 4292 2723 4337 et
2754 4282 2964 4337 faciunt
3016 4283 3364 4354 vertiginem-

1790 4373 1854 4427 Et
1885 4391 2081 4430 cursus
2116 4375 2169 4428 in
2199 4390 2388 4445 gyrum
2426 4385 2644 4443 separat
2669 4374 2853 4444 gravia
2890 4390 2919 4428 a
2949 4375 3180 4429 levibus.
3215 4375 3366 4433 Facit

149 4465 341 4535 Utinm.
391 4472 500 4523 Καὶ
534 4471 573 4540 ή
604 4467 788 4538 κύκλῳ
828 4467 970 4538 φορὰ
1018 4466 1075 4520 δὲ
1126 4467 1362 4537 διίστησι
1390 4467 1461 4519 τά
1511 4466 1682 4538 βαρέα

1792 4484 1920 4522 vero
1946 4469 2232 4524 oculorum
2262 4469 2522 4522 demissio
2551 4469 2715 4522 etiam
2739 4469 3052 4539 vertigines.
3087 4469 3220 4524 Nam
3267 4473 3364 4526 de-

151 4559 224 4611 καὶ
252 4562 313 4613 τά
337 4561 533 4630 κοῦφα.
566 4563 719 4616 [Ιοιεῖ
748 4561 807 4614 δὲ
841 4561 934 4614 καὶ
963 4559 1023 4612 τὸ
1052 4558 1278 4612 κύπτειν
1300 4559 1560 4627 ἰλίγγουςο
1593 4561 1688 4612 καὶ

149 4651 235 4721 γὰρ
255 4655 305 4707 ἐν
322 4656 396 4724 τῷ
431 4656 666 4709 κύπτειν
694 4651 988 4724 χωρίζεται
1027 4652 1099 4704 τὰ
1131 4652 1304 4722 βαρέα
1335 4652 1430 4706 καὶ
1459 4651 1530 4705 τὰ
1559 4652 1687 4705 ἐλα-

150 4743 258 4809 φρὰ,
284 4745 348 4798 τά
377 4747 474 4816 μὲν
508 4746 646 4809 ἅνω,
699 4745 767 4798 τὰ
811 4745 868 4798 δὲ
903 4743 1073 4798 κάτωο
1124 4745 1204 4797 δεῖ
1250 4745 1307 4797 δέ
1357 4745 1473 4814 ἆμα
1519 4740 1683 4808 εἶναι,

151 4831 283 4900 U572
310 4835 397 4908 R.]
427 4836 682 4905 καθάπερ
717 4834 934 4905 ἐλέχθη.
985 4835 1137 4887 Ποιεῖ
1187 4835 1245 4886 δὲ
1287 4835 1350 4886 τὸ
1381 4834 1550 4897 πάθος
1591 4835 1683 4887 καὶ

154 4922 394 4997 πλησμονὴ
428 4927 527 4980 καὶ
568 4926 767 4989 ἔνδεια,
804 4928 838 4998 ἡ
877 4927 975 4996 μὲν
1007 4926 1183 4981 ἔνδεια
1217 4925 1490 4994 σύντηξιν,
1544 4927 1576 4994 ή
1625 4926 1684 4979 δὲ

152 5015 398 5090 πλησμονὴ
429 5019 762 5090 περίττωσιν
800 5017 1050 5080 ποιοῦσα,
1087 5018 1230 5071 ὥστε
1262 5016 1491 5088 πλήρεις
1534 5018 1684 5085 γίνε-

156 5107 250 5164 σθαι
274 5114 310 5144 ¹⁶
344 5115 467 5180 τοὺς
495 5117 717 5186 πόρους.
763 5111 1016 5165 Ἀνιοῦσα
1041 5110 1148 5182 γὰρ
1181 5111 1312 5181 παρ’
1347 5109 1486 5163 αὐτὰ
1519 5111 1559 5141 ¹¹
1593 5111 1688 5164 καὶ

157 5207 454 5270 καταϐαίνει,
511 5208 606 5261 καὶ
629 5206 861 5274 διίστησι
891 5203 990 5266 τὰς
1018 5203 1317 5272 περιόδουςο
1353 5202 1490 5271 ὅπερ
1531 5202 1681 5253 ἐστὶν

158 5291 341 5364 ἴλιγγος.
375 5299 502 5352 Ὀτι
533 5299 622 5352 καὶ
651 5297 706 5350 αἱ
757 5295 917 5366 μέθαι
964 5294 1058 5346 καὶ
1109 5296 1163 5347 αἱ
1211 5297 1551 5366 φαρμακεῖαι
1604 5293 1696 5344 καὶ

159 5385 207 5434 τὰ
230 5391 574 5461 παραπλήσια
623 5387 867 5442 ποιοῦσιν
913 5385 1171 5454 ἰλίγγουςο
1223 5388 1257 5454 ἡ
1310 5387 1420 5455 γάρ
1463 5383 1698 5454 ὑγρότης

1791 4561 2054 4614 missione
2113 4560 2398 4613 oculorum
2452 4569 2783 4625 separantur
2832 4563 3014 4629 gravia
3059 4576 3089 4614 a
3133 4561 3362 4616 levibus.

1788 4650 1916 4705 Haac
1964 4649 2185 4718 quidem
2219 4663 2459 4712 sursum,
2508 4648 2598 4702 illa
2632 4663 2762 4703 vero
2802 4650 3054 4703 deorsum
3091 4647 3361 4704 feruntur.

1787 4741 2020 4811 Oportet
2051 4754 2180 4793 vero
2212 4737 2376 4793 simul
2411 4753 2555 4804 esse,
2578 4748 2637 4792 ut
2667 4740 2870 4795 dictum
2895 4749 2997 4794 est.
3040 4740 3366 4810 Vertigiuem

1785 4833 2509 4906 quoqueaﬂ‘ertabundantia
2523 4845 2578 4889 et
2595 4835 3213 4905 indigentia.lndigeutia
3235 4851 3372 4888 con-

1785 4925 2528 4996 suniptionem,abundantia
2555 4926 2982 4994 superiluitatcm
3004 4925 3152 4985 facit,
3177 4933 3236 4979 ut
3265 4926 3364 4992 ple°

1787 5018 1842 5070 ni
1871 5017 1978 5070 sint
2001 5014 2139 5082 puri.
2167 5013 2294 5068 Haec
2334 5017 2477 5068 enim
2515 5015 2602 5068 ubi
2629 5015 2899 5077 ascendit,
2927 5030 3051 5068 mox
3065 5015 3367 5077 descendit.

1796 5119 1850 5165 et
1902 5109 2094 5162 dividit
2158 5108 2618 5163 circuitus:liiuc
2677 5110 2903 5177 vertigo.
2958 5108 3260 5162 Ebrietates
3317 5117 3374 5178 et

1800 5199 2143 5260 venelicium,
2171 5207 2224 5252 et
2251 5199 2354 5251 alia
2379 5199 2600 5259 similia,
2631 5199 2927 5267 vertigines
2976 5199 3203 5252 faciunt.
3258 5195 3374 5250 llu-

1802 5305 1924 5342 mor
1977 5291 2120 5343 enim
2202 5288 2422 5343 aliunde
2485 5289 2753 5350 incidens,
2810 5287 3149 5340 tnrbationes
3200 5299 3370 5342 Crcat.

1806 5381 2021 5432 Stantes
2070 5380 2244 5449 magis
2304 5395 2469 5449 quam
2535 5381 2788 5433 sedentes
2810 5381 3126 5448 vertiginem
3158 5379 3374 5449 patiun-

1401 5519 1632 5576 VARIAS
1673 5517 2075 5574 LECTIONES.

210 5636 477 5712 i’éivom.
514 5639 570 5695 Β.
605 5641 652 5674 ’⁸
683 5641 972 5712 ἀριστερᾷ.
999 5641 1044 5674 ”
1063 5636 1221 5712 δεξιᾷ
1241 5651 1309 5712 -ςο

1395 5635 1411 5706 ἦ
1437 5633 1658 5705 μᾶλλονῖ
1677 5635 1755 5687 διὸ
1784 5633 1983 5706 μᾶλλον
1997 5634 2056 5689 Β.
2117 5636 2136 5665 ²
2168 5635 2260 5706 ἐπὶ
2289 5636 2356 5706 τά
2381 5631 2530 5695 δεξιά
2648 5704 2656 5706 _
2683 5631 2704 5662 ³
2732 5633 2864 5686 διότι
2892 5651 2952 5696 ς.
3015 5633 3036 5662 ⁸
3065 5631 3263 5699 μᾶλλον
3281 5633 3373 5682 καὶ

162 5700 393 5776 θάττονῑῖ.
445 5712 528 5764 ὀἱ
554 5696 1013 5772 ιιιιιετὸὺςεάάίΑ.
1056 5696 1554 5776 δύποῖτέμνεσθάιϐ.
1629 5696 1658 5738 ³’
1686 5696 1812 5758 ποτε
1843 5710 1915 5758 A:
1938 5723 2037 5758 που
2067 5723 2126 5769 ς.
2162 5773 2170 5776 Α
2202 5703 2223 5734 ⁸
2255 5703 2422 5776 πάθος
2454 5702 2738 5776 συμϐαίνει
2766 5722 2826 5766 ς.

160 5772 420 5842 "vivacem
445 5781 1043 5853 apud'Tlteopln‘astum
1061 5789 1144 5836 est
1169 5797 1182 5834 :
1204 5772 1291 5834 hic
1312 5777 1562 5846 γενέσθαι
1587 5792 1646 5840 ς.
1727 5777 1765 5808 ¹¹
1797 5777 1890 5830 καὶ
1908 5773 2183 5848 ροειαύτὰ
2205 5790 2315 5829 om.
2333 5774 2397 5827 A.

2904 5708 2924 5734 ν
2961 5706 3272 5755 συνίσταται
3307 5706 3371 5751 Α.

2495 5773 2806 5846 ¹²ἀλλοτρία
2835 5773 3373 5846 ap.'l‘licoplirastutn
