4020 6434
672 325 780 390 2‘35

1840 322 2107 384 PHOTII
2136 376 2152 387 .
2174 321 2686 383 PATRIARCHE
2720 322 2830 382 CP.
3798 332 3882 397 296

670 445 783 491 tur.
819 431 956 487 Nam
982 433 1383 503 quiescentium
1406 434 1607 488 humor
1634 432 1688 485 in
1719 431 1899 499 capite
1923 431 2103 501 magis
2126 446 2257 488 con-

2363 432 2397 500 ή
2449 431 2838 502 ὁιλλοτρίω.ςι¹,¹ι
2890 429 3245 501 ἐμπίπτουσα
3298 437 3441 487 ποιεῖ
3492 436 3585 506 τὴν
3664 448 3880 515 ταραχήν.

673 526 840 581 sistit.
875 525 1108 591 Quando
1151 543 1278 582 vero
1310 527 1473 581 iidem
1520 534 1829 588 moventur,
1866 523 2063 580 humor
2095 524 2257 580 dissi-

673 629 858 690 patur,
893 620 1020 675 etin
1058 634 1221 674 unam
1246 629 1453 690 partem
1487 619 1733 674 incidens
1762 619 2083 688 vertiginem
2106 618 2256 673 facit.

1102 896 1355 966 Ejusdem
1390 896 1454 949 de
1489 896 1825 951 lassitudine.

746 988 1233 1053 Descendentium,
1268 989 1390 1043 loco
1457 988 1651 1043 declivi
1685 1028 1700 1052 ,
1733 1010 1742 1019 ο
1770 988 1976 1043 femora
2029 990 2261 1045 maxime

673 1083 968 1144 lassantur,
1022 1082 1437 1138 ascendentium
1469 1092 1659 1136 contra
1700 1082 1847 1137 tibia:
1882 1099 1895 1134 :
1932 1083 2059 1151 quia
2088 1082 2140 1135 in
2172 1097 2262 1137 as-

672 1192 839 1229 censu
870 1175 1025 1228 labor
1051 1184 1137 1229 est
1162 1175 1413 1229 elevandi
1458 1175 1710 1244 corporis
1758 1190 1920 1229 onus.
1961 1175 2062 1228 Cui
2098 1175 2260 1241 igitur

672 1282 815 1319 onus
846 1265 1133 1329 incumbit,
1175 1275 1228 1319 ct
1249 1281 1279 1319 a
1321 1282 1430 1335 quo
1460 1266 1691 1330 tollitur,
1717 1267 1836 1335 ejus
1875 1266 2148 1320 maximos
2176 1274 2261 1320 est

673 1358 847 1411 labor.
895 1359 963 1411 At
994 1357 1048 1411 in
1100 1358 1493 1412 descendendo
1547 1359 1704 1411 labor
1744 1358 1843 1423 ﬁt,
1887 1359 2017 1428 quia
2060 1373 2259 1428 corpus

672 1450 898 1513 decidit,
931 1459 986 1503 et
1010 1459 1201 1504 contra
1232 1460 1482 1504 naturam
1519 1460 1788 1521 portatur.
1825 1451 2173 1521 Quapropter
2203 1451 2256 1504 in

672 1542 819 1610 quod
866 1542 1039 1610 magis
1072 1542 1263 1596 incidit
1304 1543 1543 1611 pondus,
1579 1543 1707 1597 huic
1735 1544 2008 1597 maximus
2039 1558 2259 1613 quoque

670 1644 756 1687 est
792 1634 964 1686 labor.
998 1633 1196 1686 Verum
1228 1645 1285 1687 ut
1315 1636 1463 1687 tibia:
1498 1635 1884 1689 descendendo
1908 1636 2081 1705 magis
2108 1635 2258 1689 labo-

671 1736 823 1783 rant.
852 1727 929 1779 sic
958 1726 1160 1779 fortiora
1184 1727 1235 1779 in
1264 1727 1633 1782 ascendendo.
1658 1728 1812 1791 Quod
1840 1738 2020 1783 autem
2071 1727 2257 1797 gravia

671 1819 929 1874 deorsum
967 1817 1233 1878 ferantur,
1259 1819 1537 1875 dillicilius
1594 1829 1677 1874 est
1720 1820 2039 1883 ascendere,
2092 1834 2255 1889 quam

673 1907 1031 1962 descendere.
1079 1907 1363 1964 Molestius
1392 1921 1475 1964 est
1504 1910 1730 1964 brachio
1763 1926 1859 1980 per
1893 1925 2127 1963 vacuum
2178 1909 2257 1979 ja-

2362 1906 2417 1959 δὲ
2445 1907 2513 1960 τά
2544 1906 2683 1979 βάρη
2710 1908 2860 1961 κάτω
2888 1909 3139 1979 φέρεται,

673 2016 799 2055 cere
855 2000 1119 2069 lapidem,
1161 2002 1245 2055 vel
1294 2002 1438 2054 aliud
1488 2003 1619 2071 quid
1675 2019 1860 2071 grave,
1900 2002 2028 2072 quia
2084 2004 2257 2073 magis

671 2093 949 2147 convellit.
976 2092 1093 2146 Non
1123 2094 1268 2147 enim
1304 2094 1573 2149 incumbit
1596 2095 2256 2165 alicui,quemadmodtnn

674 2186 767 2254 qui
796 2185 949 2255 jacit,
981 2186 1206 2255 ponderi
1237 2187 1385 2255 quod
1438 2187 1490 2240 in
1519 2203 1679 2242 manu
1715 2198 1818 2242 est.

744 2369 1006 2438 Aiquales
1038 2368 1138 2423 viae
1176 2368 1351 2439 magis
1378 2368 1698 2438 defatigarit,
1725 2386 1886 2439 quam
1938 2369 2255 2440 inaequales,

671 2464 816 2531 quod
858 2463 1060 2516 nimius
1106 2472 1285 2516 motus
1343 2461 1506 2516 faciat
1566 2463 1991 2528 lassitudinem;
2056 2464 2258 2516 nimius

672 2567 877 2620 autem,
934 2558 1135 2626 52712
1187 2559 1481 2613 continuus
1519 2597 1534 2619 ,
1589 2567 1645 2613 et
1703 2575 1847 2613 unus
1896 2578 1907 2611 :
1963 2561 2259 2629 ina:quales

674 2666 801 2703 vero
830 2660 1049 2719 printer
1076 2650 1410 2704 mutationes
1437 2652 1674 2720 quietem
1698 2650 1933 2705 aﬂ'crunt
1965 2668 1979 2705 :
2004 2654 2056 2705 in
2076 2668 2263 2721 mqua-

674 2742 818 2795 lilms
840 2758 991 2805 vero,
1040 2741 1350 2795 similitudo
1377 2743 1564 2811 figurae
1596 2740 1723 2794 facit
1772 2744 2092 2795 continuum
2139 2759 2259 2794 mo-

674 2842 812 2885 tum.
844 2832 1050 2884 Defessi
1089 2847 1275 2885 semen
1317 2832 1522 2902 a‘grius
1551 2830 1856 2893 continent,
1912 2830 2037 2897 quia
2079 2832 2258 2885 calida

673 2935 729 2977 et
764 2924 986 2976 humida
1034 2932 1164 2977 sunt
1210 2938 1444 2993 corpora
1503 2932 1724 2993 propter
1752 2926 2254 2991 Consumptioneai.

674 3017 807 3070 Tale
830 3017 1102 3085 veroquid
1132 3026 1216 3071 est
1247 3016 1525 3070 seminatis
1556 3016 1655 3069 vis.
1701 3014 1801 3081 Qui
1850 3016 2027 3084 supini
2056 3019 2258 3084 jaccnt,

675 3110 970 3165 solutionis
1002 3110 1199 3162 virium
1248 3109 1450 3162 habent
1485 3124 1728 3171 causam,
1787 3108 1855 3162 iis
1932 3118 2261 3176 eooperatur

676 3204 817 3257 situs
865 3202 955 3255 ille
985 3203 1050 3255 ad
1104 3211 1429 3255 nocturnam
1465 3200 1691 3253 seminis
1718 3199 2088 3253 emissionem.
2123 3199 2258 3251 (lor-

677 3312 810 3365 pora
835 3295 1062 3349 humida
1091 3295 1264 3362 magis
1297 3294 1569 3347 laboriosa
1612 3302 1738 3346 sunt
1764 3308 1925 3361 quam
1946 3293 2105 3353 dura,
2134 3292 2261 3359 quia

680 3389 1061 3450 imbecilliora,
1102 3397 1157 3441 et
1189 3388 1235 3442 si
1276 3387 1383 3440 alio
1413 3390 1573 3439 modo
1608 3385 1742 3439 dura
1779 3386 1909 3449 sint,
1937 3384 2252 3438 audaciora.

2373 524 2494 576 Ὅτι
2543 525 2889 593 ἀνιστάμενοι
2939 524 3138 592 μᾶλλον
3188 524 3581 597 ἢεκαθίζοντες
3646 532 3885 602 ίλιγγιῶσι,

2367 614 2503 667 διότι
2544 613 2897 684 ἠρεμούντων
2960 614 3057 685 μὲν
3118 614 3432 697 συνίσταται
3487 620 3545 671 τὸ
3574 621 3729 699 ὑγρὸν
3758 628 3805 677 ἐν
3835 632 3885 699 τῇ

2365 704 2576 775 κεφαλῇ
2626 705 2812 770 πλέον,
2848 706 2977 758 ὃταν
3018 704 3074 757 δὲ
3107 696 3383 773 κινῶνται,
3415 696 3694 778 διίσταται,
3723 717 3803 769 καί
3827 696 3887 782 εἰς

2362 796 2421 849 ἓν
2466 798 2654 870 μόριον
2698 799 2973 865 ἐμπῖπτον
2997 801 3145 852 ποιεῖ
3167 800 3259 852 τὸν
3288 801 3517 869 ῐλιγγον.

2634 890 2746 945 Τοῦ
2767 891 2955 945 αὑτοῦ
2985 894 3027 923 ⁸³
3058 893 3128 945 ἐκ
3156 892 3263 947 τοῦ
3297 894 3431 963 περὶ
3455 896 3667 950 κόπων.

2435 982 2559 1035 Ὅτι
2580 982 3006 1046 καταϐαίνοντες
3039 983 3140 1053 μὲν
3166 985 3333 1038 τόπον
3385 986 3622 1056 κατάντη
3675 990 3788 1053 τοὺς
3811 1008 3888 1063 μη-

2363 1074 2492 1143 ροὺς
2524 1074 2763 1144 μάλιστα
2791 1076 3069 1141 πονοῦσιν,
3091 1076 3476 1140 ἀναϐαίνοντες
3504 1079 3558 1130 δὲ
3578 1079 3670 1143 τὰς
3696 1083 3888 1152 κνήμας⁸

2357 1164 2495 1219 διότι
2521 1165 2662 1217 κατὰ
2699 1166 2796 1235 μὲν
2813 1164 2912 1235 τὴν
2937 1166 3203 1220 ἀνάϐασιν
3226 1170 3255 1220 6
3286 1168 3448 1231 πόνος
3468 1168 3559 1221 τοῦ
3593 1172 3754 1239 αἴρειν
3779 1190 3885 1245 φορ-

2360 1256 2476 1309 τίον
2504 1256 2564 1308 τὸ
2594 1255 2755 1325 σῶμα
2794 1256 3004 1324 γίνεται
3023 1273 3038 1289 ο
3070 1252 3114 1325 ᾧ
3141 1259 3235 1311 οὖν
3264 1259 3538 1313 ἐπίκειται
3572 1260 3630 1313 τὸ
3653 1261 3795 1333 βάρος
3818 1268 3889 1317 καὶ

2358 1340 2403 1416 ᾧ
2434 1347 2672 1418 αἴρεται,
2699 1348 2876 1419 τούτῳ
2911 1349 3147 1420 μάλιστα
3168 1350 3198 1403 6
3220 1350 3401 1415 πόνος.
3454 1352 3541 1405 Ἐν
3568 1353 3622 1405 δὲ
3650 1370 3723 1424 τῳ
3758 1373 3890 1410 κατα-

2359 1444 2566 1497 ϐαίνειν
2603 1446 2632 1497 6
2656 1444 2821 1508 πόνος
2876 1446 2935 1498 ὲν
2982 1445 3061 1517 τῷ
3094 1447 3392 1515 ἐμπίπτειν
3446 1447 3649 1516 γίνεται
3683 1450 3737 1503 τὸ
3766 1452 3888 1521 σῶμα

2359 1541 2455 1592 καὶ
2487 1537 2764 1609 παρωθεῖν
2791 1538 2943 1609 παρὰ
2977 1540 3161 1607 φύσινο
3190 1540 3331 1594 ὥστε
3375 1536 3469 1594 οὖν
3497 1536 3539 1609 ᾧ
3569 1542 3780 1612 μάλιστα
3820 1526 3890 1615 ip-

2361 1629 2552 1682 πίπτει
2614 1630 2709 1682 καὶ
2764 1629 3007 1695 σαλεύει,
3048 1631 3223 1702 τούτῳ
3274 1633 3509 1702 μάλιστα
3541 1634 3739 1687 καὶτὸν
3767 1636 3888 1687 πόνον

2359 1722 2597 1791 ἐμποιεῖ.
2644 1722 2732 1784 Ὠς
2758 1717 2851 1775 οὖν
2889 1724 2923 1792 ἡ
2955 1724 3141 1793 κνήμη
3170 1724 3371 1793 μᾶλλον
3402 1727 3462 1778 ἐν
3490 1726 3566 1795 τῷ
3594 1726 3837 1780 ἀναϐαίνει
3858 1730 3886 1758 ’⁸

2363 1815 2690 1881 κακοπαθεῖ,
2721 1816 2895 1879 οὕτως
2933 1819 2961 1870 6
2997 1819 3169 1888 μηρὸς
3201 1818 3259 1870 ἐν
3297 1818 3374 1886 τῷ
3408 1820 3758 1875 καταϐαίνειν.
3781 1823 3886 1874 Διὸτι

3197 1910 3577 1979 χαλεπώτερον
3604 1911 3662 1964 τὸ
3705 1913 3885 1965 ἀναϐαί-

2364 2016 2475 2052 νειν
2508 2000 2601 2053 τοῦ
2628 2001 2979 2054 καταϐαίνειν
3022 2002 3088 2057 ¹⁸.
3124 2003 3247 2055 Ὅτι
3278 2004 3681 2074 κοπιαρώτερον
3706 2004 3774 2073 τῷ
3794 2005 3887 2074 βρα-

2364 2091 2502 2161 χίονι
2556 2091 2642 2144 διά
2706 2093 2871 2161 κενῆς
2927 2094 3137 2162 ῥίπτειν
3181 2094 3214 2163 ἢ
3249 2095 3398 2147 λίθον
3445 2095 3477 2164 ἢ
3513 2095 3637 2150 ἄλλο
3663 2112 3713 2148 τι
3745 2095 3885 2165 βάρος,

2363 2183 2499 2237 διότι
2525 2185 2984 2253 σπασματωδέστε
2996 2204 3105 2255 ρον.
3138 2188 3213 2239 Οὐ
3242 2187 3351 2258 γὰρ
3384 2188 3738 2257 ἀπερείδεται,
3757 2186 3888 2240 καθά-

2364 2291 2472 2344 περ
2508 2278 2536 2329 6
2557 2276 2784 2345 βάλλων,
2816 2276 2955 2347 πρὸς
2982 2279 3072 2330 τὸν
3100 2279 3157 2330 ὲν
3192 2282 3261 2349 τῇ
3291 2280 3435 2349 χειρὶ
3460 2280 3640 2347 ὄγκον.

2438 2361 2562 2421 Ὅτι
2589 2370 2636 2421 οἱ
2678 2369 2873 2438 ὁμαλοὶ
2897 2370 2939 2399 ¹⁶
2958 2369 3250 2439 περίπατοι
3278 2369 3387 2421 τῶν
3418 2370 3710 2439 ἀνωμάλων
3740 2386 3885 2422 uoma-

2367 2458 2617 2531 ρώτεροι,
2653 2462 2787 2513 διότι
2824 2463 2857 2530 ἡ
2892 2460 3063 2531 πολλὴ
3094 2460 3309 2530 κίνησις
3340 2465 3485 2514 ποιεῖ
3542 2463 3730 2515 κόπον·
3759 2461 3885 2528 πολλὴ

2363 2550 2409 2602 δ’
2438 2552 2470 2621 ἠ
2503 2551 2733 2623 συνεχὴς
2766 2553 2859 2605 καὶ
2893 2551 3012 2621 μία.
3066 2554 3131 2603 At
3177 2552 3220 2581 "
3246 2552 3290 2604 δ’
3326 2552 3603 2623 ἀνώμαλοι
3652 2552 3776 2606 κατὰ
3817 2549 3886 2609 τὰς

2368 2644 2674 2714 μεταϐολὰς
2703 2645 2951 2698 ποιοῦσιν
2978 2644 3287 2697 ἀνάπαυσιν
3308 2661 3323 2675 ·
3346 2646 3405 2696 ἐν
3432 2645 3487 2697 δὲ
3512 2647 3621 2707 τοῖς
3646 2643 3833 2713 ὁμαλοῖς
3858 2640 3886 2671 ¹⁸

2366 2737 2400 2806 ἡ
2429 2737 2683 2807 ὁμοιότης
2726 2735 2817 2788 τοῦ
2855 2736 3135 2805 σχήματος
3185 2736 3561 2806 ἀπεργάζεται
3617 2736 3792 2804 συνεχῆ
3817 2732 3885 2801 τὴν

2366 2830 2601 2898 κίνησιν.
2644 2829 2767 2879 Ὅτι
2798 2826 3196 2898 ἐξονειρωτικοὶ
3230 2830 3277 2880 οί
3311 2828 3633 2892 κοπιῶντες,
3656 2827 3773 2879 διότι
3799 2826 3887 2893 85p-

2371 2919 2446 2988 μὰ
2482 2919 2574 2970 καὶ
2604 2917 2858 2987 κάθυγρα
2888 2916 2956 2967 τὰ
2998 2914 3226 2985 σώματα
3258 2915 3470 2983 γίνεται
3500 2916 3585 2968 διὰ
3620 2916 3712 2984 τὴν
3739 2914 3884 2978 σύντη-

2367 3011 2468 3076 ξιν.
2510 3010 2572 3061 Ἦ
2601 3010 2657 3062 δὲ
2682 3008 2908 3079 τοιαύτη
2958 3007 3199 3067 διάθεσις
3256 3008 3627 3077 σπερματική.
3688 3000 3884 3058 Ὀτικαὶ

2369 3102 2551 3154 ὕπτιοι
2578 3102 2933 3153 κατάκεινται
2961 3100 3047 3153 διὰ
3075 3099 3174 3170 τὴν
3202 3099 3443 3153 ἔκλυσιν.
3494 3099 3743 3168 Συνεργεῖ
3770 3095 3816 3147 δὲ
3842 3092 3885 3144 τὸ

2369 3193 2555 3264 σχῆμα
2586 3192 2746 3245 τοῦτο
2770 3193 2862 3244 καὶ
2892 3192 3028 3261 πρὸς
3054 3193 3183 3253 τοὺς
3206 3189 3648 3261 ὲξονειρωγμούς.
3686 3187 3786 3259 [86!
3816 3178 3882 3250 IL]

2373 3289 2496 3339 Ὂτι
2554 3287 2623 3338 τὰ
2666 3286 2811 3355 ὑγρὰ
2842 3283 3072 3353 σώματα
3111 3282 3501 3355 κοπιαρώτερα
3528 3282 3633 3335 τῶν
3662 3276 3882 3347 σκληρῶν.

2364 3378 2500 3431 διότι
2526 3378 2910 3445 ἀσθενέστερα,
2948 3378 2996 3429 εί
3057 3379 3149 3430 καὶ
3195 3376 3355 3431 ἄλλον
3402 3376 3600 3447 τρόπον
3626 3374 3690 3428 τὰ
3721 3366 3883 3437 σκληρᾶ

2364 3470 2805 3539 εὐθραυστότερα
2833 3468 2896 3519 ⁸⁵.

682 3564 933 3635 Ejusdem
962 3565 1027 3619 de
1070 3564 1467 3629 animantibus,
1500 3580 1617 3633 qua:
1666 3580 1783 3617 cum
1810 3564 1964 3632 copia
1992 3565 2257 3618 visuntur.

2370 3562 2481 3615 Τοῦ
2514 3561 2701 3615 αὐτοῦ
2729 3564 2772 3593 ²⁰
2801 3563 2868 3616 ἐκ
2890 3561 2995 3615 τοῦ
3020 3561 3151 3635 περὶ
3175 3559 3292 3613 τῶν
3315 3561 3544 3630 ἀθρόως
3571 3556 3882 3631 φαινομένων

746 3717 1117 3772 Animantium
1137 3718 1283 3789 (25“)
1306 3735 1427 3788 qua:
1443 3734 1565 3773 cum
1586 3719 1736 3789 copia
1755 3720 2023 3782 visuntur,
2041 3735 2146 3774 non
2164 3737 2258 3774 ea-

676 3811 798 3864 dem
832 3819 915 3862 cst
946 3811 1192 3863 omnium
1219 3828 1387 3865 causa
1410 3828 1423 3862 :
1450 3812 1542 3865 sed
1571 3814 1675 3865 alia
1708 3814 1901 3865 horum
1931 3823 2261 3880 generantur

678 3906 884 3967 subito,
919 3912 979 3957 ut
1006 3920 1232 3968 muscae,
1265 3920 1386 3972 qua:
1408 3906 1459 3958 in
1494 3906 1830 3960 exercitibus
1878 3916 1931 3961 et
1976 3907 2257 3959 hominum

678 3996 1011 4065 frequentia,
1042 4009 1097 4051 et
1142 3997 1292 4051 hisce
1331 3998 1521 4062 finitis,
1573 3997 1757 4065 plures
1792 4008 2051 4065 praetcrea
2103 3997 2258 4052 fiunt.

676 4087 864 4142 Fimus
922 4087 1071 4141 enim
1136 4096 1189 4142 et
1231 4088 1464 4141 aliarum
1519 4103 1697 4142 rerum
1755 4090 2008 4157 putredo,
2063 4089 2256 4141 harum

678 4190 835 4233 ortus
878 4196 1067 4234 causa.
1098 4179 1219 4233 Alia
1241 4194 1368 4233 vero
1394 4180 1545 4249 prius
1576 4180 1795 4248 quidem
1830 4179 2125 4241 exsistunt,
2163 4179 2259 4233 sed

676 4284 944 4342 apparent
978 4273 1349 4342 postpluvias,
1387 4286 1446 4325 ut
1472 4272 1737 4332 cochleze,
1768 4280 1825 4324 et
1860 4285 2040 4345 parva:
2088 4287 2254 4325 ranze.

677 4363 796 4416 Non
827 4365 971 4417 enim
1008 4364 1188 4432 pluvia
1216 4363 1497 4425 decidunt,
1538 4370 1596 4415 ut
1621 4360 1873 4414 nonnulli
1912 4369 2127 4429 putant,
2162 4362 2256 4415 sed

680 4468 810 4511 tunc
856 4457 1140 4525 prodeunt,
1205 4470 1332 4509 cum
1380 4465 1538 4508 antea
1598 4455 1650 4506 in
1684 4462 1827 4507 terra
1852 4451 2076 4517 fuerint,
2111 4457 2255 4522 quod

679 4565 820 4619 aqua
847 4553 899 4602 in
936 4567 1125 4605 eorum
1170 4549 1443 4603 foramina
1473 4548 1684 4601 inﬂuat.
1719 4546 1813 4601 Est
1846 4549 2064 4601 ctaliud
2099 4565 2259 4603 rana-

679 4659 799 4696 rum
834 4660 1007 4711 genus
1040 4652 1232 4712 prmter
1253 4658 1349 4697 eas
1380 4656 1499 4709 quire
1537 4640 1588 4693 in
1618 4640 1847 4694 lacubus
1879 4648 1933 4693 et
1966 4640 2256 4709 paludibus

678 4745 829 4791 sunt.
861 4734 1265 4788 Multitudinem
1299 4744 1479 4787 autem
1531 4734 1724 4787 harum
1754 4743 1808 4787 et
1850 4733 2079 4788 aliarum
2113 4734 2257 4806 [ani-

682 4825 972 4897 mantium]
1006 4826 1178 4896 gignit
1218 4828 1460 4894 ipsarum
1508 4826 1863 4895 prosperitas.
1897 4806 2101 4882 Potius.
2134 4836 2257 4897 post

3055 3632 3229 3691 ζώων.

2436 3724 2559 3776 Ὅτι
2585 3724 2694 3776 τῶν
2723 3724 2919 3793 ἁθρόον
2941 3723 2986 3755 ’ί
3020 3724 3365 3793 φαινομένων
3408 3722 3563 3786 ζώων
3603 3722 3691 3790 οὐχ
3727 3714 3881 3790 ἡαῦτὴ

2363 3817 2582 3868 πάντων
2606 3816 2777 3877 αἰτία,
2805 3815 2945 3867 ἀλλὰ
2974 3815 3081 3866 τῶν
3114 3815 3213 3883 μὲν
3248 3814 3343 3867 καὶ
3367 3817 3401 3885 ἡ
3426 3816 3633 3881 γένεσις
3653 3812 3792 3871 εὐθὺς
3805 3824 3880 3875 φαο

2361 3906 2517 3974 νερᾶι,
2564 3906 2754 3974 ὥσπερ
2805 3906 2913 3959 τῶν
2944 3906 3116 3975 μυιῶν
3140 3907 3208 3971 ⁸⁸,
3239 3906 3294 3958 αἳ
3320 3909 3378 3959 ὲν
3404 3911 3515 3971 τοῖς
3559 3902 3879 3977 στρατοπέως

2362 3998 2458 4051 καὶ
2479 3999 2534 4050 ὲν
2562 4000 2682 4061 ταῖς
2712 3998 3051 4069 πανηγύρεσι
3082 3998 3177 4051 καὶ
3213 3999 3353 4067 μετά
3381 3999 3443 4051 τὸ
3485 3999 3757 4068 παρελθεῖν
3777 3992 3878 4046 αὐτὰ

2361 4091 2443 4144 ἔτι
2475 4091 2674 4160 μᾶλλον
2709 4092 2985 4159 γίνονται*
3021 4092 3225 4145 τούτων
3255 4092 3363 4163 γὰρ
3394 4094 3429 4164 ἦ
3460 4110 3519 4146 τε
3558 4094 3744 4162 κόπρος
3771 4084 3880 4141 αἰτία

2361 4185 2454 4236 καὶ
2495 4187 2526 4252 ἡ
2566 4184 2672 4236 τῶν
2707 4184 2881 4237 ἄλλων
2916 4184 3097 4253 σῆψις.
3140 4186 3309 4239 Ἀλλα
3337 4185 3397 4237 δὲ
3446 4186 3765 4256 προῦπάρχει
3791 4176 3878 4245 μὲν.

2358 4274 2676 4342 ἐκφαίνεται
2702 4276 2749 4305 ’³
2773 4275 2831 4327 δὲ
2858 4275 2947 4327 διὰ
2973 4276 3096 4338 τοὺς
3131 4276 3341 4341 ὑετοὺς,
3366 4276 3555 4346 ὥσπερ
3575 4275 3693 4327 οἵτε
3716 4268 3879 4338 κοχλίαι

2357 4369 2454 4418 καὶ
2506 4368 2557 4419 οἱ
2607 4368 2796 4437 μικροὶ
2846 4367 3141 4436 βάτραχον
3198 4368 3258 4420 οὺ
3291 4367 3403 4437 γὰρ
3456 4367 3654 4430 ὕονται,
3684 4362 3751 4423 ὦς
3772 4370 3879 4413 τινες

2355 4458 2637 4530 ᾠήθησαν,
2664 4460 2799 4513 ἀλλὰ
2828 4459 3221 4530 προφαίνονται
3260 4460 3442 4528 μόνον,
3479 4459 3615 4512 κατὰ
3652 4458 3746 4524 γῆς
3784 4448 3877 4500 ὄντα

2358 4551 2645 4621 πρότερον,
2678 4551 2767 4603 διὰ
2790 4552 2849 4603 τὸ
2884 4555 3090 4622 εἰσρεῖν
3112 4554 3173 4604 τὸ
3210 4552 3351 4620 ὕδωρ
3404 4552 3483 4613 εἰς
3538 4549 3634 4611 τὰς
3682 4541 3877 4607 θαλάμας

2357 4643 2555 4697 αὐτῶν.
2596 4644 2757 4695 Ἀλλο
2786 4645 2843 4697 δὲ
2876 4644 3032 4712 γένος
3066 4647 3183 4698 ἐστὶ
3232 4643 3393 4698 τοῦτο
3451 4642 3725 4714 βατράχων
3763 4632 3878 4699 παρὰ

2356 4734 2417 4787 τὸ
2450 4736 2506 4787 ἐν
2535 4738 2656 4798 ταῖς
2694 4737 2909 4806 λίμναις
2946 4739 3039 4790 καὶ
3086 4741 3198 4799 τοῖς
3232 4738 3498 4807 τέλμασι.
3549 4735 3619 4787 Τὸ
3642 4731 3693 4785 δὲ
3720 4722 3877 4791 πλῆθθς

2358 4829 2453 4881 καὶ
2485 4828 2647 4882 τοῦτο
2684 4831 2779 4883 καὶ
2820 4830 2930 4882 τῶν
2959 4831 3155 4896 ἄλλων,
3210 4832 3339 4884 ὅταν
3369 4830 3744 4901 εὐθηνήσωσιν.
3785 4816 3878 4867 Ὅτι

680 4917 840 4971 finem
876 4927 1244 4971 conventuum
1275 4924 1331 4970 et
1369 4918 1706 4971 exercituum
1742 4933 1902 4987 quam
1926 4919 2053 4973 dntn
2077 4919 2256 4974 adhuc

2368 4920 2566 4989 μᾶλλον
2591 4921 2636 4950 ’δ
2692 4923 2829 4992 μετά
2857 4923 2953 4985 τὰς
3002 4922 3274 4985 διαλύσεις
3304 4923 3398 4975 καὶ
3441 4922 3545 4974 τῶν
3571 4910 3878 4984 ’πανηγύρεων

676 5011 899 5074 durant,
934 5023 1137 5062 muscae
1168 5008 1445 5061 oriuntur.
1475 5006 1757 5078 Contingit
1797 5012 1965 5075 enim,
2023 5012 2090 5065 iis
2117 5028 2253 5080 pra:-

678 5100 965 5166 sentibus,
1047 5108 1267 5169 propter
1322 5099 1667 5167 quotidianos
1724 5115 1853 5153 usus
1918 5112 1974 5156 et
2054 5113 2254 5163 inotus,

2362 5014 2457 5066 καὶ
2486 5014 2596 5067 τῶν
2622 5017 3067 5086 στρατοπέδων,ἢ
3096 5016 3175 5069 ἔτι
3196 5016 3620 5086 συνισταμένων.
3638 5012 3685 5063 at
3704 5004 3830 5076 μυῖαι
3843 4994 3877 5086 ξ’

2363 5106 2625 5173 γίνονται.
2660 5107 2954 5177 Συμϐαίνει
2985 5084 3091 5177 γὰρ
3120 5108 3403 5178 παρόντων
3429 5084 3532 5177 μὲν
3566 5104 3647 5157 διὰ
3676 5096 3760 5157 τὰς
3779 5084 3876 5145 καθ’

1971 5260 2203 5316 VARUS
2244 5262 2538 5319 LECTION
2548 5265 2649 5324 ES.

754 5374 796 5406 ³³
825 5373 918 5425 τοῦ
954 5374 1117 5427 αὐτοῦ
1148 5391 1257 5429 om.
1287 5376 1354 5428 Α.
1434 5376 1475 5407 ¹⁸
1505 5374 1837 5429 ἀναϐαίνειν.

680 5445 722 5477 ¹⁷
752 5444 826 5514 αἱ1
860 5446 1041 5497 malint
1097 5447 1166 5499 oi.
1291 5448 1333 5478 ⁸⁸
1362 5446 1617 5516 ὀμαλέσιν
1644 5446 1708 5499 Α.

679 5517 724 5546 ²⁰
755 5516 858 5567 Τοῦ
894 5516 1061 5587 αὐτος),
1118 5518 1312 5570 om.A.
1416 5518 1457 5547 "
1492 5517 1700 5587 ἀθρόως
1734 5516 1791 5569 Β.

683 5588 858 5651 αἰτίας
883 5603 995 5642 om.
1031 5586 1091 5641 B.
1172 5590 1215 5620 ’⁵
1252 5588 1383 5657 μῦαι
1409 5587 1473 5642 Λ.

1887 5517 1931 5547 ⁸³
1971 5518 2121 5584 μυιῖιν
2153 5523 2216 5572 Α.

1940 5374 1993 5445 ¹⁸γ
2021 5375 2370 5432 καταϐαίνειν
2396 5380 2436 5431 Β
2468 5398 2481 5434 :
2520 5381 2872 5435 καταϐαίνειν
2912 5412 2980 5421 —
3007 5382 3319 5435 ἀναϐαίνειν
3347 5398 3407 5445 ς.
3516 5378 3558 5408 ’⁸
3614 5375 3681 5441 ὀμ
3714 5374 3750 5445 3:!

1840 5444 2348 5522 “pratundtspa
2377 5451 2434 5511 B,
2491 5452 2891 5522 εὐθρασέστιρα
2977 5454 3257 5521 ς.Λσ]υἱιΙ
3312 5435 3525 5510 habeat,
3588 5435 3875 5522 iitinnlf‘l‘ﬂf

2292 5523 2337 5553 ³³
2355 5524 2477 5588 ἐκφ.
2511 5522 2567 5575 δὲ
2598 5522 2641 5575 Δ
2676 5540 2689 5587 ;
2725 5524 2817 5575 καὶ
2847 5525 2968 5590 ὲκφ.
2998 5541 3059 5587 ς.
3134 5524 3169 5555 ’³

3516 5378 3558 5408 ’⁸
3614 5375 3681 5441 ὀμ
3714 5364 3805 5441 ἱεῖς
3828 5355 3874 5441 β·

3134 5500 3289 5575 5'73}:
3586 5548 3597 5554 -
3629 5507 3763 5567 5281)
3804 5500 3873 5552 57⁸

2192 5697 2425 5754 NOTAE.

753 5821 897 5881 (25η
935 5822 1062 5877 Vide
1092 5821 1317 5877 Luciani
1358 5824 1423 5877 de
1454 5838 1640 5877 musca
1677 5823 1935 5889 libellum,
1976 5832 2025 5877 et
2052 5822 2329 5877 Giralduni
2365 5820 2426 5875 de
2459 5818 2563 5874 Diis
2592 5822 2852 5891 gentium.
