4020 6456
268 462 385 525 297

1268 462 1796 524 BIBLIOTHECA.
1839 489 1905 499 -
1957 462 2123 523 COD.
2157 461 2568 524 CCLXXVIII.

3458 469 3565 532 298

271 570 559 643 ημερινάς
593 569 785 641 χρείας
819 570 914 623 καὶ
939 587 1184 640 κινησεις
1205 569 1373 643 [1575
1411 570 1504 644 8.]
1548 571 1867 642 φθείρεσθαι

1979 572 2246 642 corrumpi
2293 572 2675 643 generationes
2703 588 2915 641 earum,
2949 585 3103 632 motu
3125 591 3343 648 semper
3372 593 3430 636 et
3449 598 3563 635 mu.

270 665 387 727 τὰς
425 663 672 737 γενέσεις
694 660 897 726 αὐτῶν,
954 663 1220 730 κινήσεως
1279 663 1370 716 ἀεὶ
1426 663 1523 717 καὶ
1573 662 1878 733 μεταϐολῆς

271 754 608 827 γινομένης,
645 753 725 815 ώς
752 754 799 785 ³⁸
826 756 886 808 ἐν
913 757 1026 818 τοῖς
1054 755 1256 819 ἄλλοις,
1287 757 1383 810 καὶ
1404 757 1487 820 ῖὲν
1531 757 1718 818 αὐτοῖς
1762 758 1877 817 τοῖς

274 847 647 916 καθάρμασιν
669 844 1088 916 ὲκϐαλλομὲνοις
1120 845 1302 900 αὐτῶν
1322 864 1337 878 ο
1365 847 1495 901 ὅταν
1524 846 1580 900 δὲ
1611 845 1878 899 διαλυθῶ-

276 956 401 1003 σιν,
435 938 673 1009 ἡσυχίας
701 938 996 1009 γινομένης
1019 938 1159 1007 ταχὺ
1190 938 1526 994 συντελεῖται
1571 939 1661 993 διά
1690 939 1752 992 τὸ
1801 939 1877 1011 μὴ

274 1029 386 1081 ὑπ’
412 1029 629 1093 οὐδενὸς
655 1029 985 1097 κωλύεσθαι,
1034 1032 1231 1101 μέχρις
1252 1030 1298 1061 ³⁷
1332 1023 1392 1085 οὗ
1424 1029 1491 1085 ἂν
1542 1030 1783 1102 ξηρανθῇ
1818 1032 1879 1084 τὸ

275 1124 347 1174 ὲν
381 1124 496 1186 τοῖς
527 1122 883 1193 καθάρμασιν
938 1122 1127 1193 ὑγρόν.
1173 1122 1238 1175 Ἦ
1274 1116 1376 1193 μὲν
1424 1121 1518 1176 οὖν
1564 1122 1675 1175 τῶν
1705 1123 1878 1194 μυιῶν

277 1214 504 1281 γένεσις
532 1214 756 1282 ταχεῖαν
772 1211 818 1243 ³⁸
836 1214 934 1267 καὶ
958 1212 1180 1280 πολλὴν,
1203 1212 1538 1283 ώςξεῖρηται,
1553 1212 1652 1284 τὴν
1667 1216 1879 1281 γένεσιν

279 1304 585 1379 λαμϐάνει·
639 1305 690 1358 οί
742 1304 799 1358 δὲ
827 1303 1106 1359 ἀττέλεϐοι
1132 1306 1227 1358 καὶ
1262 1306 1318 1358 αἱ
1346 1304 1573 1377 ἀκρίδες
1602 1305 1878 1375 πανταχοῦ

285 1399 393 1471 μέν
418 1400 579 1460 εἰσιν,
605 1398 682 1469 ώς
712 1400 909 1464 εἰπεῖν,
940 1398 1204 1467 πλήθεται
1222 1397 1279 1451 δὲ
1301 1397 1477 1453 ταῦτα
1500 1396 1579 1470 τῷ
1598 1415 1659 1450 τε
1682 1398 1878 1461 τόπους

281 1494 527 1554 οἰκείους
564 1490 869 1561 λαμϐάνειν
912 1492 1010 1545 καὶ
1040 1491 1120 1562 τῷ
1157 1489 1233 1563 μὴ
1256 1490 1667 1563 διαφθείρεσθαι
1697 1491 1876 1545 αὐτῶν

282 1582 360 1635 τὰ
388 1581 495 1647 ώὰ,
518 1581 548 1634 ὃ
588 1580 879 1651 συμϐαίνει
916 1580 1006 1635 διὰ
1032 1580 1133 1652 τὴν
1183 1580 1385 1652 ἀργίαν
1414 1582 1513 1646 τῆς
1558 1579 1777 1653 χώρας·
1817 1582 1877 1634 ὲν

285 1674 400 1743 γὰρ
456 1675 524 1744 τῇ
582 1672 976 1745 γεωργουμένη
1028 1671 1381 1727 ἀπόλλυνται.
1416 1672 1508 1725 Διὸ
1557 1674 1651 1726 καὶ
1688 1674 1752 1727 ὲκ
1774 1673 1876 1743 τῆς

286 1765 506 1834 ἐρήμου
534 1764 629 1815 καὶ
657 1762 937 1834 ἁργούσης
975 1762 1380 1834 καταφέρονται
1400 1762 1537 1835 πρὸς
1564 1764 1665 1835 τὴν
1698 1766 1878 1818 οἰκου-

289 1856 466 1924 μένην
498 1852 596 1906 καὶ
615 1852 942 1924 ἐργάσιμον.
980 1854 1384 1924 Ἑγχρονίξουσι
1413 1855 1469 1909 δὲ
1506 1856 1539 1927 ἢ
1569 1855 1659 1909 διὰ
1690 1855 1750 1909 τὸ
1776 1873 1875 1909 πε-

1981 659 2189 713 tatione
2224 658 2388 722 facta,
2419 675 2531 730 quo
2559 661 2725 717 modo
2775 671 2831 717 et
2867 663 2922 719 in
2959 664 3084 721 aliis
3142 666 3364 732 occidit,
3394 668 3475 721 sic
3513 681 3563 722 et.

1980 746 2034 801 in
2068 746 2157 802 his
2185 762 2311 802 cum
2365 747 2627 804 sordibus
2664 749 2874 819 ejectis.
2923 750 3157 816 Quando
3202 767 3337 808 vero
3385 755 3565 812 soluta

1980 835 2187 893 fuerint
2238 850 2443 903 castra,
2491 849 2548 895 et
2594 852 2918 905 conventus,
2957 844 3140 913 quiete
3184 845 3348 911 facta,
3382 851 3566 902 statim

1981 936 2334 995 generantur.
2378 928 2509 997 quia
2568 943 2730 983 nemo
2780 930 3053 999 prohibet,
3102 932 3278 989 donec
3326 934 3380 987 in
3438 934 3570 1004 ipsi-

1980 1019 2343 1088 sterquiliniis
2379 1020 2575 1074 humor
2630 1023 2869 1086 exaruit,
2914 1039 3137 1087 muscaa,
3188 1033 3270 1080 ut'
3300 1025 3563 1092 diximus,
3674 1022 3677 1025 λ

1979 1111 2251 1178 celeriter,
2286 1122 2335 1167 et
2366 1128 2492 1167 cum
2526 1114 2685 1185 copia
2716 1114 3048 1185 gignuntur:
3109 1117 3265 1171 bruci
3321 1134 3453 1172 vero
3510 1131 3566 1173 et

1978 1202 2207 1259 locusta:
2234 1204 2440 1275 ubique
2472 1212 2622 1269 sunt,
2652 1214 2714 1261 ut
2755 1207 2837 1260 sic
2865 1207 3067 1263 dicam.
3103 1209 3401 1264 Abundant
3424 1225 3560 1265 vero

1978 1297 2109 1365 quia
2151 1298 2372 1368 propria
2407 1298 2523 1353 loca
2580 1309 2877 1369 occupant,
2933 1309 2990 1355 et
3049 1316 3239 1356 eorum
3292 1318 3392 1358 ova
3454 1320 3567 1359 non

1977 1394 2427 1461 corrumpuntur.
2467 1391 2684 1448 Accidit
2716 1393 2821 1449 hoc
2848 1394 2976 1465 quia
3014 1409 3124 1449 non
3157 1396 3358 1450 colitur
3390 1398 3563 1467 regio.

1981 1480 2037 1535 Si
2066 1482 2211 1536 enim
2239 1497 2369 1553 ager
2390 1484 2624 1547 colatur,
2657 1485 3097 1557 exsﬁnguuntur,
3118 1486 3243 1542 inde
3270 1502 3336 1542 ex
3352 1488 3565 1544 deserta

1977 1582 2032 1629 et
2056 1573 2263 1630 inculta
2290 1574 2515 1645 regione
2545 1576 2795 1633 feruntur
2824 1576 2895 1631 ad
2924 1576 3242 1648 frequenter
3264 1579 3564 1635 habitatam

1977 1673 2033 1722 et
2060 1667 2280 1723 cultam.
2310 1666 2509 1739 528a
2552 1668 2763 1724 Durant
2796 1684 2927 1725 vero
2963 1669 3080 1736 diu,
3114 1671 3200 1726 vel
3235 1656 3381 1743 quia
3410 1673 3564 1729 locus

1977 1758 2104 1813 altis
2133 1759 2412 1815 montibus
2446 1760 2702 1831 cingitur,
2756 1769 2812 1815 et
2844 1761 2944 1817 hos
2968 1776 3229 1831 superare
3296 1777 3405 1817 non
3468 1778 3566 1818 va-

1977 1850 2114 1916 lent,
2142 1852 2226 1907 vel
2251 1861 2476 1923 propter
2503 1853 2949 1908 commoditatem
2970 1854 3246 1926 regionis:
3279 1856 3404 1912 talis
3455 1865 3562 1919 est,

288 1943 579 2015 ριέχεσθαι
608 1945 669 1997 τὸ
718 1944 921 2013 χωρίον
958 1943 1143 2014 ὄρεσιν
1195 1945 1421 2016 ὑψηλοῖς
1452 1948 1547 2000 καὶ
1602 1947 1877 2019 ὑπερᾶραι

1980 1943 2182 2010 mollis,
2225 1946 2541 2016 tranquilla,
2576 1955 2629 2000 et
2664 1946 2911 2011 humida,
2946 1956 3001 2002 et
3028 1946 3266 2002 roscida.
3328 1948 3565 2005 Molesta

284 2035 468 2089 ταῦτα
503 2036 582 2106 μὴ
610 2037 895 2101 δύνασθαι,
926 2036 958 2105 ἢ
986 2036 1075 2089 διὰ
1097 2037 1157 2089 τὸ
1192 2038 1497 2108 ἐπιτήδειον
1537 2038 1637 2109 τῆς
1661 2037 1873 2110 χώρας

285 2128 516 2197 τοιαύτη
546 2127 605 2180 δὲ
634 2128 670 2197 ἡ
703 2142 762 2179 τε
795 2124 1135 2197 μαλακὴκαὶ
1168 2128 1350 2183 νοτίδα
1390 2129 1590 2200 ἔχουσα
1630 2132 1723 2183 καὶ
1751 2130 1877 2202 δρο-

294 2220 531 2282 σοϐόλος.
570 2219 820 2273 Χαλεπαὶ
853 2218 952 2290 μὲν
979 2219 1075 2273 οὖν
1130 2222 1226 2274 καὶ
1257 2223 1314 2273 αἱ
1357 2222 1601 2293 ἀκρίδες,
1630 2223 1880 2293 χαλεπώ-

297 2329 441 2383 tepor
471 2312 528 2365 δὲ
571 2312 621 2364 οἱ
675 2311 979 2378 άττὲλεϐοι,
1020 2312 1347 2365 καὶτούτων
1381 2313 1619 2382 μάλιστα
1647 2312 1742 2376 οὓς
1775 2331 1877 2367 κα-

302 2403 454 2455 λοῦτι
482 2403 748 2474 βρούκους
779 2403 847 2457 ’³.
898 2402 963 2456 Ἦ
989 2402 1046 2456 δὲ
1071 2403 1284 2471 γένεσις
1311 2405 1492 2458 αὐτῶν
1517 2405 1574 2470 ἐξ
1608 2404 1874 2478 ἀλλήλων.

304 2494 457 2558 Τινὲς
475 2496 525 2548 δὲ
566 2494 775 2548 οἴονται
805 2496 906 2548 οὐκ
929 2495 1153 2566 ἀκριϐεῖ
1175 2496 1408 2566 σημείῳ,
1439 2495 1516 2567 τῷ
1550 2497 1801 2568 χρώματι
1831 2498 1876 2529 ³ο

300 2586 659 2656 παραπλήσιά
684 2603 840 2649 τινας
884 2586 1066 2639 αὐτῶν
1093 2585 1238 2657 ἔχειν
1265 2590 1377 2649 τοῖς
1409 2588 1467 2639 ὲν
1494 2590 1560 2658 τῇ
1592 2587 1765 2658 χώρᾳ,
1793 2590 1876 2642 ὅτι

292 2681 387 2731 καὶ
413 2679 748 2750 αὐτόματοςο
778 2678 937 2749 δῆλον
960 2679 1070 2751 γὰρ
1125 2680 1207 2733 ὅτι
1260 2680 1323 2733 τὸ
1357 2680 1599 2734 τοιοῦτον
1623 2681 1732 2735 ἀπὸ
1776 2681 1876 2752 τῆς

287 2771 519 2841 τροφῆς,
546 2771 666 2824 ἀλλ’
693 2771 793 2825 οὐκ
821 2770 930 2825 ἀπὸ
956 2770 1059 2841 τῆς
1113 2772 1383 2841 γενέσεως
1428 2772 1877 2843 προσλαμϐάνου-

292 2880 398 2916 σιν.
452 2863 517 2917 Ἡ
545 2865 603 2916 δὲ
628 2862 808 2933 φθορά
835 2863 1039 2917 τούτων
1067 2865 1101 2934 ἠ
1131 2864 1229 2934 μέν
1250 2865 1395 2918 ἐστιν
1416 2859 1526 2918 οἷον
1564 2866 1767 2936 φυσική
1792 2882 1877 2929 τις

290 2953 389 3006 καὶ
414 2952 691 3023 λοιμώδης
715 2953 844 3025 (ὑπὸ
894 2951 1030 3006 κύνα
1056 2955 1164 3025 γὰρ
1215 2953 1439 3024 οἰστρᾷ,
1473 2954 1571 3007 καὶ
1601 2944 1885 3023 ἑγγίνεταί

292 3061 344 3098 τι
369 3044 681 3113 σκωλήκιον
711 3047 768 3097 ὲν
807 3047 873 3116 τῇ
920 3045 1152 3117 κεφαλῇ,
1183 3049 1277 3098 καὶ
1308 3044 1634 3117 φθείρεται),
1672 3046 1705 3117 ἡ
1734 3045 1792 3099 δὲ
1818 3048 1877 3100 ὲν

288 3140 357 3208 τῇ
392 3139 754 3208 μετακινήσει
788 3136 885 3190 καὶ¹
940 3140 1007 3207 τῇ
1040 3137 1269 3208 πτήσει’
1297 3137 1428 3190 ὅταν
1476 3138 1583 3208 γὰρ
1612 3136 1874 3208 ἀρθῶσιν,

288 3228 401 3282 ὑπὸ
427 3228 541 3281 τῶν
564 3228 784 3299 ἀνέμων
818 3229 1217 3299 καταφέρονται
1240 3228 1322 3290 εἰς
1347 3227 1446 3299 τὴν
1479 3228 1753 3282 θάλασσαν
1781 3228 1876 3281 καὶ

292 3323 638 3397 φθείρονται.
681 3322 810 3395 [862
832 3322 927 3397 IL]
956 3324 1272 3395 Φθείρονται
1296 3324 1355 3377 δὲ
1384 3323 1479 3377 καὶ
1511 3322 1599 3376 διά
1633 3324 1876 3395 χειμῶνα

290 3418 390 3470 καὶ
416 3415 592 3486 ψύχος
626 3417 721 3469 καὶ
754 3416 895 3469 αὐτὰ
931 3416 1027 3469 καὶ
1059 3417 1125 3469 τὰ
1171 3415 1257 3469 ώά
1307 3416 1511 3471 αὐτῶν.
1563 3415 1877 3488 Φθείρονται

291 3508 351 3561 δὲ
373 3510 473 3561 καὶ
504 3512 571 3560 ἐκ
606 3508 853 3579 μηχανῆς
884 3505 1218 3579 ἀνθρώπων
1259 3507 1501 3578 τάφρους
1525 3509 1635 3579 γὰρ
1660 3507 1878 3561 ποιοῦν-

290 3616 387 3665 τες
409 3600 828 3654 συνελαύνουσιν
862 3600 1002 3655 αὑτά
1027 3602 1108 3664 είς
1150 3600 1322 3663 αὑτὰς
1369 3600 1434 3665 ³¹,
1467 3600 1563 3653 καὶ
1596 3617 1879 3671 καταχων-

292 3690 488 3754 νύντες
507 3689 932 3761 διαφθείρουσιν.
966 3690 1090 3743 Ὅτι
1112 3689 1245 3759 πῶν
1274 3689 1452 3760 ὄφεων
1496 3687 1588 3742 δύο
1617 3690 1738 3744 τινὰ
1780 3690 1880 3761 τῆς

294 3783 568 3851 γενέσεως
596 3781 746 3836 αἴτιά
773 3783 920 3836 ἐστιν
942 3797 960 3817 ο
993 3783 1029 3856 ἢ
1061 3782 1170 3854 γὰρ
1200 3782 1306 3854 ἀὴρ
1335 3782 1628 3855 ἔπομϐρος,
1657 3784 1692 3855 ἢ
1722 3783 1882 3838 πόλε-

301 3894 394 3947 μοι
452 3877 552 3929 καὶ
605 3875 792 3947 χύσεις
823 3876 1095 3947 αἱμάτων,
1140 3877 1170 3930 ὃ
1208 3878 1396 3948 σχεδὸν
1450 3879 1548 3932 καὶ
1575 3878 1881 3950 τώνξᾶλλων

298 3970 510 4040 θηρίων
534 3969 635 4038 τῆς
663 3969 931 4039 γενέσεως
960 3972 1152 4025 αἴτιον.
1196 3970 1287 4035 Ἐξ
1313 3964 1375 4026 οὗ
1427 3989 1560 4025 ποτε
1608 3976 1702 4027 καὶ
1750 3972 1881 4045 περὶ

299 4058 599 4113 Θετταλίαν
654 4060 857 4130 πλῆθος
894 4060 1072 4131 ὄφεων
1119 4061 1398 4133 ἱστοροῦσι
1448 4063 1723 4131 γενέσθαι.
1757 4065 1881 4118 Ὀτι

301 4153 398 4203 καὶ
428 4152 476 4203 οί
510 4149 647 4221 μύες
672 4152 730 4205 ὲν
757 4154 875 4215 ταῖς
899 4150 1161 4223 ἀρούραις
1187 4153 1379 4225 ἀθρόον
1400 4154 1659 4223 γίνονται,
1695 4157 1790 4209 καὶ
1822 4158 1880 4209 ἐν

299 4244 412 4304 τοῖς
444 4242 677 4312 αὐχμοῖς
700 4243 901 4312 μᾶλλον
931 4243 967 4316 ἢ
1005 4245 1064 4296 ὲν
1092 4247 1211 4309 ταῖς
1239 4247 1589 4317 ὲπομϐρίαις·
1623 4248 1881 4320 πολέμιον

300 4335 413 4403 γὰρ
443 4335 625 4397 αὐτοῖς
655 4334 727 4388 τά
758 4335 947 4389 ὕδατα.
981 4334 1283 4404 Πολύγονον
1304 4337 1363 4391 δὲ
1384 4338 1445 4391 τὸ
1488 4338 1646 4404 ζῶον.
1692 4340 1884 4393 Ἀπόλ-

301 4425 459 4479 λυται
491 4427 549 4479 δὲ
570 4429 638 4497 τῇ
677 4427 775 4498 μὲν
804 4429 1039 4498 ἐμφανεῖ
1071 4428 1169 4482 καὶ
1195 4428 1393 4492 ἔξωθεν
1421 4431 1596 4502 φθορᾷ
1633 4431 1718 4485 διὰ
1745 4432 1882 4504 πλῆ-

1978 2051 2144 2106 porro
2168 2045 2299 2093 sunt
2330 2038 2581 2102 locusta,
2608 2045 2665 2092 at
2692 2038 3042 2095 molestiores
3068 2040 3256 2097 bruci:
3286 2050 3340 2096 et
3367 2042 3564 2097 horum

1981 2130 2239 2195 maxime,
2278 2145 2420 2202 quos
2463 2140 2663 2186 vocant
2704 2131 2993 2198 baructos,
3020 2131 3117 2186 sed
3162 2148 3353 2186 eorum
3409 2142 3563 2187 ortus

1979 2239 2046 2277 ex
2076 2239 2194 2279 sese
2219 2225 2452 2279 invicem
2494 2234 2742 2279 mutuus.
2775 2223 2959 2293 Aliqui
3000 2238 3132 2278 vero
3186 2232 3396 2293 putant,
3453 2240 3563 2279 non

1978 2317 2217 2372 evidenti
2247 2318 2425 2387 signo,
2467 2317 2650 2372 colore
2688 2316 2896 2373 similes
2942 2316 3153 2386 aliquos
3198 2332 3389 2372 eorum
3442 2334 3566 2374 esse

1979 2410 2374 2480 regionalibus,
2430 2416 2622 2478 sponte
2671 2423 2768 2463 sua
2804 2405 3003 2463 nasci:
3039 2408 3386 2463 manifestum
3415 2409 3563 2465 enim

1979 2501 2125 2571 quod
2154 2502 2262 2556 tale
2290 2500 2419 2572 quid
2439 2516 2469 2555 a
2488 2500 2850 2565 nutrimento,
2892 2500 2986 2555 sed
3020 2502 3130 2556 rion
3160 2515 3191 2554 a
3213 2500 3565 2571 generatione

1978 2592 2269 2657 accipiant.
2303 2591 2596 2660 Corruptio
2624 2604 2755 2645 vero
2788 2590 2988 2644 horum
3028 2589 3158 2644 alia
3194 2590 3414 2659 quidem
3463 2606 3565 2645 na-

1977 2682 2171 2738 turalis
2220 2689 2306 2737 est
2345 2690 2400 2736 et
2464 2680 2766 2751 pestilens:
2799 2679 2905 2735 sub
2938 2677 3188 2733 canicula
3213 2677 3358 2732 enim
3393 2688 3564 2734 castro

1978 2776 2237 2847 agitatur,
2262 2783 2317 2829 et
2340 2773 2518 2829 oritur
2548 2773 2626 2828 illi
2661 2772 2997 2828 vermiculus
3022 2772 3075 2826 in
3104 2772 3302 2843 capite,
3350 2778 3407 2826 et
3437 2786 3563 2827 cor-

1979 2867 2253 2938 rumpitur
2280 2880 2296 2920 :
2326 2866 2430 2921 alia
2454 2881 2587 2921 vero
2606 2880 2673 2921 ex
2703 2874 2854 2920 motu
2884 2872 2940 2919 et
2968 2863 3179 2920 volatu.
3205 2861 3342 2917 Nam
3361 2862 3563 2919 sublati

1979 2958 2181 3033 [bruci]
2209 2976 2240 3014 a
2270 2958 2447 3014 ventis
2476 2958 2531 3013 in
2570 2973 2723 3013 mare
2753 2957 3008 3012 feruntur
3034 2966 3089 3011 et
3113 2964 3562 3031 corrumpuntur.

1977 3053 2416 3123 Corrumpuntnr
2438 3066 2570 3107 vero
2599 3051 2761 3106 etiam
2795 3058 3019 3120 propter
3045 3048 3277 3103 hiemem
3300 3058 3355 3103 et
3369 3045 3564 3118 frigus,
3610 3076 3618 3086 -

1978 3141 2079 3211 ipsi
2111 3154 2167 3197 et
2227 3156 2327 3196 ova
2359 3156 2549 3196 eorum
2583 3157 2597 3193 :
2633 3142 3061 3210 exstinguuntur
3094 3154 3225 3194 vero
3283 3148 3339 3195 et
3378 3137 3563 3194 homi-

1980 3250 2109 3288 num
2137 3234 2559 3290 machinatione.
2597 3232 2800 3290 Fossas
2832 3232 2979 3288 enim
3015 3230 3352 3298 effodientes,
3379 3231 3477 3286 hos
3507 3231 3565 3286 in
3620 3280 3623 3281 ν

1978 3338 2072 3379 eas
2104 3324 2385 3393 dejiciunt,
2421 3332 2478 3378 et
2510 3332 2656 3379 terra
2709 3325 3007 3379 obruentes
3040 3321 3392 3378 interﬁciunt.
3435 3319 3567 3376 Ser-

1978 3425 2166 3487 pentes
2190 3416 2402 3471 duabus
2429 3415 2495 3470 de
2517 3415 2701 3471 causis
2734 3416 2985 3471 oriuntur
3010 3430 3025 3468 :
3047 3415 3131 3470 vel
3156 3431 3186 3469 e
3211 3415 3348 3471 caelo
3381 3412 3565 3485 pluvio

1976 3506 2063 3560 vel
2093 3507 2145 3560 in
2181 3506 2343 3571 bello,
2379 3515 2434 3560 et
2489 3504 2705 3562 fusione
2756 3506 3060 3575 sanguinis,
3109 3507 3252 3560 unde
3275 3520 3411 3575 pene
3455 3506 3566 3561 alia

1978 3612 2199 3670 quoque
2228 3607 2494 3654 venenata
2536 3598 2797 3653 animalia
2837 3597 3126 3667 prodeunt.
3172 3596 3331 3652 Unde
3382 3594 3565 3667 quen-

1978 3691 2103 3747 dam
2134 3701 2189 3746 et
2233 3690 2288 3745 in
2354 3689 2639 3744 Thessalia
2681 3704 2935 3759 magnam
2990 3688 3145 3742 aiunt
3204 3697 3387 3743 natam
3440 3704 3565 3745 esse

1978 3782 2190 3852 copiam
2224 3790 2558 3850 serpentum.
2590 3779 2770 3836 Mures
2792 3779 2846 3833 in
2870 3778 3018 3849 arvis
3038 3778 3260 3848 plurimi
3311 3778 3467 3842 fiunt,
3510 3787 3567 3834 et

1982 3874 2154 3945 magis
2193 3872 2249 3927 in
2298 3872 2462 3926 siccis
2526 3886 2694 3942 quam
2745 3871 2801 3925 in
2834 3869 3116 3925 humidis:
3152 3867 3385 3923 inimica:
3416 3868 3567 3923 enim

1980 3968 2092 4025 illis
2119 3975 2249 4024 sunt
2290 3984 2465 4039 aquai.
2506 3965 2825 4022 Fecundum
2862 3975 3046 4021 autem
3085 3964 3290 4019 animal
3318 3971 3423 4019 est.
3452 3963 3556 4016 Μα-

1983 4061 2216 4117 nifcstus
2251 4046 2332 4116 eis
2364 4075 2429 4115 ex
2464 4074 2606 4129 aqua
2661 4058 2943 4113 interitus.
2992 4054 3106 4111 lllis
3150 4055 3302 4111 enim
3346 4065 3399 4110 et
3435 4053 3568 4109 foris

1983 4156 2232 4221 molesta,
2286 4163 2343 4209 et
2393 4154 2447 4209 in
2486 4169 2682 4209 eorum
2733 4165 2997 4208 cavernas
3058 4147 3258 4203 inﬂuit.
3302 4146 3572 4202 Occidunt

1980 4251 2146 4305 etiam
2216 4249 2342 4305 illos
2396 4247 2641 4303 mustelae
2702 4256 2964 4315 agrestes.
3006 4240 3367 4317 Occiduntur
3402 4238 3568 4294 etiam

1981 4341 2197 4397 occulto
2251 4348 2304 4394 et
2356 4336 2641 4408 frequente
2708 4335 3032 4407 pestilentia:
3089 4331 3257 4386 malo.
3317 4329 3573 4384 Nascitur

1982 4434 2129 4489 enim
2162 4433 2218 4488 in
2264 4432 2442 4503 capite
2479 4431 2723 4501 ipsorum
2753 4427 2956 4484 vermis
2990 4440 3153 4497 quem
3196 4423 3354 4494 periti
3383 4423 3573 4477 obser-

302 4520 395 4581 θος
424 4519 632 4573 ὑδάτων
656 4536 669 4550 ’
695 4519 854 4572 τοῦτο
887 4519 996 4591 γὰρ
1018 4521 1115 4573 καί
1145 4520 1249 4586 ἔξω
1272 4522 1523 4592 χειμάζει
1550 4524 1644 4576 καὶ
1672 4526 1753 4587 είς
1783 4525 1878 4587 τὰς

1985 4536 2197 4593 vantes,
2236 4541 2316 4591 re,
2342 4525 2559 4595 cognita
2584 4521 2914 4593 praesagiunt
2970 4535 3036 4573 ac
3082 4514 3449 4588 praenuntiant
3489 4516 3573 4568 in-

305 4612 557 4683 μυωπίας
608 4615 927 4684 παρεισρεῖ.
980 4613 1270 4684 Φθείρουσι
1323 4614 1370 4666 δ’
1420 4614 1618 4678 αὐτοὺς
1670 4616 1766 4669 καὶ
1818 4618 1875 4670 αἱ

1982 4622 2202 4677 teritum
2252 4615 2589 4673 earumdem.
2652 4613 2919 4668 Dicuntur
2966 4624 3151 4664 mures
3215 4608 3325 4692 (2:4)
3366 4606 3572 4661 ferrum

302 4704 493 4774 ἄγριαι
546 4703 735 4772 γαλαῖ.
799 4704 956 4756 Ἐστι
1006 4704 1052 4734 ³⁸
1104 4704 1162 4757 δέ
1188 4722 1275 4769 τις
1311 4704 1509 4766 αὐτῶν,
1549 4706 1644 4760 καὶ
1674 4706 1878 4779 ἀφανὴς

1989 4720 2045 4767 et
2071 4725 2267 4765 aurum
2341 4705 2646 4761 arrodere:
2688 4704 2812 4757 ideo
2856 4700 3116 4756 aurifabri
3172 4698 3278 4753 illis
3322 4697 3572 4752 dissectis

301 4798 398 4849 καὶ
424 4795 599 4866 ἁθρόα
633 4794 811 4866 φθορὰ
843 4795 1097 4867 καθάπερ
1140 4813 1224 4860 τις
1280 4796 1747 4868 ὲπισυμϐαίνουσα
1774 4798 1878 4852 λοι-

1992 4818 2185 4857 aurum
2232 4798 2602 4855 indetollunt.
2626 4796 2685 4850 ln
2713 4792 2948 4866 IEgypto
2976 4791 3218 4859 bipedes,
3262 4797 3317 4843 et
3347 4803 3572 4858 magnos

304 4889 493 4961 μώδης
514 4906 530 4920 ο
561 4889 811 4941 τίκτεται
842 4888 952 4959 γάρ
1000 4889 1098 4941 καὶ
1126 4888 1334 4951 τούτοις
1356 4889 1400 4921 ³³
1444 4893 1501 4942 ὲν
1546 4892 1613 4960 τῇ
1675 4890 1878 4963 κεφαλῇ

1994 4893 2149 4948 nasci
2179 4891 2465 4962 perhibent
2510 4903 2719 4943 mures.
2774 4884 2988 4943 [labent
3009 4882 3154 4936 enim
3185 4882 3239 4933 et
3271 4880 3572 4933 anteriores

304 4981 544 5050 σκώληξ,
578 4981 677 5033 καὶ
711 4981 1051 5051 φθείρονται.
1087 4981 1152 5033 Ὃ
1183 4979 1277 5033 καὶ
1304 4980 1355 5031 οί
1384 4979 1636 5050 ἔμπειροι
1668 4982 1878 5036 ἐπισκο-

1991 4987 2175 5054 pedes,
2208 4984 2274 5039 iis
2304 4999 2435 5037 vero
2470 4997 2578 5037 non
2612 4978 2899 5043 incedunt,
2927 4966 3021 5029 Sed
3055 4982 3282 5028 utuntur
3328 4984 3428 5041 pro
3459 4986 3574 5024 ma-

303 5074 558 5135 ποῦντες,
593 5074 731 5126 ἐπάν
772 5073 944 5135 ίδωσι,
972 5071 1073 5143 τὴν
1102 5071 1308 5141 φθορὰν
1350 5072 1531 5124 σύτῶν
1591 5075 1877 5137 προνοοῦσι

1985 5076 2149 5131 nibus
2176 5094 2192 5129 :
2228 5076 2450 5145 quando
2475 5088 2605 5127 vero
2632 5071 2845 5142 fugiunt
2865 5069 3083 5123 saltant.
3228 5066 3231 5069 ⁷

302 5169 403 5221 καὶ⁵
439 5165 927 5236 προαγγέλλουσιν.
964 5164 1088 5216 Ὀτι
1141 5165 1192 5215 οἱ
1239 5162 1373 5232 μύες
1420 5165 1754 5234 ἱστοροῦνται
1791 5169 1889 5220 καὶ
1953 5168 2171 5237 σίδηρον
2243 5165 2552 5221 κατεσθίειν
2580 5170 2678 5217 καὶ
2729 5160 2988 5232 χρυσίονο
3020 5157 3099 5209 διὸ
3125 5154 3220 5207 καὶ
3244 5150 3571 5221 ἀνατέμνον-

300 5282 392 5325 τες
414 5262 612 5324 αὐτοὺς
635 5262 685 5313 οῖ
711 5261 769 5311 ὲν
796 5261 910 5323 τοῖς
935 5258 1203 5329 χρυσείοις
1235 5259 1280 5290 ³⁵
1302 5257 1393 5311 τὸν
1418 5257 1619 5329 χρυᾶδν
1678 5263 2001 5333 ἁνιμῶνται.
2032 5263 2157 5317 Ὅτι
2217 5264 2275 5317 ἐν
2345 5260 2607 5331 Αἰγύπτῳ
2653 5256 2872 5321 δίποδάς
2932 5269 3068 5323 φασι
3110 5248 3251 5322 μύας
3320 5248 3566 5317 γίνεσθαι

1626 5372 1863 5432 VARIAS
1903 5378 2080 5433 LECT
2093 5374 2314 5434 IONES.

378 5466 423 5497 ’°'
455 5463 553 5534 ὡς]
586 5463 783 5542 ὡςκαὶ
950 5464 994 5495 ’⁷
1027 5464 1188 5542 μέχρι
1219 5461 1281 5517 C.
1358 5464 1405 5542 1°
1434 5468 1682 5542 ταχεῖαν]
1720 5472 1822 5527 hac
1869 5488 2004 5528 voce
2047 5474 2232 5528 linitur
2265 5474 2331 5528 Α.

304 5533 911 5616 ξιιιοι·νι·ιλιρὲ.ιὶοεγριιίί
951 5549 1010 5597 -v,
1056 5533 1323 5616 βρούκοςι
1358 5533 1778 5616 βαρούκτουξς.
1873 5544 1920 5616 f0
1953 5544 2205 5616 χρώματι
2259 5533 2875 5616 παραπλήσιαλιιιοιξῃιὶ

304 5607 346 5638 ³¹
376 5603 571 5675 αὑτάτ]
601 5603 722 5681 l_i_bl‘i
755 5602 1003 5681 αὺτρὺςι
1021 5611 1242 5681 prastat
1281 5602 1405 5657 cum
1431 5602 1748 5681 'Sylburgio
1784 5602 2022 5670 scribere
2066 5602 2290 5677 ταύτας.
2342 5602 2355 5616 ’
2387 5614 2430 5646 ³³
2462 5602 2733 5681 ἔὰτιΓὲτι
2786 5607 2850 5663 C.

300 5694 417 5730 των
442 5692 504 5739 ς’.
551 5672 570 5675 “
606 5674 654 5705 ⁸⁸
683 5675 939 5745 χρυσείας
964 5672 1006 5728 C
1038 5690 1052 5726 :
1085 5675 1326 5744 χρλσίοις
1356 5689 1417 5736 ς.
1500 5672 1517 5681 ⁷
1661 5672 1690 5681 “’
2250 5672 2265 5677 “
2372 5698 2377 5702 -

2427 5473 2472 5504 ¹⁹
2497 5471 2763 5558 βρούικους
2784 5461 3157 5558 νεγιὺυιδβίυε,
3213 5456 3571 5558 Barchartus,

2927 5526 3123 5606 χρῶμα
3165 5526 3567 5606 παραπλήσιον.

2945 5593 2992 5637 ⁵³
3024 5593 3259 5663 τούτοις
3282 5596 3324 5654 C
3383 5615 3398 5651 :
3417 5593 3427 5596 ⁷
3447 5593 3571 5647 τού-

1813 5782 2043 5843 ΝΟΤΖΕ.

406 5884 495 5953 24)
531 5882 663 5937 Vide
701 5879 766 5946 Q.
795 5881 947 5935 Curi.
999 5880 1066 5934 de
1089 5878 1260 5952 ,Tyro
1305 5885 1400 5939 lib.
1438 5902 1505 5940 tv.

630 5978 902 6039 PATROL.
942 5980 1057 6038 Gn.
1080 5979 1236 6041 CIV.
3224 5971 3294 6034 10
