3856 6298
509 359 615 422 299

1640 360 1905 422 ΡΗΟΤΙῙ
1939 361 2446 423 PATBIARCII/E
2511 363 2619 424 ΟΡ.

3674 359 3776 427 300

507 470 601 523 καὶ
630 466 921 538 μεγάλους.
944 461 1411 538 Ἔχουσιδὲοῦτοι
1440 468 1536 523 καὶ
1558 470 1684 533 τοὺς
1712 470 2081 541 ἐμπροσθίους
2149 472 2336 538 πόδας,
2397 472 2512 526 ἀλλ’
2560 472 2619 525 οὐ
2670 467 2977 542 βαδίζουσιν
3025 468 3112 522 ἐπ’
3164 467 3387 535 αὐτοῖς,
3428 465 3678 539 χρῶνται
3723 470 3778 524 δὲ

507 562 690 624 αὐτοῖς
714 557 803 615 οἷα
836 560 1046 631 χερσίν.
1081 562 1251 615 Ὅταν
1280 562 1336 615 δὲ
1366 562 1629 631 φεύγωσι,
1672 562 1938 631 πηδῶσιν.

584 656 656 711 De
681 655 1065 722 animantibus,
1097 672 1214 726 qua:
1239 656 1440 711 invidia
1478 656 1723 711 laborare
1744 657 2012 712 dicuntur.

585 809 777 865 Stellio
828 809 1004 880 (25),
1037 818 1096 865 ut
1121 810 1294 874 aiunt,
1322 809 1571 866 invidens
1604 809 1799 882 528!)
1841 811 2082 866 hominis

510 899 749 963 utilitati,
796 899 1029 970 deglutit
1065 910 1282 954 exutam
1335 900 1555 969 pellem.
1616 902 1713 956 Est
1752 903 1897 957 enim
1927 901 2084 956 auxi-

508 989 639 1042 lium
666 991 883 1043 hahenti
915 989 1243 1044 comitialem
1278 990 1552 1046 morbum.
1579 990 1785 1047 Cervus
1820 992 1930 1062 (26)
1953 993 2084 1046 dex-

510 1092 655 1135 trum
684 1096 857 1136 cornu
883 1080 1110 1145 defodit,
1147 1089 1337 1136 contra
1372 1081 1593 1139 bul‘onis
1630 1099 1840 1139 venena
1868 1084 2084 1153 aliaque

508 1174 678 1228 multa
704 1174 950 1243 perutile.
984 1171 1131 1242 Equa
1170 1174 1394 1229 devorat
1418 1175 1778 1246 hippomanes
1803 1192 1869 1232 ex
1898 1177 2083 1246 pullis,

509 1264 576 1318 ad
601 1264 843 1333 quaedam
869 1264 1018 1319 utile.
1047 1263 1225 1320 Phoca
1242 1267 1352 1336 jam
1375 1267 1632 1334 capienda
1655 1269 1857 1323 evomit
1881 1284 2084 1338 coagu-

509 1355 620 1409 lum
645 1358 789 1425 quod
815 1355 979 1410 etiam
1005 1357 1265 1412 comitiali
1285 1360 1478 1414 morbo
1514 1359 1646 1414 utile
1659 1368 1763 1414 est.
1791 1359 2087 1415 Terrestris

508 1445 734 1502 echinus
782 1448 975 1517 pellem
1027 1449 1187 1504 urina
1233 1450 1480 1521 inquinat
1507 1461 1560 1507 et
1583 1452 1901 1522 corrumpit.
1935 1452 2085 1524 Lynx

508 1537 714 1593 defodit
743 1541 980 1606 urinam,
1021 1556 1142 1611 qua:
1169 1543 1238 1598 ad
1286 1545 1464 1614 sigilla
1487 1555 1542 1601 et
1572 1547 1707 1601 alias
1727 1561 1815 1600 res
1842 1545 2084 1614 prodest.

512 1626 781 1685 Cancrum
835 1631 1091 1707 animalia
1140 1633 1243 1688 hoc
1294 1649 1391 1704 per
1439 1634 1699 1690 invidiam
1730 1650 1838 1690 non
1886 1632 2085 1697 facere,

512 1722 606 1776 sed
655 1722 963 1779 hominese
1011 1725 1231 1795 propria
1260 1741 1360 1781 sua
1410 1726 1667 1797 opinione
1719 1728 1827 1783 hoc
1880 1726 2088 1783 crimen

513 1813 621 1869 illis
650 1814 943 1882 allinxisse,
998 1825 1171 1887 patet.
1205 1817 1363 1873 Unde
1411 1818 1556 1873 enim
1594 1818 1769 1874 brutis
1796 1818 2090 1873 animanti-

500 1906 615 1962 bus
664 1916 814 1962 tanta
868 1908 1121 1975 scientia,
1172 1926 1338 1980 quam
1381 1911 1633 1968 homines
1686 1912 1855 1967 multo
1906 1913 2091 1966 labore

2113 668 2159 724 Α
2193 655 2303 711 Τοῦ
2326 652 2512 709 αὐτοῦ
2553 652 2623 706 ἐκ
2674 651 2783 706 τοῦ
2827 648 2959 716 περὶ
2982 648 3101 724 τῷν
3134 650 3179 681 ³⁵
3209 645 3577 717 λεγομένων
3634 641 3783 705 ζώων

2815 720 3082 789 φθονεῖν.

2257 818 2383 870 ’Ότι
2409 819 2438 870 6
2464 814 2767 885 γαλεώτης,
2808 814 2959 882 φασὶ,
2978 811 3190 881 φθονῶν
3215 812 3325 880 τῆς
3366 804 3647 876 ὠφελείας
3674 807 3785 868 τοῖς

2189 909 2498 981 ἀνθρώποις
2519 906 2807 962 καταπίνει
2828 905 2888 958 τὸ
2916 905 3111 975 δέρμα,
3139 904 3277 957 ὅταν
3319 899 3594 968 ἐκδύηται
3612 913 3627 928 ο
3675 897 3785 965 ἐστι

2189 1000 2298 1070 γάρ
2333 997 2584 1070 βοήθημα
2632 994 2937 1065 ὲπιλήπτῳ.
3000 994 3112 1047 Kal
3147 995 3175 1046 6
3228 991 3443 1058 ἔλαφος
3508 986 3573 1040 τὸ
3617 986 3786 1051 δεξιὸν

2190 1092 2510 1163 κατορύττει
2544 1088 2732 1158 κέρας,
2770 1087 2905 1158 πρός
2935 1102 2995 1138 τε
3017 1084 3086 1139 τὰ
3113 1087 3213 1150 τῆς
3253 1080 3481 1151 φρύνης
3522 1077 3787 1149 φάρμακα

2180 1186 2286 1243 καὶ
2312 1184 2448 1254 πρὸς
2477 1181 2613 1237 ἄλλα
2635 1180 2806 1235 πολλὰ
2838 1180 3131 1250 χρήσιμον.
3160 1175 3278 1228 Kal.
3308 1174 3344 1243 ἡ
3389 1171 3568 1233 ἵππος
3620 1171 3787 1223 ἀπεσ-

2193 1276 2297 1330 θίει
2324 1276 2432 1328 τῶν
2469 1273 2663 1328 πώλων
2692 1273 2751 1326 τὸ
2774 1271 3078 1341 ἱππομανὲς
3102 1284 3117 1300 ⁸
3178 1268 3279 1321 καὶ
3330 1264 3451 1334 γὰρ
3497 1262 3595 1316 καὶ
3635 1262 3787 1316 τοῦτο

2194 1366 2360 1439 [1576
2415 1363 2528 1436 IL].
2561 1364 2699 1435 πρὸς
2736 1362 2853 1414 ἔνια
2902 1360 3192 1433 χρήσιμον.
3251 1354 3373 1409 Kal.
3402 1354 3437 1422 ἡ
3481 1349 3642 1421 φώκη
3667 1350 3785 1405 ὅταν

2197 1458 2365 1529 μέλλῃ
2423 1454 2767 1515 ἁλίσκεσθαι,
2800 1452 2986 1522 ἐξεμεῖ
3014 1449 3112 1521 τὴν
3148 1445 3383 1509 πιτύαν,
3417 1441 3787 1514 χρησιμεύου-

2196 1569 2295 1605 σαν
2316 1550 2410 1604 καλ⁵
2444 1547 2647 1616 ταύτην
2672 1548 2791 1609 τοῖς
2817 1542 3156 1614 ὲπιλήπτοις.
3189 1541 3307 1594 Kal.
3330 1541 3361 1592 6
3395 1538 3659 1608 χερσαῖος
3680 1536 3786 1607 ἐχί-

2194 1660 2282 1706 νος
2311 1642 2523 1712 ἐνουρεῖ
2548 1638 2628 1710 τῷ
2653 1637 2883 1708 δέρματι
2924 1633 3020 1687 καὶ
3051 1630 3392 1701 διαφθείρει.
3447 1628 3564 1681 Kal.
3595 1628 3630 1697 ἡ
3656 1626 3784 1694 mg

2195 1734 2573 1803 κατακρύπτει
2602 1730 2662 1783 τὸ
2689 1729 2869 1799 οὖρον,
2900 1728 2981 1781 ὃτι
3021 1723 3158 1796 πρὸς
3195 1722 3303 1785 τὰς
3355 1718 3666 1790 σφραγῖδας
3695 1720 3783 1771 καὶ

2195 1826 2331 1897 πρὸς
2373 1823 2541 1887 ἄλλας
2580 1821 2768 1893 χρείας
2801 1817 3128 1888 ἐπιτήδειον.
3171 1813 3318 1867 Ἀλλ’
3368 1813 3456 1864 ὃτι
3495 1810 3596 1881 μὲν
3620 1809 3678 1860 ού
3703 1808 3783 1862 διὰ

2196 1916 2389 1986 φθόνον
2421 1914 2593 1968 ταῦτα
2628 1914 2773 1965 ποιεῖ
2796 1910 2863 1964 τὰ
2890 1909 3027 1974 ζῶα,
3061 1906 3175 1961 ἁλλ’
3209 1906 3261 1959 οἱ
3291 1903 3581 1973 ἄνθρωποι
3608 1901 3672 1954 ὲκ
3691 1900 3782 1970 τῆς

510 1998 603 2052 vix
630 1998 890 2053 discunt?
925 1997 1109 2055 Phoea
1139 2002 1359 2071 quidem
1387 2003 1585 2059 timore
1634 2002 1819 2059 forsan
1851 2003 2089 2068 turbata,

2200 2008 2339 2070 ἰδίας
2372 2005 2693 2074 ὑπολήψεως
2717 2002 2921 2071 ταύτην
2943 2000 3125 2061 αὐτοῖς
3152 1996 3443 2068 περιῆψαν
3466 1993 3672 2083 τὴνᾲαίτ
3682 1990 3777 2057 ίαν,

508 2088 807 2158 coagulum
840 2089 1060 2156 emittit,
1112 2099 1167 2145 et
1199 2090 1376 2146 stellio
1401 2091 1594 2161 pellem
1638 2091 1866 2162 deglutit
1906 2105 1936 2145 a
1992 2106 2090 2145 na-

512 2195 659 2245 tura,
707 2183 1165 2253 quemadmodum
1195 2199 1364 2240 canes
1396 2191 1451 2239 et
1476 2199 1625 2248 sues,
1657 2193 1710 2239 et
1740 2199 1878 2254 pene
1908 2182 2090 2237 omnia

515 2272 910 2341 quadrupedia.
975 2272 1283 2328 Comedunt
1340 2273 1488 2327 enim
1527 2289 1557 2326 a
1587 2281 1743 2340 partu
1774 2280 1962 2342 partus
2004 2271 2091 2324 in-

515 2366 758 2430 volncra,
791 2381 886 2421 seu
936 2367 1304 2422 membranas.
1332 2365 1572 2421 Echinus
1608 2366 1824 2430 timore,
1851 2364 1936 2420 vel
1984 2364 2092 2419 alio

514 2455 756 2526 quodam
798 2457 1032 2511 naturali
1081 2456 1279 2512 al‘l‘ectu
1312 2458 1526 2511 urinam
1558 2456 1748 2520 mittit,
1777 2456 1870 2511 sed
1894 2470 2000 2511 non
2035 2463 2096 2510 ut

518 2556 835 2618 corrumpat
879 2548 1105 2618 pellem.
1133 2547 1299 2603 Multa
1331 2548 1436 2603 alia
1470 2550 1608 2604 liunt
1634 2563 1666 2602 a
1724 2548 1922 2611 brutis,
1950 2562 2092 2617 quo-

521 2653 640 2692 rum
672 2639 942 2693 rationem
993 2640 1221 2695 reddere
1279 2626 1389 2695 non
1424 2655 1717 2711 possumus
1750 2657 1764 2695 :
1800 2648 1861 2694 ut
1902 2654 2095 2709 quam-

519 2729 708 2785 obrem
737 2732 938 2802 gallina
995 2747 1121 2787 cum
1165 2732 1462 2802 pepererit,
1515 2732 1698 2803 paleas
1748 2731 2090 2801 circnmjicit.

519 2819 699 2887 Quare
729 2838 893 2878 canes
927 2822 1143 2879 elevato
1177 2839 1337 2879 crure
1368 2823 1586 2878 urinam
1618 2823 1881 2878 mittant?
1913 2822 2094 2890 Quare

508 2910 707 2981 capra,
744 2928 868 2968 cum
909 2915 1193 2986 eryngium
1251 2916 1487 2972 comedit
1521 2924 1647 2981 stet,
1681 2925 1735 2972 et
1764 2916 1899 2971 alias
1951 2925 2095 2972 stare

446 2991 451 2999 ’
516 3004 727 3058 faciat?
762 3006 1030 3075 Quodque
1068 3007 1135 3062 de
1189 3007 1343 3079 lynce
1370 3017 1425 3063 et
1475 3023 1639 3064 cervo
1671 3017 1953 3063 narratum
1989 3017 2092 3072 est,

514 3096 708 3151 eodem
743 3099 906 3153 modo
935 3098 1337 3170 dijudicandum
1377 3101 1510 3171 (27).

2195 2097 2358 2150 παντὶ
2386 2095 2568 2164 δῆλον.
2608 2092 2780 2146 Πόθεν
2803 2089 2912 2160 γὰρ
2933 2090 3047 2152 τοῖς
3074 2087 3300 2155 ἀλόγοις
3342 2085 3378 2155 ὴ
3412 2080 3657 2151 τοσαύτη
3702 2097 3781 2133 σο-

2196 2188 2314 2258 φία,
2343 2189 2409 2259 ἣν
2432 2186 2528 2240 καὶ
2556 2187 2605 2238 οἱ
2625 2183 2837 2253 λογικοὶ
2884 2182 3024 2252 μετὰ
3054 2179 3256 2250 συχνῆς
3308 2176 3549 2247 μελέτης
3589 2173 3779 2243 μανθά-

2196 2295 2377 2333 νουσιν
2402 2294 2418 2344 ;
2465 2276 2607 2330 Ἀλλ’
2637 2277 2671 2348 ή
2697 2276 2795 2346 μὲν
2822 2272 2980 2344 φώκη
3003 2272 3092 2326 διὰ
3120 2273 3212 2325 τὸν
3237 2269 3412 2340 φόϐον
3436 2267 3571 2329 ἴσως
3602 2283 3780 2337 ταρατ-

2196 2370 2400 2440 τομένη
2434 2369 2558 2440 ἐμεῖ
2588 2367 2686 2436 τὴν
2718 2365 2939 2429 πιτύαν,
2966 2366 3062 2418 καὶ
3091 2365 3119 2418 ὁ
3169 2359 3468 2431 γαλεώτης
3499 2356 3775 2411 καταπίνει

2196 2464 2259 2518 τὸ
2313 2464 2488 2536 δέρμα
2529 2462 2761 2533 φυσικόν
2813 2478 2867 2517 τι
2899 2460 3069 2515 ποιῶν
3095 2457 3297 2522 πάθος,
3352 2453 3617 2523 καθάπερ
3662 2451 3710 2504 οἱ
3737 2450 3775 2483 ³⁸

2197 2557 2363 2622 κύνες
2396 2556 2491 2611 καὶ
2518 2557 2575 2610 αἱ
2609 2555 2699 2620 ὗες
2731 2555 2825 2609 καὶ
2860 2554 3045 2625 σχεδὸν
3070 2552 3114 2584 ³⁷
3136 2550 3208 2604 τὰ
3227 2547 3547 2620 τετράποδα
3575 2545 3769 2599 πάντα*

2188 2648 2474 2711 ¹κατεσθίει
2502 2646 2611 2717 γὰρ
2637 2646 2707 2700 τά
2727 2645 2885 2716 χόρια
2926 2642 3066 2715 μετὰ
3090 2643 3219 2705 τοὺς
3241 2640 3467 2702 τόκους.
3492 2639 3603 2691 Kal.
3621 2638 3649 2689 6
3672 2636 3771 2705 ὲχῖ·

2198 2754 2287 2801 νος
2315 2737 2372 2790 δὲ
2399 2736 2486 2790 διὰ
2512 2734 2731 2805 φόϐονῆ
2770 2734 2837 2788 δι’
2866 2733 2996 2788 ἄλλο
3022 2750 3076 2786 τι
3109 2730 3285 2795 πάθος
3317 2729 3451 2801 [865
3492 2726 3589 2800 Η.]
3630 2744 3771 2796 φυσιο

2199 2828 2296 2881 κὸν
2323 2827 2553 2897 ὲνουρεί,
2575 2824 2689 2880 ἀλλ’
2717 2824 2816 2895 οὐχ
2845 2824 2934 2878 ἵνα
2963 2821 3162 2894 φθείρῃ
3199 2820 3264 2875 τὸ
3290 2820 3499 2890 δέρμα.
3526 2816 3696 2872 Πολλὰ
3721 2815 3770 2867 δὲ

2199 2920 2293 2973 καὶ¹
2313 2918 2448 2973 ἄλλα
2471 2918 2771 2989 πράττεται
2795 2917 2907 2979 τοῖς
2924 2915 3158 2982 ἀλόγοις,
3186 2906 3262 2966 ὧν
3283 2912 3390 2965 ούκ
3412 2910 3608 2982 ἔχομεν
3627 2908 3769 2976 λόγον

2200 3009 2515 3081 ἀποδοῦναι,
2538 3005 2648 3062 οἷον
2671 3007 2759 3061 διὰ
2782 3007 2835 3060 τί
2861 3008 2895 3078 ἡ
2922 3006 3070 3078 ὅρνις
3094 3006 3224 3059 ὅταν
3244 3004 3410 3075 τέκῃ.
3438 3001 3770 3073 περιρρίπτει

2204 3100 2274 3154 τὰ
2318 3100 2545 3171 κάρφης
2599 3099 2688 3153 διὰ
2724 3098 2779 3152 τί
2811 3099 2862 3151 οἱ
2915 3096 3077 3160 κύνες
3137 3094 3471 3164 ἐπαίροντες
3501 3092 3571 3146 τὰ
3623 3090 3769 3158 σκέλη

520 3188 913 3260 προσουροῦσι;
935 3189 1023 3244 διὰ
1050 3190 1103 3242 τί
1132 3190 1166 3260 ἡ
1192 3190 1279 3257 at:
1316 3190 1444 3244 ὅταν
1462 3189 1602 3263 λάϐῃ
1631 3192 1694 3245 τὸ
1717 3189 1983 3262 ἠρύγγιον
2012 3191 2092 3253 είς
2130 3187 2193 3242 τὸ
2216 3189 2414 3259 στόμα,
2449 3190 2599 3260 μένει
2624 3188 2719 3243 καὶ
2777 3186 2879 3251 τὰς
2918 3185 3087 3252 ἄλλας
3127 3184 3393 3238 ἵστασθαι
3440 3183 3624 3248 ποιεί;
3686 3177 3769 3232 καὶ

519 3284 580 3333 τὸ
607 3283 706 3353 τῆς
735 3280 933 3351 λυγκὸς
957 3281 1001 3313 ³⁸
1026 3276 1119 3336 οὖν
1148 3281 1324 3335 καὶτὸ
1360 3284 1459 3354 τῆς
1496 3283 1698 3354 ἐλάφου
1730 3285 1758 3337 6
1787 3283 1947 3344 αὐτὸς
1992 3279 2292 3349 κατάλογος
2328 3280 2590 3350 περιέξει.

1106 3376 1184 3431 De
1215 3377 1520 3432 sudoribus.

592 3470 773 3527 Sudor
800 3469 979 3526 salsus
1015 3478 1135 3533 est,
1187 3468 1317 3538 quia
1371 3468 1609 3523 alienum
1664 3466 1976 3523 excernitur
2031 3464 2100 3520 ab

520 3562 829 3619 adhaerente
853 3576 1041 3629 carne,
1072 3562 1341 3618 exhausta
1368 3571 1422 3618 et
1452 3562 1669 3618 levitate
1703 3570 1757 3618 et
1787 3560 2096 3617 dulcedine.

516 3651 651 3707 Tale
676 3650 837 3706 enim
871 3656 1282 3705 excrementum
1314 3650 1589 3707 exsistens
1636 3651 1783 3706 circa
1839 3650 2098 3715 vesicam,

519 3745 718 3798 urina:
756 3743 810 3797 in
847 3757 1013 3798 carne
1069 3756 1199 3797 vero
1253 3743 1421 3797 sudor
1487 3749 1734 3796 vocatur.
1774 3741 2102 3797 Excernitur

519 3851 649 3890 vero
678 3834 851 3890 sudor
894 3847 993 3906 per
1033 3842 1263 3899 motum,
1295 3833 1380 3888 vel
1409 3832 1674 3901 laborem,
1703 3833 1789 3888 vel
1817 3848 1915 3903 per
1952 3828 2103 3888 calo-

516 3928 594 3982 ris
626 3935 682 3980 et
710 3925 936 3994 Spiritus
960 3923 1235 3978 virtutem.
1286 3921 1484 3989 Sudor,
1519 3940 1643 3980 cum
1671 3925 1743 3980 sit
1770 3925 1969 3986 salsus,
2010 3938 2102 3979 ac-

519 4018 648 4088 cipit
680 4016 1062 4081 acrimoniam,
1108 4015 1191 4070 vel
1248 4015 1621 4082 acerbitatem,
1650 4015 1736 4071 vel
1780 4016 1986 4070 malum
2016 4014 2103 4068 vel

518 4111 725 4163 bonum
783 4109 1031 4173 odorem,
1064 4117 1284 4178 propter
1313 4108 1512 4162 multas
1543 4116 1598 4163 et
1625 4109 1807 4162 varias
1836 4106 2099 4161 rationes.

518 4200 754 4257 Juvenes
796 4200 1067 4257 dillicilius
1119 4202 1320 4256 sudant
1372 4216 1537 4271 quam
1588 4200 1713 4265 viri,
1764 4207 1820 4254 et
1864 4199 2103 4254 maxime

520 4292 695 4362 pueri,
718 4306 1031 4362 quanquam
1060 4301 1258 4346 natura
1283 4289 1444 4345 calidi
1476 4290 1587 4344 sint
1610 4298 1662 4343 et
1686 4287 1915 4354 humidi,
1962 4286 2103 4341 unde

522 4384 698 4438 oritur
726 4383 917 4446 sudor,
946 4381 1077 4451 quia
1128 4379 1456 4435 densissima
1490 4387 1574 4433 est
1605 4392 1899 4448 puerorum
1934 4377 2098 4443 cutis,

519 4483 576 4527 et
606 4482 867 4542 tanquam
895 4471 1177 4528 conclusa.
1216 4471 1419 4526 Adhaec
1477 4484 1605 4523 vero
1638 4469 1785 4523 calor
1835 4482 2101 4537 superans

520 4564 812 4633 concoquit
859 4563 989 4618 dum
1046 4572 1323 4619 crescunt.
1360 4560 1571 4630 Siquid
1603 4574 1734 4613 vero
1784 4559 1856 4613 sit
1914 4573 2103 4613 excre-

524 4657 715 4721 menti,
760 4656 865 4711 hoc
914 4656 1153 4726 egeritur
1174 4670 1268 4724 per
1293 4655 1497 4708 alvum.
1525 4654 1600 4709 Ut
1632 4653 1927 4722 plurimum
1952 4654 2099 4707 enim

2588 3370 2702 3426 Τοῦ
2729 3368 2916 3424 αὐτοῦ
2941 3367 3076 3437 περὶ
3106 3365 3395 3436 ἱδρώτων.

2274 3463 2397 3516 Ὀτι
2438 3462 2679 3533 ἁλμυρὸς
2704 3461 2916 3531 γίνεται
2938 3463 2967 3515 6
3015 3460 3195 3531 ἱδρὼς,
3222 3463 3362 3516 διότι
3394 3458 3455 3513 τὸ
3507 3457 3762 3528 ἀλλότριον

2201 3555 2537 3627 ἐκκρίνεται,
2572 3558 2638 3627 τῇ
2660 3552 2964 3626 προσφύσει
2996 3553 3098 3623 τῆς
3119 3555 3327 3625 σαρκὸς
3371 3551 3760 3623 ὲξανηλωμένου

2200 3649 2295 3703 τοῦ
2351 3647 2690 3718 γλυκυτάτου
2727 3645 2823 3699 καὶ
2858 3647 3218 3714 κουφοτάτου.
3278 3646 3354 3699 Τὸ
3399 3644 3509 3716 γὰρ
3541 3641 3761 3696 τοιοῦτον

2201 3741 2526 3813 περίττωμα
2569 3741 2629 3792 ὲν
2674 3738 2774 3809 μὲν
2817 3740 2884 3808 τῇ
2922 3737 3065 3792 κατὰ
3113 3736 3213 3809 τὴν
3246 3736 3443 3791 κύστιν
3487 3733 3759 3789 ὑποστάσει

2200 3831 2380 3906 οὖρον,
2416 3835 2475 3886 ὲν
2511 3832 2569 3886 δὲ
2594 3834 2662 3903 τῇ
2703 3831 2870 3901 σαρκὶ
2898 3830 3060 3902 ἱδρὼς
3107 3830 3382 3885 καλεῖται.
3442 3825 3757 3897 Ἐκκρίνεται

2200 3928 2258 3982 δὲ
2283 3928 2310 3980 ό
2341 3923 2499 3994 ἱδρὼς
2520 3922 2608 3977 διὰ
2633 3922 2849 3993 κίνησιν
2879 3921 2913 3994 ἢ
2940 3921 3098 3976 πόνον
3130 3922 3164 3993 ἢ
3197 3922 3287 3975 διὰ
3324 3922 3427 3992 τὴν
3456 3919 3548 3973 τοῦ
3573 3913 3755 3988 θερμοῦ

2201 4019 2296 4073 καὶ
2314 4017 2410 4071 τοῦ
2440 4016 2750 4086 πνεύματος
2784 4015 3038 4086 δύναμιν.
3094 4015 3217 4067 Ὀτι
3262 4016 3291 4067 6
3325 4011 3487 4084 ἱδρὼς
3540 4007 3756 4080 ἁλμυρὸς

2200 4107 2277 4161 ὢν
2299 4106 2709 4179 προσλαμϐάνει
2741 4106 2977 4179 ὀξύτητα
3013 4106 3046 4178 ἢ
3079 4106 3391 4177 πικρότητα
3443 4105 3477 4177 ἢ
3512 4102 3753 4157 δυσωδίαν

2200 4199 2234 4271 ἦ
2264 4200 2491 4253 εὐωδίαν
2520 4199 2611 4253 διὰ
2634 4199 2835 4263 πολλὰς
2856 4198 2951 4253 καὶ
2982 4198 3272 4268 διαφόρους
3293 4197 3494 4259 αἰτίας.
3521 4197 3633 4249 Ὀτι
3650 4194 3694 4246 οί
3716 4192 3751 4223 ³³

2202 4290 2393 4354 παῖδες
2411 4289 2523 4343 τῶν
2555 4290 2763 4361 ἀνδρῶν
2792 4289 2992 4361 μᾶλλον
3029 4287 3386 4359 δυσίδρωτες,
3422 4285 3516 4340 καὶ
3542 4284 3751 4355 μάλιστα

2200 4381 2267 4435 τὰ
2294 4381 2482 4435 παιδία
2501 4420 2517 4446 ,
2563 4382 2739 4435 καίτοι
2789 4380 2887 4453 τὴν
2920 4380 3081 4450 φύσιν
3114 4379 3241 4433 ὄντα
3271 4379 3454 4451 θερμὰ
3486 4377 3578 4431 καὶ
3609 4374 3747 4441 ὑγρὰ,

2200 4472 2263 4538 ἐξ
2306 4467 2382 4528 ὧν
2445 4474 2480 4546 ἠ
2535 4473 2644 4528 τῶν
2696 4473 2934 4543 ἱδρώτων
2989 4473 3243 4540 γένεσις,
3300 4472 3438 4526 διότι
3505 4466 3749 4523 πυκνόταο

2199 4583 2282 4619 τοι
2342 4565 2452 4618 τῶν
2509 4564 2717 4619 παίδων
2780 4565 2831 4616 οἱ
2893 4581 3102 4632 χρωτες
3152 4563 3248 4617 καὶ
3328 4564 3517 4630 ὥσπερ
3574 4571 3747 4623 συγκε-

2202 4652 2534 4722 κλεισμένοι.
2561 4652 2681 4704 Ἔτι
2710 4650 2767 4705 δὲ
2797 4653 2831 4722 ή
2867 4653 3139 4722 θερμότης
3188 4649 3557 4722 ἐπικρατοῦσα
3586 4646 3744 4698 πέττει

524 4762 815 4816 puerorum
848 4748 1006 4802 alvus
1039 4746 1216 4801 facilis
1248 4754 1374 4800 est:
1410 4760 1567 4800 senes
1620 4759 1750 4798 vero
1789 4760 1928 4799 rara:
1979 4746 2093 4813 qui-

2205 4743 2293 4796 διά
2322 4743 2419 4813 τὴν
2443 4742 2691 4811 αύξησιν.
2735 4743 2862 4796 Ἐὰν
2894 4743 2951 4796 δέ
2973 4759 3026 4795 τι
3054 4742 3150 4797 καὶ
3174 4741 3398 4813 γένηται
3428 4739 3741 4810 περίττωμα,

526 4842 646 4891 dem
687 4839 852 4905 cutis,
883 4838 978 4894 sed
1005 4838 1179 4894 siccat.
1206 4836 1432 4908 Oportet
1460 4850 1593 4892 vero
1614 4836 1802 4892 sudori
1833 4845 2094 4906 tanquam

2200 4832 2358 4887 τοῦτο
2381 4835 2695 4905 ἐκκρίνεται
2722 4834 2864 4889 κατὰ
2892 4834 3104 4889 κοιλίαν
3126 4850 3140 4865 ·
3179 4833 3375 4906 εὔρους
3411 4834 3516 4903 γὰρ
3547 4829 3616 4892 ὡς
3642 4823 3740 4879 ἐπί·

1791 5051 2025 5111 VARIAE
2073 5054 2477 5112 LECTlONES.

516 5204 517 5207 η
600 5188 643 5220 ’⁸
678 5188 785 5241 τῶν
816 5218 885 5260 έ-
908 5186 1146 5260 φθονεῖν]
1183 5188 1377 5260 horum
1419 5189 1554 5260 loco
1583 5189 1798 5260 lacuna
1840 5200 1925 5245 est
1954 5190 2007 5244 in
2052 5189 2114 5245 C.

1027 5259 1072 5290 ³⁸
1104 5257 1305 5326 λυγκὸς
1342 5257 1665 5330 Sylbnrgius
1695 5277 1709 5315 :
1741 5261 1940 5329 λυγγὸς
1968 5276 2027 5323 ς.
2110 5260 2167 5295 ιη
2199 5261 2247 5312 οἱ
2274 5257 2398 5315 add.
2427 5260 2490 5314 B.
2565 5261 2611 5293 ‘°
2643 5262 2849 5315 παίδων
2902 5261 2963 5315 Β.
3040 5263 3083 5294 *ί
3125 5257 3415 5334 μονόχροες
3439 5257 3503 5313 Β.

532 5260 716 5328 σχεδὸν
741 5259 834 5310 καὶ
870 5276 929 5320 ς.

2215 5188 2259 5263 ⁸-⁸
2284 5188 2464 5263 Oilei.
2499 5188 2884 5263 Schneiderus.
2911 5261 2929 5263 _
2961 5193 3003 5224 ³⁷
3036 5192 3130 5246 καὶ
3165 5191 3352 5263 σχεδὸν
3396 5186 3689 5263 Sylburgius
3717 5198 3729 5235 :

2030 5439 2262 5507 ΝΟΤᾹΣ,

600 5584 710 5654 (25)
751 5582 883 5638 Vide
922 5580 1323 5653 jureconsultos
1365 5582 1433 5638 de
1479 5581 1747 5648 stellione,
1801 5590 1863 5635 ut
1909 5578 2093 5636 Aleia-

528 5665 708 5795 mgis)
737 5723 867 5779 Vide
900 5722 1210 5777 Proverbia.
1242 5722 1318 5779 De
1353 5738 1491 5792 equa
1531 5723 1655 5779 vide
1690 5721 1968 5776 Plutarch.

1602 5854 1630 5889 δ

2277 5580 2700 5656 (Ξ7)Ριιηονοιι.
2751 5583 2849 5643 lib.
2873 5600 2948 5640 vn
2981 5585 3221 5655 Sympos.
3253 5600 3345 5656 qn.
3392 5582 3445 5649 ‘2,
3480 5586 3527 5634 et
3554 5573 3634 5630 lib.
3666 5569 3725 5624 De

2201 5657 2355 5709 tarda
2386 5655 2481 5708 Dei
2513 5656 2758 5709 vindicta.
