4020 6416
216 439 309 502 305

1284 433 1809 495 BIBLIOTHECA.
1848 463 1916 474 -—
1954 436 2119 499 COD.
2160 439 2508 499 CCLXXIX.

3342 445 3447 510 306

208 551 307 600 εστι
356 543 453 615 μὲν
493 541 827 612 Σοφοκλέους
849 581 864 607 ,
910 537 1100 594 τοῦτον
1147 539 1207 593 δὲ
1241 542 1572 613 παρῳδήσας
1603 544 1633 595 ό
1658 542 1754 593 Φι-

1859 552 1941 597 est
1964 542 2278 613 Sophoclis,
2308 545 2455 614 quod
2485 542 2798 599 Philonides
2830 560 2922 614 per
2950 546 3230 615 parodiam
3260 551 3445 619 expri-

207 635 413 705 λωνίδης
443 632 549 704 ἔφη
574 648 589 663 ⁸

268 752 510 815 Ὀρκους
555 746 623 800 δὲ
641 744 871 817 μοιχῶν
902 749 989 812 είς
1017 744 1243 815 τέφραν
1265 743 1382 814 ἐγὼ
1427 743 1648 814 γράφω.

208 843 261 893 Οἱ
279 840 330 892 δὲ
362 839 461 900 τὰς
484 840 751 907 γυναῖκας
776 836 1119 899 σκώπτοντές
1142 850 1329 905 φασιν

269 933 518 997 Ὀρκους
549 930 665 1001 ἐγὼ
693 928 992 1000 γυναικῶν
1023 932 1111 996 είς
1137 925 1342 983 οἶκτον
1361 928 1406 960 ⁸⁸
1431 926 1652 997 γράφω.

266 1025 379 1077 Ὅτι
418 1025 531 1077 τῶν
565 1023 740 1077 εἴκοσι
795 1024 1079 1097 τεσσάρων
1121 1021 1403 1092 στοιχείων
1440 1022 1502 1074 τὸ
1530 1021 1626 1091 ιμῦ
1664 1020 1763 1074 καὶ

204 1118 342 1172 τὺνῦ
373 1115 555 1171 καὶτὸ
592 1116 630 1171 ὗ
661 1116 1024 1187 ἐκτεταμένον
1080 1116 1264 1187 έχουσι
1287 1115 1347 1169 τὸ
1387 1116 1637 1185 δίχρονον
1664 1113 1761 1167 καὶ

204 1210 582 1279 περισπῶνται,
610 1207 707 1262 καὶ
735 1208 805 1261 τὰ
823 1209 957 1263 ἄλλα
981 1209 1038 1262 δὲ
1058 1209 1126 1262 τὰ
1158 1208 1238 1271 είς
1266 1206 1291 1260 ῖ
1315 1208 1359 1240 ⁸³
1387 1204 1763 1277 μονοσύλλαϐα

204 1306 283 1359 καὶ
309 1304 601 1372 δίφθογγον
645 1302 761 1373 ἔχει
812 1303 911 1374 τὴν
949 1302 1218 1374 συλλαϐὴν
1258 1302 1353 1356 καὶ
1398 1302 1759 1373 περισπᾶται,

202 1398 341 1451 οἱονεὶ
392 1395 516 1466 φεῖ,
542 1396 641 1465 χεῖ
660 1397 727 1462 ⁷ο,
757 1394 878 1464 ψεῖ.
896 1395 986 1460 ,Τὸ
1012 1395 1071 1449 δὲ
1109 1394 1154 1447 ῶ
1183 1394 1343 1465 δῆλον
1370 1396 1451 1447 ὄτι
1482 1393 1759 1463 περισπᾶ-

203 1505 294 1541 ται.
320 1476 443 1539 Τῶν
470 1486 524 1540 δὲ
555 1486 893 1540 δισυλλάϐων
938 1487 1040 1541 ὅσα
1086 1485 1187 1557 μὲν
1223 1486 1338 1556 ἔχει
1370 1486 1471 1554 τὴν
1510 1482 1761 1554 παραλή-

202 1594 378 1645 γουσαν
412 1577 657 1648 μακράν,
686 1577 847 1647 φύσει
873 1578 1230 1647 περισπᾶται,
1248 1571 1359 1629 οἷον
1373 1574 1559 1643 βῆτα,
1587 1574 1759 1641 θῆτα,

203 1666 311 1740 ἦτα,
336 1668 439 1721 ὅσα
461 1668 517 1721 δὲ
549 1670 645 1738 μὴ,
670 1668 1057 1738 παροξύνεται,
1085 1668 1272 1737 ἄλφα,
1300 1666 1532 1729 κάππα,
1557 1665 1758 1721 δέλτα.

204 1760 303 1815 Ὀτι
328 1760 503 1831 ὄνομα
530 1760 871 1831 θεραπαίνης
904 1761 1206 1833 Πηλούσιον
1251 1756 1343 1832 ἦν,
1392 1759 1460 1813 δι’
1493 1754 1561 1832 ἦς
1591 1761 1620 1814 6
1643 1760 1760 1813 Mo-

1861 650 2016 692 mens
2040 635 2204 692 dixit:

1930 746 2245 803 Juramenta
2277 749 2590 804 "tacitorum
2618 751 2781 805 cineri
2810 752 3055 807 inscribo.

1860 836 1962 905 Qui
2002 839 2259 894 mulieres
2293 840 2540 907 irrident,
2570 842 2649 897 sic
2675 843 2863 897 dicunt
2893 860 2905 895 :

1928 928 2243 984 Juramenta
2314 932 2592 986 mulierum
2659 932 2943 1002 ejulatibus
3028 936 3276 990 inscribo.

1932 1020 2077 1077 lnter
2100 1023 2293 1094 viginti
2323 1035 2558 1093 quatuor
2581 1025 2791 1081 litteras
2828 1025 2932 1096 μῦ,
2962 1026 3046 1091 νῦ,
3082 1035 3134 1080 et
3172 1026 3202 1078 ὖ
3233 1027 3446 1081 duobus

1862 1115 2200 1185 temporibus
2222 1117 2547 1187 aquivalent
2572 1127 2627 1172 et
2655 1116 3165 1174 circumﬂectantur
3197 1138 3209 1172 :
3244 1126 3299 1173 ct
3325 1120 3445 1172 alia

1861 1204 2268 1275 monosyllaba,
2302 1205 2372 1272 let
2401 1205 2738 1276 diphthongo
2770 1206 2975 1278 syllaba
3006 1207 3361 1261 terminantur
3393 1217 3445 1262 et

1862 1294 2386 1361 circumflectuntur,
2438 1297 2588 1352 verbi
2625 1298 2797 1369 gratia
2865 1301 2996 1367 φεῖ,
3056 1302 3164 1370 χεῖ,
3226 1299 3335 1369 ψεῖ.
3398 1300 3444 1353 ὦ

1860 1396 2044 1457 aperte
2060 1387 2505 1444 circumﬂectitur
2532 1406 2545 1441 :
2574 1389 2715 1445 inter
2729 1390 3026 1462 disyllabas
3047 1407 3176 1447 vero
3193 1393 3441 1461 quadam

1865 1478 2065 1535 habent
2110 1481 2338 1550 primam
2372 1482 2611 1551 longam,
2647 1499 2770 1553 qua
2807 1493 2998 1539 natura
3048 1500 3149 1540 sua
3204 1485 3444 1540 circum—

1860 1567 2121 1635 ﬂectitur,
2152 1579 2212 1624 ut
2244 1570 2405 1641 βῆτα,
2457 1570 2616 1641 δῆτα,
2652 1567 2800 1643 ἦταε
2836 1588 2960 1643 qua
2988 1588 3118 1629 vero
3177 1589 3288 1628 non
3336 1575 3444 1629 cir-

1861 1661 2307 1725 cumﬂectuntur,
2336 1663 2390 1717 in
2414 1664 2713 1734 penultima
2726 1674 3017 1729 acuuntur,
3038 1675 3097 1721 ut
3117 1667 3282 1734 ἄλφα,
3300 1666 3443 1720 κάπ-

1864 1772 1962 1821 πα,
1993 1756 2172 1810 δέλτα.
2205 1755 2432 1811 Ancilla
2459 1772 2658 1812 nomen
2684 1755 2961 1813 Pelusium
3005 1767 3145 1823 erat,
3165 1774 3438 1830 perquam

203 1852 363 1915 λοσσὺς
449 1853 668 1926 Πύρρος
745 1854 927 1907 ἀνεῖλε
1002 1854 1283 1925 φαρμάκῳ
1347 1853 1447 1923 τὴν
1521 1852 1754 1923 μητέρα.

1863 1848 2105 1921 Pyrrhus
2181 1847 2457 1905 Molossus
2540 1865 2753 1906 veneno
2822 1861 3051 1907 matrem
3143 1852 3438 1914 interfecit.

206 1946 307 2016 [866
322 1944 409 2017 [1.]
428 1946 557 2000 Ὀτι
586 1946 916 2017 ἁνθρακεὺς
936 1947 964 1999 6
977 1947 1034 1999 ἐν
1050 1950 1116 2018 τῇ
1138 1944 1397 2017 συνηθείᾳ
1425 1944 1760 2016 καλούμενος

207 2038 579 2110 καρϐωνάριος.
598 2039 720 2093 Ὀτι
736 2039 997 2110 ὁνηλάτου
1015 2038 1112 2109 μὲν
1125 2039 1240 2102 υίὸς
1253 2039 1527 2101 Διονύσιος
1537 2032 1605 2108 ἦν
1618 2038 1647 2090 6
1659 2037 1758 2108 τῆς

208 2130 423 2194 Σικελίας
454 2131 629 2202 ἄρξας
654 2130 750 2201 ἐτη
783 2131 1196 2202 τεσσαράκοντα
1239 2131 1383 2184 δυοῖν
1431 2130 1753 2194 ἀποδέοντα,

222 2222 523 2293 ’Ᾱγαθοκλῆς
541 2222 600 2274 δὲ
639 2224 948 2294 κεραμέως,
983 2222 1078 2276 καὶ
1116 2221 1280 2286 αὐτὸς
1333 2220 1527 2292 συχνὸν
1563 2220 1756 2292 χρόνον

220 2314 420 2378 Σικελίας
476 2314 670 2385 ἄρξας.
706 2316 818 2385 Τῆς
861 2316 906 2368 δ’
953 2315 1261 2385 Ἀταρνέως
1300 2315 1479 2383 (πόλις
1530 2315 1576 2368 δ’
1615 2312 1757 2386 αὕτη

227 2403 438 2475 Θρᾳκίας)
477 2406 740 2476 ἐκτομίας
778 2404 855 2459 ὢν
902 2406 998 2460 καὶ⁸
1028 2405 1215 2470 δοῦλος
1260 2400 1429 2477 ἦρξεν
1466 2403 1753 2476 Ἑρμείας.

228 2497 435 2566 Πῶροςέ
471 2500 500 2552 6
548 2498 801 2569 βασιλεὺς
838 2498 1014 2553 Ἰνδῶν
1065 2497 1308 2567 κουρέως
1330 2492 1400 2567 ἦν
1433 2497 1568 2560 υίός.
1612 2495 1757 2567 Βρά-

220 2589 355 2653 δνὶλις
386 2590 448 2643 δέ
502 2608 591 2653 τις
656 2590 930 2660 Ἰλλυριῶν
976 2591 1387 2661 ἐστρατήγησεν
1443 2590 1754 2661 ἀνθρακεὺς

214 2684 429 2749 γεγονὼς,
493 2682 593 2736 καὶ
633 2683 970 2755 Ὀρθαγόρας
1016 2682 1290 2747 Σικύωνος
1329 2684 1698 2754 ἐτυράννησεν
1727 2685 1756 2738 6

213 2777 455 2847 μάγειρος.
514 2777 640 2829 Ὅτι
684 2775 747 2829 τὸ
785 2779 958 2846 μόγις
1000 2775 1411 2847 ἀναλογώτερον
1443 2775 1534 2829 διὰ
1560 2776 1656 2830 τοῦ
1696 2796 1751 2847 γ,

210 2871 326 2938 φησι,
377 2869 687 2939 γράφεται,
721 2870 815 2922 ὲπὶ
871 2869 980 2923 τῶν
1040 2869 1179 2941 μετά
1234 2870 1399 2923 πόνου
1449 2871 1754 2939 γινομένων

212 2962 503 3031 ταττόμενον
526 2978 539 2991 ·
577 2963 625 3014 οί
652 2961 709 3014 δὲ
737 2963 923 3026 Ἴωνες
956 2961 1051 3015 καὶ
1078 2961 1290 3026 Αἰολεῖς
1312 2962 1642 3031 παραλόγως
1666 2961 1755 3016 διὰ

208 3050 352 3112 toi-1.
397 3055 590 3123 μόλις
625 3053 897 3123 λέγοντες,
924 3054 1218 3126 ἐκφέρουσι
1275 3055 1369 3108 καὶ
1422 3056 1748 3125 γράφουσιν.

204 3142 297 3197 Ὀτι
318 3142 440 3201 τδῶ
474 3146 590 3200 τὰν
608 3146 702 3199 δύο
731 3147 775 3177 ⁷⁸
799 3146 939 3218 μέρη
969 3147 1134 3215 φησὶν
1164 3141 1325 3208 εἶναι,
1355 3145 1417 3198 τὸ
1446 3140 1608 3216 μὲνῶ
1629 3144 1752 3198 καθ’

1874 1941 2207 2015 ’Δνθρακεύς
2258 1951 2491 1998 vocatur
2534 1943 2631 2014 qui
2684 1943 2846 2014 vulgo
2894 1945 3252 1999 carbonarius
3302 1947 3437 2012 (55).

1860 2035 2150 2109 Dionysius
2173 2035 2318 2093 ﬁlius
2342 2036 2447 2093 fuit
2476 2037 2753 2108 agasonis,
2785 2037 2880 2107 qui
2901 2036 3103 2093 Sicilia
3127 2037 3287 2093 annis
3310 2038 3441 2094 duo»

1857 2128 2291 2200 dequadraginta
2318 2127 2555 2200 prafuit.
2596 2129 2927 2195 Agathocles
2963 2129 3075 2199 (54)
3114 2129 3263 2200 ﬁguli
3296 2130 3440 2187 [ilius

1858 2220 2064 2275 multus
2099 2221 2265 2275 etiam
2298 2235 2474 2276 annos
2507 2220 2711 2275 Sicilia
2743 2220 2979 2290 praefuit.
3015 2219 3283 2277 Hermeas
3339 2237 3437 2277 ca-

1856 2318 2066 2366 stratus
2089 2320 2143 2367 et
2175 2326 2371 2367 servus
2400 2327 2525 2365 cum
2561 2322 2727 2377 esset,
2768 2312 2983 2368 Aterna
3025 2314 3169 2383 (qua
3192 2313 3440 2369 Thracia

1857 2402 2048 2458 civitas
2085 2403 2194 2474 est)
2224 2418 2318 2458 rex
2344 2402 2469 2457 fuit.
2501 2404 2675 2459 Porus
2703 2403 2962 2459 ludorum
3001 2420 3096 2459 rex
3139 2405 3285 2458 ﬁlius
3313 2416 3438 2459 ton-

1856 2494 2019 2549 soris.
2055 2492 2308 2549 Bradillis
2338 2494 2698 2549 carbonarius
2734 2511 2859 2551 cum
2890 2495 3105 2561 luisset,
3163 2497 3434 2567 Illyricum

1857 2585 2015 2641 duxit
2037 2586 2365 2641 exercitum.
2399 2584 2736 2658 Orthagoras
2778 2600 2989 2656 coquus
3016 2585 3289 2656 Sicyonia
3336 2588 3437 2641 do-

1857 2677 2099 2733 minatus
2128 2686 2231 2733 est.
2266 2675 2507 2732 Verbum
2560 2668 2741 2748 μόγις,
2787 2680 2895 2743 vix,
2931 2679 3215 2749 aptissime
3266 2695 3361 2748 per
3400 2695 3436 2748 γ

1858 2766 2024 2822 scribi
2057 2768 2155 2830 ait,
2186 2768 2424 2835 positum
2458 2782 2556 2837 pro
2608 2768 2677 2823 iis
2704 2782 2827 2837 qua
2855 2769 2993 2823 fiunt
3046 2784 3169 2822 cum
3226 2769 3433 2823 labore.

1855 2861 2016 2916 lones
2045 2868 2101 2915 et
2123 2860 2312 2917 [Eoles
2337 2861 2527 2932 530b
2561 2862 2742 2933 inepte
2766 2878 2862 2932 per
2909 2862 2941 2915 λ
2973 2863 3223 2918 scribunt
3260 2864 3433 2935 μόλις,

1855 2963 1910 3009 ει
1932 2956 2309 3025 pronuntiant.
2348 2956 2405 3007 Ὠ
2429 2957 2527 3008 τὰν
2557 2956 2677 3025 (pro
2720 2946 2765 3010 ὦ
2802 2954 2950 3021 ὲτὰν,
2977 2958 3105 3012 heus
3145 2958 3273 3012 bone
3303 2958 3434 3023 vir),

1855 3047 2092 3102 divisum
2122 3063 2247 3104 esse
2275 3048 2427 3114 dicit,
2453 3041 2499 3102 ὦ
2521 3049 2742 3119 quidem
2775 3050 2975 3111 solum,
3008 3050 3109 3103 τάν
3149 3051 3350 3118 rejecto
3386 3055 3434 3108 ὲ.

1859 3139 2129 3211 lntegrnm
2163 3151 2245 3195 est
2273 3141 2418 3196 enim
2465 3141 2615 3205 ὲτὰν,
2669 3150 2724 3196 et
2767 3142 3060 3197 coalitione
3115 3159 3240 3199 cum
3281 3138 3327 3198 ὦ
3380 3146 3439 3199 tit

197 3237 401 3302 αὖτὸ,τὺ
467 3238 526 3292 δὲ
552 3239 600 3270 τ’
645 3240 759 3292 τὰν
804 3237 948 3291 κατὰ
998 3237 1273 3309 ἀποϐολὴν
1324 3236 1505 3290 τοῦεο
1539 3237 1600 3290 τὸ
1644 3238 1752 3308 γὰρ

1859 3227 1902 3285 ὦ
1929 3233 2046 3287 τάν.
2092 3233 2261 3302 Ἕτης
2289 3234 2433 3287 enim
2466 3234 2676 3289 amicus
2727 3249 2894 3290 verus
2926 3245 3052 3290 est:
3112 3252 3236 3290 nam
3288 3237 3438 3291 ἐτεόν

199 3329 373 3400 πλῆρες
399 3332 452 3363 ⁷³
480 3330 627 3384 ἐτάν
656 3332 793 3395 ἔστι,
837 3331 930 3383 καὶ
961 3330 1343 3400 συναλιφέντος
1372 3329 1467 3383 τοῦ
1503 3328 1548 3381 ῶ
1588 3329 1753 3399 γέγο-

197 3418 325 3477 νενῶ
348 3422 486 3477 τάν.
523 3421 695 3476 Ἐτὰν
724 3423 834 3493 γάρ
864 3422 911 3453 ⁷⁵
941 3424 970 3475 6
1024 3422 1232 3493 ἀληθὴς
1265 3422 1417 3491 φίλος
1444 3439 1459 3454 ο
1488 3423 1583 3477 καὶ¹
1643 3423 1753 3493 γὰρ

195 3510 335 3565 ἐτεὸν
352 3514 412 3566 τὸ
444 3513 670 3583 ἀληθές.
711 3513 833 3566 Ὀτι
864 3513 1090 3581 Νεκρός
1125 3512 1341 3581 Λέγεται
1386 3512 1530 3566 κατὰ
1555 3512 1752 3583 στέρη-

198 3616 263 3652 σιν
283 3601 377 3672 τῆς
405 3604 605 3675 κηρὸς,
637 3602 904 3671 νήκηρός
934 3622 1018 3667 τις
1054 3603 1128 3659 ὢν
1164 3607 1253 3659 καὶ
1299 3604 1528 3676 νέκηρος
1548 3607 1614 3672 ⁷⁸,
1656 3605 1754 3659 καὶ

198 3696 318 3748 κατὰ
350 3697 639 3767 συγκοπὴν
662 3700 895 3766 νεκρός.
930 3698 1003 3750 Τὸ
1028 3698 1137 3769 γὰρ
1179 3715 1256 3767 νη
1305 3699 1626 3770 στερητικὸν
1657 3700 1753 3754 καὶ

193 3801 246 3839 νε
268 3788 391 3855 φασί
416 3803 432 3818 ⁸
464 3788 544 3840 διὸ
585 3790 678 3841 καὶ
704 3789 916 3857 νεϐρὸς
946 3790 990 3823 ⁷⁸
1010 3792 1038 3843 6
1075 3791 1240 3861 μήπω
1264 3792 1309 3822 ⁷⁸⁷
1332 3792 1632 3862 δυνάμενος
1660 3809 1751 3844 νο·-

195 3875 281 3943 μῆς
304 3878 392 3929 καὶ
417 3877 591 3949 βορᾶς
621 3883 934 3950 μετασχεῖν,
960 3879 1116 3952 [1581
1146 3881 1240 3953 IL]
1262 3882 1497 3950 γάλακτι
1519 3883 1575 3936 δὲ
1606 3884 1752 3954 μόνῳ

190 3969 524 4038 τρεφόμενος.
593 3971 705 4025 Καὶ
742 3973 984 4040 νέκταρ,
1023 3967 1085 4027 οὗ
1121 3974 1194 4043 μή
1249 3975 1366 4027 ἐστι
1384 3974 1611 4028 δυνατὸν
1640 3978 1753 4038 τοῖς

188 4055 378 4126 θνητοῖς
412 4061 481 4127 ⁷⁸,
519 4062 776 4115 τουτέστι
813 4064 929 4125 τοῖς
959 4063 1383 4133 κτεινομένοις,
1419 4066 1709 4135 μετασχεῖν
1735 4080 1751 4095 ⁸

188 4147 414 4221 ἔστιγὰρ
444 4153 595 4221 κτὰρ
643 4155 950 4225 ῥηματικὸν
980 4154 1170 4225 ὄνομα,
1225 4156 1334 4210 ἀπὸ
1359 4156 1453 4210 τοῦ
1508 4159 1754 4228 ῥήματος

188 4246 525 4315 παρηγμένον
551 4245 645 4298 τοῦ
688 4244 805 4299 κτῶ
827 4244 922 4299 τοῦ
950 4246 1239 4316 δηλοῦντος
1278 4248 1339 4301 τὸ
1367 4250 1601 4303 κτείνω.
1629 4250 1754 4303 Ὅτι

186 4334 237 4386 τό
264 4331 307 4389 ὦ
344 4339 395 4389 οἱ
433 4338 640 4408 ἄρθρον
673 4339 932 4409 κλητικδν
992 4340 1356 4411 ὑπειληφότες
1401 4340 1713 4395 πλανῶνται
1735 4359 1751 4375 ·

183 4427 240 4478 τὰ
262 4430 366 4498 γὰρ
393 4430 575 4501 ἄρθρα
600 4431 660 4483 ού
698 4430 964 4501 χρῄζουσι
993 4432 1259 4502 κλητικῆς
1279 4448 1295 4464 ο
1328 4434 1422 4485 καὶ
1461 4434 1571 4504 γάρ
1604 4433 1746 4487 αὐτὰ

1855 3340 2046 3379 verum
2080 3324 2371 3393 signiﬁcat.
2404 3326 2617 3394 Νεκρὸς
2644 3327 2845 3381 dicitur
2876 3328 2943 3382 de
2969 3329 3193 3398 privatis
3220 3330 3434 3396 anima,

1854 3417 2012 3487 quasi
2045 3417 2308 3487 νηκηρδς,
2340 3424 2395 3472 ει
2424 3432 2519 3486 per
2562 3433 2838 3488 syncopen
2886 3420 3101 3491 νεκρὸς.
3146 3420 3318 3476 Aiunt
3359 3439 3417 3475 νε

1854 3517 1910 3564 et
1934 3526 1998 3579 νη
2029 3509 2324 3578 privativas
2346 3510 2660 3579 particulas.
2685 3512 2811 3567 Ideo
2836 3519 2890 3566 et
2910 3513 3101 3584 νεϐρὸς
3133 3513 3436 3583 (hinnulus)

1854 3601 1949 3671 qui
1981 3601 2160 3655 cibum
2207 3602 2634 3671 alimentumque
2672 3605 2924 3673 accipere
2952 3606 3196 3660 nondum
3234 3616 3435 3676 potest,

1854 3693 1949 3747 sed
1982 3692 2099 3747 solo
2122 3692 2263 3747 lacte
2288 3693 2549 3748 nutritur.
2574 3694 2796 3765 Νέκταρ
2817 3697 2960 3765 quod
2996 3698 3253 3753 mortales
3277 3699 3439 3753 edere

1854 3801 1965 3840 non
2002 3792 2256 3855 possunt,
2306 3785 2642 3855 κτεινόμενοι
2719 3788 2865 3841 εηὶιη
2926 3788 3020 3858 qui
3074 3788 3239 3845 occisi
3286 3798 3435 3843 sunt.

1856 3877 1951 3932 Est
1976 3886 2159 3932 autem
2196 3877 2338 3949 κταρ
2370 3878 2588 3932 verbale
2614 3894 2644 3932 a
2679 3880 2850 3934 verbo
2877 3879 3014 3951 κτῷ,
3048 3879 3191 3950 quod
3225 3880 3439 3949 signiti-

1855 3981 1945 4025 cat
1988 3971 2208 4036 κτείνω,
2241 3971 2454 4025 occido.
2501 3971 2605 4037 Qui
2636 3966 2682 4024 ὦ
2729 3971 3023 4026 articulum
3069 3972 3303 4028 vocandi
3340 3988 3439 4042 pu-

1856 4071 1995 4126 tant,
2029 4060 2310 4118 falluntur.
2362 4061 2590 4116 Articuli
2641 4061 2789 4116 enim
2838 4063 3086 4116 vocativo
3137 4076 3246 4115 non
3301 4076 3439 4127 opus

1857 4154 2078 4219 habent.
2151 4153 2367 4210 Etenim
2447 4155 2665 4210 articuli
2727 4155 3037 4210 absentium
3113 4154 3436 4208 relationem

1856 4247 2149 4317 quamdam
2204 4247 2534 4316 signiﬁcant.
2583 4240 2656 4298 Ὦ
2707 4261 2840 4301 vero
2883 4246 2948 4299 ad
3003 4246 3281 4316 energiam
3340 4245 3439 4299 de-

1856 4339 2316 4395 tnonstrationum
2362 4340 2543 4394 solum
2578 4338 2830 4392 vocativo
2865 4336 3207 4408 adjungitnr.
3241 4336 3441 4393 Errare

1857 4439 2043 4485 autem
2078 4446 2174 4485 eos
2207 4431 2303 4494 ait,
2340 4430 2434 4500 qui
2465 4438 2663 4500 putant
2706 4429 2840 4484 illud
2870 4430 3181 4485 vocativum
3211 4446 3354 4496 esse,
3387 4440 3442 4486 et

1860 4533 2098 4591 tempus,
2134 4531 2188 4577 et
2232 4530 2515 4586 accentus,
2554 4531 2606 4576 et
2646 4521 2873 4591 spiritus
2916 4522 3179 4577 indicant.
3224 4522 3439 4577 Etenim

1852 4615 2140 4685 levigatur,
2173 4630 2296 4669 cum
2339 4629 2530 4669 omnes
2563 4614 2799 4680 articuli,
2834 4616 2928 4685 qui
2987 4616 3242 4685 spiritum
3303 4616 3442 4671 reci-

186 4520 270 4586 μὲν
297 4524 404 4574 τῶν
429 4522 505 4594 μὴ
530 4524 816 4593 παρόντων
858 4523 956 4594 τὴν
984 4525 1265 4595 ἀναφορὰν
1315 4526 1487 4597 δηλοῖ,
1526 4526 1586 4579 τὸ
1618 4526 1675 4579 δὲ
1695 4522 1743 4580 ὦ

182 4606 286 4657 κατ’
307 4608 589 4679 ἐνέργειαν
603 4612 647 4642 τ’
675 4610 835 4681 μόνον
855 4612 957 4680 τῆς
976 4612 1195 4680 δείξεως
1221 4616 1286 4686 τῇ
1311 4614 1540 4686 κλητικῇ
1571 4632 1742 4686 προσ-

181 4696 345 4764 ῆλθεν.
411 4700 540 4756 Ὀτι
600 4703 658 4755 δὲ
708 4705 1121 4774 ἁμαρτάνουσιν
1183 4708 1233 4760 oi
1268 4707 1583 4777 νομίζοντες
1622 4707 1754 4761 αὐτὸ

1859 4706 2034 4774 ρίυηι,
2068 4707 2402 4775 aspiratione
2434 4716 2718 4770 notentur,
2768 4716 2822 4762 et
2871 4708 2945 4762 illi
2985 4718 3288 4773 acuuntur,
3334 4710 3441 4765 hoc

181 4789 453 4862 κλητικὴν,
488 4794 581 4845 καὶ
618 4796 647 4846 ό
677 4794 724 4825 ⁸⁸
776 4795 967 4864 χρόνος
989 4797 1083 4849 καὶ
1112 4798 1140 4851 6
1184 4797 1340 4860 τόνος
1387 4798 1539 4868 δηλοῖ
1566 4799 1662 4851 καὶ
1690 4797 1753 4851 τὸ

1859 4795 2326 4862 circumﬂectitur,
2363 4798 2436 4851 illi
2489 4799 2888 4868 corripiuntur,
2920 4789 3033 4856 hoc.
3074 4813 3270 4857 natura
3320 4803 3439 4856 lon-

183 4881 405 4951 πνεῦμα.
454 4885 563 4937 Καὶ
584 4886 692 4957 γὰρ
712 4885 985 4955 ψιλοῦται,
1011 4888 1119 4940 τῶν
1150 4888 1328 4941 ἄλλων
1361 4889 1604 4958 ἄρθρων,
1648 4890 1751 4942 ὅσα

1859 4906 1985 4961 gum
2012 4902 2116 4945 est.
2152 4890 2308 4955 Quod
2340 4885 2386 4944 ὦ
2427 4906 2534 4945 non
2566 4892 2638 4946 sit
2668 4894 2953 4950 vocativus
2980 4910 3009 4948 a
3044 4902 3199 4949 recto
3228 4913 3277 4958 ο,
3312 4895 3441 4949 hinc

182 4972 381 5044 πνεῦμα
404 4976 641 5047 δέχεται,
670 4978 1056 5047 δασυνομένων
1079 4995 1093 5009 ·
1124 4982 1218 5033 καὶ
1242 4980 1311 5034 τὰ
1345 4981 1446 5050 μὲν
1480 4980 1750 5046 ὀξύνεται,

1859 4983 2017 5037 Etiam
2038 4980 2391 5037 manifestum
2410 4992 2513 5039 est.
2541 4982 2831 5040 Vocativus
2853 4998 3002 5041 recte
3027 5002 3129 5041 suo
3152 4989 3440 5057 aquivalet

1374 5121 1606 5177 VARUE
1660 5121 1953 5178 LECTION
1964 5122 2068 5179 ES.

235 5231 285 5331 ⁸³.
304 5233 563 5331 γυναικὸς
590 5236 672 5316 είς
700 5230 841 5331 οἶνον
869 5234 1109 5331 Scaliger
1137 5237 1527 5331 estnA’than'ao:
1570 5241 1639 5331 ρξ’
1667 5241 1773 5331 iet
1789 5256 1915 5331 mo}
1938 5242 2145 5331 ei'add.
2188 5241 2249 5323 (ἒ.
2304 5243 2370 5331 λ’
2407 5242 2492 5331 χεῖ
2516 5237 2604 5331 get
2700 5241 2845 5331 tiu!
2865 5242 2950 5307 χεῖ
2964 5255 3047 5331 ’ςζ
3079 5309 3091 5331 ε
3113 5240 3155 5270 ⁷⁸
3182 5238 3276 5292 δύο
3296 5243 3441 5321 οιιιι.

184 5297 289 5403 ςεξ
318 5320 423 5403 Illi.
448 5305 670 5403 Meursii
700 5320 753 5373 ρ.
785 5308 897 5403 (ἔρ.
920 5297 1186 5403 erg..ng
1214 5308 1338 5393 θεῷ.
1406 5309 1452 5339 τ’
1482 5310 1677 5403 canae.‘
1725 5312 1773 5403 τί
1804 5310 1963 5403 πλῆ.]
2000 5297 2486 5403 lacuna'inC.n"7’
2516 5297 2562 5364 ab
2588 5297 3047 5403 τάνκξξάῇγςῲ]
3079 5309 3269 5403 lacuna
3296 5312 3345 5363 in
3367 5317 3443 5403 ιιι.

180 5370 341 5424 ὡτάν·
365 5374 519 5454 .613;
532 5377 641 5443 γὰρ
670 5370 775 5429 nis.
794 5370 1025 5454 ‘bleursii
1123 5370 1220 5454 τάν
1248 5380 1442 5454 γὰρμς.
1517 5383 1562 5411 ’⁷⁸
1586 5382 1683 5454 ,καὶ
1708 5370 1963 5454 νέκηρός]
1989 5385 2080 5435 καὶ
2100 5384 2330 5452 νεϐήρος
2360 5384 2401 5438 C
2432 5402 2446 5439 :
2475 5398 2586 5435 om.
2620 5399 2680 5446 ς.
2758 5383 2805 5414 ⁷⁸
2826 5370 3046 5454 νεϐρὸςξ
3078 5380 3443 5454 Ιίιιτινεκρὸς,

181 5443 784 5570 ἓξξξιίνδεὶιίέξιιιδω
810 5446 1071 5569 τὶμήπω]
1100 5466 1139 5519 μ
1165 5449 1228 5504 (.2.
1262 5443 1272 5447 ⁷
1326 5443 1379 5481 ’⁷⁸
1406 5451 1622 5522 θνητοῖς
1650 5482 1720 5491 -
1747 5443 2139 5523 κτείνομένοις.
2189 5443 2324 5509 lino-
2356 5443 2720 5521 κτεινομένοις
2746 5479 2813 5491 κ-
2843 5443 3081 5523 θνητοῖς.
3186 5452 3229 5484 ⁷⁸
3258 5443 3443 5506 malim

339 5530 485 5567 ιιαν.
630 5532 658 5568 ο
682 5531 711 5569 a
793 5556 808 5570 .
888 5553 904 5569 .
1238 5552 1256 5567 .

208 5526 485 5581 ναργιιαν.
551 5526 597 5545 ’ν
630 5526 658 5568 ο
682 5526 808 5570 add.
841 5526 904 5569 υ.
1238 5552 1256 5567 -

1688 5606 1923 5664 NOTAE.

244 5730 349 5799 (‘53)
380 5729 465 5785 Ex
516 5731 705 5787 humili
756 5732 849 5802 qui
892 5732 1235 5799 emerserint,
1298 5731 1419 5787 vide
1469 5730 1743 5790 Valerium

244 5730 349 5799 (‘53)
380 5730 465 5785 Ex
516 5731 705 5787 humili
756 5732 849 5802 qui
892 5732 1235 5799 emerserint,
1298 5731 1419 5787 vide
1469 5730 1743 5790 Valerium
1928 5733 2039 5802 (34)
2080 5733 2358 5788 Ausonius
2393 5750 2405 5785 :
2441 5730 2719 5789 Fietilibus
2753 5735 2897 5805 fama
2933 5747 3012 5792 est
3043 5754 3272 5792 cwuasse
3306 5738 3436 5807 riga.

185 5796 310 5854 Max.
350 5802 447 5855 lib.
477 5818 551 5855 ιιι.
1854 5804 2058 5855 thoclea
2092 5818 2281 5855 reaem.

1854 5804 2058 5883 t‘hoclea
2092 5818 2281 5874 regem.
