4020 6438
565 409 668 474 307
690 354 698 363 .

1776 409 2007 471 ΡΗΟΤΙ
2012 411 2040 470 Ι
2081 411 2588 474 ΡΑΤΒΙΛΒΟΗᾸΕ
2623 412 2732 474 CP.

3710 404 3802 471 308

565 531 832 590 tempore,
859 519 941 574 vel
961 526 1176 588 tempus
1193 519 1376 574 minus
1398 518 1645 589 suscipit,
1669 529 1731 574 ut
1764 521 2144 591 Ἀγαμέμνων,

2253 521 2311 574 τὸ
2347 522 2404 575 δέ
2435 525 2799 593 περισπᾶται·
2853 519 3044 592 καὶ,τά
3106 518 3204 590 μὲν
3258 516 3608 592 βραχύνεται,
3647 516 3705 570 rb
3747 520 3800 571 δέ

563 623 618 669 et
639 608 683 667 ὦ
726 613 1091 682 Ἀγάμεμνον.
1124 611 1223 667 Hic
1247 627 1376 666 vero
1403 612 1761 668 contrarium.
1782 611 1902 667 Non
1933 623 2016 668 est
2047 615 2146 683 igi-

567 717 655 759 tur
671 705 955 766 articulus,
971 703 1062 759 sed
1077 703 1393 758 adverbium
1414 721 1427 758 :
1445 703 1792 773 conjungitur
1814 711 1994 758 tamen
2019 719 2144 758 cum

566 799 835 862 vocativo,
869 813 992 852 cum
1018 796 1442 852 sitadverbium.
1477 795 1944 862 Quemadmodum
1966 806 2018 851 et
2039 798 2146 850 alia

568 891 826 945 adverbia
860 906 984 946 cum
1015 889 1257 959 genitivo
1281 889 1612 960 junguntur,
1650 897 1710 942 ut
1753 890 1893 959 apud
1922 889 2145 944 Poetam

566 983 622 1035 in
641 980 887 1052 Odysseo
910 987 989 1035 ω’.
1016 980 1077 1035 Et
1110 996 1235 1035 cum
1257 980 1572 1035 accusativo
1597 979 1662 1050 νὴ
1683 986 1743 1035 et‘
1771 981 1847 1052 μὰ
1870 980 2143 1050 jungitur.

533 1075 782 1134 -Etenim
827 1077 1081 1146 jurantes
1125 1075 1440 1130 accusativo
1482 1073 1740 1144 jungunt.
1789 1072 2013 1140 Κνέφας
2053 1071 2144 1124 alii

567 1177 764 1236 putant
793 1183 914 1223 esse
937 1183 967 1222 a
997 1167 1253 1236 κενέφας,
1276 1178 1361 1222 est
1388 1167 1536 1221 enim
1561 1166 1716 1219 κενὸν
1743 1165 1913 1234 φάους
1941 1165 2147 1218 lumine

569 1275 802 1314 vacuum
838 1278 852 1314 :
881 1260 973 1313 alii
1008 1276 1134 1314 vero
1167 1275 1266 1330 per
1293 1259 1673 1330 pleonasmum
1704 1274 1762 1313 κ.
1804 1257 1970 1327 νέφος
1999 1257 2144 1311 enim

568 1365 714 1415 esse,
751 1359 804 1404 et
832 1351 1002 1420 νέφας
1028 1350 1331 1422 perfectum
1364 1367 1460 1421 per
1489 1367 1548 1404 νε
1575 1350 1929 1422 privativum,
1965 1351 2144 1420 priua-

571 1453 683 1495 tum
719 1441 832 1496 luce
860 1442 1199 1512 signiﬁcans.
1225 1442 1696 1509 Quemadmodum
1722 1453 1776 1498 et
1808 1443 2015 1506 κτύπος
2052 1457 2148 1512 per

570 1533 946 1602 pleonasmum
1004 1550 1060 1598 κ,
1111 1532 1280 1594 τύπος
1349 1541 1434 1588 est
1478 1534 1622 1587 enim
1667 1531 1894 1597 κτύπος,
1947 1547 2146 1587 nomen

571 1623 793 1677 verbale
822 1638 850 1676 a
895 1623 1062 1676 verbo
1105 1622 1315 1694 τύπτω.
1381 1632 1436 1678 et
1475 1623 1698 1676 καίνυτο
1737 1621 1924 1677 αἴνυτο
1967 1623 2028 1675 ὃν
2053 1638 2149 1692 per

573 1713 950 1784 pleonasmum
979 1714 1140 1769 habet
1159 1732 1214 1770 κ.
1239 1723 1295 1768 et
1326 1714 1544 1782 ναῦρος,
1569 1708 1753 1784 αὑρος,
1777 1714 1922 1769 enim
1951 1723 2034 1769 est
2055 1714 2147 1784 qui

575 1812 759 1858 mente
791 1805 924 1858 levis
960 1816 1064 1859 est.
1105 1805 1314 1860 Musam
1364 1805 1457 1860 alii
1506 1805 1756 1860 derivant
1799 1821 1831 1861 a
1881 1807 2149 1876 μαιοῦσάν

572 1912 695 1950 τινα
724 1896 878 1968 (54⁸),
917 1895 1112 1966 531a
1161 1897 1211 1949 id
1243 1906 1347 1961 est,
1388 1897 1831 1967 investigatricem
1854 1913 1873 1950 .°
1895 1897 2146 1954 doctrina

574 1988 721 2042 enim
763 2003 1040 2041 musarum
1082 1988 1218 2042 nihil
1255 2003 1285 2043 a
1335 1990 1608 2059 mysteriis
1635 1989 1927 2060 discrepat.
1964 1989 2067 2044 Alii
2114 2005 2146 2044 a

578 2083 792 2149 μαάσαι
833 2080 1101 2135 derivant.
1133 2079 1388 2147 Quzerere
1430 2081 1574 2136 enim
1608 2081 1778 2137 Dores
1818 2083 2008 2137 dicunt
2039 2082 2145 2152 μῶ.

575 2172 644 2227 Et
687 2173 844 2227 tertia
874 2188 1104 2242 persona
1139 2174 1314 2243 μῶται
1347 2183 1524 2229 exstat
1556 2175 1695 2244 apud
1727 2173 2113 2245 Epicharmum
2135 2219 2152 2243 ,

577 2263 791 2332 μῶνται
831 2265 975 2328 apud
1025 2263 1470 2333 Enphronionem
1523 2274 1577 2320 et
1625 2264 1880 2336 μώμεναι
1929 2267 2152 2335 partici-

572 2356 726 2426 pium
777 2357 917 2426 apud
968 2356 1317 2425 Sophoclem.
1354 2356 1551 2425 Aptius
1598 2357 1766 2425 igitur
1813 2367 1899 2412 est
1938 2357 2152 2412 Musam

574 2449 657 2503 sic
700 2448 828 2513 dici,
869 2459 1126 2518 tanquam
1164 2447 1520 2504 inventricem
1552 2449 1800 2503 omnium
1831 2449 2152 2518 disciplina-

572 2555 697 2595 rum
745 2541 1134 2595 existimatam.
1179 2541 1454 2595 Μαὶεσθαι
1499 2539 1769 2596 Homerus
1797 2555 2021 2612 quoque
2053 2554 2154 2610 pro

571 2646 806 2700 quwrere
832 2631 990 2698 dixit,
1025 2641 1078 2686 et
1109 2635 1274 2701 μαῖαν
1307 2631 1452 2686 illam
1488 2632 1750 2697 dicimus,
1787 2648 1911 2702 qua:
1952 2647 2156 2688 consu-

573 2723 639 2778 lit
671 2726 937 2780 medicum
961 2725 1028 2780 de
1053 2724 1394 2780 abscondito.
1419 2724 1644 2796 Μάκαρ,
1675 2726 1870 2795 inquit,
1897 2727 2014 2780 sola
2047 2730 2154 2781 v‘ox

575 2817 684 2872 hac
727 2817 1110 2872 terminatione
1148 2817 1448 2880 invenitur,
1489 2825 1544 2872 et
1591 2818 1642 2870 in
1677 2817 1896 2872 feminis
1945 2817 2150 2888 δάμαρ.

575 2911 782 2981 Μάκαρ
813 2925 910 2980 per
950 2925 1232 2979 apocopen
1264 2924 1292 2964 a
1329 2910 1624 2980 μακάριος,
1667 2911 1830 2964 sicuti
1873 2910 2011 2981 ὑμὲν
2056 2925 2155 2980 pro

578 3002 804 3071 ὑμέναιε
841 3017 937 3072 per
979 3017 1278 3071 apocopen.
1311 3003 1577 3074 Μακκοᾷν
1604 3003 1888 3072 antiquum
1940 3012 2042 3066 est,
2081 3003 2158 3074 μὴ

577 3092 818 3154 ἀκούειν,
848 3094 932 3148 vel
979 3095 1053 3164 μὴ
1083 3096 1251 3158 κοεῖν,
1294 3093 1441 3162 quod
1473 3093 1614 3147 νόειν
1655 3093 1928 3162 signiﬁcat
1960 3093 2158 3147 intelli-

578 3199 715 3254 gere.
769 3182 1138 3238 Callimachus
1183 3184 1238 3236 in
1291 3181 1512 3238 Hecuba
1559 3184 1753 3254 ἐκύησε
1817 3197 1918 3252 pro
1966 3183 2156 3255 ἐνόησε

578 3275 738 3330 dixit.
785 3275 1073 3346 Μακάριος
1119 3275 1211 3330 alii
1259 3275 1511 3330 derivant
1561 3290 1628 3331 ex
1673 3278 1965 3347 μηκήριος,
2007 3279 2159 3333 verbi

2250 613 2457 685 μακρόν
2485 615 2602 668 ἐστι
2638 613 2821 684 φύσει.
2858 614 2983 666 Ὅτι
3013 612 3068 666 δέ
3101 612 3200 665 οὑκ
3240 611 3358 664 ἔστι
3411 611 3508 680 τῆς
3537 611 3572 662 ὀ
3603 609 3802 673 εὐθείας

2246 702 2308 755 rb
2354 698 2401 757 ὦ
2428 702 2705 772 κλητικὸν,
2768 698 3063 754 κάντεῦθέν
3095 701 3211 751 ἐστι
3237 696 3582 764 καταφανέςο
3621 698 3654 766 ἡ
3692 697 3804 766 κλη-

2244 791 2372 864 τικὴ
2399 795 2464 862 τῇ
2493 792 2599 863 ἰδίᾳ
2627 790 2814 861 εὐθείᾳ.
2845 792 3112 860 ἰσοχρονεϊ
3139 790 3171 860 ἢ
3199 789 3288 843 τὸν
3320 788 3526 842 ἐλάττω
3560 789 3803 857 ἀναδέχε-

2246 902 2335 938 ται
2364 884 2576 955 χρόνον,
2627 878 2740 935 οἷον
2791 879 3161 950 Ἀγαμέμνων
3213 879 3308 931 καὶ
3338 874 3384 932 ὦ
3418 877 3803 946 Ἀγάμεμνονο

2246 976 2480 1030 ἐνταῦθα
2513 975 2568 1028 δὲ
2600 973 2933 1028 τούναντίον.
2971 973 3086 1026 υὺκ
3139 971 3286 1025 ἐστιν
3340 970 3434 1023 οῦν
3461 971 3665 1043 ἄρθρον
3702 971 3805 1023 ἀλλ’

2247 1068 2552 1140 ἐπίρρημα.
2589 1067 2947 1120 Συντάττεται
2987 1064 3031 1117 δ’
3068 1064 3220 1134 ὅμως
3263 1064 3330 1132 τῇ
3361 1062 3617 1133 κλητικῇ,
3665 1063 3808 1131 ἐπίρ-

2249 1165 2400 1234 ρημα
2429 1160 2509 1227 ὃν,
2533 1159 2723 1230 ὥσπερ
2758 1159 2853 1213 καὶ
2878 1159 3014 1214 ἄλλα
3043 1157 3155 1210 τῶν
3201 1155 3599 1227 ἐπιρρημάτων
3627 1157 3806 1226 γενικῇ

2249 1256 2641 1317 συντάττεται,
2685 1253 2762 1318 ὡς
2809 1254 2960 1319 παρά
3005 1251 3084 1322 τῷ
3135 1251 3334 1320 ποιητῇ
3379 1249 3437 1300 ἐν
3492 1251 3559 1318 τῇ
3628 1249 3668 1300 Ω
3718 1249 3809 1316 τῆς

2260 1347 2641 1412 Ὀδυσσείας,
2681 1347 2774 1398 καὶ
2816 1347 3092 1414 αἰτιατικῇ
3120 1343 3181 1396 rb
3228 1343 3306 1410 νὴ
3362 1341 3454 1394 καὶ
3484 1329 3545 1392 τὸ
3585 1340 3668 1408 μά
3691 1355 3703 1370 ο
3726 1339 3811 1392 καὶ

2247 1441 2357 1509 γὰρ
2403 1438 2666 1509 ὀμνύντες
2714 1438 2758 1469 ⁸⁸
2813 1437 3090 1507 αἰτιατικῇ
3152 1433 3482 1487 συνάπτουσι
3540 1430 3611 1483 τὰ
3669 1431 3812 1500 ἐπιρ-

2251 1535 2472 1604 ῥήματα
2521 1529 2714 1584 ταῦτα.
2753 1529 2877 1583 Ὅτι
2917 1529 2978 1582 τὸ
3008 1527 3235 1597 κνέφας
3277 1527 3326 1578 οἱ
3367 1523 3466 1592 μέν
3497 1539 3660 1591 φασιν
3713 1522 3811 1574 ἀπὸ

2247 1624 2342 1678 τοῦ
2371 1621 2632 1692 κενέφας
2659 1620 2910 1688 γενέσθαι
2953 1617 3154 1689 (κενόν
3186 1615 3296 1687 γάρ
3337 1616 3456 1668 ἐστι
3503 1611 3737 1683 φάους),
3769 1613 3810 1664 οἱ

2248 1717 2306 1769 δὲ
2358 1713 2501 1768 κατά
2539 1712 2879 1783 πλεονασμὸν
2929 1711 3024 1765 τοῦ
3069 1727 3140 1763 κ·
3179 1709 3364 1776 νέφος
3414 1707 3526 1777 γάρ
3558 1701 3696 1757 εἶναι
3724 1703 3811 1756 καὶ

2250 1811 2439 1880 νέςρας
2492 1808 2555 1860 τὸ
2613 1806 2921 1869 αὐτοτελὲς,
2967 1804 3059 1858 διά
3107 1803 3203 1856 τοῦ
3256 1817 3325 1855 νε
3379 1795 3704 1870 στερητικοῦ
3760 1795 3813 1848 rb

2252 1901 2660 1970 ἐστερημένον
2679 1898 2786 1953 τοῦ
2818 1898 3013 1967 φωτὸς
3044 1896 3437 1964 ὑποσημαῖνον.
3471 1892 3682 1960 ’Ὠσπερ
3730 1887 3814 1942 καὶ

2252 1999 2314 2052 τὸ
2369 1996 2598 2060 κτύπος
2633 1993 2824 2062 γέγονε
2857 1989 3000 2043 κατά
3032 1984 3370 2056 πλεονασμὸν
3406 1982 3503 2036 τοῦ
3539 2000 3576 2036 κ
3597 1998 3612 2013 ·
3644 1980 3817 2044 τύπος

2256 2090 2365 2162 γάρ
2423 2089 2572 2141 ἐστιν
2603 2087 2632 2140 ὁ
2683 2084 2935 2148 κτύπος,
2983 2079 3288 2151 ῥηματικὸν
3339 2075 3462 2148 [867
3517 2073 3610 2147 IL]
3660 2074 3814 2143 ὖνομα

2257 2183 2410 2253 παρὰ
2431 2181 2493 2233 rb
2531 2180 2752 2233 τύπτω.
2782 2175 2892 2230 Kal.
2915 2175 2978 2228 rb
3023 2173 3293 2236 καίνυτο,
3349 2169 3564 2224 αἴνυτο
3596 2167 3675 2233 ὃν,
3722 2183 3812 2218 πε-

2260 2275 2441 2347 ρισσὸν
2478 2271 2591 2343 ἔχει
2646 2270 2708 2324 τὸ
2743 2287 2802 2324 κ.
2844 2268 2955 2321 Καὶ
2997 2265 3060 2318 rb
3094 2263 3320 2332 καῦρος
3358 2262 3438 2294 ⁸³·
3489 2253 3674 2328 αὖρος
3720 2257 3814 2347 γάρ

2258 2346 2429 2428 ἐστιν,
2456 2359 2567 2416 οἷον
2600 2363 2627 2415 ό
2657 2359 2800 2414 κατά
2828 2357 2952 2410 νοῦν
2974 2355 3228 2424 ἐλαφρός.
3264 2353 3388 2404 Ὅτι
3411 2350 3513 2421 τὴν
3545 2349 3756 2404 Μοῦσαν
3777 2346 3816 2377 ⁸³

2256 2459 2307 2510 oi.
2365 2456 2464 2526 μὲν
2528 2448 2950 2522 ἐτυμολογοῦσιν
3017 2446 3125 2499 ἀπὸ
3187 2443 3283 2497 τοῦ
3345 2440 3635 2511 μυοῦσάν
3697 2454 3814 2490 τινα

2257 2545 2432 2604 εἶναι·
2483 2549 2517 2619 ἠ
2561 2545 2670 2616 γάρ
2707 2541 2942 2614 μουσικὴ
2993 2538 3273 2600 παίδευσις
3318 2535 3472 2588 οὑδέν
3523 2529 3816 2603 μυστηρίων

2257 2643 2525 2712 διαφέρει.
2559 2641 2620 2692 Οἱ
2649 2637 2707 2690 δὲ
2741 2637 2890 2706 παρὰ
2918 2631 2978 2686 τὸ
2999 2630 3230 2701 μαάσαι
3250 2627 3325 2659 ⁸⁸·
3354 2627 3415 2680 rb
3443 2624 3557 2695 γὰρ
3589 2624 3759 2694 ζητεῖν
3774 2620 3814 2651 ⁸⁸

2256 2735 2459 2803 Δωρεῖς
2493 2730 2712 2800 λέγουσι
2755 2726 2868 2797 μῶ,
2911 2724 3006 2778 καὶ
3033 2722 3222 2794 μῶται
3245 2720 3307 2774 rb
3331 2719 3516 2790 τρίτον
3544 2716 3816 2789 πρόσωπον

2257 2827 2388 2898 παρ’
2427 2823 2772 2895 Ἐπιχάρμῳ,
2794 2820 2890 2874 καὶ
2913 2817 3141 2888 μῶνται
3166 2816 3296 2886 παρ’
3323 2810 3715 2883 Εὑφορίωνι⁸⁶,
3733 2807 3814 2861 καὶ

2253 2919 2516 2989 μώμενιιι
2538 2915 2582 2948 ⁸⁷
2637 2916 2671 2985 ἠ
2720 2911 2920 2983 μετοχὴ
2950 2910 3101 2980 παρὰ
3133 2906 3416 2977 Σοφοκλεῖ.
3458 2902 3817 2972 Εὑλογώτερον

2259 3010 2352 3065 οῦν
2394 3008 2492 3080 τὴν
2522 3006 2748 3062 Μοῦσαν
2773 3001 3020 3057 ἐντεῦθεν
3065 2998 3341 3071 εἰρῆσθαι,
3387 2997 3591 3059 παντὸς
3618 2991 3817 3063 νομιζο-

2265 3101 2432 3172 μένην
2461 3099 2675 3169 εὑρέτιν
2701 3095 3044 3166 μαθὴματος.
3062 3092 3354 3145 Μαίεσθαι
3385 3087 3441 3141 δὲ
3472 3088 3568 3140 καὶ
3593 3087 3818 3155 Ὄμηρος

2261 3192 2368 3249 οἶδε
2383 3193 2442 3246 rb
2459 3187 2780 3257 ζητεῖν,καὶ
2804 3185 2993 3254 μαῖάν
3023 3199 3204 3253 φαμεν
3228 3181 3324 3252 τὴν
3355 3178 3627 3249 ζητοῦσαν
3653 3173 3817 3246 ἰατρὸν

2261 3288 2322 3341 rb
2351 3281 2877 3356 κρυπτόμενον.”οτι
2901 3280 2935 3350 ἡ
2958 3276 3181 3347 μάκαρ,
3214 3275 3367 3344 φησὶ,
3396 3269 3694 3342 μονήρηςκδ
3715 3265 3816 3321 ἐστὶ

578 3367 755 3438 gratia
787 3383 855 3422 ex
904 3366 1199 3438 μακήριον,
1246 3368 1390 3438 quod
1433 3367 1544 3423 fato
1596 3383 1702 3423 non
1749 3369 2015 3438 subjacet,
2050 3369 2151 3426 im-

2261 3375 2426 3440 λέξις,
2451 3375 2546 3428 καὶ
2578 3375 2636 3426 ἐν
2674 3372 2785 3432 τοῖς
2827 3369 3080 3438 θηλυκοῖς
3114 3365 3176 3418 rb
3205 3363 3420 3433 δάμαρ.
3460 3361 3537 3414 Τὸ
3564 3361 3620 3414 δέ
3637 3361 3814 3428 μάκαρ

579 3459 856 3523 mortalis,
891 3459 976 3514 vel
1011 3475 1078 3514 ex
1123 3460 1352 3531 ἀκήριος
1393 3460 1712 3530 pleonasmo
1749 3465 1846 3516 τοῦ
1886 3463 2081 3520 litterae
2115 3483 2156 3536 μ

582 3551 874 3624 μακάριος.
928 3553 1190 3624 Ἀλευρον
1238 3553 1424 3610 addito
1474 3572 1514 3624 μ
1563 3556 1840 3610 invenitur
1887 3558 2157 3628 μάλευρον

581 3645 749 3715 fama,
779 3655 833 3700 et
863 3645 962 3716 μία
989 3663 1093 3699 una
1124 3662 1189 3701 ex
1231 3647 1286 3699 τα
1319 3645 1520 3702 factum
1558 3648 1742 3704 addito
1777 3667 1836 3720 μ.
1871 3649 1946 3705 De
1973 3649 2158 3705 Philo-

578 3735 725 3788 mela
777 3735 893 3790 hrec
946 3745 1177 3790 narrat:
1211 3735 1378 3790 Zeten
1431 3736 1602 3792 ﬁlium
1648 3737 1837 3794 Boreae
1881 3741 2158 3808 accepisse

579 3825 939 3882 Philomelam
973 3829 1123 3900 (55),
1182 3831 1349 3884 ﬁliam
1406 3830 1643 3886 Dulichii
1693 3829 1999 3894 Pandarei,
2047 3832 2158 3886 illis

577 3917 753 3972 ﬁlium
809 3927 995 3972 natum
1053 3935 1178 3975 esse
1244 3920 1469 3974 nomine
1529 3920 1801 3992 Actylum.
1858 3922 2157 3978 Philomela

579 4021 764 4065 autem
815 4011 1092 4082 suspicata
1147 4011 1324 4066 virum
1374 4012 1681 4083 Nympham
1713 4014 2006 4083 quamdam
2053 4013 2160 4068 lla-

579 4104 934 4176 madryadem
979 4107 1257 4173 adamare,
1307 4105 1550 4177 zelotypa
1587 4121 1710 4160 cum
1745 4106 1890 4162 ﬁlius
1929 4108 2157 4180 Actylus

580 4198 658 4254 illi
696 4199 973 4253 videretur
1016 4199 1272 4254 conscius
1321 4213 1388 4253 ac
1417 4197 1636 4267 adjutor
1663 4197 1849 4252 furtivi
1896 4188 2160 4255 concubi-

579 4299 694 4352 tus.
725 4307 755 4345 a
793 4291 1084 4346 venatione
1115 4291 1431 4347 redeuntem
1473 4292 1624 4346 illum
1649 4290 1943 4347 interfecit.
1975 4292 2159 4349 Venus

578 4395 760 4439 autem
797 4393 1003 4440 tantam
1038 4386 1294 4440 miserata
1341 4385 1734 4454 calamitatem,
1784 4386 1840 4442 in
1881 4387 2158 4442 volucrem

576 4475 867 4531 lusciniam
913 4487 1140 4532 matrem
1187 4478 1438 4533 mutavit.
1490 4479 1772 4534 Ptenitens
1818 4489 1999 4535 autem
2039 4496 2161 4550 qua:

576 4577 737 4624 antea
772 4567 998 4632 femina,
1033 4584 1180 4624 nunc
1203 4585 1332 4624 vero
1370 4570 1510 4633 avis,
1536 4569 1683 4640 luget
1713 4570 1904 4636 ﬁlium,
1939 4587 2045 4625 non
2077 4586 2160 4625 re-

576 4674 731 4731 perto
749 4662 872 4716 mali
895 4664 1019 4717 ﬁne.
1035 4663 1232 4728 Τέττα,
1249 4663 1392 4733 quod
1417 4661 1558 4732 apud
1579 4662 1869 4717 Homerum
1891 4673 1973 4717 est
1997 4665 2155 4734 (55‘),

573 4753 721 4822 quod
755 4753 896 4807 dixit
925 4753 1214 4808 Diomedes
1264 4753 1330 4808 ad
1380 4750 1722 4816 Sthenelum,
1759 4752 2046 4823 scriptura:
2077 4756 2155 4807 vi-

573 4854 711 4899 tmm
775 4853 878 4900 est.
948 4844 1088 4911 Quid
1140 4845 1288 4899 enim
1361 4845 1630 4916 signiﬁcet
1674 4845 1848 4899 τέττα
1905 4847 2153 4917 ignotum

572 4936 844 4992 hactenus
875 4937 975 4992 fuit
1007 4955 1019 4990 :
1050 4937 1144 4992 sed
1175 4938 1268 4991 alii
1315 4938 1535 5007 quidem
1560 4951 1748 4992 vocem
1781 4940 2005 4993 honoris
2035 4956 2157 4995 esse

582 5029 746 5084 amici
796 5031 862 5085 ad
903 5031 1140 5085 amicum
1194 5030 1385 5085 dicunt
1419 5049 1432 5084 :
1462 5030 1710 5084 nonnulli
1750 5047 1901 5096 vero,
1945 5034 2158 5102 garrule

2257 3472 2324 3525 ἐκ
2366 3469 2460 3522 τοῦ
2519 3465 2809 3537 μακάριος
2880 3458 3298 3518 ἀποκέκοπται,
3362 3453 3556 3525 ὥσπερ
3627 3451 3714 3504 καὶ
3764 3447 3814 3500 rb

2256 3563 2503 3635 ὐμέναιε
2535 3559 2757 3628 γέγονεν
2796 3553 3075 3608 ἀποκοπέν
3107 3550 3279 3620 ὐμέν.
3322 3549 3445 3602 Ὅτι
3476 3547 3538 3600 rb
3559 3541 3814 3616 μακκοᾷν

2257 3651 2539 3727 ἀρχαϊκῶς
2565 3652 2680 3703 ἐστι
2702 3648 2763 3700 rb
2784 3645 2870 3715 μὴ
2911 3644 3176 3706 ἀκούειν,
3207 3641 3240 3712 ἢ
3266 3641 3327 3692 rb
3351 3639 3432 3709 μὴ
3458 3639 3642 3702 κόειν,
3693 3636 3812 3702 ὅπερ

2257 3747 2318 3800 τὸ
2341 3743 2508 3800 νοεῖν
2530 3742 2739 3812 ἐδήλου.
2771 3736 3122 3805 Καλλίμαχος
3153 3734 3197 3786 δ’
3223 3733 3501 3803 ἐνΈκάϐῃ
3516 3731 3586 3795 ⁸⁸,
3613 3727 3811 3794 ἐκύησε

2261 3836 2430 3907 φησι)
2470 3835 2592 3888 ἀντὶ
2635 3831 2728 3885 τοῦ
2762 3830 3047 3898 ἐνόησεν.
3092 3827 3220 3880 ’Ὀτι
3269 3825 3327 3878 rb
3367 3823 3657 3894 μακάριος
3690 3819 3814 3880 τινὲς

2261 3929 2680 4002 ἐτυμολογοῦσιν
2697 3929 2762 3980 ὲκ
2777 3927 2872 3980 τοῦ
2883 3925 3204 3995 μηκήριος,
3222 3915 3334 3974 οἷον
3350 3921 3414 3972 ἐκ
3432 3919 3528 3972 τοῦ
3551 3917 3625 3988 μὴ
3643 3913 3762 3984 κηρὶ
3776 3909 3814 3941 ⁸⁸

2261 4022 2582 4076 ὑποκεῖσθαι
2633 4019 2725 4073 τὸν
2765 4018 3066 4072 ἀθάνατον·
3100 4016 3133 4084 ἢ
3187 4016 3253 4068 ἐκ
3283 4013 3375 4066 τοῦ
3402 4011 3648 4080 ἀκήριος
3695 4003 3816 4061 κατά

2260 4112 2600 4185 πλεονασμὸν
2625 4111 2718 4164 τοῦ
2742 4129 2789 4181 μ
2824 4108 3134 4180 μακάριος.
3169 4108 3292 4160 Ὀτι
3317 4106 3378 4159 rb
3412 4106 3672 4170 ἄλευρον
3693 4094 3816 4152 κατὰ

2260 4205 2600 4276 πλεονασμὸν
2632 4202 2727 4258 τοῦ
2752 4221 2797 4271 μ
2845 4201 2992 4255 ἐστιν
3040 4201 3222 4270 εὑρεῖν
3259 4199 3588 4269 μὰλευρον.
3637 4192 3736 4247 Καὶ
3766 4188 3816 4241 rb

2256 4299 2365 4370 μία
2395 4298 2474 4363 δὲ,
2505 4299 2569 4351 ἐκ
2597 4296 2691 4349 τοῦ
2725 4297 2788 4348 τοι
2816 4294 3040 4364 γεγονὸς
3061 4335 3076 4359 ,
3102 4291 3249 4346 κατά
3276 4289 3617 4360 πλεονασμὸν
3639 4286 3742 4355 ἔχει
3765 4281 3815 4332 rb

2255 4410 2324 4461 μ.
2375 4392 2502 4444 Ὅτι
2532 4388 2662 4461 περὶ
2691 4387 2791 4457 τῆς
2825 4385 3046 4456 ἀηδόνος
3087 4383 3468 4453 μυθολογεῖται
3493 4382 3569 4446 ὡς
3601 4380 3764 4448 Ζήτης
3793 4372 3816 4423 ὁ

2262 4483 2460 4554 Βορέου
2508 4483 2637 4544 παῖς
2654 4480 2699 4514 ⁸⁸
2738 4477 2933 4532 ἔλαϐεν
2971 4475 3196 4546 Ἀηδόνα
3224 4475 3319 4528 τοῦ
3345 4471 3664 4544 Δουλιχιέως
3691 4469 3815 4521 Hav-

2261 4575 2438 4647 δάρεω
2462 4574 2560 4644 τὴν
2591 4572 2892 4642 θυγατέρα,
2932 4567 3198 4630 Ἀκτυλος
3214 4568 3261 4599 ⁹¹
3309 4567 3366 4619 δὲ
3397 4567 3581 4627 αὑτοῖς
3606 4563 3710 4624 υἱὸς
3740 4557 3815 4627 γε·

2263 4685 2435 4722 νεται.
2468 4668 2534 4720 Ἦ
2562 4662 2656 4719 οὖν
2691 4663 2898 4734 Ἀηδὼν
2926 4663 3277 4730 ὑπονοήσασα
3306 4661 3397 4713 τὸν
3423 4660 3594 4730 ἄνδρα
3621 4655 3816 4724 νύμφης

2263 4759 2607 4831 ἁμαδρυάδος
2639 4758 2772 4829 ἐρᾷν
2805 4773 2952 4818 τινος
2983 4797 2998 4820 ,
3031 4753 3477 4824 ζηλοτυπήσασα,
3513 4747 3688 4823 [1584
3718 4738 3813 4812 IL]

2262 4856 2387 4909 ἐπεὶ
2419 4856 2557 4924 αὑτῇ
2607 4852 2783 4905 ἐδόκει
2811 4853 2839 4904 ὁ
2871 4851 2986 4912 υἱὸς
3019 4849 3285 4913 Ἀκτυλος
3337 4848 3438 4918 τὴν
3483 4844 3685 4913 κλοπὴν
3728 4836 3814 4904 τῆς

2268 4943 2467 5014 μίξεως
2498 4941 2800 4994 συνειδέναι
2849 4957 2909 4992 τε
2958 4939 3052 4994 καὶ
3084 4940 3438 5011 συνεργῆσαι,
3484 4935 3688 4992 ἀνεῖλεν
3723 4927 3813 4982 ἀπὸ

2265 5034 2440 5105 θήρας
2485 5034 2777 5105 ἐρχόμενον
2828 5039 2921 5087 τὸν
2971 5033 3158 5088 παῖδα.
3193 5033 3447 5102 ’ῼκτειρε
3495 5029 3540 5082 δ’
3587 5018 3811 5089 αὑτὴνή

1857 5168 2094 5222 VARIAE
2127 5168 2526 5224 LECTIONES.
2589 5188 2595 5195 ·

651 5256 1043 5331 11’Ἒδμνυντιιεςϐ
1069 5259 1410 5331 εξὺμνύοντες
1438 5279 1496 5324 ς.
1569 5261 1613 5291 θ’
1633 5259 1834 5330 καῦρος
1853 5261 1892 5315 C
1929 5279 1942 5313 :
1979 5262 2177 5331 ναῦρος
2210 5280 2270 5326 ς.
2345 5263 2392 5294 ⁸⁸
2418 5262 2622 5330 μυοῦσν

580 5330 935 5452 σαιῙόιαασαν
959 5330 1019 5385 C.
1094 5329 1140 5360 ⁸⁵
1169 5329 1377 5403 ζητεῖν]
1409 5333 1518 5384 inm
1549 5332 1714 5406 ζητῷ.
1747 5329 1819 5384 cf.
1855 5333 2008 5400 Etym
2041 5329 2111 5384 Μ.

583 5400 701 5452 uti):
741 5403 976 5452 annalis
1007 5416 1169 5452 uitam
1201 5402 1304 5452 ιιῶ.
1380 5403 1425 5432 ⁸⁵
1459 5402 1761 5452 Εὑωοοίωνι
1788 5402 2032 5452 Scaliger
2062 5421 2073 5452 :
2102 5403 2111 5452 l

581 5417 796 5467 μωσυαι
820 5417 976 5455 mans
1007 5417 1169 5467 quam
1199 5419 1304 5469 μω.
1380 5417 1425 5432 ου
1459 5417 1603 5466 Ευφο

578 5469 775 5534 Colon,
805 5487 858 5540 p.
896 5472 1127 5526 CXVIII.
1204 5473 1250 5502 ⁸³
1282 5473 1514 5542 μονῆρές
1546 5474 1608 5527 C.

581 5557 697 5612 ριον
732 5561 794 5607 ς.
870 5542 914 5574 ⁸⁸
952 5543 1101 5614 παῖς]
1129 5546 1324 5597 lacuna
1356 5544 1409 5596 in
1440 5543 1502 5597 C.

2749 5261 3085 5317 mschelius:
3119 5261 3242 5317 lilll‘i
3274 5261 3558 5330 μαιοῦσαν.
3632 5257 3675 5330 ⁸)
3697 5251 3812 5330 ιξαάζ-

2379 5316 2468 5396 άέὶ,
2501 5335 2604 5410 nisi
2625 5348 2754 5410 n10};
2782 5351 2905 5388 cum
2927 5316 3294 5410 -Kustcrnlad
3330 5333 3482 5385 Suid.
3516 5349 3564 5394 ι’,
3599 5324 3806 5410 μῶςρξιξ)

820 5403 976 5474 :nalis
1007 5391 1304 5469 ψιιιιιιμῶ.
1358 5391 1425 5432 ’⁸⁵
1459 5391 1761 5472 Ebro-piem
1788 5391 2032 5468 Scaliger
2062 5421 2073 5455 :
2102 5391 2224 5455 libri
2251 5391 2632 5474 εὑθύφορὶωνι.
2709 5404 2754 5435 ⁸⁷
2784 5404 3035 5474 μωμένου
3059 5391 3262 5473 Reisig.
3296 5391 3660 5456 commentfin
3686 5391 3806 5448 (Ed.

820 5487 858 5524 J.
896 5472 1127 5526 CXVIII.
1204 5473 1250 5502 ⁸⁸
1282 5473 1514 5536 μονῆρές
1546 5474 1608 5527 C.
1686 5474 1729 5504 “9
1771 5470 1972 5536 Ἑκάλῃ
2003 5474 2246 5536 Scaliger
2276 5492 2288 5526 :
2321 5475 2443 5528 libri
2472 5475 2668 5536 ἐκάὸῃ,
2747 5478 2793 5507 εδο
2824 5476 2897 5536 μὴ
2930 5477 3060 5536 κηρὶ
3090 5493 3221 5536 tng.,
3266 5475 3534 5536 μηκήριον
3565 5470 3624 5533 C,
3658 5462 3808 5536 μακή·

1579 5506 1608 5527 ..
1686 5490 1729 5504 ην
1792 5490 1972 5542 υκαι-ῃ
2003 5490 2246 5543 scaliger
2276 5492 2288 5526 :
2322 5490 2443 5528 ιιι)ιί
2472 5490 2668 5546 εκαοῃ.
2748 5490 2793 5507 νυ
2824 5490 2897 5546 μη
2930 5490 3060 5546 κηρὶ
3090 5493 3221 5544 tng.,
3266 5490 3534 5544 μηκηριον
3565 5490 3624 5533 υ,
3658 5490 3789 5536 μαιιι

1579 5545 1624 5574 θ’
1663 5542 1950 5614 ”Ακτυλος]
1989 5543 2181 5604 Ἰτύλος
2217 5545 2480 5614 Scaliger,
2522 5540 2780 5616 Ἀήτυλοέ
2824 5547 3107 5602 Eustathio
3144 5555 3365 5602 auctore
3403 5541 3687 5599 Meursius.

2074 5654 2290 5714 ’ΝΟΤΑΕ
2303 5693 2317 5709 .

654 5756 789 5823 (3-H
823 5757 991 5818 Aliter
1028 5755 1182 5810 Plato
1222 5754 1273 5807 in
1307 5753 1543 5822 Cratylo.

652 5821 763 5899 (55)
808 5827 937 5884 Vide
956 5828 1112 5883 Ovid.
1146 5828 1198 5880 in
1232 5821 1590 5894 Metamorph.
1615 5833 1667 5878 et
1695 5838 1854 5892 supra
1881 5821 2152 5876 Plautium.

2337 5753 2481 5822 (55³⁸)
2513 5753 2674 5806 Iliad.
2708 5757 2767 5808 Δ.
