4020 6410
198 421 292 483 ιω

1182 469 1191 479 .
1267 421 1795 483 BlBLIOTHECA.
1825 449 1896 459 --
1930 423 2095 486 COD.
2127 426 2476 487 CCLXXIX.

3330 431 3439 496 310

209 548 484 619 Ἀφροδίτη
519 548 614 603 τοῦ
642 548 871 615 πάθους,
905 550 1000 604 καὶ
1029 551 1109 615 εἰς
1142 550 1337 621 ὄρνεον
1376 552 1640 623 μετέϐαλε
1665 552 1763 623 τὴν

1869 536 1990 589 heus
2020 544 2099 598 tu,
2122 538 2205 592 vel
2258 557 2289 592 0
2317 539 2445 592 bone
2485 541 2582 604 vir,
2614 530 2920 611 signiﬁcare
2954 541 3107 595 aiunt
3138 560 3151 596 :
3189 543 3280 597 alii
3314 562 3441 601 rur—

196 642 785 711 ἀηδόνα.Μεταγνοῦσα
808 643 867 696 δὲ
898 645 931 714 ἡ
954 644 1124 698 πάλαι
1155 646 1255 714 μὲν
1275 646 1435 715 γυνὴ,
1470 644 1567 698 νῦν
1602 645 1648 697 δ’
1670 644 1764 715 6p-

196 750 271 795 νις
301 731 493 804 θρηνεῖ
516 734 611 786 τὸν
639 737 824 800 παῖδα,
861 735 1014 789 λύσιν
1039 737 1137 806 οὐχ
1164 736 1495 806 εύρίσκουσα
1526 736 1620 789 τοῦ
1646 736 1766 789 τολ-

202 824 521 891 μήματος⁹³.
556 826 676 880 Ὀτι
714 827 777 880 τὸ
821 827 1011 893 τέττα,
1055 827 1084 880 ὃ
1134 827 1263 899 παρ’
1312 827 1536 899 Ὁμήρῳ
1585 830 1763 881 κεῖται

199 914 481 984 εἰρημένον
530 916 608 979 ὡς
651 918 760 971 ἀπὸ
809 917 904 972 τοῦ
952 919 1250 991 Διομήδους
1295 920 1433 990 πρὸς
1483 920 1760 987 Σθένελον,

198 1008 470 1076 γραφικῆς
499 1011 616 1062 ἐστι
648 1010 873 1081 πλάνης.
908 1012 974 1065 Τί
1008 1029 1138 1064 ποτε
1170 1013 1278 1082 γὰρ
1307 1012 1458 1082 δηλοῖ
1484 1012 1545 1063 τὸ
1568 1012 1760 1079 τέττα,

201 1098 352 1168 μέχρι
379 1099 479 1153 νῦν
508 1099 665 1155 οὔπω
704 1103 1145 1171 ωνομολογεῖται
1165 1120 1178 1133 ·
1211 1104 1327 1157 ἀλλ’
1364 1107 1413 1157 οἱ
1440 1106 1538 1174 μὲν
1571 1122 1765 1158 σεπτι-

196 1188 289 1259 κὴν
324 1190 462 1243 αὐτὸ
493 1192 679 1262 φωνὴν
721 1188 861 1246 εἶναι
895 1194 1053 1262 φίλου
1082 1195 1218 1265 πρὸς
1248 1195 1462 1266 ὲταῖρόν
1497 1213 1681 1265 φασιν,
1714 1196 1764 1249 οί

196 1280 264 1345 δὲ,
292 1280 557 1336 κώτιλλε
584 1277 631 1336 ὦ
658 1278 860 1350 οὗτος,
890 1284 1041 1337 ἄλλοι
1070 1284 1127 1337 δὲ
1156 1284 1341 1349 πάλιν,
1386 1285 1463 1339 σὲ
1497 1284 1671 1355 λέγω.
1700 1288 1763 1339 Ui

195 1372 402 1435 πλείους
432 1373 492 1426 δὲ
522 1374 632 1427 τῶν
664 1375 1069 1446 γραμματικῶν
1102 1377 1369 1448 νεωτέρου
1403 1379 1568 1447 φασὶν
1626 1374 1764 1431 εἶναι

196 1462 581 1534 προσφώνησιν
612 1467 691 1529 εἰς
727 1466 1099 1537 πρεσϐύτερον
1117 1485 1130 1498 ·
1159 1473 1336 1521 καίτοι
1359 1485 1423 1537 γε
1450 1469 1562 1522 οὐδ’
1580 1471 1763 1541 ἔχουσι

197 1556 349 1622 δεῖξαι
380 1557 661 1628 Διομήδην
678 1558 939 1612 Σθενέλου
960 1559 1245 1631 νεώτερον.
1274 1560 1349 1613 Ού
1374 1559 1481 1631 μὴν
1508 1560 1621 1613 ἀλλ’
1644 1562 1765 1614 οὐδὲ

199 1647 436 1713 φαίνεται
468 1648 719 1719 Ὄμηρος
743 1650 979 1721 ἀλλαχοῦ
1002 1652 1350 1723 χρησάμενος
1376 1655 1440 1723 τῇ
1473 1655 1647 1723 φωνῇ,
1696 1651 1763 1705 ἵν’

200 1744 254 1792 ἐκ
279 1741 374 1809 τῆς
409 1741 672 1813 ἀλλαχόθι
707 1746 949 1815 φανερᾶς
998 1744 1236 1809 διανοίας
1281 1746 1375 1800 καὶ
1418 1748 1479 1800 τὸ
1527 1746 1766 1801 ἐνταῦθα

200 1833 281 1901 τῆς
305 1832 508 1899 λέξεως
538 1835 942 1909 άνακαθαρθείη
975 1837 1296 1908 ἀμφίϐολον,
1328 1838 1517 1910 ὥσπερ
1554 1841 1646 1893 ἐπὶ
1670 1838 1763 1893 τοῦ

201 1925 365 1976 eam
392 1925 624 1996 ἐποίησε
644 1942 658 1957 ·
714 1927 808 1980 καί.
835 1928 944 1999 γὰρ
970 1928 1141 1982 εἰπὼν
1169 1930 1287 1986 ἐκεῖ
1320 1929 1609 2001 πρότερον,
1646 1932 1756 1985 πόα

200 2014 351 2068 δεσιν
373 2014 394 2087 [
419 2016 527 2071 868
557 2016 622 2070 H.
653 2017 674 2090 ]
720 2020 908 2072 ἐλλον
946 2015 1073 2073 εἷλε
1099 2021 1382 2075 ποικίλον
1401 2020 1447 2053 “
1477 2021 1657 2087 κύων,
1698 2020 1761 2074 τὸ

204 2105 373 2177 ἄδηλον
400 2107 506 2177 τῆς
538 2106 739 2174 λέξεως
776 2109 1109 2179 διεσάφησεν
1145 2110 1479 2179 ύποκατιὼν,
1507 2112 1761 2183 νεϐρὸν⁹⁵

208 2197 282 2249 τὸν
307 2198 453 2251 ἔλλον
480 2200 780 2269 ὀνομάσας.
822 2201 1097 2267 Ὡσαύτως
1127 2204 1189 2256 τὸ
1216 2201 1327 2258 λάε
1355 2206 1419 2258 ὲκ
1440 2206 1538 2274 τῆς
1567 2208 1762 2276 ἐτυμο-

214 2288 364 2355 λογίας
394 2292 545 2360 σαφῆ
571 2294 875 2363 παρίστησι
900 2294 999 2364 την
1029 2293 1212 2366 φωνὴν
1230 2335 1247 2360 ,
1272 2297 1394 2349 ἐπεὶ
1416 2296 1582 2360 ἀλαός
1610 2298 1761 2351 ἐστιν

223 2379 248 2428 ὁ
274 2382 342 2445 μὴ
364 2381 613 2443 ,ϐλέπων
658 2382 726 2435 τὸ
764 2380 890 2451 φῶς
912 2400 929 2416 ο
968 2384 1002 2455 ἢ
1046 2385 1130 2438 ὅτι
1180 2384 1240 2437 τὸ
1271 2384 1444 2438 λάειν
1459 2385 1506 2417 ⁸⁸
1535 2386 1594 2438 τὸ
1623 2387 1761 2439 ἀπο-

222 2467 480 2535 λαυστικῶς
506 2471 655 2542 ἔχειν
686 2474 856 2539 ἐστὶν,
893 2475 1033 2545 ὅπερ
1077 2475 1350 2530 δείκνυσιν
1383 2476 1763 2546 ὲμφατικωτέ-

223 2562 349 2629 ρανθτ
372 2561 637 2616 διάθεσιν.
670 2563 780 2615 Καὶ
823 2561 956 2616 ἄλλα
984 2563 1045 2616 δέ
1077 2565 1194 2618 ἐστι
1247 2564 1527 2629 ξενίζοντα
1554 2564 1612 2618 ἐν
1648 2564 1763 2626 τοῖς

225 2653 453 2724 Ὀμήρου,
497 2654 621 2726 μεθ’
646 2656 894 2727 Ὅμηρον
926 2657 984 2710 δὲ
1027 2658 1142 2720 τοῖς
1186 2658 1478 2728 νεωτέροις
1505 2657 1655 2727 σαφῆ
1692 2659 1760 2728 τῇ

208 2747 372 2816 χρήσει
392 2749 661 2817 γεγονότα
689 2749 784 2803 καὶ
807 2749 908 2821 τὴν
937 2749 1091 2803 λύσιν
1120 2750 1219 2821 τῆς
1249 2750 1481 2820 ἀπορίας
1511 2750 1762 2817 ὲπιδεξά-

212 2857 342 2907 μενα.
370 2842 446 2894 Τὸ
476 2842 535 2895 δὲ
567 2841 745 2896 τέττα
768 2844 925 2898 οὐδὲν
958 2843 1202 2897 τοιοῦτον
1230 2844 1332 2913 τῆς
1359 2844 1638 2913 ἀγνωσίας
1667 2845 1763 2897 καὶ

209 2932 286 2983 τοῦ
301 2935 339 2966 ’⁸
374 2935 451 3005 μὴ
496 2935 909 3007 διημαρτῆσθαι
962 2935 1217 3001 ἐξείλετο.
1268 2938 1343 2989 Οὐ
1378 2937 1560 2990 τοίνυν
1590 2935 1764 2990 τέττα

209 3021 275 3073 δεῖ
295 3026 548 3095 γράφειν,
600 3025 739 3079 ἀλλά
788 3026 972 3082 τέτλα
990 3028 1059 3089 θ’,
1089 3028 1189 3098 τῆς
1219 3027 1314 3080 ἐπὶ
1342 3027 1534 3092 τέλους
1567 3027 1763 3082 συλλα-

203 3112 286 3181 ϐῆς
315 3116 693 3186 ἀποκοπείσης
722 3116 817 3171 τοῦ
846 3118 1085 3171 τέτλαθι
1120 3120 1160 3174 ί.
1201 3118 1309 3172 Καὶ
1336 3119 1447 3189 γὰρ
1485 3118 1632 3172 ἔστιν
1671 3121 1762 3172 εύ-

1866 643 2012 693 sum,
2050 640 2100 684 te
2132 630 2337 699 appello
2364 645 2383 684 :
2415 631 2600 702 plures
2645 648 2776 687 vero
2810 634 3153 704 grammatici
3193 636 3438 707 iunioris

1864 736 1987 777 esse
2010 736 2198 777 vocem
2242 723 2308 777 ad
2340 726 2611 779 seniorem
2648 725 2857 791 dicunt,
2888 742 3203 797 quanquam
3254 741 3441 784 osten-

1865 815 1996 870 dere
2060 827 2373 885 nequeant,
2447 818 2759 873 Dinmedem
2831 818 3090 875 Sthenelo
3158 820 3435 891 juniorem

1865 906 2286 979 fuisse-Neque
2336 908 2500 964 etiam
2548 925 2778 980 usquam
2831 910 2961 965 alibi
3015 909 3285 967 Homerus
3337 913 3439 969 hac

1866 1015 2000 1054 voce
2033 1014 2188 1062 usus,
2222 1008 2281 1052 ut
2316 1014 2385 1053 ex
2430 1015 2596 1055 sensu
2637 999 2858 1055 aliunde
2914 1010 3066 1065 noto,
3097 1001 3289 1072 531b
3321 1019 3440 1057 am-

1866 1090 2107 1159 biguitas
2154 1088 2307 1143 verbi
2356 1089 2469 1144 tolli
2519 1090 2919 1159 posset:quod
2967 1091 3023 1145 in
3068 1091 3242 1155 ἐλλον,
3292 1092 3439 1161 quod

1866 1182 2144 1236 hinnulum
2159 1182 2450 1253 signiﬁcat,
2470 1182 2600 1239 fecit
2620 1184 2756 1255 (56).
2776 1184 2854 1238 lbi
2878 1184 3021 1239 enim
3054 1185 3206 1250 dicit,
3224 1185 3441 1239 πόδεσιν

1867 1274 2019 1328 ἔλλον
2050 1269 2161 1328 εἷλε
2193 1276 2439 1329 ποικίλον
2470 1276 2641 1342 κύων,
2674 1278 2824 1331 canis
2852 1278 3068 1347 pedibus
3114 1279 3442 1349 uariegatum

1865 1368 2142 1421 hinnulum
2183 1368 2601 1438 comprehendit,
2633 1371 3023 1425 obscuritatem
3052 1370 3205 1426 verbi
3238 1371 3441 1441 delegit

1867 1462 2011 1533 quod
2068 1463 2431 1528 subnectitur,
2486 1473 2766 1517 mortuum
2810 1463 3126 1519 hinnulum.
3177 1463 3442 1519 Similiter

1866 1566 1919 1609 et
1942 1554 2041 1608 λὰε
2066 1569 2131 1609 ex
2159 1554 2485 1625 etymologia
2520 1563 2761 1623 apertam
2794 1571 2980 1610 vocem
3012 1555 3274 1621 ostendit,
3314 1570 3439 1610 cum

1866 1646 2029 1710 ἄλαος
2058 1647 2148 1711 sit,
2176 1663 2279 1700 non
2301 1647 2478 1701 videns
2510 1646 2700 1701 lucem.
2733 1644 2826 1703 Vel
2858 1648 2984 1717 quia
3006 1646 3156 1701 λάειν
3187 1647 3327 1702 idem
3354 1656 3444 1702 est

1867 1754 1931 1794 ac
1964 1738 2097 1807 frui,
2120 1738 2267 1808 quod
2294 1739 2757 1793 vehementiorem
2790 1740 3032 1794 ostendit
3075 1738 3437 1795 affectionem.

1869 1830 1933 1884 Et
1959 1829 2061 1883 alia
2107 1829 2275 1883 multa
2316 1836 2443 1883 sunt
2468 1828 2609 1898 apud
2646 1829 2945 1883 Ilomerum
2978 1830 3287 1900 peregrina,
3319 1844 3445 1899 quae

1869 1922 2088 1977 Homeri
2127 1922 2363 1993 posteris
2394 1937 2495 1977 usu
2523 1922 2664 1978 facta
2700 1932 2828 1978 sunt
2855 1923 3167 1993 perspicua,
3196 1932 3251 1977 et
3274 1922 3444 1977 dubia

1868 2016 2054 2072 omnia
2107 2015 2357 2071 submota
2404 2023 2554 2070 sunt.
2597 2013 2718 2070 Non
2769 2015 2959 2070 eadem
2993 2024 3176 2079 tamen
3213 2015 3355 2070 ratio
3388 2015 3444 2069 in

1866 2109 2052 2161 τέττα.
2110 2104 2299 2175 Neque
2346 2105 2489 2160 enim
2551 2104 2715 2159 τέττα
2791 2105 3143 2161 scribendum
3192 2114 3293 2169 est,
3348 2106 3451 2161 sed

1866 2201 2081 2266 τέτελα,
2117 2201 2305 2255 ultima
2353 2199 2560 2270 syllaba
2607 2199 2808 2263 ablata,
2856 2214 2885 2253 a
2915 2198 3181 2252 τετέλατι.
3231 2198 3444 2253 Etenim

1869 2294 2117 2349 invenire
2159 2303 2243 2348 est
2285 2293 2497 2357 τέτελα,
2546 2294 2750 2347 multos
2799 2292 3027 2359 dixisse,
3082 2300 3144 2346 ut
3191 2291 3444 2355 Aratum,

1870 2386 1963 2441 ubi
1994 2385 2090 2449 ait,
2113 2384 2172 2437 ὲν
2200 2384 2442 2454 χαρίτων
2472 2382 2665 2455 πρώτη
2712 2383 2924 2439 τέτελα.
2962 2382 3089 2440 Ideo
3111 2392 3166 2438 et
3198 2384 3445 2437 nonnulli

1869 2494 2090 2536 versum
2149 2476 2370 2532 Homeri
2417 2492 2526 2531 non
2574 2491 2668 2546 per
2716 2476 2903 2539 τέττα,
2962 2477 3055 2532 sed
3110 2491 3208 2546 per
3254 2474 3448 2529 τέτελα

1871 2571 2259 2642 protulerunt,
2320 2569 2562 2637 legentes
2625 2576 2680 2622 et
2735 2567 3147 2637 signiﬁcantes,
3204 2582 3453 2621 errorem

1870 2663 2159 2725 accidisse,
2188 2660 2333 2731 quod
2364 2660 2534 2730 aliqui
2567 2659 2870 2715 secundum
2900 2676 2930 2712 τ
2958 2673 3055 2728 pro
3083 2657 3114 2710 λ
3146 2657 3444 2726 accipiant,

1871 2757 2037 2809 dante
2081 2753 2189 2809 illis
2233 2752 2485 2807 breviore
2519 2752 2576 2805 in
2604 2751 2749 2805 linea
2801 2750 2833 2802 λ
2876 2750 3325 2819 imaginationem
3356 2749 3448 2803 lit.

1871 2858 2002 2903 teras
2029 2865 2081 2913 τ,
2118 2848 2276 2915 cujus
2315 2846 2409 2900 uni
2444 2844 2585 2915 apici
2614 2852 2765 2899 recto
2794 2843 2931 2897 alter
2966 2842 3235 2895 incumbit
3270 2850 3450 2895 trans-

1871 2955 2084 2995 versus.
2134 2938 2305 2993 Mater
2347 2938 2491 3007 regis
2518 2935 2766 2990 Corinthi
2810 2950 2947 2989 uxor
2976 2932 3323 3003 Amphionis,
3371 2934 3451 2987 al-

1874 3044 1990 3089 tero
2035 3032 2165 3086 laeso
2197 3030 2334 3099 pede
2365 3027 2701 3092 claudicans,
2739 3026 2923 3081 Labda
2962 3036 3156 3081 vocata
3202 3034 3305 3079 est.
3345 3022 3452 3079 Re-

1870 3126 2016 3181 ctius
2050 3123 2209 3194 χροιὰ
2231 3121 2438 3175 dicitur
2471 3139 2483 3173 :
2517 3118 2612 3174 sed
2642 3133 2738 3187 per
2771 3117 2985 3187 ellipsin
3016 3117 3147 3188 χρά,
3179 3124 3235 3170 et
3256 3115 3446 3175 herba.

200 3209 297 3277 ρείν
331 3209 393 3260 τὸ
422 3208 609 3291 τέτλα
649 3200 944 3280 λεγόμενον
993 3211 1145 3282 παρά
1191 3211 1490 3282 διαφόροις,
1541 3212 1616 3275 ὡς
1666 3212 1763 3266 καὶ

1872 3217 2055 3288 potius
2086 3214 2214 3269 ποία
2247 3228 2409 3284 quam
2435 3211 2542 3264 ποὰ
2579 3211 2722 3265 dicta
2753 3218 2854 3264 est.
2892 3210 3063 3261 Ἀττα
3101 3210 3178 3263 ait
3202 3208 3309 3263 levi
3338 3209 3450 3278 spi-

200 3301 418 3371 ’Δρατός
455 3319 623 3371 φησιν
651 3303 721 3356 ἐν
751 3304 1011 3372 χαρίτων
1047 3304 1248 3375 πρώτῃ
1294 3306 1496 3360 τέτλα.
1543 3306 1633 3358 Διὸ
1669 3308 1763 3359 καὶ

1870 3311 1978 3364 ritu
2027 3306 2239 3371 scribi;
2289 3306 2382 3358 alii
2434 3303 2737 3359 secundum
2784 3302 3088 3372 signiﬁcata
3130 3300 3453 3358 accuratius

194 3390 271 3443 τὸν
298 3393 427 3464 παρ’
448 3394 673 3466 Ὁμήρῳ
722 3396 905 3467 στίχον
930 3397 1074 3460 τινὲς
1098 3398 1157 3449 ού
1191 3398 1388 3461 τέττα,
1414 3398 1554 3451 ἀλλὰ
1582 3399 1765 3451 τέτλα

194 3487 531 3557 προήνεγκαν
579 3490 1082 3557 ἀναγινώσκοντες,
1130 3491 1227 3544 κα)⁸
1282 3493 1763 3562 ὲπισημηνάμενοι

194 3578 257 3641 ὡς
279 3580 312 3650 ἡ
331 3580 519 3650 ἀπάτη
550 3582 774 3649 γέγονεν
801 3583 866 3635 ἐκ
893 3583 986 3636 τοῦ
1006 3582 1160 3645 τινὰς
1189 3582 1249 3636 τὸ
1274 3581 1531 3653 δεύτερον
1562 3600 1593 3636 τ
1642 3585 1763 3637 ἀντὶ

192 3670 275 3723 τοῦ
327 3675 368 3725 λ
432 3672 640 3737 λαϐεῖν,
699 3674 801 3745 τῆς
852 3674 1197 3747 βραχυτέρας
1253 3677 1523 3747 γραμμῆς
1580 3676 1675 3730 τοῦ
1723 3680 1765 3731 λ

195 3763 487 3829 φαντασίαν
521 3765 706 3827 αὐτοῖς
738 3768 836 3837 τῆς
862 3766 1029 3838 ὀρθῆς
1077 3768 1305 3839 κεραίας
1359 3770 1454 3822 τοῦ
1484 3786 1517 3823 τ
1583 3787 1764 3841 παρα-

195 3856 476 3927 σχομένης,
508 3858 606 3929 τῆς
633 3859 692 3911 δὲ
736 3859 983 3930 μείζονος
1012 3861 1110 3930 τῆς
1158 3862 1521 3932 ἐπικειμένης
1564 3864 1766 3934 ὲγκαρ-

193 3948 500 4015 σίας.;”οτι,
526 3952 662 4021 φησὶ
682 3954 724 4015 ⁹,
766 3952 857 4006 τοῦ
896 3953 1160 4023 βασιλέως
1192 3955 1460 4024 Κορίνθου
1489 3958 1521 4025 ή
1556 3957 1763 4027 μήτηρ,

190 4041 321 4110 γυνὴ
355 4040 407 4093 δὲ
441 4043 755 4113 Ἀμφίονος,
793 4045 1146 4117 κολοϐωτέρῳ
1174 4048 1455 4112 σκάζουσα
1482 4048 1560 4118 τῷ
1592 4050 1765 4119 ἑτέρῳ

191 4132 332 4196 ποδὶ,
368 4134 549 4187 Λάϐδα
582 4136 852 4191 ἐκαλεῖτο.
887 4138 1009 4191 Ὀτι
1043 4138 1451 4209 ἀναλογὼτερον
1486 4142 1520 4210 ή
1567 4142 1762 4209 χροιὰ,

191 4224 332 4276 κατά
374 4226 543 4290 πάθος
582 4227 641 4280 δὲ
688 4228 1035 4284 ὲλλειπτικὸν
1061 4231 1095 4303 ἡ
1124 4230 1306 4300 χρόα’
1347 4232 1443 4285 καὶ
1477 4233 1511 4302 ἡ
1562 4232 1763 4305 βοτάνη

194 4318 331 4372 ποιὰ
359 4320 554 4386 μᾶλλον
600 4322 633 4391 ἢ
687 4325 806 4376 πόα
862 4323 1153 4395 λεγομένη.
1192 4327 1316 4379 Ὀτι
1363 4326 1426 4380 τὸ
1455 4326 1605 4381 ἅττα
1631 4329 1767 4396 φησὶ

191 4408 469 4476 ψιλοῦσθαι
490 4428 505 4441 ·
544 4414 595 4466 οἱ
625 4414 682 4466 δὲ
714 4414 864 4468 ἄλλοι
895 4416 1286 4489 ἀκριϐέστερον
1328 4420 1410 4482 είς
1438 4420 1509 4473 τὰ
1560 4437 1764 4491 σημαι-

191 4502 383 4569 νόμενα
412 4505 770 4575 διαιροῦντες,
795 4510 1123 4581 οἰκειότερον
1158 4513 1251 4564 καὶ
1287 4513 1416 4583 περὶ
1442 4514 1551 4566 τῶν
1592 4531 1764 4567 πνευ-

1866 3399 2314 3466 distinguentes,
2375 3393 2662 3463 spiritibus
2719 3392 2886 3446 etiam
2956 3396 3173 3447 variare
3233 3391 3447 3446 volunt.

1879 3491 2117 3544 Ἐλαύνω
2175 3488 2325 3559 fruor
2369 3485 2673 3555 irregulare
2730 3492 3022 3539 estzante
3082 3484 3245 3539 linem
3300 3484 3449 3538 enim

1866 3585 2094 3639 verbum
2150 3587 2545 3635 consonantem
2607 3576 2858 3639 habens,
2920 3582 2977 3630 et
3040 3575 3093 3628 in
3146 3574 3451 3645 penultima

1866 3674 2078 3729 habens
2106 3671 2369 3743 syllabam
2411 3670 2463 3723 in
2494 3685 2561 3721 αυ
2597 3668 2970 3731 terminatam,
3011 3680 3293 3735 nunquam
3324 3682 3451 3736 gra-

1866 3778 2046 3822 vatur.
2081 3767 2324 3821 Duorum
2360 3763 2504 3817 enim
2542 3761 2777 3815 alterum
2809 3768 2912 3822 est,
2935 3756 3022 3813 vel
3054 3772 3253 3829 purum
3278 3756 3451 3826 Bary-

1869 3869 2081 3922 tonum,
2124 3856 2211 3910 vel
2246 3862 2643 3910 consonantem
2698 3850 2929 3913 habens,
2973 3847 3450 3911 circumﬂectitur,

1870 3960 1929 4005 ut
1960 3950 2120 4020 φαύω
2151 3948 2295 4003 unde
2322 3947 2526 4016 ἔφαυσε
2546 3959 2561 3975 ·
2596 3945 2823 3999 alterius
2846 3943 3158 4014 exemplum
3193 3939 3452 4011 ἀμαυρῶ,

1867 4054 1922 4097 et
1976 4042 2196 4097 similia.
2243 4039 2442 4094 Χαύνω
2496 4055 2604 4094 non
2658 4038 2794 4093 bene
2853 4043 3134 4107 gravatur.
3187 4032 3457 4088 Formant

1869 4144 2050 4189 autem
2083 4134 2333 4201 nonnulli
2365 4131 2574 4185 ἐλαύνω
2602 4132 2671 4185 ab
2698 4128 2824 4181 ὲλῶ.
2872 4126 3134 4183 Nonnulli
3164 4140 3296 4181 vero
3336 4133 3397 4179 ut
3423 4140 3454 4178 a

1869 4228 1950 4282 ϐῶ
1981 4228 2042 4282 tit
2090 4226 2279 4297 βαίνω,
2329 4224 2410 4279 sic
2458 4223 2614 4276 aiunt
2651 4221 2814 4275 etiam
2862 4221 2930 4274 ab
2979 4217 3105 4282 ὲλῶ,
3149 4218 3346 4271 ὲλαίνω
3375 4216 3455 4270 fa-

1869 4332 2041 4387 ctum,
2081 4330 2135 4376 et
2178 4316 2640 4373 transmutatione
2687 4313 3016 4384 diphthongi
3058 4311 3290 4366 ὲλάυνω.
3346 4307 3457 4365 Sed

1870 4415 2048 4469 solum
2080 4421 2163 4468 est
2188 4410 2419 4474 ἐλαύνω,
2450 4416 2504 4463 et
2537 4407 2659 4461 ideo
2688 4421 2789 4460 nec
2830 4405 3135 4476 regularem
3182 4403 3456 4473 coniuga-

1872 4504 2077 4558 tionem
2111 4500 2293 4562 habet,
2326 4495 2714 4552 heteroclitum
2748 4509 2987 4563 namque
3016 4503 3102 4549 est
3125 4492 3455 4564 perfectum.

197 4593 374 4660 μάτων
414 4597 693 4653 διείλοντο.
724 4600 847 4654 Ὅτι
893 4602 953 4654 τὸ
993 4602 1229 4657 ἐλαύνω
1276 4605 1591 4673 παράλογόν
1625 4606 1762 4670 ἐστι,

1876 4599 1944 4653 ab
1989 4594 2165 4659 ὲλάζω
2202 4592 2349 4647 enim
2398 4589 2639 4656 ὲλήλακα
2695 4587 2982 4641 formatur.
3018 4585 3356 4655 Conjunctio
3396 4586 3457 4637 τὲ

192 4683 354 4751 φησί·
407 4688 512 4757 πρὸ
556 4688 748 4751 τέλους
789 4691 899 4761 γὰρ
946 4693 1097 4762 ῥῆμα
1145 4693 1434 4763 σύμφωνον
1482 4697 1607 4766 ἕχον
1668 4697 1763 4749 καὶ

192 4777 602 4847 παραλήγουσαν
644 4781 746 4852 τὴν
793 4800 871 4836 αυ
907 4784 1028 4837 ούδέ
1071 4803 1202 4838 ποτε
1252 4787 1569 4857 βαρύνεται.
1606 4791 1763 4842 Δυοϊν

195 4868 301 4938 γὰρ
333 4870 576 4942 θάτερον,
608 4874 640 4944 ἦ
674 4875 980 4947 καθαρεῦον
1012 4877 1309 4949 βαρύτονόν
1344 4883 1512 4946 ἐστιν,
1554 4881 1587 4951 ἢ
1619 4884 1761 4951 σύμ-

200 4975 365 5025 φωνον
392 4964 512 5032 ἕχον
540 4969 900 5034 περισπᾶται.
929 4968 1035 5021 Τοῦ
1078 4970 1175 5038 μὲν
1202 4970 1377 5038 ψαύω
1403 4972 1443 5035 ³,
1479 4972 1670 5039 φαύω,
1705 4971 1765 5036 ἐξ

199 5045 258 5102 οὗ
286 5054 373 5105 καὶ
400 5055 459 5107 τὸ
490 5057 728 5124 ἕραυσε
746 5072 760 5085 ⁶
790 5057 885 5110 τοῦ
925 5058 1179 5130 δευτέρου
1204 5060 1260 5113 δὲ
1283 5061 1530 5130 ἀμαυρῶ
1561 5064 1658 5117 καὶ
1694 5064 1765 5118 τὰ

203 5141 370 5210 ὃμοια.
401 5147 474 5200 Τὸ
506 5149 563 5201 δὲ
592 5150 798 5218 χαύνω
842 5151 1170 5221 παραλόγως
1222 5151 1535 5221 βαρύνεται.
1570 5155 1768 5225 Τεχνο-

206 5231 409 5302 λογοῦσι
435 5240 493 5293 δὲ
525 5243 588 5294 τὸ
612 5242 848 5297 ἐλαύνω
876 5246 925 5296 οἱ
958 5244 1060 5313 μὲν
1086 5244 1197 5299 ἀπὸ
1224 5245 1322 5299 τοῦ
1351 5244 1472 5300 ἐλῶ
1520 5246 1729 5301 ἐλαύνω
1747 5261 1761 5274 ⁸

1881 4687 2078 4758 532α
2122 4684 2239 4739 sola
2274 4689 2359 4735 est
2408 4679 2683 4742 enclitica,
2737 4678 2877 4731 forte
2907 4677 3036 4747 quia
3086 4690 3220 4731 voce
3263 4673 3455 4730 eadem

1876 4796 2001 4836 cum
2029 4776 2313 4847 expletivis
2343 4782 2592 4828 utuntur.
2626 4769 2825 4825 [Eoles
2860 4785 3008 4836 vero,
3060 4770 3110 4825 si
3138 4768 3362 4839 quidem
3397 4777 3458 4821 ut

1881 4872 2247 4944 capulativam
2289 4870 2710 4938 assumpserint,
2738 4867 2993 4923 similiter
3024 4872 3086 4918 ut
3109 4877 3209 4917 nos
3233 4861 3294 4914 τὲ
3324 4860 3454 4915 επο-

1876 4975 2024 5020 runt.
2075 4963 2131 5018 Si
2165 4978 2294 5018 vero
2337 4962 2627 5032 expletive,
2666 4963 2720 5015 in
2771 4978 2801 5012 0
2831 4966 3052 5014 vertunt
3082 4954 3369 5027 syllabam,
3401 4960 3458 5006 et

1874 5063 1934 5114 τὸ
1967 5061 2158 5115 dicunt
2184 5073 2282 5129 pro
2336 5057 2415 5110 τὲ.
2447 5054 2888 5125 Γλωσσοκομεϊον
2937 5051 3075 5122 (56‘)
3106 5050 3325 5120 proprie
3371 5055 3459 5101 est

1875 5170 1989 5221 vas,
2044 5152 2191 5224 quod
2230 5150 2447 5223 linguas
2496 5150 2758 5204 tibiarum
2815 5145 3059 5215 recipit:
3094 5141 3257 5197 hodie
3318 5155 3452 5194 vero

1874 5248 2162 5302 abutentes
2185 5245 2251 5300 ad
2283 5242 2627 5315 receptacula
2650 5240 2887 5296 aliarum
2916 5250 3099 5291 rerum
3132 5247 3457 5289 accommo‘

1467 5360 1721 5431 nam;
1744 5358 2156 5417 LECTIONES.

279 5471 318 5548 ’_‘
341 5473 688 5548 τολμήματος
711 5477 751 5531 C
779 5495 793 5531 :
820 5479 1125 5548 τελήματος
1164 5497 1223 5543 ς.

211 5539 256 5609 ξ⁵
284 5542 419 5595 λαεῖν
435 5539 446 5544 ’
460 5539 529 5609 ς’.’
598 5547 640 5577 ’⁷

212 5606 372 5679 ngcr;
401 5606 526 5670 libri
550 5606 745 5672 τέτελᾶ
762 5606 841 5659 “-
864 5606 1131 5675 τετέλαθι.

1322 5479 1371 5514 ⁸⁸
1396 5479 1641 5533 ποικίλον
1723 5479 1764 5533 C
1814 5496 1828 5533 :

676 5547 1126 5621 ξμφατικω⁷τέραν
1149 5551 1190 5604 C
1224 5568 1237 5603 :
1270 5550 1809 5621 épcpatrtxtbtapovg.
1850 5550 1894 5621 ξε
1921 5552 2017 5621 καὶ
2035 5549 2128 5621 τοῦ
2150 5548 2191 5603 C
2222 5567 2249 5621 εΔ
2268 5547 2486 5621 τοῦᾉκαὶ
2520 5562 2582 5609 ς.

1208 5623 1229 5651 ³
1264 5618 1421 5692 φησὶ]
1454 5637 1523 5674 an
1580 5618 1873 5689 Κυψέλουῖ
1947 5622 1967 5652 ³
1993 5619 2154 5689 ψαύω
2185 5618 2312 5674 add.
2345 5618 2406 5673 C.

2364 5478 2410 5510 ⁸⁵
2445 5473 2639 5544 νεϐρὸν
2704 5470 2973 5527 Meursius
3010 5490 3027 5527 :
3058 5468 3181 5544 libri
3227 5463 3451 5544 Δνεκρὸν.

1884 5479 2148 5533 ποικίλων
2202 5496 2262 5541 ς.
2364 5479 2410 5510 ⁸⁵
2445 5479 2639 5544 νεϐρὸν
2704 5479 2973 5527 Meursius
3010 5490 3027 5527 :
3061 5479 3181 5525 libri
3240 5479 3451 5534 νεκρον.

1884 5551 1894 5581 ⁸
1921 5552 2014 5600 καὶ
2035 5549 2128 5600 τοῦ
2150 5548 2191 5600 C
2222 5567 2234 5600 :
2268 5547 2361 5600 τοῦ
2393 5550 2486 5600 καὶ
2520 5562 2582 5600 ς.
2671 5544 2716 5575 ⁸⁵
2745 5546 2929 5600 τέτλα.
3010 5545 3025 5577 ⁸
3058 5537 3276 5597 τέτλαθι
3319 5538 3452 5589 Sca-

1712 5754 1943 5812 NOTAE.

288 5862 388 5931 (36)
413 5864 574 5920 Κύων
602 5865 691 5936 ἔχε
723 5866 959 5921 ποικίλον
992 5866 1160 5921 ἐλλον.
1195 5867 1386 5938 Odyss.
1414 5866 1476 5921 T.

1956 5865 2099 5937 (36")
2140 5865 2273 5920 Vide
2299 5863 2663 5935 l‘hrynichum
2700 5878 2825 5934 pag.
2855 5861 2941 5916 l7.
