3856 6298
567 361 666 428 311
1816 377 2079 440 ΡΗΟΤΙΙ
2116 380 2139 439 Ι

2242 382 2627 444 ἮῘΑΒΟΗίΕ
2659 386 2767 445 CP.
3700 398 3790 463 3i?

567 480 717 546 dant,
752 490 806 535 ot
844 483 949 538 hoc
982 484 1198 555 quidem
1228 488 1513 546 tolerabile
1543 508 1556 544 :
1589 490 1681 546 alii
1710 490 1841 547 vero
1872 494 2139 550 invertunl

2255 497 2399 560 τινὲς
2426 498 2483 551 δὲ
2505 498 2696 569 ὥσπερ
2743 498 2852 553 ἀπὸ
2880 497 2975 553 τοῦ
3018 496 3115 563 ,ϐὤ
3145 499 3360 564 βαίνω,
3392 500 3534 557 οὕτω
3559 508 3681 575 φασὶ
3715 518 3792 566 καὶ

567 583 623 627 et
666 590 863 629 sonum
920 588 974 632 et
1024 576 1261 650 tempus.
1312 581 1540 653 Oportet
1586 585 1733 640 enim
1784 588 2139 656 penultimam

2250 586 2362 641 άπὸ
2389 586 2484 640 τοῦ
2515 588 2634 643 ἐλῶ
2656 590 2882 658 γέγονεν
2906 591 3152 653 ἐλαίνω,
3182 590 3279 642 καὶ
3310 593 3596 660 μεταθέσει
3613 598 3699 650 τοῦ
3725 602 3792 655 δι-

566 665 783 735 longam
823 666 1207 733 circumﬂecti,
1258 672 1335 726 illi
1382 674 1706 743 corripiunt,
1734 686 1789 731 et
1833 687 2056 733 acutum
2090 684 2144 735 in

568 760 1000 829 antepeuultitna
1027 748 1258 834 ponunt.
1287 765 1534 831 Speciem
1571 784 1743 824 mazal
1782 773 1993 843 antiqui
2021 774 2145 846 θρι⁴

566 850 794 925 δακίνην
856 865 1053 909 vocant
1100 874 1115 911 :
1155 857 1379 927 herbam
1437 875 1571 914 vero
1629 861 1881 933 θρίδακα.
1953 864 2145 921 Medici

565 942 798 1014 θρίδακα
843 946 1126 1014 lactucam,
1184 948 1300 1005 sive
1360 951 1477 1006 olus
1529 953 1770 1009 hortense
1830 956 2146 1029 θριδακίνην

562 1051 695 1092 vero
729 1039 984 1095 silvestre
1023 1052 1239 1097 vocant.
1282 1043 1760 1110 Quemadmodum
1805 1051 2040 1107 dicimus
2077 1053 2147 1108 τὰ

564 1128 651 1193 νῦ,
678 1140 734 1186 et
770 1133 842 1185 τά
871 1130 967 1202 μῦ,
1010 1148 1137 1189 cum
1177 1134 1388 1194 litteras
1416 1138 1470 1193 in
1518 1140 1715 1207 plurali
1744 1141 1938 1198 eﬂ'erre
1986 1144 2147 1197 volu-

563 1237 689 1277 mus
720 1240 733 1275 :
764 1223 847 1277 sic
896 1234 948 1279 et
994 1226 1064 1279 τὰ
1120 1226 1297 1298 σίγμα
1342 1228 1632 1286 dicendum
1665 1242 1770 1299 est,
1814 1251 1919 1289 non
1960 1236 2028 1289 τὰ
2065 1237 2146 1289 σί-

562 1330 772 1382 γματα.
800 1314 1015 1371 Etenim
1048 1333 1156 1372 non
1187 1320 1530 1377 deciinantur
1562 1325 1784 1381 nomina
1810 1326 2140 1386 litterarum.

564 1402 794 1485 ideoque
854 1405 999 1473 quod
1053 1422 1084 1461 a
1136 1406 1498 1477 XenOphonte
1555 1411 1610 1465 in
1659 1412 1994 1485 Ἑλληνικοῖς
2062 1418 2142 1472 di-

560 1482 707 1547 ctum
739 1506 823 1551 est
841 1497 911 1550 τά
944 1497 1190 1567 σίγματα
1216 1501 1325 1555 τῶν
1360 1502 1623 1568 ἀσπίδων,
1660 1520 1769 1559 ηοη
1805 1482 2141 1577 conjunctim

559 1582 845 1653 legendum
889 1600 995 1654 esu,
1024 1591 1116 1643 sed
1147 1589 1362 1647 duabus
1395 1591 1623 1662 syllabis
1661 1596 1729 1648 τὰ
1768 1596 1962 1667 σίγμα,
1995 1609 2049 1653 et
2074 1600 2142 1655 ab

559 1677 667 1729 alio
694 1677 963 1748 principio
1002 1680 1071 1733 τά
1101 1680 1209 1735 τῶν
1255 1683 1501 1737 ἀσπίδων
1526 1685 1766 1743 divisim.
1790 1689 1963 1744 Aiunt
2010 1692 2143 1763 Ἀρ-

557 1768 792 1836 χέτυπον
843 1785 874 1825 a
924 1772 1076 1825 nullo
1125 1774 1359 1843 antiquo
1408 1777 1698 1847 scriptore,
1753 1796 1856 1834 nec
1896 1791 2135 1849 oratore,

2244 679 2439 750 χρόνου
2475 680 2734 736 ἐλαύνω.
2762 680 2912 754 Πλὴν
2950 680 3187 753 μονῆρές
3220 683 3340 736 ἐστι
3364 683 3426 737 τὸ
3455 685 3699 753 ἐλαύνω,
3716 695 3795 746 καὶ

2246 773 2335 826 διὰ
2354 774 2513 828 τοῦτο
2542 775 2663 829 οὐδὲ
2689 776 2868 829 κλίσιν
2900 775 3125 846 βεϐαίαν
3152 774 3288 845 ἔχει.
3336 776 3694 848 Ἕτερόκλιτος
3717 782 3795 838 οὖν

2245 867 2395 919 ὲστιν
2422 869 2450 920 ὁ
2474 868 2883 938 παρακείμενος
2902 884 2918 900 ο
2949 868 3057 920 ἀπὸ
3080 868 3190 937 γὰρ
3213 867 3308 920 τοῦ
3333 868 3508 934 έλάζω
3529 871 3728 939 γίνεται
3746 880 3798 930 τὸ

2244 958 2541 1027 ἐλήλακα.
2563 961 2688 1013 Ὀτι
2715 961 2745 1013 ὁ
2773 971 2840 1014 το
2868 960 3277 1029 συμπλεκτικὸς
3307 961 3608 1030 ὲγκλίνεται
3637 969 3796 1036 μόνος,
3820 998 3821 1001 η

2249 1050 2381 1114 ἴσως
2439 1052 2577 1107 διότι
2618 1056 2731 1116 τοῖς
2781 1054 3393 1125 παραπληρωματικοῖς
3451 1058 3591 1111 κατά
3637 1062 3798 1133 φωνὴν

2247 1141 2639 1211 συνεμπίπτει.
2698 1142 2762 1194 Οἱ
2812 1141 2869 1196 δὲ
2921 1142 3135 1206 Αἰολεῖς
3173 1140 3345 1214 [1585
3382 1143 3473 1215 Β.)
3518 1146 3584 1200 ἂν
3613 1150 3705 1216 μὲν
3733 1152 3799 1213 ὡς

2250 1238 2660 1306 συμπλεκτικὸν
2710 1239 2914 1294 αὐτὸνδ
2971 1240 3366 1310 παραλάϐωσιν
3394 1279 3409 1305 ,
3452 1243 3645 1312 ὁμοίως
3685 1248 3800 1316 ἡμῖν

2245 1326 2549 1392 ἑκφωνοῦσι
2573 1329 2665 1382 τὸν
2705 1340 2771 1382 τε
2794 1344 2809 1358 °
2841 1329 2908 1383 ἂν
2932 1328 2990 1382 δὲ
3018 1329 3629 1401 παραπληρωματικῶς,
3663 1336 3736 1400 είς
3774 1356 3800 1392 ο

2244 1418 2505 1488 τρέπουσι
2536 1418 2634 1491 τὴν
2656 1419 2949 1490 συλλαϐὴν,
2985 1422 3081 1474 καὶ.
3109 1438 3176 1475 το
3200 1420 3450 1489 λέγουσιν
3489 1425 3607 1479 ἀντὶ
3624 1427 3710 1480 τοῦ
3728 1446 3796 1484 τε.

2248 1512 2369 1567 Ὀτι
2400 1512 2461 1566 τὸ
2485 1513 2982 1583 γλωσσοκομεῖον
3010 1514 3218 1585 κυρίως
3254 1515 3354 1585 μέν
3387 1518 3502 1569 ὲστι
3530 1518 3588 1571 τὸ
3606 1521 3799 1589 ἀγγεῖον

2243 1606 2272 1660 δ
2323 1605 2423 1671 τὰς
2474 1606 2780 1676 αὐλητικὰς
2830 1606 3157 1678 ὑποδέχεται
3204 1607 3491 1676 γλώσσας’
3536 1612 3584 1664 oi
3624 1612 3677 1665 δὲ
3721 1615 3799 1668 νῦν

2244 1700 2661 1771 καταχρώμενοι
2703 1702 2798 1755 καὶ
2823 1701 3047 1756 ἐπὶτῶν
3076 1701 3243 1773 ἕτερά
3271 1718 3394 1755 τινα
3423 1702 3715 1772 δεχομένων
3735 1725 3799 1760 τι-

2246 1790 2401 1846 θέασι
2432 1795 2534 1861 τὴν
2560 1792 2731 1858 λέξιν.
2766 1794 2878 1847 Καὶ
2904 1794 3065 1848 τοῦτο
3094 1794 3194 1865 μὲν
3215 1794 3469 1855 ἀνεκτὸν.
3497 1796 3546 1850 οί
3573 1797 3626 1850 δὲ
3653 1815 3799 1870 προσ-

558 1875 659 1915 nec
691 1871 845 1930 poeta
874 1863 1081 1919 dictum
1130 1880 1274 1931 esse,
1323 1875 1384 1921 ut
1433 1870 1620 1923 scribit
1657 1869 1958 1943 Dionysius
1992 1873 2139 1932 Hali-

2244 1884 2631 1956 διαστρέφουσι
2656 1885 2755 1940 καὶ
2775 1886 2869 1940 τὸν
2895 1885 3025 1957 [869
3191 1886 3348 1940 τόνον
3379 1888 3474 1941 καὶ
3499 1888 3589 1941 τὸν
3615 1863 3795 1961 χρόνον·

557 1968 889 2010 carnasseus
916 1956 1150 2030 (37-58).
1182 1959 1428 2030 Κρήγιον
1458 1978 1638 2017 verum
1671 1965 1980 2035 signiﬁcare
2002 1970 2141 2025 dici-

558 2049 668 2104 tur,
707 2043 865 2112 quasi
895 2045 1216 2115 κορέγγυον.
1247 2045 1353 2113 Qui
1378 2049 1525 2104 enim
1554 2066 1679 2113 vere
1711 2053 1915 2122 aliquid
1942 2056 2140 2112 facturi

557 2143 708 2195 sunt.
742 2136 875 2190 illud
919 2140 1248 2207 promittunt
1291 2141 1470 2211 capite
1515 2155 1842 2200 annuentes.
1877 2147 1983 2203 Alii
2014 2165 2142 2206 vero

554 2229 809 2298 κρήγιον,
846 2244 956 2295 non
997 2247 1200 2294 verum,
1250 2233 1346 2287 sed
1394 2232 1588 2287 bonum
1616 2237 1930 2306 signiﬁcare
1960 2244 2137 2309 aiunt,

554 2319 714 2387 quasi
755 2321 1023 2391 καρήγιον
1069 2322 1408 2391 derivantes,
1446 2335 1506 2380 ut
1550 2326 1869 2384 demulceus
1923 2346 2039 2397 cor,
2087 2335 2141 2389 id

553 2417 639 2463 est
661 2410 905 2464 animum
938 2427 952 2465 :
982 2411 1187 2466 bonum
1230 2413 1377 2467 enim
1410 2413 1725 2472 demulcere
1770 2417 2014 2472 animum
2046 2435 2140 2476 so-

552 2502 647 2557 lci.
692 2502 823 2558 lrati
874 2511 960 2559 est
994 2506 1184 2561 eadem
1236 2522 1380 2577 sape
1429 2508 1612 2565 dicere
1641 2527 1654 2564 :
1682 2509 2012 2569 infecundus
2058 2523 2142 2569 est

551 2597 698 2650 enim
730 2596 826 2651 irae
853 2594 1106 2654 allectus.
1142 2597 1271 2655 ldco
1312 2612 1366 2655 et
1396 2601 1771 2673 Agamemnon
1806 2604 1983 2661 iratus
2016 2605 2142 2661 Cal-

552 2688 762 2755 chanti,
796 2689 993 2745 iisdem
1034 2707 1181 2761 saepe
1221 2693 1407 2748 verbis
1458 2696 1824 2752 conviciator.
1859 2695 2019 2754 Vates
2057 2698 2141 2753 di-

551 2794 683 2835 cens
729 2781 1002 2850 improbe,
1050 2782 1207 2837 Mala
1260 2784 1397 2839 soles
1444 2801 1649 2852 semper
1696 2788 2005 2856 praedicere.
2050 2789 2138 2855 Et,

550 2869 687 2924 nihil
728 2888 964 2939 unquam
996 2873 1118 2926 boni
1162 2876 1485 2943 prwdixisti.
1526 2878 1752 2945 Ἐπιτάξ
1797 2880 1940 2950 apud
1970 2882 2137 2937 Calli-

550 2962 809 3017 machum
844 2972 899 3018 et
944 2963 1196 3027 Aratum,
1245 2982 1276 3021 a
1322 2966 1511 3022 futuro
1548 2969 1629 3033 lit,
1676 2970 1876 3041 rt-jecta
1932 2975 2137 3045 syllaba

553 3054 716 3124 longa
748 3055 918 3123 tinali,
957 3059 1421 3127 quemadmodum
1464 3070 1529 3118 et.
1549 3064 1718 3134 χωρὶς
1754 3082 1783 3118 a
1815 3067 2037 3136 χορίσω,
2086 3078 2141 3123 et

552 3145 724 3204 πέλας
752 3162 781 3200 a
821 3146 1065 3213 πελάσω,
1106 3148 1251 3218 μίξει
1287 3150 1445 3218 μίξω,
1486 3152 1631 3207 unde
1659 3164 1713 3208 et
1744 3155 1959 3224 ἐπιμὶξ,
1994 3159 2137 3227 apud

556 3237 883 3307 Homerum,
929 3249 984 3294 et
1034 3239 1133 3306 δὰξ
1180 3259 1212 3298 a
1263 3242 1452 3298 futuro
1502 3244 1667 3310 δάξω.
1720 3247 1879 3303 Iones
1913 3252 2057 3304 enim
2109 3268 2139 3306 a

552 3317 734 3385 δάκνω
764 3331 973 3402 532b
1029 3333 1174 3398 δάξω
1215 3335 1484 3401 formant,
1535 3353 1603 3391 ex
1653 3338 1751 3406 δὰξ
1792 3343 1944 3396 venit
1991 3344 2137 3409 ὀδὰξ,

554 3435 586 3474 a
620 3420 805 3487 πτύξω
848 3422 1008 3488 πτύξ,
1057 3434 1111 3479 ct
1154 3426 1361 3493 rejecto
1405 3428 1567 3482 etiam
1615 3447 1647 3482 τ
1691 3431 1820 3497 πύξ.
1851 3433 1942 3489 Sic
1989 3447 2043 3491 et
2072 3439 2141 3493 ab

553 3513 753 3567 ούδίσω
798 3515 965 3582 ούδὶς,
1006 3526 1062 3571 et
1089 3518 1380 3588 ἀμφουδὶς,
1425 3521 1623 3592 άμύξω
1676 3525 1826 3596 ἀμὺξ
1863 3530 2004 3599 apud
2048 3530 2142 3585 Ni-

555 3606 845 3672 candrum,
881 3618 936 3665 et
979 3625 1008 3663 a
1056 3609 1247 3682 πλήξω
1288 3614 1429 3683 πλὴε
1473 3624 1529 3670 et
1556 3618 1849 3691 ἀμφιπλὴξ
1888 3639 1901 3653 ο
1928 3624 1998 3678 ab
2040 3626 2141 3694 άγ-

554 3701 712 3755 κάσω
741 3701 940 3770 ἀγκὰς,
967 3702 1120 3773 τύψω
1151 3705 1260 3775 τὺψ
1292 3716 1346 3761 et
1378 3708 1618 3779 προτὺψ.
1667 3710 1938 3769 Similiter
1967 3726 2022 3771 et
2061 3720 2134 3773 alt

554 3791 771 3845 ὀκλάσω
796 3792 985 3856 ὁκλάς,
1011 3804 1064 3848 et
1084 3794 1270 3862 ὀκλὰξ,
1301 3797 1504 3869 πρίσω,
1526 3801 1678 3871 πρὶς,
1705 3805 1837 3874 πρὶξ
1865 3816 1917 3859 et
1945 3808 2135 3878 ἀπρὶξ.

555 3883 649 3938 Sic
694 3898 826 3953 ergo
864 3892 920 3938 et
957 3901 1023 3939 ex
1065 3888 1330 3955 ἐπιτάξω,
1377 3891 1576 3958 ὲπιτὰξ
1625 3895 1772 3962 quod
1820 3896 2049 3966 imperio
2083 3912 2139 3957 et

546 3974 803 4043 jussionc
834 3976 916 4032 lit.
953 3976 1195 4047 Κύρϐεις
1234 3980 1400 4035 Attici
1440 3982 1491 4036 in
1545 3987 1849 4042 masculino
1879 3989 2135 4060 eﬂ‘erunt,

550 4066 927 4123 Callimachus
977 4069 1032 4124 in
1076 4080 1293 4139 neutro,
1333 4083 1388 4128 et
1435 4075 1575 4129 idem
1623 4089 1823 4147 praeter
1868 4084 2135 4140 rationem

550 4158 827 4229 φοιτάξειν
861 4176 960 4232 pro
985 4164 1249 4232 φοιτίζειν
1290 4166 1448 4230 dixit,
1482 4182 1630 4233 cum,
1660 4171 1857 4243 inquit,
1890 4174 2137 4245 profecto

550 4255 676 4311 boni
728 4271 875 4327 saepe
927 4257 1041 4313 sint
1064 4258 1384 4328 juveniliter
1429 4262 1635 4330 allecti,
1677 4266 1959 4338 detergere
2007 4288 2135 4329 vero

549 4349 841 4417 signiﬁcat.
898 4348 1156 4421 Superbit
1203 4365 1387 4408 autem
1435 4363 1490 4410 et
1536 4355 1803 4425 gloriatur
1845 4371 1929 4417 est
1972 4362 2134 4435 βρεν-

548 4439 760 4498 θύεται.
790 4443 879 4501 Fit
907 4458 1040 4501 vero
1088 4459 1120 4499 a
1155 4444 1423 4516 βρένθιον,
1456 4450 1606 4517 quod
1646 4463 1983 4522 unguentum
2023 4470 2129 4514 est.

2242 1976 2360 2030 δέον
2408 1979 2519 2049 γάρ
2546 1981 2936 2051 προπερισπᾷν
2972 1979 3074 2050 τὴν
3126 1979 3556 2051 παραλήγουσαν
3589 1985 3797 2050 μακράν,

2243 2064 2390 2123 οὗτοι
2440 2070 2538 2123 καὶ.
2582 2070 2938 2124 συστέλλουσι
2985 2071 3082 2125 καὶ.
3135 2069 3659 2140 προπαροξύνουσιν.
3698 2073 3797 2128 ’Ὁτι

2238 2161 2426 2232 μάζης
2456 2160 2556 2231 μὲν
2584 2156 2726 2225 εἶδος
2750 2163 2801 2215 οί
2823 2161 3048 2217 παλαιοὶ
3078 2160 3437 2230 θριδακίνην
3460 2161 3695 2227 καλοῦσι,
3716 2165 3798 2233 τὴν

2241 2251 2299 2306 δὲ
2335 2251 2572 2323 βοτάνην
2619 2252 2893 2321 θρίδακα.
2944 2254 3007 2307 Οἱ
3036 2252 3096 2308 δὲ
3134 2254 3314 2324 ἰατροὶ
3347 2252 3596 2322 θρίδακα
3628 2256 3719 2323 μὲν
3749 2257 3797 2307 τὸ

2240 2345 2450 2416 ἥμερον
2480 2344 2737 2415 λάχανον,
2778 2345 3134 2415 θριδακίνην
3156 2346 3212 2400 δὲ
3236 2344 3300 2399 τὸ
3334 2346 3526 2415 ἄγριον
3547 2346 3794 2401 καλοῦσιν.

2244 2437 2366 2491 Ὅτι
2397 2435 2587 2508 ὥσπερ
2616 2437 2690 2491 τὰ
2728 2436 2808 2491 νῦ
2834 2437 3021 2507 φαμὲν
3050 2438 3147 2491 καὶ
3187 2437 3261 2492 τὰ
3314 2438 3422 2507 μῦ,
3456 2436 3795 2509 πληθυντικῶς

2242 2530 2511 2597 ὲκφωνεῖν
2535 2528 2815 2593 ἐθέλοντες
2840 2529 2911 2583 τά
2944 2532 3205 2601 στοιχεῖα,
3247 2529 3396 2584 οὕτω
3429 2532 3521 2584 καὶ
3549 2529 3617 2584 τὰ
3642 2532 3795 2600 σῖγμα

2240 2619 2322 2673 δεῖ
2354 2620 2555 2688 λέγειν,
2586 2621 2704 2674 ἀλλ’
2733 2622 2859 2697 οὐχὶ,
2893 2622 2968 2676 τὰ
3010 2624 3305 2693 σίγμιιτα·
3356 2624 3450 2677 καὶ
3481 2623 3587 2695 γὰρ
3633 2624 3794 2677 ᾰκλιτα

2241 2711 2355 2767 τῶν
2382 2714 2666 2785 στοιχείων
2693 2715 2763 2768 τά
2792 2715 3056 2785 ὀνόματα.
3100 2717 3193 2770 Διὸ
3230 2716 3331 2771 καὶ
3355 2716 3417 2770 τὸ
3446 2716 3595 2787 παρὰ
3621 2716 3692 2785 τῷ
3714 2717 3792 2769 Ξε⁴

2242 2803 2474 2873 νοφῶντι
2507 2805 2714 2869 ἐντοῖς
2755 2806 3143 2873 Ἑλληνικοῖς
3185 2806 3481 2879 εἰρημένον
3514 2808 3606 2877 οὐχ
3633 2807 3714 2875 ὑφ’
3746 2808 3792 2860 ἓν

2239 2892 2314 2947 τὰ
2343 2895 2603 2963 σιτ-ματα
2644 2893 2763 2947 τῶν
2787 2895 3067 2949 ἀσπίδων
3121 2898 3533 2966 ἀναγνωστέον,
3574 2896 3698 2951 ἀλλὰ
3731 2898 3793 2950 δι-

2241 2985 2521 3049 συλλάϐως
2554 2987 2652 3056 μὲν
2680 2988 2754 3040 τὰ
2773 2986 2961 3056 σῖγμα
2989 2987 3085 3041 καὶ
3110 2989 3207 3042 ἀπ’
3234 2988 3404 3059 ἄλλης
3421 2989 3593 3060 ἀρχῆς
3615 2989 3681 3043 τὰ
3695 2988 3792 3042 τῶν

2240 3079 2517 3136 ἀσπίδων
2540 3080 2683 3134 κατὰ
2715 3080 3019 3137 διάστασιν.
3053 3082 3179 3135 ’Ότι
3207 3082 3272 3135 τὸ
3326 3081 3676 3152 ἀρχέτυπον,
3702 3099 3787 3151 φα-

2246 3172 2351 3239 σὶν,
2406 3172 2581 3228 οὐδενὶ
2608 3173 2718 3227 τῶν
2746 3174 2990 3245 ἀρχαίων
3021 3175 3392 3246 συγγραφέων
3421 3174 3541 3228 οὐδὲ
3581 3175 3790 3247 ρητόρων

2242 3265 2365 3319 οὐδὲ
2392 3266 2503 3319 τῶν
2553 3266 2787 3337 μούσαις
2836 3267 3083 3337 κατόχων
3114 3267 3356 3339 εἴρηται,
3388 3268 3463 3331 ὡς
3490 3268 3736 3331 Διονύσιος
3768 3269 3790 3321 ό

2255 3356 2689 3428 ⁹Αλικαρνασεὺς
2734 3359 2961 3428 ἱστορεῖ.
3018 3358 3143 3412 Ὅτι
3192 3359 3463 3430 κρήγυον
3504 3360 3564 3413 τὸ
3603 3360 3792 3428 ἀληθὲς

2241 3451 2482 3522 εἴρηται,
2529 3451 2866 3521 καρέγτυόν
2897 3470 2949 3506 τι
2981 3452 3073 3506 ϐνο
3105 3454 3157 3505 οί
3188 3453 3301 3524 γὰρ
3331 3452 3543 3523 ἀληθῶς
3572 3469 3621 3505 τι
3648 3452 3789 3522 πράτ-

2241 3561 2358 3597 τειν
2412 3544 2705 3615 μέλλοντες
2741 3545 3053 3613 ἐγγυῶνται
3101 3545 3263 3601 τοῦτο
3295 3550 3362 3620 τῇ
3412 3546 3610 3617 κεφαλῇ
3654 3560 3790 3598 xam-

2240 3634 2509 3697 νεύοντες.
2528 3636 2592 3687 υἱ
2619 3634 2677 3687 δὲ
2706 3634 2977 3704 κρήγυον
3005 3634 3067 3688 ού
3093 3635 3155 3688 τὸ
3183 3635 3433 3703 ἀληθὲς,
3448 3635 3578 3689 ἀλλά
3603 3634 3657 3687 τὸ
3677 3634 3789 3703 ἀγα-

2239 3727 2352 3781 θὸν
2377 3727 2665 3796 σημαίνειν
2695 3728 2855 3796 φασὶ,
2886 3728 3200 3798 καρήγυον
3222 3722 3787 3799 ὲτυμολογοῦντες,οἷον

2240 3819 2434 3890 ήδῦνον
2462 3820 2524 3875 τὸ
2550 3820 2681 3891 κῆρ,
2699 3820 2954 3873 τουτέστι
2980 3820 3081 3891 τὴν
3108 3822 3291 3892 ψυχήν
3308 3835 3322 3850 ο
3348 3821 3561 3891 ἡδύνειν
3584 3819 3683 3890 γὰρ
3709 3817 3787 3869 πέ-

2241 3929 2380 3981 φυκε
2413 3912 2515 3980 τὴν
2548 3911 2729 3981 ψυχὴν
2771 3912 2835 3965 τὸ
2866 3913 3093 3979 ἀγαθόν.
3128 3913 3254 3967 Ὅτι
3308 3914 3654 3985 ὀργιζομένου
3692 3908 3787 3965 ἐστὶ

2238 4005 2301 4056 τὸ
2328 4004 2399 4056 τὰ
2427 4004 2571 4057 αὐτὰ
2605 4004 2869 4072 πολλάκις
2901 4004 3080 4074 λέγειν
3100 4019 3114 4035 ⁸
3164 4005 3262 4059 καὶ
3302 4007 3413 4079 γὰρ
3442 4006 3503 4058 τὸ
3528 4005 3623 4073 τῆς
3648 4002 3787 4074 ὀργῆς

2240 4095 2413 4159 πάθος
2448 4096 2641 4165 ἄγονον
2654 4098 2696 4151 ⁸.
2729 4097 2822 4149 Διὸ
2849 4097 2945 4150 καὶ.
2982 4098 3046 4150 ὁ⁶
3074 4097 3441 4167 Ἀγαμέμνων
3469 4096 3785 4169 ὀργιζόμενος

2239 4184 2316 4256 τῷ
2351 4186 2626 4257 Κάλχαντι
2666 4188 2725 4239 ὲν
2754 4189 2866 4250 τοῖς
2892 4187 3079 4251 αὐτοῖς
3113 4190 3324 4259 ῥήμασι
3348 4190 3445 4259 τὴν
3476 4184 3785 4257 βλασφημίαν

2237 4280 2545 4350 περιφέρει,
2579 4281 2776 4343 Μάντι,
2798 4280 2995 4348 λέγων,
3014 4280 3222 4344 κακῶν,
3267 4282 3367 4335 καὶ
3395 4282 3488 4335 ἀεί
3514 4296 3608 4334 σοι
3636 4279 3786 4347 φίλον

2234 4372 2309 4425 τὰ
2334 4374 2489 4425 κακὰ
2507 4374 2937 4441 μαντεύεσθαι·
2967 4374 3062 4426 καί
3080 4387 3095 4402 ·
3129 4374 3391 4429 Ἐσθλὸν
3420 4373 3560 4428 οὐδὲ
3587 4370 3785 4424 πώποτε

2233 4456 2421 4531 εἶπες.
2447 4461 2570 4515 Ὅτι
2596 4461 2657 4515 τὸ
2681 4462 2904 4531 ιὲπιτὰξ
2932 4462 3086 4533 παρὰ
3112 4462 3454 4534 Καλλιμάχῳ
3487 4462 3580 4516 καὶ
3608 4460 3784 4531 Ἀράτῳ

544 4531 865 4591 Jactabundi
909 4539 1056 4594 enim
1099 4547 1153 4593 et
1184 4539 1429 4606 superbi,
1470 4554 1754 4610 unguento
1787 4547 1866 4600 uti
1923 4550 2127 4607 solent.

2242 4555 2491 4624 κείμενον
2531 4555 2640 4607 ἀπὸ
2667 4555 2764 4607 τοῦ
2793 4531 3075 4624 ὁριστικὸῦ
3116 4531 3635 4625 μέλλοντος-γέγονε
3670 4551 3785 4605 καξά

543 4626 817 4700 ἀποδολὴν
860 4633 958 4703 τῆς
1003 4635 1097 4688 ἐπὶ
1125 4634 1270 4689 τέλει
1324 4636 1543 4705 μακρᾶς
1592 4637 1884 4710 συλλαϐῆς,
1934 4642 2125 4719 ὥσπερ
2163 4650 2261 4704 καὶ
2320 4649 2382 4701 τὸ
2443 4649 2623 4718 χωρὶς
2647 4647 2741 4702 τοῦ
2776 4648 3013 4716 χωρίσω
3032 4648 3128 4702 καὶ
3150 4648 3213 4701 τὸ
3238 4648 3431 4715 πέλας
3457 4648 3549 4702 τοῦ
3573 4644 3784 4701 πελάσω

542 4719 639 4773 καὶ
671 4720 732 4773 τδ
757 4723 867 4789 NE
892 4726 1000 4779 ἀπὸ
1042 4728 1135 4781 τοῦ
1162 4727 1346 4798 μίξω,
1379 4726 1504 4780 ὅθεν
1533 4735 1629 4783 καὶ
1660 4731 1721 4783 τὸ
1782 4734 1990 4804 ἐπιμὶξ
2055 4742 2190 4813 παρ’
2239 4743 2489 4812 Ὁμήρῳ,
2539 4742 2727 4795 καὶτὸ
2765 4740 2880 4805 δὰξ
2924 4740 3034 4794 ἀπὸ
3081 4740 3177 4794 τοῦ
3225 4742 3424 4806 δάξω·
3476 4743 3567 4795 καὶ
3607 4739 3702 4811 γὰρ
3744 4740 3783 4789 oi

526 4814 730 4877 Ἴωνες
758 4816 866 4869 ἀπὸ
891 4818 984 4871 τοῦ
1026 4819 1223 4874 δάκνω
1250 4822 1312 4876 τὸ
1357 4820 1520 4885 δάξω
1558 4824 1884 4894 ἐκφέρουσιν
1910 4846 1924 4859 ο
1961 4833 2025 4885 ἐκ
2060 4833 2117 4887 δὲ
2154 4835 2249 4889 τοῦ
2287 4835 2401 4899 δὰξ
2435 4837 2497 4889 τὸ
2530 4834 2701 4899 ὀδάξ.
2736 4836 2846 4887 Καὶ
2873 4835 2981 4886 ἀπὸ
3012 4832 3107 4886 τοῦ
3139 4834 3349 4900 πτύξω
3372 4836 3428 4889 δὲ
3492 4833 3660 4896 πτὺξ,
3706 4828 3782 4882 καὶ

540 4906 779 4979 ἀποϐολῇ
800 4909 896 4962 τοῦ
916 4927 949 4963 τ
975 4913 1116 4976 πύξ.
1163 4913 1356 4979 Οὕτως
1386 4912 1481 4970 οὖν
1506 4916 1601 4969 καὶ
1622 4919 1732 4972 άπὸ
1764 4920 1860 4975 τοῦ
1892 4924 2119 4979 οὺδίσω
2159 4930 2330 4995 οὐδὶς
2358 4930 2455 4983 καὶ
2477 4929 2811 4998 ἀμφουδίς’
2845 4926 3053 4997 ἀμύξω
3082 4927 3243 4997 ἀμὺξ
3303 4929 3454 4999 παρὰ
3504 4925 3778 4993 Νικάνδρῳο

541 5003 635 5052 καὶ
664 5002 879 5069 πλήξω
912 5005 1079 5074 πλὴξ
1111 5009 1204 5061 καὶ
1272 5010 1615 5080 ἀμφιπλὴξ,
1678 5014 1774 5068 καὶ.
1842 5017 2089 5087 ἀγκάσω
2117 5024 2329 5090 ἀγκὰς,
2383 5024 2480 5077 καὶ
2531 5024 2702 5092 τύψω
2752 5021 2879 5089 τὺψ
2922 5020 3019 5073 καὶ.
3065 5023 3329 5090 προτύψ.
3404 5019 3666 5080 Ὡσαύτως
3704 5012 3780 5068 καὶ

540 5091 787 5148 δκλάσω
816 5094 1007 5162 όκλὰς
1056 5098 1148 5150 καὶ
1192 5100 1404 5166 ὀκλὰξ,
1437 5106 1636 5170 πρίσω
1669 5108 1810 5176 πρὶς
1834 5110 1979 5177 πρίξ
2016 5115 2112 5166 καὶ
2149 5114 2354 5183 ἀπρίξ.
2388 5115 2578 5179 Οὕτως
2618 5091 2746 5168 οὖν
2789 5114 2884 5167 καὶ
2956 5115 3023 5166 ἐκ
3086 5114 3181 5167 τοῦ
3229 5113 3468 5179 ἐπτάξω
3513 5106 3720 5171 ἑπιτὰξ.
3755 5103 3777 5155 ὂ

541 5189 662 5242 κατ’
719 5190 996 5260 ἐπίταγμα
1045 5195 1139 5247 καὶ
1199 5196 1453 5252 κέλευσιν
1501 5205 1819 5272 πράττεται.
1870 5206 1999 5262 Ὀτι
2055 5209 2116 5262 τὸ
2156 5212 2399 5279 κύρϐεις
2428 5212 2607 5281 οἱμὲν
2636 5212 2875 5263 Ἀττικοὶ
2904 5208 3212 5280 ἀρρενικῶς
3288 5207 3607 5278 ἐκφωνοῧστι
3652 5203 3774 5258 καλ·

540 5281 770 5353 λίμαχος
790 5284 854 5339 δὲ
884 5286 1203 5358 οὐδετέρως·
1254 5291 1364 5345 Καὶ
1392 5293 1453 5346 τὸ
1482 5296 1780 5363 φοιτὰζειν
1811 5299 1869 5353 δὲ
1906 5299 2274 5373 ¹Καλλίμαχος
2339 5304 2672 5376 παραλόγως
2728 5306 2747 5338 ⁷
2780 5298 2904 5355 εἷπε
2932 5300 3289 5369 φοιτίζεινβ,
3313 5302 3551 5371 φάμενος
3611 5292 3775 5365 ἁγαθοὶ

1815 5441 2056 5496 V'ARl/E
2088 5444 2502 5501 LECTIONES.

640 5518 671 5604 ξ
693 5520 880 5593 αὐτὸν]
907 5523 1239 5610 ,ιὶνιξιυίναύτᾲ
1332 5527 1358 5610 ᾗ
1383 5528 1576 5610 ᾀλογον
1604 5528 2090 5610 iVassenbergltgts_
2122 5539 2189 5610 ad
2217 5537 2442 5595 Homer.
2474 5538 2663 5596 Schol.
2706 5553 2759 5609 p.
2794 5537 2920 5606 162,
2952 5540 3157 5610 incpte.
3236 5536 3258 5569 ⁸
3286 5537 3313 5589 ὁ
3340 5533 3465 5590 add.
3492 5532 3556 5587 A.
3639 5530 3658 5561 '
3686 5541 3774 5581 παι

544 5589 809 5664 ραλόγως.
862 5589 878 5593 ⁷
906 5594 926 5625 ⁸
955 5594 1359 5667 άλαζονεύεται]
1397 5589 1590 5653 lacuna
1619 5601 1671 5653 in
1701 5601 1742 5654 Ο
1772 5589 1966 5659 νοις)υέ
2005 5607 2029 5661 1
2062 5589 2177 5676 1/2

2048 5746 2285 5803 ΝΟΤᾸΞ.

614 5829 828 5902 (57-58)
872 5831 978 5887 Ter
1010 5843 1187 5888 tamen
1220 5848 1377 5889 usum
1412 5831 1567 5886 video
1596 5832 1650 5887 in
1683 5831 2006 5892 Rhetoricis.
