4020 6438
170 414 260 481 313
1152 413 1679 475 BIBLIOTHECA.
1721 438 1788 450 ’-
1812 413 1974 475 COD.
2014 415 2365 479 CCLXXIX.

3324 405 3430 473 3M

165 529 419 594 πολλάκις
442 526 638 600 ἠΐθεοι.
658 525 889 596 Ῥύψαι⁹
917 525 976 581 δὲ
1006 528 1284 599 σημαίνει.
1310 527 1668 595 Βρενθύεται
1694 527 1740 558 ¹⁰
1778 526 1836 579 δὲ
1876 525 2006 598 [870
2040 525 2134 598 Η.]
2206 529 2267 581 τὸ
2328 524 2717 592 ἀλαζονεύεται
2738 527 2804 581 ³³.
2837 523 3039 592 Γέγονε
3088 522 3146 577 δὲ
3191 522 3300 576 ἀπὸ
3330 527 3427 580 τοῦ

165 625 428 696 βρένθιον,
458 623 489 676 6
522 623 640 674 ἐστι
688 621 888 692 μύρον·
937 623 987 675 oi
1016 622 1126 691 γὰρ
1158 619 1606 691 ἀλαζονευόμενοι
1644 619 1740 672 καὶ¹
1780 617 2165 691 βρενθυόμενοι
2201 620 2358 691 μύρῳ
2388 620 2689 691 χρῆσθαι¹⁹
2719 616 3024 672 εἱώθεισαν.

227 721 361 774 Ὀτι
406 718 593 789 μύρων
630 718 770 789 εἴδη,
817 717 975 788 φησὶ,
1026 714 1414 787 βακκάριος¹³,
1472 714 1738 786 ναρκίτα-
1762 716 1817 775 Α

158 829 243 873 νος
265 810 335 872 ³⁸,
362 809 591 878 στάκτη,
637 809 985 876 πλαγγόνιον,
1031 809 1168 878 ὅπερ
1207 800 1333 877 εὗρε
1368 805 1511 875 γυνὴ
1553 804 1743 859 Ἠλεία

158 900 465 970 καλουμένη
501 899 852 966 Πλάγγωνιθ,
909 897 1273 967 μεταλεῖονίθ,
1310 897 1450 965 ὅπερ
1473 889 1598 964 εὗρε
1632 895 1742 949 Μέ-

156 993 316 1055 ταλος
343 992 387 1022 "
437 989 826 1061 Συρακούσιος.
876 988 1039 1062 [1588
1067 987 1160 1061 8.]
1187 988 1312 1042 Ὀτι
1360 987 1514 1060 παρὰ
1559 988 1739 1057 Εὐφο-

162 1087 312 1157 ρίωνι
356 1085 433 1157 τῷ
480 1084 642 1154 φύσει
694 1084 794 1153 μὲν
838 1083 1117 1150 Χαλκιδεῖ,
1170 1082 1318 1137 θέσει
1347 1081 1405 1134 δὲ
1446 1080 1740 1152 Ἀθηναίῳ,

159 1177 496 1248 κακοζήλους
524 1175 675 1229 ἔστιν
704 1176 884 1245 εὑρεῖν
914 1175 1112 1241 λέξεις.
1141 1175 1253 1228 Καὶ
1283 1172 1393 1245 γὰρ
1421 1173 1515 1226 τὸν
1530 1172 1745 1227 Ἰάσονα

160 1269 427 1337 ναυαγὸν
454 1264 633 1332 εἶπεν,
663 1268 802 1336 ὅπερ
832 1267 896 1320 ού
929 1267 1343 1338 νεναυαγηκότα
1373 1264 1597 1338 μᾶλλον,
1652 1267 1744 1319 τὸν

162 1361 213 1413 δὲ
242 1360 377 1414 ναῦν
412 1361 619 1429 ἄγοντα
648 1360 830 1431 δηλοίο
862 1360 956 1413 καὶ
999 1359 1092 1415 τὸν
1138 1358 1208 1412 τὰ
1234 1361 1415 1431 χρυσᾶ
1450 1359 1601 1429 μῆλα
1633 1357 1744 1412 τῶν

172 1451 504 1521 Ἐσπερίδων
534 1449 946 1523 φρουροῦντα¹⁸
977 1450 1102 1519 ὅφιν
1128 1450 1438 1520 κηπουρὸν
1466 1450 1740 1521 ὠνόμασε.

166 1542 521 1614 Παρεζήλωσε
548 1542 608 1595 δὲ
635 1542 731 1596 τὸν
758 1544 980 1614 πρῶτον
1027 1544 1306 1597 Διονύσιον
1351 1543 1443 1596 τὸν
1491 1542 1745 1606 Σικελίας

164 1632 439 1703 τύραννον,
468 1632 528 1697 ὃς
560 1633 668 1687 ὑπὸ
694 1633 795 1703 τῆς
827 1632 1077 1698 ἐξουσίας
1104 1633 1202 1687 καὶ
1232 1631 1341 1687 τῶν
1367 1631 1619 1686 κολάκων
1648 1632 1745 1686 καὶ

169 1724 259 1793 τῆς
298 1724 519 1794 τρυφῆς
569 1724 1022 1796 διαφθειρόμενος
1068 1724 1395 1795 ἐπεχείρησε
1429 1725 1526 1777 καὶ
1573 1740 1746 1795 τραγ-

169 1815 320 1885 ῳδίας
366 1816 629 1886 γράφειν,
679 1818 739 1869 ὲν
769 1810 855 1877 αἷς
884 1815 981 1871 καὶ
1005 1815 1232 1869 τοιαῦτα
1275 1816 1614 1886 συνεφόρησε
1654 1817 1747 1888 ῥή-

177 1925 330 1977 ματα,
359 1908 424 1961 τὺ
462 1908 565 1979 μὲν
597 1908 884 1963 ἀκόντιον
929 1906 1114 1961 καλῶν
1151 1907 1516 1974 βαλάντιον,
1548 1908 1640 1962 τὸν
1685 1908 1744 1962 δὲ

173 1998 348 2053 κάδον
389 1998 740 2067 ἐλκύδριον,
786 1999 1139 2068 σκέπαρνον
1183 1999 1242 2053 δὲ
1292 2000 1354 2053 τὸ
1399 1999 1589 2068 ἔριον,
1639 2000 1741 2069 τὴν

176 2091 225 2144 δὲ
248 2091 502 2160 χλαῖναν
527 2090 789 2161 ἐριώλην
821 2086 932 2145 οἷον
964 2092 1182 2164 ὄλεθρον
1221 2091 1389 2145 οὖσαν
1415 2092 1526 2145 τῶν
1556 2092 1740 2162 ἐρίων,

180 2184 265 2235 καὶ
299 2181 465 2235 πολλὰ
512 2182 743 2236 τοιαῦτα.
792 2183 1195 2251 καταγέλαστα.
1225 2183 1350 2237 Ὅτι
1377 2185 1407 2239 6
1434 2182 1534 2253 τῆς
1588 2183 1745 2247 θυῖας

190 2273 381 2343 τριθεῦς
405 2273 622 2339 δοῖδυξ
656 2274 754 2346 μὲν
789 2274 942 2345 παρὰ
966 2276 1366 2344 τοῖςἋττικοίς
1394 2274 1743 2345 ὀνομάζεται,

201 2363 557 2433 ἁλετρίϐανος
583 2364 641 2419 δὲ
670 2366 823 2436 παρὰ
853 2368 917 2437 τῇ
952 2365 1234 2438 συνηθείᾳ,
1271 2366 1365 2420 καὶ
1392 2366 1546 2419 οὐδὲν
1582 2360 1747 2437 ἦττον

201 2457 332 2526 παρὰ
360 2456 694 2528 ’Δθηναίοιςο
728 2456 1002 2519 Διονύσιος
1029 2457 1087 2511 δὲ
1139 2459 1169 2510 ό
1217 2457 1620 2529 προειρημένος
1648 2456 1747 2509 τύ-

202 2563 363 2615 ραννος
384 2547 654 2616 θυέστην
705 2549 800 2601 τὸν
839 2547 1091 2603 δοίδυκα
1117 2548 1328 2603 ἐκάλει.
1362 2549 1603 2612 Εἰκότως
1638 2550 1747 2621 ἄρα

193 2639 279 2709 τῆς
301 2641 398 2694 τῶν
426 2640 693 2695 τοιούτων
737 2642 1057 2713 ἀκροάσεως
1098 2641 1202 2705 τὰς
1239 2640 1508 2713 λατομίας
1543 2642 1746 2714 μᾶλλον

188 2733 346 2802 ᾑρεῖτο
370 2732 679 2798 Φιλόξενος.
712 2732 839 2787 Ὀτι
882 2735 932 2787 oi
979 2734 1221 2805 κωμικοὶ
1264 2733 1392 2796 τοὺς
1427 2732 1646 2795 οἰκέτας
1688 2731 1749 2786 τὸ

191 2824 274 2891 μὲν
315 2824 479 2879 πλέον
529 2826 640 2903 ἀπὸ
695 2826 789 2879 τοῦ
857 2826 1049 2896 γένους
1091 2827 1359 2892 ἐκάλουν,
1414 2821 1527 2880 οἷον
1577 2825 1749 2898 Σύρον

191 2916 425 2987 Καρίωνα
477 2918 657 2972 Μίδαν
704 2919 873 2972 Γέταν
924 2920 1024 2973 καὶ
1086 2919 1219 2973 τὰ¹⁹
1264 2920 1459 2990 ὅμοια,
1518 2918 1749 2974 ἐκάλουν

189 3006 237 3060 δὲ
272 3009 351 3062 καί
396 3009 476 3062 τὰ
520 3009 581 3076 ἐξ
616 3009 903 3074 ἐπιθέτων,
958 3008 1034 3073 ὡς
1063 3009 1172 3064 ἀπὸ
1199 3009 1293 3064 τοῦ
1327 3011 1620 3081 χρώματος
1652 3011 1751 3081 μὲν

184 3100 407 3173 Πυρρίαν
436 3103 537 3155 καὶ
569 3100 836 3169 Ξανθίαν,
886 3102 995 3155 ἀπὸ
1041 3101 1137 3155 τοῦ
1181 3077 1385 3173 τρόπου
1434 3077 1492 3156 δὲ
1528 3077 1751 3173 Παρμέ-

181 3209 302 3245 νωνα
331 3194 434 3248 καὶ
462 3194 660 3247 Πιστὸν
687 3194 784 3248 καὶ
810 3195 1096 3265 Δρόμωνα.
1134 3196 1398 3249 Ἐκάλουν
1426 3196 1484 3248 δὲ
1512 3196 1608 3249 καὶ
1642 3193 1753 3249 ἀπὸ

179 3286 263 3354 τῆς
295 3286 519 3357 ἡμέρας
564 3286 623 3340 ὲν
744 3287 1024 3358 ὠνήσαντο
1066 3288 1159 3341 τὸν
1183 3288 1426 3359 οἰκέτην,
1475 3288 1535 3353 ἐξ
1563 3280 1624 3342 οὗ
1657 3289 1755 3343 καὶ

181 3379 285 3441 τοὺς
309 3378 637 3448 Νουμηνίας
681 3378 986 3449 ὠνόμαζον.
1029 3381 1153 3434 Ὅτι
1208 3384 1359 3452 τρεῖς
1412 3382 1754 3453 ἱστοροῦνται

182 3467 480 3538 φθειριάσει
526 3470 800 3524 τεθνάναιο
858 3472 975 3526 ἔστι
1005 3472 1063 3526 δὲ
1101 3472 1163 3525 τὸ
1214 3472 1431 3543 νόσημα
1493 3474 1592 3544 μὲν
1644 3474 1754 3527 τῶν

181 3561 429 3629 σπανίων,
459 3560 670 3630 γίνεται
699 3562 757 3615 δὲ
786 3561 914 3617 ὅταν
959 3565 1039 3628 είς
1071 3563 1301 3635 φθεῖρας
1330 3565 1570 3637 ἀναλυθῇ
1607 3565 1757 3621 am

178 3650 227 3703 τὸ
252 3651 438 3719 σῶμα.
493 3653 656 3707 Ἀλλὰ
701 3654 811 3707 τῶν
840 3657 906 3708 ὲκ
951 3656 1051 3725 τῆς
1080 3655 1239 3709 νόσου
1290 3655 1496 3726 ταύτης
1525 3658 1756 3712 τεθνεώ-

176 3758 268 3795 των
292 3744 405 3798 τῶν
442 3744 541 3816 μὲν
578 3744 769 3817 ἡρώων
797 3748 1069 3812 Ἀκαστός
1098 3750 1248 3802 ἐστιν
1272 3749 1301 3802 6
1334 3750 1530 3805 Πελίου
1561 3794 1577 3820 ,
1627 3751 1753 3805 δεύ-

176 3849 312 3904 τερος
339 3840 369 3890 6
403 3836 582 3908 Σύρος
604 3839 651 3870 ³ο
685 3839 1013 3911 Φερεκύδης,
1054 3842 1083 3894 ό
1119 3840 1218 3912 τὴν
1240 3841 1594 3912 γενεαλογίαν
1624 3860 1755 3912 συγ-

174 3928 413 3997 γράψας,
450 3929 510 3983 ὃν
546 3932 646 3985 καὶ
681 3932 900 4003 λέγουσι
951 3934 1187 4001 γενικῶς
1209 3935 1255 3965 ’ί
1311 3935 1411 4006 τὴν
1468 3936 1755 4006 συμφορὰν

176 4016 413 4086 ἐνεγκεῖν
442 4038 459 4054 ο
486 4024 670 4093 τρίτος
719 4026 748 4078 6
792 4024 1081 4095 Ῥωμαίων
1129 4024 1391 4088 πολλάκις
1445 4025 1757 4092 ὑπατεύσας

177 4107 394 4175 Σύλλας,
436 4112 537 4182 ἠδη
563 4114 767 4185 σφόδρα
794 4116 1023 4187 γηραιὸς
1062 4114 1157 4180 ὢν,
1189 4116 1248 4179 ὃς
1272 4118 1318 4148 ’³
1342 4117 1438 4170 καὶ
1482 4117 1758 4190 Ἐπαφρό-

177 4204 306 4270 διτος
330 4208 430 4262 διὰ
459 4209 557 4280 τὴν
577 4211 747 4280 τύχην
771 4212 1173 4282 ἐπωνομάζετο.
1195 4214 1320 4266 Ὅτι
1351 4212 1759 4284 ἁναλογὼτερον

178 4300 288 4351 ἀντὶ
334 4300 446 4370 μὲν
480 4300 581 4371 τῆς
606 4304 695 4368 είς
743 4302 1056 4373 προθέσεως
1110 4303 1172 4357 τὸ
1198 4304 1263 4371 ἐς
1292 4303 1493 4373 λέγειν,
1525 4305 1649 4358 ἀντὶ
1697 4305 1758 4358 δὲ

178 4388 271 4460 τῆς
296 4392 366 4457 ἐξ
398 4392 465 4445 τὸ
492 4394 583 4447 ἐκο
603 4396 756 4448 πᾶσα
781 4395 891 4465 γὰρ
910 4395 1168 4467 πρόθεσις
1213 4395 1759 4468 βραχυκαταληκτεῖν

180 4479 349 4541 θέλει.ἒ
370 4485 517 4538 Ἀλλ’
552 4486 736 4556 ἕτερος
764 4487 926 4541 πάλιν
944 4487 1102 4557 λόγος
1127 4487 1226 4558 τὴν
1254 4488 1324 4541 ἐκ
1346 4488 1526 4553 ξενίας
1552 4488 1759 4543 διώκει·

180 4571 399 4646 οὐδεμία
432 4576 543 4647 γὰρ
576 4578 728 4648 παρὰ
769 4578 1037 4645 Ἀττικοῖς
1080 4579 1227 4645 λέξις
1253 4580 1333 4644 είς
1360 4597 1397 4634 κ
1434 4581 1759 4652 καταλήγει.

1910 715 2329 785 Unguentorum
2375 716 2589 785 species
2637 722 2768 770 sunt
2812 711 3095 776 Bacarius,
3147 709 3425 765 Narcista-

1842 820 1969 863 nus.
2007 807 2213 871 Stacte,
2250 805 2614 873 Plangonion,
2656 803 2803 873 quod
2829 802 3038 857 invenit
3069 800 3268 854 mulier
3297 798 3426 855 Elea

1843 899 2086 963 nomine,
2127 899 2393 969 Plangon,
2447 898 2761 963 Metaleum,
2792 895 2941 967 quod
2992 894 3222 949 Metalus
3257 894 3427 965 Syra—

1843 993 2028 1048 cusius
2057 993 2276 1062 reperit.
2320 993 2471 1062 Apud
2504 991 2913 1062 Euphorionem
2956 988 3167 1058 origine
3212 986 3428 1041 Chalci-

1844 1086 2093 1149 densem,
2146 1086 2383 1140 incolam
2421 1100 2551 1140 vero
2587 1084 3007 1144 Atheniensem,
3054 1096 3164 1135 non
3206 1080 3430 1134 imitan~

1844 1177 1943 1233 das
1991 1192 2152 1232 voces
2196 1177 2324 1232 licet
2376 1177 2640 1247 reperire.
2686 1173 2824 1229 Nam
2875 1173 3134 1229 Jasonem
3187 1172 3426 1240 ναύαγον

1843 1269 2003 1334 dixit,
2051 1269 2197 1338 quod
2240 1284 2348 1322 non
2403 1277 2516 1322 tam
2564 1267 2838 1338 signiﬁcat
2875 1263 3226 1336 naufragum,
3258 1279 3422 1333 quam

1845 1376 2038 1416 navem
2077 1370 2379 1429 regentem,
2416 1370 2471 1414 et
2508 1370 2814 1427 serpentem
2846 1372 3013 1412 aurea
3048 1357 3194 1411 mala
3220 1354 3425 1427 Hespe—

1845 1452 2026 1506 ridum
2064 1449 2352 1514 ferentem,
2385 1450 2680 1521 Κηπουρδν
2712 1448 3039 1503 nominavit.
3066 1446 3202 1502 Male
3239 1454 3423 1500 autem

1844 1541 2137 1596 aemulatus
2184 1548 2270 1596 est
2316 1541 2556 1611 primum
2607 1538 2925 1609 Dionysium
2984 1537 3186 1591 Sicilia:
3236 1545 3426 1606 tyran-

1846 1648 2001 1698 num,
2051 1634 2144 1704 qui
2192 1633 2410 1688 licentia
2461 1631 2832 1693 adulatorum,
2889 1638 2943 1684 et
2974 1629 3186 1683 deliciis
3234 1641 3427 1682 corru-

1846 1734 1994 1797 ptus,
2023 1727 2191 1797 ccepit
2217 1726 2515 1798 tragmdias
2541 1724 2783 1781 scribere
2823 1722 2959 1792 (59),
3002 1723 3055 1775 ἰιι
3086 1721 3287 1790 quibus
3323 1720 3424 1773 has

1846 1834 2010 1874 voces
2053 1819 2352 1889 congessit,
2387 1818 2639 1871 ἀκόντιον
2682 1830 2888 1870 vocans
2920 1814 3225 1885 βαλάντιον,
3263 1812 3426 1866 κάδον

1844 1924 1975 1963 vero
2009 1908 2291 1981 ὲλκύδριον
2328 1908 2639 1980 σκέπαρνον
2698 1906 2867 1977 ἔριον,
2915 1906 3142 1977 χλαῖναν
3186 1904 3423 1975 ὲριόλην,

1846 2008 1907 2054 ut
1949 2018 2075 2073 quae
2123 2001 2291 2057 fuerit
2340 2001 2612 2071 pernicies
2660 2000 2932 2064 lanarum,
2982 2008 3037 2053 et
3082 1999 3207 2052 talia
3256 1997 3427 2051 multa

1845 2096 2099 2153 ridicula.
2131 2092 2376 2148 Hortarii
2420 2091 2687 2162 pistillum
2728 2092 2865 2162 (40),
2898 2090 3077 2157 δοῖδυξ
3124 2090 3192 2144 ab
3230 2088 3427 2142 Atticis

1847 2201 2096 2256 vocatur,
2148 2187 2504 2259 ἁλετρίϐανος
2552 2201 2681 2241 vero
2728 2186 3101 2242 communiter
3149 2193 3203 2238 et
3247 2181 3428 2237 Attice

1847 2287 2070 2342 dicitur.
2123 2282 2420 2353 Dionysius
2477 2297 2608 2337 vero
2647 2292 2957 2353 tyrannus,
3009 2282 3077 2336 de
3137 2296 3249 2350 quo
3303 2288 3429 2333 ante

1847 2379 2051 2434 dictum
2099 2384 2205 2443 est,
2250 2375 2467 2428 δοίδυκα
2512 2384 2672 2429 vocat
2716 2374 2972 2445 θυέστην.
3024 2372 3216 2427 Merito
3261 2371 3430 2441 igitur

1849 2469 2050 2524 maluit
2102 2466 2169 2522 ad
2226 2466 2485 2520 latumias
2540 2465 2792 2518 damnari
2841 2464 3217 2526 Philoxenus,
3260 2476 3427 2531 quam

1849 2561 1980 2616 talia
2008 2559 2202 2614 audire
2233 2558 2365 2628 (Η),
2398 2556 2608 2611 Comici
2643 2556 2963 2625 plerumque
3000 2554 3173 2609 servis
3205 2552 3430 2606 nomina

1850 2668 1880 2708 a
1912 2651 2077 2706 natali
2112 2651 2232 2706 solo
2263 2649 2479 2714 indunt,
2514 2657 2572 2703 nt
2602 2649 2826 2720 Syrum,
2851 2646 3167 2712 Carionem,
3204 2644 3431 2707 Midam,

1851 2743 2065 2807 Getam,
2098 2754 2153 2798 et
2203 2742 2447 2798 similia:
2480 2741 2674 2811 partim
2721 2757 2789 2795 ex
2836 2739 3135 2809 adjunctis,
3177 2747 3237 2793 ut
3279 2754 3309 2792 a
3337 2753 3434 2792 co-

1850 2838 1965 2892 lore
2018 2833 2237 2905 quidem
2283 2830 2513 2904 Pyrrian
2591 2840 2646 2885 et
2708 2828 2983 2883 Xanthian
3038 2845 3056 2883 :
3102 2843 3131 2881 a
3187 2825 3434 2881 moribus

1852 2928 2252 2983 Parmenonem
2282 2965 2297 2989 ,
2346 2923 2581 2987 Pistum,
2631 2922 2964 2976 Dromonem
3000 2938 3013 2974 :
3045 2920 3173 2974 item
3217 2934 3247 2973 a
3309 2918 3433 2979 die,

1853 3018 1963 3091 quo
2002 3027 2220 3088 emptus
2249 3025 2336 3072 est
2373 3029 2571 3071 servus
2604 3032 2618 3068 :
2650 3013 2799 3068 unde
2829 3020 2885 3067 et
2918 3011 3115 3082 533a
3135 3009 3436 3064 Numenias

1853 3120 2075 3169 vocant.
2128 3110 2266 3167 'l'res
2319 3109 2579 3165 dicuntur
2630 3106 2948 3178 plitbiriasi,
3005 3106 3059 3160 id
3115 3114 3198 3160 est
3243 3102 3437 3158 morbo

1854 3205 2157 3277 pediculari
2211 3202 2417 3258 mortui
2464 3216 2586 3257 esse
2634 3212 3082 3270 :perpaucorum
3155 3197 3298 3252 enim
3349 3196 3440 3250 hic

1857 3297 2109 3352 morbus.
2141 3295 2228 3350 Fit
2273 3303 2457 3350 autem
2496 3308 2622 3347 cum
2673 3299 2845 3346 totum
2887 3303 3088 3361 corpus
3125 3288 3178 3343 in
3211 3288 3439 3359 pedicu-

1858 3389 1943 3445 los
1991 3389 2305 3453 resolvitur,
2361 3386 2456 3441 sed
2506 3400 2572 3440 ex
2624 3383 2913 3447 heroibus,
2963 3382 3055 3452 qui
3103 3382 3208 3437 hoc
3249 3380 3444 3435 morbo

1864 3476 2120 3533 exstincti
2155 3482 2306 3538 sunt,
2335 3482 2419 3529 est
2461 3472 2699 3528 Acastus
2727 3470 2893 3526 Peliae
2919 3470 3066 3525 ﬁlius
3103 3488 3117 3524 :
3157 3470 3438 3525 secundus

1863 3567 2192 3622 Pherecides
2238 3564 2432 3636 Syrus,
2488 3565 2581 3636 qui
2639 3562 3027 3633 Genealogiam
3090 3562 3441 3630 conscripsit,

1862 3673 2024 3729 quem
2063 3665 2120 3712 et
2148 3657 2303 3711 aiunt
2330 3658 2399 3712 ab
2437 3666 2559 3711 ortu
2601 3656 2709 3710 boc
2752 3655 2953 3710 malum
2994 3653 3276 3708 habuisse.
3308 3652 3445 3707 Ter-

1860 3752 1973 3807 tius
2001 3749 2380 3806 Romanorum
2424 3764 2565 3820 saepe
2609 3747 2807 3803 consul
2838 3746 2986 3818 Sylla
3009 3744 3120 3814 jam
3154 3760 3349 3809 senex,
3385 3754 3446 3800 ut

1859 3845 2025 3900 etiam
2075 3844 2227 3899 Felix
2262 3851 2484 3913 pr0pter
2527 3842 2801 3897 fortunam
2847 3841 3027 3895 dictus
3070 3838 3142 3894 sit
3176 3838 3312 3909 (42).
3357 3837 3445 3901 Ἐς

1860 3937 2061 3992 melius
2104 3936 2407 3991 secundum
2453 3934 2762 4006 analogiam
2803 3948 2970 4004 quam
3010 3931 3328 4002 praepositio
3365 3931 3445 3993 εἰς

1861 4030 2086 4095 dicitur,
2135 4039 2191 4084 et
2227 4032 2293 4084 ὲκ
2333 4046 2499 4100 quam
2554 4030 2636 4094 ἐξ.
2686 4028 2880 4084 Omnis
2935 4028 3082 4083 enim
3129 4022 3445 4096 praepositio

1863 4123 2056 4178 ultima
2087 4122 2241 4178 brevi
2277 4132 2381 4176 est.
2416 4120 2520 4176 Sed
2565 4122 2671 4176 alia
2697 4130 2889 4176 contra
2928 4118 3070 4173 ratio
3110 4118 3175 4170 ὲκ
3204 4115 3445 4187 peregri-

1862 4216 2107 4271 nationis
2133 4225 2378 4271 accusat.
2407 4214 2569 4269 Nulla
2600 4213 2746 4269 enim
2778 4228 2885 4269 vox
2918 4210 3061 4280 apud
3092 4209 3301 4264 Atticos
3331 4209 3387 4264 in
3408 4225 3444 4262 κ

1862 4308 2085 4364 desinit.
2131 4307 2430 4379 Κυθνώλης
2466 4306 2813 4361 calamitosus
2847 4319 2944 4374 per
2971 4302 3003 4356 λ
3045 4301 3312 4365 scribunt,
3348 4302 3446 4358 sed

1861 4414 1973 4453 non
1998 4413 2099 4468 per
2137 4398 2189 4452 δ.
2235 4397 2395 4469 Apud
2441 4399 2617 4466 Argos
2650 4394 2797 4451 enim
2847 4392 3000 4462 regio
3044 4390 3318 4462 Cythnion
3348 4406 3447 4445 vo-

1862 4499 1986 4545 cata
2018 4532 2033 4556 ,
2094 4490 2255 4560 cujus
2302 4490 2452 4545 viros
2504 4489 2634 4543 olim
2688 4486 3058 4556 Amphytrton
3133 4483 3447 4547 interfecit,

1863 4582 2106 4651 exceptis
2130 4582 2426 4638 admodum
2452 4581 2663 4651 paucis.
2693 4576 3068 4634 Mercenarius
3096 4574 3168 4629 ab
3197 4575 3323 4631 aliis
3350 4575 3450 4648 θὴς

1495 4692 1729 4748 VARIIE
1766 4692 2061 4749 LECTION
2069 4694 2175 4750 ES.

246 4775 573 4861 "(pet-:ECew
598 4777 684 4834 bis
719 4781 1030 4849 ponendum
1084 4796 1207 4837 esse
1255 4780 1427 4852 liquet
1464 4797 1530 4837 ex
1589 4781 1767 4853 Etym.
1817 4782 1884 4837 Μ.
1976 4823 1989 4836 .
2037 4782 2141 4846 65,
2199 4783 2305 4850 ⁸51,
2363 4783 2571 4837 addunt
2644 4781 2868 4838 Hoesch.
2924 4793 2979 4839 et
3030 4783 3239 4838 Gener.
3299 4782 3450 4852 ὅτι...

246 4844 291 4905 in
489 4851 586 4900 καὶ
612 4851 774 4905 τὰ....
817 4850 980 4905 Roth.
1020 4866 1172 4905 vero.
1209 4868 1331 4905 ouze
1363 4855 1444 4905 ὃτι
1471 4852 1536 4905 νὴ
1569 4852 1635 4905 δί’
1663 4860 1790 4905 ante
1822 4800 2016 4905 ﬁngo).
2087 4854 2260 4905 ponit.
2295 4854 2479 4905 καὶτὰ
2511 4853 2661 4905 ὲεῆς.
2741 4853 2784 4884 ¹⁰
2813 4853 3000 4905 dudm.
3081 4856 3121 4885 ἰ
3159 4853 3341 4905 Βοενθ.
3371 4845 3450 4905 δὲΙ

184 4843 291 4924 νιδὴ
489 4843 774 4924 καὶτὰ...
803 4850 980 4924 _Roth.
1020 4866 1172 4924 yero,
1209 4843 1331 4920 (ιυεὲ
1363 4855 1444 4906 ὅτι
1471 4852 1537 4924 νὴ

1569 4852 1635 4905 δί’
1662 4852 1790 4906 ante
1822 4854 1930 4920 ἀγα

2087 4845 2260 4922 punit,
2288 4845 2387 4907 καὶ
2411 4854 2479 4906 τὰ
2511 4853 2661 4924 ἑξῆς.
2735 4853 2784 4924 ff
2812 4853 3000 4924 ρύψαι.
3081 4856 3121 4885 ¹¹
3158 4853 3341 4924 βρενθ.
3371 4845 3464 4918 δὲῘ

185 4913 257 4965 ὅτι
281 4917 443 4995 χλίδῃ
465 4917 565 4995 μὲν
652 4921 856 4990 τρυφὴ,
890 4922 985 4995 καὶ
1018 4913 1201 4995 βρενθ.
1230 4913 1286 4976 δὲ
1316 4913 1571 4991 σημαίνει
1604 4922 1703 4992 μὲν
1733 4913 2103 4995 ιιιεεΜυιιιιδξ
2158 4925 2200 4995 ιξ
2237 4913 2488 4995 γρίεσθαι
2520 4913 2701 4995 Etym.
2733 4913 3050 4993 M.'p.'2l‘2,
3076 4913 3209 4995 Si:
3246 4923 3286 4995 ’ξ
3319 4913 3452 4995 36.x:-

376 4988 445 5049 (ἶ,
478 4987 743 5074 βακάριόξ
755 4987 831 5074 ,ςξ
884 4992 965 5074 ft
978 4987 1327 5074 νάρκίεξςινοχ
1351 4987 1640 5074 Meursius:
1658 5063 1669 5074 _
1721 4995 1782 5074 η’
1800 4991 2089 5074 Πλαγγων]
2143 4987 2447 5074 πλάνων
2491 5065 2502 5074 _
2525 4995 2567 5025 ¹⁶
2593 4987 2873 5074 μεταλεῖον
2914 5025 2982 5035 -
3010 4992 3279 5074 Μεταλος]
3315 4987 3328 5039 ξ
3348 4991 3455 5074 pud

190 5054 367 5137 plures
398 5054 693 5137 scriptores
721 5061 1023 5137 Μεγαλεῖον
1051 5054 1122 5102 ζ-
1150 5063 1423 5137 Μεγάλος.

193 5120 605 5261 ἓρὶοζεὲὖὴα
654 5130 734 5185 C:
777 5120 1046 5202 φοροῦντα
1082 5150 1145 5197 ς.
1221 5120 1264 5165 ίδ
1286 5134 1355 5187 τὰ
1383 5120 1533 5189 ’θάὠ
1585 5131 1649 5187 C.

1749 5133 1792 5165 '°
1822 5133 2014 5202 Σύρος.

1534 5060 1792 5146 ¹⁷Λθέσεε1
1823 5063 1910 5146 _et”.
1970 5060 2197 5146 Mein-ek,
2247 5065 2315 5117 de
2341 5060 2737 5146 -Euplioriotiis
2786 5066 2892 5120 vite
2947 5075 3000 5119 et
3049 5060 3279 5146 scriptis
3320 5079 3370 5146 [ξ

2100 5134 2144 5164 ¹¹
2172 5133 2431 5207 γενικῶς]
2454 5131 2467 5135 ⁷
2493 5136 2601 5189 imo
2655 5135 2847 5207 Σύριος
2888 5166 2946 5175 -
2976 5134 3230 5204 γενναίω.
3323 5134 3368 5164 ²¹
3399 5131 3463 5196 ὃς

1690 5337 1923 5394 NOTAE.

265 5428 379 5496 (39)
417 5428 606 5502 Cicero
652 5429 945 5485 Tusculan.
999 5442 1215 5500 poetam
1258 5433 1508 5487 nominat
1554 5431 1753 5502 Diony-
1787 5435 1831 5489 D
1860 5434 1967 5497 ait;
2006 5432 2365 5489 Philoxennm
2412 5437 2602 5489 eadem
2636 5435 2703 5489 de
2732 5451 2895 5489 causa
2948 5436 3014 5489 ad
3057 5436 3309 5492 latomias
3348 5438 3452 5491 da-

198 5497 329 5579 sium
354 5499 636 5579 majorem.
659 5502 948 5579 Atliemens
965 5497 1162 5579 lib._tx.
1184 5507 1541 5579 Δείπνου-οφ.
1562 5497 1752 5557 versus

201 5570 311 5642 eius
355 5570 577 5642 exponit
618 5586 682 5623 ex
735 5573 1001 5642 Adonidc.
1046 5573 1377 5627 Plutarchus
1422 5588 1639 5642 quoque
1688 5574 1756 5626 de

200 5638 481 5691 Alexandri
512 5641 897 5714 virtutcihunc
922 5658 988 5696 ex
1030 5644 1311 5714 tragtedia
1337 5638 1580 5713 Dionysii
1630 5658 1753 5714 ver-

200 5720 317 5790 sum
360 5721 639 5790 memorat:
680 5712 742 5763 Ἠ
766 5712 875 5781 γὰρ
894 5712 1147 5782 τυραννὶς
1168 5713 1383 5790 ἀδικίας
1412 5715 1596 5790 μήτηρ
1624 5713 1746 5781 ἔφυ.

203 5779 300 5837 Qui
332 5784 397 5853 _et
438 5779 781 5853 Antiphonta
807 5779 1104 5846 oratorem,
1135 5792 1195 5837 ut
1230 5779 1451 5853 quidam
1475 5779 1745 5846 referunt,

208 5848 348 5910 quod
406 5848 694 5922 tragoedias
738 5851 857 5923 ejus
908 5848 1349 5924 reprehenderet,
1396 5855 1741 5910 interfectum

1870 5513 2152 5578 innatum;
2202 5504 2644 5578 atqueA'tisrhyli
2688 5507 2899 5578 Tragici
2938 5508 3163 5561 tabellas
3195 5524 3458 5561 coemere

1866 5575 2085 5628 solitum
2119 5575 2337 5632 iocatur
2369 5574 2665 5632 Lucianns.

1934 5644 2047 5712 (40)
2087 5644 2220 5699 Vide
2251 5645 2614 5700 Glossarium.

1934 5716 2046 5784 (41)
2092 5715 2162 5769 De
2207 5716 2310 5770 hoc
2342 5716 2581 5785 Dionysii
2630 5732 2851 5773 carcere
2898 5716 3091 5771 Cicero
3120 5715 3151 5766 7
3203 5715 3350 5768 Verr.
3390 5724 3453 5770 et

1858 5783 1930 5838 ibi
1947 5783 1950 5784 ⁷
1968 5786 2021 5837 in
2031 5796 2261 5853 tcrpres.

1929 5855 2041 5925 (4‘2)
2084 5855 2406 5913 Plutarchus
2439 5856 2495 5911 in
2530 5857 2695 5927 bylla,
2730 5868 2782 5913 et
2817 5857 3125 5914 Casaubon.
3158 5856 3214 5909 in
3251 5853 3435 5910 Lacrt.
