3856 6298
592 330 698 395 315

1708 343 1970 404 ΡΙΙΟΤΙΙ
2008 345 2137 405 ΡΑΊ

2240 345 2510 407 Aliena:
2549 348 2657 409 CP.
3710 380 3799 447 315

590 456 838 509 vocatur,
901 446 983 501 vel
1037 464 1069 503 a
1125 448 1317 508 θεῖναι.
1374 455 1519 524 quod
1575 456 1852 527 signilicat
1906 462 2137 516 maniliu:

2265 461 2388 517 ’Ότι
2440 464 2501 516 τὸ
2543 464 2868 534 Κυθνὼλης
2901 466 2993 520 διὰ
3032 467 3133 533 ,τοῦ
3164 472 3204 522 λ
3250 473 3556 546 γράφουσιν,
3591 484 3703 543 ἀλλ’
3744 502 3795 554 οὐ

589 540 803 603 operari
848 548 900 593 et
949 539 1147 596 facere.
1191 544 1450 616 Antiquis
1484 548 1627 602 enim
1676 551 1891 607 dicendi
1922 554 2157 611 formula

589 638 708 681 erat
737 628 931 698 ἔθηκεν
963 647 1063 700 pro
1102 651 1153 685 τι
1182 635 1316 705 δρᾶν
1353 637 1556 706 aliquid
1583 656 1755 709 agerc,
1809 652 1867 697 ut
1909 653 1964 699 et
2010 645 2160 702 Iaho-

589 719 925 775 i-iosissimus
974 724 1135 778 heros
1174 726 1293 780 ideo
1341 739 1570 784 vocatus
1609 740 1693 785 est
1738 733 1969 803 Θησεὺς,
2015 736 2159 794 The-

590 822 737 871 seus,
770 813 849 865 vel
886 818 1188 871 mutatione
1221 834 1252 869 τ
1298 818 1351 871 in
1385 818 1436 882 0,
1482 824 1710 889 penuria
1758 828 1900 881 enim
1940 828 2061 884 vitae
2104 840 2158 886 et

590 902 886 971 indigentia
935 907 1138 963 multos
1187 911 1253 962 ad
1302 926 1463 978 opera
1518 917 1737 971 servilia
1783 920 1943 991 cogit.
1989 920 2155 979 Multa

589 1006 779 1051 contra
824 999 1129 1068 analogiam
1180 1005 1604 1060 committuntur
1652 1020 1874 1075 errata,
1932 1023 1995 1068 ut
2055 1030 2155 1085 pro

589 1086 773 1150 σίκυος
800 1089 987 1144 dicunt
1027 1101 1291 1160 errantes,
1343 1096 1498 1162 σίκυς
1537 1102 1791 1167 cucumis,
1837 1115 1890 1159 et
1922 1121 2020 1175 pro
2063 1109 2158 1162 ἀν-

584 1178 786 1249 δράχλη
833 1197 926 1251 pcr
958 1181 988 1234 λ
1026 1182 1129 1253 (sic
1164 1186 1307 1239 enim
1354 1189 1543 1244 dicunt
1594 1194 1781 1264 Attici)
1825 1196 2015 1252 dicunt
2059 1199 2156 1253 άν-

583 1267 812 1340 δράχνη.
856 1272 1001 1324 Εἵσω
1049 1276 1254 1331 rectius
1291 1287 1375 1333 est
1422 1296 1583 1350 quam
1630 1284 1757 1339 έσω.
1811 1296 1865 1341 et
1912 1288 2154 1358 ὥμιλλαν

584 1360 869 1427 proferunt
915 1365 1110 1435 vulgus
1144 1384 1271 1423 vero
1315 1387 1410 1440 per
1462 1392 1518 1428 a.
1563 1375 1900 1447 Euphorion,
1951 1383 2149 1454 inquit,

582 1452 747 1505 refert
798 1457 1045 1522 quaedam
1098 1462 1312 1515 somnia
1357 1464 1559 1521 alicubi
1612 1484 1719 1523 non
1764 1471 1960 1527 videri.
2032 1452 2153 1530 Mu-

587 1541 721 1606 lam,
772 1561 878 1615 qua
934 1550 1176 1618 ferimur,
1240 1569 1363 1609 cum
1415 1556 1606 1626 jugum
1668 1577 1777 1615 non
1840 1562 1999 1631 ferat,
2052 1567 2150 1623 At-

583 1632 671 1684 tici
701 1634 980 1706 ἀστράδην
1003 1651 1202 1694 vocant
1226 1660 1238 1696 :
1264 1644 1389 1697 inde
1408 1647 1605 1703 dicitur
1627 1659 1680 1705 et
1701 1652 2145 1727 ἀπραόηγάτης.

2261 551 2349 606 διὰ
2374 554 2466 606 τοῦ
2495 554 2550 609 ὃ.
2593 557 2831 625 ’Ἄργους
2855 558 2965 628 γὰρ
2997 554 3065 629 ἦν
3093 557 3214 630 [871
3264 563 3356 637 IL]
3390 573 3578 641 χωρίον
3618 597 3668 633 τι
3710 551 3796 640 κα.

2260 644 2518 715 λούμενον
2543 646 2796 713 Κύθνιον,
2832 642 2894 702 οὗ
2930 650 3057 714 τοὺς
3082 651 3279 723 ἄνδρας
3312 659 3438 710 ποτὲ
3490 663 3797 743 Ἀμφιτρύων

2257 738 2435 792 ἀνεῖλε
2466 738 2695 803 πάντας,
2743 741 2884 812 πλὴν
2938 743 3134 811 ὀλίγων
3158 746 3318 803 πάνυ.
3349 751 3471 806 ’Ότι
3501 758 3528 809 6
3556 738 3781 831 παρ’-ἀλ-

2259 828 2371 892 λοις
2402 829 2593 899 μισθοῦ
2623 831 2887 887 δουλεύων
2916 835 3027 903 θὴς
3064 836 3305 893 καλεῖται
3332 881 3345 905 ,
3379 843 3587 917 ἤσπαρὰ
3610 828 3663 905 τδ
3685 860 3785 910 θεῖ.

2259 938 2384 985 ναι.
2423 923 2451 976 ὃ
2482 923 2633 992 δηλοί
2660 925 2720 979 τὸ
2757 927 2944 997 χερσὶν
2994 929 3321 999 ἐργάζεσθαι
3370 936 3463 990 καὶ
3499 945 3697 1011 ποιεῖν(
3718 954 3795 1004 καὶ

2257 1015 2363 1085 γὰρ
2388 1018 2502 1078 τοῖς
2532 1018 2784 1081 παλαιοῖς
2831 1018 3010 1088 λέγειν
3038 1022 3159 1086 ἔθος
3185 1024 3246 1076 τὸ
3275 1024 3488 1092 ἔθηκεν
3518 1032 3607 1086 ἐπὶ
3636 1038 3719 1089 τοῦ
3747 1059 3795 1095 τι

2255 1105 2425 1174 δρᾷν,
2446 1108 2542 1162 καὶ
2562 1109 2638 1173 ὡς
2661 1112 2707 1142 ’³
2722 1110 3161 1181 δραστικώτατος
3186 1116 3333 1186 ἥρως
3360 1118 3445 1173 διὰ
3461 1123 3608 1179 τοῦτο
3626 1130 3793 1202 κέκλη-

2254 1214 2343 1249 ται
2364 1198 2640 1268 Θησεὺς),
2664 1200 2695 1270 ἧ
2719 1201 2861 1256 κατὰ
2884 1203 3281 1294 μετάθεσινῌτοῦ
3308 1225 3342 1261 τ
3363 1210 3441 1272 είς
3467 1212 3526 1265 τὸ
3550 1218 3600 1268 θ’
3621 1219 3676 1271 τὸ
3703 1198 3792 1294 γὰρ

2254 1286 2509 1339 πένεσθαι
2531 1288 2622 1342 καὶ
2632 1290 2897 1359 τητᾶσθαι
2915 1291 3054 1359 βίου,
3071 1294 3115 1326 ³⁸
3136 1288 3246 1347 οἷον
3274 1297 3319 1328 ’⁸
3339 1298 3632 1371 στέρεσθαι,
3653 1308 3794 1378 ἀναγ-

2252 1374 2411 1440 κάζει
2435 1378 2664 1441 πολλοὺς
2692 1379 2761 1433 τὰ
2786 1379 2990 1435 δούλων
3011 1384 3295 1453 πράττειν.
3327 1386 3446 1441 Ὅτι
3477 1394 3618 1461 παρὰ
3644 1374 3791 1469 γράμ-

2254 1483 2352 1536 μα,
2384 1470 2537 1538 φησὶ,
2564 1471 2732 1540 μυρία
2754 1471 2902 1525 ἐστὶν
2927 1474 3313 1546 ἡμαρτημένα,
3336 1476 3519 1551 ὥσπερ
3544 1485 3656 1538 ἀντὶ
3672 1490 3791 1546 τοῦδ

2250 1558 2466 1624 σίκυος
2486 1560 2893 1630 ἁμαρτάνοντες
2915 1562 3167 1632 λέγουσιν
3203 1566 3232 1618 6
3261 1568 3441 1635 σίκυς
3466 1572 3555 1625 καὶ
3570 1576 3681 1628 ἀντὶ
3712 1580 3789 1632 τοῦ

2248 1648 2557 1719 ἀνδράχλη
2582 1652 2626 1682 ’⁸
2648 1651 2738 1705 διὰ
2779 1652 2876 1705 τοῦ
2905 1657 2946 1707 λ
2977 1653 3144 1723 (οὕτω
3173 1654 3283 1724 γάρ
3309 1675 3472 1727 φασιν
3498 1663 3786 1738 οίἈττικοὶ)

580 1721 790 1778 Dicitur
823 1728 984 1782 etiam
1010 1731 1259 1805 ἀστράϐη
1298 1751 1395 1805 pro
1421 1739 1552 1795 sella
1574 1721 1818 1812 equestri
1843 1755 1903 1800 ut
1937 1721 2137 1803 'Denio

2251 1740 2502 1809 λέγουσιν
2516 1741 2705 1810 ἄνδρά
2708 1759 2848 1813 χνη.
2865 1744 2973 1797 Kal
2986 1721 3058 1798 τὸ
3074 1721 3219 1799 εἵσω
3237 1721 3294 1799 δὲ
3316 1721 3698 1826 άναλογώτερον
3711 1721 3786 1812 τού

580 1814 873 1871 stlicnesiii
901 1823 1142 1878 oratione
1173 1826 1432 1885 adversus
1464 1829 1682 1888 Midiam
1711 1836 2137 1913 εἘπ’ἀστρά6ης

2255 1830 2396 1886 ἔσω.
2414 1832 2524 1885 Kal
2552 1831 2643 1886 τὸν
2911 1836 3297 1907 προφέρουσιν
3325 1839 3429 1907 ἡδὲ
3459 1814 3696 1911 συνήθεια
3717 1848 3788 1904 διὰ

578 1906 876 1977 ὀχούμενος
933 1915 1226 1988 ἀργυρᾶςε
1263 1922 1519 1991 Argenteo
1582 1922 1816 1984 insidens
1881 1906 2142 2002 ephippia.

656 1997 873 2067 Ἀρτος,
901 2001 1097 2070 inquit,
1122 2006 1317 2061 dicitur
1345 2026 1410 2065 ex
1456 2013 1652 2084 αἴρειν.
1702 2020 1847 2087 quod
1878 1997 2148 2092 significat

580 2086 869 2146 admovere
902 2094 983 2147 vel
1013 2110 1226 2165 capere.
1263 2098 1473 2157 Etenim
1515 2086 1745 2176 singulis
1777 2110 1922 2165 hunc
1955 2113 2147 2170 diebus

579 2184 845 2248 capimus.
885 2183 949 2239 Et
987 2187 1161 2259 ἅρμα,
1188 2195 1593 2264 nutrimentum,
1637 2200 1706 2254 ab
1733 2200 2061 2273 Hippocrate
2093 2218 2147 2263 et

576 2271 698 2324 aliis
717 2272 935 2328 dicitur.
954 2275 1206 2349 Τάριχος,
1232 2283 1632 2354 salsamentum,
1664 2290 1718 2344 in
1743 2303 1934 2348 neutro
1950 2311 2146 2364 genere

574 2361 895 2433 plerumque
940 2366 1128 2423 dicunt
1172 2373 1565 2433 Atheuienses:
1619 2381 1801 2438 minus
1852 2400 1979 2440 vero
2034 2386 2141 2443 ire.

572 2465 805 2518 quenter
835 2456 888 2510 in
922 2459 1246 2516 masculino.
1290 2462 1641 2524 Grammatici
1683 2486 1812 2528 vero
1837 2473 1890 2528 in
1917 2477 2143 2534 vocibus

574 2545 843 2614 occupati,
892 2547 1081 2604 dicunt
1115 2553 1166 2604 in
1203 2556 1508 2611 masculino
1542 2560 1713 2630 magis
1736 2565 2001 2635 analogiae
2056 2582 2141 2622 re-

572 2641 837 2707 spondere
890 2642 1104 2714 53312.
1138 2649 1391 2719 ’Ἄριστος
1442 2654 1657 2721 proprie
1717 2656 1784 2711 de
1837 2658 1926 2722 iis,
1957 2662 2048 2729 qui
2083 2661 2138 2715 iu

572 2728 711 2784 hcllo
738 2731 940 2802 aliquid
977 2737 1236 2805 praeclare
1270 2754 1574 2810 gesserunt.
1613 2744 1741 2802 Ideo
1778 2758 1833 2803 et
1881 2728 2140 2821 ἀριστέας

571 2839 667 2877 cos
694 2839 974 2893 vocamus,
1031 2838 1086 2882 et
1116 2830 1275 2901 ἄρην,
1312 2832 1558 2903 Martem,
1595 2839 1674 2893 rei
1725 2840 1929 2896 bellicae
1970 2845 2139 2914 cpho-

572 2928 690 2966 rum
721 2924 943 2982 putant,
984 2920 1209 2976 abusive
1249 2938 1375 2978 vero
1420 2926 1584 2981 etiam
1633 2944 1732 2998 pro
1764 2934 1957 3001 quavis
1987 2936 2042 2989 in
2078 2952 2136 2992 re

569 3008 963 3065 excellentibus
994 3012 1213 3070 dicitur.
1253 3017 1521 3087 Μάκτραν
1565 3035 1760 3079 vocant
1802 3041 1896 3082 vas
1929 3028 1985 3083 in
2025 3045 2136 3100 quo

568 3098 787 3165 polenta
815 3109 909 3155 aut
931 3118 1111 3159 massa
1143 3106 1433 3178 subigitur.
1465 3112 1705 3168 Atticum
1740 3124 1824 3171 est
1850 3159 1864 3184 ,
1906 3130 1961 3174 et
1989 3098 2130 3189 non,
2164 3154 2207 3211 α

2248 1921 2343 1973 τοῦ
2366 1939 2422 1975 a.
2450 1922 2569 1976 Ὀτι
2591 1923 2619 1976 6
2635 1923 2935 1996 Εὐφορίων,
2952 1928 3141 1997 φησὶν,
3161 1930 3366 2001 ἱστορεῖ
3392 1949 3509 1985 τινα
3525 1934 3567 1965 ³⁷
3592 1936 3785 1993 ἐνύπνια

2251 2014 2521 2086 μηδέποτε
2564 2014 2610 2048 ’⁸
2656 2018 2983 2088 ἑωρακέναι.
3031 2020 3155 2074 Ὅτι
3200 2022 3303 2092 τὴν
3332 2024 3586 2093 ἡμίονον,
3636 2026 3785 2102 ἐφ’ἦς

2247 2107 2542 2177 ὀχούμεθα,
2559 2110 2744 2181 φησὶν,
2760 2112 2803 2143 ¹⁹
2820 2111 3022 2181 άξύγου
3047 2111 3237 2184 οὔσης,
3277 2115 3545 2186 Ἀθηναῖοι
3564 2120 3785 2177 καλοῦσιν

2246 2200 2590 2268 ἀστράϐην-ο
2643 2202 2796 2257 ἐνθεν
2849 2205 3066 2273 λέγεται
3122 2210 3218 2261 καὶ
3265 2210 3294 2262 6
3344 2210 3782 2283 ἀστραϐηλάτης.

2247 2287 2406 2360 [1589
2428 2289 2520 2363 8.]
2546 2292 2773 2360 Λέγεται
2794 2295 2976 2364 μέντοι
3000 2295 3269 2365 ἀστράϐη
3288 2298 3381 2351 καὶ
3407 2300 3467 2352 τὸ
3490 2305 3786 2358 κατασκεύα-

2245 2398 2381 2450 σμα,
2452 2382 2527 2446 ὡς
2555 2385 2903 2455 Δημοσθένης
2932 2388 2991 2441 ἐν
3034 2388 3111 2458 τῷ
3135 2389 3279 2442 κατὰ
3305 2390 3523 2445 Μειδίου
3549 2393 3679 2464 λόγῳ
3708 2398 3781 2449 ἐπ’

2243 2470 2545 2538 ἀστράϐης
2573 2473 2902 2544 ὀχούμενος
2930 2478 3211 2548 ἀργυρᾶς.
3247 2479 3373 2534 ’Ότι
3413 2481 3583 2550 ἄρτος
3605 2485 3663 2538 ὲκ
3706 2488 3779 2539 τοῦ

2241 2562 2431 2627 αἴρειν
2476 2564 2711 2636 εἴρηται,
2766 2567 2960 2637 φησὶν,
3008 2569 3037 2621 ὃ
3083 2569 3240 2639 δηλοῖ
3281 2570 3345 2624 τὸ
3398 2574 3777 2646 προσφέρεσθαι·

2242 2652 2476 2723 καὶγὰρ
2526 2654 2648 2707 καθ’
2683 2657 2923 2727 ἑκάστην
2982 2660 3170 2713 τοῦτον
3228 2663 3658 2735 προσφερόμεθα.
3694 2669 3780 2721 Kal

2240 2738 2398 2809 ἅρμα
2437 2742 2555 2813 δὲὴ
2605 2746 2782 2817 τροφὴ
2839 2748 2992 2818 παρὰ
3048 2750 3406 2823 Ἱπποκράτει
3460 2755 3551 2809 καὶ
3598 2756 3780 2819 πολλοῖς

2238 2832 2434 2896 ἄλλοις.
2478 2834 2601 2888 Ὅτι
2656 2837 2717 2889 τὸ
2790 2839 3014 2911 τάριχος
3076 2840 3153 2905 ὡς
3209 2844 3308 2896 ἐπὶ
3383 2844 3445 2897 τὸ
3511 2846 3638 2900 πολὺ
3698 2848 3777 2917 μὲν

2239 2917 2487 2987 λέγουσιν
2521 2922 2819 2996 οὐδετέρως
2848 2928 2897 2979 οἱ
2968 2929 3225 2997 Ἀττικοὶ,
3260 2933 3349 2987 ἐπ’
3375 2932 3589 2989 ἔλαττον
3618 2937 3668 2990 δὲ
3702 2940 3778 2990 καὶ

2237 3010 2558 3079 ἀρσενικῶςο
2583 3016 2631 3066 οἱ
2678 3014 2733 3068 δὲ
2763 3021 3142 3088 γραμματικοὶ
3188 3023 3626 3093 τεχνολογοῦντες
3668 3027 3777 3080 ἀνα·-

2238 3098 2540 3172 λογώτερόν
2570 3122 2697 3172 φασι
2722 3108 2812 3161 τὸν
2858 3110 3083 3184 τάριχον
3136 3112 3417 3182 λέγεσθαι.
3450 3117 3568 3170 Ὅτι
3594 3118 3649 3171 τὸ
3675 3119 3776 3182 (ipt-

570 3198 630 3242 ut
662 3193 885 3246 iioniiuli
912 3194 1101 3250 dicunt
1140 3198 1346 3255 tritum.
1373 3202 1548 3271 Ραφὶς
1587 3222 1714 3261 acus
1744 3217 1829 3263 est
1858 3211 2136 3282 antiquius

2239 3205 2387 3258 στος
2432 3194 2635 3264 κυρίως
2689 3198 2785 3267 μὲν
2843 3202 2937 3254 ἐπὶ
2995 3201 3104 3255 τῶν
3143 3205 3288 3259 κατὰ
3330 3207 3560 3277 πόλεμον
3599 3208 3775 3261 εὐδοκι-

567 3293 730 3345 quam
767 3280 986 3353 Βελόνη,
1020 3294 1074 3339 et
1123 3286 1326 3359 ξύστρα
1356 3293 1601 3362 strigilis,
1648 3311 1809 3366 quam
1858 3280 2132 3371 orlsﬁlc,

568 3370 830 3444 ὐδρορῤόη
872 3377 1123 3444 alveolus,
1168 3396 1330 3450 quam
1371 3383 1575 3454 ὅχετον,
1624 3400 1677 3444 et
1725 3391 1930 3448 ἀλέτων
1969 3398 2133 3466 mola,

566 3476 728 3530 quam
771 3464 958 3534 μύλος.
1002 3468 1258 3539 Lapidem
1298 3476 1441 3530 enim
1482 3480 1820 3548 superiorem
1856 3487 2015 3544 mola:
2051 3490 2133 3545 sic

563 3565 780 3621 vocant,
813 3559 932 3613 ὄνον
974 3577 1101 3617 vero
1125 3567 1323 3621 molam
1359 3569 1701 3629 inferiorem.
1738 3574 1805 3631 Et
1827 3582 1996 3648 μαγὶς
2032 3597 2132 3652 pro

562 3666 762 3714 mensa,
792 3651 1105 3725 Egyptium
1138 3658 1371 3727 videtur,
1403 3672 1457 3717 et
1498 3651 2125 3745 omniiio‘illegitimum,

561 3736 922 3807 Epicharmus
962 3760 1089 3799 vero
1127 3746 1380 3815 Doricus,
1412 3762 1467 3806 et
1509 3754 1764 3815 Cercidas
1807 3772 1964 3830 poeta
2024 3764 2130 3822 hoc

560 3843 724 3882 sensu
751 3832 831 3886 usi
863 3846 991 3888 sunt
1012 3837 1200 3891 eadem
1224 3856 1374 3905 voce,
1408 3853 1463 3898 et
1483 3848 1644 3901 etiam
1683 3851 2000 3923 Sophocles,
2035 3859 2129 3927 qui

559 3921 773 3975 Atticus
854 3934 957 3979 est.
1032 3928 1354 3987 Aristoteles
1438 3937 1805 4007 peripatetica:
1872 3921 2126 4017 princeps

558 4017 777 4084 scholze,
811 4034 843 4074 a
870 4019 1094 4076 Platone
1118 4026 1299 4093 pullus
1335 4032 1650 4089 nominatus
1677 4044 1781 4102 est,
1813 4040 1958 4107 quod
1989 4056 2127 4110 prse-

557 4112 763 4179 ccptori
796 4115 1214 4172 contradiceret.
1248 4120 1403 4189 Equo
1454 4125 1599 4179 enim
1629 4128 1823 4197 volupe
1852 4140 1937 4185 est
1960 4133 2122 4188 etiam

557 4208 761 4268 patrem
803 4206 1073 4262 mordere.
1122 4208 1477 4268 Proverbium
1523 4231 1643 4272 esse
1687 4219 1841 4285 dicit,
1870 4222 2121 4278 dextrum

554 4292 804 4349 calceare
866 4298 1079 4364 pedem,
1138 4311 1191 4355 et
1244 4304 1529 4361 sinistrum
1572 4309 1774 4365 lavare.
1804 4312 1946 4369 Dicit
1976 4316 2123 4371 enim

553 4382 797 4445 Polemo.
829 4395 965 4443 teste
998 4389 1248 4462 Didyino,
1280 4395 1533 4449 dextrum
1568 4398 1622 4452 in
1658 4400 1922 4467 calceum,
1982 4406 2122 4459 sini-

2239 3288 2483 3358 μούντων
2514 3290 2580 3344 ἂν
2610 3293 2826 3365 ῥηθείη,
2860 3294 2993 3350 διότι
3023 3298 3116 3351 καὶ
3144 3299 3429 3368 ἀριστέας
3456 3302 3663 3365 τούτους
3691 3320 3772 3355 κα-

2234 3379 2434 3452 λοῦμεν
2462 3382 2557 3437 καὶ
2581 3383 2673 3438 τὸν
2709 3386 2888 3457 Ἀρην
2934 3388 3129 3461 ἔφορον
3156 3391 3265 3444 τῶν
3294 3392 3598 3463 πολεμικῶν
3626 3395 3773 3463 ἔργων

2234 3474 2564 3544 νομίζουσιν’
2606 3478 2664 3531 ἐν
2714 3484 3050 3552 καταχρήσει
3096 3482 3152 3536 δὲ
3191 3484 3288 3537 καὶ
3317 3482 3410 3537 ἐπὶ
3460 3484 3565 3538 τῶν
3594 3486 3704 3538 ἄλλο
3729 3504 3772 3539 τι

2234 3569 2641 3639 κατορθούντων
2688 3572 2925 3641 λέγεται.
2965 3574 3172 3629 Ὀτιτὸ
3194 3577 3468 3647 μάκτραν
3516 3579 3701 3645 καλεῖν,
3725 3581 3773 3632 ἐν

2232 3656 2321 3724 αἷς
2354 3661 2453 3725 τὰς
2509 3662 2687 3733 μάζας
2754 3667 3069 3734 μάττουσιν,
3106 3669 3373 3734 Ἀττικὸν,
3404 3671 3497 3726 καὶ
3561 3673 3669 3743 οὐχ,
3710 3673 3769 3734 ὡς

2233 3751 2363 3805 ἔνιοι
2399 3753 2662 3819 δοκοῦσιν,
2709 3756 2994 3814 ἰδιωτικόν.
3039 3761 3201 3814 Ἀλλὰ
3236 3762 3452 3835 καὶτῆς
3475 3764 3765 3832 βελόνηςὴ

2222 3844 2403 3913 ῥαφὶς
2446 3847 2830 3921 παλαιότερον,
2899 3855 2991 3907 καὶ
3037 3856 3070 3925 ἠ
3124 3856 3361 3927 ξύστρα
3424 3859 3522 3929 τῆς
3586 3863 3767 3927 στλεγ-

2229 3935 2426 4004 γίδος,
2494 3939 2587 3992 καὶ
2645 3944 2740 3993 τοῦ
2807 3942 2995 4014 ὀχετοῦ
3070 3947 3103 4018 ἡ
3183 3947 3507 4018 ὐδρορρόη.
3584 3951 3683 4003 Καὶ
3747 3951 3768 4002 ὁ

2228 4026 2459 4083 ἀλέτων
2507 4030 2565 4083 δὲ
2614 4034 2707 4086 τοῦ
2763 4036 2964 4105 μύλουο
3022 4037 3112 4092 τὸν
3153 4040 3263 4111 γὰρ
3314 4041 3428 4095 ἄνω
3481 4042 3572 4096 τοῦ
3626 4041 3766 4113 μύλου

2227 4117 2372 4173 λίθον
2421 4121 2594 4186 οὕτως
2625 4126 3092 4199 ἐπονομάζομεν,
3157 4131 3301 4186 ὄνον
3360 4134 3418 4188 δὲ
3493 4135 3587 4203 τὴν
3640 4135 3767 4187 κάτω

2230 4210 2425 4282 μύλην.
2473 4215 2583 4267 Kal
2630 4218 2661 4287 ἡ
2704 4220 2885 4289 μαγίς
2938 4220 2996 4274 δὲ
3027 4222 3171 4289 ,ἀντὶ
3212 4225 3312 4293 τῆς
3366 4225 3636 4298 τραπέζης
3688 4225 3766 4276 Ai-

2226 4304 2453 4371 γύπτιον
2501 4308 2641 4373 δόξει
2685 4312 2778 4364 καὶ
2824 4313 3105 4378 παντελῶς
3168 4315 3477 4389 ἔκθεσμον’
3539 4318 3766 4387 Ἐπίχαρ-

2228 4418 2327 4470 μος
2378 4403 2433 4457 δὲ
2492 4407 2519 4460 6
2583 4408 2821 4477 Δωριεὺς
2874 4412 2968 4463 καὶ
3036 4412 3313 4483 Κερκίδας
3398 4417 3426 4468 6
3508 4412 3765 4486 μελοποιὸς

553 4483 724 4529 strum
759 4477 813 4531 in
869 4480 1179 4548 polubrum.
1204 4487 1292 4540 Ait
1344 4491 1527 4543 vocari
1564 4491 1754 4562 δήμιον
1796 4499 2119 4568 carniﬁcem,

2239 4496 2318 4549 ἐπὶ
2378 4498 2478 4567 τῆς
2532 4498 2701 4568 αὐτῆς
2762 4500 3002 4566 διανοίας
3034 4477 3339 4575 ἐχρήσαντο
3384 4509 3449 4578 τῇ
3483 4477 3640 4573 λέξει,
3687 4505 3764 4557 καὶ

553 4561 645 4630 qui
673 4578 770 4619 eos
811 4569 1011 4624 occidit
1058 4573 1148 4640 qui
1184 4574 1249 4626 ad
1294 4586 1523 4632 mortem
1572 4561 1915 4640 condemnati
1952 4597 2119 4655 sunt,

551 4653 871 4722 δημόκοινον
895 4674 1024 4714 vero
1048 4670 1317 4718 tortorem.
1338 4664 1543 4730 Ἰππεῖς
1572 4680 1625 4724 et
1653 4676 1835 4743 νομεῖς
1858 4676 1910 4729 ἰη
1945 4679 2120 4733 nomi-

550 4744 733 4797 nativo
765 4746 961 4815 plurali
996 4750 1283 4807 dicendiim
1320 4763 1375 4809 et
1419 4759 1766 4816 scribendum
1792 4804 1807 4828 ,
1845 4782 1951 4820 non
1988 4783 2119 4823 vero

548 4836 600 4888 in
630 4841 962 4905 accusativo,
1015 4845 1107 4898 sed
1145 4846 1344 4911 ἱππέας
1373 4852 1595 4918 equites,
1630 4856 1830 4924 νομέας
1858 4868 2116 4926 pastores,

548 4931 762 4984 tametsi
792 4931 1089 5003 Xenophon
1122 4936 1469 5005 dixeritﬁob;
1494 4947 1695 5012 νομεῖς,
1729 4962 1796 5000 ne
1826 4950 2040 5005 mireris
2072 4953 2116 5005 si

547 5017 714 5073 homo
738 5021 890 5078 bellis
912 5035 1183 5092 assuetus,
1210 5043 1310 5083 nec
1342 5031 1585 5088 urbanus
1619 5034 1855 5107 (43-41),
1879 5040 2117 5110 aliquam

552 5126 583 5163 e
615 5115 807 5180 patriis
837 5117 1062 5172 vocibus
1089 5120 1390 5177 adulterat:
1427 5125 1548 5180 ideo
1580 5144 1687 5182 non
1711 5141 1794 5184 est
1825 5134 1965 5202 quod
1989 5136 2117 5203 quis

546 5204 699 5259 illum
731 5209 924 5263 Atticae
955 5210 1152 5281 liiiguze
1171 5213 1410 5282 judicem
1446 5230 1651 5276 sumat.
1680 5221 1863 5276 Primo
1895 5226 2113 5294 quidem

2228 4588 2335 4659 μὴν
2377 4590 2471 4643 καὶ
2527 4591 2555 4642 6
2594 4593 2834 4656 Ἀττικὸς
2893 4595 3192 4665 Σοφοκλῆς.
3221 4597 3365 4665 Ὅτι,
3399 4600 3563 4669 φησὶν
3614 4589 3761 4658 οὗτος,

2250 4681 2667 4758 Αριστοτέληςοό
2690 4682 2783 4735 τοῦ
2818 4686 3123 4755 περιπάτου
3158 4689 3474 4760 προστάτης
3516 4690 3615 4743 ὑπὸ
3642 4689 3763 4741 Πλά-

2219 4786 2389 4833 τωνος
2436 4770 2600 4833 ἵππος
2643 4773 3045 4843 ἐπωνομάζετο,
3094 4778 3467 4832 ἐναντιοῦσθαι
3514 4778 3672 4831 δοκῶν
3700 4774 3762 4845 τῷ

2219 4860 2542 4932 διδασκάλῳ·
2572 4864 2666 4916 καὶ
2696 4862 2805 4933 γὰρ
2825 4865 2853 4916 ὁ
2879 4866 3043 4929 ἵππος
3070 4867 3162 4920 τὸν
3191 4869 3384 4921 ἑαυτοῦ
3412 4869 3557 4938 φιλεῖ
3578 4868 3760 4933 πατέρα

2215 4951 2450 5003 δάκνειν.
2476 4951 2602 5023 [879.
2621 4952 2707 5024 IL]
2739 4954 2860 5006 Ὅτι
2878 4958 3178 5026 παροιμίαν
3199 4954 3340 5011 εἷναί
3360 4976 3493 5029 φησι
3511 4960 3598 5011 τὸν
3613 4957 3759 5021 δεξιὸν

2216 5045 2529 5098 ὑποδεῖσθαι
2556 5048 2716 5111 πόδα,
2734 5048 2824 5101 τὸν
2848 5050 3195 5121 δ’άριστερὸν
3216 5054 3405 5117 νίζεινο
3456 5052 3590 5123 φησι
3621 5048 3758 5120 γάρὸ

2214 5135 2493 5205 Πολέμων,
2516 5135 2592 5199 ὡς
2624 5141 2894 5208 μαρτυρεῖ
2926 5139 3175 5211 Δίδυμος,
3205 5141 3378 5207 δεξιὸν
3399 5144 3478 5204 είς
3510 5141 3755 5207 ὑπόδημα,

2215 5228 2500 5299 ἀριστερὸν
2526 5232 2606 5292 είς
2650 5231 2990 5302 ποδάνιπτρα
3018 5233 3084 5287 ³ο.
3123 5234 3245 5288 ’Ότι
3273 5234 3491 5303 δήμιον
3522 5234 3617 5305 μέν
3640 5244 3752 5300 φησι

1847 5335 2075 5391 νΑῐιιλΕ
2112 5336 2516 5394 LECTIONES.

616 5411 662 5496 I“
696 5412 787 5463 καὶ
824 5412 900 5496 ὡς
923 5414 1126 5496 (λε-καὶ
1156 5421 1230 5481 ὡς
1268 5437 1358 5496 ςχ
1387 5493 1398 5496 _
1433 5422 1477 5453 ’⁵
1516 5422 1634 5494 βίου
1655 5425 1745 5496 οε
1779 5427 1870 5480 τοῦ
1892 5427 2009 5496 βίου
2036 5447 2095 5491 ς.

2173 5430 2222 5502 ’ξ
2248 5428 2386 5502 οἷον]
2422 5430 2604 5502 malim
2632 5431 2660 5484 6
2693 5431 2831 5486 ἔστι.

2910 5436 2953 5465 ’⁸
2983 5451 3066 5487 σιν
3110 5435 3384 5505 ,ἀνδράχνη
3429 5436 3522 5488 καὶ
3551 5435 3606 5487 τὸ
3641 5433 3753 5485 εἴσω

1614 5476 1619 5477 ν
1666 5476 1683 5479 -
1733 5476 1744 5480 -
2046 5476 2094 5491 ο-
2254 5476 2352 5483 ---,
2634 5476 2658 5484 ν
2693 5476 2831 5486 --.η
2983 5476 3061 5487 -.,
3115 5476 3384 5505 ...Ὕηρη
3431 5476 3522 5488 η...
3560 5476 3605 5487 ,υ
3642 5476 3748 5485 ---ψ

544 5476 681 5540 δέῙοι
703 5497 823 5536 mox
848 5483 938 5536 τὸν
958 5484 1127 5542 ὼλε...
1162 5476 1358 5565 προφέ]
1386 5476 1591 5550 lacuum
1619 5496 1670 5549 in
1701 5495 1762 5550 C.
1800 5476 1902 5589 pro
1920 5498 2010 5550 τὸν
2037 5499 2160 5554 ὼλε.
2183 5476 2474 5589 βοιίιλιὴν
2499 5500 2761 5568 ὡμιλλαν.
2837 5506 2879 5535 ²⁷
2912 5504 3120 5575 εἰτινὰ]
3154 5508 3343 5559 lacuna
3371 5510 3423 5560 in
3450 5506 3517 5560 (Σ.
3584 5505 3625 5536 ³⁸
3662 5517 3749 5572 μη·

544 5547 734 5589 δέπηιγε-
787 5552 1012 5589 οινὲέηφω
1048 5558 1087 5589 l‘
1140 5562 1378 5589 ..-ΩΔ-,νη
1414 5582 1447 5589 -
1547 5567 1591 5589 oo
1641 5583 1691 5589 ---
1710 5567 1804 5589 _\_.
1897 5584 2061 5589 -A---”
2094 5571 2138 5589 :_
2209 5571 2220 5585 ν
2289 5572 2330 5589 ’,ι
2410 5572 2482 5589 ,9:
2713 5574 2750 5589 η
2874 5574 2923 5589 ο..

1411 5547 1488 5550 κ--
1621 5547 1667 5549 _,
1713 5547 1760 5550 tt
1841 5547 1891 5549 ν.
2054 5547 2075 5551 ε-
2104 5547 2160 5554 .-.
2190 5547 2354 5554 νη.--
2387 5547 2425 5554 -.
2456 5547 2468 5553 -
2502 5547 2761 5568 ﬁrmam.
2912 5547 2959 5557 -.
2988 5547 3120 5575 ...η

542 5547 735 5602 δέποτε
787 5552 1012 5621 μηδέπω
1048 5558 1109 5623 C,
1138 5547 1379 5629 μήδέἒτού
1409 5582 1469 5628 ς.
1547 5567 1591 5599 ²⁹
1622 5547 1829 5639 φησὶνἿ
1871 5568 2069 5622 lacuna
2094 5571 2144 5621 in
2181 5571 2244 5623 C.
2287 5572 2330 5602 ³ο
2355 5547 2693 5643 ποδάνιπτρα
2711 5574 2771 5627 C.
2799 5574 3099 5629 ποδάνιπτα
3136 5593 3197 5639 ς.

615 5713 823 5788 (43-41)
869 5715 1080 5774 Dictum
1110 5726 1287 5775 tamen
1320 5722 1384 5777 de
1419 5722 1531 5789 illo,
1572 5725 1946 5796 Xenophontis
1977 5658 2517 5789 orehﬁilsfsolocutas
2547 5732 2734 5789 videri.
2770 5734 2883 5791 (lic.
