4020 6410
176 390 259 456 m
1135 357 1664 451 BlBl.IO'l‘l—IEC.-\.
1705 417 1774 428 —
1819 391 1982 452 con.
2026 391 2372 456 CCLXXIX.

3306 378 3436 457 318'

175 497 424 558 καλεῖσθαι
451 501 546 550 ὼν
567 494 678 550 τῶν
711 494 805 550 επὶ
831 493 1049 566 θανάτῳ
1080 497 1599 552 καταδικασθέντων
1627 516 1720 568 φοο

1849 500 2075 555 nstituta
2132 501 2352 556 fuerunt
2411 499 2770 556 Panathenaa
2810 519 2823 555 :
2865 500 3063 556 deinde
3139 500 3418 560 Eleusinia

177 597 269 660 νέα,
290 591 648 661 δημόκοινον
669 588 728 640 δὲ
758 586 850 641 τὸν
871 589 1357 660 βασανιστήν.”υτι
1401 590 1602 656 ἱππεῖς
1633 590 1731 660 μὲν

173 689 252 742 καὶ
276 684 468 756 νομεῖς
517 683 600 737 δεῖ
632 682 864 754 γράφειν
895 684 992 736 καὶ
1026 684 1211 752 λέγειν
1239 687 1341 754 τὴν
1366 684 1587 739 εὐθεῖαν
1619 685 1731 738 τῶν

171 775 543 848 πληθυντικῶν,
595 774 781 834 οὐκέτι
829 775 886 828 δὲ
925 775 1152 839 καὶτὰς
1207 777 1544 841 αἰτιατικὰς,
1614 776 1730 830 ἁλλ’

171 868 358 932 ιππέας
393 866 485 919 καὶ
510 863 754 934 νομέας.
789 864 850 918 Et
870 864 926 917 δὲ
958 867 1052 918 καὶ
1081 865 1333 934 Ξενοφῶν
1369 868 1558 938 εἴρηκε
1586 867 1732 933 τοὺς

167 957 361 1027 νομεῖς,
403 955 558 1010 οὐδὲν
588 955 920 1027 θαυμαστὸν,
939 955 1081 1029 ἀνὴρ
1111 961 1168 1011 ὲν
1197 960 1508 1026 στρατείαις
1539 957 1732 1026 σχολά-

169 1053 258 1114 ζων
279 1051 367 1103 καὶ
394 1049 563 1114 ξένων
613 1048 924 1111 συνουσίαις
950 1049 1008 1100 εὖ
1054 1065 1177 1103 τινα
1227 1051 1576 1122 παρακόπτει
1631 1048 1733 1118 τῆς

168 1142 373 1213 πατρίου
402 1142 618 1211 φωνῆς·
650 1141 730 1194 διὸ
760 1139 1060 1211 νομοθέτην
1087 1142 1249 1196 αὑτὸν
1281 1142 1380 1195 οὐκ
1402 1142 1467 1195 ἄν
1494 1159 1580 1206 τις
1617 1141 1734 1196 Ἀτ-

166 1235 392 1302 τικισμοῦ
424 1233 751 1304 παραλάϐοι.
781 1233 907 1286 Ὅτι
940 1232 1136 1303 πρῶτα
1164 1232 1263 1303 μὲν
1284 1233 1354 1286 τὰ
1380 1232 1733 1304 Παναθήναια

172 1328 392 1394 συνέστη⁸
420 1321 540 1377 εἶτα
590 1324 658 1377 τὰ
693 1324 999 1379 Ἐλευσίνια
1031 1325 1125 1378 ἐπὶ
1171 1325 1341 1398 Πελία
1370 1327 1412 1358 ³⁸
1445 1326 1732 1399 τεθνηκότι

173 1416 467 1488 προῦθηκαν
495 1412 638 1470 ἆθλα
669 1415 950 1471 Θετταλοίο
979 1411 1101 1472 εἶτα
1124 1417 1194 1472 τὰ
1221 1419 1443 1489 Ἰσθμια
1494 1420 1588 1473 ἐπὶ
1617 1421 1733 1474 Με-

170 1508 386 1578 λικέρτῃ·
419 1507 619 1562 ἔπειτα
653 1510 682 1561 ό
707 1507 818 1561 τῶν
861 1508 1180 1578 Ὀλυμπίων
1211 1508 1360 1578 ἀγὼν
1390 1510 1565 1582 ἀρχὴν
1585 1511 1730 1582 λαμ-

171 1598 396 1669 όάνειὺφ’
426 1597 750 1670 Ἡρακλέος,
782 1593 904 1654 εἶτα
932 1600 1002 1654 τὰ
1048 1599 1225 1653 Νέτεα
1247 1600 1290 1632 ³⁸
1313 1601 1400 1654 ἐπ’
1418 1603 1733 1674 Ἀρχεμόρῳ

173 1691 384 1756 τεθέντα,
418 1686 544 1744 εἶτα
571 1692 714 1757 μετὰ
744 1691 805 1746 τὸ
827 1693 929 1764 τὴν
956 1692 1170 1765 Κίρραν
1221 1696 1410 1747 πεσεῖν
1436 1694 1504 1746 τὰ
1534 1694 1730 1749 Πύθια.

175 1784 275 1837 Ὀτι
298 1784 354 1836 τὸ
382 1782 746 1840 ποτνιᾶσθαι
781 1785 1114 1856 κυριώτερον
1147 1784 1242 1837 ἐπὶ
1263 1786 1518 1854 γυναικὸς
1543 1786 1735 1840 τάττε-

1839 602 2056 646 mortuo
2076 593 2239 648 Pelia
2267 595 2567 648 certamina
2602 592 2848 648 Thessali
2874 594 3264 652 instituerunt:
3297 609 3422 668 post

1835 683 2061 739 Isthmia
2095 686 2155 740 in
2213 687 2479 741 honorem
2525 685 2847 742 Melicerta:
2885 687 3016 744 inde
3059 689 3130 742 ab
3183 687 3420 746 Hercule

1836 777 2086 848 Olympia
2134 779 2368 834 :dehinc
2407 779 2646 844 Nemaa,
2683 789 2904 834 mortuo
2939 781 3212 835 Archemo
3268 801 3282 836 :
3319 799 3419 852 pn-

1837 880 2047 923 stremo
2095 879 2220 939 post
2257 886 2446 926 casum
2493 872 2723 935 Cirrha.
2755 872 2947 944 Pythia
2991 873 3235 928 instituta
3268 884 3418 928 sunt.

1837 959 2170 1015 Ποτνιᾶσθαι
2204 964 2424 1032 proprie
2461 963 2528 1018 de
2560 963 2768 1019 femina
2799 965 3024 1029 dicitur,
3059 964 3281 1034 quando
3319 967 3422 1018 ali-

1837 1050 1986 1121 quod
2019 1054 2226 1108 malum
2278 1056 2508 1124 patitur,
2548 1057 2906 1126 et‘supplicat
2936 1057 3072 1112 dea.
3107 1056 3166 1111 Si
3189 1058 3314 1128 quis
3355 1059 3424 1112 de

1837 1142 1958 1195 viro
1984 1145 2306 1198 ποτνιᾶσθαι
2346 1146 2512 1213 dicat,
2541 1157 2749 1216 peccat.

1909 1236 2088 1300 Μόνος
2113 1237 2416 1292 secundum
2465 1239 2858 1307 grammaticos
2892 1253 3000 1292 non
3046 1245 3418 1306 comparatur,

1839 1330 1962 1386 ideo
1997 1326 2306 1400 μονώτατος
2367 1329 2740 1384 solacismum
2783 1338 3000 1397 putant,
3040 1329 3142 1383 etsi
3206 1328 3422 1382 Aristu—

1838 1422 2048 1493 phanes
2077 1420 2429 1492 utatur-[(65).
2464 1418 2750 1490 Templum
2791 1419 3017 1474 Veneris
3054 1419 3106 1473 in
3139 1417 3424 1472 Thessalia

1837 1511 2060 1575 ἀνοσίας
2096 1521 2349 1574 vocatur,
2390 1511 2518 1580 quia
2565 1507 2788 1564 Laidem
2841 1511 3187 1564 meretricem
3225 1507 3423 1579 534a

1839 1604 1973 1660 illuc
2002 1604 2310 1659 venientem
2356 1603 2620 1658 mulieres
2659 1618 2824 1674 supra
2876 1602 3100 1657 modum
3152 1601 3421 1672 zclotypia

1839 1703 2148 1768 prosecuta
2194 1703 2358 1758 sunt,
2397 1703 2451 1750 et
2482 1694 2678 1765 ligneis
2733 1693 2989 1750 scabellis
3037 1708 3159 1748 eam
3213 1695 3425 1749 occide-

1839 1798 1988 1844 runt.
2017 1788 2136 1843 Mos
2175 1785 2280 1842 fuit
2302 1787 2736 1842 Atheniensibus
2771 1787 2912 1841 duos
2944 1787 3145 1841 habere
3167 1788 3424 1856 expiato-

172 1893 257 1940 ττι,
287 1876 450 1946 φησὶν
478 1876 548 1941 ³³,
579 1878 708 1930 ὅταν
739 1878 910 1931 κακόν
936 1895 990 1930 τι
1027 1877 1214 1949 πάσχῃ
1241 1878 1338 1930 καὶ
1370 1877 1590 1948 θήλειαν
1624 1879 1735 1932 ἱκε-

1849 1897 1962 1947 res;
1990 1897 2160 1935 unum
2209 1896 2311 1951 pro
2353 1880 2506 1943 viris,
2548 1879 2780 1934 alterum
2813 1893 2911 1948 pro
2936 1878 3186 1943 feminis;
3229 1878 3321 1947 qui
3358 1876 3427 1932 ad

173 1971 278 2041 τεύῃ
328 1971 484 2024 Θεόψ
562 1969 972 2040 ποτνιώμενον
1024 1971 1081 2024 δὲ
1131 1971 1302 2042 ἄνδρα
1357 1971 1423 2025 ἄν
1452 1988 1536 2036 τις
1586 1973 1736 2044 εἴπῃ,

178 2065 473 2134 ἁμαρτάνει.
517 2063 643 2117 Ὀτι
671 2063 733 2116 τὸ
756 2065 946 2133 μόνος
987 2063 1237 2118 ὲπίτασίν
1266 2081 1399 2134 φασι
1432 2063 1506 2134 μὴ
1535 2062 1744 2134 λαμϐά-

181 2173 267 2208 νειν
289 2158 332 2209 οἱ
373 2156 804 2228 γραμματικοίο
859 2157 941 2210 διὸ
987 2156 1048 2209 τὸ
1098 2155 1445 2225 μονώτατος
1498 2156 1742 2208 σόλοικον

187 2247 419 2314 ἡγοῦνται.
464 2247 863 2320 Ἀριστοφάνης
889 2248 935 2280 ³⁸
959 2247 1014 2300 δὲ
1048 2248 1197 2319 ὅμως
1221 2248 1486 2320 κέχρηται
1537 2250 1604 2318 τῇ
1638 2265 1745 2318 φω-

196 2342 263 2408 νῇ.
292 2339 392 2392 Ὀτι
413 2339 477 2392 τὺ
509 2342 569 2392 ἐν
602 2339 868 2411 Θετταλίᾳ
895 2340 1040 2410 ἱερὸν
1097 2340 1436 2411 Ἀφροδίτης
1475 2340 1742 2411 ὀνομάζε-

197 2444 270 2480 ται
289 2430 541 2498 ἀνοσίας,
572 2429 709 2485 διότι
735 2430 833 2502 τὴν
864 2431 1092 2503 ἑταίραν
1122 2432 1224 2503 τὴν
1243 2431 1416 2485 Λαΐδα
1434 2446 1744 2502 παραγενο·

202 2524 334 2593 μένην
371 2523 565 2577 αὐτόθι
611 2523 1028 2594 ἐζηλοτύπησαν
1061 2523 1310 2588 ἐκτόπως
1341 2525 1398 2577 αἱ
1453 2525 1740 2593 γυναῖκες,

193 2614 262 2666 καὶ
293 2615 517 2680 ξυλίναις
540 2615 714 2686 αὐτὴν
751 2613 1042 2668 ἀπώλεσαν
1065 2613 1351 2686 χελώναις.
1374 2616 1497 2668 Ὅτι
1526 2614 1649 2678 ἔθος
1689 2614 1735 2647 ⁸⁸

185 2701 238 2776 ἦν
266 2708 311 2759 ἐν
348 2707 606 2776 Ἀθήναις
638 2706 966 2777 φαρμακοὺς
1001 2706 1160 2776 ἄγειν
1185 2706 1313 2772 δύο,
1349 2705 1442 2760 τὸν
1482 2706 1582 2776 μὲν
1603 2705 1744 2777 ὑπὲρ

186 2802 370 2871 ἀνδρῶν,
394 2803 493 2855 τὸν
513 2802 574 2854 δὲ
604 2802 650 2834 ⁸⁸
693 2802 833 2870 ὑπὲρ
849 2801 1146 2868 γυναικῶν,
1169 2801 1307 2872 πρὸς
1336 2801 1428 2854 τὸν
1450 2799 1737 2870 καθαρμὸν

191 2893 646 2965 ἀγομένους.[1591
678 2891 886 2964 R.]Kal
913 2895 942 2947 ό
970 2893 1068 2964 μὲν
1095 2893 1204 2946 τῶν
1232 2891 1444 2967 ἀνδρῶν
1482 2891 1741 2963 μελαίνας

194 2985 365 3054 ἰσχάδας
393 2986 535 3057 περὶ
565 2985 655 3037 τὸν
705 2985 977 3056 τράχηλον
1031 2982 1168 3055 εἶχε,
1201 2983 1403 3046 λευκὰς
1440 2982 1485 3036 δ’
1519 2983 1737 3054 ἅτερος.

184 3080 445 3148 Συόἁκχοι
467 3080 511 3110 ³⁷
532 3079 612 3142 δὲ,
646 3079 833 3148 φησὶν,
858 3077 1222 3148 ὠνομάζοντο.
1253 3077 1327 3130 Τὸ
1363 3076 1420 3130 δὲ
1443 3077 1742 3145 καθάρσιον

1843 1973 2210 2043 expiationem
2254 1974 2607 2028 ducerentur.
2653 1972 2908 2027 Virorum
2941 1961 3194 2042 expiatur
3245 1972 3431 2042 nigras

1844 2065 2056 2120 caricas
2089 2066 2298 2121 circum
2331 2065 2530 2120 collum
2566 2063 2776 2128 habuit,
2815 2064 2952 2118 alter
2981 2079 3113 2118 vero
3147 2064 3320 2128 albas.
3362 2061 3429 2117 Et

1845 2155 2152 2228 ωμόάκχοι
2176 2156 2440 2211 nominati
2457 2163 2604 2212 sunt.
2627 2154 2752 2210 Hac
2774 2170 2904 2210 vero
2925 2149 3164 2225 expiatio
3182 2155 3345 2209 tiebat
3362 2154 3429 2208 ad

1844 2252 2162 2322 pestilentes
2207 2250 2434 2304 morbos
2481 2247 2832 2318 depcllendos
2883 2257 2988 2302 :et
3023 2247 3093 2302 ab
3140 2246 3433 2316 Androgeo

1843 2344 2064 2400 Creensi
2125 2342 2344 2398 initium
2409 2340 2643 2410 sumpsit
2702 2355 2870 2409 :quo
2942 2340 3132 2409 inique
3200 2338 3434 2394 Athenis

1843 2436 2153 2501 interfecto,
2182 2433 2544 2488 Athenienses
2570 2441 2722 2502 peste
2739 2431 3094 2485 laborarunt:
3129 2439 3185 2484 et
3203 2431 3434 2485 invaluit

1845 2529 1936 2584 hic
1967 2529 2107 2583 ritus
2152 2525 2422 2581 lustrandi
2455 2526 2648 2580 urbem
2695 2533 2956 2595 perpetuo
3003 2523 3431 2592 expiationibus.

1845 2619 2048 2692 Ὀργὰς
2067 2618 2288 2690 quidem
2317 2617 2682 2672 communiter
2706 2615 2888 2670 omnis
2909 2615 3110 2669 dicitur
3137 2622 3283 2668 terra
3309 2631 3434 2684 qua

1844 2723 1927 2769 est
1977 2721 2103 2783 apta
2155 2711 2225 2766 ad
2275 2709 2491 2765 l‘ructus
2545 2704 3200 2778 procreandoszdpyaaa
3250 2715 3432 2760 autem

1853 2808 2073 2878 proprie
2109 2805 2474 2860 Athenienses
2526 2811 2728 2857 vocant
2772 2810 3001 2867 terram,
3025 2818 3150 2872 qua
3177 2809 3261 2856 est
3295 2801 3437 2854 inter

1845 2900 2083 2956 Atticam
2125 2907 2182 2954 et
2234 2896 2565 2967 Megaridem
2619 2894 2837 2951 duabus
2895 2904 3169 2972 sacratam
3201 2893 3435 2948 deabus.

1846 2986 2324 3058 Quemadmodum
2405 2996 2460 3042 et
2525 2984 2685 3041 Idam
2767 2986 3139 3041 communiter
3215 2983 3438 3054 quidem

1848 3094 2299 3152 unumquemque
2326 3088 2570 3133 montem
2600 3121 2617 3145 ,
2647 3077 2794 3132 unde
2817 3077 3079 3132 inferiora
3111 3086 3438 3144 cernuntur,

179 3169 302 3223 τοῦτο
328 3168 604 3240 λοιμικῶν
635 3167 810 3222 νόσων
845 3168 1294 3240 ἀποτροπιασμὸς
1319 3165 1410 3239 ἦν,
1439 3167 1608 3221 λαϐὸν
1638 3167 1739 3237 τὴν

1850 3173 2070 3244 proprie
2128 3185 2261 3226 vero
2313 3168 2486 3225 Creta
2535 3178 2590 3223 et
2655 3166 2835 3238 Troia
2890 3175 3129 3223 montes.
3189 3167 3253 3222 Et
3327 3167 3440 3239 ῥίον

175 3263 315 3333 ἀρχὴν
362 3262 482 3318 ἀπὸ
527 3261 828 3333 Ἀνδρόγεω
867 3259 961 3314 τοῦ
1015 3261 1257 3332 Κρητὸς,
1297 3254 1378 3324 ,οὗ
1412 3261 1739 3331 τεθνηκότος

180 3352 224 3401 ἑν
247 3356 352 3417 ταῖς
398 3351 661 3422 Ἀθήναις
697 3351 1030 3423 παρανόμως
1059 3351 1158 3421 τὴν
1196 3351 1452 3422 λοιμικὴν
1471 3351 1740 3422 ἐνόσησαν

177 3445 212 3496 ol
247 3446 519 3516 Ἀθηναῖοι
550 3444 728 3511 νόσον,
753 3446 848 3497 καὶ
867 3445 1088 3516 ἐκράτει
1112 3444 1173 3497 τὸ
1199 3443 1320 3507 ἔθος
1357 3445 1443 3497 ἀεὶ
1466 3443 1749 3513 καθαίρειν

175 3537 252 3607 τὴν
269 3538 421 3591 πόλιν
442 3540 554 3600 τοῖς
579 3536 1048 3607 φαρμακοῖς.”υτι
1070 3535 1250 3605 ὀργὰς
1270 3536 1368 3606 μὲν
1385 3534 1599 3600 κοινῶς,
1620 3537 1756 3605 φησὶ

176 3631 340 3700 πᾶσαη
364 3629 467 3698 γῆ,
491 3629 592 3699 ὅση
614 3628 894 3698 ἐπιτηδεία
912 3628 1046 3699 πρὸς
1073 3626 1301 3698 καρπῶν
1318 3626 1513 3703 γονάς’.
1529 3625 1751 3697 ὀργάδα

173 3721 218 3774 δὲ
234 3723 362 3786 ἰδίως
386 3722 625 3776 ἐκάλουν
648 3723 698 3774 οἱ
716 3721 986 3792 Ἀθηναῖοι
1014 3721 1114 3790 τὴν
1140 3723 1262 3773 ταῖν
1285 3719 1436 3772 θεαῖν
1459 3719 1754 3790 ἀνειμένην

173 3814 254 3883 τῆς
291 3813 550 3883 Ἀττικῆς
588 3813 792 3884 μεταξὺ
816 3813 912 3866 καὶ
953 3813 1053 3881 τῆς
1091 3811 1419 3883 Μεγαρίδος.
1446 3810 1638 3882 ὥσπερ
1662 3811 1756 3864 καὶ

176 3905 320 3974 Ἰεην
339 3908 444 3976 μὲν
460 3905 655 3968 κοινῶς
670 3904 902 3959 ἕκαστον
924 3903 1070 3975 ὅρος,
1088 3903 1148 3968 ἐξ
1164 3898 1224 3958 οὗ
1244 3903 1427 3976 ῥᾴδιόν
1453 3905 1601 3955 ἐστιν
1626 3903 1754 3955 ἰδεῖν

173 3996 232 4050 τὰ
257 4001 430 4061 κάτω,
467 3999 614 4062 ἰδίως
639 3999 696 4052 δὲ
747 3997 975 4068 Κρήτης
1009 4013 1069 4048 τε
1110 3997 1203 4049 καὶ
1231 3995 1433 4066 Τροίας
1477 3994 1604 4066 ὅρη.
1635 3996 1746 4048 Καὶ

168 4090 290 4155 ῥίον
323 4093 448 4162 μὲν,
505 4091 662 4161 φησὶ,
694 4090 926 4160 λέγομεν
974 4089 1118 4142 ἅπαν
1147 4087 1327 4156 ὅρους
1378 4089 1746 4158 ἀκρωτήριον,

181 4182 308 4248 ἰδίως
352 4184 412 4238 δὲ
441 4182 503 4236 τό
534 4182 881 4253 Μολυκρικόν
905 4181 955 4212 ³⁸
975 4220 992 4236 .
1026 4180 1138 4233 Ka‘t
1193 4179 1388 4250 ἰσθμὸς
1417 4180 1516 4250 μὲν
1549 4177 1747 4244 κοινῶς

175 4275 306 4328 ἆπαν
337 4277 401 4330 τὸ
433 4277 539 4329 ὑπὸ
578 4276 724 4330 δυοῖν
751 4273 1006 4343 πελαγῶν
1055 4273 1471 4345 περιεχόμενον,
1507 4272 1652 4337 ἰδίως
1689 4272 1751 4325 δὲ

175 4364 228 4417 τὸ
250 4369 446 4438 χωρίον
486 4368 627 4438 ὅπερ
685 4367 853 4436 ίσθμὰ
891 4365 1168 4436 Κορίνθιοι
1190 4364 1317 4438 [875
1346 4363 1442 4436 Η.]
1469 4364 1744 4433 λέγουσιν.

183 4458 449 4523 Ὡσαύτως
473 4462 568 4514 καὶ
594 4461 924 4530 χερρόνησος
950 4457 1146 4522 κοινῶς
1181 4458 1280 4529 μὲν
1309 4460 1418 4512 πᾶν
1440 4458 1500 4510 τὸ
1531 4458 1636 4510 ὑπὸ
1662 4456 1758 4510 θα-

1853 3280 2077 3320 omnem
2141 3264 2347 3319 montis
2407 3262 2654 3316 verticem
2705 3261 2981 3325 dicimus,
3040 3259 3261 3330 proprie
3312 3273 3443 3311 vero

1854 3356 2188 3425 Molycrion.
2249 3354 2518 3410 Isthmum
2582 3352 2748 3407 etiam
2818 3352 3212 3412 communiter,
3280 3365 3444 3404 omne

1801 3485 1803 3488 -
1852 3448 1996 3518 quod
2027 3447 2230 3517 duplici
2263 3447 2524 3516 utrinque
2551 3446 2688 3500 mari
2726 3445 3024 3507 clauditur,
3065 3445 3282 3512 proprie
3317 3459 3446 3497 vero

1854 3538 2037 3593 locum
2125 3553 2288 3608 quem
2368 3535 2573 3592 lsthma
2628 3535 2899 3590 Corinthii
2967 3543 3190 3590 vocant.
3280 3533 3447 3589 Simi-

1855 3631 1979 3687 liter
2055 3639 2112 3688 et
2175 3629 2560 3686 Chersonesus
2635 3624 3011 3684 communiter
3073 3643 3235 3682 omne
3298 3627 3445 3696 quod

1863 3725 2106 3780 maxima
2143 3731 2300 3794 parte
2350 3737 2504 3778 mare
2554 3720 2854 3784 clauditur,
2907 3729 2964 3775 et
3011 3719 3080 3774 ab
3132 3736 3242 3774 una
3295 3730 3448 3790 parte

1857 3817 2148 3872 continens
2175 3823 2301 3880 est,
2329 3814 2552 3885 proprie
2583 3829 2714 3868 vero
2752 3813 2910 3868 locus
2952 3811 3220 3868 Thracia.
3254 3812 3321 3866 Et
3349 3813 3448 3865 Al-

1855 3909 2044 3978 γιὰλον
2075 3909 2297 3979 quidem
2329 3917 2384 3964 et
2427 3907 2603 3978 ἀκτὴν
2642 3906 3013 3962 communiter
3050 3905 3234 3960 omnia
3265 3906 3448 3960 littora

1856 4014 2140 4063 vocamus,
2173 3998 2393 4068 proprie
2449 4013 2581 4052 vero
2638 3997 2876 4051 Atticam
2911 3995 3085 4065 ἀκτὴν
3136 3996 3444 4049 nominant.

1864 4089 2130 4145 Similiter
2151 4098 2205 4145 et
2239 4089 2498 4159 Αίγιάλον
2528 4089 2854 4159 simpliciter
2883 4089 3074 4142 dicunt
3098 4087 3276 4140 locum
3300 4089 3447 4140 cirra

1858 4185 2081 4241 llclicen
2119 4184 2484 4248 maritimum,
2520 4197 2644 4236 cum
2679 4181 2752 4235 sit
2774 4179 3017 4243 Achaia,
3043 4179 3188 4232 unde
3220 4178 3451 4232 Achaos

1858 4272 2156 4343 Αἰγιαλοὺς
2196 4272 2420 4342 quidam
2462 4269 2740 4340 appellare
2789 4267 2988 4322 solent.
3018 4267 3286 4336 Ἦπειρος
3324 4280 3448 4320 om-

1860 4368 1947 4422 nis
2005 4374 2183 4430 terra,
2247 4362 2446 4432 Epirus
2499 4375 2631 4421 vero
2691 4360 2912 4429 proprie
2967 4367 3018 4412 et
3069 4357 3449 4427 'l‘hesprotias.

1860 4458 2177 4530 Anticyram
2199 4497 2215 4523 ,
2241 4455 2333 4510 ubi
2386 4455 2571 4508 album
2625 4451 2962 4507 helleborum
2997 4450 3268 4515 nascitur,
3301 4450 3451 4503 nullo

175 4546 364 4618 λάσσης
395 4551 492 4603 ἐπὶ
522 4549 778 4602 πλεῖστον
806 4548 1219 4619 περιεχόμενον,
1245 4546 1350 4601 καθ
1368 4548 1381 4567 ’
1407 4547 1469 4599 ἓν
1501 4547 1556 4600 δὲ
1585 4546 1741 4618 μέρος

1857 4552 1986 4609 alibi
2017 4557 2302 4605 crescente
2343 4546 2674 4602 deteriorem
2712 4547 2908 4602 urbem
2956 4543 3296 4600 Phocensem
3331 4559 3453 4598 esse

174 4641 231 4708 τῇ
257 4643 325 4711 γῇ
376 4641 804 4710 συναπτόμενον
864 4640 959 4692 καὶ
990 4637 1120 4692 ἴδιον
1161 4637 1218 4690 δὲ
1277 4638 1450 4708 ὄνομα
1506 4637 1748 4708 Θρᾳκίου

175 4733 352 4787 τόπου.
389 4734 501 4787 Καὶ
528 4731 806 4800 αἰγιαλὸν
849 4731 947 4800 μὲν
974 4731 1068 4784 καὶ
1095 4731 1269 4801 ἀκτὴν
1300 4728 1488 4793 ἁπλῶς
1518 4730 1589 4782 τὰ
1639 4748 1747 4783 πα·-

179 4824 500 4894 ραθαλὰττια
534 4825 714 4877 πάντα
741 4823 996 4894 λέγομεν,
1035 4820 1349 4894 ἰδικώτερον
1375 4820 1432 4873 δὲ
1489 4821 1588 4892 τὴν
1631 4822 1754 4873 Ἀτ-

178 4916 322 4986 τικὴν
345 4918 542 4982 ἀκτὴν
563 4917 836 4984 λέγουσιν.
882 4913 1155 4978 Ὡσαύτως
1180 4915 1274 4968 καὶ
1300 4914 1588 4982 Αἰγιαλὸν
1651 4913 1739 4979 ἐξ·

179 5008 460 5077 ῃρημένως
481 5005 618 5074 φασὶ
650 5006 710 5058 τὸ
737 5004 866 5075 περὶ
891 5003 1223 5075 τὴνἘλίκην
1256 5003 1522 5072 παράλιον
1567 5003 1751 5073 μέρος·

182 5099 283 5151 ἔστι
308 5100 365 5153 δὲ
387 5101 488 5172 τῆς
506 5100 753 5170 Ἀχαΐας,
777 5099 868 5167 ἀφ’
897 5091 960 5151 οὗ
979 5096 1220 5160 καὶτοὺς
1282 5095 1536 5166 ’Δχαιοῦς
1556 5097 1758 5163 Αἰγια-

1857 4645 2006 4701 dicit.
2063 4641 2124 4696 ln
2175 4639 2538 4709 sequentibus
2565 4639 2748 4709 quarti
2801 4637 2952 4702 libri,
2986 4637 3449 4707 apophthegmata

1858 4731 2118 4786 nonnulla
2145 4727 2335 4795 refert,
2379 4736 2434 4782 et
2466 4719 2789 4797 argumenta
2840 4731 3089 4797 quadam
3141 4726 3443 4780 Athenien-

1858 4827 2001 4882 sium
2058 4822 2463 4886 humanitatis,
2513 4820 2945 4886 misericordia,
2997 4819 3324 4890 prudentia,
3392 4825 3449 4869 et
3496 4858 3506 4868 .

1859 4915 2042 4972 decori
2072 4930 2239 4980 cura,
2270 4914 2522 4982 aliusque
2570 4913 2917 4968 sanctitatis:
2959 4911 3100 4966 unde
3133 4911 3295 4964 etiam
3333 4908 3449 4962 hac

1862 5016 2010 5063 sunt.
2072 5005 2307 5076 Fugiens
2353 5007 2663 5079 accipitrem
2725 5004 2959 5059 struthio
3020 5003 3074 5056 in
3141 5001 3446 5068 Areopago.

1876 5099 1971 5151 uni
2001 5099 2344 5169 Areopagita
2397 5100 2452 5154 in
2505 5101 2686 5156 sinum
2723 5097 2963 5162 decidit;
3022 5095 3112 5148 ille
3162 5092 3450 5163 perfugam

181 5192 297 5260 λεῐς
319 5193 362 5227 ³⁵
390 5195 534 5258 τινὲς
559 5193 786 5246 εἰώθασι
848 5191 1057 5245 καλεῖν.
1082 5189 1194 5242 Καὶ
1226 5187 1333 5259 μὴν
1380 5187 1476 5240 καὶ
1513 5185 1741 5257 ἤπειροι

1871 5189 2088 5262 5341),
2120 5207 2245 5246 cum
2281 5208 2503 5249 servare
2528 5193 2846 5256 debuisset,
2875 5187 3174 5244 interfecit.
3212 5184 3460 5240 Senatus

1477 5326 1712 5382 VARIIE
1755 5327 2162 5388 LECTIONES.

313 5422 470 5511 πελίᾳ
611 5420 805 5511 πελεία
827 5438 914 5511 lg.”
963 5421 1008 5453 ³¹
1040 5420 1242 5511 ν-ἐμαια
1277 5437 1366 5511 ti.“
1417 5419 1898 5511 “.Cl‘hltuhn‘lfen.
1923 5422 1995 5511 ad
2035 5424 2176 5508 Tim.
2211 5443 2263 5495 p.
2289 5426 2422 5510 221.
2481 5424 2884 5511 ."":A8t5:10<p.]
2910 5423 3054 5508 Plut.
3086 5493 3103 5511 κ
3133 5422 3178 5454 ³⁵
3226 5419 3347 5511 ἒθρς
3378 5450 3450 5464 -

184 5490 291 5567 δύο]
321 5490 456 5547 ιιοιιί
499 5495 808 5567 trimetrum
835 5491 928 5567 lcl‘.
980 5491 1161 5567 p.555
1190 5494 1242 5567 b_.
1278 5492 1392 5563 42).
1425 5490 1676 5567 similiter
1699 5490 1852 5567 infra
1879 5490 2296 5567 περὶ-ἅτερος,
2325 5507 2378 5551 et
2401 5499 2494 5550 ἀπ’
2544 5490 2842 5567 Ἀνδρόγεω
2871 5490 2926 5550 et
2957 5491 3337 5567 analogiam
3356 5511 3373 5553 ·,
3404 5498 3460 5541 οι

187 5558 359 5614 ἁε“ι’--
379 5565 710 5633 φαρμακοῖς,
731 5558 992 5633 (Ἀκτὴν-ζ
1029 5561 1301 5631 Ἀττικῆς,
1337 5558 1388 5618 et
1433 5561 1577 5633 ἰδίως
1612 5560 1668 5612 δὲ
1699 5558 1812 5633 [τὰ]

194 5633 244 5684 in
284 5634 346 5689 C.
395 5629 752 5704 ’"auéaxxm
774 5632 814 5687 C
844 5629 1192 5702 ε’συμὸἀκχοι
1239 5629 1304 5694 ς.
1382 5635 1427 5666 ³⁸
1459 5629 1791 5702 μολυκρικὸν
1822 5631 1864 5685 C

1837 5561 2044 5638 _—§Qq_,
2074 5577 2136 5638 et
2168 5561 2363 5638 ἱερακα
2387 5596 2460 5608 -
2480 5561 2680 5636 πάγῳ(
2700 5561 2876 5631 ἄγειν.
2911 5635 2920 5638 Α
2952 5561 3116 5619 ³⁵’τὸν
3157 5561 3238 5633 δὲ]
3264 5561 3458 5616 lacuna

1889 5651 1902 5686 :
1934 5635 2243 5708 Μολύκριον
2275 5655 2336 5702 ς.
2413 5639 2458 5671 ³⁸
2492 5635 2776 5708 αἰγιαλοὺς
2800 5635 2944 5692 libri.

1737 5744 1973 5808 NOTAS.

261 5863 375 5931 (85)
412 5862 586 5922 Utitur
617 5863 710 5920 illo
741 5873 795 5920 et
822 5860 1174 5929 Theocritus,
1209 5873 1262 5918 et
1299 5861 1436 5918 LXX
1479 5865 1818 5933 interpretes.
