3856 6298
548 330 659 397 31')

1646 295 1910 397 PHOTDPII
1948 334 2463 396 PA'FliIARCHZE
2501 335 2609 395 CP.

3726 330 3823 394 320

550 449 813 506 indicavit
853 449 1000 504 hunc
1034 457 1093 503 ut
1145 449 1240 520 qui
1284 448 1451 520 impie
1506 448 1715 505 fecerit.
1763 451 1919 505 Dedit
1966 450 2132 521 igitur

2249 450 2336 503 tév
2356 450 2508 502 πᾶσα
2534 449 2568 519 ἡ
2591 447 2684 516 γῆ·
2712 446 2993 513 Ἦπειρος
3014 444 3072 497 δὲ
3097 442 3246 506 ἰδίως
3268 441 3370 496 καὶ
3397 442 3432 510 ὴ
3461 439 3819 515 Θεσπρωτιᾱς,

549 558 744 613 poenas
774 559 879 595 unn
907 543 1239 597 struthionis
1278 544 1478 614 gratia,
1506 543 1602 599 sed
1626 544 1698 598 ob
1724 544 2130 601 crudelitatem.

555 636 922 692 Humanitatis
955 636 1173 705 (ιο-47)
1202 636 1328 691 item
1347 646 1402 690 et
1433 637 1929 694 commiserationis
1948 652 2133 693 exem-

554 730 703 797 plum
754 729 1177 783 Demosthenem
1228 727 1459 788 inducit,
1492 736 1816 783 accusatum
1858 729 1929 785 ob
1961 745 2130 799 pecu-

556 822 701 875 niam
727 836 891 891 quam
916 822 986 874 ab
1018 820 1253 889 Harpalo
1285 830 1594 891 acceperat,
1614 837 1778 892 quem
1808 824 1920 893 jam
1949 823 2134 893 fugam

556 916 943 974 adol-nantem,
980 915 1351 969 Athenienses
1371 915 1740 978 retinuerunt,
1774 927 1830 971 et
1854 917 2137 986 trepidan-

557 1018 665 1063 tem
741 1012 1242 1064 circumsteterunt.
1298 1009 1697 1080 Unusquisque
1762 1010 1970 1081 aliquid
2033 1012 2138 1067 sub

560 1103 722 1156 axilla
759 1114 951 1157 tenens
990 1102 1064 1155 illi
1100 1119 1200 1172 pro
1229 1103 1432 1158 viatico
1455 1102 1625 1165 dedit,
1667 1104 1755 1157 hic
1794 1119 2016 1166 aurum,
2049 1103 2139 1160 ille

559 1204 865 1264 argentum,
896 1204 951 1249 et
980 1196 1277 1251 clementer
1310 1196 1461 1251 illum
1490 1196 1844 1261 dimiserunt,
1880 1197 2137 1267 bonoque

556 1299 680 1337 esse
711 1283 1224 1352 animojusserunt,
1259 1295 1312 1338 et
1343 1284 1707 1338 calamitatem
1736 1283 1949 1338 fortiter
1976 1283 2137 1336 ferre.

558 1375 655 1429 Ille
683 1374 1001 1445 suspirans:
1025 1377 1335 1443 Quomodo,
1369 1376 1742 1445 inquityferre
1764 1385 1955 1446 potero
1980 1375 2140 1431 talem

557 1466 817 1521 deserens
862 1466 1078 1530 urbem,
1116 1467 1170 1521 in
1223 1483 1328 1537 qua
1364 1469 1519 1522 mulli
1569 1468 1707 1523 tales
1756 1476 1888 1523 sunt
1932 1468 2139 1533 hostes,

558 1558 753 1627 quales
782 1558 910 1611 alibi
958 1559 1166 1614 amicos
1190 1560 1311 1629 quis
1346 1575 1452 1614 non
1485 1559 1744 1628 reperiat.
1773 1558 1889 1614 Hoc
1928 1560 2141 1630 ap0ph-

561 1644 781 1714 thegma
815 1644 1133 1701 [Eschinem
1173 1648 1381 1703 dixisse
1410 1648 1636 1717 quidam
1670 1648 1894 1712 ferunt,
1922 1651 2143 1719 quando

562 1735 863 1799 fugientem
912 1739 1183 1810 arripiens
1228 1740 1649 1808 Demosthenes,
1701 1750 1758 1797 et
1813 1742 2049 1798 amicum
2086 1758 2146 1799 se

562 1828 879 1893 ostendens,
934 1804 1186 1886 hortatus
1236 1841 1320 1887 est
1369 1832 1437 1886 ad
1501 1804 1871 1887 calamitatem
1933 1804 2221 1886 fortiterB

566 1921 869 1978 ferendam.
917 1924 982 1978 Et
1032 1922 1312 1978 Calliclem
1356 1926 1408 1979 in
1450 1926 1639 1980 eadem
1687 1943 1851 1983 causa
1884 1925 2148 1996 pecunia-

564 2031 687 2069 rum
751 2016 971 2089 Harpali
1037 2030 1391 2089 suspectum,
1454 2036 1577 2077 cum
1632 2022 1831 2078 adduci
1895 2023 2152 2093 juberent

563 2110 944 2181 Areopagitae,
1027 2112 1095 2167 ad
1177 2114 1398 2169 domum
1458 2115 1781 2172 accedentes
1834 2116 1930 2186 qui
1992 2118 2149 2174 missi

564 2198 823 2265 fuerant,
874 2201 966 2255 ubi
1015 2203 1347 2258 vestibulum
1381 2214 1708 2260 coronatum
1757 2206 2049 2273 viderunt,
2094 2217 2150 2263 et

566 2290 787 2359 cognito
843 2292 1065 2360 nuptias
1118 2292 1270 2346 illum
1325 2294 1438 2363 jam
1470 2294 1755 2350 celebrare
1783 2335 1799 2361 ,
1832 2297 2149 2353 desinentes

565 2397 814 2450 quaerere
848 2382 1122 2438 abierunt.
1147 2381 1263 2437 Non
1297 2384 1442 2437 enim
1475 2400 1692 2454 aequum
1726 2400 1851 2441 esse
1873 2387 2151 2443 duxerunt

564 2474 632 2527 ad
667 2474 946 2528 mulierem
1000 2476 1210 2545 ingredi
1256 2493 1379 2547 qua:
1412 2479 1714 2548 nupsisset.
1757 2480 1896 2535 Cum
1956 2490 2150 2537 contra

566 2564 881 2636 Philippum
915 2568 1284 2624 Athenienses
1320 2570 1522 2625 bellum
1560 2585 1833 2643 gererent,
1865 2584 1919 2627 et
1948 2576 2151 2631 multas

565 2658 830 2726 epistolas
877 2659 999 2728 ejus
1049 2661 1116 2715 ad
1156 2663 1337 2716 varios
1372 2663 1825 2734 intercepissent,
1859 2668 1996 2723 alias
2027 2669 2152 2738 qui-

566 2748 690 2803 dem
726 2749 782 2804 in
831 2763 1102 2807 conventu
1149 2753 1433 2822 legerunt,
1470 2772 1595 2811 cum
1627 2774 1758 2813 vero
1785 2761 2034 2829 quaedam
2072 2761 2154 2817 sic

567 2839 831 2910 inscripta
893 2852 1037 2897 esset
1087 2863 1101 2899 :
1156 2844 1445 2916 Philippus
1505 2847 1849 2920 Olympiadi,
1914 2852 2152 2922 p0pulus

569 2931 737 2985 simul
771 2934 1137 3003 acclamavit,
1197 2953 1268 2993 ne
1317 2941 1594 3008 aperirent
1649 2957 1828 3011 neque
1870 2942 2149 3013 legerent,

568 3021 714 3089 quod
752 3032 1012 3091 putarent
1064 3036 1275 3081 secreta
1325 3028 1430 3082 viri
1479 3044 1603 3084 cum
1639 3046 1814 3086 uxore
1839 3034 2153 3090 communi-

2235 540 2362 596 ’Ὀτι
2376 541 2475 610 τὴν
2501 540 2843 611 Ἀντίκυραν,
2865 539 2923 591 ὲν
2946 531 3407 613 φασιίγίνεσθαι
3431 534 3527 587 τὸν
3547 534 3735 588 λευκὸν
3754 540 3824 590 ἐλ-

2234 633 2455 703 λέϐορον
2476 632 2687 695 οὐδενὸς
2704 631 2873 701 χείρω
2918 630 3029 684 τῶν
3054 628 3321 698 ἀλλαχόθι
3357 626 3690 697 γινομένων,
3718 630 3823 682 Φω-

2236 724 2396 793 κικὴν
2420 719 2556 776 εἶναι
2581 722 2736 775 πόλιν
2756 719 3054 788 λέγει.“οτι
3075 719 3134 771 ὲν
3164 720 3280 781 τοῖς
3304 717 3510 786 ἑφεξῆς
3535 715 3630 769 τοῦ
3648 718 3824 789 τετάρ-

2236 832 2331 869 του
2391 814 2552 882 λόγου
2577 811 2982 882 ἀποφθέγματά
3004 829 3126 865 τινα
3154 810 3310 879 λέγει
3350 809 3450 862 καὶ
3482 807 3723 879 σύμϐολα
3738 810 3824 880 τῆς

2250 907 2553 977 Ἀθηναίων
2580 904 2995 977 φιλανθρωπίας
3022 921 3083 957 τε
3116 904 3211 956 καὶ
3236 919 3304 955 συ
3314 900 3601 976 μπαθείοες
3622 902 3711 953 καὶ
3740 905 3824 973 τῆς

2239 999 2495 1071 προνοίας
2511 1000 2606 1052 καὶ
2627 996 2946 1068 ἐπιμελείας
2963 994 3058 1049 τοῦ
3081 995 3399 1066 πρέποντος
3431 993 3528 1046 καὶ
3553 993 3654 1063 τῆς
3677 993 3823 1064 ἄλλης

2239 1093 2536 1162 ὁσιότητος·
2567 1084 2643 1146 ὧν
2664 1089 2781 1143 tati.
2800 1090 2895 1144 καὶ
2913 1089 3107 1143 ταῦτα’
3143 1088 3373 1160 Ἱέρακα
3404 1083 3628 1155 φεύγων
3652 1103 3824 1157 στρου-

2242 1190 2333 1253 θός
2363 1190 2422 1240 ἐν
2459 1187 2652 1259 Ἀρείῳ
2679 1186 2840 1257 πάγῳ
2870 1186 2979 1239 τῶν
3013 1183 3432 1254 Ἀρεοπαγιτῶν
3463 1181 3585 1247 ἑνὸς
3614 1184 3824 1237 κατέπε-

2244 1299 2338 1334 σεν
2369 1282 2450 1344 εἰς
2481 1280 2574 1333 τὸν
2599 1279 2818 1332 κόλπον·
2845 1277 2875 1331 ό
2899 1278 2956 1332 δὲ
2981 1278 3073 1331 τὸν
3104 1276 3435 1348 πρόσφυγα,
3463 1273 3586 1328 δέον
3620 1275 3820 1338 σώζειν,

2242 1374 2441 1427 ἀνεῖλε·
2467 1372 2530 1425 τὸ
2553 1371 2611 1425 δὲ
2640 1370 2916 1441 συνέδριον
2944 1368 3301 1441 ἀπεκήρυξεν
3327 1366 3408 1431 ὡς
3438 1367 3541 1438 ούχ
3567 1366 3687 1421 ὅσια
3710 1368 3823 1439 δρά-

2246 1484 2417 1520 σαντα
2465 1464 2679 1518 τοῦτον.
2718 1463 2931 1518 Ἔδωκε
2987 1462 3167 1515 τοίνυν
3189 1461 3318 1531 οὐχὶ
3374 1458 3642 1529 στρουθοῦ
3679 1462 3824 1531 χάριν

2243 1557 2421 1625 δίκην,
2446 1555 2548 1624 τῆς
2569 1554 2626 1608 δ’
2657 1553 2984 1624 ἰταμότητος
3012 1552 3121 1606 τῶν
3146 1552 3397 1623 τρόπων.
3427 1550 3821 1621 Φιλανθρωπίας

2244 1650 2305 1704 δὲ
2332 1650 2378 1681 ⁸ο
2409 1649 2505 1702 καὶ
2544 1646 2889 1718 συμπαθείας
2921 1645 3295 1717 παράδειγμα·
3332 1642 3430 1697 τὸν
3469 1643 3819 1713 Δημοσθένην,

2249 1744 2437 1815 φησὶν,
2470 1743 2565 1796 ἐπὶ
2597 1743 2712 1804 τοῖς
2774 1739 3119 1812 Ἁρπαλείοις
3167 1738 3461 1809 χρήμασιν
3504 1735 3685 1791 αἰτίαν
3740 1737 3818 1792 λα-

2252 1836 2417 1889 ϐόντα
2452 1836 2547 1888 καὶ
2577 1832 2800 1903 φεύγειν
2837 1832 3099 1903 μέλλοντα
3146 1831 3415 1898 συνέσχον
3456 1827 3561 1898 μὲν
3602 1829 3651 1881 οἰ
3681 1830 3818 1899 Ἀθη-

2254 1930 2395 1981 ναῖοι
2429 1927 2523 1980 καὶ
2556 1926 2917 1997 περιστάντες
2943 1919 3090 1996 εἶχον
3129 1924 3173 1956 δί
3195 1922 3577 1995 ὀρρωδοῦντα,
3611 1921 3818 1988 ἕκαστος

2251 2022 2296 2075 δ’
2319 2020 2427 2075 ύπδ
2455 2021 2630 2092 μάλης
2657 2020 2867 2091 ἔχωντι
2893 2020 2973 2082 εἰς
3011 2017 3221 2087 ἑφόδιον
3256 2015 3533 2081 ἐπεδίδου,
3564 2017 3592 2069 ὁ
3626 2015 3719 2086 μὲν
3739 2017 3820 2086 ἀρ-

2251 2114 2461 2187 γύριον,
2478 2117 2506 2168 ό
2533 2114 2591 2168 δὲ
2611 2113 2853 2185 χρυσίον,
2871 2111 2967 2165 καὶ
2985 2109 3356 2182 προύπεμπον
3384 2106 3552 2163 αύτδν
3577 2107 3815 2178 εὐμενῶς,

2251 2212 2348 2265 καὶ
2384 2211 2607 2282 θαρρεῖν
2633 2207 2881 2262 ἐκέλευον
2909 2208 3004 2260 καὶ
3029 2204 3217 2277 φέρειν
3250 2204 3353 2274 τὴν
3406 2202 3692 2272 συμφορὰν
3710 2220 3815 2268 γεν-

2251 2304 2437 2368 ναίως·
2466 2304 2495 2357 ό
2514 2304 2569 2357 δὲ
2589 2301 2977 2368 ἀναστενάξας,
3004 2302 3159 2367 Πῶς,
3189 2300 3321 2372 ἔφη,
3347 2298 3557 2369 φέρειν
3578 2297 3813 2365 δυνήσο-

2248 2417 2375 2469 μαι,
2423 2398 2712 2465 τοιαύτην
2751 2393 3193 2464 ἀπολιμπάνων
3231 2393 3445 2455 πόλιν,
3480 2391 3550 2443 ἐν
3573 2385 3612 2461 ᾖ
3638 2391 3809 2444 τοιοῦ-

2250 2509 2340 2545 τοι
2368 2490 2782 2561 τυγχάνουσιν
2807 2489 3029 2558 ἐχθροὶ,
3058 2488 3235 2554 ὀἵους
3279 2489 3397 2541 οὐκ
3427 2486 3506 2539 ἄν
3538 2504 3628 2552 τις
3650 2484 3811 2539 ἀλλα-

2250 2585 2383 2652 χόθι
2455 2585 2673 2653 φίλους
2730 2581 3020 2650 εὐρήσει;
3052 2584 3101 2634 οἰ
3151 2580 3208 2633 δὲ
3262 2579 3427 2634 τοῦτο
3478 2579 3542 2632 τὸ
3603 2578 3811 2647 ἀπόφθε-

2251 2694 2367 2747 γμα
2400 2675 2661 2746 Αἰσχίνην
2716 2675 2970 2743 λέγουσιν
3044 2675 3223 2728 εἰπεῖν
3255 2715 3274 2741 ,
3331 2671 3500 2742 ἡνίκα
3570 2671 3809 2740 φεύγοντα

2252 2765 2577 2821 καταλαϐὼν
2641 2765 2993 2838 Δημοσθένης
3079 2766 3176 2818 καὶ
3273 2763 3806 2833 φιλοφρονησάμενος,

2250 2858 2551 2930 παρηγγύα
2617 2858 2663 2891 ⁵⁸
2721 2859 2911 2931 φέρειν
3001 2852 3062 2911 τδ
3133 2855 3493 2927 συμϐεϐηκὸς
3551 2852 3802 2924 γενναίως.

2250 2954 2364 3008 Καὶ
2427 2951 2739 3006 Καλλικλέα
2809 2951 2867 3005 δὲ
2929 2950 3024 3003 ἐπὶ
3095 2951 3163 3019 τῇ
3238 2948 3385 3017 αὐτῇ
3441 2945 3551 3000 τῶν
3626 2946 3806 3015 Ἀρπα-

2250 3042 2411 3097 λείων
2459 3043 2759 3114 χρημάτων
2795 3040 2944 3113 αἰτίᾳ
2987 3041 3245 3093 ὑπόνοιαν
3284 3037 3639 3109 παρασχόντα
3682 3036 3807 3089 ἐπεί-

568 3116 752 3169 canda
778 3132 885 3169 non
908 3131 1031 3172 esse
1063 3117 1115 3172 in
1144 3119 1363 3188 vulgus,
1395 3122 1497 3175 etsi
1529 3121 1826 3191 profuisset
1853 3123 1961 3180 illis
1987 3125 2146 3182 scire.

2255 3155 2359 3210 περ
2392 3137 2547 3205 ἄγειν
2604 3137 2900 3190 ἐκέλευσαν
2944 3135 2994 3188 οἰ
3044 3134 3464 3205 Ἀρεοπαγῖται,
3522 3132 3619 3201 τὴν
3657 3130 3805 3183 οἰκίαν

568 3205 720 3258 Adeo
751 3206 1112 3262 Athenienses
1142 3208 1275 3263 utile
1306 3209 1540 3265 honesto
1572 3227 1682 3265 non
1719 3215 2145 3282 anteponebant.

568 3297 779 3369 Magnae
801 3316 935 3356 vero
956 3302 1171 3371 pietatis
1206 3303 1446 3372 signum,
1479 3306 1625 3374 quod
1648 3306 1907 3370 tumultu,
1930 3317 1985 3361 et
2012 3307 2150 3364 sedi-

570 3396 703 3448 tioni
731 3394 858 3465 Argi
899 3396 1193 3461 concitata,
1226 3412 1388 3466 quam
1419 3398 1793 3468 scytalismum
1827 3400 2147 3471 (47‘)voca-

569 3495 717 3551 runt,
749 3487 895 3556 quod
944 3502 1005 3543 se
1056 3489 1289 3544 invicem
1324 3488 1585 3545 ferientes
1634 3491 1784 3546 mille
1821 3493 2152 3562 quingentos

571 3578 951 3634 interfecerint
973 3620 989 3646 ,
1036 3580 1144 3636 hoc
1205 3580 1434 3635 Athenis
1464 3581 1775 3637 nuntiatum
1807 3592 1914 3649 est,
1948 3600 2054 3655 qua
2091 3601 2153 3642 re

571 3674 745 3727 solum
771 3673 977 3733 audita,
1002 3681 1057 3726 et
1091 3676 1377 3742 peregrino
1409 3675 1651 3731 facinore
1676 3678 1931 3747 perculsi,
1959 3680 2152 3735 decre-

571 3778 768 3819 verunt
798 3765 1077 3819 civitatem
1105 3767 1289 3820 statim
1316 3768 1626 3823 universam
1674 3770 2021 3840 expiandam.
2085 3771 2155 3826 Et

569 3855 872 3912 Praxiteles
888 3859 1107 3927 quidam
1132 3859 1353 3913 nomine
1370 3861 1591 3915 arietem
1618 3861 1800 3915 vivum
1824 3865 2150 3929 excoriavit,

570 3958 625 4002 et
655 3949 757 4004 hoc
775 3949 978 4003 factum
998 3952 1527 4013 exsecrantes,il|um
1553 3953 1666 4024 (48)
1693 3952 1891 4025 535a
1919 3955 2153 4011 fustibus

573 4041 843 4095 caedentes
876 4042 1193 4111 punierunt,
1230 4058 1341 4098 non
1390 4046 1577 4099 arietis
1605 4047 1901 4100 vindictam
1961 4061 2155 4116 capere

569 4136 839 4199 volentes,
870 4136 963 4190 sed
989 4135 1164 4190 virum
1186 4135 1358 4199 exosi,
1384 4135 1530 4206 quod
1554 4136 1894 4207 tyrannicam
1914 4147 2154 4193 mentem

2256 3227 2656 3291 καταλαϐόντες
2703 3228 2754 3281 oi
2795 3227 3200 3296 ἀπεσταλμένοι
3251 3226 3351 3279 καὶ
3381 3225 3428 3257 ⁸³
3478 3224 3548 3278 τά
3593 3222 3805 3292 πρόθυρα

2259 3321 2458 3384 ἰδόντες
2484 3320 2907 3391 ἐστεφανωμένα
2955 3319 3049 3373 καὶ
3078 3320 3301 3389 γνόντες
3350 3318 3429 3381 ὡς
3479 3316 3566 3387 εἴη
3598 3313 3803 3375 τεθυκὼς

2256 3414 2374 3468 νυνὶ
2396 3414 2607 3484 γάμους
2626 3413 2694 3477 ⁵³,
2716 3413 2945 3482 ἀφέντες
2977 3411 3074 3483 τὴν
3103 3410 3338 3482 ζήτησιν
3360 3411 3726 3481 ἀνεχώρησανο
3754 3408 3801 3458 οὐ

2257 3502 2365 3574 γὰρ
2402 3502 2661 3572 ᾠήθησαν
2682 3518 2706 3554 ε
2732 3500 2763 3554 ῦ
2783 3499 2928 3571 ἔχειν
2950 3499 3293 3553 ἐπεισελθεῖν
3321 3497 3542 3567 γυναικὶ
3564 3496 3798 3564 νεογάμῳ.

2260 3596 2426 3669 [1595
2473 3595 2572 3667 H.]
2601 3594 2712 3648 Καὶ
2745 3593 2840 3647 τοῦ
2870 3594 3008 3667 πρὸς
3044 3594 3320 3646 Φίλιππον
3348 3592 3406 3645 δὲ
3440 3593 3550 3654 τοῖς
3588 3587 3800 3658 Ἀθηναίσ

2258 3706 2339 3750 οις
2370 3686 2452 3739 ἔτι
2480 3685 2812 3749 συνεστῶτος
2868 3684 3131 3753 πολέμου,
3164 3685 3287 3736 ἐπεὶ
3317 3682 3617 3753 γράμματα
3663 3676 3796 3731 αὑτοῦ

2259 3779 2398 3848 πρὸς
2437 3778 2727 3850 διαφόρους
2770 3776 3201 3847 συνελήφθησαν,
3248 3776 3322 3828 τά
3371 3776 3469 3845 μὲν
3499 3772 3627 3828 ἄλλα
3676 3770 3796 3837 ὲντῇ

2260 3869 2527 3939 ἐκκλησίᾳ
2553 3868 2971 3935 ἀνεγινώσκετο,
3012 3866 3325 3937 ἐπιγραφὴν
3352 3866 3409 3920 δέ
3466 3881 3608 3927 τινος
3652 3878 3796 3930 γραμ-

2265 3958 2486 4028 ματείου
2546 3957 2759 4027 ἔχοντος
2813 3956 3169 4025 Ὀλυμπιάδι
3237 3957 3535 4020 Φίλιππος
3582 3956 3609 4007 ό
3659 3953 3797 4020 δῆμης

2260 4050 2377 4120 ἅμα
2391 4052 2435 4082 ⁸⁸
2464 4050 2656 4121 ἐϐόησε
2671 4050 2718 4082 ’⁵⁸
2752 4053 2888 4120 μήτε
2915 4050 3063 4103 λύειν
3078 4051 3214 4121 μήτε
3246 4048 3664 4118 ἀναγινώσκειν⁹
3690 4042 3798 4112 πρὸς

2260 4142 2369 4214 γὰρ
2419 4142 2667 4212 γαμετὴν
2716 4144 2952 4209 γυναῖκα
2985 4143 3085 4210 τὴν
3137 4140 3224 4194 διὰ
3252 4140 3597 4212 γραμμάτων
3619 4134 3797 4205 ὁμιλίαν

573 4228 820 4292 haberet,
845 4236 899 4283 et
926 4243 1124 4284 novam
1156 4230 1425 4285 rationem
1454 4230 1735 4285 cruciatus
1762 4230 2146 4300 excogitasset.

2260 4232 2572 4304 ἀπόρρητον
2619 4233 2808 4303 ἀνδρὸς
2838 4234 2938 4286 ούκ
2977 4234 3233 4303 ἐνόμισαν
3261 4230 3602 4301 δημοσιεύειν
3632 4228 3794 4293 εὐπρε-

571 4322 675 4383 πὲς
708 4317 867 4373 εἶναι.
907 4322 1105 4375 Καίτοι
1145 4321 1442 4391 συνέφερεν
1488 4320 1674 4382 αὐτοῖς
1698 4320 1743 4351 ’⁵⁷
1774 4319 1943 4390 μηδὲν
1995 4319 2302 4375 λανθάνεινο
2341 4321 2457 4375 ἀλλ’
2509 4321 2585 4384 ὠς
2636 4322 2910 4393 Ἀθηναῖοι
2954 4321 3018 4373 τὸ
3057 4320 3192 4392 πρὸς
3239 4319 3379 4391 [874
3429 4316 3533 4388 Η.]
3588 4313 3793 4368 εὔκλειαν

572 4416 739 4485 φέρον
771 4415 865 4468 τοῦ
914 4415 1318 4478 λυσιτελοῦντος
1351 4416 1453 4469 ούκ
1483 4414 1694 4473 ἒέθεντο
1731 4414 2004 4487 δεύτερον.
2046 4418 2159 4487 Τῆς
2195 4415 2253 4469 δὲ
2286 4415 2487 4487 πολλῆς
2510 4414 2799 4479 εὐλαϐείας
2829 4416 3155 4485 τεκμήριον,
3187 4414 3271 4467 ὅτι
3308 4412 3549 4473 στάσεως
3601 4408 3655 4459 ἐν
3692 4404 3793 4468 Ἀρ-

572 4526 660 4577 γει
696 4509 994 4581 γενομένης
1050 4511 1307 4581 σφοδρᾶς,
1336 4509 1408 4580 ἢν
1454 4508 1501 4541 ⁸⁸
1536 4509 1901 4580 σκυταλισμόν
1946 4509 2256 4577 ἐκάλεσαν,
2324 4511 2459 4567 διότι
2510 4510 2762 4573 παίοντες
2812 4509 3078 4579 ἀλλήλους
3148 4507 3362 4562 ἀνεῖλον
3424 4503 3623 4574 χιλίους
3681 4512 3789 4547 πεν-

572 4602 883 4666 τακοσίους,
936 4603 1095 4657 τοῦτο
1149 4603 1491 4672 ἀπαγγελθὲν
1519 4604 1599 4667 εἰς
1636 4601 1680 4634 ⁸⁸
1732 4602 1833 4666 τὰς
1900 4602 2132 4673 Ἀθήνας
2168 4604 2333 4657 ἓνεκα
2361 4607 2461 4674 τῆς
2523 4604 2694 4675 ἀκοῆς
2756 4601 2925 4672 μόνης
2969 4600 3327 4671 ἐψηφίσαντο,
3392 4586 3790 4659 καταπλαγέντες

573 4712 634 4765 τὸ
672 4711 842 4777 ξένον,
867 4711 995 4782 ὅλην
1018 4710 1259 4782 καθᾶραι
1288 4708 1386 4779 τὴν
1437 4708 1592 4762 πόλιν
1628 4710 1947 4778 παραυτίκα
1973 4711 2042 4765 ⁸⁸.
2064 4712 2177 4765 Καὶ
2213 4710 2551 4783 Πραξιτέλης
2576 4712 2634 4765 δέ
2655 4729 2740 4775 τις
2769 4710 2940 4781 ὄνομα
2959 4710 3114 4788 κριὸν
3147 4710 3389 4782 ἐξέδειρε
3453 4707 3642 4773 ζῶνταο
3682 4696 3789 4754 ἀλλά

1913 4840 2152 4897 VARUE
2190 4841 2602 4897 LECTIONES.

645 4938 691 4971 ’⁸ο
710 4939 767 4992 δὲ
789 4939 829 4991 C
869 4955 883 4991 :
913 4955 973 4989 τε
1005 4954 1067 5001 ς.
1141 4936 1185 5006 f‘
1211 4930 1379 5005 εἶχον]
1400 4931 1448 4987 εἷ
1478 4933 1540 4989 C.
1616 4932 1662 4965 ⁸²
1687 4934 1808 4988 libri
1827 4934 2234 5006 παρεγγυᾷηΜ
2265 4933 2364 4986 καί⁵
2392 4933 2518 4987 add.
2548 4934 2610 4988 Ο.
2686 4932 2744 5006 “_
2768 4933 2968 5003 γάμοις
3003 4934 3150 4989 libri.
3175 5004 3181 5006 _
3224 4934 3271 5006 ξ’
3297 4930 3433 5004 ἅμα]
3458 4930 3629 4984 malim
3649 4924 3782 5006 ἄπας.

578 5013 624 5044 ⁸⁸
652 5020 776 5080 post
797 5007 991 5079 ἐϐόησε
1014 4992 1084 5060 ’ἰη
1126 5005 1166 5060 C
1239 4992 1441 5080 lacu'ua
1476 5014 1563 5080 est
1599 5012 1807 5080 septem
1839 4992 1946 5080 aut,
1977 4992 2104 5080 octo
2132 5005 2655 5080 litterarutncapax.
2687 4992 2791 5080 ᾖξ’
2819 4992 3004 5080 α’ύτοίς
3042 5004 3252 5080 μηδὲν]
3298 4992 3383 5080 his
3416 4992 3783 5080 transponendi§

577 5068 810 5135 metrum
852 5068 1103 5151 restitues
1127 5075 1627 5151 :Jgatizotpuvétpsps
1655 5068 1837 5151 μηδεν,
1866 5074 2390 5151 αὑτοῖς-λανθάνειν
2431 5068 2652 5151 enim;
2686 5074 2963 5151 Ἀθηναῖοι
2983 5068 3076 5151 ab-
3098 5068 3781 5151 ripbg'sbxlstavtpépovfoj

574 5149 982 5208 λυσιτελοῦντος
1005 5147 1105 5197 ούκ
1133 5145 1318 5197 ἔθεντο
1345 5137 1618 5215 δεύτερον.
1655 5137 1728 5177 "5
1748 5144 1841 5268 ἢνέ
1873 5146 1939 5216 ἢν
1984 5146 2077 5197 καὶ
2128 5144 2190 5199 C.
2265 5147 2310 5177 ⁸⁸
2341 5143 2442 5207 εἰς.
2521 5146 2567 5177 ⁵ο
2594 5137 2932 5214 παραυτίκα,
2983 5147 3036 5198 hi
3068 5137 3178 5213 quo
3204 5137 3315 5214 que
3359 5141 3577 5197 trimetri
3623 5147 3721 5215 tres
3741 5137 3781 5181 et

578 5238 704 5268 mox
728 5236 779 5268 n.
810 5218 914 5268 555
931 5215 1285 5268 τιμωοίαν.θι
1305 5217 1642 5268 τυραννικόν.
1667 5225 1721 5268 et
1746 5233 1816 5268 κα
1868 5216 2058 5268 timet
2076 5215 2405 5268 Bdo6ooov‘et
2421 5216 2468 5267 οἰ
2494 5216 2539 5267 δ’
2556 5216 2801 5268 αύτὸν.θι
2825 5216 2953 5268 ὠοῦ.
2983 5220 3276 5268 μαοτυοείν
3296 5216 3373 5268 δὲ.
3394 5200 3777 5268 τοῦνομα.εῆωά

578 5238 707 5276 mox
728 5236 779 5288 p.
810 5218 914 5272 555
931 5215 1285 5288 τιμιυρίαν,ει
1305 5217 1642 5288 τυραννικόν,
1667 5225 1721 5270 et
1746 5233 1816 5288 κα

1868 5200 2058 5286 τ’ὴν,ο1’
2076 5200 2468 5287 βόρϐορονριοί
2494 5216 2539 5267 δ’
2556 5200 2801 5287 αύτδν,θι
2825 5200 2953 5281 ὠοῦ,
2982 5200 3276 5287 μαρτυρεῗν
3296 5216 3373 5280 δὲ,
3394 5200 3777 5280 τοῦνομαβιὶδιό·

576 5286 771 5361 τιπερ,
800 5288 1116 5357 ειδοράν,ει
1137 5303 1197 5338 το
1221 5287 1296 5351 δὲ,
1325 5294 1378 5339 et
1405 5286 1629 5356 κυρίως,
1657 5286 1835 5351 ειὲςω
1863 5286 1959 5358 (ita
1989 5288 2134 5341 enim
2165 5286 2559 5354 legendum),et
2583 5286 2775 5355 ψόφον.

2107 5402 2338 5460 NOTAE.

658 5506 750 5575 (46
778 5506 868 5577 47)
894 5504 1325 5577 Humanitatisin
1352 5505 1785 5577 Demosthenem.
1807 5503 2155 5577 Pi_utarch_._iu

586 5574 971 5637 Demosthene,
998 5585 1051 5629 et
1077 5578 1129 5630 in
1166 5577 1212 5630 Χ
1235 5576 1457 5632 Graeciaa
1484 5576 1812 5628 oratoribus.
1836 5574 1945 5629 Nos
1980 5575 2035 5628 in
2068 5574 2157 5628 Vt-

600 5651 674 5706 tis
697 5648 968 5715 parallelis
988 5654 1052 5698 ad
1077 5648 1439 5716 Olympiadem
1476 5645 1599 5708 115,
1624 5645 1828 5699 δειλοὶ
1849 5645 1903 5698 5.

661 5718 808 5789 (47“)
843 5716 972 5774 Vide
998 5718 1271 5773 Σκυθαλόν
1317 5721 1370 5772 in
1416 5716 1704 5772 Thesauro.
1747 5718 1992 5787 Agellius
2028 5731 2162 5783 xvn,

2265 5504 2469 5645 mag).
2506 5573 2641 5629 Vide
2713 5575 2895 5629 simile
2969 5574 3023 5627 in
3080 5571 3444 5628 controversia
3494 5554 3761 5645 ultima

2269 5639 2461 5709 necte,
2503 5656 2558 5699 et
2587 5646 2726 5714 apud
2772 5645 3167 5710 Quintilianum
3236 5647 3301 5699 de
3341 5654 3502 5713 puero
3530 5639 3769 5691 COI'IIICttm

2271 5716 2461 5771 oculos
2501 5713 2823 5787 contigente.
2863 5714 2994 5771 Vide
3019 5713 3305 5784 Adagium.
