  <div class='ocr_page' id='page_1' title='image "/cluster/home/n/w/nwhite01/storage/ocr_20150623/104/hvd.32044018872853/168.png"; bbox 0 0 4020 6410; ppageno 0'>
   <div class='ocr_carea' id='block_1_1' title="bbox 147 452 3377 538">
    <p class='ocr_par' dir='ltr' id='par_1_1' title="bbox 147 452 3377 538">
     <span class='ocr_line' id='line_1_1' title="bbox 147 452 3377 538; baseline 0.004 -15"><span class='ocrx_word' id='word_1_1' title='bbox 147 463 224 527; x_wconf 72' lang='lat'><strong>3:21</strong></span> <span class='ocrx_word' id='word_1_2' title='bbox 1153 452 1661 533; x_wconf 74' lang='lat' dir='ltr'>BIBLIOTHECA</span> <span class='ocrx_word' id='word_1_3' title='bbox 1701 495 1769 507; x_wconf 91' lang='lat'><strong>—</strong></span> <span class='ocrx_word' id='word_1_4' title='bbox 1808 470 1973 533; x_wconf 80' lang='lat' dir='ltr'><strong>con.</strong></span> <span class='ocrx_word' id='word_1_5' title='bbox 2013 472 2367 534; x_wconf 76' lang='lat' dir='ltr'>CCLXXIX.</span> <span class='ocrx_word' id='word_1_6' title='bbox 3270 472 3377 538; x_wconf 76' lang='lat'>322</span> 
     </span>
    </p>
   </div>
   <div class='ocr_carea' id='block_1_2' title="bbox 144 570 3383 649">
    <p class='ocr_par' dir='ltr' id='par_1_2' title="bbox 144 570 3383 649">
     <span class='ocr_line' id='line_1_2' title="bbox 144 570 3383 649; baseline 0.003 -20"><span class='ocrx_word' id='word_1_7' title='bbox 144 576 222 629; x_wconf 60' lang='grc' dir='ltr'>κκὶ</span> <span class='ocrx_word' id='word_1_8' title='bbox 280 572 463 625; x_wconf 86' lang='grc' dir='ltr'>τοῦτον</span> <span class='ocrx_word' id='word_1_9' title='bbox 510 570 857 642; x_wconf 80' lang='grc' dir='ltr'>ὀργισθέντες</span> <span class='ocrx_word' id='word_1_10' title='bbox 921 574 1379 645; x_wconf 78' lang='grc' dir='ltr'>ἀπετυμπάνισαν</span> <span class='ocrx_word' id='word_1_11' title='bbox 1410 618 1427 643; x_wconf 95' lang='grc'>,</span> <span class='ocrx_word' id='word_1_12' title='bbox 1465 576 1587 647; x_wconf 76' lang='grc' dir='ltr'>οὐχὶ</span> <span class='ocrx_word' id='word_1_13' title='bbox 1613 574 1708 629; x_wconf 75' lang='grc' dir='ltr'>τοῦ</span> <span class='ocrx_word' id='word_1_14' title='bbox 1751 576 2022 646; x_wconf 76' lang='grc' dir='ltr'>προὸἀτου</span> <span class='ocrx_word' id='word_1_15' title='bbox 2054 578 2328 649; x_wconf 80' lang='grc' dir='ltr'>τιμωρίαν</span> <span class='ocrx_word' id='word_1_16' title='bbox 2382 576 2567 631; x_wconf 76' lang='grc' dir='ltr'>λαϐεῖν</span> <span class='ocrx_word' id='word_1_17' title='bbox 2604 576 2901 644; x_wconf 79' lang='grc' dir='ltr'>ἐθέλοντες,</span> <span class='ocrx_word' id='word_1_18' title='bbox 2941 579 3078 635; x_wconf 78' lang='grc' dir='ltr'>ἀλλὰ</span> <span class='ocrx_word' id='word_1_19' title='bbox 3135 585 3230 637; x_wconf 75' lang='grc' dir='ltr'>καὶ</span> <span class='ocrx_word' id='word_1_20' title='bbox 3288 587 3383 638; x_wconf 81' lang='grc' dir='ltr'>τὸν</span> 
     </span>
    </p>
   </div>
   <div class='ocr_carea' id='block_1_3' title="bbox 144 664 3388 740">
    <p class='ocr_par' dir='ltr' id='par_1_3' title="bbox 144 664 3388 740">
     <span class='ocr_line' id='line_1_3' title="bbox 144 664 3388 740; baseline 0.002 -21"><span class='ocrx_word' id='word_1_21' title='bbox 144 668 297 735; x_wconf 70' lang='grc' dir='ltr'>ἄνδρα</span> <span class='ocrx_word' id='word_1_22' title='bbox 350 665 683 736; x_wconf 77' lang='grc' dir='ltr'>μισήσαντες</span> <span class='ocrx_word' id='word_1_23' title='bbox 713 665 788 730; x_wconf 85' lang='grc' dir='ltr'>ὡς</span> <span class='ocrx_word' id='word_1_24' title='bbox 838 668 1160 737; x_wconf 83' lang='grc' dir='ltr'>τυραννικὸν</span> <span class='ocrx_word' id='word_1_25' title='bbox 1219 664 1413 736; x_wconf 74' lang='grc' dir='ltr'>ἔχοντα</span> <span class='ocrx_word' id='word_1_26' title='bbox 1453 666 1711 739; x_wconf 78' lang='grc' dir='ltr'>φρόνημα</span> <span class='ocrx_word' id='word_1_27' title='bbox 1747 667 1841 720; x_wconf 76' lang='grc' dir='ltr'>καὶ</span> <span class='ocrx_word' id='word_1_28' title='bbox 1904 667 2090 721; x_wconf 80' lang='grc' dir='ltr'>καινὸν</span> <span class='ocrx_word' id='word_1_29' title='bbox 2131 668 2335 740; x_wconf 82' lang='grc' dir='ltr'>τρόπον</span> <span class='ocrx_word' id='word_1_30' title='bbox 2392 666 2536 721; x_wconf 77' lang='grc' dir='ltr'>οὕτω</span> <span class='ocrx_word' id='word_1_31' title='bbox 2564 669 2899 740; x_wconf 88' lang='grc' dir='ltr'>παρανόμων</span> <span class='ocrx_word' id='word_1_32' title='bbox 2937 670 3257 727; x_wconf 79' lang='grc' dir='ltr'>ἐπινοοῦντα</span> <span class='ocrx_word' id='word_1_33' title='bbox 3288 691 3388 728; x_wconf 78' lang='grc' dir='ltr'>κοσ-</span> 
     </span>
    </p>
   </div>
   <div class='ocr_carea' id='block_1_4' title="bbox 142 776 353 815">
    <p class='ocr_par' dir='ltr' id='par_1_4' title="bbox 142 776 353 815">
     <span class='ocr_line' id='line_1_4' title="bbox 142 776 353 815; baseline 0.009 -4"><span class='ocrx_word' id='word_1_34' title='bbox 142 776 353 815; x_wconf 66' lang='grc' dir='ltr'>λατεων.</span> 
     </span>
    </p>
   </div>
   <div class='ocr_carea' id='block_1_5' title="bbox 203 846 1790 923">
    <p class='ocr_par' dir='ltr' id='par_1_5' title="bbox 203 850 1787 923">
     <span class='ocr_line' id='line_1_5' title="bbox 203 850 1787 923; baseline 0 -16"><span class='ocrx_word' id='word_1_35' title='bbox 203 854 321 907; x_wconf 81' lang='grc' dir='ltr'>Ὀτι</span> <span class='ocrx_word' id='word_1_36' title='bbox 356 853 414 904; x_wconf 80' lang='grc' dir='ltr'>τὸ</span> <span class='ocrx_word' id='word_1_37' title='bbox 440 850 516 923; x_wconf 82' lang='grc' dir='ltr'>μὴ</span> <span class='ocrx_word' id='word_1_38' title='bbox 533 852 715 922; x_wconf 81' lang='grc' dir='ltr'>λέγειν</span> <span class='ocrx_word' id='word_1_39' title='bbox 740 852 998 923; x_wconf 85' lang='grc' dir='ltr'>δύσφημα</span> <span class='ocrx_word' id='word_1_40' title='bbox 1027 854 1163 907; x_wconf 83' lang='grc' dir='ltr'>πᾶσι</span> <span class='ocrx_word' id='word_1_41' title='bbox 1185 854 1299 919; x_wconf 85' lang='grc' dir='ltr'>τοῖς</span> <span class='ocrx_word' id='word_1_42' title='bbox 1328 853 1580 917; x_wconf 84' lang='grc' dir='ltr'>παλαιοῖς</span> <span class='ocrx_word' id='word_1_43' title='bbox 1611 853 1710 923; x_wconf 81' lang='grc' dir='ltr'>μὲν</span> <span class='ocrx_word' id='word_1_44' title='bbox 1735 854 1787 913; x_wconf 82' lang='grc' dir='ltr'><strong>Α</strong></span> 
     </span>
    </p>
   </div>
   <div class='ocr_carea' id='block_1_6' title="bbox 1801 846 3388 923">
    <p class='ocr_par' dir='ltr' id='par_1_6' title="bbox 1881 846 3388 919">
     <span class='ocr_line' id='line_1_6' title="bbox 1881 846 3388 919; baseline 0.004 -15"><span class='ocrx_word' id='word_1_45' title='bbox 1881 848 2107 919; x_wconf 89' lang='lat' dir='ltr'><strong>Antiqui</strong></span> <span class='ocrx_word' id='word_1_46' title='bbox 2135 847 2349 903; x_wconf 77' lang='lat' dir='ltr'>solliciti</span> <span class='ocrx_word' id='word_1_47' title='bbox 2378 846 2620 914; x_wconf 80' lang='lat' dir='ltr'><strong>fuerunt,</strong></span> <span class='ocrx_word' id='word_1_48' title='bbox 2657 864 2724 904; x_wconf 90' lang='lat' dir='ltr'>ne</span> <span class='ocrx_word' id='word_1_49' title='bbox 2769 849 2913 905; x_wconf 91' lang='lat' dir='ltr'><strong>male</strong></span> <span class='ocrx_word' id='word_1_50' title='bbox 2963 851 3214 909; x_wconf 91' lang='lat' dir='ltr'><strong>ominosa</strong></span> <span class='ocrx_word' id='word_1_51' title='bbox 3236 854 3388 910; x_wconf 86' lang='lat' dir='ltr'><strong>dice-</strong></span> 
     </span>
    </p>
   </div>
   <div class='ocr_carea' id='block_1_7' title="bbox 142 939 1729 1017">
    <p class='ocr_par' dir='ltr' id='par_1_7' title="bbox 142 939 1706 1017">
     <span class='ocr_line' id='line_1_7' title="bbox 142 939 1706 1017; baseline 0.003 -23"><span class='ocrx_word' id='word_1_52' title='bbox 142 946 348 1014; x_wconf 69' lang='grc' dir='ltr'>ςροντὶς</span> <span class='ocrx_word' id='word_1_53' title='bbox 371 939 459 1014; x_wconf 76' lang='grc' dir='ltr'>ἦν,</span> <span class='ocrx_word' id='word_1_54' title='bbox 500 944 739 1014; x_wconf 83' lang='grc' dir='ltr'>μάλιστα</span> <span class='ocrx_word' id='word_1_55' title='bbox 777 945 835 997; x_wconf 85' lang='grc' dir='ltr'>δὲ</span> <span class='ocrx_word' id='word_1_56' title='bbox 869 947 980 1008; x_wconf 86' lang='grc' dir='ltr'>τοῖς</span> <span class='ocrx_word' id='word_1_57' title='bbox 1022 945 1346 1017; x_wconf 82' lang='grc' dir='ltr'>Ἀθηναίοις.</span> <span class='ocrx_word' id='word_1_58' title='bbox 1376 945 1469 1000; x_wconf 83' lang='grc' dir='ltr'>Διὸ</span> <span class='ocrx_word' id='word_1_59' title='bbox 1497 946 1593 999; x_wconf 75' lang='grc' dir='ltr'>καὶ</span> <span class='ocrx_word' id='word_1_60' title='bbox 1646 947 1706 999; x_wconf 87' lang='grc' dir='ltr'>τὸ</span> 
     </span>
    </p>
   </div>
   <div class='ocr_carea' id='block_1_8' title="bbox 1801 939 3388 1017">
    <p class='ocr_par' dir='ltr' id='par_1_8' title="bbox 1810 941 3388 1017">
     <span class='ocr_line' id='line_1_8' title="bbox 1810 941 3388 1017; baseline 0.001 -20"><span class='ocrx_word' id='word_1_61' title='bbox 1810 952 1952 1008; x_wconf 87' lang='lat' dir='ltr'><strong>rent,</strong></span> <span class='ocrx_word' id='word_1_62' title='bbox 1988 941 2225 995; x_wconf 81' lang='lat' dir='ltr'><strong>maxime</strong></span> <span class='ocrx_word' id='word_1_63' title='bbox 2264 955 2396 994; x_wconf 87' lang='lat' dir='ltr'><strong>vero</strong></span> <span class='ocrx_word' id='word_1_64' title='bbox 2442 941 2830 997; x_wconf 86' lang='lat' dir='ltr'><strong>Athenienses.</strong></span> <span class='ocrx_word' id='word_1_65' title='bbox 2865 942 2988 997; x_wconf 88' lang='lat' dir='ltr'><strong>ideo</strong></span> <span class='ocrx_word' id='word_1_66' title='bbox 3019 953 3073 998; x_wconf 86' lang='lat' dir='ltr'>et</span> <span class='ocrx_word' id='word_1_67' title='bbox 3103 944 3388 1017; x_wconf 80' lang='grc' dir='ltr'>δεσμωτή-</span> 
     </span>
    </p>
   </div>
   <div class='ocr_carea' id='block_1_9' title="bbox 138 1034 1725 1109">
    <p class='ocr_par' dir='ltr' id='par_1_9' title="bbox 138 1034 1705 1107">
     <span class='ocr_line' id='line_1_9' title="bbox 138 1034 1705 1107; baseline 0.001 -18"><span class='ocrx_word' id='word_1_68' title='bbox 138 1035 536 1105; x_wconf 72' lang='grc' dir='ltr'>δεσμωτήριον</span> <span class='ocrx_word' id='word_1_69' title='bbox 566 1034 788 1104; x_wconf 67' lang='lat' dir='ltr'><strong>alterum</strong></span> <span class='ocrx_word' id='word_1_70' title='bbox 814 1035 1063 1100; x_wconf 86' lang='grc' dir='ltr'>ἐκάλουν,</span> <span class='ocrx_word' id='word_1_71' title='bbox 1092 1038 1188 1090; x_wconf 73' lang='grc' dir='ltr'>καὶ</span> <span class='ocrx_word' id='word_1_72' title='bbox 1212 1037 1304 1090; x_wconf 82' lang='grc' dir='ltr'>τὸν</span> <span class='ocrx_word' id='word_1_73' title='bbox 1336 1037 1553 1107; x_wconf 84' lang='grc' dir='ltr'>δήμιον</span> <span class='ocrx_word' id='word_1_74' title='bbox 1581 1054 1705 1090; x_wconf 82' lang='grc' dir='ltr'>κοι-</span> 
     </span>
    </p>
   </div>
   <div class='ocr_carea' id='block_1_10' title="bbox 1801 1034 3388 1109">
    <p class='ocr_par' dir='ltr' id='par_1_10' title="bbox 1809 1035 3388 1109">
     <span class='ocr_line' id='line_1_10' title="bbox 1809 1035 3388 1109; baseline 0.003 -20"><span class='ocrx_word' id='word_1_75' title='bbox 1809 1053 1944 1109; x_wconf 90' lang='grc' dir='ltr'>ριον,</span> <span class='ocrx_word' id='word_1_76' title='bbox 1971 1051 2253 1100; x_wconf 85' lang='lat' dir='ltr'><strong>carcerem,</strong></span> <span class='ocrx_word' id='word_1_77' title='bbox 2280 1035 2486 1104; x_wconf 84' lang='grc' dir='ltr'>οίκημα</span> <span class='ocrx_word' id='word_1_78' title='bbox 2516 1035 2866 1099; x_wconf 86' lang='lat' dir='ltr'><strong>vocabant,et</strong></span> <span class='ocrx_word' id='word_1_79' title='bbox 2895 1035 3066 1105; x_wconf 84' lang='grc' dir='ltr'>δήμον</span> <span class='ocrx_word' id='word_1_80' title='bbox 3089 1039 3388 1106; x_wconf 81' lang='lat' dir='ltr'><strong>carniﬁcem</strong></span> 
     </span>
    </p>
   </div>
   <div class='ocr_carea' id='block_1_11' title="bbox 137 1126 1724 1199">
    <p class='ocr_par' dir='ltr' id='par_1_11' title="bbox 137 1126 1704 1199">
     <span class='ocr_line' id='line_1_11' title="bbox 137 1126 1704 1199; baseline 0.02 -18"><span class='ocrx_word' id='word_1_81' title='bbox 137 1128 257 1191; x_wconf 73' lang='grc' dir='ltr'>νόν,</span> <span class='ocrx_word' id='word_1_82' title='bbox 290 1127 389 1189; x_wconf 83' lang='grc' dir='ltr'>τὰς</span> <span class='ocrx_word' id='word_1_83' title='bbox 432 1126 490 1180; x_wconf 83' lang='grc' dir='ltr'>δὲ</span> <span class='ocrx_word' id='word_1_84' title='bbox 557 1127 871 1195; x_wconf 75' lang='grc' dir='ltr'>Ἐριννύας</span> <span class='ocrx_word' id='word_1_85' title='bbox 898 1127 1201 1198; x_wconf 71' lang='grc' dir='ltr'>Εὐμενίδας</span> <span class='ocrx_word' id='word_1_86' title='bbox 1231 1128 1264 1199; x_wconf 75' lang='grc' dir='ltr'>ἢ</span> <span class='ocrx_word' id='word_1_87' title='bbox 1298 1129 1502 1198; x_wconf 64' lang='grc' dir='ltr'>σεμνὰς</span> <span class='ocrx_word' id='word_1_88' title='bbox 1554 1127 1704 1194; x_wconf 41' lang='lat' dir='ltr'>ea&quot;</span> 
     </span>
    </p>
   </div>
   <div class='ocr_carea' id='block_1_12' title="bbox 1805 1126 3392 1199">
    <p class='ocr_par' dir='ltr' id='par_1_12' title="bbox 1806 1126 3392 1198">
     <span class='ocr_line' id='line_1_12' title="bbox 1806 1126 3392 1198; baseline 0.004 -17"><span class='ocrx_word' id='word_1_89' title='bbox 1806 1129 1985 1181; x_wconf 78' lang='grc' dir='ltr'>κοινὸν</span> <span class='ocrx_word' id='word_1_90' title='bbox 2015 1126 2398 1197; x_wconf 91' lang='lat' dir='ltr'><strong>appellabant,</strong></span> <span class='ocrx_word' id='word_1_91' title='bbox 2430 1127 2680 1198; x_wconf 78' lang='grc' dir='ltr'>ἐριννύας</span> <span class='ocrx_word' id='word_1_92' title='bbox 2718 1129 3068 1194; x_wconf 85' lang='lat' dir='ltr'><strong>Eumenides,</strong></span> <span class='ocrx_word' id='word_1_93' title='bbox 3107 1130 3194 1185; x_wconf 89' lang='lat' dir='ltr'>vel</span> <span class='ocrx_word' id='word_1_94' title='bbox 3228 1146 3392 1187; x_wconf 86' lang='lat' dir='ltr'><strong>vene-</strong></span> 
     </span>
    </p>
   </div>
   <div class='ocr_carea' id='block_1_13' title="bbox 137 1217 1724 1291">
    <p class='ocr_par' dir='ltr' id='par_1_13' title="bbox 137 1217 1709 1290">
     <span class='ocr_line' id='line_1_13' title="bbox 137 1217 1709 1290; baseline 0.001 -19"><span class='ocrx_word' id='word_1_95' title='bbox 137 1219 188 1271; x_wconf 78' lang='grc' dir='ltr'>τδ</span> <span class='ocrx_word' id='word_1_96' title='bbox 210 1218 263 1271; x_wconf 83' lang='grc' dir='ltr'>δὲ</span> <span class='ocrx_word' id='word_1_97' title='bbox 284 1217 477 1286; x_wconf 82' lang='grc' dir='ltr'>μύσος</span> <span class='ocrx_word' id='word_1_98' title='bbox 506 1217 675 1287; x_wconf 79' lang='grc' dir='ltr'>ἆτος,</span> <span class='ocrx_word' id='word_1_99' title='bbox 711 1218 770 1270; x_wconf 74' lang='grc' dir='ltr'>τδ</span> <span class='ocrx_word' id='word_1_100' title='bbox 801 1217 859 1271; x_wconf 80' lang='grc' dir='ltr'>δὲ</span> <span class='ocrx_word' id='word_1_101' title='bbox 904 1218 1047 1286; x_wconf 80' lang='grc' dir='ltr'>ὄξος</span> <span class='ocrx_word' id='word_1_102' title='bbox 1069 1220 1210 1289; x_wconf 82' lang='grc' dir='ltr'>μέλι</span> <span class='ocrx_word' id='word_1_103' title='bbox 1239 1219 1335 1272; x_wconf 80' lang='grc' dir='ltr'>καὶ</span> <span class='ocrx_word' id='word_1_104' title='bbox 1369 1218 1467 1290; x_wconf 84' lang='grc' dir='ltr'>τὴν</span> <span class='ocrx_word' id='word_1_105' title='bbox 1510 1218 1709 1289; x_wconf 74' lang='grc' dir='ltr'>χολὴν</span> 
     </span>
    </p>
   </div>
   <div class='ocr_carea' id='block_1_14' title="bbox 1801 1217 3388 1291">
    <p class='ocr_par' dir='ltr' id='par_1_14' title="bbox 1808 1218 3388 1291">
     <span class='ocr_line' id='line_1_14' title="bbox 1808 1218 3388 1291; baseline 0.004 -17"><span class='ocrx_word' id='word_1_106' title='bbox 1808 1220 2010 1274; x_wconf 87' lang='lat' dir='ltr'><strong>randas</strong></span> <span class='ocrx_word' id='word_1_107' title='bbox 2068 1220 2219 1285; x_wconf 77' lang='lat' dir='ltr'><strong>deas,</strong></span> <span class='ocrx_word' id='word_1_108' title='bbox 2294 1218 2463 1290; x_wconf 82' lang='grc' dir='ltr'>μῦσος</span> <span class='ocrx_word' id='word_1_109' title='bbox 2515 1219 2828 1273; x_wconf 77' lang='lat' dir='ltr'><strong>sceleratum</strong></span> <span class='ocrx_word' id='word_1_110' title='bbox 2879 1222 3149 1277; x_wconf 88' lang='lat' dir='ltr'><strong>vocabant</strong></span> <span class='ocrx_word' id='word_1_111' title='bbox 3207 1223 3388 1291; x_wconf 76' lang='grc' dir='ltr'>ἄγοςε</span> 
     </span>
    </p>
   </div>
   <div class='ocr_carea' id='block_1_15' title="bbox 140 1308 1727 1384">
    <p class='ocr_par' dir='ltr' id='par_1_15' title="bbox 140 1308 1708 1382">
     <span class='ocr_line' id='line_1_15' title="bbox 140 1308 1708 1382; baseline -0.001 -19"><span class='ocrx_word' id='word_1_112' title='bbox 140 1309 433 1379; x_wconf 76' lang='grc' dir='ltr'>γλυκεῖαν,</span> <span class='ocrx_word' id='word_1_113' title='bbox 456 1310 549 1363; x_wconf 86' lang='grc' dir='ltr'>τδν</span> <span class='ocrx_word' id='word_1_114' title='bbox 567 1310 624 1363; x_wconf 85' lang='grc' dir='ltr'>δέ</span> <span class='ocrx_word' id='word_1_115' title='bbox 651 1311 955 1379; x_wconf 75' lang='grc' dir='ltr'>βόρϐορον</span> <span class='ocrx_word' id='word_1_116' title='bbox 982 1312 1215 1381; x_wconf 81' lang='grc' dir='ltr'>ὀχετόν.</span> <span class='ocrx_word' id='word_1_117' title='bbox 1252 1311 1319 1366; x_wconf 78' lang='lat' dir='ltr'><strong>Oi</strong></span> <span class='ocrx_word' id='word_1_118' title='bbox 1355 1310 1413 1364; x_wconf 82' lang='grc' dir='ltr'>δὲ</span> <span class='ocrx_word' id='word_1_119' title='bbox 1440 1308 1708 1382; x_wconf 57' lang='grc' dir='ltr'>γραμμαέ</span> 
     </span>
    </p>
   </div>
   <div class='ocr_carea' id='block_1_16' title="bbox 1802 1308 3389 1384">
    <p class='ocr_par' dir='ltr' id='par_1_16' title="bbox 1810 1308 3389 1384">
     <span class='ocr_line' id='line_1_16' title="bbox 1810 1308 3389 1384; baseline 0.001 -19"><span class='ocrx_word' id='word_1_120' title='bbox 1810 1312 1933 1379; x_wconf 77' lang='grc' dir='ltr'>ὅξος</span> <span class='ocrx_word' id='word_1_121' title='bbox 1989 1313 2167 1366; x_wconf 83' lang='lat' dir='ltr'><strong>vinum</strong></span> <span class='ocrx_word' id='word_1_122' title='bbox 2256 1326 2496 1364; x_wconf 79' lang='lat' dir='ltr'><strong>acescens</strong></span> <span class='ocrx_word' id='word_1_123' title='bbox 2553 1311 2676 1380; x_wconf 80' lang='grc' dir='ltr'>μέλι</span> <span class='ocrx_word' id='word_1_124' title='bbox 2744 1313 3102 1369; x_wconf 85' lang='lat' dir='ltr'><strong>nominabant</strong></span> <span class='ocrx_word' id='word_1_125' title='bbox 3156 1308 3389 1384; x_wconf 75' lang='grc' dir='ltr'>ε’χο).ὴν,</span> 
     </span>
    </p>
   </div>
   <div class='ocr_carea' id='block_1_17' title="bbox 142 1397 3395 1476">
    <p class='ocr_par' dir='ltr' id='par_1_17' title="bbox 142 1397 3395 1476">
     <span class='ocr_line' id='line_1_17' title="bbox 142 1397 3395 1476; baseline 0.001 -23"><span class='ocrx_word' id='word_1_126' title='bbox 142 1404 264 1455; x_wconf 59' lang='lat' dir='ltr'><strong>enrol.</strong></span> <span class='ocrx_word' id='word_1_127' title='bbox 292 1402 601 1456; x_wconf 79' lang='grc' dir='ltr'>τὰτοιαῦτα</span> <span class='ocrx_word' id='word_1_128' title='bbox 628 1404 770 1457; x_wconf 77' lang='grc' dir='ltr'>κατὰ</span> <span class='ocrx_word' id='word_1_129' title='bbox 799 1403 1129 1476; x_wconf 81' lang='grc' dir='ltr'>ἀντίφρασιν</span> <span class='ocrx_word' id='word_1_130' title='bbox 1156 1403 1541 1474; x_wconf 78' lang='grc' dir='ltr'>ὀνομάζουσιν.</span> <span class='ocrx_word' id='word_1_131' title='bbox 1574 1397 1709 1455; x_wconf 77' lang='grc' dir='ltr'>Οἶδα</span> <span class='ocrx_word' id='word_1_132' title='bbox 1808 1404 2109 1474; x_wconf 73' lang='grc' dir='ltr'>γλυκεῖανι</span> <span class='ocrx_word' id='word_1_133' title='bbox 2173 1402 2430 1475; x_wconf 77' lang='grc' dir='ltr'>βόρϐορον</span> <span class='ocrx_word' id='word_1_134' title='bbox 2463 1401 2636 1455; x_wconf 86' lang='lat' dir='ltr'><strong>lutum</strong></span> <span class='ocrx_word' id='word_1_135' title='bbox 2663 1442 2679 1468; x_wconf 92' lang='lat'>,</span> <span class='ocrx_word' id='word_1_136' title='bbox 2733 1403 2943 1474; x_wconf 78' lang='grc' dir='ltr'>ὀχετὸν.</span> <span class='ocrx_word' id='word_1_137' title='bbox 2978 1404 3074 1460; x_wconf 83' lang='lat' dir='ltr'>sed</span> <span class='ocrx_word' id='word_1_138' title='bbox 3118 1420 3395 1473; x_wconf 72' lang='lat' dir='ltr'><strong>gramma-</strong></span> 
     </span>
    </p>
   </div>
   <div class='ocr_carea' id='block_1_18' title="bbox 144 1493 1731 1566">
    <p class='ocr_par' dir='ltr' id='par_1_18' title="bbox 144 1493 1708 1566">
     <span class='ocr_line' id='line_1_18' title="bbox 144 1493 1708 1566; baseline 0.001 -19"><span class='ocrx_word' id='word_1_139' title='bbox 144 1496 190 1548; x_wconf 75' lang='grc' dir='ltr'>δὲ</span> <span class='ocrx_word' id='word_1_140' title='bbox 221 1512 388 1561; x_wconf 87' lang='grc' dir='ltr'>τινας,</span> <span class='ocrx_word' id='word_1_141' title='bbox 451 1496 585 1565; x_wconf 68' lang='grc' dir='ltr'>φησὶ</span> <span class='ocrx_word' id='word_1_142' title='bbox 604 1495 673 1557; x_wconf 79' lang='grc'>⁵⁸,</span> <span class='ocrx_word' id='word_1_143' title='bbox 722 1496 829 1548; x_wconf 86' lang='grc' dir='ltr'>τῶν</span> <span class='ocrx_word' id='word_1_144' title='bbox 870 1495 1172 1564; x_wconf 81' lang='grc' dir='ltr'>φιλολόγων</span> <span class='ocrx_word' id='word_1_145' title='bbox 1214 1496 1309 1549; x_wconf 76' lang='grc' dir='ltr'>καὶ</span> <span class='ocrx_word' id='word_1_146' title='bbox 1342 1498 1436 1549; x_wconf 85' lang='grc' dir='ltr'>τὸν</span> <span class='ocrx_word' id='word_1_147' title='bbox 1474 1493 1708 1566; x_wconf 82' lang='grc' dir='ltr'>πίθηκον</span> 
     </span>
    </p>
   </div>
   <div class='ocr_carea' id='block_1_19' title="bbox 1805 1493 3392 1566">
    <p class='ocr_par' dir='ltr' id='par_1_19' title="bbox 1808 1494 3392 1565">
     <span class='ocr_line' id='line_1_19' title="bbox 1808 1494 3392 1565; baseline -0.001 -14"><span class='ocrx_word' id='word_1_148' title='bbox 1808 1496 1905 1551; x_wconf 89' lang='lat' dir='ltr'><strong>tici</strong></span> <span class='ocrx_word' id='word_1_149' title='bbox 1961 1496 2052 1550; x_wconf 90' lang='lat' dir='ltr'><strong>illa</strong></span> <span class='ocrx_word' id='word_1_150' title='bbox 2104 1510 2202 1565; x_wconf 86' lang='lat' dir='ltr'>per</span> <span class='ocrx_word' id='word_1_151' title='bbox 2251 1494 2611 1564; x_wconf 87' lang='lat' dir='ltr'><strong>antiphrasim</strong></span> <span class='ocrx_word' id='word_1_152' title='bbox 2670 1496 2979 1549; x_wconf 89' lang='lat' dir='ltr'><strong>nominant.</strong></span> <span class='ocrx_word' id='word_1_153' title='bbox 3032 1494 3173 1549; x_wconf 84' lang='lat' dir='ltr'><strong>Novi</strong></span> <span class='ocrx_word' id='word_1_154' title='bbox 3225 1497 3392 1549; x_wconf 87' lang='lat' dir='ltr'><strong>etiam</strong></span> 
     </span>
    </p>
   </div>
   <div class='ocr_carea' id='block_1_20' title="bbox 147 1586 1734 1658">
    <p class='ocr_par' dir='ltr' id='par_1_20' title="bbox 147 1586 1706 1657">
     <span class='ocr_line' id='line_1_20' title="bbox 147 1586 1706 1657; baseline 0 -17"><span class='ocrx_word' id='word_1_155' title='bbox 147 1586 486 1656; x_wconf 72' lang='grc' dir='ltr'>ὀνομάζοντας</span> <span class='ocrx_word' id='word_1_156' title='bbox 517 1586 783 1641; x_wconf 83' lang='grc' dir='ltr'>Καλλίαν.</span> <span class='ocrx_word' id='word_1_157' title='bbox 850 1587 975 1640; x_wconf 74' lang='grc' dir='ltr'>Ὀτι</span> <span class='ocrx_word' id='word_1_158' title='bbox 1004 1587 1068 1640; x_wconf 80' lang='grc' dir='ltr'>τὸ</span> <span class='ocrx_word' id='word_1_159' title='bbox 1130 1586 1247 1652; x_wconf 70' lang='grc' dir='ltr'>νὺξ</span> <span class='ocrx_word' id='word_1_160' title='bbox 1302 1586 1400 1657; x_wconf 85' lang='grc' dir='ltr'>μὲν</span> <span class='ocrx_word' id='word_1_161' title='bbox 1454 1586 1562 1640; x_wconf 81' lang='grc' dir='ltr'>ἀπὸ</span> <span class='ocrx_word' id='word_1_162' title='bbox 1610 1586 1706 1640; x_wconf 83' lang='grc' dir='ltr'>τοῦ</span> 
     </span>
    </p>
   </div>
   <div class='ocr_carea' id='block_1_21' title="bbox 1804 1586 3391 1658">
    <p class='ocr_par' dir='ltr' id='par_1_21' title="bbox 1807 1587 3391 1658">
     <span class='ocr_line' id='line_1_21' title="bbox 1807 1587 3391 1658; baseline 0.001 -17"><span class='ocrx_word' id='word_1_163' title='bbox 1807 1588 2071 1657; x_wconf 89' lang='lat' dir='ltr'><strong>quosdam</strong></span> <span class='ocrx_word' id='word_1_164' title='bbox 2095 1588 2471 1658; x_wconf 86' lang='lat' dir='ltr'><strong>philosophos,</strong></span> <span class='ocrx_word' id='word_1_165' title='bbox 2490 1587 2583 1657; x_wconf 89' lang='lat' dir='ltr'>qui</span> <span class='ocrx_word' id='word_1_166' title='bbox 2609 1587 2825 1641; x_wconf 85' lang='lat' dir='ltr'><strong>simiam</strong></span> <span class='ocrx_word' id='word_1_167' title='bbox 2842 1587 3071 1643; x_wconf 81' lang='lat' dir='ltr'><strong>Calliam</strong></span> <span class='ocrx_word' id='word_1_168' title='bbox 3098 1598 3391 1643; x_wconf 88' lang='lat' dir='ltr'><strong>vocarunt.</strong></span> 
     </span>
    </p>
   </div>
   <div class='ocr_carea' id='block_1_22' title="bbox 148 1679 1735 1754">
    <p class='ocr_par' dir='ltr' id='par_1_22' title="bbox 148 1680 1707 1754">
     <span class='ocr_line' id='line_1_22' title="bbox 148 1680 1707 1754; baseline -0.004 -16"><span class='ocrx_word' id='word_1_169' title='bbox 148 1685 286 1748; x_wconf 77' lang='grc' dir='ltr'>νύξω</span> <span class='ocrx_word' id='word_1_170' title='bbox 315 1684 533 1752; x_wconf 82' lang='grc' dir='ltr'>γέγονε,</span> <span class='ocrx_word' id='word_1_171' title='bbox 555 1683 699 1737; x_wconf 73' lang='grc' dir='ltr'>κατὰ</span> <span class='ocrx_word' id='word_1_172' title='bbox 756 1685 1042 1754; x_wconf 85' lang='grc' dir='ltr'>ἀποκοπήν</span> <span class='ocrx_word' id='word_1_173' title='bbox 1070 1699 1083 1712; x_wconf 87' lang='grc'><strong>·</strong></span> <span class='ocrx_word' id='word_1_174' title='bbox 1115 1680 1422 1751; x_wconf 86' lang='grc' dir='ltr'>νυττόμεθα</span> <span class='ocrx_word' id='word_1_175' title='bbox 1476 1682 1586 1750; x_wconf 84' lang='grc' dir='ltr'>γὰρ</span> <span class='ocrx_word' id='word_1_176' title='bbox 1648 1681 1707 1732; x_wconf 84' lang='grc' dir='ltr'>ἐν</span> 
     </span>
    </p>
   </div>
   <div class='ocr_carea' id='block_1_23' title="bbox 1809 1679 3396 1754">
    <p class='ocr_par' dir='ltr' id='par_1_23' title="bbox 1809 1679 3396 1752">
     <span class='ocr_line' id='line_1_23' title="bbox 1809 1679 3396 1752; baseline 0.002 -20"><span class='ocrx_word' id='word_1_177' title='bbox 1809 1680 1944 1745; x_wconf 77' lang='grc' dir='ltr'>Νὺξ,</span> <span class='ocrx_word' id='word_1_178' title='bbox 2002 1696 2128 1745; x_wconf 76' lang='lat' dir='ltr'><strong>nox,</strong></span> <span class='ocrx_word' id='word_1_179' title='bbox 2188 1695 2218 1735; x_wconf 91' lang='lat' dir='ltr'>a</span> <span class='ocrx_word' id='word_1_180' title='bbox 2272 1679 2437 1744; x_wconf 81' lang='grc' dir='ltr'>νύξω,</span> <span class='ocrx_word' id='word_1_181' title='bbox 2463 1680 2515 1734; x_wconf 92' lang='lat' dir='ltr'>id</span> <span class='ocrx_word' id='word_1_182' title='bbox 2544 1689 2628 1734; x_wconf 89' lang='lat' dir='ltr'>est</span> <span class='ocrx_word' id='word_1_183' title='bbox 2669 1680 2907 1746; x_wconf 78' lang='lat' dir='ltr'><strong>stimulo,</strong></span> <span class='ocrx_word' id='word_1_184' title='bbox 2941 1680 3145 1736; x_wconf 79' lang='lat' dir='ltr'><strong>factum</strong></span> <span class='ocrx_word' id='word_1_185' title='bbox 3178 1690 3264 1737; x_wconf 90' lang='lat' dir='ltr'>est</span> <span class='ocrx_word' id='word_1_186' title='bbox 3300 1696 3396 1752; x_wconf 89' lang='lat' dir='ltr'>per</span> 
     </span>
    </p>
   </div>
   <div class='ocr_carea' id='block_1_24' title="bbox 149 1766 1736 1847">
    <p class='ocr_par' dir='ltr' id='par_1_24' title="bbox 149 1766 1708 1847">
     <span class='ocr_line' id='line_1_24' title="bbox 149 1766 1708 1847; baseline -0.001 -20"><span class='ocrx_word' id='word_1_187' title='bbox 149 1776 214 1844; x_wconf 79' lang='grc' dir='ltr'>τῷ</span> <span class='ocrx_word' id='word_1_188' title='bbox 250 1776 426 1830; x_wconf 82' lang='grc' dir='ltr'>σκότει</span> <span class='ocrx_word' id='word_1_189' title='bbox 475 1775 909 1847; x_wconf 77' lang='grc' dir='ltr'>προσπταίοντες</span> <span class='ocrx_word' id='word_1_190' title='bbox 945 1777 1041 1830; x_wconf 76' lang='grc' dir='ltr'>καὶ</span> <span class='ocrx_word' id='word_1_191' title='bbox 1087 1775 1186 1847; x_wconf 78' lang='grc' dir='ltr'>οὐχ</span> <span class='ocrx_word' id='word_1_192' title='bbox 1223 1775 1460 1846; x_wconf 80' lang='grc' dir='ltr'>ὁρῶντες</span> <span class='ocrx_word' id='word_1_193' title='bbox 1485 1814 1501 1841; x_wconf 90' lang='grc'>,</span> <span class='ocrx_word' id='word_1_194' title='bbox 1542 1773 1602 1840; x_wconf 80' lang='grc' dir='ltr'>ἐξ</span> <span class='ocrx_word' id='word_1_195' title='bbox 1632 1766 1708 1826; x_wconf 81' lang='grc' dir='ltr'>ὧν</span> 
     </span>
    </p>
   </div>
   <div class='ocr_carea' id='block_1_25' title="bbox 1807 1766 3394 1847">
    <p class='ocr_par' dir='ltr' id='par_1_25' title="bbox 1807 1771 3394 1842">
     <span class='ocr_line' id='line_1_25' title="bbox 1807 1771 3394 1842; baseline 0.002 -15"><span class='ocrx_word' id='word_1_196' title='bbox 1807 1786 2105 1842; x_wconf 88' lang='lat' dir='ltr'>apocopen.</span> <span class='ocrx_word' id='word_1_197' title='bbox 2137 1771 2500 1826; x_wconf 87' lang='lat' dir='ltr'><strong>Stimulamur</strong></span> <span class='ocrx_word' id='word_1_198' title='bbox 2523 1773 2670 1826; x_wconf 89' lang='lat' dir='ltr'><strong>enim</strong></span> <span class='ocrx_word' id='word_1_199' title='bbox 2700 1772 2754 1827; x_wconf 93' lang='lat' dir='ltr'>in</span> <span class='ocrx_word' id='word_1_200' title='bbox 2788 1773 3033 1829; x_wconf 88' lang='lat' dir='ltr'><strong>tenebris</strong></span> <span class='ocrx_word' id='word_1_201' title='bbox 3058 1773 3394 1830; x_wconf 78' lang='lat' dir='ltr'><strong>oll‘endentes</strong></span> 
     </span>
    </p>
   </div>
   <div class='ocr_carea' id='block_1_26' title="bbox 151 1862 1738 1938">
    <p class='ocr_par' dir='ltr' id='par_1_26' title="bbox 151 1864 1708 1938">
     <span class='ocr_line' id='line_1_26' title="bbox 151 1864 1708 1938; baseline -0.001 -19"><span class='ocrx_word' id='word_1_202' title='bbox 151 1868 317 1938; x_wconf 76' lang='grc' dir='ltr'>νυγμοί</span> <span class='ocrx_word' id='word_1_203' title='bbox 360 1884 423 1919; x_wconf 87' lang='grc' dir='ltr'>τε</span> <span class='ocrx_word' id='word_1_204' title='bbox 469 1868 565 1921; x_wconf 72' lang='grc' dir='ltr'>καὶ</span> <span class='ocrx_word' id='word_1_205' title='bbox 596 1866 823 1938; x_wconf 85' lang='grc' dir='ltr'>πληγαί.</span> <span class='ocrx_word' id='word_1_206' title='bbox 876 1867 1044 1920; x_wconf 85' lang='grc' dir='ltr'>Πέντε</span> <span class='ocrx_word' id='word_1_207' title='bbox 1089 1866 1146 1920; x_wconf 84' lang='grc' dir='ltr'>δέ</span> <span class='ocrx_word' id='word_1_208' title='bbox 1178 1868 1285 1920; x_wconf 88' lang='grc' dir='ltr'>είσι</span> <span class='ocrx_word' id='word_1_209' title='bbox 1334 1864 1708 1937; x_wconf 78' lang='grc' dir='ltr'>μονοσύλλαϐα</span> 
     </span>
    </p>
   </div>
   <div class='ocr_carea' id='block_1_27' title="bbox 1808 1862 3395 1938">
    <p class='ocr_par' dir='ltr' id='par_1_27' title="bbox 1808 1862 3395 1931">
     <span class='ocr_line' id='line_1_27' title="bbox 1808 1862 3395 1931; baseline 0.001 -15"><span class='ocrx_word' id='word_1_210' title='bbox 1808 1872 1861 1916; x_wconf 87' lang='lat' dir='ltr'>et</span> <span class='ocrx_word' id='word_1_211' title='bbox 1894 1877 2007 1916; x_wconf 90' lang='lat' dir='ltr'>non</span> <span class='ocrx_word' id='word_1_212' title='bbox 2038 1862 2319 1918; x_wconf 81' lang='lat' dir='ltr'><strong>videntes:</strong></span> <span class='ocrx_word' id='word_1_213' title='bbox 2351 1862 2496 1917; x_wconf 90' lang='lat' dir='ltr'><strong>unde</strong></span> <span class='ocrx_word' id='word_1_214' title='bbox 2521 1872 2574 1917; x_wconf 92' lang='lat' dir='ltr'>et</span> <span class='ocrx_word' id='word_1_215' title='bbox 2600 1863 2827 1918; x_wconf 82' lang='lat' dir='ltr'><strong>vulnera</strong></span> <span class='ocrx_word' id='word_1_216' title='bbox 2875 1873 2930 1919; x_wconf 91' lang='lat' dir='ltr'>et</span> <span class='ocrx_word' id='word_1_217' title='bbox 2962 1863 3193 1919; x_wconf 69' lang='lat' dir='ltr'><strong>laasurae.</strong></span> <span class='ocrx_word' id='word_1_218' title='bbox 3226 1864 3395 1931; x_wconf 81' lang='lat' dir='ltr'><strong>Quin-</strong></span> 
     </span>
    </p>
   </div>
   <div class='ocr_carea' id='block_1_28' title="bbox 154 1953 1741 2032">
    <p class='ocr_par' dir='ltr' id='par_1_28' title="bbox 154 1958 1708 2032">
     <span class='ocr_line' id='line_1_28' title="bbox 154 1958 1708 2032; baseline 0 -20"><span class='ocrx_word' id='word_1_219' title='bbox 154 1962 216 2020; x_wconf 48' lang='grc' dir='ltr'>είς</span> <span class='ocrx_word' id='word_1_220' title='bbox 266 1960 339 2023; x_wconf 64' lang='lat' dir='ltr'><strong>of</strong></span> <span class='ocrx_word' id='word_1_221' title='bbox 379 1960 621 2029; x_wconf 75' lang='grc' dir='ltr'>λήγοντα</span> <span class='ocrx_word' id='word_1_222' title='bbox 672 1959 903 2032; x_wconf 82' lang='grc' dir='ltr'>θηλυκὰ,</span> <span class='ocrx_word' id='word_1_223' title='bbox 961 1959 1133 2028; x_wconf 78' lang='grc' dir='ltr'>τρὺξ,</span> <span class='ocrx_word' id='word_1_224' title='bbox 1158 1958 1352 2025; x_wconf 80' lang='grc' dir='ltr'>στὺξ,</span> <span class='ocrx_word' id='word_1_225' title='bbox 1378 1958 1517 2024; x_wconf 69' lang='grc' dir='ltr'>νὺξ,</span> <span class='ocrx_word' id='word_1_226' title='bbox 1548 1958 1708 2024; x_wconf 80' lang='grc' dir='ltr'>πτὺξ</span> 
     </span>
    </p>
   </div>
   <div class='ocr_carea' id='block_1_29' title="bbox 1802 1953 3389 2032">
    <p class='ocr_par' dir='ltr' id='par_1_29' title="bbox 1808 1953 3389 2025">
     <span class='ocr_line' id='line_1_29' title="bbox 1808 1953 3389 2025; baseline 0.001 -19"><span class='ocrx_word' id='word_1_227' title='bbox 1808 1967 1915 2023; x_wconf 91' lang='lat' dir='ltr'>que</span> <span class='ocrx_word' id='word_1_228' title='bbox 1945 1961 2075 2007; x_wconf 87' lang='lat' dir='ltr'><strong>sunt</strong></span> <span class='ocrx_word' id='word_1_229' title='bbox 2112 1953 2491 2025; x_wconf 88' lang='lat' dir='ltr'><strong>monosyllaba</strong></span> <span class='ocrx_word' id='word_1_230' title='bbox 2521 1953 2577 2009; x_wconf 92' lang='lat' dir='ltr'>in</span> <span class='ocrx_word' id='word_1_231' title='bbox 2627 1954 2693 2019; x_wconf 79' lang='grc' dir='ltr'>υξ</span> <span class='ocrx_word' id='word_1_232' title='bbox 2746 1954 3054 2010; x_wconf 87' lang='lat' dir='ltr'><strong>desinentia</strong></span> <span class='ocrx_word' id='word_1_233' title='bbox 3086 1954 3347 2009; x_wconf 80' lang='lat' dir='ltr'><strong>feminina</strong></span> <span class='ocrx_word' id='word_1_234' title='bbox 3376 1972 3389 2008; x_wconf 92' lang='lat'>:</span> 
     </span>
    </p>
   </div>
   <div class='ocr_carea' id='block_1_30' title="bbox 155 2037 1742 2120">
    <p class='ocr_par' dir='ltr' id='par_1_30' title="bbox 155 2046 1708 2120">
     <span class='ocr_line' id='line_1_30' title="bbox 155 2046 1708 2120; baseline -0.001 -19"><span class='ocrx_word' id='word_1_235' title='bbox 155 2050 233 2101; x_wconf 70' lang='grc' dir='ltr'>καὶ</span> <span class='ocrx_word' id='word_1_236' title='bbox 256 2050 429 2114; x_wconf 71' lang='grc' dir='ltr'>πνύξ.</span> <span class='ocrx_word' id='word_1_237' title='bbox 465 2049 685 2103; x_wconf 75' lang='grc' dir='ltr'>Τούτων</span> <span class='ocrx_word' id='word_1_238' title='bbox 716 2049 801 2103; x_wconf 82' lang='grc' dir='ltr'>διὰ</span> <span class='ocrx_word' id='word_1_239' title='bbox 836 2049 932 2120; x_wconf 83' lang='grc' dir='ltr'>μὲν</span> <span class='ocrx_word' id='word_1_240' title='bbox 955 2049 1050 2102; x_wconf 83' lang='grc' dir='ltr'>τοῦ</span> <span class='ocrx_word' id='word_1_241' title='bbox 1084 2067 1121 2118; x_wconf 76' lang='grc' dir='ltr'>τ</span> <span class='ocrx_word' id='word_1_242' title='bbox 1163 2048 1422 2114; x_wconf 81' lang='grc' dir='ltr'>κλίνεται,</span> <span class='ocrx_word' id='word_1_243' title='bbox 1448 2046 1510 2099; x_wconf 87' lang='grc' dir='ltr'>τὸ</span> <span class='ocrx_word' id='word_1_244' title='bbox 1557 2046 1708 2115; x_wconf 79' lang='grc' dir='ltr'>τρὺξ</span> 
     </span>
    </p>
   </div>
   <div class='ocr_carea' id='block_1_31' title="bbox 1809 2037 3396 2120">
    <p class='ocr_par' dir='ltr' id='par_1_31' title="bbox 1809 2037 3396 2109">
     <span class='ocr_line' id='line_1_31' title="bbox 1809 2037 3396 2109; baseline 0.003 -18"><span class='ocrx_word' id='word_1_245' title='bbox 1809 2037 1963 2107; x_wconf 57' lang='lat' dir='ltr'><strong>epos,</strong></span> <span class='ocrx_word' id='word_1_246' title='bbox 1998 2038 2126 2107; x_wconf 77' lang='lat' dir='ltr'>fwx,</span> <span class='ocrx_word' id='word_1_247' title='bbox 2181 2040 2333 2105; x_wconf 83' lang='grc' dir='ltr'>στὺξ,</span> <span class='ocrx_word' id='word_1_248' title='bbox 2360 2041 2519 2109; x_wconf 90' lang='lat' dir='ltr'><strong>palus</strong></span> <span class='ocrx_word' id='word_1_249' title='bbox 2582 2040 2903 2104; x_wconf 82' lang='lat' dir='ltr'><strong>inferorum,</strong></span> <span class='ocrx_word' id='word_1_250' title='bbox 2938 2040 3033 2107; x_wconf 81' lang='grc' dir='ltr'>νύξ</span> <span class='ocrx_word' id='word_1_251' title='bbox 3069 2057 3195 2107; x_wconf 83' lang='lat' dir='ltr'><strong>nox,</strong></span> <span class='ocrx_word' id='word_1_252' title='bbox 3257 2042 3396 2105; x_wconf 78' lang='grc' dir='ltr'>πτὺξ</span> 
     </span>
    </p>
   </div>
   <div class='ocr_carea' id='block_1_32' title="bbox 156 2124 1743 2212">
    <p class='ocr_par' dir='ltr' id='par_1_32' title="bbox 156 2140 1707 2212">
     <span class='ocr_line' id='line_1_32' title="bbox 156 2140 1707 2212; baseline -0.001 -17"><span class='ocrx_word' id='word_1_253' title='bbox 156 2143 236 2195; x_wconf 74' lang='grc' dir='ltr'>καὶ</span> <span class='ocrx_word' id='word_1_254' title='bbox 259 2144 313 2195; x_wconf 74' lang='grc' dir='ltr'>τὸ</span> <span class='ocrx_word' id='word_1_255' title='bbox 326 2144 503 2207; x_wconf 77' lang='grc' dir='ltr'>στύξο</span> <span class='ocrx_word' id='word_1_256' title='bbox 530 2143 621 2196; x_wconf 79' lang='grc' dir='ltr'>διὰ</span> <span class='ocrx_word' id='word_1_257' title='bbox 653 2142 709 2197; x_wconf 82' lang='grc' dir='ltr'>δὲ</span> <span class='ocrx_word' id='word_1_258' title='bbox 738 2142 833 2196; x_wconf 78' lang='grc' dir='ltr'>τοῦ</span> <span class='ocrx_word' id='word_1_259' title='bbox 852 2162 889 2212; x_wconf 87' lang='grc' dir='ltr'><strong><em>χ</em></strong></span> <span class='ocrx_word' id='word_1_260' title='bbox 907 2142 968 2195; x_wconf 85' lang='grc' dir='ltr'>τὸ</span> <span class='ocrx_word' id='word_1_261' title='bbox 996 2142 1154 2208; x_wconf 81' lang='grc' dir='ltr'>πτὺξ</span> <span class='ocrx_word' id='word_1_262' title='bbox 1172 2143 1266 2195; x_wconf 74' lang='grc' dir='ltr'>καὶ</span> <span class='ocrx_word' id='word_1_263' title='bbox 1292 2142 1353 2195; x_wconf 81' lang='grc' dir='ltr'>τὸ</span> <span class='ocrx_word' id='word_1_264' title='bbox 1377 2140 1514 2205; x_wconf 76' lang='grc' dir='ltr'>νύξ.</span> <span class='ocrx_word' id='word_1_265' title='bbox 1542 2140 1707 2204; x_wconf 66' lang='lat' dir='ltr'><strong>mox:</strong></span> 
     </span>
    </p>
   </div>
   <div class='ocr_carea' id='block_1_33' title="bbox 1809 2124 3396 2212">
    <p class='ocr_par' dir='ltr' id='par_1_33' title="bbox 1809 2124 3396 2193">
     <span class='ocr_line' id='line_1_33' title="bbox 1809 2124 3396 2193; baseline 0.005 -17"><span class='ocrx_word' id='word_1_266' title='bbox 1809 2124 2094 2193; x_wconf 81' lang='lat' dir='ltr'><strong>plicatura,</strong></span> <span class='ocrx_word' id='word_1_267' title='bbox 2126 2134 2181 2179; x_wconf 90' lang='lat' dir='ltr'>et</span> <span class='ocrx_word' id='word_1_268' title='bbox 2212 2126 2352 2190; x_wconf 71' lang='grc' dir='ltr'>πνὺξ</span> <span class='ocrx_word' id='word_1_269' title='bbox 2387 2127 2582 2182; x_wconf 91' lang='lat' dir='ltr'><strong>concio</strong></span> <span class='ocrx_word' id='word_1_270' title='bbox 2614 2128 2845 2185; x_wconf 86' lang='lat' dir='ltr'><strong>Athenis</strong></span> <span class='ocrx_word' id='word_1_271' title='bbox 2872 2145 2968 2184; x_wconf 88' lang='lat' dir='ltr'>seu</span> <span class='ocrx_word' id='word_1_272' title='bbox 2999 2130 3260 2184; x_wconf 85' lang='lat' dir='ltr'><strong>tribunal.</strong></span> <span class='ocrx_word' id='word_1_273' title='bbox 3293 2129 3396 2184; x_wconf 86' lang='lat' dir='ltr'><strong>Per</strong></span> 
     </span>
    </p>
   </div>
   <div class='ocr_carea' id='block_1_34' title="bbox 162 2216 1749 2305">
    <p class='ocr_par' dir='ltr' id='par_1_34' title="bbox 162 2218 1749 2305">
     <span class='ocr_line' id='line_1_34' title="bbox 162 2218 1749 2305; baseline -0.016 0"><span class='ocrx_word' id='word_1_274' title='bbox 162 2238 252 2303; x_wconf 58' lang='grc' dir='ltr'>γάρ</span> <span class='ocrx_word' id='word_1_275' title='bbox 284 2236 504 2305; x_wconf 70' lang='grc' dir='ltr'><em>πτυχός</em></span> <span class='ocrx_word' id='word_1_276' title='bbox 536 2234 633 2289; x_wconf 67' lang='grc' dir='ltr'>καὶ</span> <span class='ocrx_word' id='word_1_277' title='bbox 657 2234 775 2299; x_wconf 75' lang='grc' dir='ltr'>νὺξ</span> <span class='ocrx_word' id='word_1_278' title='bbox 802 2234 1012 2304; x_wconf 75' lang='grc' dir='ltr'>νυχὸς,</span> <span class='ocrx_word' id='word_1_279' title='bbox 1038 2234 1097 2300; x_wconf 78' lang='grc' dir='ltr'>ἐξ</span> <span class='ocrx_word' id='word_1_280' title='bbox 1131 2227 1193 2288; x_wconf 77' lang='grc' dir='ltr'>οὗ</span> <span class='ocrx_word' id='word_1_281' title='bbox 1224 2234 1318 2287; x_wconf 79' lang='grc' dir='ltr'>καὶ</span> <span class='ocrx_word' id='word_1_282' title='bbox 1334 2233 1643 2301; x_wconf 73' lang='grc' dir='ltr'>πάννυχος</span> <span class='ocrx_word' id='word_1_283' title='bbox 1666 2234 1709 2263; x_wconf 72' lang='grc'><strong><em>⁵³</em></strong></span> <span class='ocrx_word' id='word_1_284' title='bbox 1741 2218 1749 2271; x_wconf 72' lang='lat' dir='ltr'>J</span> 
     </span>
    </p>
   </div>
   <div class='ocr_carea' id='block_1_35' title="bbox 1805 2216 3392 2305">
    <p class='ocr_par' dir='ltr' id='par_1_35' title="bbox 1812 2216 3392 2291">
     <span class='ocr_line' id='line_1_35' title="bbox 1812 2216 3392 2291; baseline 0.004 -22"><span class='ocrx_word' id='word_1_285' title='bbox 1812 2232 1848 2284; x_wconf 86' lang='grc' dir='ltr'>γ</span> <span class='ocrx_word' id='word_1_286' title='bbox 1879 2216 2225 2271; x_wconf 84' lang='lat' dir='ltr'><strong>declinantur</strong></span> <span class='ocrx_word' id='word_1_287' title='bbox 2253 2216 2409 2288; x_wconf 79' lang='grc' dir='ltr'>τρὺξ,</span> <span class='ocrx_word' id='word_1_288' title='bbox 2467 2228 2523 2274; x_wconf 89' lang='lat' dir='ltr'>et</span> <span class='ocrx_word' id='word_1_289' title='bbox 2577 2219 2727 2284; x_wconf 78' lang='grc' dir='ltr'>στὺξ,</span> <span class='ocrx_word' id='word_1_290' title='bbox 2759 2235 2857 2290; x_wconf 92' lang='lat' dir='ltr'>per</span> <span class='ocrx_word' id='word_1_291' title='bbox 2881 2238 2937 2291; x_wconf 87' lang='grc' dir='ltr'><strong>χ.</strong></span> <span class='ocrx_word' id='word_1_292' title='bbox 2971 2220 3133 2284; x_wconf 76' lang='grc' dir='ltr'>πτυξ,</span> <span class='ocrx_word' id='word_1_293' title='bbox 3163 2230 3218 2277; x_wconf 93' lang='lat' dir='ltr'>et</span> <span class='ocrx_word' id='word_1_294' title='bbox 3260 2221 3392 2288; x_wconf 77' lang='grc' dir='ltr'>νὺξε</span> 
     </span>
    </p>
   </div>
   <div class='ocr_carea' id='block_1_36' title="bbox 174 2308 3399 2395">
    <p class='ocr_par' dir='ltr' id='par_1_36' title="bbox 174 2308 3399 2395">
     <span class='ocr_line' id='line_1_36' title="bbox 174 2308 3399 2395; baseline 0.001 -19"><span class='ocrx_word' id='word_1_295' title='bbox 174 2326 251 2376; x_wconf 61' lang='grc' dir='ltr'>καὶ</span> <span class='ocrx_word' id='word_1_296' title='bbox 271 2326 553 2395; x_wconf 69' lang='grc' dir='ltr'>παννυχὶς</span> <span class='ocrx_word' id='word_1_297' title='bbox 596 2326 691 2380; x_wconf 72' lang='grc' dir='ltr'>καὶ</span> <span class='ocrx_word' id='word_1_298' title='bbox 728 2326 1091 2395; x_wconf 78' lang='grc' dir='ltr'>παννύχιον,</span> <span class='ocrx_word' id='word_1_299' title='bbox 1130 2324 1226 2379; x_wconf 81' lang='grc' dir='ltr'>καὶ</span> <span class='ocrx_word' id='word_1_300' title='bbox 1250 2323 1394 2378; x_wconf 83' lang='grc' dir='ltr'>κατὰ</span> <span class='ocrx_word' id='word_1_301' title='bbox 1446 2324 1712 2377; x_wconf 83' lang='grc' dir='ltr'>ἀντιστοι-</span> <span class='ocrx_word' id='word_1_302' title='bbox 1812 2308 1954 2375; x_wconf 67' lang='grc' dir='ltr'>πτῦξ</span> <span class='ocrx_word' id='word_1_303' title='bbox 2001 2309 2226 2379; x_wconf 73' lang='grc' dir='ltr'>πτυχὲς.</span> <span class='ocrx_word' id='word_1_304' title='bbox 2271 2320 2326 2364; x_wconf 64' lang='lat' dir='ltr'>Gl</span> <span class='ocrx_word' id='word_1_305' title='bbox 2364 2311 2462 2375; x_wconf 76' lang='grc' dir='ltr'>νὺξ</span> <span class='ocrx_word' id='word_1_306' title='bbox 2514 2311 2695 2381; x_wconf 71' lang='grc' dir='ltr'>νυχὸς.</span> <span class='ocrx_word' id='word_1_307' title='bbox 2742 2313 2884 2367; x_wconf 73' lang='grc' dir='ltr'>ιιηίιθ</span> <span class='ocrx_word' id='word_1_308' title='bbox 2929 2322 2984 2367; x_wconf 72' lang='grc' dir='ltr'>ει</span> <span class='ocrx_word' id='word_1_309' title='bbox 3032 2313 3302 2384; x_wconf 83' lang='grc' dir='ltr'>πάννυχος</span> <span class='ocrx_word' id='word_1_310' title='bbox 3343 2323 3399 2368; x_wconf 73' lang='grc' dir='ltr'>ει</span> 
     </span>
    </p>
   </div>
   <div class='ocr_carea' id='block_1_37' title="bbox 178 2401 1765 2487">
    <p class='ocr_par' dir='ltr' id='par_1_37' title="bbox 178 2414 1712 2487">
     <span class='ocr_line' id='line_1_37' title="bbox 178 2414 1712 2487; baseline 0.002 -22"><span class='ocrx_word' id='word_1_311' title='bbox 178 2416 278 2484; x_wconf 83' lang='grc' dir='ltr'>χίαν</span> <span class='ocrx_word' id='word_1_312' title='bbox 304 2420 484 2484; x_wconf 64' lang='grc' dir='ltr'>ηχος,</span> <span class='ocrx_word' id='word_1_313' title='bbox 509 2416 608 2471; x_wconf 81' lang='grc' dir='ltr'>καὶ</span> <span class='ocrx_word' id='word_1_314' title='bbox 639 2418 918 2472; x_wconf 81' lang='grc' dir='ltr'>ἐπενθέσει</span> <span class='ocrx_word' id='word_1_315' title='bbox 946 2417 1040 2472; x_wconf 82' lang='grc' dir='ltr'>τοῦ</span> <span class='ocrx_word' id='word_1_316' title='bbox 1067 2435 1099 2471; x_wconf 88' lang='grc' dir='ltr'>τ</span> <span class='ocrx_word' id='word_1_317' title='bbox 1130 2416 1353 2483; x_wconf 81' lang='grc' dir='ltr'>νυκτός</span> <span class='ocrx_word' id='word_1_318' title='bbox 1374 2431 1388 2447; x_wconf 76' lang='grc' dir='ltr'><strong><em>ο</em></strong></span> <span class='ocrx_word' id='word_1_319' title='bbox 1420 2414 1566 2484; x_wconf 82' lang='grc' dir='ltr'>φιλεῖ</span> <span class='ocrx_word' id='word_1_320' title='bbox 1603 2416 1712 2487; x_wconf 84' lang='grc' dir='ltr'>γὰρ</span> 
     </span>
    </p>
   </div>
   <div class='ocr_carea' id='block_1_38' title="bbox 1809 2401 3396 2487">
    <p class='ocr_par' dir='ltr' id='par_1_38' title="bbox 1812 2401 3396 2474">
     <span class='ocr_line' id='line_1_38' title="bbox 1812 2401 3396 2474; baseline 0.004 -20"><span class='ocrx_word' id='word_1_321' title='bbox 1812 2401 2079 2471; x_wconf 73' lang='grc' dir='ltr'>παννυχὶς</span> <span class='ocrx_word' id='word_1_322' title='bbox 2107 2412 2162 2455; x_wconf 90' lang='lat' dir='ltr'>et</span> <span class='ocrx_word' id='word_1_323' title='bbox 2194 2401 2516 2473; x_wconf 82' lang='grc' dir='ltr'>παννύχιον,</span> <span class='ocrx_word' id='word_1_324' title='bbox 2566 2414 2620 2459; x_wconf 86' lang='lat' dir='ltr'>et</span> <span class='ocrx_word' id='word_1_325' title='bbox 2652 2420 2750 2474; x_wconf 88' lang='lat' dir='ltr'>per</span> <span class='ocrx_word' id='word_1_326' title='bbox 2795 2405 3101 2460; x_wconf 82' lang='lat' dir='ltr'><strong>litterarum</strong></span> <span class='ocrx_word' id='word_1_327' title='bbox 3140 2406 3396 2460; x_wconf 88' lang='lat' dir='ltr'><strong>mutatio-</strong></span> 
     </span>
    </p>
   </div>
   <div class='ocr_carea' id='block_1_39' title="bbox 177 2492 3398 2578">
    <p class='ocr_par' dir='ltr' id='par_1_39' title="bbox 177 2492 3398 2578">
     <span class='ocr_line' id='line_1_39' title="bbox 177 2492 3398 2578; baseline -0.003 -20"><span class='ocrx_word' id='word_1_328' title='bbox 177 2506 443 2571; x_wconf 71' lang='grc' dir='ltr'>πλεονάζειν</span> <span class='ocrx_word' id='word_1_329' title='bbox 493 2510 554 2562; x_wconf 76' lang='grc' dir='ltr'>ἐν</span> <span class='ocrx_word' id='word_1_330' title='bbox 609 2510 730 2572; x_wconf 85' lang='grc' dir='ltr'>ταῖς</span> <span class='ocrx_word' id='word_1_331' title='bbox 773 2511 1021 2577; x_wconf 83' lang='grc' dir='ltr'>γενικαῖς</span> <span class='ocrx_word' id='word_1_332' title='bbox 1050 2508 1109 2562; x_wconf 78' lang='grc' dir='ltr'>τὸ</span> <span class='ocrx_word' id='word_1_333' title='bbox 1158 2526 1210 2574; x_wconf 90' lang='grc' dir='ltr'>τ,</span> <span class='ocrx_word' id='word_1_334' title='bbox 1243 2507 1434 2578; x_wconf 84' lang='grc' dir='ltr'>ὥσπερ</span> <span class='ocrx_word' id='word_1_335' title='bbox 1482 2508 1576 2561; x_wconf 71' lang='grc' dir='ltr'>ἐπὶ</span> <span class='ocrx_word' id='word_1_336' title='bbox 1614 2506 1711 2561; x_wconf 77' lang='grc' dir='ltr'>τοῦ</span> <span class='ocrx_word' id='word_1_337' title='bbox 1814 2508 1937 2547; x_wconf 90' lang='lat' dir='ltr'>nem</span> <span class='ocrx_word' id='word_1_338' title='bbox 1992 2509 2176 2556; x_wconf 86' lang='grc' dir='ltr'>νυκος,</span> <span class='ocrx_word' id='word_1_339' title='bbox 2222 2502 2278 2547; x_wconf 87' lang='lat' dir='ltr'>et</span> <span class='ocrx_word' id='word_1_340' title='bbox 2338 2492 2619 2548; x_wconf 88' lang='lat' dir='ltr'><strong>additione</strong></span> <span class='ocrx_word' id='word_1_341' title='bbox 2672 2512 2703 2547; x_wconf 90' lang='grc' dir='ltr'>τ</span> <span class='ocrx_word' id='word_1_342' title='bbox 2767 2495 2822 2549; x_wconf 91' lang='lat' dir='ltr'>in</span> <span class='ocrx_word' id='word_1_343' title='bbox 2881 2495 3061 2549; x_wconf 88' lang='lat' dir='ltr'><strong>medio</strong></span> <span class='ocrx_word' id='word_1_344' title='bbox 3088 2497 3319 2559; x_wconf 74' lang='grc' dir='ltr'>νυκτὸςς</span> <span class='ocrx_word' id='word_1_345' title='bbox 3362 2510 3398 2549; x_wconf 83' lang='grc' dir='ltr'>κ</span> 
     </span>
    </p>
   </div>
   <div class='ocr_carea' id='block_1_40' title="bbox 177 2582 1764 2669">
    <p class='ocr_par' dir='ltr' id='par_1_40' title="bbox 177 2596 1712 2669">
     <span class='ocr_line' id='line_1_40' title="bbox 177 2596 1712 2669; baseline 0.003 -23"><span class='ocrx_word' id='word_1_346' title='bbox 177 2596 389 2664; x_wconf 77' lang='grc' dir='ltr'>ἄνακτος</span> <span class='ocrx_word' id='word_1_347' title='bbox 414 2599 512 2652; x_wconf 68' lang='grc' dir='ltr'>καὶ</span> <span class='ocrx_word' id='word_1_348' title='bbox 547 2598 867 2669; x_wconf 76' lang='grc' dir='ltr'>γάλακτος.</span> <span class='ocrx_word' id='word_1_349' title='bbox 900 2600 974 2653; x_wconf 84' lang='grc' dir='ltr'>Τὸ</span> <span class='ocrx_word' id='word_1_350' title='bbox 1016 2599 1073 2653; x_wconf 84' lang='grc' dir='ltr'>δὲ</span> <span class='ocrx_word' id='word_1_351' title='bbox 1098 2597 1263 2664; x_wconf 69' lang='grc' dir='ltr'>πνὺξ</span> <span class='ocrx_word' id='word_1_352' title='bbox 1305 2597 1467 2669; x_wconf 81' lang='grc' dir='ltr'>μόνον</span> <span class='ocrx_word' id='word_1_353' title='bbox 1499 2596 1590 2652; x_wconf 85' lang='grc' dir='ltr'>διὰ</span> <span class='ocrx_word' id='word_1_354' title='bbox 1616 2596 1712 2651; x_wconf 83' lang='grc' dir='ltr'>τοῦ</span> 
     </span>
    </p>
   </div>
   <div class='ocr_carea' id='block_1_41' title="bbox 1809 2582 3396 2669">
    <p class='ocr_par' dir='ltr' id='par_1_41' title="bbox 1814 2582 3396 2655">
     <span class='ocr_line' id='line_1_41' title="bbox 1814 2582 3396 2655; baseline 0.001 -18"><span class='ocrx_word' id='word_1_355' title='bbox 1814 2582 1958 2637; x_wconf 90' lang='lat' dir='ltr'><strong>enim</strong></span> <span class='ocrx_word' id='word_1_356' title='bbox 1994 2582 2046 2636; x_wconf 92' lang='lat' dir='ltr'>in</span> <span class='ocrx_word' id='word_1_357' title='bbox 2074 2598 2204 2637; x_wconf 89' lang='lat' dir='ltr'><strong>casu</strong></span> <span class='ocrx_word' id='word_1_358' title='bbox 2229 2582 2473 2655; x_wconf 77' lang='lat' dir='ltr'><strong>genitivo</strong></span> <span class='ocrx_word' id='word_1_359' title='bbox 2500 2582 2785 2639; x_wconf 88' lang='lat' dir='ltr'><strong>abundare</strong></span> <span class='ocrx_word' id='word_1_360' title='bbox 2807 2584 2967 2652; x_wconf 88' lang='lat' dir='ltr'><strong>solet,</strong></span> <span class='ocrx_word' id='word_1_361' title='bbox 2993 2595 3052 2639; x_wconf 91' lang='lat' dir='ltr'>ut</span> <span class='ocrx_word' id='word_1_362' title='bbox 3070 2584 3128 2639; x_wconf 89' lang='lat' dir='ltr'>in</span> <span class='ocrx_word' id='word_1_363' title='bbox 3166 2585 3396 2650; x_wconf 81' lang='grc' dir='ltr'>ἄνακτος</span> 
     </span>
    </p>
   </div>
   <div class='ocr_carea' id='block_1_42' title="bbox 170 2672 1757 2746">
    <p class='ocr_par' dir='ltr' id='par_1_42' title="bbox 170 2689 465 2746">
     <span class='ocr_line' id='line_1_42' title="bbox 170 2689 465 2746; baseline 0.02 -6"><span class='ocrx_word' id='word_1_364' title='bbox 170 2705 200 2740; x_wconf 80' lang='grc' dir='ltr'>κ</span> <span class='ocrx_word' id='word_1_365' title='bbox 225 2689 465 2746; x_wconf 74' lang='grc' dir='ltr'>κλίνεται.</span> 
     </span>
    </p>
   </div>
   <div class='ocr_carea' id='block_1_43' title="bbox 1748 2672 3335 2746">
    <p class='ocr_par' dir='ltr' id='par_1_43' title="bbox 1813 2672 3335 2746">
     <span class='ocr_line' id='line_1_43' title="bbox 1813 2672 3335 2746; baseline 0.002 -19"><span class='ocrx_word' id='word_1_366' title='bbox 1813 2681 1870 2728; x_wconf 87' lang='lat' dir='ltr'>et</span> <span class='ocrx_word' id='word_1_367' title='bbox 1911 2672 2220 2741; x_wconf 77' lang='grc' dir='ltr'>γάλακτοςε</span> <span class='ocrx_word' id='word_1_368' title='bbox 2261 2673 2421 2738; x_wconf 80' lang='grc' dir='ltr'>πνὺξ,</span> <span class='ocrx_word' id='word_1_369' title='bbox 2453 2690 2584 2730; x_wconf 90' lang='lat' dir='ltr'><strong>vero</strong></span> <span class='ocrx_word' id='word_1_370' title='bbox 2613 2674 2789 2729; x_wconf 90' lang='lat' dir='ltr'><strong>solum</strong></span> <span class='ocrx_word' id='word_1_371' title='bbox 2820 2690 2917 2746; x_wconf 90' lang='lat' dir='ltr'>per</span> <span class='ocrx_word' id='word_1_372' title='bbox 2942 2692 2977 2729; x_wconf 84' lang='grc' dir='ltr'>κ</span> <span class='ocrx_word' id='word_1_373' title='bbox 3011 2676 3335 2732; x_wconf 86' lang='lat' dir='ltr'><strong>declinatur.</strong></span> 
     </span>
    </p>
   </div>
   <div class='ocr_carea' id='block_1_44' title="bbox 222 2764 1809 2851">
    <p class='ocr_par' dir='ltr' id='par_1_44' title="bbox 222 2772 1715 2851">
     <span class='ocr_line' id='line_1_44' title="bbox 222 2772 1715 2851; baseline 0.001 -20"><span class='ocrx_word' id='word_1_374' title='bbox 222 2778 325 2831; x_wconf 83' lang='grc' dir='ltr'>Ὀτι</span> <span class='ocrx_word' id='word_1_375' title='bbox 352 2782 411 2833; x_wconf 86' lang='grc' dir='ltr'>ἐν</span> <span class='ocrx_word' id='word_1_376' title='bbox 447 2782 571 2844; x_wconf 87' lang='grc' dir='ltr'>ταῖς</span> <span class='ocrx_word' id='word_1_377' title='bbox 614 2780 869 2851; x_wconf 84' lang='grc' dir='ltr'>Ἀθήναις</span> <span class='ocrx_word' id='word_1_378' title='bbox 886 2781 979 2833; x_wconf 72' lang='grc' dir='ltr'>καὶ</span> <span class='ocrx_word' id='word_1_379' title='bbox 1001 2772 1155 2842; x_wconf 71' lang='grc' dir='ltr'>οὗτος</span> <span class='ocrx_word' id='word_1_380' title='bbox 1184 2778 1427 2850; x_wconf 83' lang='grc' dir='ltr'>τέσσαρα</span> <span class='ocrx_word' id='word_1_381' title='bbox 1454 2778 1715 2850; x_wconf 83' lang='grc' dir='ltr'>δικαστή-</span> 
     </span>
    </p>
   </div>
   <div class='ocr_carea' id='block_1_45' title="bbox 1809 2764 3396 2851">
    <p class='ocr_par' dir='ltr' id='par_1_45' title="bbox 1887 2764 3396 2837">
     <span class='ocr_line' id='line_1_45' title="bbox 1887 2764 3396 2837; baseline 0.004 -19"><span class='ocrx_word' id='word_1_382' title='bbox 1887 2764 2114 2818; x_wconf 81' lang='lat' dir='ltr'><strong>Athenis</strong></span> <span class='ocrx_word' id='word_1_383' title='bbox 2141 2774 2379 2835; x_wconf 83' lang='lat' dir='ltr'><strong>quatuor</strong></span> <span class='ocrx_word' id='word_1_384' title='bbox 2412 2764 2619 2835; x_wconf 84' lang='lat' dir='ltr'><strong>judicia</strong></span> <span class='ocrx_word' id='word_1_385' title='bbox 2653 2767 2766 2837; x_wconf 65' lang='lat'>(49)</span> <span class='ocrx_word' id='word_1_386' title='bbox 2802 2770 2869 2822; x_wconf 90' lang='lat' dir='ltr'>de</span> <span class='ocrx_word' id='word_1_387' title='bbox 2898 2770 3045 2824; x_wconf 64' lang='lat' dir='ltr'><strong>caade</strong></span> <span class='ocrx_word' id='word_1_388' title='bbox 3072 2784 3197 2824; x_wconf 86' lang='lat' dir='ltr'><strong>esse</strong></span> <span class='ocrx_word' id='word_1_389' title='bbox 3228 2769 3396 2825; x_wconf 80' lang='lat' dir='ltr'><strong>dicit:</strong></span> 
     </span>
    </p>
   </div>
   <div class='ocr_carea' id='block_1_46' title="bbox 172 2858 1759 2941">
    <p class='ocr_par' dir='ltr' id='par_1_46' title="bbox 172 2865 1716 2941">
     <span class='ocr_line' id='line_1_46' title="bbox 172 2865 1716 2941; baseline -0.001 -19"><span class='ocrx_word' id='word_1_390' title='bbox 172 2887 246 2939; x_wconf 82' lang='grc' dir='ltr'>ρια</span> <span class='ocrx_word' id='word_1_391' title='bbox 286 2872 477 2939; x_wconf 69' lang='grc' dir='ltr'>φονικὰ</span> <span class='ocrx_word' id='word_1_392' title='bbox 533 2865 675 2925; x_wconf 77' lang='grc' dir='ltr'>εἶναι</span> <span class='ocrx_word' id='word_1_393' title='bbox 737 2871 908 2939; x_wconf 77' lang='grc' dir='ltr'>λέγει’</span> <span class='ocrx_word' id='word_1_394' title='bbox 940 2868 989 2923; x_wconf 86' lang='grc' dir='ltr'>α’</span> <span class='ocrx_word' id='word_1_395' title='bbox 1033 2870 1096 2924; x_wconf 82' lang='grc' dir='ltr'>τὺ</span> <span class='ocrx_word' id='word_1_396' title='bbox 1129 2870 1188 2923; x_wconf 82' lang='grc' dir='ltr'>ὲν</span> <span class='ocrx_word' id='word_1_397' title='bbox 1245 2870 1441 2941; x_wconf 83' lang='grc' dir='ltr'>Ἀρείῳ</span> <span class='ocrx_word' id='word_1_398' title='bbox 1481 2867 1716 2939; x_wconf 78' lang='grc' dir='ltr'>πάγῳ,ὂ</span> 
     </span>
    </p>
   </div>
   <div class='ocr_carea' id='block_1_47' title="bbox 1814 2858 3401 2941">
    <p class='ocr_par' dir='ltr' id='par_1_47' title="bbox 1814 2858 3401 2935">
     <span class='ocr_line' id='line_1_47' title="bbox 1814 2858 3401 2935; baseline 0.003 -21"><span class='ocrx_word' id='word_1_399' title='bbox 1814 2858 2058 2915; x_wconf 90' lang='lat' dir='ltr'><strong>Primum</strong></span> <span class='ocrx_word' id='word_1_400' title='bbox 2094 2860 2148 2915; x_wconf 91' lang='lat' dir='ltr'>in</span> <span class='ocrx_word' id='word_1_401' title='bbox 2176 2861 2485 2932; x_wconf 86' lang='lat' dir='ltr'><strong>Areopago,</strong></span> <span class='ocrx_word' id='word_1_402' title='bbox 2516 2862 2660 2932; x_wconf 88' lang='lat' dir='ltr'><strong>quod</strong></span> <span class='ocrx_word' id='word_1_403' title='bbox 2688 2862 2899 2931; x_wconf 88' lang='lat' dir='ltr'><strong>judicat</strong></span> <span class='ocrx_word' id='word_1_404' title='bbox 2924 2878 3040 2929; x_wconf 91' lang='lat' dir='ltr'><strong>eos,</strong></span> <span class='ocrx_word' id='word_1_405' title='bbox 3072 2863 3167 2935; x_wconf 89' lang='lat' dir='ltr'>qui</span> <span class='ocrx_word' id='word_1_406' title='bbox 3196 2862 3401 2919; x_wconf 89' lang='lat' dir='ltr'><strong>delibe-</strong></span> 
     </span>
    </p>
   </div>
   <div class='ocr_carea' id='block_1_48' title="bbox 171 2954 1758 3034">
    <p class='ocr_par' dir='ltr' id='par_1_48' title="bbox 171 2958 1715 3034">
     <span class='ocr_line' id='line_1_48' title="bbox 171 2958 1715 3034; baseline 0.001 -21"><span class='ocrx_word' id='word_1_407' title='bbox 171 2962 340 3027; x_wconf 72' lang='grc' dir='ltr'>δικάζει</span> <span class='ocrx_word' id='word_1_408' title='bbox 371 2964 507 3027; x_wconf 74' lang='grc' dir='ltr'>τοὺς</span> <span class='ocrx_word' id='word_1_409' title='bbox 548 2963 614 3016; x_wconf 85' lang='grc' dir='ltr'>ἐκ</span> <span class='ocrx_word' id='word_1_410' title='bbox 663 2962 921 3034; x_wconf 87' lang='grc' dir='ltr'>προνοίας</span> <span class='ocrx_word' id='word_1_411' title='bbox 955 2961 1048 3016; x_wconf 84' lang='grc' dir='ltr'>τὸν</span> <span class='ocrx_word' id='word_1_412' title='bbox 1095 2960 1254 3030; x_wconf 83' lang='grc' dir='ltr'>φόνον</span> <span class='ocrx_word' id='word_1_413' title='bbox 1289 2960 1637 3031; x_wconf 81' lang='grc' dir='ltr'>δεδρακότας·</span> <span class='ocrx_word' id='word_1_414' title='bbox 1671 2958 1715 3029; x_wconf 83' lang='grc' dir='ltr'>β’</span> 
     </span>
    </p>
   </div>
   <div class='ocr_carea' id='block_1_49' title="bbox 1814 2954 3401 3034">
    <p class='ocr_par' dir='ltr' id='par_1_49' title="bbox 1816 2954 3401 3012">
     <span class='ocr_line' id='line_1_49' title="bbox 1816 2954 3401 3012; baseline 0.003 -5"><span class='ocrx_word' id='word_1_415' title='bbox 1816 2962 1940 3008; x_wconf 89' lang='lat' dir='ltr'><strong>rato</strong></span> <span class='ocrx_word' id='word_1_416' title='bbox 1988 2954 2177 3008; x_wconf 90' lang='lat' dir='ltr'><strong>animo</strong></span> <span class='ocrx_word' id='word_1_417' title='bbox 2208 2955 2411 3009; x_wconf 63' lang='lat' dir='ltr'><strong>eaedem</strong></span> <span class='ocrx_word' id='word_1_418' title='bbox 2445 2954 2713 3011; x_wconf 83' lang='lat' dir='ltr'><strong>fecerunt.</strong></span> <span class='ocrx_word' id='word_1_419' title='bbox 2764 2954 3080 3011; x_wconf 88' lang='lat' dir='ltr'><strong>Secundum</strong></span> <span class='ocrx_word' id='word_1_420' title='bbox 3128 2959 3184 3012; x_wconf 88' lang='lat' dir='ltr'>in</span> <span class='ocrx_word' id='word_1_421' title='bbox 3224 2958 3401 3012; x_wconf 79' lang='lat' dir='ltr'><strong>Palla-</strong></span> 
     </span>
    </p>
   </div>
   <div class='ocr_carea' id='block_1_50' title="bbox 168 3046 1755 3125">
    <p class='ocr_par' dir='ltr' id='par_1_50' title="bbox 168 3048 1715 3125">
     <span class='ocr_line' id='line_1_50' title="bbox 168 3048 1715 3125; baseline 0.001 -23"><span class='ocrx_word' id='word_1_422' title='bbox 168 3051 218 3103; x_wconf 85' lang='grc' dir='ltr'>τὸ</span> <span class='ocrx_word' id='word_1_423' title='bbox 239 3055 310 3106; x_wconf 78' lang='grc' dir='ltr'>ἐπὶ</span> <span class='ocrx_word' id='word_1_424' title='bbox 339 3054 651 3125; x_wconf 76' lang='grc' dir='ltr'>Παλλαδίῳο</span> <span class='ocrx_word' id='word_1_425' title='bbox 683 3054 819 3123; x_wconf 81' lang='grc' dir='ltr'>ὅπερ</span> <span class='ocrx_word' id='word_1_426' title='bbox 848 3052 1028 3117; x_wconf 78' lang='grc' dir='ltr'>ἐτάζει</span> <span class='ocrx_word' id='word_1_427' title='bbox 1056 3053 1181 3116; x_wconf 79' lang='grc' dir='ltr'>τοὺς</span> <span class='ocrx_word' id='word_1_428' title='bbox 1206 3051 1499 3115; x_wconf 74' lang='grc' dir='ltr'>ἀκουσίως*</span> <span class='ocrx_word' id='word_1_429' title='bbox 1535 3058 1583 3120; x_wconf 87' lang='grc' dir='ltr'>γ’</span> <span class='ocrx_word' id='word_1_430' title='bbox 1611 3048 1715 3123; x_wconf 81' lang='grc' dir='ltr'>[δὲ]</span> 
     </span>
    </p>
   </div>
   <div class='ocr_carea' id='block_1_51' title="bbox 1813 3046 3400 3125">
    <p class='ocr_par' dir='ltr' id='par_1_51' title="bbox 1815 3046 3400 3121">
     <span class='ocr_line' id='line_1_51' title="bbox 1815 3046 3400 3121; baseline 0.003 -21"><span class='ocrx_word' id='word_1_431' title='bbox 1815 3046 1928 3111; x_wconf 91' lang='lat' dir='ltr'><strong>dio,</strong></span> <span class='ocrx_word' id='word_1_432' title='bbox 1995 3047 2142 3117; x_wconf 90' lang='lat' dir='ltr'><strong>quod</strong></span> <span class='ocrx_word' id='word_1_433' title='bbox 2202 3047 2256 3101; x_wconf 92' lang='lat' dir='ltr'>in</span> <span class='ocrx_word' id='word_1_434' title='bbox 2314 3047 2440 3102; x_wconf 88' lang='lat' dir='ltr'><strong>illos</strong></span> <span class='ocrx_word' id='word_1_435' title='bbox 2500 3047 2761 3119; x_wconf 83' lang='lat' dir='ltr'><strong>inquirit,</strong></span> <span class='ocrx_word' id='word_1_436' title='bbox 2813 3050 2909 3121; x_wconf 91' lang='lat' dir='ltr'>qui</span> <span class='ocrx_word' id='word_1_437' title='bbox 2983 3050 3139 3105; x_wconf 90' lang='lat' dir='ltr'><strong>inviti</strong></span> <span class='ocrx_word' id='word_1_438' title='bbox 3197 3052 3400 3105; x_wconf 65' lang='lat' dir='ltr'><strong>caadem</strong></span> 
     </span>
    </p>
   </div>
   <div class='ocr_carea' id='block_1_52' title="bbox 163 3136 1750 3214">
    <p class='ocr_par' dir='ltr' id='par_1_52' title="bbox 163 3141 1716 3214">
     <span class='ocr_line' id='line_1_52' title="bbox 163 3141 1716 3214; baseline 0.001 -21"><span class='ocrx_word' id='word_1_439' title='bbox 163 3142 213 3194; x_wconf 85' lang='grc' dir='ltr'>τὸ</span> <span class='ocrx_word' id='word_1_440' title='bbox 260 3146 339 3197; x_wconf 76' lang='grc' dir='ltr'>ἐπὶ</span> <span class='ocrx_word' id='word_1_441' title='bbox 385 3143 682 3214; x_wconf 81' lang='grc' dir='ltr'>Δελφινίῳ,</span> <span class='ocrx_word' id='word_1_442' title='bbox 725 3143 754 3196; x_wconf 85' lang='grc' dir='ltr'>δ</span> <span class='ocrx_word' id='word_1_443' title='bbox 794 3142 1105 3196; x_wconf 83' lang='grc' dir='ltr'>συνίσταται</span> <span class='ocrx_word' id='word_1_444' title='bbox 1142 3142 1235 3195; x_wconf 65' lang='grc' dir='ltr'>ἐπὶ</span> <span class='ocrx_word' id='word_1_445' title='bbox 1289 3142 1400 3195; x_wconf 86' lang='grc' dir='ltr'>τῶν</span> <span class='ocrx_word' id='word_1_446' title='bbox 1450 3141 1716 3210; x_wconf 88' lang='grc' dir='ltr'>λεγόντων</span> 
     </span>
    </p>
   </div>
   <div class='ocr_carea' id='block_1_53' title="bbox 1815 3136 3402 3214">
    <p class='ocr_par' dir='ltr' id='par_1_53' title="bbox 1817 3136 3402 3213">
     <span class='ocr_line' id='line_1_53' title="bbox 1817 3136 3402 3213; baseline 0.004 -22"><span class='ocrx_word' id='word_1_447' title='bbox 1817 3147 2127 3206; x_wconf 84' lang='lat' dir='ltr'><strong>patrarunt.</strong></span> <span class='ocrx_word' id='word_1_448' title='bbox 2183 3136 2431 3193; x_wconf 87' lang='lat' dir='ltr'><strong>Tertium</strong></span> <span class='ocrx_word' id='word_1_449' title='bbox 2481 3138 2539 3194; x_wconf 90' lang='lat' dir='ltr'>in</span> <span class='ocrx_word' id='word_1_450' title='bbox 2606 3140 2900 3212; x_wconf 90' lang='lat' dir='ltr'><strong>Delphinio</strong></span> <span class='ocrx_word' id='word_1_451' title='bbox 2954 3142 3008 3197; x_wconf 90' lang='lat' dir='ltr'>in</span> <span class='ocrx_word' id='word_1_452' title='bbox 3056 3158 3151 3197; x_wconf 89' lang='lat' dir='ltr'>eos</span> <span class='ocrx_word' id='word_1_453' title='bbox 3194 3144 3288 3213; x_wconf 90' lang='lat' dir='ltr'>qui</span> <span class='ocrx_word' id='word_1_454' title='bbox 3344 3158 3402 3198; x_wconf 87' lang='lat' dir='ltr'>se</span> 
     </span>
    </p>
   </div>
   <div class='ocr_carea' id='block_1_54' title="bbox 158 3229 1745 3307">
    <p class='ocr_par' dir='ltr' id='par_1_54' title="bbox 158 3232 1717 3307">
     <span class='ocr_line' id='line_1_54' title="bbox 158 3232 1717 3307; baseline 0 -22"><span class='ocrx_word' id='word_1_455' title='bbox 158 3232 348 3300; x_wconf 78' lang='grc' dir='ltr'>δικαίως</span> <span class='ocrx_word' id='word_1_456' title='bbox 400 3236 510 3307; x_wconf 83' lang='grc' dir='ltr'>τὴν</span> <span class='ocrx_word' id='word_1_457' title='bbox 560 3235 841 3304; x_wconf 81' lang='grc' dir='ltr'>ἀναίρεσιν</span> <span class='ocrx_word' id='word_1_458' title='bbox 895 3233 1282 3303; x_wconf 83' lang='grc' dir='ltr'>πεποιηκέναι·</span> <span class='ocrx_word' id='word_1_459' title='bbox 1311 3233 1407 3287; x_wconf 60' lang='grc' dir='ltr'>καί⁸</span> <span class='ocrx_word' id='word_1_460' title='bbox 1456 3236 1717 3305; x_wconf 78' lang='grc' dir='ltr'>τέταρτον</span> 
     </span>
    </p>
   </div>
   <div class='ocr_carea' id='block_1_55' title="bbox 1816 3229 3403 3307">
    <p class='ocr_par' dir='ltr' id='par_1_55' title="bbox 1816 3229 3403 3303">
     <span class='ocr_line' id='line_1_55' title="bbox 1816 3229 3403 3303; baseline 0.004 -20"><span class='ocrx_word' id='word_1_461' title='bbox 1816 3229 1938 3299; x_wconf 84' lang='lat' dir='ltr'><strong>jure</strong></span> <span class='ocrx_word' id='word_1_462' title='bbox 1968 3229 2237 3285; x_wconf 85' lang='lat' dir='ltr'><strong>occidisse</strong></span> <span class='ocrx_word' id='word_1_463' title='bbox 2257 3231 2717 3303; x_wconf 78' lang='lat' dir='ltr'><strong>assererent(50).</strong></span> <span class='ocrx_word' id='word_1_464' title='bbox 2740 3232 3005 3299; x_wconf 88' lang='lat' dir='ltr'><strong>Quartum</strong></span> <span class='ocrx_word' id='word_1_465' title='bbox 3036 3236 3403 3302; x_wconf 78' lang='lat' dir='ltr'><strong>l’hreaticum,</strong></span> 
     </span>
    </p>
   </div>
   <div class='ocr_carea' id='block_1_56' title="bbox 160 3321 1747 3399">
    <p class='ocr_par' dir='ltr' id='par_1_56' title="bbox 160 3325 1718 3399">
     <span class='ocr_line' id='line_1_56' title="bbox 160 3325 1718 3399; baseline 0.001 -22"><span class='ocrx_word' id='word_1_466' title='bbox 160 3325 206 3377; x_wconf 82' lang='grc' dir='ltr'>τὺ</span> <span class='ocrx_word' id='word_1_467' title='bbox 224 3328 539 3398; x_wconf 47' lang='lat' dir='ltr'><strong>Maloea-:01,</strong></span> <span class='ocrx_word' id='word_1_468' title='bbox 558 3327 585 3380; x_wconf 81' lang='grc' dir='ltr'>δ</span> <span class='ocrx_word' id='word_1_469' title='bbox 600 3327 813 3391; x_wconf 76' lang='grc' dir='ltr'>δικάζει</span> <span class='ocrx_word' id='word_1_470' title='bbox 839 3328 933 3381; x_wconf 85' lang='grc' dir='ltr'>τὸν</span> <span class='ocrx_word' id='word_1_471' title='bbox 960 3325 1153 3399; x_wconf 83' lang='grc' dir='ltr'>χρόνον</span> <span class='ocrx_word' id='word_1_472' title='bbox 1182 3325 1282 3397; x_wconf 79' lang='grc' dir='ltr'>μέν</span> <span class='ocrx_word' id='word_1_473' title='bbox 1302 3342 1424 3378; x_wconf 90' lang='grc' dir='ltr'>τινα</span> <span class='ocrx_word' id='word_1_474' title='bbox 1445 3325 1718 3394; x_wconf 86' lang='grc' dir='ltr'>φεύγοντα</span> 
     </span>
    </p>
   </div>
   <div class='ocr_carea' id='block_1_57' title="bbox 1817 3321 3404 3399">
    <p class='ocr_par' dir='ltr' id='par_1_57' title="bbox 1818 3321 3404 3399">
     <span class='ocr_line' id='line_1_57' title="bbox 1818 3321 3404 3399; baseline 0.006 -25"><span class='ocrx_word' id='word_1_475' title='bbox 1818 3321 1963 3389; x_wconf 79' lang='lat' dir='ltr'><strong>quod</strong></span> <span class='ocrx_word' id='word_1_476' title='bbox 2012 3321 2230 3392; x_wconf 88' lang='lat' dir='ltr'><strong>judicat</strong></span> <span class='ocrx_word' id='word_1_477' title='bbox 2271 3321 2588 3379; x_wconf 88' lang='lat' dir='ltr'><strong>vadimonia</strong></span> <span class='ocrx_word' id='word_1_478' title='bbox 2626 3324 2992 3394; x_wconf 86' lang='lat' dir='ltr'><strong>deserentem,</strong></span> <span class='ocrx_word' id='word_1_479' title='bbox 3053 3328 3207 3399; x_wconf 81' lang='lat' dir='ltr'><strong>prius</strong></span> <span class='ocrx_word' id='word_1_480' title='bbox 3239 3331 3404 3384; x_wconf 66' lang='lat' dir='ltr'><strong>credis</strong></span> 
     </span>
    </p>
   </div>
   <div class='ocr_carea' id='block_1_58' title="bbox 164 3414 1751 3493">
    <p class='ocr_par' dir='ltr' id='par_1_58' title="bbox 164 3416 1717 3489">
     <span class='ocr_line' id='line_1_58' title="bbox 164 3416 1717 3489; baseline -0.001 -19"><span class='ocrx_word' id='word_1_481' title='bbox 164 3418 312 3487; x_wconf 76' lang='grc' dir='ltr'>ῥητὸν,</span> <span class='ocrx_word' id='word_1_482' title='bbox 337 3421 532 3474; x_wconf 74' lang='grc' dir='ltr'>αἰτίαν</span> <span class='ocrx_word' id='word_1_483' title='bbox 562 3419 619 3472; x_wconf 78' lang='grc' dir='ltr'>δὲ</span> <span class='ocrx_word' id='word_1_484' title='bbox 641 3420 690 3452; x_wconf 85' lang='grc'><strong><em>⁵³</em></strong></span> <span class='ocrx_word' id='word_1_485' title='bbox 720 3419 986 3489; x_wconf 84' lang='grc' dir='ltr'>πρότερον</span> <span class='ocrx_word' id='word_1_486' title='bbox 1023 3417 1070 3450; x_wconf 69' lang='grc'>⁵⁸</span> <span class='ocrx_word' id='word_1_487' title='bbox 1097 3416 1288 3489; x_wconf 69' lang='grc' dir='ltr'>ἔχοντα</span> <span class='ocrx_word' id='word_1_488' title='bbox 1322 3416 1506 3486; x_wconf 80' lang='grc' dir='ltr'>φόνουο</span> <span class='ocrx_word' id='word_1_489' title='bbox 1537 3417 1597 3480; x_wconf 78' lang='grc' dir='ltr'>ὃς</span> <span class='ocrx_word' id='word_1_490' title='bbox 1622 3418 1717 3472; x_wconf 76' lang='grc' dir='ltr'>καὶ</span> 
     </span>
    </p>
   </div>
   <div class='ocr_carea' id='block_1_59' title="bbox 1816 3414 3403 3493">
    <p class='ocr_par' dir='ltr' id='par_1_59' title="bbox 1819 3414 3403 3493">
     <span class='ocr_line' id='line_1_59' title="bbox 1819 3414 3403 3493; baseline 0.005 -21"><span class='ocrx_word' id='word_1_491' title='bbox 1819 3426 2160 3472; x_wconf 89' lang='lat' dir='ltr'><strong>accusatum.</strong></span> <span class='ocrx_word' id='word_1_492' title='bbox 2206 3414 2314 3484; x_wconf 86' lang='lat' dir='ltr'><strong>Qui</strong></span> <span class='ocrx_word' id='word_1_493' title='bbox 2359 3418 2416 3474; x_wconf 89' lang='lat' dir='ltr'>in</span> <span class='ocrx_word' id='word_1_494' title='bbox 2457 3418 2584 3474; x_wconf 85' lang='lat' dir='ltr'><strong>navi</strong></span> <span class='ocrx_word' id='word_1_495' title='bbox 2619 3420 2900 3487; x_wconf 84' lang='lat' dir='ltr'><strong>judicatus</strong></span> <span class='ocrx_word' id='word_1_496' title='bbox 2958 3432 3114 3477; x_wconf 78' lang='lat' dir='ltr'><strong>extra</strong></span> <span class='ocrx_word' id='word_1_497' title='bbox 3156 3421 3403 3493; x_wconf 73' lang='lat' dir='ltr'><strong>Pyr-zeum</strong></span> 
     </span>
    </p>
   </div>
   <div class='ocr_carea' id='block_1_60' title="bbox 164 3504 1751 3581">
    <p class='ocr_par' dir='ltr' id='par_1_60' title="bbox 164 3504 1717 3581">
     <span class='ocr_line' id='line_1_60' title="bbox 164 3504 1717 3581; baseline 0 -22"><span class='ocrx_word' id='word_1_498' title='bbox 164 3510 457 3581; x_wconf 79' lang='grc' dir='ltr'>κρινόμενος</span> <span class='ocrx_word' id='word_1_499' title='bbox 497 3509 591 3563; x_wconf 82' lang='grc' dir='ltr'>ἐπὶ</span> <span class='ocrx_word' id='word_1_500' title='bbox 618 3508 746 3580; x_wconf 79' lang='grc' dir='ltr'>νηὸς</span> <span class='ocrx_word' id='word_1_501' title='bbox 774 3508 973 3574; x_wconf 74' lang='grc' dir='ltr'>ἔξωθεν</span> <span class='ocrx_word' id='word_1_502' title='bbox 1000 3507 1095 3562; x_wconf 82' lang='grc' dir='ltr'>τοῦ</span> <span class='ocrx_word' id='word_1_503' title='bbox 1120 3507 1393 3579; x_wconf 86' lang='grc' dir='ltr'>Πειραιῶς</span> <span class='ocrx_word' id='word_1_504' title='bbox 1417 3504 1717 3576; x_wconf 79' lang='grc' dir='ltr'>ἀπολογού-</span> 
     </span>
    </p>
   </div>
   <div class='ocr_carea' id='block_1_61' title="bbox 1819 3504 3406 3581">
    <p class='ocr_par' dir='ltr' id='par_1_61' title="bbox 1819 3506 3406 3581">
     <span class='ocr_line' id='line_1_61' title="bbox 1819 3506 3406 3581; baseline 0.004 -18"><span class='ocrx_word' id='word_1_505' title='bbox 1819 3506 2102 3574; x_wconf 82' lang='lat' dir='ltr'><strong>defensus,</strong></span> <span class='ocrx_word' id='word_1_506' title='bbox 2152 3509 2453 3565; x_wconf 84' lang='lat' dir='ltr'><strong>anchoram</strong></span> <span class='ocrx_word' id='word_1_507' title='bbox 2511 3510 2782 3579; x_wconf 87' lang='lat' dir='ltr'><strong>demittit,</strong></span> <span class='ocrx_word' id='word_1_508' title='bbox 2838 3512 2984 3581; x_wconf 88' lang='lat' dir='ltr'><strong>quod</strong></span> <span class='ocrx_word' id='word_1_509' title='bbox 3040 3513 3127 3568; x_wconf 82' lang='lat' dir='ltr'><strong>lex</strong></span> <span class='ocrx_word' id='word_1_510' title='bbox 3185 3514 3260 3568; x_wconf 91' lang='lat' dir='ltr'><strong>illi</strong></span> <span class='ocrx_word' id='word_1_511' title='bbox 3296 3531 3406 3570; x_wconf 90' lang='lat' dir='ltr'>non</span> 
     </span>
    </p>
   </div>
   <div class='ocr_carea' id='block_1_62' title="bbox 162 3571 1749 3672">
    <p class='ocr_par' dir='ltr' id='par_1_62' title="bbox 162 3571 1749 3671">
     <span class='ocr_line' id='line_1_62' title="bbox 162 3571 1749 3671; baseline -0.003 -17"><span class='ocrx_word' id='word_1_512' title='bbox 162 3571 301 3667; x_wconf 65' lang='grc' dir='ltr'>μενος</span> <span class='ocrx_word' id='word_1_513' title='bbox 318 3571 579 3671; x_wconf 76' lang='grc' dir='ltr'>ἄγκυραν</span> <span class='ocrx_word' id='word_1_514' title='bbox 610 3571 973 3665; x_wconf 41' lang='grc' dir='ltr'>καθίειξδιότι</span> <span class='ocrx_word' id='word_1_515' title='bbox 993 3602 1021 3653; x_wconf 85' lang='grc' dir='ltr'><strong>ὁ</strong></span> <span class='ocrx_word' id='word_1_516' title='bbox 1044 3600 1208 3671; x_wconf 86' lang='grc' dir='ltr'>νόμος</span> <span class='ocrx_word' id='word_1_517' title='bbox 1224 3571 1400 3653; x_wconf 49' lang='grc' dir='ltr'>ἀὐτὸν</span> <span class='ocrx_word' id='word_1_518' title='bbox 1427 3599 1526 3651; x_wconf 86' lang='grc' dir='ltr'>οὐκ</span> <span class='ocrx_word' id='word_1_519' title='bbox 1542 3571 1715 3651; x_wconf 78' lang='grc' dir='ltr'>ἐδίδου</span> <span class='ocrx_word' id='word_1_520' title='bbox 1743 3582 1749 3620; x_wconf 70' lang='grc'><strong>¹</strong></span> 
     </span>
    </p>
   </div>
   <div class='ocr_carea' id='block_1_63' title="bbox 1819 3571 3406 3672">
    <p class='ocr_par' dir='ltr' id='par_1_63' title="bbox 1820 3571 3406 3672">
     <span class='ocr_line' id='line_1_63' title="bbox 1820 3571 3406 3672; baseline 0.003 -21"><span class='ocrx_word' id='word_1_521' title='bbox 1820 3571 2101 3667; x_wconf 84' lang='lat' dir='ltr'><strong>permittat</strong></span> <span class='ocrx_word' id='word_1_522' title='bbox 2129 3596 2185 3651; x_wconf 88' lang='lat' dir='ltr'>in</span> <span class='ocrx_word' id='word_1_523' title='bbox 2233 3605 2437 3652; x_wconf 89' lang='lat' dir='ltr'><strong>terram</strong></span> <span class='ocrx_word' id='word_1_524' title='bbox 2468 3571 2822 3654; x_wconf 70' lang='lat' dir='ltr'><strong>descendere.</strong></span> <span class='ocrx_word' id='word_1_525' title='bbox 2857 3571 3211 3672; x_wconf 44' lang='lat' dir='ltr'><strong>&#39;Areopagita:</strong></span> <span class='ocrx_word' id='word_1_526' title='bbox 3240 3602 3406 3672; x_wconf 83' lang='lat' dir='ltr'><strong>igitur</strong></span> 
     </span>
    </p>
   </div>
   <div class='ocr_carea' id='block_1_64' title="bbox 158 3685 1745 3773">
    <p class='ocr_par' dir='ltr' id='par_1_64' title="bbox 158 3685 1717 3764">
     <span class='ocr_line' id='line_1_64' title="bbox 158 3685 1717 3764; baseline 0.001 -22"><span class='ocrx_word' id='word_1_527' title='bbox 158 3694 232 3763; x_wconf 67' lang='grc' dir='ltr'>τῆς</span> <span class='ocrx_word' id='word_1_528' title='bbox 264 3695 365 3764; x_wconf 78' lang='grc' dir='ltr'>γῆς</span> <span class='ocrx_word' id='word_1_529' title='bbox 416 3692 700 3763; x_wconf 72' lang='grc' dir='ltr'>ἐπιϐῆναι.</span> <span class='ocrx_word' id='word_1_530' title='bbox 740 3692 1123 3763; x_wconf 85' lang='grc' dir='ltr'>Ἀρεοπαγῖται</span> <span class='ocrx_word' id='word_1_531' title='bbox 1153 3690 1255 3762; x_wconf 83' lang='grc' dir='ltr'>μὲν</span> <span class='ocrx_word' id='word_1_532' title='bbox 1306 3685 1399 3744; x_wconf 80' lang='grc' dir='ltr'>οὖν</span> <span class='ocrx_word' id='word_1_533' title='bbox 1426 3688 1717 3743; x_wconf 75' lang='grc' dir='ltr'>ἐκαλοῦντο</span> 
     </span>
    </p>
   </div>
   <div class='ocr_carea' id='block_1_65' title="bbox 1816 3685 3403 3773">
    <p class='ocr_par' dir='ltr' id='par_1_65' title="bbox 1821 3689 3403 3773">
     <span class='ocr_line' id='line_1_65' title="bbox 1821 3689 3403 3773; baseline 0.004 -30"><span class='ocrx_word' id='word_1_534' title='bbox 1821 3690 2162 3745; x_wconf 88' lang='lat' dir='ltr'><strong>vocabantur</strong></span> <span class='ocrx_word' id='word_1_535' title='bbox 2183 3689 2277 3773; x_wconf 84' lang='lat' dir='ltr'>qui</span> <span class='ocrx_word' id='word_1_536' title='bbox 2310 3690 2681 3746; x_wconf 86' lang='lat' dir='ltr'><strong>voluntariam</strong></span> <span class='ocrx_word' id='word_1_537' title='bbox 2705 3692 2905 3746; x_wconf 72' lang='lat' dir='ltr'><strong>caedem</strong></span> <span class='ocrx_word' id='word_1_538' title='bbox 2928 3692 3283 3763; x_wconf 86' lang='lat' dir='ltr'><strong>judicabant:</strong></span> <span class='ocrx_word' id='word_1_539' title='bbox 3309 3696 3403 3764; x_wconf 87' lang='lat' dir='ltr'>qui</span> 
     </span>
    </p>
   </div>
   <div class='ocr_carea' id='block_1_66' title="bbox 156 3776 1743 3856">
    <p class='ocr_par' dir='ltr' id='par_1_66' title="bbox 156 3781 1715 3856">
     <span class='ocr_line' id='line_1_66' title="bbox 156 3781 1715 3856; baseline 0 -20"><span class='ocrx_word' id='word_1_540' title='bbox 156 3786 193 3837; x_wconf 86' lang='lat' dir='ltr'>oi</span> <span class='ocrx_word' id='word_1_541' title='bbox 211 3788 290 3838; x_wconf 72' lang='grc' dir='ltr'>τὸν</span> <span class='ocrx_word' id='word_1_542' title='bbox 315 3784 577 3840; x_wconf 75' lang='grc' dir='ltr'>ἑκούσιον</span> <span class='ocrx_word' id='word_1_543' title='bbox 601 3784 763 3855; x_wconf 82' lang='grc' dir='ltr'>φόνον</span> <span class='ocrx_word' id='word_1_544' title='bbox 791 3785 1087 3856; x_wconf 86' lang='grc' dir='ltr'>κρίνοντες,</span> <span class='ocrx_word' id='word_1_545' title='bbox 1112 3785 1162 3839; x_wconf 87' lang='grc' dir='ltr'>οί</span> <span class='ocrx_word' id='word_1_546' title='bbox 1192 3783 1251 3837; x_wconf 83' lang='grc' dir='ltr'>δὲ</span> <span class='ocrx_word' id='word_1_547' title='bbox 1280 3785 1339 3837; x_wconf 93' lang='grc' dir='ltr'>ἐν</span> <span class='ocrx_word' id='word_1_548' title='bbox 1367 3785 1483 3847; x_wconf 84' lang='grc' dir='ltr'>τοῖς</span> <span class='ocrx_word' id='word_1_549' title='bbox 1532 3781 1715 3848; x_wconf 74' lang='grc' dir='ltr'>ἄλλοις</span> 
     </span>
    </p>
   </div>
   <div class='ocr_carea' id='block_1_67' title="bbox 1811 3776 3398 3856">
    <p class='ocr_par' dir='ltr' id='par_1_67' title="bbox 1818 3776 3398 3849">
     <span class='ocr_line' id='line_1_67' title="bbox 1818 3776 3398 3849; baseline 0.003 -17"><span class='ocrx_word' id='word_1_550' title='bbox 1818 3786 2002 3832; x_wconf 88' lang='lat' dir='ltr'><strong>autem</strong></span> <span class='ocrx_word' id='word_1_551' title='bbox 2049 3776 2104 3831; x_wconf 93' lang='lat' dir='ltr'>in</span> <span class='ocrx_word' id='word_1_552' title='bbox 2165 3776 2288 3834; x_wconf 90' lang='lat' dir='ltr'><strong>aliis</strong></span> <span class='ocrx_word' id='word_1_553' title='bbox 2315 3777 2548 3848; x_wconf 75' lang='lat' dir='ltr'><strong>ljudiciis</strong></span> <span class='ocrx_word' id='word_1_554' title='bbox 2600 3779 2967 3834; x_wconf 85' lang='lat' dir='ltr'><strong>communiter</strong></span> <span class='ocrx_word' id='word_1_555' title='bbox 3010 3780 3200 3849; x_wconf 82' lang='grc' dir='ltr'>ἐφέται</span> <span class='ocrx_word' id='word_1_556' title='bbox 3249 3782 3398 3836; x_wconf 90' lang='lat' dir='ltr'><strong>dicti.</strong></span> 
     </span>
    </p>
   </div>
   <div class='ocr_carea' id='block_1_68' title="bbox 154 3868 1741 3947">
    <p class='ocr_par' dir='ltr' id='par_1_68' title="bbox 154 3873 1715 3947">
     <span class='ocr_line' id='line_1_68' title="bbox 154 3873 1715 3947; baseline 0.001 -22"><span class='ocrx_word' id='word_1_557' title='bbox 154 3874 517 3947; x_wconf 80' lang='grc' dir='ltr'>δικαστηρίοις</span> <span class='ocrx_word' id='word_1_558' title='bbox 560 3875 752 3936; x_wconf 85' lang='grc' dir='ltr'>κοινῶς</span> <span class='ocrx_word' id='word_1_559' title='bbox 795 3874 1017 3944; x_wconf 72' lang='grc' dir='ltr'>ἐφέται.</span> <span class='ocrx_word' id='word_1_560' title='bbox 1044 3874 1166 3927; x_wconf 83' lang='grc' dir='ltr'>Ὀτι</span> <span class='ocrx_word' id='word_1_561' title='bbox 1214 3873 1508 3946; x_wconf 85' lang='grc' dir='ltr'>μυθολογεῖ</span> <span class='ocrx_word' id='word_1_562' title='bbox 1546 3874 1715 3944; x_wconf 76' lang='grc' dir='ltr'>ἄνδρα</span> 
     </span>
    </p>
   </div>
   <div class='ocr_carea' id='block_1_69' title="bbox 1817 3868 3404 3947">
    <p class='ocr_par' dir='ltr' id='par_1_69' title="bbox 1818 3868 3404 3940">
     <span class='ocr_line' id='line_1_69' title="bbox 1818 3868 3404 3940; baseline 0.004 -17"><span class='ocrx_word' id='word_1_563' title='bbox 1818 3868 2018 3923; x_wconf 87' lang='lat' dir='ltr'><strong>Narrat</strong></span> <span class='ocrx_word' id='word_1_564' title='bbox 2041 3870 2217 3923; x_wconf 90' lang='lat' dir='ltr'><strong>virum</strong></span> <span class='ocrx_word' id='word_1_565' title='bbox 2256 3868 2549 3940; x_wconf 86' lang='lat' dir='ltr'><strong>quemdam</strong></span> <span class='ocrx_word' id='word_1_566' title='bbox 2574 3870 2796 3926; x_wconf 87' lang='lat' dir='ltr'><strong>nomine</strong></span> <span class='ocrx_word' id='word_1_567' title='bbox 2825 3870 2939 3927; x_wconf 90' lang='lat' dir='ltr'>Oen</span> <span class='ocrx_word' id='word_1_568' title='bbox 2975 3871 3028 3926; x_wconf 92' lang='lat' dir='ltr'>in</span> <span class='ocrx_word' id='word_1_569' title='bbox 3054 3871 3242 3929; x_wconf 77' lang='lat' dir='ltr'><strong>Rubro</strong></span> <span class='ocrx_word' id='word_1_570' title='bbox 3265 3875 3404 3930; x_wconf 88' lang='lat' dir='ltr'><strong>mari</strong></span> 
     </span>
    </p>
   </div>
   <div class='ocr_carea' id='block_1_70' title="bbox 152 3960 1739 4039">
    <p class='ocr_par' dir='ltr' id='par_1_70' title="bbox 152 3961 1717 4037">
     <span class='ocr_line' id='line_1_70' title="bbox 152 3961 1717 4037; baseline -0.001 -21"><span class='ocrx_word' id='word_1_571' title='bbox 152 3967 253 4020; x_wconf 71' lang='grc' dir='ltr'>τινὰ</span> <span class='ocrx_word' id='word_1_572' title='bbox 275 3965 671 4037; x_wconf 66' lang='grc' dir='ltr'>ὠνομασμένον</span> <span class='ocrx_word' id='word_1_573' title='bbox 702 3966 837 4034; x_wconf 81' lang='grc' dir='ltr'>Ὠην</span> <span class='ocrx_word' id='word_1_574' title='bbox 857 3965 956 4034; x_wconf 79' lang='grc' dir='ltr'>τῆς</span> <span class='ocrx_word' id='word_1_575' title='bbox 969 3963 1235 4036; x_wconf 79' lang='grc' dir='ltr'>Ἐρυθρᾶς</span> <span class='ocrx_word' id='word_1_576' title='bbox 1261 3963 1536 4031; x_wconf 81' lang='grc' dir='ltr'>Θαλάσσης</span> <span class='ocrx_word' id='word_1_577' title='bbox 1562 3961 1717 4017; x_wconf 84' lang='grc' dir='ltr'>ἀνελ-</span> 
     </span>
    </p>
   </div>
   <div class='ocr_carea' id='block_1_71' title="bbox 1818 3960 3405 4039">
    <p class='ocr_par' dir='ltr' id='par_1_71' title="bbox 1823 3960 3405 4039">
     <span class='ocr_line' id='line_1_71' title="bbox 1823 3960 3405 4039; baseline 0.004 -24"><span class='ocrx_word' id='word_1_578' title='bbox 1823 3960 2022 4022; x_wconf 90' lang='lat' dir='ltr'><strong>visum.</strong></span> <span class='ocrx_word' id='word_1_579' title='bbox 2064 3960 2353 4016; x_wconf 87' lang='lat' dir='ltr'><strong>habentem</strong></span> <span class='ocrx_word' id='word_1_580' title='bbox 2382 3971 2577 4019; x_wconf 71' lang='lat' dir='ltr'><strong>castera</strong></span> <span class='ocrx_word' id='word_1_581' title='bbox 2630 3966 2877 4022; x_wconf 85' lang='lat' dir='ltr'><strong>membra</strong></span> <span class='ocrx_word' id='word_1_582' title='bbox 2921 3965 3110 4037; x_wconf 89' lang='lat' dir='ltr'><strong>piscis,</strong></span> <span class='ocrx_word' id='word_1_583' title='bbox 3154 3977 3318 4039; x_wconf 88' lang='lat' dir='ltr'><strong>caput</strong></span> <span class='ocrx_word' id='word_1_584' title='bbox 3349 3977 3405 4023; x_wconf 79' lang='lat' dir='ltr'>et</span> 
     </span>
    </p>
   </div>
   <div class='ocr_carea' id='block_1_72' title="bbox 152 4052 1739 4126">
    <p class='ocr_par' dir='ltr' id='par_1_72' title="bbox 152 4052 1715 4126">
     <span class='ocr_line' id='line_1_72' title="bbox 152 4052 1715 4126; baseline 0.002 -23"><span class='ocrx_word' id='word_1_585' title='bbox 152 4054 264 4118; x_wconf 78' lang='grc' dir='ltr'>θεῖν,</span> <span class='ocrx_word' id='word_1_586' title='bbox 289 4053 471 4109; x_wconf 77' lang='grc' dir='ltr'>τᾶλλα</span> <span class='ocrx_word' id='word_1_587' title='bbox 517 4055 618 4126; x_wconf 81' lang='grc' dir='ltr'>μὲν</span> <span class='ocrx_word' id='word_1_588' title='bbox 655 4055 765 4109; x_wconf 82' lang='grc' dir='ltr'>τῶν</span> <span class='ocrx_word' id='word_1_589' title='bbox 799 4054 977 4125; x_wconf 81' lang='grc' dir='ltr'>μελῶν</span> <span class='ocrx_word' id='word_1_590' title='bbox 1004 4053 1185 4124; x_wconf 79' lang='grc' dir='ltr'>ἰχθύος</span> <span class='ocrx_word' id='word_1_591' title='bbox 1227 4052 1439 4123; x_wconf 79' lang='grc' dir='ltr'>ἔχοντα,</span> <span class='ocrx_word' id='word_1_592' title='bbox 1472 4053 1715 4124; x_wconf 80' lang='grc' dir='ltr'>κεφαλὴν</span> 
     </span>
    </p>
   </div>
   <div class='ocr_carea' id='block_1_73' title="bbox 1815 4052 3402 4126">
    <p class='ocr_par' dir='ltr' id='par_1_73' title="bbox 1820 4054 3402 4124">
     <span class='ocr_line' id='line_1_73' title="bbox 1820 4054 3402 4124; baseline 0.006 -17"><span class='ocrx_word' id='word_1_593' title='bbox 1820 4054 1987 4124; x_wconf 86' lang='lat' dir='ltr'><strong>pedes</strong></span> <span class='ocrx_word' id='word_1_594' title='bbox 2029 4060 2085 4108; x_wconf 88' lang='lat' dir='ltr'>et</span> <span class='ocrx_word' id='word_1_595' title='bbox 2123 4069 2318 4110; x_wconf 90' lang='lat' dir='ltr'><strong>manus</strong></span> <span class='ocrx_word' id='word_1_596' title='bbox 2374 4055 2636 4121; x_wconf 87' lang='lat' dir='ltr'><strong>hominis,</strong></span> <span class='ocrx_word' id='word_1_597' title='bbox 2692 4067 2748 4114; x_wconf 89' lang='lat' dir='ltr'>et</span> <span class='ocrx_word' id='word_1_598' title='bbox 2785 4058 3096 4114; x_wconf 87' lang='lat' dir='ltr'><strong>ostendisse</strong></span> <span class='ocrx_word' id='word_1_599' title='bbox 3149 4070 3402 4116; x_wconf 85' lang='lat' dir='ltr'><strong>astrono-</strong></span> 
     </span>
    </p>
   </div>
   <div class='ocr_carea' id='block_1_74' title="bbox 96 4145 1683 4219">
    <p class='ocr_par' dir='ltr' id='par_1_74' title="bbox 96 4145 1682 4219">
     <span class='ocr_line' id='line_1_74' title="bbox 96 4145 1682 4219; baseline 0.001 -20"><span class='ocrx_word' id='word_1_600' title='bbox 96 4210 103 4217; x_wconf 33' lang='lat'><strong><em>.</em></strong></span> <span class='ocrx_word' id='word_1_601' title='bbox 151 4146 195 4199; x_wconf 77' lang='grc' dir='ltr'>δὲ</span> <span class='ocrx_word' id='word_1_602' title='bbox 215 4150 302 4201; x_wconf 74' lang='grc' dir='ltr'>καὶ</span> <span class='ocrx_word' id='word_1_603' title='bbox 331 4150 512 4212; x_wconf 81' lang='grc' dir='ltr'>πόδας</span> <span class='ocrx_word' id='word_1_604' title='bbox 541 4149 635 4202; x_wconf 80' lang='grc' dir='ltr'>καὶ</span> <span class='ocrx_word' id='word_1_605' title='bbox 677 4150 866 4219; x_wconf 84' lang='grc' dir='ltr'>χεῖρας</span> <span class='ocrx_word' id='word_1_606' title='bbox 902 4146 1115 4218; x_wconf 82' lang='grc' dir='ltr'>ἀνδρὸς,</span> <span class='ocrx_word' id='word_1_607' title='bbox 1140 4146 1235 4200; x_wconf 75' lang='grc' dir='ltr'>καὶ</span> <span class='ocrx_word' id='word_1_608' title='bbox 1267 4145 1579 4211; x_wconf 82' lang='grc' dir='ltr'>καταδεῖξαι</span> <span class='ocrx_word' id='word_1_609' title='bbox 1615 4146 1682 4216; x_wconf 85' lang='grc' dir='ltr'>τή</span> 
     </span>
    </p>
   </div>
   <div class='ocr_carea' id='block_1_75' title="bbox 1815 4145 3402 4219">
    <p class='ocr_par' dir='ltr' id='par_1_75' title="bbox 1818 4146 3402 4214">
     <span class='ocr_line' id='line_1_75' title="bbox 1818 4146 3402 4214; baseline 0.004 -13"><span class='ocrx_word' id='word_1_610' title='bbox 1818 4148 1989 4201; x_wconf 88' lang='lat' dir='ltr'><strong>miam</strong></span> <span class='ocrx_word' id='word_1_611' title='bbox 2036 4154 2092 4202; x_wconf 88' lang='lat' dir='ltr'>et</span> <span class='ocrx_word' id='word_1_612' title='bbox 2121 4146 2354 4203; x_wconf 82' lang='lat' dir='ltr'><strong>litteras.</strong></span> <span class='ocrx_word' id='word_1_613' title='bbox 2388 4146 2626 4214; x_wconf 87' lang='lat' dir='ltr'><strong>Quidam</strong></span> <span class='ocrx_word' id='word_1_614' title='bbox 2654 4148 2846 4205; x_wconf 87' lang='lat' dir='ltr'><strong>dicunt</strong></span> <span class='ocrx_word' id='word_1_615' title='bbox 2875 4150 3024 4204; x_wconf 90' lang='lat' dir='ltr'><strong>illum</strong></span> <span class='ocrx_word' id='word_1_616' title='bbox 3057 4161 3246 4205; x_wconf 87' lang='lat' dir='ltr'><strong>natum</strong></span> <span class='ocrx_word' id='word_1_617' title='bbox 3276 4167 3402 4208; x_wconf 86' lang='lat' dir='ltr'><strong>esse</strong></span> 
     </span>
    </p>
   </div>
   <div class='ocr_carea' id='block_1_76' title="bbox 149 4238 1736 4315">
    <p class='ocr_par' dir='ltr' id='par_1_76' title="bbox 149 4238 1717 4315">
     <span class='ocr_line' id='line_1_76' title="bbox 149 4238 1717 4315; baseline -0.001 -21"><span class='ocrx_word' id='word_1_618' title='bbox 149 4259 196 4294; x_wconf 82' lang='grc' dir='ltr'>τε</span> <span class='ocrx_word' id='word_1_619' title='bbox 220 4242 588 4315; x_wconf 78' lang='grc' dir='ltr'>ἀστρονομίαν</span> <span class='ocrx_word' id='word_1_620' title='bbox 626 4241 722 4295; x_wconf 75' lang='grc' dir='ltr'>καὶ</span> <span class='ocrx_word' id='word_1_621' title='bbox 756 4240 827 4295; x_wconf 81' lang='grc' dir='ltr'>τὰ</span> <span class='ocrx_word' id='word_1_622' title='bbox 872 4240 1195 4311; x_wconf 79' lang='grc' dir='ltr'>γράμματα.</span> <span class='ocrx_word' id='word_1_623' title='bbox 1228 4240 1292 4293; x_wconf 83' lang='lat' dir='ltr'>Oi.</span> <span class='ocrx_word' id='word_1_624' title='bbox 1337 4239 1394 4293; x_wconf 82' lang='grc' dir='ltr'>δὲ</span> <span class='ocrx_word' id='word_1_625' title='bbox 1444 4238 1605 4293; x_wconf 82' lang='grc' dir='ltr'>αὑτὸν</span> <span class='ocrx_word' id='word_1_626' title='bbox 1652 4241 1717 4293; x_wconf 83' lang='grc' dir='ltr'>ἐκ</span> 
     </span>
    </p>
   </div>
   <div class='ocr_carea' id='block_1_77' title="bbox 1812 4238 3399 4315">
    <p class='ocr_par' dir='ltr' id='par_1_77' title="bbox 1817 4239 3399 4309">
     <span class='ocr_line' id='line_1_77' title="bbox 1817 4239 3399 4309; baseline 0.003 -16"><span class='ocrx_word' id='word_1_627' title='bbox 1817 4254 1849 4293; x_wconf 88' lang='lat' dir='ltr'>e</span> <span class='ocrx_word' id='word_1_628' title='bbox 1877 4240 2054 4309; x_wconf 90' lang='lat' dir='ltr'><strong>primo</strong></span> <span class='ocrx_word' id='word_1_629' title='bbox 2093 4250 2318 4309; x_wconf 83' lang='lat' dir='ltr'><strong>parente</strong></span> <span class='ocrx_word' id='word_1_630' title='bbox 2369 4239 2512 4307; x_wconf 65' lang='lat'>’00-},</span> <span class='ocrx_word' id='word_1_631' title='bbox 2540 4249 2595 4295; x_wconf 89' lang='lat' dir='ltr'>et</span> <span class='ocrx_word' id='word_1_632' title='bbox 2650 4242 2834 4297; x_wconf 88' lang='lat' dir='ltr'><strong>testari</strong></span> <span class='ocrx_word' id='word_1_633' title='bbox 2866 4257 3088 4307; x_wconf 88' lang='lat' dir='ltr'><strong>nomen,</strong></span> <span class='ocrx_word' id='word_1_634' title='bbox 3122 4242 3399 4298; x_wconf 88' lang='lat' dir='ltr'><strong>hominem</strong></span> 
     </span>
    </p>
   </div>
   <div class='ocr_carea' id='block_1_78' title="bbox 150 4330 1737 4407">
    <p class='ocr_par' dir='ltr' id='par_1_78' title="bbox 150 4330 1713 4407">
     <span class='ocr_line' id='line_1_78' title="bbox 150 4330 1713 4407; baseline -0.001 -21"><span class='ocrx_word' id='word_1_635' title='bbox 150 4334 228 4387; x_wconf 76' lang='grc' dir='ltr'>τοῦ</span> <span class='ocrx_word' id='word_1_636' title='bbox 254 4335 609 4407; x_wconf 83' lang='grc' dir='ltr'>πρωτογόνου</span> <span class='ocrx_word' id='word_1_637' title='bbox 640 4334 945 4405; x_wconf 82' lang='grc' dir='ltr'>πεφηνέναι</span> <span class='ocrx_word' id='word_1_638' title='bbox 983 4334 1229 4401; x_wconf 82' lang='grc' dir='ltr'>λέγουσιν</span> <span class='ocrx_word' id='word_1_639' title='bbox 1275 4330 1417 4399; x_wconf 82' lang='grc' dir='ltr'>Ὠοὖ,</span> <span class='ocrx_word' id='word_1_640' title='bbox 1453 4331 1549 4385; x_wconf 80' lang='grc' dir='ltr'>καὶ</span> <span class='ocrx_word' id='word_1_641' title='bbox 1573 4348 1713 4402; x_wconf 81' lang='grc' dir='ltr'>μαρ-</span> 
     </span>
    </p>
   </div>
   <div class='ocr_carea' id='block_1_79' title="bbox 1810 4330 3397 4407">
    <p class='ocr_par' dir='ltr' id='par_1_79' title="bbox 1818 4332 3397 4404">
     <span class='ocr_line' id='line_1_79' title="bbox 1818 4332 3397 4404; baseline 0.002 -17"><span class='ocrx_word' id='word_1_642' title='bbox 1818 4344 2001 4387; x_wconf 90' lang='lat' dir='ltr'><strong>autem</strong></span> <span class='ocrx_word' id='word_1_643' title='bbox 2050 4332 2273 4386; x_wconf 91' lang='lat' dir='ltr'><strong>omnino</strong></span> <span class='ocrx_word' id='word_1_644' title='bbox 2320 4346 2485 4396; x_wconf 86' lang='lat' dir='ltr'><strong>esse,</strong></span> <span class='ocrx_word' id='word_1_645' title='bbox 2541 4333 2746 4402; x_wconf 91' lang='lat' dir='ltr'><strong>piscem</strong></span> <span class='ocrx_word' id='word_1_646' title='bbox 2798 4350 2929 4388; x_wconf 90' lang='lat' dir='ltr'><strong>vero</strong></span> <span class='ocrx_word' id='word_1_647' title='bbox 2983 4334 3195 4402; x_wconf 88' lang='lat' dir='ltr'><strong>videri,</strong></span> <span class='ocrx_word' id='word_1_648' title='bbox 3250 4335 3397 4404; x_wconf 83' lang='lat' dir='ltr'><strong>quod</strong></span> 
     </span>
    </p>
   </div>
   <div class='ocr_carea' id='block_1_80' title="bbox 150 4422 1737 4499">
    <p class='ocr_par' dir='ltr' id='par_1_80' title="bbox 150 4425 1715 4499">
     <span class='ocr_line' id='line_1_80' title="bbox 150 4425 1715 4499; baseline 0.001 -22"><span class='ocrx_word' id='word_1_649' title='bbox 150 4432 315 4498; x_wconf 63' lang='lat' dir='ltr'><strong>nos‘iv</strong></span> <span class='ocrx_word' id='word_1_650' title='bbox 345 4429 599 4499; x_wconf 67' lang='grc' dir='ltr'>τοῦνομα</span> <span class='ocrx_word' id='word_1_651' title='bbox 631 4444 647 4459; x_wconf 82' lang='grc'><strong><em>⁸</em></strong></span> <span class='ocrx_word' id='word_1_652' title='bbox 679 4427 968 4498; x_wconf 84' lang='grc' dir='ltr'>ἄνθρωπον</span> <span class='ocrx_word' id='word_1_653' title='bbox 997 4427 1056 4480; x_wconf 82' lang='grc' dir='ltr'>δὲ</span> <span class='ocrx_word' id='word_1_654' title='bbox 1084 4426 1214 4479; x_wconf 72' lang='grc' dir='ltr'>ὄντα</span> <span class='ocrx_word' id='word_1_655' title='bbox 1238 4426 1307 4479; x_wconf 81' lang='grc' dir='ltr'>τὰ</span> <span class='ocrx_word' id='word_1_656' title='bbox 1334 4425 1513 4479; x_wconf 81' lang='grc' dir='ltr'>πάντα</span> <span class='ocrx_word' id='word_1_657' title='bbox 1564 4425 1715 4495; x_wconf 77' lang='grc' dir='ltr'>ἰχθῦν</span> 
     </span>
    </p>
   </div>
   <div class='ocr_carea' id='block_1_81' title="bbox 1811 4422 3398 4499">
    <p class='ocr_par' dir='ltr' id='par_1_81' title="bbox 1818 4422 3398 4495">
     <span class='ocr_line' id='line_1_81' title="bbox 1818 4422 3398 4495; baseline 0.003 -17"><span class='ocrx_word' id='word_1_658' title='bbox 1818 4424 1985 4495; x_wconf 88' lang='lat' dir='ltr'><strong>piscis</strong></span> <span class='ocrx_word' id='word_1_659' title='bbox 2028 4426 2165 4495; x_wconf 92' lang='lat' dir='ltr'><strong>pelle</strong></span> <span class='ocrx_word' id='word_1_660' title='bbox 2206 4424 2548 4479; x_wconf 90' lang='lat' dir='ltr'><strong>indueretur.</strong></span> <span class='ocrx_word' id='word_1_661' title='bbox 2600 4422 2767 4488; x_wconf 80' lang='grc' dir='ltr'>Αὖτις</span> <span class='ocrx_word' id='word_1_662' title='bbox 2800 4426 3043 4481; x_wconf 88' lang='lat' dir='ltr'><strong>Ionicum</strong></span> <span class='ocrx_word' id='word_1_663' title='bbox 3090 4438 3195 4492; x_wconf 89' lang='lat' dir='ltr'><strong>est,</strong></span> <span class='ocrx_word' id='word_1_664' title='bbox 3239 4425 3398 4493; x_wconf 85' lang='grc' dir='ltr'>αὖθις</span> 
     </span>
    </p>
   </div>
   <div class='ocr_carea' id='block_1_82' title="bbox 150 4515 1737 4592">
    <p class='ocr_par' dir='ltr' id='par_1_82' title="bbox 150 4516 1712 4592">
     <span class='ocr_line' id='line_1_82' title="bbox 150 4516 1712 4592; baseline 0.001 -20"><span class='ocrx_word' id='word_1_665' title='bbox 150 4522 303 4585; x_wconf 76' lang='grc' dir='ltr'>δόξαι,</span> <span class='ocrx_word' id='word_1_666' title='bbox 370 4523 624 4592; x_wconf 79' lang='grc' dir='ltr'>διότιπερ</span> <span class='ocrx_word' id='word_1_667' title='bbox 669 4520 941 4591; x_wconf 76' lang='grc' dir='ltr'>ἠμφίεστο</span> <span class='ocrx_word' id='word_1_668' title='bbox 993 4517 1208 4588; x_wconf 84' lang='grc' dir='ltr'>κητώδη</span> <span class='ocrx_word' id='word_1_669' title='bbox 1238 4517 1419 4587; x_wconf 84' lang='grc' dir='ltr'>δοράν.</span> <span class='ocrx_word' id='word_1_670' title='bbox 1457 4516 1712 4590; x_wconf 67' lang='grc'>[159611.</span> 
     </span>
    </p>
   </div>
   <div class='ocr_carea' id='block_1_83' title="bbox 1811 4515 3398 4592">
    <p class='ocr_par' dir='ltr' id='par_1_83' title="bbox 1818 4515 3398 4591">
     <span class='ocr_line' id='line_1_83' title="bbox 1818 4515 3398 4591; baseline 0.005 -24"><span class='ocrx_word' id='word_1_671' title='bbox 1818 4530 1949 4571; x_wconf 84' lang='lat' dir='ltr'><strong>vero</strong></span> <span class='ocrx_word' id='word_1_672' title='bbox 1978 4516 2255 4572; x_wconf 89' lang='lat' dir='ltr'><strong>Atticum:</strong></span> <span class='ocrx_word' id='word_1_673' title='bbox 2290 4517 2371 4572; x_wconf 90' lang='lat' dir='ltr'>sic</span> <span class='ocrx_word' id='word_1_674' title='bbox 2398 4516 2565 4570; x_wconf 84' lang='lat' dir='ltr'><strong>etiam</strong></span> <span class='ocrx_word' id='word_1_675' title='bbox 2601 4515 2798 4588; x_wconf 76' lang='lat'>535!)</span> <span class='ocrx_word' id='word_1_676' title='bbox 2841 4518 3001 4590; x_wconf 77' lang='grc' dir='ltr'>μέχρι</span> <span class='ocrx_word' id='word_1_677' title='bbox 3031 4528 3087 4574; x_wconf 89' lang='lat' dir='ltr'>et</span> <span class='ocrx_word' id='word_1_678' title='bbox 3116 4520 3245 4591; x_wconf 78' lang='grc' dir='ltr'>ἄχρι</span> <span class='ocrx_word' id='word_1_679' title='bbox 3279 4522 3398 4576; x_wconf 87' lang='lat' dir='ltr'><strong>sine</strong></span> 
     </span>
    </p>
   </div>
   <div class='ocr_carea' id='block_1_84' title="bbox 150 4606 1737 4685">
    <p class='ocr_par' dir='ltr' id='par_1_84' title="bbox 150 4606 1715 4685">
     <span class='ocr_line' id='line_1_84' title="bbox 150 4606 1715 4685; baseline -0.002 -21"><span class='ocrx_word' id='word_1_680' title='bbox 150 4612 353 4685; x_wconf 71' lang='lat'>87511.]</span> <span class='ocrx_word' id='word_1_681' title='bbox 400 4614 536 4666; x_wconf 82' lang='grc' dir='ltr'>ὀτι</span> <span class='ocrx_word' id='word_1_682' title='bbox 572 4611 635 4665; x_wconf 85' lang='grc' dir='ltr'>τὸ</span> <span class='ocrx_word' id='word_1_683' title='bbox 686 4612 785 4681; x_wconf 78' lang='grc' dir='ltr'>μὲν</span> <span class='ocrx_word' id='word_1_684' title='bbox 828 4606 1000 4676; x_wconf 85' lang='grc' dir='ltr'>αὖτις</span> <span class='ocrx_word' id='word_1_685' title='bbox 1040 4609 1296 4673; x_wconf 76' lang='grc' dir='ltr'>Ἰωνικὸν,</span> <span class='ocrx_word' id='word_1_686' title='bbox 1326 4609 1389 4663; x_wconf 78' lang='grc' dir='ltr'>τὸ</span> <span class='ocrx_word' id='word_1_687' title='bbox 1449 4609 1507 4662; x_wconf 82' lang='grc' dir='ltr'>δὲ</span> <span class='ocrx_word' id='word_1_688' title='bbox 1541 4606 1715 4675; x_wconf 84' lang='grc' dir='ltr'>αὖθις</span> 
     </span>
    </p>
   </div>
   <div class='ocr_carea' id='block_1_85' title="bbox 1810 4606 3397 4685">
    <p class='ocr_par' dir='ltr' id='par_1_85' title="bbox 1820 4607 3397 4682">
     <span class='ocr_line' id='line_1_85' title="bbox 1820 4607 3397 4682; baseline 0.004 -21"><span class='ocrx_word' id='word_1_689' title='bbox 1820 4607 2059 4664; x_wconf 77' lang='lat' dir='ltr'><strong>cAttica</strong></span> <span class='ocrx_word' id='word_1_690' title='bbox 2108 4616 2260 4675; x_wconf 89' lang='lat' dir='ltr'><strong>sunt,</strong></span> <span class='ocrx_word' id='word_1_691' title='bbox 2318 4623 2441 4663; x_wconf 85' lang='lat' dir='ltr'>cum</span> <span class='ocrx_word' id='word_1_692' title='bbox 2473 4626 2505 4662; x_wconf 93' lang='grc' dir='ltr'>σ</span> <span class='ocrx_word' id='word_1_693' title='bbox 2535 4608 2742 4665; x_wconf 83' lang='lat' dir='ltr'><strong>Ionica.</strong></span> <span class='ocrx_word' id='word_1_694' title='bbox 2795 4611 2958 4666; x_wconf 87' lang='lat' dir='ltr'><strong>Attici</strong></span> <span class='ocrx_word' id='word_1_695' title='bbox 3008 4628 3161 4667; x_wconf 86' lang='lat' dir='ltr'><strong>more</strong></span> <span class='ocrx_word' id='word_1_696' title='bbox 3210 4614 3397 4682; x_wconf 85' lang='lat' dir='ltr'><strong>aliquo</strong></span> 
     </span>
    </p>
   </div>
   <div class='ocr_carea' id='block_1_86' title="bbox 160 4699 1747 4776">
    <p class='ocr_par' dir='ltr' id='par_1_86' title="bbox 160 4699 1716 4771">
     <span class='ocr_line' id='line_1_86' title="bbox 160 4699 1716 4771; baseline -0.004 -12"><span class='ocrx_word' id='word_1_697' title='bbox 160 4706 414 4761; x_wconf 81' lang='grc' dir='ltr'>Ἀττικόν.</span> <span class='ocrx_word' id='word_1_698' title='bbox 461 4704 739 4768; x_wconf 80' lang='grc' dir='ltr'>Ὡσαύτως</span> <span class='ocrx_word' id='word_1_699' title='bbox 771 4703 829 4756; x_wconf 80' lang='grc' dir='ltr'>δὲ</span> <span class='ocrx_word' id='word_1_700' title='bbox 854 4705 950 4757; x_wconf 69' lang='grc' dir='ltr'>καὶ</span> <span class='ocrx_word' id='word_1_701' title='bbox 974 4702 1035 4756; x_wconf 82' lang='grc' dir='ltr'>τὸ</span> <span class='ocrx_word' id='word_1_702' title='bbox 1059 4701 1234 4771; x_wconf 81' lang='grc' dir='ltr'>μέχρι</span> <span class='ocrx_word' id='word_1_703' title='bbox 1253 4701 1350 4755; x_wconf 76' lang='grc' dir='ltr'>καὶ</span> <span class='ocrx_word' id='word_1_704' title='bbox 1381 4699 1520 4769; x_wconf 78' lang='grc' dir='ltr'>ἄχρι</span> <span class='ocrx_word' id='word_1_705' title='bbox 1548 4703 1716 4771; x_wconf 72' lang='grc' dir='ltr'>χωρὶς</span> 
     </span>
    </p>
   </div>
   <div class='ocr_carea' id='block_1_87' title="bbox 1809 4699 3396 4776">
    <p class='ocr_par' dir='ltr' id='par_1_87' title="bbox 1817 4699 3396 4776">
     <span class='ocr_line' id='line_1_87' title="bbox 1817 4699 3396 4776; baseline 0.001 -21"><span class='ocrx_word' id='word_1_706' title='bbox 1817 4701 1995 4770; x_wconf 88' lang='lat' dir='ltr'><strong>patrio</strong></span> <span class='ocrx_word' id='word_1_707' title='bbox 2016 4715 2122 4755; x_wconf 85' lang='lat' dir='ltr'>non</span> <span class='ocrx_word' id='word_1_708' title='bbox 2158 4710 2389 4755; x_wconf 81' lang='lat' dir='ltr'><strong>utuntur</strong></span> <span class='ocrx_word' id='word_1_709' title='bbox 2417 4699 2755 4771; x_wconf 83' lang='lat' dir='ltr'><strong>diphthongo</strong></span> <span class='ocrx_word' id='word_1_710' title='bbox 2784 4703 3115 4767; x_wconf 76' lang='lat' dir='ltr'><strong>st,dicentes</strong></span> <span class='ocrx_word' id='word_1_711' title='bbox 3146 4706 3202 4768; x_wconf 84' lang='grc' dir='ltr'>ὲς</span> <span class='ocrx_word' id='word_1_712' title='bbox 3231 4706 3396 4776; x_wconf 81' lang='grc' dir='ltr'>κόρα-</span> 
     </span>
    </p>
   </div>
   <div class='ocr_carea' id='block_1_88' title="bbox 153 4791 1740 4867">
    <p class='ocr_par' dir='ltr' id='par_1_88' title="bbox 153 4791 1713 4867">
     <span class='ocr_line' id='line_1_88' title="bbox 153 4791 1713 4867; baseline -0.005 -14"><span class='ocrx_word' id='word_1_713' title='bbox 153 4800 235 4867; x_wconf 74' lang='grc' dir='ltr'>μὲν</span> <span class='ocrx_word' id='word_1_714' title='bbox 260 4802 352 4853; x_wconf 73' lang='grc' dir='ltr'>τοῦ</span> <span class='ocrx_word' id='word_1_715' title='bbox 384 4820 419 4867; x_wconf 87' lang='grc' dir='ltr'>ς</span> <span class='ocrx_word' id='word_1_716' title='bbox 465 4798 734 4861; x_wconf 79' lang='grc' dir='ltr'>Ἀττικὸν,</span> <span class='ocrx_word' id='word_1_717' title='bbox 755 4796 894 4866; x_wconf 77' lang='grc' dir='ltr'>μετὰ</span> <span class='ocrx_word' id='word_1_718' title='bbox 920 4795 977 4848; x_wconf 89' lang='grc' dir='ltr'>δέ</span> <span class='ocrx_word' id='word_1_719' title='bbox 1006 4794 1101 4848; x_wconf 83' lang='grc' dir='ltr'>τοῦ</span> <span class='ocrx_word' id='word_1_720' title='bbox 1132 4813 1166 4860; x_wconf 84' lang='grc' dir='ltr'>ς</span> <span class='ocrx_word' id='word_1_721' title='bbox 1202 4791 1460 4847; x_wconf 78' lang='grc' dir='ltr'>Ἰωνικόν.</span> <span class='ocrx_word' id='word_1_722' title='bbox 1509 4792 1632 4845; x_wconf 86' lang='grc' dir='ltr'>Ὀτι</span> <span class='ocrx_word' id='word_1_723' title='bbox 1661 4793 1713 4846; x_wconf 77' lang='lat' dir='ltr'>oi</span> 
     </span>
    </p>
   </div>
   <div class='ocr_carea' id='block_1_89' title="bbox 1806 4791 3393 4867">
    <p class='ocr_par' dir='ltr' id='par_1_89' title="bbox 1818 4792 3393 4864">
     <span class='ocr_line' id='line_1_89' title="bbox 1818 4792 3393 4864; baseline 0.005 -19"><span class='ocrx_word' id='word_1_724' title='bbox 1818 4808 1921 4855; x_wconf 88' lang='grc' dir='ltr'>κας</span> <span class='ocrx_word' id='word_1_725' title='bbox 1945 4793 2013 4848; x_wconf 88' lang='lat' dir='ltr'>ad</span> <span class='ocrx_word' id='word_1_726' title='bbox 2036 4808 2254 4855; x_wconf 86' lang='lat' dir='ltr'><strong>corvos,</strong></span> <span class='ocrx_word' id='word_1_727' title='bbox 2285 4792 2373 4847; x_wconf 89' lang='lat' dir='ltr'>vel</span> <span class='ocrx_word' id='word_1_728' title='bbox 2402 4793 2461 4856; x_wconf 85' lang='grc' dir='ltr'>ἐς</span> <span class='ocrx_word' id='word_1_729' title='bbox 2492 4792 2767 4864; x_wconf 83' lang='grc' dir='ltr'>μακαρίαν</span> <span class='ocrx_word' id='word_1_730' title='bbox 2796 4794 2850 4847; x_wconf 79' lang='lat' dir='ltr'>in</span> <span class='ocrx_word' id='word_1_731' title='bbox 2878 4797 3151 4850; x_wconf 84' lang='lat' dir='ltr'><strong>beatorum</strong></span> <span class='ocrx_word' id='word_1_732' title='bbox 3173 4799 3346 4851; x_wconf 78' lang='lat' dir='ltr'><strong>sedem</strong></span> <span class='ocrx_word' id='word_1_733' title='bbox 3373 4814 3393 4853; x_wconf 90' lang='lat'><strong><em>:</em></strong></span> 
     </span>
    </p>
   </div>
   <div class='ocr_carea' id='block_1_90' title="bbox 161 4883 1748 4988">
    <p class='ocr_par' dir='ltr' id='par_1_90' title="bbox 161 4883 1748 4988">
     <span class='ocr_line' id='line_1_90' title="bbox 161 4883 1748 4988; baseline -0.003 -46"><span class='ocrx_word' id='word_1_734' title='bbox 161 4892 381 4945; x_wconf 65' lang='grc' dir='ltr'>Ἀττικοὶ.</span> <span class='ocrx_word' id='word_1_735' title='bbox 426 4889 574 4943; x_wconf 82' lang='grc' dir='ltr'>κατά</span> <span class='ocrx_word' id='word_1_736' title='bbox 623 4905 678 4942; x_wconf 89' lang='grc' dir='ltr'>τι</span> <span class='ocrx_word' id='word_1_737' title='bbox 731 4888 958 4958; x_wconf 84' lang='grc' dir='ltr'>πάτριον</span> <span class='ocrx_word' id='word_1_738' title='bbox 999 4885 1119 4950; x_wconf 74' lang='grc' dir='ltr'>ἔθος</span> <span class='ocrx_word' id='word_1_739' title='bbox 1168 4884 1229 4938; x_wconf 81' lang='grc' dir='ltr'>οὐ</span> <span class='ocrx_word' id='word_1_740' title='bbox 1280 4883 1519 4955; x_wconf 82' lang='grc' dir='ltr'>χρῶνται</span> <span class='ocrx_word' id='word_1_741' title='bbox 1554 4887 1623 4956; x_wconf 72' lang='grc' dir='ltr'>τῇ</span> <span class='ocrx_word' id='word_1_742' title='bbox 1660 4901 1748 4988; x_wconf 57' lang='grc' dir='ltr'>ει]</span> 
     </span>
    </p>
   </div>
   <div class='ocr_carea' id='block_1_91' title="bbox 1809 4883 3396 4988">
    <p class='ocr_par' dir='ltr' id='par_1_91' title="bbox 1818 4883 3396 4957">
     <span class='ocr_line' id='line_1_91' title="bbox 1818 4883 3396 4957; baseline 0.004 -19"><span class='ocrx_word' id='word_1_743' title='bbox 1818 4884 1913 4939; x_wconf 89' lang='lat' dir='ltr'>sed</span> <span class='ocrx_word' id='word_1_744' title='bbox 1946 4883 2065 4939; x_wconf 83' lang='lat' dir='ltr'><strong>sine</strong></span> <span class='ocrx_word' id='word_1_745' title='bbox 2095 4884 2434 4955; x_wconf 79' lang='lat' dir='ltr'><strong>diphthongo</strong></span> <span class='ocrx_word' id='word_1_746' title='bbox 2462 4886 2899 4955; x_wconf 81' lang='lat' dir='ltr'><strong>praepositionem</strong></span> <span class='ocrx_word' id='word_1_747' title='bbox 2930 4889 2987 4951; x_wconf 74' lang='grc' dir='ltr'>ἐς</span> <span class='ocrx_word' id='word_1_748' title='bbox 3019 4889 3396 4957; x_wconf 83' lang='lat' dir='ltr'><strong>pronuntiant;</strong></span> 
     </span>
    </p>
   </div>
   <div class='ocr_carea' id='block_1_92' title="bbox 151 4976 1738 5054">
    <p class='ocr_par' dir='ltr' id='par_1_92' title="bbox 151 4977 1709 5054">
     <span class='ocr_line' id='line_1_92' title="bbox 151 4977 1709 5054; baseline -0.001 -22"><span class='ocrx_word' id='word_1_749' title='bbox 151 4980 406 5054; x_wconf 67' lang='grc' dir='ltr'>διςθόγγῳ</span> <span class='ocrx_word' id='word_1_750' title='bbox 434 4984 495 5035; x_wconf 77' lang='grc' dir='ltr'>ἐν</span> <span class='ocrx_word' id='word_1_751' title='bbox 518 4981 598 5051; x_wconf 89' lang='grc' dir='ltr'>τῷ</span> <span class='ocrx_word' id='word_1_752' title='bbox 626 4979 806 5048; x_wconf 79' lang='grc' dir='ltr'>λέγειν</span> <span class='ocrx_word' id='word_1_753' title='bbox 832 4979 897 5046; x_wconf 85' lang='grc' dir='ltr'>ἐς</span> <span class='ocrx_word' id='word_1_754' title='bbox 933 4980 1191 5046; x_wconf 80' lang='grc' dir='ltr'>κόρακας</span> <span class='ocrx_word' id='word_1_755' title='bbox 1245 4977 1279 5046; x_wconf 79' lang='grc' dir='ltr'>ἢ</span> <span class='ocrx_word' id='word_1_756' title='bbox 1297 4978 1363 5043; x_wconf 85' lang='grc' dir='ltr'>ἐς</span> <span class='ocrx_word' id='word_1_757' title='bbox 1386 4978 1709 5047; x_wconf 79' lang='grc' dir='ltr'>μακαρίαν,</span> 
     </span>
    </p>
   </div>
   <div class='ocr_carea' id='block_1_93' title="bbox 1808 4976 3395 5054">
    <p class='ocr_par' dir='ltr' id='par_1_93' title="bbox 1817 4976 3395 5052">
     <span class='ocr_line' id='line_1_93' title="bbox 1817 4976 3395 5052; baseline 0.004 -22"><span class='ocrx_word' id='word_1_758' title='bbox 1817 4976 1874 5031; x_wconf 84' lang='lat' dir='ltr'>in</span> <span class='ocrx_word' id='word_1_759' title='bbox 1917 4976 2046 5032; x_wconf 90' lang='lat' dir='ltr'><strong>aliis</strong></span> <span class='ocrx_word' id='word_1_760' title='bbox 2068 4992 2199 5033; x_wconf 92' lang='lat' dir='ltr'><strong>vero</strong></span> <span class='ocrx_word' id='word_1_761' title='bbox 2232 4978 2491 5033; x_wconf 84' lang='lat' dir='ltr'><strong>omnibus</strong></span> <span class='ocrx_word' id='word_1_762' title='bbox 2545 4988 2601 5033; x_wconf 88' lang='lat' dir='ltr'>et</span> <span class='ocrx_word' id='word_1_763' title='bbox 2664 4994 2790 5033; x_wconf 91' lang='lat' dir='ltr'>cum</span> <span class='ocrx_word' id='word_1_764' title='bbox 2826 4979 3163 5052; x_wconf 78' lang='lat' dir='ltr'><strong>diphthongo</strong></span> <span class='ocrx_word' id='word_1_765' title='bbox 3188 4992 3244 5036; x_wconf 89' lang='lat' dir='ltr'>et</span> <span class='ocrx_word' id='word_1_766' title='bbox 3275 4983 3395 5037; x_wconf 89' lang='lat' dir='ltr'><strong>sine</strong></span> 
     </span>
    </p>
   </div>
   <div class='ocr_carea' id='block_1_94' title="bbox 155 5068 1742 5143">
    <p class='ocr_par' dir='ltr' id='par_1_94' title="bbox 155 5068 1708 5143">
     <span class='ocr_line' id='line_1_94' title="bbox 155 5068 1708 5143; baseline -0.001 -20"><span class='ocrx_word' id='word_1_767' title='bbox 155 5074 249 5126; x_wconf 75' lang='grc' dir='ltr'>ἀλλ’</span> <span class='ocrx_word' id='word_1_768' title='bbox 292 5078 428 5131; x_wconf 79' lang='grc' dir='ltr'>ἄνευ</span> <span class='ocrx_word' id='word_1_769' title='bbox 478 5073 575 5126; x_wconf 76' lang='grc' dir='ltr'>τοῦ</span> <span class='ocrx_word' id='word_1_770' title='bbox 621 5072 865 5143; x_wconf 88' lang='grc' dir='ltr'>διχρόνου</span> <span class='ocrx_word' id='word_1_771' title='bbox 909 5068 1210 5140; x_wconf 78' lang='grc' dir='ltr'>ἐκφωνοῦσι</span> <span class='ocrx_word' id='word_1_772' title='bbox 1264 5070 1365 5140; x_wconf 77' lang='grc' dir='ltr'>τὴν</span> <span class='ocrx_word' id='word_1_773' title='bbox 1402 5069 1660 5141; x_wconf 88' lang='grc' dir='ltr'>πρόθεσιν</span> <span class='ocrx_word' id='word_1_774' title='bbox 1692 5086 1708 5101; x_wconf 82' lang='grc'><em>’</em></span> 
     </span>
    </p>
   </div>
   <div class='ocr_carea' id='block_1_95' title="bbox 1807 5068 3394 5143">
    <p class='ocr_par' dir='ltr' id='par_1_95' title="bbox 1817 5068 3394 5141">
     <span class='ocr_line' id='line_1_95' title="bbox 1817 5068 3394 5141; baseline 0.003 -17"><span class='ocrx_word' id='word_1_775' title='bbox 1817 5068 2119 5141; x_wconf 83' lang='lat' dir='ltr'><strong>diphtongo</strong></span> <span class='ocrx_word' id='word_1_776' title='bbox 2153 5071 2596 5141; x_wconf 68' lang='lat' dir='ltr'><strong>praepositionem</strong></span> <span class='ocrx_word' id='word_1_777' title='bbox 2642 5071 2722 5133; x_wconf 82' lang='grc' dir='ltr'>είς</span> <span class='ocrx_word' id='word_1_778' title='bbox 2763 5080 3049 5141; x_wconf 89' lang='lat' dir='ltr'><strong>usurpant.</strong></span> <span class='ocrx_word' id='word_1_779' title='bbox 3079 5073 3243 5129; x_wconf 89' lang='lat' dir='ltr'><strong>Attici</strong></span> <span class='ocrx_word' id='word_1_780' title='bbox 3266 5074 3394 5129; x_wconf 69' lang='lat' dir='ltr'><strong>horti</strong></span> 
     </span>
    </p>
   </div>
   <div class='ocr_carea' id='block_1_96' title="bbox 157 5159 1744 5237">
    <p class='ocr_par' dir='ltr' id='par_1_96' title="bbox 157 5160 1708 5234">
     <span class='ocr_line' id='line_1_96' title="bbox 157 5160 1708 5234; baseline 0 -20"><span class='ocrx_word' id='word_1_781' title='bbox 157 5164 229 5216; x_wconf 75' lang='grc' dir='ltr'>ἐπὶ</span> <span class='ocrx_word' id='word_1_782' title='bbox 254 5166 307 5219; x_wconf 81' lang='grc' dir='ltr'>δὲ</span> <span class='ocrx_word' id='word_1_783' title='bbox 335 5162 453 5219; x_wconf 81' lang='grc' dir='ltr'>τῶν</span> <span class='ocrx_word' id='word_1_784' title='bbox 493 5164 667 5221; x_wconf 69' lang='grc' dir='ltr'>ἄλλων</span> <span class='ocrx_word' id='word_1_785' title='bbox 701 5163 953 5219; x_wconf 80' lang='grc' dir='ltr'>ἁπάντων</span> <span class='ocrx_word' id='word_1_786' title='bbox 1004 5162 1100 5216; x_wconf 75' lang='grc' dir='ltr'>καὶ</span> <span class='ocrx_word' id='word_1_787' title='bbox 1140 5161 1279 5234; x_wconf 81' lang='grc' dir='ltr'>μετὰ</span> <span class='ocrx_word' id='word_1_788' title='bbox 1313 5160 1409 5215; x_wconf 82' lang='grc' dir='ltr'>τοῦ</span> <span class='ocrx_word' id='word_1_789' title='bbox 1461 5161 1708 5232; x_wconf 83' lang='grc' dir='ltr'>διχρόνου</span> 
     </span>
    </p>
   </div>
   <div class='ocr_carea' id='block_1_97' title="bbox 1813 5159 3400 5237">
    <p class='ocr_par' dir='ltr' id='par_1_97' title="bbox 1816 5159 3400 5237">
     <span class='ocr_line' id='line_1_97' title="bbox 1816 5159 3400 5237; baseline 0.004 -22"><span class='ocrx_word' id='word_1_790' title='bbox 1816 5159 2018 5215; x_wconf 87' lang='lat' dir='ltr'><strong>ominis</strong></span> <span class='ocrx_word' id='word_1_791' title='bbox 2050 5161 2224 5232; x_wconf 81' lang='lat' dir='ltr'><strong>gratia</strong></span> <span class='ocrx_word' id='word_1_792' title='bbox 2252 5161 2489 5231; x_wconf 83' lang='grc' dir='ltr'>κλέπτην</span> <span class='ocrx_word' id='word_1_793' title='bbox 2526 5162 2698 5231; x_wconf 76' lang='lat' dir='ltr'><strong>furem</strong></span> <span class='ocrx_word' id='word_1_794' title='bbox 2749 5160 2979 5235; x_wconf 80' lang='grc' dir='ltr'>φιλητὴν</span> <span class='ocrx_word' id='word_1_795' title='bbox 3005 5164 3213 5233; x_wconf 87' lang='lat' dir='ltr'><strong>dicunt,</strong></span> <span class='ocrx_word' id='word_1_796' title='bbox 3237 5168 3400 5237; x_wconf 80' lang='lat' dir='ltr'><strong>quasi</strong></span> 
     </span>
    </p>
   </div>
   <div class='ocr_carea' id='block_1_98' title="bbox 1416 5336 2083 5395">
    <p class='ocr_par' dir='ltr' id='par_1_98' title="bbox 1416 5336 2083 5395">
     <span class='ocr_line' id='line_1_98' title="bbox 1416 5336 2083 5395; baseline 0 0"><span class='ocrx_word' id='word_1_797' title='bbox 1416 5339 1653 5395; x_wconf 68' lang='lat' dir='ltr'><strong>VARIAE</strong></span> <span class='ocrx_word' id='word_1_798' title='bbox 1682 5336 2083 5395; x_wconf 81' lang='lat' dir='ltr'>LECTIONES.</span> 
     </span>
    </p>
   </div>
   <div class='ocr_carea' id='block_1_99' title="bbox 156 5494 3398 5622">
    <p class='ocr_par' dir='ltr' id='par_1_99' title="bbox 156 5494 3398 5622">
     <span class='ocr_line' id='line_1_99' title="bbox 156 5494 3398 5622; baseline 0.008 -91"><span class='ocrx_word' id='word_1_799' title='bbox 156 5567 176 5618; x_wconf 58' lang='grc' dir='ltr'>ὲ</span> <span class='ocrx_word' id='word_1_800' title='bbox 207 5501 283 5622; x_wconf 67' lang='grc' dir='ltr'>ίιι</span> <span class='ocrx_word' id='word_1_801' title='bbox 321 5500 458 5569; x_wconf 63' lang='grc' dir='ltr'>φασί</span> <span class='ocrx_word' id='word_1_802' title='bbox 481 5500 546 5555; x_wconf 89' lang='lat' dir='ltr'><strong>C.</strong></span> <span class='ocrx_word' id='word_1_803' title='bbox 624 5500 670 5531; x_wconf 80' lang='lat'>“</span> <span class='ocrx_word' id='word_1_804' title='bbox 697 5497 961 5567; x_wconf 80' lang='grc' dir='ltr'>πάννυχος</span> <span class='ocrx_word' id='word_1_805' title='bbox 985 5496 1078 5550; x_wconf 65' lang='grc' dir='ltr'>καὶ</span> <span class='ocrx_word' id='word_1_806' title='bbox 1105 5494 1397 5567; x_wconf 76' lang='grc' dir='ltr'>παννυχὶς]</span> <span class='ocrx_word' id='word_1_807' title='bbox 1420 5496 1687 5564; x_wconf 82' lang='grc' dir='ltr'>πάννυχες</span> <span class='ocrx_word' id='word_1_808' title='bbox 1707 5495 1801 5548; x_wconf 72' lang='grc' dir='ltr'>καὶ</span> <span class='ocrx_word' id='word_1_809' title='bbox 1826 5495 2058 5567; x_wconf 77' lang='grc' dir='ltr'>παννυχὶ</span> <span class='ocrx_word' id='word_1_810' title='bbox 2081 5494 2145 5551; x_wconf 88' lang='lat' dir='ltr'><strong>C.</strong></span> <span class='ocrx_word' id='word_1_811' title='bbox 2222 5496 2269 5528; x_wconf 82' lang='grc'>⁸³</span> <span class='ocrx_word' id='word_1_812' title='bbox 2316 5495 2375 5550; x_wconf 72' lang='grc' dir='ltr'>δὲ</span> <span class='ocrx_word' id='word_1_813' title='bbox 2405 5496 2445 5551; x_wconf 91' lang='lat' dir='ltr'><strong>C</strong></span> <span class='ocrx_word' id='word_1_814' title='bbox 2475 5515 2489 5551; x_wconf 93' lang='lat'>:</span> <span class='ocrx_word' id='word_1_815' title='bbox 2525 5513 2589 5564; x_wconf 85' lang='grc' dir='ltr'>γε</span> <span class='ocrx_word' id='word_1_816' title='bbox 2620 5514 2683 5561; x_wconf 81' lang='grc' dir='ltr'>ς.</span> <span class='ocrx_word' id='word_1_817' title='bbox 2752 5499 2799 5531; x_wconf 64' lang='grc'>⁸*</span> <span class='ocrx_word' id='word_1_818' title='bbox 2828 5499 3121 5574; x_wconf 75' lang='grc' dir='ltr'>πρότερονΙ</span> <span class='ocrx_word' id='word_1_819' title='bbox 3158 5501 3398 5558; x_wconf 78' lang='lat' dir='ltr'><strong>fortasse</strong></span> 
     </span>
     <span class='ocr_line' id='line_1_100' title="bbox 180 5585 347 5622; baseline 0.018 -3"><span class='ocrx_word' id='word_1_820' title='bbox 180 5585 202 5619; x_wconf 79' lang='grc' dir='ltr'>τ</span> <span class='ocrx_word' id='word_1_821' title='bbox 235 5588 347 5622; x_wconf 67' lang='lat' dir='ltr'><strong>eos.</strong></span> 
     </span>
    </p>
   </div>
   <div class='ocr_carea' id='block_1_100' title="bbox 180 5585 347 5640">
    <p class='ocr_par' dir='ltr' id='par_1_100' title="bbox 180 5585 347 5640">
     <span class='ocr_line' id='line_1_101' title="bbox 180 5585 347 5640; baseline 0.024 -20"><span class='ocrx_word' id='word_1_822' title='bbox 180 5585 347 5640; x_wconf 76' lang='grc' dir='ltr'>τιρου.</span> 
     </span>
    </p>
   </div>
   <div class='ocr_carea' id='block_1_101' title="bbox 1652 5721 1880 5781">
    <p class='ocr_par' dir='ltr' id='par_1_101' title="bbox 1652 5721 1880 5781">
     <span class='ocr_line' id='line_1_102' title="bbox 1652 5721 1880 5781; baseline 0.018 -4"><span class='ocrx_word' id='word_1_823' title='bbox 1652 5721 1880 5781; x_wconf 65' lang='grc' dir='ltr'>ΝΟΤΛΕ.</span> 
     </span>
    </p>
   </div>
   <div class='ocr_carea' id='block_1_102' title="bbox 176 5883 3399 5967">
    <p class='ocr_par' dir='ltr' id='par_1_102' title="bbox 176 5883 3399 5967">
     <span class='ocr_line' id='line_1_103' title="bbox 176 5883 3399 5967; baseline 0.007 -30"><span class='ocrx_word' id='word_1_824' title='bbox 176 5883 487 5967; x_wconf 38' lang='grc' dir='ltr'>Ἴ(49)Υἰ‹1ε</span> <span class='ocrx_word' id='word_1_825' title='bbox 512 5885 667 5967; x_wconf 62' lang='lat' dir='ltr'><strong>card.</strong></span> <span class='ocrx_word' id='word_1_826' title='bbox 714 5884 996 5967; x_wconf 73' lang='lat' dir='ltr'><strong>§igonium</strong></span> <span class='ocrx_word' id='word_1_827' title='bbox 1030 5885 1104 5943; x_wconf 86' lang='lat' dir='ltr'><strong>De</strong></span> <span class='ocrx_word' id='word_1_828' title='bbox 1144 5901 1250 5959; x_wconf 76' lang='lat' dir='ltr'><strong>rep.</strong></span> <span class='ocrx_word' id='word_1_829' title='bbox 1296 5886 1713 5956; x_wconf 71' lang='lat' dir='ltr'><strong>Atheniensium,</strong></span> <span class='ocrx_word' id='word_1_830' title='bbox 1829 5964 1837 5967; x_wconf 17' lang='grc' dir='ltr'><strong>Α</strong></span> <span class='ocrx_word' id='word_1_831' title='bbox 1896 5896 2008 5965; x_wconf 72' lang='lat'>(50)</span> <span class='ocrx_word' id='word_1_832' title='bbox 2057 5897 2128 5952; x_wconf 92' lang='lat' dir='ltr'><strong>Ut</strong></span> <span class='ocrx_word' id='word_1_833' title='bbox 2184 5894 2403 5951; x_wconf 85' lang='lat' dir='ltr'><strong>Orestes</strong></span> <span class='ocrx_word' id='word_1_834' title='bbox 2434 5894 2883 5967; x_wconf 84' lang='lat' dir='ltr'><strong>Clytemnestram</strong></span> <span class='ocrx_word' id='word_1_835' title='bbox 2918 5912 3164 5957; x_wconf 78' lang='lat' dir='ltr'><strong>matrem.</strong></span> <span class='ocrx_word' id='word_1_836' title='bbox 3197 5901 3399 5958; x_wconf 78' lang='lat' dir='ltr'><strong>Cicero</strong></span> 
     </span>
    </p>
   </div>
   <div class='ocr_carea' id='block_1_103' title="bbox 153 5947 2947 6029">
    <p class='ocr_par' dir='ltr' id='par_1_103' title="bbox 153 5947 2947 6029">
     <span class='ocr_line' id='line_1_104' title="bbox 153 5947 2947 6029; baseline 0.01 -28"><span class='ocrx_word' id='word_1_837' title='bbox 153 5947 238 6007; x_wconf 72' lang='lat' dir='ltr'><strong>lib.</strong></span> <span class='ocrx_word' id='word_1_838' title='bbox 273 5947 355 6021; x_wconf 79' lang='lat' dir='ltr'>nt,</span> <span class='ocrx_word' id='word_1_839' title='bbox 389 5972 509 6028; x_wconf 78' lang='lat' dir='ltr'><strong>cap.</strong></span> <span class='ocrx_word' id='word_1_840' title='bbox 552 5957 604 6025; x_wconf 85' lang='grc' dir='ltr'>ι,</span> <span class='ocrx_word' id='word_1_841' title='bbox 635 5959 692 6026; x_wconf 71' lang='lat'><strong>2,</strong></span> <span class='ocrx_word' id='word_1_842' title='bbox 724 5947 806 6012; x_wconf 78' lang='lat'>3.‘</span> <span class='ocrx_word' id='word_1_843' title='bbox 1198 5947 1208 5959; x_wconf 94' lang='lat'>&#39;</span> <span class='ocrx_word' id='word_1_844' title='bbox 1698 5947 1710 5956; x_wconf 78' lang='grc'><strong><em>⁷</em></strong></span> <span class='ocrx_word' id='word_1_845' title='bbox 1826 5947 2330 6026; x_wconf 48' lang='grc' dir='ltr'>ἰηιιίίοιῆιίηιῖἶι</span> <span class='ocrx_word' id='word_1_846' title='bbox 2355 5947 2599 6024; x_wconf 55' lang='grc' dir='ltr'>ἔιιὺΐίιῖ</span> <span class='ocrx_word' id='word_1_847' title='bbox 2623 5947 2947 6029; x_wconf 49' lang='lat' dir='ltr'><strong>metant;</strong></span> 
     </span>
    </p>
   </div>
  </div>
