3856 6298
614 472 719 535 323

1750 478 2017 539 PHOTII
2046 476 2558 537 PATRIARCILE
2588 477 2700 538 CP.

3742 490 3822 554 3Ξί

611 599 863 640 exosum.
890 584 974 639 vel
996 586 1228 658 φιλητὴς
1252 586 1361 657 fur,
1386 585 1513 658 quia
1542 585 1789 654 accipere
1819 583 2178 638 amataliena.

2292 584 2385 634 καὶ
2414 583 2584 652 χωρὶς
2609 580 2705 635 τοῦ
2730 580 2974 651 διχρόνου
3003 578 3102 651 τὴν
3157 578 3411 649 πρόθεσιν
3448 581 3699 652 λέγουσιν.
3724 594 3822 652 Ὀτι

610 672 967 743 Αἰσυμνήτης
1023 673 1242 739 dicitur,
1301 674 1395 744 qui
1463 672 1597 727 colit
1655 671 1891 726 cilicium
1972 672 2191 743 (etenim

611 762 849 817 ollicium
885 763 1045 817 αῐσαν
1087 766 1359 834 appellant
1391 763 1645 833 antiqui),
1686 774 1780 819 aut
1808 763 1899 834 qui
1929 773 2110 818 manet
2136 765 2193 815 ἐν

611 856 678 923 τῇ
718 854 873 924 αἴσᾳ,
910 856 1013 909 hoc
1051 868 1133 910 est
1159 858 1212 910 in
1245 857 1446 911 oﬂicio.
1476 856 1592 912 Hoc
1622 869 1806 912 autem
1842 874 2039 911 nomen
2072 872 2193 911 vcr-

608 949 731 1003 bale
759 948 1133 1017 irregulariter
1173 950 1500 1019 barytonum
1534 959 1637 1005 est.
1670 950 1898 1017 Quidam
1925 966 2055 1005 vero
2081 967 2193 1005 non

608 1039 717 1093 ἁπὺ
767 1039 863 1092 τοῦ
918 1038 1124 1109 μένειν,
1186 1039 1281 1093 sed
1349 1055 1380 1093 a
1440 1024 1625 1111 νέμειν
1682 1044 2027 1113 αἰσυμνήτην
2074 1042 2193 1097 ﬁeri

609 1132 817 1185 dicunt.
844 1133 983 1202 Ἔαρ
1011 1149 1118 1198 ver,
1154 1132 1223 1186 ab
1245 1132 1380 1200 εῠαρ
1403 1132 1627 1189 ductum
1653 1145 1765 1202 est;
1790 1135 2193 1205 jucundissima

610 1224 756 1277 enim
806 1232 891 1278 est
932 1222 1075 1278 \cris
1144 1227 1454 1295 temperies.
1502 1227 1772 1294 Μέλιττα,
1813 1231 1949 1297 apis,
2008 1227 2095 1282 vel
2160 1243 2191 1282 a

613 1312 796 1380 μέλειν
855 1312 1086 1366 dicitur:
1145 1323 1229 1368 est
1266 1316 1411 1369 enim
1448 1318 1527 1371 rei
1579 1316 1868 1372 familiaris
1922 1317 2187 1384 studiosa,

608 1404 693 1456 vel
729 1404 886 1471 quasi
928 1404 1151 1474 μηλίζα,
1184 1406 1403 1475 dicitur,
1485 1418 1744 1479 tanquam
1797 1410 2045 1464 insidens
2074 1411 2191 1463 fru-

609 1496 810 1552 ctibus.
862 1498 1048 1569 Μῆλον
1078 1500 1222 1554 enim
1272 1502 1473 1555 malum
1502 1518 1603 1572 pro
1632 1502 1892 1557 omnibus
1923 1504 2190 1558 fructibus

606 1590 849 1658 ponitur.
898 1593 1078 1661 Apum
1123 1608 1255 1647 vero
1293 1610 1520 1649 examen
1556 1596 1777 1665 proprie
1807 1594 1939 1665 ἐμος
1970 1595 2188 1661 dicitur,

608 1683 753 1750 quod
788 1683 953 1738 simul
993 1694 1140 1748 eant,
1169 1694 1224 1740 et
1262 1702 1369 1741 non
1422 1698 1767 1757 separentur.
1802 1687 1930 1743 Ideo
1960 1698 2014 1742 et
2044 1696 2192 1742 recte

609 1786 765 1842 poeta
825 1774 1182 1850 [Homerus]
1222 1779 1421 1850 ἁδήνας
1475 1795 1569 1836 eas
1627 1789 1808 1846 vocat,
1857 1783 2001 1851 quod
2058 1779 2190 1851 ἄδην

608 1867 778 1916 dense
812 1870 867 1916 et
918 1864 1208 1919 confertim
1239 1869 1487 1922 volitent.
1524 1867 1620 1923 Est
1655 1869 1802 1922 enim
1846 1867 2050 1922 animal
2088 1869 2190 1923 hoc

608 1951 1015 2019 congregabile.
1051 1953 1298 2024 Ὄνειρον
1323 1955 1597 2010 somnium
1633 1957 1884 2011 derivant
1932 1966 2191 2025 tanquam

610 2037 672 2089 τὸ
702 2036 760 2088 ὃν
790 2039 948 2109 είρει,
980 2039 1083 2093 hoc
1114 2052 1219 2106 est,
1248 2040 1303 2095 id
1333 2043 1479 2111 quod
1515 2044 1669 2098 dicit.
1725 2042 2017 2113 Quarepro
2050 2044 2193 2098 veris

612 2126 845 2181 somniis
880 2127 996 2181 haec
1026 2142 1131 2181 vox
1169 2131 1417 2197 ponenda
1450 2140 1568 2185 est:
1599 2132 1651 2185 in
1680 2130 1834 2186 falsis
1854 2146 1982 2185 vero
2001 2131 2193 2186 etaliis

608 2218 793 2285 potius
822 2217 1067 2283 ὲνπύνια,
1093 2220 1388 2274 insomnia.
1413 2223 1759 2293 ldeo,inquit,
1785 2224 1927 2293 apud
1953 2223 2194 2279 comicos

608 2318 875 2362 exeuntes
904 2311 1124 2379 pulsant
1145 2310 1290 2366 fores
1315 2312 1451 2384 (51),
1485 2316 1614 2383 quia
1652 2332 1783 2379 non,
1816 2326 1877 2369 ut
1914 2315 2057 2385 apud
2092 2330 2192 2371 nos

610 2414 780 2464 nunc,
803 2401 945 2454 ostia
978 2401 1107 2454 olim
1142 2403 1533 2471 aperiebantur
1558 2405 1809 2472 interius,
1829 2409 1923 2462 sed
1957 2408 2190 2463 adverso

610 2494 797 2549 modo.
834 2492 1004 2549 Foras
1035 2497 1181 2549 enim
1214 2496 1495 2552 trudentes
1550 2499 1792 2566 exibant,
1857 2517 2021 2555 manu
2071 2504 2192 2572 pul-

611 2596 795 2641 santes
822 2587 994 2656 prius,
1024 2598 1081 2640 ut
1103 2588 1379 2655 audirent,
1417 2590 1464 2645 si
1496 2590 1589 2660 qui
1620 2591 1688 2645 ad
1729 2591 1874 2648 fores
1903 2602 2107 2660 essent,
2139 2606 2192 2651 et

608 2688 891 2743 caverent,
921 2694 986 2733 ne
1047 2680 1207 2735 inscii
1240 2682 1591 2747 laederentur,
1628 2681 1837 2739 foribus
1858 2694 2080 2754 repente
2133 2685 2190 2739 in

608 2773 751 2825 viam
771 2773 1064 2840 pr0trusis.
1082 2772 1308 2828 Loxiam
1326 2774 1670 2848 [Apollinem]
1696 2777 1841 2831 enim
1863 2777 2185 2846 adorabant,

610 2878 773 2931 quem
811 2879 910 2933 pro
939 2864 1153 2919 foribus
1181 2864 1380 2937 singuli
1407 2870 1703 2938 ponebant.
1733 2868 2003 2925 Praeterea
2033 2886 2187 2926 aram

2297 674 2416 726 κατ’
2447 672 2795 743 εὐφημισμὸν
2821 673 2869 725 οἰ
2917 672 3153 725 Ἀττικοὶ
3175 672 3269 725 τὸν
3328 673 3590 742 κλέπτην
3605 684 3822 755 sound"

2295 763 2563 831 λέγουσιν,
2590 765 2755 817 οἰονεί⁹
2788 763 3015 835 μισητόν
3036 764 3103 834 ’ἢ
3136 765 3232 815 καὶ
3259 765 3527 833 φιλετὴς,
3552 770 3580 821 6
3602 762 3822 848 κλέπτης1

2293 855 2427 909 διότι
2460 856 2605 924 φιλεί
2654 855 2956 923 λαμϐάνειν
2988 856 3056 909 τὰ
3102 855 3378 928 ἀλλότρια.
3441 857 3561 913 Ὀτι
3592 862 3647 915 τὸ
3684 869 3822 923 αἰσυ.

2289 947 2525 1017 μνήτης
2551 949 2584 1018 ἢ
2607 950 2635 1001 6
2655 947 2715 1001 τὸ
2738 948 2982 1017 καθῆκον
3016 947 3201 1018 ὑμνῶν
3220 950 3314 1001 καί
3341 949 3511 1003 σέϐων
3538 951 3762 1029 (καὶγὰρ
3785 963 3822 1016 τί

2297 1041 2542 1110 καθῆκον
2586 1038 2775 1095 αἷσάν
2801 1039 3045 1111 φασιν)ῆ
3083 1043 3111 1094 ὸ
3166 1042 3342 1111 μένων
3392 1043 3463 1096 ἐν
3494 1043 3566 1113 τῇ
3610 1046 3653 1079 ⁸⁸
3691 1052 3822 1120 ιιῖσςι1

2291 1134 2537 1186 τουτέστι
2572 1133 2651 1203 τῷ
2701 1133 3005 1201 καθήκοντι
3030 1150 3045 1164 ’
3080 1134 3238 1187 τοῦτο
3266 1135 3321 1186 δέ
3354 1136 3645 1205 ῥηματικὸν
3672 1140 3725 1193 ὃν
3750 1162 3822 1196 παι

2295 1225 2535 1296 ραλόγως
2587 1224 2901 1296 βαρύνεται.
2936 1225 3094 1288 Τινὲς
3148 1225 3206 1278 δὲ
3251 1225 3353 1279 οὐκ
3375 1227 3490 1279 ἀπὸ
3526 1230 3627 1283 τοῦ
3657 1232 3821 1299 μένειν

2292 1318 2350 1369 ὲν
2406 1320 2471 1388 τῇ
2532 1318 2683 1387 αἴσᾳ,
2715 1316 2829 1370 ἁλλ’
2876 1317 2986 1369 ἀπὸ
3034 1316 3127 1369 τοῦ
3176 1315 3379 1385 νέμειν
3428 1318 3533 1371 τόν
3569 1323 3822 1394 αἰσυμνήη

2291 1427 2405 1477 την
2428 1411 2563 1478 φασί
2603 1411 2905 1479 γεγονέναι.
2938 1411 3061 1463 Ὅτι
3088 1410 3147 1462 τὸ
3170 1409 3276 1477 ἔαρ
3305 1411 3457 1480 παρὰ
3474 1411 3532 1463 τὸ
3559 1414 3692 1483 εῠαρ
3715 1413 3822 1474 εἶναι

2292 1502 2528 1571 εἴρηται·
2557 1503 2807 1573 ἡδίστη⁸⁸
2822 1503 2930 1572 γὰρ
2954 1502 3072 1554 τότε
3098 1504 3130 1572 ἡ
3152 1501 3246 1554 τοῦ
3264 1501 3423 1572 ἀέρος
3448 1505 3634 1572 κρᾶσις
3652 1508 3714 1562 ⁸⁷.
3732 1510 3822 1566 Ὅτι

2260 1593 2322 1659 ιή
2343 1591 2592 1659 μέλιττα
2648 1591 2680 1663 ἢ
2713 1592 2820 1644 ἀπὸ
2854 1591 2948 1643 τοῦ
2998 1590 3207 1659 μέλειν
3268 1592 3481 1661 εἴρηται
3511 1594 3822 1666 (οἰκονομικὸν

2291 1683 2399 1753 γὰρ
2428 1683 2489 1735 τὸ
2523 1680 2706 1754 ζῶον),
2741 1682 2773 1753 ἢ
2810 1681 3070 1751 μήλιζαν
3101 1681 3272 1751 αὐτὴν
3295 1680 3510 1736 λεκτέον
3552 1684 3624 1748 ὡς
3670 1688 3822 1757 ἐφιξά..

2292 1794 2489 1830 νουσαν
2505 1778 2640 1829 πᾶσι
2668 1778 2779 1839 τοῖς
2817 1777 3050 1846 καρποῖς
3072 1790 3085 1804 ⁸
3122 1774 3181 1827 τὸ
3216 1775 3327 1844 γὰρ
3357 1773 3556 1843 μῆλον
3572 1780 3701 1831 κατὰ
3726 1784 3822 1835 πάν-

2294 1887 2401 1922 των
2429 1869 2661 1939 ληπτέον
2688 1869 2797 1921 τῶν
2844 1868 3163 1937 καρπίμων.
3224 1866 3298 1919 Τὸ
3326 1867 3383 1919 δὲ
3438 1868 3545 1921 τῶν
3596 1870 3822 1939 μελισσῶν

2225 1932 2270 1991 Β
2298 1932 2499 2031 σμῆνος
2522 1960 2709 2030 ἐσμὸς
2735 1932 2934 2031 κυρίως
2959 1932 3189 2027 λέγοιτο,
3217 1959 3370 2029 παρὰ
3393 1959 3453 2012 τὸ
3475 1960 3571 2027 τὴν
3591 1932 3693 2015 έσιν
3719 1965 3822 2033 ὁμοῦ

2298 2052 2571 2105 ποιεῖσθαι
2599 2054 2694 2106 καί.
2731 2051 2805 2122 μὴ
2833 2050 3130 2114 διεστώσας
3151 2052 3248 2105 ἀπ’
3278 2050 3540 2121 ἀλλήλων.
3569 2053 3654 2106 Διὸ
3681 2056 3822 2120 καλῶς

2293 2147 2321 2197 6
2350 2144 2579 2215 ποιητὴς
2628 2143 2841 2209 ἀδινὰς
2870 2142 2917 2174 ⁵⁸
2950 2140 3122 2205 αὐτὰς
3171 2141 3299 2213 ἔφη,
3324 2142 3479 2212 ἅδην
3518 2146 3607 2198 καὶ
3654 2146 3822 2215 ἀθρόως

2293 2236 2599 2305 πετομένας
2635 2249 2650 2264 ⁸
2699 2235 3055 2302 ἀγελαστικὸν
3099 2236 3208 2306 γάρ
3262 2236 3382 2287 ἐστι
3427 2234 3485 2288 τὸ
3535 2235 3696 2304 γένος.
3730 2238 3822 2292 Ὀτι

2293 2329 2386 2380 τὸν
2411 2328 2647 2397 ὄνειρον
2685 2328 3097 2397 ἐτυμολογοῦσι,
3129 2329 3287 2398 φησὶ,
3324 2327 3456 2381 διότι
3502 2327 3564 2381 τὸ
3590 2327 3657 2381 ὃν
3691 2330 3822 2396 εἶρει,

2292 2420 2541 2472 τουτέστι
2575 2418 2723 2488 λέγει
2753 2434 2767 2449 ο
2794 2421 2935 2471 ὥστε
2982 2420 3075 2471 ἐπὶ
3104 2419 3212 2472 τῶν
3268 2418 3484 2487 ἀληθῶν
3515 2418 3720 2490 όνείρων
3750 2438 3822 2474 τα-

2292 2510 2451 2563 κτέον
2472 2511 2571 2581 τὴν
2600 2511 2785 2580 φωνήν
2808 2525 2823 2540 ⁸
2844 2510 2913 2563 τὰ
2941 2509 3050 2578 γὰρ
3078 2509 3253 2568 ἄλλως
3312 2508 3500 2579 ἔχοντα
3533 2510 3713 2579 μᾶλλον
3750 2511 3822 2563 ἕνη

2289 2602 2645 2668 ύπνια.”υτι,
2669 2602 2821 2672 φησὶ,
2851 2602 3042 2655 τούτου
3074 2603 3233 2672 χάριν
3273 2601 3531 2654 κόπτουσι
3560 2602 3698 2671 παρὰ
3736 2603 3821 2662 τοῖς

2294 2696 2565 2764 κωμικοῖς
2596 2696 2645 2747 οἰ
2691 2693 2926 2759 ἐξιόντες
2950 2693 3050 2756 τὰς
3090 2694 3286 2763 θύρας,
3315 2692 3450 2747 διότι
3481 2692 3595 2764 οὐχ,
3634 2692 3701 2756 ὡς
3719 2693 3822 2780 mp:

2291 2791 2425 2858 ἡμῖν
2456 2787 2594 2850 νυνὶ,
2649 2787 2711 2840 τὸ
2763 2786 2991 2839 παλαιὸν
3042 2786 3385 2856 ἁνεῴγνυντο
3434 2788 3489 2838 αἰ
3537 2785 3703 2855 θύραι,
3732 2784 3809 2835 ἁλὶ.

2292 2880 2519 2950 ἐναντίῳ
2567 2879 2777 2950 τρόπῳ.
2828 2878 3069 2945 Ἔξωθεν
3122 2882 3229 2949 γὰρ
3273 2878 3444 2941 αὑτὰς
3478 2878 3821 2948 ἀνατρέποντες

611 2952 715 3008 sibi
737 2955 1025 3008 rotundam
1054 2956 1393 3013 collocabant
1408 2961 1700 3030 etmyrteis
1717 2963 2077 3029 coronabant,
2099 2964 2188 3018 cui

610 3050 1000 3110 praetereuntes
1049 3044 1323 3113 astabant,
1345 3062 1496 3100 aram
1518 3055 1697 3103 autem
1722 3049 1867 3104 illam
1891 3051 2083 3119 ἁγνιὰν
2100 3050 2187 3104 λο-

2292 3064 2603 3135 κρούοντες,
2634 3067 2727 3117 ἐπὶ
2754 3062 2833 3133 τῷ
2864 3063 3067 3131 γνῶναι
3095 3062 3221 3125 τοὺς
3257 3062 3353 3115 ἐπὶ
3399 3062 3503 3114 τῶν
3550 3061 3727 3131 θυρῶν,
3750 3059 3821 3111 καί

612 3130 754 3194 ξίαν,
786 3131 922 3183 viam
945 3130 1233 3202 obliquam,
1266 3145 1553 3201 vocarunt,
1588 3135 1695 3191 hoc
1731 3137 1816 3191 dei
1848 3154 2047 3193 nomen
2081 3154 2189 3194 ara;

2294 3130 2637 3227 φυλάξασθαι
2669 3156 2745 3225 μὴ
2768 3130 2996 3226 πληγεὶς
3014 3152 3185 3216 ἑστὼς
3200 3152 3339 3225 λάθῃ
3369 3155 3477 3206 τῶν
3500 3130 3667 3223 θυρῶν
3684 3151 3821 3203 ὠθου-

613 3224 940 3277 tribuentes.
991 3224 1059 3277 At
1092 3224 1280 3295 κνισᾷν
1346 3226 1564 3294 ἀγυιὰς,
1614 3229 1757 3296 apud
1793 3228 2086 3285 Hesiodum
2114 3232 2190 3287 si-

2301 3224 2478 3319 μένων
2508 3224 2683 3317 ἄφνω.
2722 3224 2826 3301 Τὸν
2858 3224 3056 3311 Ᾰοξίαν
3099 3249 3208 3315 γὰρ
3247 3224 3630 3316 προσεκύνουν,
3654 3242 3705 3295 ὃν
3739 3240 3821 3335 πρίι

612 3316 836 3385 gnilicat
901 3315 1007 3370 diis
1037 3317 1368 3373 sacriﬁcare.
1407 3319 1660 3390 Scriptor
1682 3323 1778 3393 qni
1807 3324 1921 3378 haec
1946 3326 2186 3397 collegit,

2296 3315 2404 3396 τῶν
2431 3315 2609 3412 θυρῶν
2632 3342 2863 3405 ἕκαστος
2892 3339 3151 3411 ἱδρύοντο,
3192 3315 3304 3393 και
3324 3339 3484 3392 πάλιν
3524 3336 3690 3408 βωμὸν
3718 3332 3821 3404 παρ’

610 3408 835 3462 natione
867 3406 1158 3478 Egyptius
1191 3408 1295 3462 fuit
1323 3410 1542 3466 civitate
1575 3413 1822 3481 Antinoi,
1844 3414 1929 3470 vel
1956 3425 2014 3470 ut
2037 3418 2103 3471 de
2128 3432 2190 3474 se

2298 3433 2448 3503 αὐτῷ
2476 3406 2809 3504 στρογγύλον
2842 3406 3144 3497 ποιοῦντες,
3186 3433 3283 3486 καὶ
3319 3406 3603 3503 μυρρίναις
3639 3426 3819 3493 στέφον-

610 3499 727 3569 ipse
750 3501 957 3566 scribit,
981 3500 1311 3570 Besantinoi,
1344 3502 1577 3558 iambico
1607 3512 1787 3560 autem
1816 3509 2059 3564 carmine
2078 3510 2190 3566 haec

2296 3543 2388 3590 τες
2419 3499 2742 3579 ’ἵσταντονοί
2790 3525 3100 3596 παριόντες.
3156 3525 3260 3577 Τὸν
3310 3499 3367 3576 δὲ
3399 3499 3599 3592 ⁷βωμὸν
3656 3519 3817 3571 ἐκεῖνον

611 3590 947 3661 conscripsit
978 3591 1201 3663 536a.
1242 3592 1389 3648 Vixit
1416 3598 1749 3666 temporibus
1775 3598 1967 3655 Licinii
1989 3612 2045 3657 et
2083 3603 2190 3657 Ma-

2295 3618 2514 3687 ἀγυιὰν
2541 3617 2586 3651 ⁸⁸
2608 3617 2835 3681 Λοξίαν
2854 3590 3104 3682 ἐκάλουν,
3132 3614 3229 3686 τὴν
3260 3614 3354 3669 τοῦ
3387 3590 3514 3682 παρ⁴
3537 3611 3700 3671 αὐτοῖς
3722 3604 3814 3657 θεοῦ

611 3683 861 3748 ximiani,
917 3684 1190 3747 ethnicus,
1214 3696 1478 3753 quantum
1499 3702 1529 3741 e
1548 3689 1766 3758 scriptis
1788 3691 2034 3763 colligas,
2066 3695 2190 3749 reli-

2297 3683 2667 3782 προσηγορίαν
2720 3708 2977 3778 νέμοντες
3037 3709 3115 3779 τῷ
3170 3683 3362 3778 βωμῷ,
3413 3705 3486 3759 Τὸ
3533 3703 3588 3757 δὲ
3639 3694 3817 3761 κνισᾷν

610 3778 793 3847 gione.
811 3775 1014 3830 Eodem
1042 3778 1303 3833 carminis
1320 3794 1514 3847 genere
1537 3782 1966 3852 scripsitetalios
1985 3787 2190 3844 libros:

2290 3775 2503 3870 ἀγυιάς
2536 3775 2691 3871 παρὰ
2747 3775 2974 3871 Ἡσιόδῳ
3007 3775 3118 3864 τοῖς
3154 3775 3322 3864 θεοίς⁷
3351 3798 3497 3853 θύειν
3541 3795 3693 3863 λέγει.
3724 3792 3815 3841 ’Ότι

611 3884 847 3937 quorum
877 3885 1019 3924 unus
1068 3871 1385 3925 inscribitur
1437 3873 1854 3941 Athenw;alius
1880 3878 2190 3950 Aigyptius,

2289 3888 2446 3957 οὗτος
2460 3895 2489 3945 6
2508 3894 2878 3963 συγγραφεὺς,
2904 3895 2933 3946 6
2951 3891 3124 3945 ταῦτα
3141 3891 3557 3960 συνταξάμενος,
3582 3886 3718 3953 γένος
3743 3879 3816 3947 μὲν

612 3963 741 4013 item
787 3960 1167 4024 Adhortarius,
1200 3962 1328 4017 item
1378 3962 1574 4033 Fama,
1598 3968 1738 4023 alius
1785 3967 2041 4037 Victoria,
2064 3973 2190 4027 item

2289 3960 2705 4056 Αἰγύπτιος
2730 3960 2934 4048 πόλεως
2973 3984 3032 4037 δὲ
3075 3985 3175 4052 τῆς
3216 3984 3484 4037 Ἀντινόου
3521 3980 3574 4051 ἦ,
3602 3976 3668 4038 ὡς
3692 3970 3817 4030 αὐτὸς

2292 4076 3024 4148 ὲπιγράφει,Βησαντινόου,
3060 4076 3303 4145 ἰαμϐικῷ
3334 4075 3388 4127 δὲ
3430 4072 3605 4142 μέτρῳ
3619 4060 3814 4127 διεξῆλθε

2292 2972 2500 3025 ἔνδοθεν
2527 2970 2777 3043 ἐξῄεσαν.
2806 2971 3081 3043 Πρότερον
3110 2971 3167 3024 δὲ
3191 2974 3256 3041 τῇ
3289 2972 3434 3040 χειρὶ
3461 2970 3623 3039 ψόφον
3646 2970 3819 3021 ἐποίουν

613 4051 814 4105 Civitas
843 4052 1098 4121 Antinoi;
1145 4057 1287 4109 unde
1309 4066 1525 4113 constat
1556 4059 1725 4115 titulis
1750 4063 2017 4134 cujusque
2041 4082 2195 4136 argu-

612 4156 858 4199 Πιεηιυηὶ
896 4146 1083 4215 operis
1117 4147 1368 4204 ίηάίοδτί-
1620 4162 1625 4168 ’
2290 4169 2360 4223 τὰ
2382 4146 2735 4239 προκείμενα.
2756 4166 2950 4233 Γέγονε
2973 4165 3029 4217 δὲ
3051 4163 3192 4218 κατὰ
3212 4166 3339 4227 τοὺς
3353 4161 3569 4232 χρόνους
3590 4157 3813 4245 Λικιννίῳ

612 4240 708 4292 καὶ
728 4239 1098 4310 Μαξιμιανοῢ,
1122 4240 1345 4312 Ἕλλην,
1374 4244 1433 4310 ἐξ
1462 4239 1537 4299 ὧν
1565 4248 1769 4318 γράφει
1794 4252 1894 4323 τὴν
1925 4254 2244 4325 Θρησκείαν.
2282 4263 2528 4334 Ἔγραψε
2562 4262 2618 4315 δὲ
2651 4260 2728 4331 τῷ
2760 4260 2909 4330 αὐτῷ
2960 4259 3144 4330 μέτρῳ
3173 4260 3266 4312 καὶ
3295 4258 3512 4326 ἐτέρους
3548 4251 3735 4318 λόγους,
3761 4242 3813 4285 αν

613 4334 641 4386 ό
665 4333 763 4400 μὲν
776 4334 1142 4406 ἐπιγράφεται
1169 4337 1464 4408 Ἀθῆναι,ό
1492 4341 1549 4394 δὲ
1566 4346 1782 4413 Νείλος
1808 4349 1921 4414 ⁶⁰,ζό
1938 4352 1992 4404 δὲ
2018 4352 2145 4426 [876
2168 4360 2603 4434 Η.]Αἰγύπτιος,
2626 4358 2653 4410 6
2668 4358 2723 4411 δὲ
2736 4355 3165 4425 Προτρεπτικὸς
3186 4361 3223 4409 »ό
3242 4355 3298 4409 δὲ
3316 4350 3567 4442 Ῥώμη,ῃὸ
3590 4346 3641 4398 δὲ
3662 4341 3811 4442 ριξμηῖ

613 4429 641 4479 6
659 4425 717 4478 δὲ
741 4428 913 4494 Νίκη,
943 4432 970 4481 6
989 4429 1044 4481 δὲ
1073 4430 1260 4498 Πόλις
1300 4432 1598 4488 Ἀντινόου
1626 4451 1641 4466 ·
1674 4436 1830 4507 δῆλον
1853 4441 1910 4494 δὲ
1935 4425 2034 4496 ὅτι
2055 4425 2259 4521 ἑκάστη
2300 4425 2578 4520 ἐπιγραφὴ
2610 4446 2864 4509 ὑπόθεσίς
2891 4449 3007 4497 ἐστι
3043 4444 3136 4497 τοῦ
3194 4439 3622 4514 ἐπιγραφομένου
3670 4428 3812 4491 λόγον’

687 4519 744 4574 In
771 4522 958 4574 eodem
992 4523 1179 4578 codice
1208 4525 1373 4578 simili
1408 4528 1671 4584 carminis
1708 4546 1905 4598 genere
1934 4538 2185 4594 contine-

2372 4519 2460 4595 Ἐν
2497 4519 2662 4611 δέτῷ
2684 4542 2831 4606 αὐτῷ
2863 4540 3045 4609 τεύχει
3067 4537 3144 4608 τῷ
3165 4538 3314 4607 αύτῷ
3344 4531 3641 4604 περιείχετο
3669 4520 3813 4622 μέτρξρ

615 4612 812 4666 bantur
844 4616 1031 4682 patria:
1073 4615 1307 4670 Hermia;
1346 4616 1796 4688 llermopolitani,
1829 4633 1884 4679 et
1910 4626 2016 4681 alia
2042 4644 2183 4684 non-

2290 4635 2383 4687 καὶ
2408 4633 2663 4704 Ἑρμείου
2700 4631 3087 4703 Ἐρμοπολίτου
3111 4631 3317 4700 πάτριά
3347 4644 3405 4681 τε
3433 4626 3529 4694 τῆς
3561 4612 3814 4688 Ἐρμουπά·

616 4704 786 4758 nulla.
837 4704 1027 4759 Sereni
1087 4723 1306 4776 quoque
1356 4712 1699 4779 grammatici
1747 4716 1899 4770 varia
1941 4718 2187 4776 dramata

623 4796 774 4848 vario
808 4797 1069 4851 carminis
1103 4813 1321 4866 genere,
1353 4808 1408 4851 et
1444 4800 1743 4857 Andronici
1781 4804 2187 4877 Hermopolita-

619 4888 673 4941 ni
724 4886 790 4939 ad
825 4890 1077 4941 comitem
1119 4886 1600 4944 Phoebammoncm
1637 4907 1983 4950 communem
2032 4901 2187 4955 urbis

615 4982 975 5035 conditorem.
1009 4983 1074 5035 Et
1107 4980 1197 5035 hic
1236 4981 1544 5036 dramatum
1577 4996 1771 5040 auctor
1807 4988 1977 5044 variis
2015 4992 2186 5045 versi-

615 5071 719 5127 bus
739 5074 902 5127 libros
925 5076 1256 5144 composuit.
1290 5077 1372 5131 Ad
1390 5079 1507 5133 haec
1541 5095 1668 5135 vero
1693 5080 2056 5151 Horapollinis
2073 5086 2183 5157 (52)

614 5165 951 5231 grammatici
977 5166 1045 5221 de
1069 5165 1257 5236 patriis
1296 5169 1459 5224 rebus
1483 5171 1995 5227 Alexandrinorum.
2028 5174 2186 5229 Com-

2289 4722 2423 4784 λεως
2448 4724 2541 4775 καί
2578 4722 2742 4793 ἕτερὰ
2773 4739 2916 4787 τινα,
2949 4722 3045 4775 καὶ
3076 4722 3184 4791 μὴν
3226 4723 3319 4774 καὶ
3342 4716 3574 4787 Σερήνου
3596 4717 3813 4793 γραμμαῖ

2289 4811 2441 4865 τικοῦ
2475 4814 2533 4865 ὲν
2584 4790 2861 4882 διαφόροις
2915 4810 3137 4884 μέτροις
3186 4811 3442 4883 δράματα
3480 4804 3708 4870 διάφορα,
3741 4790 3813 4844 καὶ

2302 4904 2643 4976 Ἀνδρονίκου
2709 4906 3126 4976 πολιτευομένου
3178 4907 3273 4959 καὶ
3334 4899 3498 4956 αὐτοῦ
3592 4894 3812 4958 Ἑρμοτυ-

2289 4993 2458 5061 λίτου,
2488 4996 2622 5067 πρὸς
2674 4996 2763 5048 τὸν
2803 4998 3018 5066 κόμητα
3055 4996 3424 5067 Φοιὸἁμμωνα
3469 4989 3560 5043 τὸν
3612 4982 3810 5067 nmm-

2292 5085 2482 5156 λιστήν
2507 5066 2571 5117 θέο
2610 5088 2705 5141 καὶ
2741 5083 2893 5150 οὗτος
2920 5089 2976 5140 δὲ
3011 5066 3301 5157 δραμάτων
3330 5084 3447 5138 ἐστὶ
3477 5073 3701 5146 ποιητὴς,
3722 5066 3807 5157 511‘-

2293 5150 2477 5250 φόροίς
2542 5178 2761 5248 μέτροις
2815 5178 2940 5242 τοὺς
2992 5150 3182 5247 λόγους
3224 5178 3488 5232 ἐντείνων.
3527 5163 3672 5242 [1597
3736 5150 3805 5219 Ῑῖιί

1906 5336 2137 5393 VARUS
2177 5340 2577 5396 LECTIONES.

683 5412 857 5507 13.7771
875 5414 950 5507 ‘5‘?
972 5414 1032 5507 C:
1077 5417 1157 5507 ,⁵⁸
1188 5420 1375 5507 Ἶδίσῖτὶ
1400 5421 1507 5507 fit?
1547 5423 1665 5507 ξέτὲ
1694 5423 1870 5507 ἡδ’ίῆ
1901 5428 2228 5507 warm
2253 5433 2376 5507 τότε
2407 5452 2483 5507 τε
2508 5435 2551 5465 ⁵⁷
2570 5436 2751 5505 ἀέρος.
2770 5436 2891 5492 libri
2920 5437 3102 5507 ἔαρος.
3178 5439 3222 5470 ἐ
3249 5433 3455 5505 ἀδινὰς]
3480 5427 3594 5485 libri
3625 5418 3800 5507 ἀεξιγίιίτ

611 5485 657 5580 ἲ
681 5484 896 5565 ᾁγυιᾴν]
926 5489 1039 5580 {illo
1069 5484 1293 5580 ain/Uti.”
1328 5484 1375 5523 ⁸⁵
1546 5484 1738 5560 Νεῖλος
1776 5506 1830 5551 et
1859 5484 1985 5552 mox
2023 5501 2050 5551 6
2078 5484 2141 5553 δὲ’
2173 5484 2355 5573 Ῥώμη
2542 5507 2603 5560 L1.
2641 5484 3119 5580 Γ’δ”κύνοπολίίτῆν
3147 5484 3453 5570 Meursius?
3484 5488 3803 5555 κοινοπολίτην

612 5554 895 5612 Reinesius
926 5556 1044 5613 Var.
1072 5554 1220 5615 ιω.
1261 5563 1314 5626 5,
1336 5578 1389 5630 ρ.
1415 5565 1541 5620 456.

2150 5710 2376 5768 NOTAE.

665 5791 773 5863 (5i)
810 5795 1088 5865 lflntarcb.
1120 5797 1170 5849 in
1230 5796 1521 5865 Poplicola,
1571 5810 1624 5854 et
1675 5801 1743 5854 Μ.
1774 5804 1898 5860 Ant.
1929 5804 2169 5863 Muretus

612 5860 707 5917 lib.
738 5860 770 5917 ii
817 5863 1021 5920 Variar.
1046 5883 1163 5937 cap.
1199 5869 1277 5920 l7.
1313 5860 1455 5923 Hinc
1484 5860 1625 5925 fores
1654 5873 1835 5928 diclze.

2349 5812 2778 5889 ($9.).llorapolla
2837 5823 3242 5887 grammaticus,
3276 5818 3432 5889 cujus
3467 5809 3663 5867 exstalll
3694 5790 3796 5846 "‘6‘

2280 5884 2603 5951 roglyuhica.
2637 5884 2879 5944 Meminit
2901 5899 2956 5944 ct
2986 5892 3201 5947 Suidas.
