4020 6440
146 484 227 545 39.5
1137 488 1647 550 BIBLIOTHECA
1689 517 1758 526 -
1796 493 1963 554 COD.
2006 494 2321 557 CCLXXX.

3269 498 3376 562 326

148 590 311 647 Ἐτιδὲ
329 590 421 645 καὶ
448 590 848 661 Ὠραπόλλωνος
873 593 1260 665 γραμματικοῦ
1287 596 1537 662 περὶτῶν
1585 614 1691 649 πα-

1806 602 1975 668 posuit
2008 610 2062 656 et
2096 603 2186 657 ille
2213 604 2459 658 dramata
2495 603 2659 658 simili
2698 604 2856 675 stylo.
2890 604 2993 661 Sed
3021 613 3075 661 et
3090 605 3211 677 Cyri
3238 607 3376 678 (52‘)

140 684 281 752 τρξων
310 680 706 752 Ἀλεξανδρείας
725 699 739 713 ·
758 684 1035 755 συντίθησι
1056 685 1112 737 δὲ
1134 685 1231 738 καὶ
1258 685 1420 748 αὐτὸς
1439 685 1694 756 δράματα

138 775 199 843 τῷ
237 774 628 845 ὀμοίῳντύπῳ.
698 776 869 830 Ἀλλὰ
899 778 996 831 καὶ
1046 777 1232 848 Κύρου
1294 779 1693 835 ’Δντιοπολίτου

134 869 201 928 εἰς
240 864 545 935 Μαυρίκιον
580 864 750 919 δοῦκα
805 866 899 919 καὶ
930 866 1022 920 τὸν
1053 867 1303 938 ἡγεμόνα
1336 869 1582 940 παρόντα
1627 872 1694 941 τῇ

131 959 373 1028 ἀκροάσει
402 972 417 987 ·
452 960 509 1011 ὲν
545 958 789 1029 ἰαμϐικῷ
820 959 876 1012 δὲ
908 959 1094 1031 μέτρῳ
1117 960 1212 1013 καὶ
1239 952 1393 1025 οὗτος
1418 961 1507 1015 τὸν
1531 960 1693 1014 αὑτοῦ

132 1048 395 1120 συντίθησι
418 1050 607 1104 πόνον.
640 1050 764 1103 Εἰσὶ
787 1051 845 1105 δὲ
877 1050 1040 1105 αὐτοῦ
1066 1052 1162 1105 καὶ
1194 1052 1239 1083 ⁶¹
1263 1053 1548 1106 ἐπιστολαὶ
1574 1054 1693 1107 διὰ-

132 1156 267 1207 φοροι
314 1140 451 1210 πρὸς
501 1142 816 1213 διαφόρους,
846 1140 1087 1215 γραφαῖς
1141 1143 1553 1214 ποικιλλόμεναι
1576 1144 1695 1198 δια-

132 1234 317 1301 φόροις,
358 1234 453 1287 καὶ⁵
488 1234 668 1304 ἕτεροί
696 1252 840 1298 τινες
880 1234 1317 1307 ὲγκωμιαστικο)¹
1343 1232 1513 1303 λόγοι.

324 1352 327 1355 λ
841 1327 966 1380 ΣΠ’.

137 1419 410 1489 Εὺλογίου
436 1417 919 1489 ἀρχιεπισκόπου
973 1417 1429 1489 Ἀλεξανδρείας
1468 1419 1694 1473 σύντα-

534 1505 653 1557 γμα
682 1488 831 1540 κατὰ
859 1487 1269 1543 Ναυατιανῶν.

204 1576 531 1649 Ἀνεγνώσθη
582 1578 675 1631 τοῦ
708 1579 767 1630 ἐν
819 1568 864 1610 ⁸³
893 1579 1071 1646 ἁγίοις
1119 1580 1401 1648 Εὐλογίου,
1441 1580 1696 1650 ἀρχιεπι-

140 1673 312 1725 σκόπου
354 1671 789 1742 Ἀλεξανδρείας,
819 1668 1023 1740 βιϐλίου
1052 1670 1147 1724 τοῦ
1173 1672 1314 1726 κατὰ
1337 1671 1696 1726 Ναυατιανῶν

146 1763 217 1816 διὰ
243 1762 398 1816 πέντε
428 1763 608 1830 λόγων
661 1761 1125 1833 ἀπαρτιζομένου,
1157 1762 1354 1827 ὃσαείς
1395 1761 1696 1835 ἑρμηνείαν

142 1856 401 1926 Γραφικῶν
425 1853 609 1925 ῥητῶν
624 1853 750 1925 ἦκοι
772 1853 838 1908 ⁸⁸.

572 1945 673 1999 Ἐκ
694 1946 802 1999 τοῦ
822 1951 875 2000 α’
902 1945 1087 2013 λόγου
1100 1944 1164 1996 ⁸⁸.

200 2038 307 2091 Ὀτι
321 2051 590 2106 ματαιως,
616 2037 802 2107 φησὶν,
829 2039 875 2090 oi
894 2038 1246 2101 Ναυατιανοὶ,
1266 2037 1315 2091 εί
1343 2039 1440 2092 καὶ
1464 2036 1699 2109 καθαροὶ

144 2125 255 2200 ἦσαν
269 2131 355 2182 καὶ
383 2130 558 2201 ὲξῃρη
569 2129 718 2199 μένοι
744 2131 836 2182 τὸν
867 2128 1003 2200 βίον,
1020 2130 1158 2198 ὅπερ
1186 2129 1287 2183 οὐκ
1313 2130 1441 2196 είσὶ,
1474 2130 1534 2183 τὸ
1562 2128 1701 2201 μετὰ

146 2221 235 2273 τῶν
263 2220 422 2274 ἄλλων
453 2220 785 2289 συνάγεσθαι
816 2222 912 2274 καὶ
932 2222 1031 2286 τὰς
1062 2223 1226 2293 εὐχὰς
1259 2223 1355 2275 καὶ
1376 2221 1700 2293 ψαλμῳδίας

158 2315 383 2366 ποιεῖσθαι
399 2312 820 2384 παραιτοῦνται.
861 2314 1021 2366 Ἀϐὲλ
1044 2314 1152 2384 γὰρ
1178 2314 1256 2386 τῷ
1284 2316 1423 2369 Κάῖν
1443 2315 1699 2369 πλεῖστον

164 2406 211 2455 ἑν
230 2406 339 2456 πᾶσι
369 2402 691 2474 διενηνοχώς
728 2404 1103 2473 συνεθυσίαζε,
1138 2409 1229 2460 καὶ
1259 2406 1352 2460 τοῦ
1386 2407 1485 2478 μὲν
1513 2408 1540 2461 ὁ
1567 2406 1700 2470 Θεὸς

162 2496 245 2565 τὴν
274 2495 434 2550 θυσίαν
484 2497 723 2566 ἐδέχετο,
749 2496 843 2550 τοῦ
893 2497 950 2551 δὲ
995 2499 1381 2570 ἀπεπέμπετο,
1420 2499 1516 2552 καὶ
1545 2498 1700 2551 οὐδὲν

162 2589 343 2655 γέγονεν
362 2587 617 2657 ἐμποδὼν
649 2591 678 2641 ὁ
724 2588 951 2661 βέϐηλος
1000 2590 1079 2661 τῷ
1123 2591 1368 2644 θεοσεϐεῖ
1422 2593 1501 2654 εἰς
1527 2589 1589 2643 τὸ
1623 2590 1699 2662 μὴ

160 2678 513 2749 πῳσδεχθῆναι
565 2681 734 2734 αὐτου
782 2683 853 2735 τὰ
907 2682 1078 2752 δῶρα.
1121 2683 1231 2735 Kal
1272 2682 1417 2748 Νῶε,
1450 2682 1604 2752 φησὶ,
1633 2683 1701 2734 τὰ

152 2769 325 2840 καθαρὰ
347 2772 457 2824 τῶν
473 2772 627 2838 ζώων
654 2775 748 2826 καὶ
781 2774 849 2827 τὰ
861 2773 906 2804 ⁸⁸
926 2771 1215 2843 ἀκάθαρτα
1245 2771 1363 2843 ἆμα
1395 2772 1700 2843 προσετάτ-

150 2878 250 2915 τετο
285 2865 333 2916 ὲν
366 2868 433 2935 τῇ
490 2864 714 2936 κιϐωτῷ
764 2863 1191 2936 παραδέχεσθαι.
1240 2865 1350 2917 Kal
1402 2864 1496 2917 τὸν
1533 2865 1701 2934 Φαρι-

157 2955 280 3005 σαῖον
306 2956 370 3027 τῷ
390 2955 607 3027 τελώνῃ
634 2957 749 3026 ἅμα
779 2956 1177 3028 προσεύχεσθαι
1206 2958 1239 3025 ἠ
1260 2955 1563 3027 Δεσποτικὴ
1596 2973 1701 3009 πα-

160 3042 326 3117 ραϐολὴ
370 3046 639 3101 δεικνύει.
695 3047 807 3099 Kal
866 3044 947 3117 τῷ
997 3046 1258 3119 προφήτῃ
1314 3045 1470 3116 Ἠλίᾳ
1525 3043 1698 3116 κόραξ

152 3136 231 3207 τὴν
246 3140 435 3209 τροφὴν
473 3139 516 3169 ⁸⁷
548 3138 610 3192 τὺ
656 3137 965 3209 ἀκάθαρτον
1013 3138 1255 3209 διηκόνει
1287 3137 1446 3202 ζῶον.
1484 3136 1597 3189 Kal
1640 3135 1702 3187 τὸ

145 3228 427 3302 ἐγγᾶτερον,
468 3232 531 3284 οὐ
563 3231 853 3300 γεγόνασιν
881 3230 1139 3301 ἐμπόδιον
1185 3230 1236 3283 οί
1282 3228 1391 3281 τῶν
1426 3227 1698 3297 δαιμόνων

1801 694 2151 762 Antipolitani
2191 696 2245 749 iu
2276 694 2598 750 Mauricium
2630 697 2823 751 ducem
2848 736 2864 759 ,
2886 708 2940 753 et
2970 699 3375 767 imperatorem,

1798 783 1894 852 qui
1944 784 2248 839 recitationi
2303 785 2572 840 interfuit.
2633 785 2831 843 lambis
2883 797 2938 841 et
2987 788 3077 842 ille
3132 788 3375 843 laborem

1796 888 1955 928 suum
1983 875 2417 945 comprehendit.
2454 875 2594 931 Sunt
2644 878 2764 946 ejus
2814 879 2983 932 varia:
3027 879 3272 948 epistolae
3306 881 3372 933 ad

1795 966 1977 1021 varios
2005 966 2293 1037 pigmentis
2324 969 2683 1034 adumbratae,
2714 977 2770 1024 et
2811 969 2930 1025 aliae
2952 972 3227 1027 nonnulla:
3251 987 3379 1027 ora-

1799 1056 1983 1113 tiones
2012 1056 2308 1112 laudatorii
2358 1060 2594 1129 generis.

2439 1325 2741 1381 CCLXXX.

1798 1409 2058 1485 Eulogius
2138 1417 2564 1501 archiepiscopus
2596 1419 2937 1475 Alexandria:
2966 1430 3151 1475 contra
3191 1420 3377 1475 Nova-

2469 1500 2669 1542 uanos.

1872 1573 2000 1644 Legi
2032 1591 2063 1631 e
2094 1577 2255 1633 beato
2288 1578 2519 1649 Eulogio
2573 1580 2986 1651 archiepiscopo
3034 1582 3379 1638 Alexandriae

1795 1666 1993 1721 librum
2041 1679 2231 1725 contra
2275 1669 2632 1736 Novatianos,
2689 1674 2929 1743 quinque
2980 1673 3134 1728 libris
3182 1675 3379 1729 distiu-

1796 1763 1967 1821 ctum,
1999 1772 2117 1826 qum
2139 1760 2206 1813 ad
2236 1774 2409 1815 sacra:
2442 1759 2739 1831 Scriptura:
2762 1762 3237 1833 interpretationes
3254 1779 3376 1835 perc

1796 1847 1996 1904 tinent.

2441 1942 2524 1999 Ea:
2553 1945 2648 1999 lib.
2689 1945 2739 2001 1.

1879 2029 2129 2095 Frustra,
2175 2032 2369 2102 inquit,
2408 2034 2724 2103 Novatiani,
2760 2037 2976 2093 etiamsi
3013 2039 3199 2093 mundi
3232 2040 3381 2109 sint,

1800 2123 2023 2194 vitaque
2057 2125 2312 2192 absoluti,
2343 2130 2488 2196 quod
2540 2143 2650 2183 non
2700 2139 2849 2196 sunt,
2883 2146 3006 2185 cum
3032 2132 3153 2186 aliis
3181 2148 3381 2188 conve-

1805 2216 1943 2280 nire,
1989 2225 2043 2270 et
2088 2232 2275 2283 preces
2336 2220 2781 2291 psalmodiasque
2818 2221 3003 2277 facere
3052 2225 3380 2281 detrectant.

1800 2305 1935 2358 Abel
1969 2307 2114 2359 enim
2140 2322 2261 2361 cum
2294 2308 2488 2373 Caino,
2522 2312 2819 2378 plurimum
2852 2313 2905 2366 in
2935 2315 3190 2369 omnibus
3214 2330 3382 2385 supe-

1801 2410 1953 2462 rans,
1984 2398 2339 2462 sacriﬁcavit,
2373 2414 2426 2453 et
2455 2400 2601 2456 illius
2626 2404 2955 2456 sacriﬁcium
2981 2403 3125 2459 Deus
3152 2409 3381 2476 accepit,

1805 2488 1968 2557 hujus
2024 2504 2150 2543 vero
2204 2491 2436 2560 respuit.
2475 2490 2660 2561 Neque
2708 2494 2993 2562 impedivit
3025 2497 3243 2565 impius,
3275 2513 3387 2568 quo

1801 2581 1986 2637 minus
2033 2582 2167 2652 justi
2224 2584 2366 2638 dona
2415 2584 2526 2639 Deo
2568 2595 2727 2655 grata
2774 2596 2974 2641 essent.
3003 2586 3136 2653 Noe,
3182 2591 3387 2661 inquit.

1801 2676 1985 2729 omnia
2037 2676 2296 2730 animalia
2351 2680 2556 2732 munda
2593 2688 2646 2733 et
2691 2679 2973 2733 immunda
3001 2681 3165 2735 simul
3196 2682 3249 2736 in
3294 2699 3388 2737 ar-

1802 2782 1921 2823 cam
1966 2769 2207 2839 recipere
2233 2770 2425 2839 jussus
2464 2769 2587 2825 fuit.
2626 2772 2691 2825 Et
2723 2771 3066 2827 Pbarisaeum
3107 2789 3232 2828 cum
3280 2773 3390 2830 Pu-

1801 2859 2019 2914 blicano
2079 2871 2326 2916 orantem
2356 2863 2595 2918 ostendit
2662 2864 2942 2919 Dominica
2984 2866 3289 2935 parabola;
3336 2876 3392 2924 et

1803 2949 1996 3022 5361)
2028 2966 2228 3007 corvus
2260 2952 2606 3008 immundum
2661 2955 2867 3010 animal
2899 2957 3083 3011 cibum
3114 2960 3393 3029 prepheta:

1802 3040 1932 3096 Elia:
1965 3042 2105 3096 tulit.
2137 3043 2204 3097 Et
2238 3044 2342 3099 hoc
2371 3046 2631 3115 amplius,
2666 3062 2774 3099 non
2808 3047 3208 3116 impediveruut
3235 3050 3390 3105 illum

1802 3135 2114 3191 sacerdotes
2170 3134 2479 3192 daunonum
2535 3137 2587 3192 in
2626 3139 2916 3195 sacriﬁciis
2961 3142 3163 3211 quibus
3218 3142 3392 3197 inter-

1803 3236 2002 3281 erant:
2040 3243 2217 3297 neque
2244 3229 2356 3298 ipse
2388 3229 2631 3299 pollutus
2677 3241 2760 3285 est
2809 3241 2995 3287 astans
3049 3233 3155 3288 illis
3220 3236 3396 3289 sacri-

146 3322 279 3392 ἱερεῖς
306 3323 583 3394 παρόντες
629 3321 798 3376 αὑτοῦ
821 3324 889 3392 τῇ
933 3320 1114 3392 θυσίᾳ,
1140 3320 1249 3373 οὐδ’
1290 3319 1454 3382 αὐτὸς
1497 3317 1692 3389 ὲμολύ-

1807 3320 2118 3386 licantibus,
2145 3322 2367 3393 quando
2401 3323 2493 3378 ille
2529 3333 2585 3378 et
2614 3324 2870 3396 pinguem
2896 3341 3054 3380 ovem
3087 3327 3195 3382 illis
3223 3329 3397 3384 sacri-

146 3426 240 3463 νετο
276 3412 603 3481 ἐφεστηκὼς
628 3412 811 3474 αὐτοῖς
832 3411 1141 3481 θυομένοις,
1173 3409 1262 3462 ὅτε
1291 3408 1386 3463 καὶ
1417 3408 1509 3460 τὸν
1538 3408 1703 3463 πίονα

149 3502 246 3570 βοῦν
278 3506 517 3567 ἐκείνοις
551 3503 721 3569 θύειν,
757 3504 853 3557 xal
902 3503 1198 3574 πρότερον,
1229 3501 1421 3571 ἀνῆκε.
1444 3500 1554 3555 Kal
1578 3499 1703 3554 Λὼτ

146 3594 187 3647 δὲ
226 3598 545 3668 Σοδομίταις
577 3596 845 3651 συνοικῶν
876 3595 978 3650 οὐκ
1023 3595 1343 3667 ἀπήλαυσεν
1366 3593 1543 3647 αὐτῶν
1605 3592 1701 3647 τοῦ

144 3690 353 3763 ὀλέθρου,
399 3694 519 3757 ὅτι,
558 3693 663 3745 κᾶν
699 3691 798 3763 τὴν
855 3690 1011 3745 πόλιν
1061 3689 1318 3761 συνῴκει,
1350 3691 1466 3752 τοῖς
1514 3687 1701 3760 ἔργοις

141 3782 380 3856 διεστήκει
414 3785 469 3817 ⁸⁸
492 3801 505 3814 ·
538 3783 700 3850 σώζει
732 3784 791 3838 δὲ
834 3784 1034 3855 μᾶλλον
1077 3783 1144 3836 δι’
1175 3779 1342 3836 αὑτοῦ
1381 3782 1425 3813 ⁸³
1458 3780 1554 3835 καὶ
1604 3779 1707 3851 τὴν

139 3876 306 3951 Σηγὼρ
346 3879 540 3943 πόλιν,
567 3878 628 3932 ὲν
664 3878 804 3950 αὐτῇ
861 3873 1218 3946 καταφυγὼν,
1262 3874 1393 3945 μίαν
1418 3872 1528 3928 τῶν
1578 3872 1707 3942 περὶ

140 3968 328 4041 Σόιῐομα
362 3968 565 4027 οὖσαν.
604 3965 726 4024 Οῐδε
753 3971 863 4041 γὰρ
884 3970 913 4022 ὁ
942 3968 1150 4032 δίκαιος
1173 3966 1365 4031 σώζειν
1393 3966 1520 4025 τοὺς
1564 3966 1704 4018 ἀσε-

136 4060 252 4126 ϐεῖς,
277 4065 379 4118 οὐκ
442 4063 677 4127 ἐκείνοις
735 4060 1189 4116 συναπόλλυσθαι.
1221 4061 1335 4113 Kal
1378 4061 1405 4111 6
1448 4058 1709 4111 Ἀπόστο-

134 4149 211 4213 id;
259 4170 429 4221 φησιν
450 4168 466 4181 ·
509 4150 921 4221 Ὀμοθυμαδὸν
948 4151 1310 4219 ἐπεύχεσθαι
1337 4147 1569 4214 πάντας
1608 4147 1706 4200 καὶ

134 4239 193 4290 ἐν
220 4240 263 4271 ⁷⁸
287 4240 379 4294 ἑνὶ
425 4239 685 4309 στόματι
709 4237 977 4303 δοξάζειν
1022 4237 1130 4290 τὸν
1173 4238 1342 4291 Θεόν.
1378 4238 1486 4289 Kal
1534 4235 1706 4289 πολλὰ

136 4331 269 4385 ἄλλα.
294 4334 469 4385 Ὥστε
485 4329 841 4385 δυσσεϐοὖσιν
868 4331 918 4382 οἱ
951 4328 1285 4383 Ναυατιανοὶ
1302 4329 1369 4393 τί,
1400 4328 1584 4399 φησιν,
1610 4326 1709 4381 οὐκ

134 4423 439 4494 ἀνεχόμενοι
455 4425 569 4486 τοῖς
593 4421 774 4484 ἄλλοις
792 4419 1146 4490 συνεύχεσθαι
1161 4420 1204 4450 ⁷³
1229 4418 1555 4490 ἀνθρώποις.
1587 4418 1708 4470 Ὅτι

135 4518 213 4568 7.1".
235 4518 399 4581 αὐτὸς
442 4517 515 4570 τὰ
550 4514 646 4568 ἐπὶ
688 4513 790 4584 τῆς
826 4512 1170 4582 Δεσποτικῆς
1199 4511 1515 4583 παραϐολῆς
1560 4513 1710 4581 εἰρη-

135 4609 279 4675 μένα,
308 4609 439 4679 ἥτις
475 4609 520 4639 ⁷³
562 4606 654 4659 τὸν
690 4605 799 4659 ἀπὸ
864 4604 1075 4678 Ἰεριχὼ
1120 4604 1380 4657 κατιόντα
1420 4604 1513 4656 καὶ
1552 4619 1711 4673 τραυ-

135 4701 468 4765 ματισθέντσ.
497 4699 816 4763 ὑποϐάλλει,
863 4698 1067 4768 ὁμοίως
1107 4697 1154 4729 ⁷⁸
1200 4695 1278 4767 τῷ
1336 4695 1710 4767 Χρυσοστόμῳ

132 4789 241 4858 [877
266 4793 364 4866 8.]
388 4793 758 4855 ἀναπτύσσει,
795 4791 1106 4861 πανδοχεῖον
1137 4790 1237 4860 μὲν
1261 4790 1361 4859 τὴν
1381 4788 1709 4859 Ἐκκλησίαν

136 4884 517 4955 ἐκλαμϐάνων,
551 4884 644 4938 δύο
672 4884 729 4937 δὲ
757 4885 984 4953 δηνάρια
1003 4883 1099 4953 τὴν
1120 4881 1362 4935 Παλαιὰν
1385 4881 1480 4934 καὶ
1501 4881 1708 4952 Καινὴν

138 4976 422 5047 Διαθήκην,
463 4976 733 5046 πανδοχέα
792 4975 851 5028 δὲ
884 4976 974 5028 τὸν
1020 4975 1120 5044 τῆς
1177 4973 1502 5044 Ἐκκλησίας
1540 4989 1706 5045 προε-

198 5094 217 5120 ⁸
247 5091 417 5148 Rom.
455 5107 550 5157 xv,
572 5090 626 5147 6.
710 5094 727 5127 ι
759 5089 896 5146 Luc.
930 5106 989 5156 ι,
1010 5090 1099 5145 30.
1173 5100 1202 5128 ιι
1233 5088 1382 5147 Psal.
1411 5105 1567 5157 XX“,
1596 5090 1651 5145 4.

1806 3409 2161 3464 ῆοονειοιίοηι
2192 3411 2345 3480 prius
2377 3412 2649 3482 permisit.
2684 3410 2785 3466 Lot
2839 3411 3139 3468 Sodomitis
3166 3414 3395 3468 cohabi-

1807 3509 1954 3561 tans,
2003 3515 2129 3555 cum
2168 3502 2361 3556 iisdem
2415 3516 2522 3556 non
2575 3511 2660 3557 est
2710 3502 3037 3567 exstinctus,
3091 3504 3242 3572 quia,
3291 3503 3397 3558 etsi

1806 3587 1971 3643 simul
2020 3588 2075 3641 in
2140 3589 2331 3643 eadem
2379 3589 2515 3644 urbe
2546 3589 2837 3653 habitaret,
2907 3590 3166 3659 operibus
3212 3599 3396 3646 tamen

1808 3677 1966 3749 longe
1989 3679 2059 3733 ab
2092 3680 2200 3735 illis
2230 3680 2555 3735 dissidebat.
2605 3681 2858 3736 Servavit
2895 3695 3024 3735 vero
3058 3681 3176 3750 ipse
3203 3682 3394 3737 urbem

1809 3772 1998 3845 Segor,
2054 3775 2109 3829 in
2169 3792 2333 3845 quam
2378 3791 2437 3832 se
2487 3788 2791 3848 receperat,
2827 3793 2993 3832 unam
3043 3793 3110 3832 ex
3159 3778 3247 3834 his
3276 3794 3398 3849 quae

1808 3865 2017 3921 circum
2069 3865 2308 3922 Sodoma
2369 3877 2549 3923 erant.
2598 3867 2762 3923 Novit
2787 3869 2932 3923 enim
2964 3868 3147 3939 justus
3179 3884 3399 3925 servare

1808 3964 2012 4035 impios
2042 3965 2115 4020 ita
2140 3974 2201 4020 ut
2231 3981 2356 4021 cum
2390 3966 2498 4022 illis
2528 3966 2756 4020 minime
2784 3974 2991 4036 pereat.
3011 3964 3076 4020 Et
3100 3964 3398 4036 Apostolus

1809 4058 1944 4112 dicit
1977 4076 1991 4112 :
2030 4058 2319 4114 (inanimes
2345 4075 2522 4113 omnes
2554 4075 2733 4125 orare,
2766 4071 2817 4114 et
2864 4077 2971 4114 uno
3045 4076 3133 4114 ore
3185 4059 3399 4113 honori-

1809 4151 1972 4220 ﬁcare
2004 4151 2235 4218 Daunia,
2280 4160 2335 4209 et
2377 4153 2431 4208 id
2462 4168 2636 4224 genus
2679 4153 2808 4207 alia.
2846 4152 3026 4219 Quare
3073 4152 3227 4222 impii
3273 4159 3400 4205 sunt

1809 4242 2118 4309 Novatiani,
2177 4243 2272 4315 qui
2312 4260 2437 4299 cum
2488 4246 2610 4301 aliis
2649 4245 2940 4300 convenire
2969 4243 3181 4299 nolunt.
3223 4242 3398 4296 Etiam

1811 4344 1875 4385 ea
1928 4346 2050 4401 quae
2106 4331 2160 4385 in
2223 4330 2437 4386 Domini
2475 4332 2735 4401 parabola
2774 4332 2843 4386 de
2898 4331 3121 4385 homine
3176 4328 3399 4385 .lericho

1811 4421 2175 4476 descendente
2197 4422 2217 4458 ί
2251 4410 2550 4476 vulnerato.
2578 4423 2835 4493 leguntur
2889 4420 3133 4491 apponit,
3164 4430 3218 4475 et
3246 4420 3399 4475 simi-

1812 4514 1937 4567 liter
1966 4521 2027 4567 ut
2073 4511 2500 4580 Chrysostomns
2535 4515 2773 4583 explicat
2809 4531 2821 4568 :
2858 4512 3154 4583 hospitium
3207 4512 3398 4567 Eccle-

1814 4606 1949 4660 siam
1980 4620 2102 4662 esse
2133 4606 2343 4668 dicens,
2381 4606 2489 4660 duo
2523 4622 2653 4661 vero
2687 4606 2912 4661 denaria
2963 4608 3263 4676 Antiquum
3290 4604 3401 4659 No-

1816 4713 2055 4768 vumque
2124 4697 2559 4766 Testamentum,
2615 4699 2888 4770 hospitem
2951 4715 3081 4754 vero
3141 4698 3401 4755 Ecclesia:

1814 4792 2079 4861 praesides
2112 4809 2126 4845 :
2177 4805 2302 4844 eum
2332 4806 2463 4845 vero
2493 4791 2585 4861 qui
2618 4793 2675 4845 in
2702 4793 2946 4847 latrones
2981 4792 3252 4859 inciderit,
3272 4808 3400 4863 pec-

1813 4890 2079 4937 calorem.
2126 4881 2203 4937 De
2243 4882 2331 4937 his
2364 4901 2377 4936 :
2404 4882 2565 4937 Beati
2594 4901 2818 4955 quorum
2850 4886 3085 4939 remissa:
3113 4894 3235 4938 sunt
3294 4885 3400 4937 ini-

1812 4975 2037 5045 quitates
2066 4985 2118 5039 ιι,
2145 4984 2278 5042 etc.,
2313 4977 2549 5030 remissa
2586 4986 2727 5043 sunt,
2761 4976 2958 5047 inquit,
2985 4976 3052 5032 de
3102 4976 3399 5046 baptismo,

1412 5204 1497 5259 VA
1507 5202 1650 5258 Itle
1709 5198 2115 5257 LECTIONES.

197 5301 237 5331 “
264 5300 362 5353 καὶ
399 5298 533 5353 add.
564 5297 627 5369 ρ.
708 5298 754 5329 ⁸³
782 5297 876 5351 τοῦ
917 5300 995 5369 ὲν.
1071 5298 1119 5330 ⁸⁸
1148 5298 1291 5369 ,ἥκοι
1328 5296 1423 5369 Ο)
1458 5295 1703 5369 εύλογίου
1764 5292 2151 5369 ᾁλεξσινᾼδρείας
2195 5292 2506 5369 σύνταγμα⁸
2540 5293 2802 5369 ρητῶνμδε
2845 5292 3134 5369 γραφικῶν
3161 5293 3404 5369 διάνοιαν

144 5371 468 5423 αναπτύσσει
492 5386 506 5399 ο
540 5365 622 5431 οἷς
650 5368 1156 5444 συναπαρτίζεσθαί
1188 5362 1294 5434 σοι,
1335 5366 1558 5444 (pilans
1590 5362 2007 5444 aSskydiv,_i09t
2037 5365 2132 5444 καὶ
2167 5365 2267 5433 τὴν
2305 5362 2646 5444 ποθου-μινην
2685 5362 2960 5444 ὲξαίτήισιν
3083 5379 3145 5418 ea
3178 5365 3232 5419 in
3260 5382 3393 5444 sunt

143 5443 296 5509 niario
320 5440 488 5509 ponit
518 5440 586 5503 Δ,
624 5439 823 5509 additis
852 5433 970 5509 post
1006 5433 1311 5509 σύνταγμα
1343 5433 1428 5491 bis
1463 5455 1477 5491 :
1534 5436 1659 5509 ἔχου
1714 5434 1810 5509 λογ
1866 5433 2302 5509 ἀπαρτίζομενον
2334 5452 2397 5509 ς.
2473 5435 2517 5509 ’ξ
2551 5433 2615 5487 ἐκ
2647 5434 2741 5509 τοῦ
2769 5436 2986 5509 πρώτου
3008 5434 3165 5502 λόγου
3196 5451 3307 5509 om.
3342 5439 3399 5509 lt.

144 5508 271 5580 “5a
309 5508 442 5580 post
474 5511 568 5580 xal
589 5522 701 5562 om.
750 5508 809 5560 Β.

139 5578 214 5630 τοῦ
249 5580 288 5631 Β
310 5578 336 5633 'z
365 5579 567 5632 ἑαυτοῦ
602 5595 663 5642 ς.

140 5653 246 5703 σθαι
280 5667 344 5714 ς’

884 5510 927 5540 ⁵⁷
965 5508 1071 5579 τὴν
1104 5505 1311 5579 τροφὴν
1357 5515 1481 5561 ante
1528 5505 2077 5579 edagpoqﬁrﬂponit
2112 5522 2172 5567 ς’.

740 5580 787 5610 ⁷ο
804 5580 859 5631 ὲν
887 5575 1106 5633 αὐδίΒ.
1139 5575 1151 5579 ⁷
1184 5575 1229 5610 τί
1260 5575 1309 5630 οἱ
1335 5578 1647 5647 ναυατιανολ.
1671 5577 1835 5644 φησὶν
1874 5575 1916 5628 Β
1948 5592 1961 5628 :
1994 5591 2127 5646 φησι
2155 5591 2466 5631 ναυατιανοι
2499 5592 2559 5638 ς’.
2635 5577 2680 5606 τ’
2715 5575 3069 5645 συνεύχεσθαι
3090 5575 3151 5629 Β.
3183 5579 3391 5647 συνέχε-

401 5727 413 5738 .
467 5649 511 5682 ⁷³
540 5649 663 5719 ἦτις
685 5649 810 5704 add.
842 5648 904 5705 Β.
978 5649 1026 5682 ⁷³
1050 5648 1307 5720 ὁμοὶωςΒ
1348 5666 1361 5703 ε
1393 5648 1487 5700 καὶ
1516 5645 1717 5716 ὁμοίως
1736 5661 1797 5707 ς’

2250 5504 2298 5535 ⁸³
2329 5504 2600 5575 διεστήκει
2647 5505 2685 5557 Β
2719 5522 2733 5558 :
2766 5504 3060 5573 διειστήκει
3098 5520 3157 5566 ς’.
3219 5507 3262 5538 ⁸⁸
3303 5508 3403 5561 αὐ-

1656 5757 1887 5815 ΝΟΤᾹῙ.

200 5864 460 5931 (52“)An
497 5864 585 5919 hic
625 5863 804 5936 Cyrus
837 5864 1163 5935 prodromus
1207 5863 1365 5933 cujus
1411 5859 1657 5932 quaedam
1700 5856 2004 5931 aJStobaeo
2042 5859 2363 5924 afferuntur,
2410 5859 2653 5930 quaedam
2698 5875 2823 5915 cum
2858 5857 3145 5930 Nicepliori
3192 5855 3400 5914 Callisti

137 5937 389 5990 versibus
434 5936 594 5989 edita.
