4020 6420
144 399 239 465 329

1186 402 1710 465 BlBLIOTHECA.
1727 425 1799 439 -
1820 401 1985 462 COD.
2018 398 2339 460 CCLXXX.

3284 398 3391 461 330

140 512 223 568 τοῦ
276 512 572 585 κορυφαίου
622 515 718 568 καὶ
771 516 885 579 τοῖς
935 516 1143 580 λοιποῖς
1198 518 1309 570 τῶν
1366 519 1626 589 μαθητῶν
1662 520 1696 586 ἡ

1825 525 1965 588 :epta
2007 517 2204 571 Petrus
2251 520 2521 584 potestate
2566 511 2768 583 ligandi
2801 510 3176 581 solvendique,
3223 512 3393 567 inter-

140 604 352 674 τοιαύτη
398 604 617 670 ἐξουσία
665 606 893 671 ἐδέδοτο,
941 608 1078 662 ὅπου
1140 624 1207 677 γε
1275 609 1374 664 καὶ
1433 614 1547 675 τοῖς
1609 613 1706 665 ἀπ’

136 698 356 749 ἐκείνων
380 697 442 750 τὸ
478 698 871 769 άρχιερατικδν
920 700 1060 754 κατά
1086 699 1341 773 διαδοχὴν
1373 703 1707 773 περιϐεϐλη-

136 788 314 856 μένοις
341 786 562 858 ἀξίωμα
591 790 693 860 τὴν
715 790 887 861 αὐτὴν
909 793 1198 863 προσεῖναι
1229 791 1325 845 τοῦ
1363 795 1587 864 δεσμεῖν
1615 794 1711 848 καὶ

132 879 278 932 λύειν
332 880 585 945 ἐξουσίαν
628 881 983 953 πιστεύομεν.
1039 879 1197 949 Εἶτα,
1252 884 1328 950 ὡς
1368 880 1461 938 οὖν
1501 884 1707 949 λαϐὼν,

132 970 315 1040 φησὶν,
348 973 375 1024 6
406 972 619 1044 Πέτρος
638 972 738 1045 τὴν
771 972 1021 1039 ἐξουσίαν
1041 975 1136 1030 τοῦ
1160 975 1382 1047 δεσμεῖν
1407 977 1503 1031 καὶ
1538 975 1709 1041 λύειν,

132 1064 307 1134 ἐρωτᾷ
338 1063 433 1117 καὶ
454 1064 735 1137 τὸξμέτρον
760 1067 858 1137 τῆς
888 1068 1164 1138 ἀφέσεως,
1196 1069 1481 1136 Ποσάκις,
1513 1070 1710 1139 λέγων,

133 1155 235 1208 ἐὰν
251 1154 487 1225 ἁμάρτῃ
514 1160 605 1225 είς
625 1157 732 1228 ἐμὲ
754 1160 787 1212 ό
812 1158 1080 1228 ἀδελφός
1100 1178 1241 1230 μου,
1266 1162 1484 1233 ἀφήσω
1513 1163 1713 1227 αὑτῷ;

133 1246 237 1311 ἕως
260 1246 551 1315 ἐπτάκιςς
579 1249 641 1303 τὸ
670 1250 774 1315 ἕως
800 1250 1033 1315 ἑπτάκις
1054 1252 1103 1285 ⁸⁸
1152 1252 1343 1319 εἰπὼν,
1376 1252 1477 1324 τὴν
1506 1253 1598 1308 ἐπὶ
1618 1253 1714 1308 τοῦ

136 1339 271 1392 Κάῖν
312 1340 650 1411 κατάκρισιν
698 1341 861 1397 λῦσαι
912 1343 1235 1409 σπουδάζων
1266 1345 1327 1399 ἐν
1369 1345 1449 1415 τῷ
1493 1346 1717 1416 ἀφιέναι

138 1432 463 1497 τοσαυτάκις
498 1434 615 1498 τοῖς
669 1435 1100 1507 ἁμαρτάνουσιν.
1163 1438 1223 1490 Ὀ
1289 1438 1346 1491 δὲ
1405 1438 1596 1509 Σωτὴρ
1655 1438 1715 1491 οὐ

139 1520 333 1592 ταύτην
368 1522 538 1593 μόνον
574 1523 739 1593 λύων,
761 1525 898 1582 άλλά
925 1531 1020 1584 καὶ
1046 1529 1148 1600 τὴν
1166 1530 1260 1583 ἐπὶ
1287 1530 1379 1583 τοῦ
1402 1530 1720 1601 Λάμεχὲξε-

141 1613 495 1685 νηνεγμένην,
526 1616 835 1688 ἐπήνεγκεν
852 1636 869 1652 ο
900 1622 983 1675 Οὐ
1006 1624 1165 1691 λέγω
1185 1638 1286 1676 σοι
1315 1622 1428 1688 ἕως
1448 1622 1718 1689 ἑπτάκις,

142 1702 269 1757 ἀλλ’
307 1704 422 1772 ἕως
450 1706 959 1779 ἑϐδομηκοντάκις
987 1712 1158 1767 ἑπτά.
1199 1714 1273 1766 Τὸ
1298 1714 1357 1768 δὲ
1384 1714 1635 1787 διήγημα
1661 1715 1723 1768 τὸ

146 1796 261 1867 περὶ
291 1796 388 1850 τοῦ
423 1798 621 1871 Λάμεχ
672 1804 915 1858 τοιοῦτόν
948 1822 1112 1876 φησιν
1141 1822 1156 1836 ο
1208 1806 1480 1877 Ἕϐδομος
1506 1803 1574 1879 ἦν
1608 1808 1717 1862 ἀπὸ

1813 620 1972 683 rogat
2003 611 2218 681 quoties
2240 609 2434 663 debeat
2456 606 2757 662 dimittere:
2792 606 3033 671 Quoties,
3070 604 3246 674 inquit
3270 615 3318 670 ο,
3342 610 3389 664 si

1810 703 2043 772 peccarit
2084 701 2142 754 in
2183 715 2265 754 me
2315 700 2484 769 frater
2526 714 2692 761 meus,
2737 696 3009 749 dimittam
3055 694 3184 749 illi?
3233 710 3393 765 usque

1813 791 2002 860 septies
2019 792 2045 845 ?
2067 788 2221 854 dicit,
2245 786 2403 841 Caini
2431 777 2948 841 condemnationem
2968 782 3183 839 solvere
3204 783 3393 837 volens

1813 880 2139 936 dimittendo
2173 878 2332 934 toties
2386 877 2764 948 peccantibus.
2822 875 3071 929 Salvator
3102 888 3232 927 vero
3279 887 3391 927 non

1815 972 1959 1026 hanc
2005 970 2183 1025 solum
2239 968 2479 1032 solvens,
2519 967 2613 1021 sed
2663 966 2829 1021 etiam
2868 964 3105 1019 Lamech
3161 963 3392 1028 illatam,

1813 1063 2143 1133 respondet:
2177 1060 2299 1116 Non
2323 1061 2441 1115 dico
2476 1058 2571 1115 tibi
2597 1059 2804 1127 septies,
2836 1060 2924 1112 sed
2953 1057 3249 1127 septuagies
3311 1071 3397 1109 se-

1823 1157 1979 1221 pties.
2010 1154 2395 1210 Narrationem
2423 1169 2586 1223 porro
2621 1152 2813 1223 5376
2837 1152 2904 1206 de
2938 1151 3173 1205 Lamech
3200 1149 3280 1203 sic
3304 1162 3397 1201 ex-

1816 1249 1974 1319 ponit
2015 1267 2029 1302 :
2079 1246 2358 1317 Septimus
2405 1254 2586 1301 erata
2617 1246 2775 1308 Cain,
2826 1254 2883 1299 et
2928 1242 3155 1297 ultimus
3187 1240 3393 1310 stirpis.

1817 1340 1958 1396 lluic
1984 1338 2129 1394 enim
2178 1337 2442 1392 diluvium
2476 1344 2844 1398 antevertens,
2879 1335 3080 1389 delevit
3110 1333 3264 1389 Caini
3306 1349 3399 1401 ge-

1820 1447 1963 1487 nus:
2016 1438 2071 1484 et
2114 1437 2325 1483 tantum
2376 1428 2653 1497 superavit
2708 1425 3066 1489 Lamecbum,
3119 1433 3182 1478 ut
3229 1428 3399 1477 multo

1821 1526 1981 1597 plura
2013 1522 2216 1577 fuerint
2246 1531 2472 1592 peccata
2506 1536 2669 1591 quam
2700 1521 2857 1585 Cain,
2893 1520 3196 1575 secundum
3234 1519 3393 1574 illud.

1821 1620 2117 1691 septuagies
2169 1618 2359 1688 septies
2388 1618 2434 1672 ε.
2490 1617 2962 1683 Quemadmodum
3016 1615 3135 1685 ipse
3167 1614 3398 1670 Lameeb

1824 1711 2093 1765 uxoribus
2152 1719 2379 1779 peccata
2419 1705 2754 1763 annuntians
2803 1705 3064 1771 ostendit,
3118 1707 3398 1760 interitum

1827 1804 2016 1873 stirpis
2066 1802 2236 1856 totius
2287 1815 2542 1854 narrans.
2594 1799 2656 1853 In
2692 1806 2904 1853 tantum
2960 1796 3107 1851 enim
3155 1799 3401 1852 virorum

148 1887 293 1949 Κάῖν,
326 1888 430 1943 καὶ
458 1890 768 1957 τελευταῖος
809 1894 920 1947 τῶν
944 1896 1231 1964 ἀπογόνων
1253 1912 1270 1930 ο
1303 1896 1496 1951 τοῦτον
1540 1897 1650 1969 γὰρ
1688 1900 1717 1952 6

1825 1903 2111 1950 creverunt
2158 1901 2402 1963 peccata,
2452 1891 2779 1960 quibuscum
2834 1890 3021 1946 ﬂoruit
3083 1891 3249 1945 etiam
3299 1888 3405 1943 La-

148 1977 521 2048 κατακλυσμὸς
553 1980 766 2050 φθάσας
810 1983 1065 2055 ἐξήλειψε
1093 1985 1157 2039 τὸ
1203 1985 1299 2040 τοῦ
1348 1986 1491 2041 Κάῖν
1532 1987 1711 2056 γένος.

150 2068 247 2120 Καὶ
272 2068 533 2125 τοσοῦτον
590 2072 900 2143 ὑπερέϐαλε
930 2077 991 2130 τὸ
1028 2077 1125 2131 τοῦ
1159 2078 1373 2149 Λάμεχ,
1417 2078 1607 2150 φησὶν,
1637 2080 1715 2143 ὡς

152 2154 275 2215 εἶναι
325 2162 437 2216 τῶν
491 2165 588 2219 τοῦ
654 2167 796 2222 Κάῖν
855 2169 1275 2241 ἁμαρτημάτων
1338 2170 1716 2226 πολλαπλάσια

159 2255 285 2307 κατά
316 2255 373 2308 τὸ
398 2256 871 2330 ἑϐδομηκοντάκις
930 2262 1090 2328 ἐπτά,
1129 2265 1205 2327 ὡς
1248 2265 1347 2318 καὶ
1378 2264 1542 2329 αὐτὸς
1600 2266 1715 2320 Λά-

174 2349 387 2416 μεχταίς
412 2351 667 2418 γυναιξὶν
707 2352 1072 2422 ἀπαγγέλλων
1100 2356 1167 2409 τά
1202 2356 1572 2428 ἡμαρτημένα
1593 2358 1717 2429 ἐδή-

170 2434 340 2502 λωσεν,
365 2439 661 2513 αὔτανδρον
706 2443 928 2516 ὄλεθρον
958 2447 1104 2500 κατὰ
1137 2447 1237 2517 τῆς
1293 2450 1490 2516 γενεᾶς
1546 2448 1715 2502 αὐτοῦ

171 2524 515 2603 διηγούμενος.
565 2535 693 2593 Ἐπὶ
742 2536 1000 2591 τοσοῦτον
1052 2539 1164 2611 γάρ
1192 2540 1310 2594 »τῶν
1339 2540 1461 2594 τότε
1505 2541 1716 2613 ἀνδρῶν

169 2617 345 2691 ηὐξήθη
376 2622 447 2676 τὰ
464 2625 865 2696 ἁμαρτήματα,
893 2621 976 2691 οἷς
1003 2629 1097 2681 καὶ
1142 2630 1171 2683 6
1199 2629 1391 2701 Λάμεχ
1428 2632 1717 2701 συνήκμα-

166 2727 258 2775 σεν,
297 2712 367 2777 ὡς
395 2716 481 2776 είς
531 2716 913 2790 πανωλεθρίαν
956 2719 1137 2774 αὐτῶν
1168 2719 1268 2792 τὴν
1306 2721 1720 2792 φιλανθρωπίαν

161 2802 242 2856 τοῦ
275 2804 399 2859 Θεοῦ
439 2807 767 2879 παροξῦναι,
802 2811 1175 2883 κατακλυσμῷ
1211 2812 1309 2884 τὴν
1339 2812 1495 2884 δίκην
1533 2814 1719 2879 αὐτοῖς

166 2894 497 2953 ἐπιτιθεῖσαν.
534 2897 694 2971 [1601
724 2901 816 2974 IL]
842 2903 953 2957 Καὶ
970 2904 1148 2974 σάρκα
1169 2904 1226 2957 δὲ
1253 2904 1355 2975 τὴν
1378 2904 1501 2957 τότε
1526 2906 1719 2974 γενεὰν

1825 1986 2005 2051 mecb,
2059 1993 2120 2039 ut
2157 1983 2324 2038 Deum
2382 1982 2450 2037 ad
2491 1983 2811 2039 universum
2845 1982 3090 2052 ipsorum
3123 1995 3299 2051 genus
3326 1980 3406 2033 di-

1820 2078 1965 2133 luvio
2011 2076 2347 2147 perdendum
2380 2075 2695 2131 excitarint.
2732 2074 2798 2129 Et
2828 2090 3050 2130 carnem
3087 2082 3219 2129 tunc
3245 2086 3407 2126 voca-

1817 2170 1897 2223 vit
1960 2168 2103 2222 Deus
2149 2167 2560 2237 generationem
2607 2165 2931 2220 hominum:
2988 2163 3114 2218 Non
3167 2173 3405 2225 maneat,

1820 2259 2019 2330 inquit,
2056 2256 2295 2327 Spiritus
2324 2274 2467 2312 meus
2492 2258 2549 2311 in
2572 2257 2851 2327 illis,quia
2886 2273 3011 2310 caro
3037 2268 3158 2310 sunt
3189 2258 3237 2323 ⁸,
3279 2257 3407 2326 quia

1818 2352 1917 2405 toti
1952 2350 2108 2404 carni
2140 2357 2195 2404 et
2227 2350 2411 2419 pravis
2459 2349 2910 2417 cogitationibus,
2942 2358 2997 2403 et
3019 2348 3143 2403 aliis
3166 2349 3408 2418 peccatis

1817 2441 2005 2506 dediti,
2060 2456 2188 2496 vere
2230 2455 2392 2510 quem
2446 2453 2769 2510 acceperant
2808 2440 3060 2508 spiritum
3112 2440 3179 2493 ad
3218 2439 3410 2494 simili-

1818 2537 2063 2592 tudinem
2094 2535 2209 2600 Dei,
2236 2544 2369 2590 tunc
2390 2534 2445 2588 in
2482 2550 2701 2589 carnem
2732 2534 3142 2589 convertebant.
3172 2534 3263 2587 Sic
3285 2533 3411 2602 qui-

1820 2629 1963 2695 dem,
2020 2638 2081 2683 ut
2131 2627 2267 2682 dicit
2306 2625 2571 2697 Eulogius
2642 2625 3116 2696 archiepiscopus,
3169 2623 3409 2679 Lamech

1820 2723 2111 2776 damnatus
2144 2719 2329 2785 fuerit,
2360 2719 2544 2789 plures
2573 2733 2702 2773 vero
2734 2714 2922 2772 Patres
2951 2732 3046 2788 per
3076 2716 3397 2787 promissio-

1821 2829 1945 2869 nem
1990 2821 2045 2869 et
2095 2812 2493 2884 ptenitentiam,
2540 2810 2753 2866 veniam
2802 2809 3012 2881 peccati
3064 2809 3217 2864 illum
3256 2807 3415 2863 aiunt

1824 2906 2120 2975 reperisse.

169 2987 391 3043 ἐκάλεσεν
418 2993 451 3045 6
480 2991 640 3059 Θεὸς,
667 2996 749 3049 Οὐ
774 2995 861 3065 μὴ
900 2997 1079 3066 μείνῃ
1117 2996 1185 3049 τὸ
1219 2996 1463 3065 Πνεῦμά
1508 3014 1630 3068 μου
1692 2998 1764 3053 ἐν
1805 2997 2033 3065 αὐτοῖς,
2064 2997 2261 3065 λέγων,
2292 2994 2389 3050 διὰ
2414 2995 2483 3049 τὸ
2526 2988 2681 3048 εἶναι
2718 2993 2941 3060 αὐτοὺς
2966 2994 3011 3026 ⁸⁷
3041 2991 3259 3062 σάρκα,
3285 2992 3409 3045 ἐπεὶ

166 3078 361 3153 ὅλοιτῆς
394 3085 609 3156 σαρκὸς
640 3089 736 3141 καὶ
762 3086 871 3141 τῶν
894 3087 1160 3158 ὲμπαθῶν
1206 3087 1484 3160 λογισμῶν
1547 3092 1834 3159 γεγδνότες
1894 3090 1992 3145 καὶ
2023 3089 2203 3161 πάσης
2238 3088 2405 3158 ἄλλης
2435 3088 2710 3159 ἁμαρτίας
2739 3086 2943 3153 ὅντως,
2967 3086 3108 3157 ὅπερ
3165 3085 3415 3151 ἐδέξαντο

162 3174 348 3246 πνεῦμα
379 3178 508 3231 κατ’
559 3179 745 3232 εἰκόνα
789 3181 885 3234 κα)⁵
910 3180 958 3212 ⁸⁸
990 3178 1111 3235 καθ’
1158 3179 1419 3251 ὁμοίωσιν
1451 3179 1611 3246 Θεοῦ,
1672 3181 1754 3244 είς

1822 3181 2001 3252 σάρκα
2040 3179 2335 3250 μετέϐαλον
2356 3178 2425 3232 ⁸ο.
2449 3176 2606 3231 Οὕτω
2636 3175 2755 3248 μὲν,
2786 3176 2845 3241 ἐξ
2873 3171 2948 3230 ὧν
2977 3192 3144 3247 φησιν
3182 3177 3211 3229 6
3230 3176 3416 3247 ἀρχιε-

161 3268 268 3337 ρεὺς
292 3270 583 3339 Εύλόγιος,
613 3272 705 3325 τὸν
744 3274 938 3345 Λάμεχ
993 3274 1334 3329 ἀπολωλέναι
1403 3276 1569 3347 φησίν
1597 3292 1612 3308 ο
1645 3276 1695 3330 οἱ
1734 3276 1792 3330 δὲ
1846 3276 2088 3330 πλεῖστοι
2122 3274 2233 3329 τῶν
2272 3274 2534 3344 Πατέρων
2565 3272 2654 3327 διὰ
2680 3273 2781 3344 τῆς
2824 3273 3159 3341 ἐπαγγελίας
3193 3272 3291 3327 καὶ
3319 3289 3416 3343 μει

160 3366 349 3429 zamia;
374 3366 721 3439 συγγνώμην
766 3369 948 3441 εὑρεῖν
976 3370 1073 3425 τοῦ
1109 3370 1522 3444 ἁμαρτηθέντος
1553 3372 1716 3426 αὐτὸν
1751 3370 2192 3441 ἀπαγγέλλουσιν
2209 3369 2283 3424 ὀ.

214 3458 327 3514 Ὀτι
361 3460 541 3531 φησιν
566 3477 601 3523 ο,
640 3462 890 3518 Ἐπειδὰν
929 3465 1138 3538 Πέτρου
1168 3467 1264 3520 τοῦ
1290 3466 1591 3538 κορυφαίου
1626 3464 1722 3537 τὴν

1897 3466 2033 3519 Cum
2072 3462 2223 3517 Petri
2270 3460 2536 3533 principis
2573 3458 2948 3530 apostolorum
2992 3457 3336 3528 negationem
3365 3469 3420 3514 et

160 3549 359 3622 ἄρνησιν
391 3553 499 3607 καὶ
534 3554 828 3623 μετάνοιαν
871 3557 951 3620 εἰς
997 3557 1221 3628 ἔλεγχον
1248 3558 1344 3628 τῆς
1374 3557 1726 3627 Ναυατιανῆς

158 3642 391 3709 ἀπονοίας
459 3646 900 3718 προϐαλλώμεθα
920 3650 989 3716 ⁵⁸,
1064 3648 1557 3720 άνταποκρίνεσθαι
1605 3666 1728 3701 πει-

159 3738 337 3805 ρῶνται
385 3740 479 3795 ὅτι
516 3742 548 3793 ὁ
602 3741 809 3813 Πέτρος
846 3743 907 3795 τὸ
942 3743 1132 3807 ἀτελὲς
1169 3744 1294 3798 τότε
1349 3743 1635 3814 βάπτισμα
1659 3738 1729 3813 ἦν

158 3825 616 3901 βεϐαπτισμένος·
649 3831 711 3885 τὸ
739 3831 847 3902 γάρ
867 3834 913 3864 ’³
958 3833 1206 3888 Ἰωάννου
1242 3833 1404 3904 μόνον
1432 3832 1731 3887 ὲϐεϐάπτι-

155 3935 253 3986 ato,
284 3922 345 3975 τὸ
375 3922 439 3976 δὲ
464 3923 621 3991 ἆγιον
646 3924 871 3993 Πνεῦμα
896 3924 1050 3978 οὔπω
1087 3920 1155 3996 ἦν
1192 3926 1515 3998 δεδεγμένος
1540 3942 1555 3957 ο
1594 3926 1731 3998 μετά

154 4010 247 4079 γάρ
272 4012 374 4082 τὴν
404 4011 713 4066 ἀνάστασιν
742 4012 921 4077 τοῦτο,
960 4014 1303 4084 πεντήκοντα
1347 4013 1571 4084 ήμερῶν
1610 4015 1730 4067 δια-

153 4107 443 4172 γεγονυιῶν
470 4106 542 4170 ³³,
572 4105 810 4170 ἐδέξατο.
847 4105 1150 4159 ’Λλλέστιν
1176 4108 1353 4159 εἰπεῖν
1374 4107 1509 4177 πρὸς
1530 4108 1733 4171 αὐτοὺς

154 4196 224 4250 ὅτι
251 4199 345 4253 καὶ
385 4198 458 4253 τὸ
534 4197 787 4252 Ἰωάννου
849 4198 972 4252 τότε
1019 4198 1225 4252 τέλειον
1265 4195 1357 4271 ἦν,
1410 4198 1636 4271 ὕστερον
1683 4199 1730 4254 δ’

154 4290 318 4360 ἀπέϐη
347 4292 470 4354 τοῖς
499 4290 809 4362 χρωμένοις
830 4291 1040 4356 ἀτελὲς,
1073 4291 1191 4362 μεθ’
1224 4290 1253 4343 δ
1282 4291 1375 4345 τὸν
1410 4292 1610 4362 τρόπον
1631 4292 1729 4345 τοῦ

155 4382 527 4453 βαπτίσματος
564 4385 595 4436 6
629 4382 824 4454 Σωτὴρ
868 4384 982 4445 τοῖς
1018 4382 1289 4453 μαθηταῖς
1322 4382 1651 4453 παραδιδοὺς
1680 4384 1729 4414 ⁸⁸

155 4472 294 4540 ἔλεγε
314 4489 331 4503 ο
354 4474 767 4543 Πορευθέντες
792 4476 1207 4544 μαθητεύσατε
1235 4473 1433 4528 πάντα
1461 4474 1533 4529 τὰ
1560 4475 1730 4542 ἔθνη,

151 4564 542 4635 βαπτίζοντες
567 4566 795 4633 αὐτοὺς
822 4568 912 4634 εὶς
939 4569 1007 4622 τὸ
1034 4568 1224 4638 ὄνομα
1251 4568 1358 4622 τοῦ
1383 4567 1612 4635 Πατρός
1630 4567 1731 4621 καὶ

155 4658 253 4713 τοῦ
273 4659 413 4715 Υιοῦ
437 4659 673 4714 καὶτοῦ
694 4660 867 4729 ἁγίου
918 4661 1290 4730 Πνεύματος.
1321 4659 1451 4732 [879
1475 4658 1568 4733 H.]
1599 4660 1729 4713 Ὅτε

155 4743 236 4803 οὖν
266 4751 330 4804 τὸ
364 4752 638 4825 μυστικὸν
665 4751 825 4805 τοῦτο
870 4751 1151 4823 βάπτισμα
1180 4752 1479 4825 παρεδόθη,
1517 4753 1641 4806 τότε
1669 4752 1731 4806 τὸ

1828 3555 2229 3629 paenitentiam,
2281 3554 2348 3609 ad
2390 3552 2825 3624 redarguendam
2855 3550 3123 3606 insaniam
3151 3548 3413 3605 Novatia-

1833 3667 2027 3707 norum
2062 3649 2417 3722 proferimus,
2446 3648 2780 3719 respondere
2803 3654 3094 3712 conantur,
3126 3645 3274 3716 quod
3314 3644 3419 3700 Pe-

1834 3754 1950 3798 trus
1997 3757 2103 3797 non
2177 3740 2413 3812 perfecte
2471 3740 2783 3811 baptizatus
2853 3737 3040 3802 fuerit,
3094 3738 3421 3806 baptismate

1834 3835 2088 3891 videlicet
2110 3831 2341 3888 Joannis
2368 3832 2521 3905 (5'5):
2560 3829 2824 3901 Spiritum
2849 3844 2979 3886 vero
3005 3838 3257 3886 sanctum
3284 3845 3423 3884 non-

1834 3928 1965 3983 dum
2019 3926 2312 3997 acceperit.
2362 3924 2499 3979 Nam
2564 3923 2713 3979 hunc
2772 3932 2896 3993 post
2955 3921 3417 3978 resurrectionem

1833 4020 2236 4091 quinquaginta
2293 4018 2498 4089 elapsis
2543 4018 2739 4072 diebus
2773 4017 3003 4087 accepit.
3063 4013 3171 4071 Sed
3228 4024 3422 4071 contra

1838 4113 1968 4169 illos
1997 4127 2248 4169 asserere
2286 4120 2523 4182 oportet,
2563 4109 2794 4165 Joannis
2845 4111 3010 4164 etiam
3055 4121 3185 4163 tune
3246 4107 3425 4180 perfe-

1841 4214 1992 4262 ctum
2034 4208 2204 4260 fuisse
2243 4204 2537 4274 baptisma,
2570 4214 2626 4258 at
2673 4213 2859 4273 postea
2912 4202 3198 4258 utentibus
3230 4202 3427 4275 imper-

1830 4298 2035 4354 fectum
2079 4298 2291 4361 fuisse,
2346 4305 2636 4367 postquam
2691 4295 2945 4350 Salvator
2985 4296 3210 4350 modum
3252 4295 3427 4364 bapti-

1833 4389 1990 4444 zandi
2027 4389 2144 4444 suis
2191 4388 2417 4442 tradens
2448 4386 2735 4456 discipulis
2764 4386 2941 4442 dixit:
2999 4384 3199 4441 Euntes
3242 4389 3426 4441 docete

1834 4489 2011 4536 omnes
2061 4491 2268 4552 gentes,
2298 4480 2631 4549 baptizantes
2670 4496 2757 4533 eos
2798 4480 2854 4532 in
2890 4480 3098 4534 nomine
3137 4478 3345 4544 Patris,
3376 4489 3424 4533 et

1835 4572 1991 4639 Filii,
2022 4582 2073 4628 et
2103 4573 2340 4643 Spiritus
2374 4572 2552 4625 sancti
2578 4572 2629 4625 ιι.
2659 4571 2892 4638 Quando
2924 4571 3094 4642 igitur
3134 4560 3423 4644 mysticum

1836 4666 1942 4720 hoc
1977 4664 2250 4735 baptisma
2288 4663 2545 4718 traditum
2568 4661 2692 4729 fuit,
2725 4671 2858 4718 tunc
2897 4659 3127 4718 Joannis
3152 4663 3427 4733 baptisma

1838 4755 2095 4815 cessavit.
2142 4763 2198 4808 et
2222 4755 2317 4825 qui
2349 4754 2430 4809 sic
2460 4764 2648 4824 postea
2685 4755 3053 4825 baptizarunt,
3101 4755 3422 4826 imperfecte

169 4844 408 4899 Ἰωάννου
440 4844 735 4916 βάπτισμα
752 4845 988 4915 ἤργησε,
1007 4846 1103 4898 καὶ
1130 4847 1178 4899 oi
1204 4845 1564 4916 βαπτίζοντες
1593 4847 1722 4901 αὐτὸ

1834 4845 2203 4914 baptizarunt,
2271 4843 2485 4898 Domini
2557 4843 2908 4899 traditionem
2979 4852 3421 4900 contemnentes.

158 4931 326 4988 λοιπὸν
355 4936 572 5000 ἀτελῶς
597 4934 914 5001 ἐϐάπτιζον,
945 4936 1045 5008 τὴν
1086 4936 1413 5008 δεσποτικὴν
1445 4938 1735 5009 παρορῶν-

160 5038 238 5087 τες
268 5025 583 5097 παράδοσιν
609 5038 625 5054 ⁸
659 5026 791 5095 πρὶν
819 5024 877 5077 δὲ
912 5023 1123 5077 τέλειον
1152 5018 1244 5095 ἦν.
1272 5024 1399 5078 Ὅτι
1428 5024 1485 5077 δὲ
1530 5024 1735 5079 τέλειον

159 5106 236 5185 ἦν,
262 5116 451 5187 δῆλον,
480 5114 619 5186 φησὶ
633 5116 703 5180 ³⁸,
741 5115 836 5169 καὶ
870 5114 931 5182 ἐξ
957 5108 1035 5169 ὧν
1062 5114 1302 5186 οὐδαμοῦ
1337 5116 1589 5183 φαίνεται
1615 5117 1741 5179 τοὺς

1844 4934 2005 4989 Prius
2052 4949 2182 4989 vero
2211 4933 2515 5004 perfectum
2552 4933 2677 5001 fuit,
2714 4935 2880 5006 idque
2928 4935 3257 5002 ostenditur,
3296 4936 3427 5007 quia

1846 5025 1994 5088 illos,
2036 5041 2177 5096 quos
2210 5026 2449 5082 Joannes
2481 5028 2798 5099 baptizavit,
2828 5027 3033 5100 538a
3064 5030 3263 5085 iterum
3326 5030 3427 5084 ba-

1848 5119 2090 5186 ptizatos
2126 5118 2296 5174 fuisse
2323 5120 2517 5177 nullibi
2564 5122 2784 5191 legitur.
2816 5121 2977 5177 Jesus
3016 5124 3187 5189 enim,
3228 5123 3426 5192 inrptit,

222 5239 245 5269 ο
272 5228 470 5285 Βοιὼ.
500 5244 657 5295 xvnt,
685 5225 776 5283 22.
846 5226 868 5265 ί
895 5225 1031 5283 Gen.
1057 5243 1132 5295 tv,
1165 5226 1257 5282 24.
1337 5226 1515 5285 8Gen.
1542 5244 1619 5295 vt,
1646 5229 1701 5282 5.
1742 5226 1771 5266 ιι
1794 5228 1983 5284 Matth.
2012 5247 2206 5297 xxvm,
2245 5231 2336 5286 29.

1443 5367 1687 5424 VARle
1730 5367 2142 5426 LECTIONES.

225 5485 349 5561 '_‘-:6
415 5488 526 5561 erat;
575 5486 807 5549 ἑπτάκις
852 5484 1099 5561 adduc.
1176 5482 1485 5561 Tatiitobg]
1523 5487 1879 5561 ᾳαύτοῖςᾼϐμ
1928 5488 1993 5561 ⁸⁸-
2018 5489 2141 5541 κατ’
2193 5489 2377 5543 εἰκόνα
2424 5491 2523 5543 καὶ
2572 5488 2701 5561 add.
2750 5488 2815 5561 β.
2891 5488 2936 5523 ⁸³
2982 5487 3309 5561 μετέϐαλλον
3367 5505 3429 5553 ς.

165 5556 202 5587 ⁵⁸
228 5559 340 5609 ἀπα

237 5559 677 5637 ᾅπαγγέλλουσιν
709 5572 817 5637 oni.
852 5556 911 5609 Β.
983 5556 1028 5637 ’ξ
1058 5554 1496 5637 προϐαλλςξμεθὰ
1522 5558 1568 5637 Ii
1598 5576 1611 5611 :
1639 5557 2041 5637 προϐαλῴμεθα
2070 5578 2129 5637 ς..
2207 5562 2251 5591 θ’
2271 5562 2394 5637 ’γάρ
2420 5561 2547 5615 add.
2566 5560 2640 5637 ΔΒ.
2718 5560 2766 5592 ’³
2789 5554 3177 5629 διαγεγονυιῶν
3214 5559 3275 5613 Β.
3306 5571 3431 5613 cum

166 5625 381 5683 Suiccro
411 5645 448 5692 ι,
483 5643 535 5698 ρ.
570 5626 677 5680 6‘27
713 5625 1139 5695 εδιαγεγονότων
1167 5643 1227 5689 ς.
1304 5625 1589 5698 ’δ’παραδ.
1626 5625 1738 5692 τοῖς
1780 5625 1916 5699 eae:
1940 5649 1999 5695 ς.

2075 5631 2121 5661 νδ
2148 5629 2283 5701 φησί
2313 5629 2400 5687 Βξ
2446 5632 2578 5700 φασί
2622 5648 2683 5695 ς.

1680 5720 1913 5779 ΝΟΤίΕ.

227 5810 337 5881 (35)
378 5808 519 5864 Vide
547 5808 993 5864 PJlaldonatum
1035 5810 1278 5882 aliosque
1338 5814 1642 5885 theologos.

400 5902 680 5961 Parnm.
718 5903 835 5960 (in.
872 5902 1017 5965 CIV.

3085 5902 3157 5969 11
