4020 6410
176 419 270 480 333

1145 418 1668 487 BIBLIOTIIECA.
1693 446 1762 456 —
1793 419 1958 482 COD.
2004 418 2320 480 CCLXXX.

3305 414 3412 476 334

172 549 382 599 σαντες
404 531 470 586 δὲ
493 532 948 603 ἐϐαπτίσθησαν
966 538 1049 602 εὶς
1079 535 1145 591 τὸ
1170 537 1355 608 ὄνομα
1379 538 1484 596 τοῦ
1507 538 1728 608 Κυρίου

1846 536 2038 591 tamine
2073 535 2289 590 Domini
2319 533 2472 599 Jesu,
2506 534 2610 606 hoc
2667 542 2773 596 est,
2819 533 3014 602 inquit,
3043 531 3170 601 quia
3217 531 3396 601 bapti-

182 625 398 692 Ἰησοῦ,
418 624 658 679 τοιοῦτόν
680 628 818 691 ἐστι,
842 628 1028 696 φησιν,
1057 627 1139 682 ὅτι
1155 628 1565 700 ἐϐαπτίσθησαν
1592 628 1734 684 κατὰ
1757 677 1760 680 .

169 716 260 786 τὴν
296 717 591 787 παράδοσιν
631 719 728 772 καὶ
777 718 1128 774 διδασκαλίαν
1155 719 1252 773 τοῦ
1281 720 1490 792 Κυρίου
1535 719 1731 791 Ἰησοῦ,

168 809 300 862 ὥστε
334 813 426 864 καὶ
466 812 726 883 ἀλλαχοῦ,
757 813 884 867 ὃταν
907 815 1083 888 λέγῃι,
1119 817 1203 870 ὅτι
1248 818 1352 882 Εἰς
1390 817 1650 884 Χριστὸν
1693 815 1732 882 ἢ

165 900 246 964 είς
307 897 569 955 θάνατον
627 901 733 956 τοῦ
787 903 1044 972 Χριστοῦ
1099 904 1577 972 ἐϐαπτίσθησαν,
1633 903 1734 973 τὴν

167 991 330 1060 αὐτὴν
360 990 566 1044 ἔννοιαν
605 992 897 1063 ὀφείλομεν
959 996 1158 1048 ἐννοεῖν
1205 995 1528 1065 δηλοῦσθαι,
1575 1013 1733 1049 τουτ-

167 1081 308 1134 έστιν
341 1082 423 1134 ὅτι
449 1085 538 1148 εὶς
565 1084 631 1136 τὸ
657 1084 841 1153 ὄνομα
859 1086 962 1140 τοῦ
989 1084 1222 1154 Πατρός
1238 1086 1460 1140 καὶτοῦ
1481 1085 1616 1140 Υίοῦ
1635 1085 1736 1141 καὶ

165 1174 263 1225 τοῦ
314 1173 488 1243 ἁγίου
543 1177 882 1244 Πνεύρατος
931 1177 1360 1248 ἐϐαπτίσθησαν.
1415 1176 1572 1232 Οῦτω
1625 1178 1736 1250 γὰρ

166 1263 364 1328 ἐδίδαξε
403 1266 499 1318 καὶ
557 1267 842 1338 παρέδωκε
901 1268 1187 1340 βαπτίζειν
1228 1272 1258 1323 6
1314 1268 1519 1339 Κύριος
1576 1269 1736 1340 ἡμῶν

178 1355 371 1423 Ἰησοῦς
437 1358 693 1426 Χριστός.

229 1447 348 1500 Ὅτι
395 1450 584 1517 φησὶν,
643 1449 701 1503 Ὀ
731 1451 1058 1517 ’Δπόστολος
1101 1451 1266 1506 πλέον
1297 1470 1350 1506 τι
1379 1451 1482 1519 τῆς
1515 1469 1733 1522 συμπα-

171 1539 305 1602 θείας
333 1541 748 1611 ἐνδεικνύμενος
791 1545 920 1614 περὶ
960 1546 1087 1608 τοὺς
1117 1547 1286 1616 μήπω
1321 1545 1366 1576 ¹⁸
1426 1561 1726 1597 πεπιστευ-

171 1629 320 1690 κότας
350 1628 697 1701 Ἰσραηλίτας
722 1634 909 1702 φησίν,
936 1635 1225 1703 Ηὺχόμην
1258 1635 1368 1704 γὰρ
1395 1635 1580 1699 αὐτὸς
1621 1634 1734 1704 ἐγὼ

172 1719 423 1790 ἀνάθεμα
447 1718 625 1786 εἶναι,
657 1725 749 1775 καὶ
768 1724 894 1794 ἑξῆς
919 1726 983 1789 η,
1016 1727 1138 1778 ἀντὶ
1157 1725 1274 1790 τοῦ,
1303 1725 1512 1798 ἤθελον,
1534 1725 1698 1796 φησὶν
1717 1764 1732 1789 ,

173 1811 268 1877 ἐγὼ
291 1814 348 1865 ὲν
381 1815 708 1882 κατακρίσει
738 1815 1012 1884 γενέσθαι,
1053 1817 1212 1886 μόνον
1254 1818 1342 1870 ἴνα
1391 1817 1734 1888 ἐπέστρεψαν

174 1903 334 1954 οίυίοὶ
379 1902 597 1972 Ἰσραὴλ
630 1905 724 1957 ἐπὶ
750 1906 839 1958 τὸν
874 1907 1101 1978 Κύριον.
1131 1907 1256 1961 Ὅτι
1301 1907 1537 1972 Παῦλος,
1573 1910 1727 1978 φησὶ,
1772 1907 1809 1961 Β

175 1993 410 2055 δεδοικὼς
441 1994 542 2062 τὴν
578 1993 832 2049 Γαλατῶν
865 1995 1158 2063 ἔκπτωσιν,
1179 1998 1475 2068 Φοϐοῦμαι
1501 2001 1585 2069 μή
1612 2016 1737 2067 πως

177 2084 290 2152 εἰκῆ
337 2087 673 2140 κεκοπίακα
719 2090 806 2152 εὶς
865 2086 1040 2156 ὑμᾶς,
1095 2089 1300 2158 φησίν·
1341 2087 1462 2145 εἶτα
1508 2092 1726 2160 ἐπάγει·

186 2180 415 2233 Γίνεσθε
440 2180 523 2245 ὡς
561 2179 694 2249 ἐγὼ,
722 2180 810 2234 ὅτι
860 2181 1022 2250 κάγὼ
1063 2183 1142 2248 ὡς
1186 2182 1372 2252 ὑμεῖς.
1424 2185 1488 2238 Ὢ
1518 2186 1738 2254 συμπά-

193 2270 293 2321 θεια
326 2269 668 2334 Ἀποστόλου,
709 2269 962 2323 τοσοῦτον
1000 2272 1510 2340 συγκαταϐαίνουσα
1531 2275 1655 2326 ὅσον
1686 2275 1736 2326 οἱ

199 2361 587 2431 ἁμαρτήσαντες
615 2362 658 2394 ⁸⁷
685 2363 1209 2429 καταπεπτώκασιν,
1255 2365 1344 2420 ίνα
1370 2368 1436 2437 τῇ
1460 2382 1736 2434 συγκατα-

200 2453 336 2506 ϐάεει
364 2458 478 2519 τοὺς
526 2456 797 2518 πεσόντας
850 2457 930 2522 είς
976 2458 1039 2512 τὺ
1071 2460 1274 2512 οίκείον
1326 2461 1522 2530 μέτρον
1573 2461 1737 2512 ἐπαν-

198 2545 364 2618 αγάγῃ.
390 2548 514 2600 Ὀτι
541 2553 763 2610 τεκνία,
783 2551 968 2621 φησὶν,
997 2553 1026 2605 6
1065 2551 1386 2613 Ἀπόστολος
1410 2552 1535 2615 τοὺς
1561 2569 1740 2622 παρα-

197 2639 429 2702 πεσόντας
483 2639 656 2708 λέγει,
703 2641 810 2707 οὓς
866 2641 966 2694 καί
1014 2641 1252 2696 ὠδίνειν
1299 2642 1486 2696 πάλιν
1534 2647 1725 2714 φησιν,

187 2725 332 2796 ἄχρις
352 2725 424 2784 οὗ
453 2730 741 2800 μορφωθῇ
771 2734 1023 2803 Χριστὸς
1049 2736 1120 2796 ἐν
1151 2735 1376 2802 αὐτοῖς.
1403 2735 1542 2800 Τοὺς
1572 2735 1743 2790 τοιού-

186 2836 293 2883 sou;
319 2823 410 2874 καὶ
438 2826 468 2875 ὁ
493 2824 751 2894 Ἰωάννης
795 2827 1002 2881 τεκνία
1042 2828 1199 2882 καλεῖ
1222 2829 1288 2897 ³⁸,
1322 2828 1542 2898 Γράφω
1569 2829 1735 2899 ὑμῖν,

192 2908 342 2978 λέγων
361 2915 426 2979 υ,
466 2917 694 2980 τεκνία,
745 2915 832 2970 ὅτι
860 2917 1156 2987 ἀφέωνται
1203 2919 1347 2990 ὑμῖν
1371 2923 1430 2974 al
1467 2919 1742 2990 ἁμαρτίαι

194 3003 276 3057 διὰ
319 3007 377 3060 τὸ
417 3009 614 3076 ὄνομα
658 3009 864 3063 αὐτοῦ.
924 3011 1095 3063 Ὅταν
1146 3011 1204 3065 δὲ
1255 3012 1440 3068 λοιπὸν
1491 3011 1580 3066 διὰ
1638 3013 1741 3082 τῆς

189 3100 496 3166 ἐπιστροφῆς
512 3099 893 3168 τελειωθῶσιν,
906 3102 1091 3156 ούκέτι
1109 3103 1328 3166 τούτους
1343 3103 1500 3156 καλεῖ
1515 3103 1738 3169 τεκνία,

181 3186 296 3240 ἀλλὰ
308 3188 576 3256 πατέρας
602 3189 695 3244 καὶ
713 3190 1034 3261 ἀδελφούς*
1059 3194 1310 3266 ἐπιφέρει
1333 3193 1442 3264 γάρ
1465 3195 1741 3264 Ἔγραψα

1839 629 1944 685 zati
1984 638 2114 685 sunt
2136 629 2290 699 juxta
2328 627 2703 688 traditionem.
2739 624 3154 693 doctrinamque
3182 621 3400 678 Domini

1837 715 1986 772 Jesu.
2030 715 2210 783 Quare
2241 724 2296 770 et
2324 715 2450 770 alibi
2505 730 2628 770 cum
2677 715 2840 770 dicit:
2893 713 2956 768 In
2981 712 3195 768 Christo
3235 713 3411 785 veljin

1841 820 2009 864 marte
2057 808 2258 866 Christi
2307 807 2564 876 baptizati
2617 817 2824 873 sunt“,
2877 807 3127 861 eumdem
3187 821 3409 861 sensum

1841 903 2106 958 debemus
2139 898 2440 972 intelligere
2475 901 2805 972 signiﬁcari:
2837 901 2940 956 hoc
2969 911 3073 964 est,
3111 901 3169 953 in
3202 899 3414 953 nomine

1840 995 2020 1050 Patris
2059 1003 2108 1050 et
2162 995 2295 1049 Filii
2343 1004 2392 1048 et
2450 993 2681 1065 Spiritus
2723 995 2894 1048 sancti
2954 993 3206 1064 baptizati
3262 1003 3411 1049 sunt.

1843 1087 1934 1143 Sic
1957 1089 2104 1143 enim
2155 1087 2344 1144 docuit
2368 1096 2423 1143 et
2447 1088 2668 1142 tradidit
2693 1086 2852 1144 Jesus
2876 1085 3128 1142 Christus
3151 1086 3410 1140 Dominus

1842 1185 2046 1242 noster,
2081 1182 2140 1230 ut
2169 1174 2439 1246 baptisma
2473 1173 2646 1230 ﬁeret.

1911 1458 2230 1528 Apostolus,
2263 1459 2462 1527 inquit,
2501 1458 2759 1528 majorem
2791 1458 3081 1528 quamdam
3115 1456 3412 1512 commisc—

1841 1548 2108 1602 rationem
2164 1549 2460 1603 ostendens
2510 1563 2637 1618 erga
2685 1546 2974 1612 lsraelitas,
3026 1547 3120 1616 qui
3173 1547 3411 1600 nondum

1841 1639 2212 1706 crediderunt,
2262 1641 2371 1695 ait:
2407 1639 2670 1709 Optabam
2697 1639 2834 1693 enim
2867 1655 2956 1708 ego
2996 1639 3102 1706 ipse
3131 1637 3414 1690 anathema

1841 1749 1951 1787 esse
1972 1741 2021 1799 υ,
2071 1742 2204 1797 etc.,
2255 1732 2360 1786 boc
2392 1742 2496 1798 est,
2527 1731 2738 1801 (Iupivi,
2790 1730 2987 1801 inquit,
3031 1745 3132 1805 ego
3161 1730 3414 1784 condem-

1846 1827 1985 1891 nari,
2023 1822 2200 1879 soluat
2237 1836 2296 1879 ut
2325 1833 2776 1878 converterentur
2810 1823 2901 1876 lilii
2935 1822 3103 1878 Israel
3132 1823 3198 1876 ad
3231 1821 3414 1876 Domi-

1841 1935 1992 1974 num.
2051 1917 2271 1982 Paulus,
2333 1917 2529 1984 inquit,
2589 1917 2786 1971 timens
2837 1915 3150 1970 Galatarum
3198 1928 3410 1978 casum,

1839 2012 1947 2065 ait:
2007 2009 2206 2074 Timeo,
2243 2026 2305 2063 ne
2337 2010 2475 2078 forte
2499 2009 2607 2061 sine
2639 2025 2800 2061 causa
2847 2006 3195 2059 laboraverim
3237 2005 3289 2058 in
3329 2021 3416 2058 vo-

1841 2102 1917 2154 bis
1941 2109 1983 2152 °.
2020 2094 2220 2153 Deinde
2251 2099 2468 2152 subdit:
2515 2096 2696 2149 Estote
2748 2096 2886 2149 sicut
2912 2111 3026 2164 ego,
3068 2103 3119 2148 et
3146 2110 3238 2164 ego
3274 2094 3411 2146 sicut

1841 2205 1952 2243 vos.
1984 2186 2029 2241 Ο
2067 2202 2337 2242 summam
2379 2185 2622 2255 ApostOli
2668 2183 3239 2245 commiserationem,
3293 2195 3416 2249 quae

1842 2289 2050 2334 tantum
2107 2294 2166 2333 se
2221 2279 2479 2343 demittit,
2535 2285 2798 2346 quantum
2853 2283 3165 2344 peccatores
3203 2270 3419 2328 cecide-

1839 2380 1982 2433 rant,
2045 2378 2105 2423 ut
2161 2368 2495 2422 demissione
2533 2369 2712 2436 lapsos
2763 2365 2829 2420 ad
2885 2365 3168 2434 proprium
3213 2373 3415 2418 statum

1839 2463 2152 2518 reduceret!
2189 2458 2396 2524 Filiali,
2444 2459 2636 2529 inquit,
2673 2457 2970 2528 Apostolus
3009 2457 3194 2526 lapsos
3236 2466 3416 2520 vocat,

1839 2571 1967 2623 quos
2002 2569 2061 2607 se
2089 2553 2278 2606 iterum
2325 2565 2514 2619 parere
2541 2549 2692 2613 dicit,
2724 2548 2886 2602 donec
2933 2547 3191 2617 formetur
3225 2547 3281 2599 in
3307 2545 3418 2600 illis

1841 2647 2118 2702 Christus?
2151 2686 2165 2700 .
2199 2644 2358 2698 Tales
2411 2653 2464 2696 et
2492 2640 2728 2696 Joannes
2765 2640 2958 2710 ﬁliolas
2991 2650 3176 2694 vocat:
3231 2636 3417 2694 Scriba

1839 2738 2004 2802 vobis,
2068 2735 2268 2806 inquit,
2325 2734 2501 2801 ﬁlioli,
2568 2733 2813 2802 quoniam
2873 2733 3216 2786 remittuntur
3275 2729 3417 2783 robis

1839 2837 2058 2897 peccata
2083 2834 2294 2894 propter
2337 2839 2520 2876 nomen
2554 2821 2669 2889 ejus
2705 2830 2763 2872 ιι.
2796 2819 3090 2889 Postquam
3123 2833 3256 2873 vero
3285 2833 3417 2873 con-

1842 2919 2096 2976 versione
2139 2913 2484 2989 [virtutibus]
2534 2911 2757 2983 perlecti
2796 2919 3002 2976 essent,
3035 2925 3143 2964 non
3184 2909 3418 2980 amplius

1838 3027 1935 3067 eos
1978 3008 2169 3079 ﬁliolas
2219 3015 2409 3070 vocat,
2466 3005 2559 3059 SOll
2618 3011 2794 3073 patres
2859 3010 2913 3056 et
2987 3001 3203 3071 fratres.
3254 3001 3420 3056 Addit

1841 3107 1984 3161 enim
2015 3123 2028 3159 :
2082 3103 2273 3158 Scriba
2307 3100 2472 3162 vobis,
2524 3109 2722 3168 patres,
2755 3101 2879 3169 quia
2910 3098 3221 3169 cognovistis
3277 3113 3444 3162 eum,_

1841 3199 1932 3270 qui
1961 3197 2026 3251 ab
2053 3197 2209 3250 initia
2239 3205 2337 3258 est,
2371 3192 2545 3248 scriba
2572 3191 2743 3255 vobis,
2772 3190 3149 3256 adolescentes,
3193 3191 3318 3261 quia
3339 3191 3420 3245 oi-

178 3279 315 3344 ὐμῖν,
347 3280 628 3347 πατέρες,
652 3281 740 3336 ὅτι
760 3283 1055 3352 ἐγνώκατε
1081 3284 1187 3338 τὸν
1200 3285 1302 3339 ἀπ’
1321 3285 1543 3354 ἀρχῆς·
1570 3286 1742 3354 ἐπρα-

1846 3290 1986 3344 cistis
2015 3288 2305 3357 malignum
2335 3295 2381 3340 ι’.
2416 3283 2726 3348 Proferunt,
2766 3283 2966 3352 inquit,
2995 3281 3282 3339 Novatiani
3338 3283 3421 3336 di-

179 3372 250 3432 ιξνα
274 3369 792 3438 inﬂammationem,
811 3371 907 3426 ὅτε
936 3373 1293 3438 νενικήκατε
1320 3374 1427 3427 τὸν
1448 3375 1736 3442 πονηρόν.

184 3461 284 3513 Ὀτι
314 3463 682 3534 προφέρουσι,
712 3466 896 3534 φησιν,
922 3465 1096 3519 οίάπδ
1124 3466 1378 3520 Ναυάτου
1409 3467 1469 3519 τὸ
1500 3467 1733 3522 ἀποστοε

179 3552 304 3605 natu
395 3554 576 3625 ῥητὸν
663 3557 726 3609 τὸ
797 3557 1005 3624 φάσκον
1049 3559 1117 3624 ³ο,
1191 3557 1520 3614 Ἀδύνατον
1601 3561 1740 3624 τοὺς

177 3644 317 3710 ἅπαξ
391 3647 828 3715 φωτισθέντας,
879 3649 1296 3720 γευσαμένους
1326 3669 1390 3705 τε
1419 3653 1464 3683 ’ί
1493 3650 1605 3720 τῆς
1629 3651 1742 3703 6w-

170 3735 297 3802 ρεὰς
339 3737 461 3805 τῆς
511 3738 874 3806 ἐπουρανίου
942 3741 1040 3795 καί
1082 3743 1380 3811 μετόχους
1423 3741 1744 3812 γεγονότας

175 3830 514 3899 Πνεύματος
549 3831 720 3902 ἁγίου
751 3833 849 3886 καὶ
871 3834 1065 3888 καλὸν
1090 3835 1500 3904 γευσαμένους
1519 3833 1676 3904 ῥῆμα
1698 3835 1743 3865 ³³

176 3922 314 3974 Θεοῦ
353 3922 461 3975 καί
491 3925 961 3991 παραπεσόντας
996 3927 1184 3979 πάλιν
1219 3924 1621 3985 ἀνακαινίζειν
1657 3926 1745 3988 εὶς

169 4013 508 4079 μετάνοιαν,
556 4016 652 4068 καὶ
693 4014 820 4085 ἑξῆς
843 4017 908 4070 ³³.
945 4017 1116 4070 Τοῦτο
1163 4017 1241 4079 δὲ,
1275 4019 1462 4086 φησιν,
1511 4017 1592 4070 ὅτι
1645 4017 1746 4088 μὲν

175 4108 298 4174 πρὸς
329 4107 628 4179 Ἐϐραίους
654 4110 857 4180 γράφει
894 4111 1328 4174 πεπιστευκότας
1359 4109 1522 4179 δῆλον
1550 4108 1609 4173 ἐξ
1645 4109 1741 4162 αὑ-

171 4199 270 4250 τῶν
296 4200 407 4254 τῶν
436 4200 539 4268 τῆς
568 4201 860 4271 ἐπιστολῆς
903 4202 1082 4272 ῥητῶν
1104 4217 1119 4234 ·
1154 4201 1292 4274 πλὴν
1323 4204 1376 4256 οἵ
1399 4219 1462 4270 γε
1504 4203 1744 4256 πλεῖστοι

171 4287 269 4340 τῶν
300 4290 428 4342 τότε
469 4291 916 4343 πεπιστευκότων
955 4291 1224 4345 Ἰουδαίων
1271 4294 1364 4346 καὶ
1412 4293 1490 4363 τῷ
1525 4293 1745 4364 Χριστῷ

174 4384 482 4452 προσῄεσαν
506 4383 602 4435 καὶ
630 4382 730 4444 τάς
757 4382 987 4453 νομικὰς
1025 4385 1122 4437 καὶ
1158 4383 1458 4447 Ἰουδαῖκὰς
1495 4402 1746 4456 παρατη-

175 4474 352 4544 ρήσεις
400 4474 504 4538 τὰς
553 4474 807 4540 πλείστας
853 4476 1169 4545 ἐφύλαττον,
1200 4477 1280 4530 διὸ
1327 4479 1422 4531 καὶ
1467 4478 1748 4550 διαφόροις

173 4570 410 4640 ἐχρῶντο
443 4572 807 4642 βαπτίσμασι.
838 4571 983 4642 Πρὸς
1022 4572 1154 4642 γοῦν
1194 4573 1438 4638 ὶκείνους
1465 4573 1746 4627 ἀποτεινό-

177 4680 352 4729 μενος,
405 4664 594 4732 φησὶν,
645 4665 673 4715 6
730 4663 1012 4726 θεσπέσιος
1045 4665 1278 4730 Παῦλος,
1311 4666 1405 4720 καὶ
1432 4665 1540 4719 τῶν
1573 4665 1747 4720 ἄλλων

175 4755 320 4824 παρὰ
359 4756 426 4806 τὺ
466 4755 524 4806 ἓν
574 4754 858 4826 βάπτισμα
902 4756 1126 4820 τούτους
1184 4758 1434 4825 ἀπάγων,
1482 4757 1648 4827 ἔφησε
1689 4756 1749 4810 τὸ

179 4845 353 4912 ῥητὸν,
383 4845 510 4915 οὐχ)⁸
531 4845 586 4898 δὲ
625 4844 726 4915 (μὴ
758 4845 987 4913 γένοιτο)
1019 4847 1118 4916 τὴν
1145 4852 1460 4918 μετάνοιαν,
1493 4851 1521 4901 6
1551 4849 1748 4902 πολλα-

179 4935 264 5002 χοῦ
289 4936 501 5007 ταύτην
531 4937 627 4989 καὶ
657 4935 914 4999 πολλάκις
942 4938 1204 5009 κηρύξας.
1231 4941 1296 4993 Ὃ
1327 4940 1458 5007 γοῦν
1485 4940 1632 5008 λέγει
1661 4941 1750 4994 διὰ

178 5025 264 5076 τοῦ
307 5025 505 5097 ῥητοῦ,
551 5026 796 5080 τοιοῦτόν
841 5028 1010 5080 ἐστιν’
1054 5029 1362 5096 Ἀδύνατον,
1420 5032 1576 5102 φησὶ,
1623 5033 1752 5095 τοὺς

181 5115 319 5180 ᾶπαξ
370 5116 751 5184 φωτισθέντας
796 5116 958 5187 [1605
985 5116 1078 5189 R.]
1135 5118 1298 5172 πάλιν
1349 5120 1601 5192 δεύτερον
1651 5121 1750 5191 βά-

180 5223 385 5276 πτισμα
411 5207 744 5278 προσδοκᾷν.
776 5208 958 5275 Ἀπαξ
998 5213 1113 5281 γὰρ
1150 5214 1178 5265 6
1212 5213 1444 5282 Χριστὸς
1487 5215 1580 5266 ἐπὶ
1629 5231 1754 5266 συν-

179 5297 354 5371 τελείᾳ
379 5301 492 5353 τῶν
516 5300 734 5354 αίὼνων
759 5299 978 5354 ἔπαθεν.
989 5294 1153 5358 Ὅθεν
1172 5306 1267 5358 καὶ
1294 5307 1374 5369 είς
1395 5307 1489 5359 τὸν
1522 5305 1753 5359 θάνατον

243 5417 478 5489 πίωσι.
532 5433 614 5489 vi,
659 5418 716 5472 2.
804 5426 831 5454 ιι
875 5417 1031 5475 llam.
1076 5437 1153 5489 Ix,
1189 5425 1242 5480 5.

1345 5433 1370 5460 °
1394 5425 1513 5481 Gal.
1565 5441 1641 5494 tv,
1674 5425 1762 5483 ll.
1837 5433 1867 5476 Ρ
1893 5424 2026 5480 ibid.
2065 5425 2153 5479 19.
2230 5433 2258 5473 q
2288 5425 2306 5476 l
2342 5421 2498 5476 Joan.
2542 5437 2601 5482 ιι,
2635 5417 2716 5472 l2.

1849 3392 1996 3438 ctum
2029 3379 2271 3450 Apostoli
2303 3379 2439 3433 hoc:
2488 3377 2594 3430 Eos
2635 3377 2722 3446 qui
2749 3377 2908 3429 semel
2935 3384 3060 3430 sunt
3106 3374 3420 3439 illuminati,

1848 3481 2187 3547 gnstaverunt
2212 3473 2372 3528 etiam
2399 3470 2592 3542 539a
2624 3470 2819 3523 donum
2842 3470 3067 3534 cazleste,
3097 3478 3148 3522 et
3194 3469 3420 3538 partici-

1848 3587 1935 3640 pes
1971 3568 2104 3638 facti
2134 3575 2255 3620 sunt
2287 3566 2521 3635 Spiritus
2553 3564 2746 3626 sancti,
2777 3569 3114 3632 gnstaverunt
3157 3559 3424 3614 nihilomi-

1851 3678 1948 3715 nus
1978 3666 2166 3712 banum
2200 3658 2295 3711 Dei
2319 3657 2551 3722 uerbum,
2582 3665 2629 3710 et
2672 3655 2902 3724 prolapsi
2930 3661 3073 3718 sunt,
3111 3668 3298 3707 rursus
3339 3669 3425 3707 re-

1851 3752 2035 3807 novari
2063 3751 2131 3804 ad
2179 3749 2539 3820 paenitentiam
2567 3755 2614 3810 ⁸,
2645 3756 2698 3801 et
2730 3747 2873 3816 quod
2911 3745 2979 3799 ad
3008 3743 3264 3800 llebraios
3288 3745 3425 3800 scri-

1853 3843 1929 3898 bit
1954 3842 2259 3907 credentes,
2286 3847 2436 3910 patet
2472 3854 2536 3892 ex
2588 3838 2719 3907 ipsis
2769 3836 2947 3890 verbis
2983 3835 3278 3906 Epistolas:
3314 3835 3426 3891 imo

1853 3950 1982 3988 vero
2030 3931 2250 4004 plurimi
2305 3946 2370 3984 ex
2410 3928 2614 3984 ιιιιιιείε
2645 3928 2917 3992 ﬁdelibus,
2968 3936 3025 3983 et
3051 3928 3119 3982 ad
3145 3927 3422 3983 Christum

1852 4035 2228 4087 accesserunt,
2259 4031 2312 4077 et
2345 4023 2515 4092 legem
2551 4019 2829 4074 Judaieam
2855 4028 3164 4083 servarunt,
3197 4020 3428 4090 ideoque

1853 4115 2086 4168 diversis
2137 4111 2222 4166 usi
2281 4119 2412 4167 sunt
2452 4109 2815 4180 baptismatis.
2875 4108 2954 4162 Ad
2991 4108 3113 4163 illos
3151 4109 3317 4178 igitur
3365 4125 3425 4164 se

1853 4217 2180 4261 convertens
2231 4202 2453 4268 Paulus,
2524 4212 2578 4257 et
2622 4217 2652 4254 a
2707 4201 2944 4264 cameris,
3016 4209 3245 4271 excepto
3317 4217 3428 4256 uno

1853 4297 2147 4367 baptismo,
2186 4310 2282 4350 eos
2317 4293 2660 4358 dehortatus,
2700 4293 2802 4345 hoc
2851 4291 3007 4346 dixit.
3066 4291 3423 4362 Nequaquam

1858 4404 1984 4444 vero
2031 4387 2428 4457 pmnitentiam,
2473 4384 2618 4454 quod
2673 4383 2851 4438 absit!
2889 4398 3051 4452 quam
3111 4398 3252 4454 saepe
3289 4383 3428 4439 alias

1856 4482 2190 4552 praedicavit,
2247 4491 2309 4532 ut
2368 4477 2627 4532 auferret.
2694 4474 2850 4541 Quod
2899 4489 3032 4545 ergo
3081 4475 3193 4544 jam
3256 4475 3418 4540 dixit,

1855 4575 1959 4628 tale
2003 4582 2086 4628 est
2127 4591 2139 4626 :
2179 4567 2522 4640 lmpossibile
2567 4577 2648 4620 est
2681 4582 2776 4620 eos
2814 4565 2907 4634 qui
2938 4565 3229 4620 illuminati
3275 4579 3424 4632 sunt,

1856 4669 2054 4723 iterum
2091 4663 2395 4720 secundum
2425 4659 2696 4729 baptisma
2726 4666 3063 4727 exspectare.
3083 4656 3261 4713 Semel
3279 4660 3424 4714 enim

1855 4759 2111 4814 Christus
2151 4758 2202 4809 in
2242 4749 2717 4808 consummatione
2748 4749 3074 4803 saeculorum
3099 4764 3294 4819 passus
3317 4758 3425 4812 est,

1857 4851 2002 4905 unde
2027 4860 2082 4904 et
2115 4849 2167 4901 in
2197 4854 2374 4900 morte
2395 4843 2516 4914 ejus
2551 4841 2895 4910 baptizamur
2921 4859 2934 4895 :
2961 4841 3269 4912 Consepnlti
3290 4843 3442 4896 enim.

1857 4958 2043 4996 sumus
2063 4938 2148 4994 illi
2171 4940 2224 4991 in
2248 4937 2530 5006 baptismo,
2555 4944 2602 4988 et
2634 4933 2794 4987 simul
2826 4934 3214 4987 resurreximus
3245 4934 3292 4987 ί.
3322 4933 3428 5000 Qui

1847 5035 1994 5090 enim
2020 5030 2216 5102 qmerit
2237 5043 2460 5085 scrvare
2483 5026 2811 5095 baptismata
2833 5025 2990 5094 legis,
3011 5025 3206 5080 iterum
3224 5024 3425 5079 Filium

1852 5123 1944 5177 Dei
1978 5121 2283 5189 cruciligit,
2315 5127 2370 5173 et
2411 5115 2653 5172 ostentui
2685 5114 2849 5170 habet
2873 5114 3042 5170 semel
3077 5113 3424 5170 cruciﬁxum.

1849 5215 1904 5269 Si
1939 5229 2067 5270 vero
2106 5219 2293 5268 essent
2330 5211 2513 5281 plures
2566 5207 2861 5278 baptismi,
2899 5207 3233 5277 oportuisset
3265 5205 3426 5262 Chri-

1853 5317 2001 5361 stum
2031 5305 2195 5360 etiam
2227 5303 2424 5374 saepius
2463 5300 2578 5372 pati
2606 5317 2621 5353 :
2655 5313 2800 5353 nunc
2833 5312 2962 5352 vero
2999 5296 3167 5352 semel
3207 5313 3425 5365 passus,

2802 5425 2823 5452 τ
2853 5415 2982 5470 ibid.
3009 5416 3096 5470 15.
3204 5427 3226 5452 ³
3261 5414 3424 5469 Hebr.

1459 5612 1696 5668 γΑιιυΕ
1721 5611 2126 5668 ιΕΟΤΙΟδΕὸ.

179 5497 250 5551 v1,
284 5488 343 5541 4.
524 5489 544 5523 ί
582 5488 745 5541 ltum.
779 5502 850 5555 vi,
885 5489 937 5542 4.

179 5763 222 5793 ,ι
243 5695 532 5793 “illi?!”
557 5697 1018 5793 ‘i.‘.l‘.‘.l§if°:.§z
1059 5787 1093 5793 --
1124 5703 1167 5793 ’Σ
1198 5703 1347 5772 iii!"
1401 5713 1476 5793 ‘1‘.
1514 5705 1794 5793 50165.93

243 5766 466 5844 γράιρω.
580 5766 855 5844 ὀρλέγων]
900 5766 1377 5844 ubi-meam;
1419 5774 1581 5844 λέγω.

1675 5778 1719 5806 ³⁰
1755 5775 2014 5829 ἀδύνατον
2049 5775 2176 5832 add.
2215 5775 2276 5829 B.

1845 5706 1914 5781 τά
1976 5704 2102 5775 ἑξῆς
2139 5723 2199 5769 ς.
2280 5706 2320 5735 ’τ
2356 5703 2771 5824 άμαρτὲσαντες
2814 5697 2856 5753 Β
2897 5713 2913 5752 :
2955 5693 3339 5776 ἡμαρτηκότες
3367 5711 3426 5759 ς.

1845 5793 2014 5829 ινατον
2049 5775 2176 5832 add.
2215 5775 2276 5829 B.
2383 5775 2424 5807 ²¹
2453 5789 2514 5827 τε
2618 5790 2631 5826 ι
2673 5771 2729 5823 δέ
2773 5784 2832 5831 ς.
2905 5769 2949 5802 ⁸³
2989 5765 3152 5822 καλὸν
3176 5796 3244 5808 -
3277 5766 3431 5838 ρημα

181 5831 220 5884 Β
247 5831 478 5890 ιόιαλῶν
508 5867 576 5878 --
612 5831 876 5908 ῥημάτων
901 5857 963 5906 ς,
1029 5831 1252 5909 ’δ”ιξῆς.
1285 5843 1456 5899 Τοῦτο
1492 5831 1593 5910 ’δὲ,
1638 5846 1803 5913 φησίν
1837 5845 1958 5902 add.
1994 5843 2053 5899 Β.
