  <div class='ocr_page' id='page_1' title='image "/cluster/home/n/w/nwhite01/storage/ocr_20150623/104/hvd.32044018872853/175.png"; bbox 0 0 3856 6298; ppageno 0'>
   <div class='ocr_carea' id='block_1_1' title="bbox 570 381 681 450">
    <p class='ocr_par' dir='ltr' id='par_1_1' title="bbox 570 381 681 450">
     <span class='ocr_line' id='line_1_1' title="bbox 570 381 681 450; baseline -0.027 0"><span class='ocrx_word' id='word_1_1' title='bbox 570 381 681 450; x_wconf 78' lang='lat'><strong>335</strong></span> 
     </span>
    </p>
   </div>
   <div class='ocr_carea' id='block_1_2' title="bbox 1728 343 2672 434">
    <p class='ocr_par' dir='ltr' id='par_1_2' title="bbox 1728 343 2672 434">
     <span class='ocr_line' id='line_1_2' title="bbox 1728 343 2672 434; baseline -0.007 -1"><span class='ocrx_word' id='word_1_2' title='bbox 1728 368 1992 434; x_wconf 87' lang='lat' dir='ltr'><strong>PHOTII</strong></span> <span class='ocrx_word' id='word_1_3' title='bbox 2028 366 2534 431; x_wconf 73' lang='lat' dir='ltr'><strong>PATBIARCHIE</strong></span> <span class='ocrx_word' id='word_1_4' title='bbox 2561 343 2672 427; x_wconf 67' lang='lat' dir='ltr'><strong>cr;</strong></span> 
     </span>
    </p>
   </div>
   <div class='ocr_carea' id='block_1_3' title="bbox 3686 371 3773 436">
    <p class='ocr_par' dir='ltr' id='par_1_3' title="bbox 3686 371 3773 436">
     <span class='ocr_line' id='line_1_3' title="bbox 3686 371 3773 436; baseline 0 0"><span class='ocrx_word' id='word_1_5' title='bbox 3686 371 3773 436; x_wconf 82' lang='lat'><strong>336</strong></span> 
     </span>
    </p>
   </div>
   <div class='ocr_carea' id='block_1_4' title="bbox 572 463 2155 562">
    <p class='ocr_par' dir='ltr' id='par_1_4' title="bbox 572 480 2146 562">
     <span class='ocr_line' id='line_1_4' title="bbox 572 480 2146 562; baseline -0.011 -10"><span class='ocrx_word' id='word_1_6' title='bbox 572 510 684 562; x_wconf 83' lang='lat' dir='ltr'><strong>non</strong></span> <span class='ocrx_word' id='word_1_7' title='bbox 701 507 863 549; x_wconf 88' lang='lat' dir='ltr'><strong>manu</strong></span> <span class='ocrx_word' id='word_1_8' title='bbox 887 489 1090 547; x_wconf 82' lang='lat' dir='ltr'><strong>factum</strong></span> <span class='ocrx_word' id='word_1_9' title='bbox 1115 485 1488 545; x_wconf 83' lang='lat' dir='ltr'><strong>sanctuarium</strong></span> <span class='ocrx_word' id='word_1_10' title='bbox 1505 481 1745 548; x_wconf 85' lang='lat' dir='ltr'><strong>intravit,</strong></span> <span class='ocrx_word' id='word_1_11' title='bbox 1765 482 1863 538; x_wconf 90' lang='lat' dir='ltr'><strong>sed</strong></span> <span class='ocrx_word' id='word_1_12' title='bbox 1882 482 1937 536; x_wconf 93' lang='lat' dir='ltr'><strong>in</strong></span> <span class='ocrx_word' id='word_1_13' title='bbox 1964 480 2146 551; x_wconf 87' lang='lat' dir='ltr'><strong>ipsum</strong></span> 
     </span>
    </p>
   </div>
   <div class='ocr_carea' id='block_1_5' title="bbox 2256 463 3777 562">
    <p class='ocr_par' dir='ltr' id='par_1_5' title="bbox 2256 463 3777 548">
     <span class='ocr_line' id='line_1_5' title="bbox 2256 463 3777 548; baseline -0.011 -15"><span class='ocrx_word' id='word_1_14' title='bbox 2256 477 2418 533; x_wconf 82' lang='grc' dir='ltr'><strong>αὑτοῦ</strong></span> <span class='ocrx_word' id='word_1_15' title='bbox 2452 471 2826 548; x_wconf 83' lang='grc' dir='ltr'>βαπτιζόμεθα</span> <span class='ocrx_word' id='word_1_16' title='bbox 2848 486 2864 504; x_wconf 77' lang='grc' dir='ltr'><strong>ο</strong></span> <span class='ocrx_word' id='word_1_17' title='bbox 2888 467 3315 538; x_wconf 65' lang='lat' dir='ltr'><strong>Evr-etdng</strong></span> <span class='ocrx_word' id='word_1_18' title='bbox 3340 463 3454 526; x_wconf 82' lang='grc' dir='ltr'>οὖν</span> <span class='ocrx_word' id='word_1_19' title='bbox 3487 473 3637 540; x_wconf 79' lang='grc' dir='ltr'>αὐτῷ</span> <span class='ocrx_word' id='word_1_20' title='bbox 3657 480 3777 546; x_wconf 71' lang='grc' dir='ltr'>τῷιι</span> 
     </span>
    </p>
   </div>
   <div class='ocr_carea' id='block_1_6' title="bbox 573 572 2146 652">
    <p class='ocr_par' dir='ltr' id='par_1_6' title="bbox 573 572 2146 652">
     <span class='ocr_line' id='line_1_6' title="bbox 573 572 2146 652; baseline -0.011 -8"><span class='ocrx_word' id='word_1_21' title='bbox 573 587 800 649; x_wconf 65' lang='lat' dir='ltr'><strong>caelum,</strong></span> <span class='ocrx_word' id='word_1_22' title='bbox 839 599 989 638; x_wconf 89' lang='lat' dir='ltr'><strong>nunc</strong></span> <span class='ocrx_word' id='word_1_23' title='bbox 1020 590 1081 636; x_wconf 91' lang='lat' dir='ltr'><strong>ut</strong></span> <span class='ocrx_word' id='word_1_24' title='bbox 1113 589 1402 652; x_wconf 87' lang='lat' dir='ltr'><strong>appareret</strong></span> <span class='ocrx_word' id='word_1_25' title='bbox 1447 591 1632 634; x_wconf 89' lang='lat' dir='ltr'><strong>coram</strong></span> <span class='ocrx_word' id='word_1_26' title='bbox 1681 573 1796 630; x_wconf 88' lang='lat' dir='ltr'><strong>Deo</strong></span> <span class='ocrx_word' id='word_1_27' title='bbox 1833 588 1933 645; x_wconf 88' lang='lat' dir='ltr'><strong>pro</strong></span> <span class='ocrx_word' id='word_1_28' title='bbox 1966 572 2146 628; x_wconf 88' lang='lat' dir='ltr'><strong>nobis.</strong></span> 
     </span>
    </p>
   </div>
   <div class='ocr_carea' id='block_1_7' title="bbox 574 663 2149 748">
    <p class='ocr_par' dir='ltr' id='par_1_7' title="bbox 574 663 2149 748">
     <span class='ocr_line' id='line_1_7' title="bbox 574 663 2149 748; baseline -0.011 -14"><span class='ocrx_word' id='word_1_29' title='bbox 574 676 916 748; x_wconf 86' lang='lat' dir='ltr'><strong>lmpossibile</strong></span> <span class='ocrx_word' id='word_1_30' title='bbox 971 683 1057 730; x_wconf 91' lang='lat' dir='ltr'><strong>est</strong></span> <span class='ocrx_word' id='word_1_31' title='bbox 1109 673 1274 745; x_wconf 79' lang='lat' dir='ltr'><strong>igitur</strong></span> <span class='ocrx_word' id='word_1_32' title='bbox 1305 686 1444 734; x_wconf 89' lang='lat' dir='ltr'><strong>eos,</strong></span> <span class='ocrx_word' id='word_1_33' title='bbox 1494 668 1588 739; x_wconf 87' lang='lat' dir='ltr'><strong>qui</strong></span> <span class='ocrx_word' id='word_1_34' title='bbox 1630 666 1799 723; x_wconf 89' lang='lat' dir='ltr'><strong>semel</strong></span> <span class='ocrx_word' id='word_1_35' title='bbox 1855 663 2149 720; x_wconf 87' lang='lat' dir='ltr'><strong>illuminati</strong></span> 
     </span>
    </p>
   </div>
   <div class='ocr_carea' id='block_1_8' title="bbox 574 752 2148 835">
    <p class='ocr_par' dir='ltr' id='par_1_8' title="bbox 574 752 2148 835">
     <span class='ocr_line' id='line_1_8' title="bbox 574 752 2148 835; baseline -0.013 -10"><span class='ocrx_word' id='word_1_36' title='bbox 574 781 705 826; x_wconf 90' lang='lat' dir='ltr'><strong>sunt</strong></span> <span class='ocrx_word' id='word_1_37' title='bbox 733 769 789 823; x_wconf 91' lang='lat' dir='ltr'><strong>in</strong></span> <span class='ocrx_word' id='word_1_38' title='bbox 828 777 1006 821; x_wconf 89' lang='lat' dir='ltr'><strong>morte</strong></span> <span class='ocrx_word' id='word_1_39' title='bbox 1037 764 1180 835; x_wconf 86' lang='lat' dir='ltr'><strong>ejus,</strong></span> <span class='ocrx_word' id='word_1_40' title='bbox 1214 762 1457 819; x_wconf 88' lang='lat' dir='ltr'><strong>secundo</strong></span> <span class='ocrx_word' id='word_1_41' title='bbox 1497 758 1583 813; x_wconf 85' lang='lat' dir='ltr'><strong>vel</strong></span> <span class='ocrx_word' id='word_1_42' title='bbox 1625 757 1826 828; x_wconf 69' lang='lat' dir='ltr'><strong>smpius</strong></span> <span class='ocrx_word' id='word_1_43' title='bbox 1860 752 2148 824; x_wconf 81' lang='lat' dir='ltr'><strong>baptizari,</strong></span> 
     </span>
    </p>
   </div>
   <div class='ocr_carea' id='block_1_9' title="bbox 573 845 2152 922">
    <p class='ocr_par' dir='ltr' id='par_1_9' title="bbox 573 845 2152 922">
     <span class='ocr_line' id='line_1_9' title="bbox 573 845 2152 922; baseline -0.012 -6"><span class='ocrx_word' id='word_1_44' title='bbox 573 870 629 916; x_wconf 89' lang='lat' dir='ltr'><strong>et</strong></span> <span class='ocrx_word' id='word_1_45' title='bbox 657 859 847 916; x_wconf 89' lang='lat' dir='ltr'><strong>conari</strong></span> <span class='ocrx_word' id='word_1_46' title='bbox 884 857 1081 912; x_wconf 79' lang='lat' dir='ltr'><strong>iterum</strong></span> <span class='ocrx_word' id='word_1_47' title='bbox 1125 853 1445 922; x_wconf 82' lang='lat' dir='ltr'><strong>cruciﬁgere</strong></span> <span class='ocrx_word' id='word_1_48' title='bbox 1491 848 1692 904; x_wconf 87' lang='lat' dir='ltr'><strong>Filium</strong></span> <span class='ocrx_word' id='word_1_49' title='bbox 1746 846 1863 903; x_wconf 96' lang='lat' dir='ltr'><strong>Dei.</strong></span> <span class='ocrx_word' id='word_1_50' title='bbox 1915 845 2152 901; x_wconf 85' lang='lat' dir='ltr'><strong>Accusat</strong></span> 
     </span>
    </p>
   </div>
   <div class='ocr_carea' id='block_1_10' title="bbox 575 935 2148 1022">
    <p class='ocr_par' dir='ltr' id='par_1_10' title="bbox 575 935 2148 1022">
     <span class='ocr_line' id='line_1_10' title="bbox 575 935 2148 1022; baseline -0.012 -14"><span class='ocrx_word' id='word_1_51' title='bbox 575 955 743 1022; x_wconf 80' lang='lat' dir='ltr'><strong>igitur</strong></span> <span class='ocrx_word' id='word_1_52' title='bbox 770 949 1011 1014; x_wconf 68' lang='lat' dir='ltr'><strong>Iudaeos,</strong></span> <span class='ocrx_word' id='word_1_53' title='bbox 1043 946 1135 1017; x_wconf 90' lang='lat' dir='ltr'><strong>qui</strong></span> <span class='ocrx_word' id='word_1_54' title='bbox 1167 947 1272 1000; x_wconf 90' lang='lat' dir='ltr'><strong>hoc</strong></span> <span class='ocrx_word' id='word_1_55' title='bbox 1295 943 1551 1006; x_wconf 86' lang='lat' dir='ltr'><strong>audeant,</strong></span> <span class='ocrx_word' id='word_1_56' title='bbox 1585 949 1640 998; x_wconf 87' lang='lat' dir='ltr'><strong>et</strong></span> <span class='ocrx_word' id='word_1_57' title='bbox 1677 939 1744 994; x_wconf 88' lang='lat' dir='ltr'><strong>ad</strong></span> <span class='ocrx_word' id='word_1_58' title='bbox 1774 937 1910 1009; x_wconf 83' lang='lat' dir='ltr'><strong>legis</strong></span> <span class='ocrx_word' id='word_1_59' title='bbox 1936 935 2148 1006; x_wconf 89' lang='lat' dir='ltr'><strong>baptis-</strong></span> 
     </span>
    </p>
   </div>
   <div class='ocr_carea' id='block_1_11' title="bbox 575 1028 2148 1107">
    <p class='ocr_par' dir='ltr' id='par_1_11' title="bbox 575 1028 2148 1107">
     <span class='ocr_line' id='line_1_11' title="bbox 575 1028 2148 1107; baseline -0.012 -7"><span class='ocrx_word' id='word_1_60' title='bbox 575 1055 722 1100; x_wconf 87' lang='lat' dir='ltr'><strong>tnata</strong></span> <span class='ocrx_word' id='word_1_61' title='bbox 739 1049 1105 1105; x_wconf 87' lang='lat' dir='ltr'><strong>revertuntur,</strong></span> <span class='ocrx_word' id='word_1_62' title='bbox 1124 1051 1246 1107; x_wconf 71' lang='lat' dir='ltr'><strong>qua:</strong></span> <span class='ocrx_word' id='word_1_63' title='bbox 1261 1036 1500 1089; x_wconf 87' lang='lat' dir='ltr'><strong>animam</strong></span> <span class='ocrx_word' id='word_1_64' title='bbox 1529 1031 1798 1088; x_wconf 91' lang='lat' dir='ltr'><strong>mundare</strong></span> <span class='ocrx_word' id='word_1_65' title='bbox 1817 1044 1925 1084; x_wconf 91' lang='lat' dir='ltr'><strong>non</strong></span> <span class='ocrx_word' id='word_1_66' title='bbox 1946 1028 2148 1092; x_wconf 84' lang='lat' dir='ltr'><strong>valent,</strong></span> 
     </span>
    </p>
   </div>
   <div class='ocr_carea' id='block_1_12' title="bbox 575 1123 2153 1204">
    <p class='ocr_par' dir='ltr' id='par_1_12' title="bbox 575 1123 2153 1204">
     <span class='ocr_line' id='line_1_12' title="bbox 575 1123 2153 1204; baseline -0.01 -16"><span class='ocrx_word' id='word_1_67' title='bbox 575 1134 808 1204; x_wconf 86' lang='lat' dir='ltr'><strong>ideoque</strong></span> <span class='ocrx_word' id='word_1_68' title='bbox 829 1131 961 1186; x_wconf 86' lang='lat' dir='ltr'><strong>dicit</strong></span> <span class='ocrx_word' id='word_1_69' title='bbox 986 1147 1000 1183; x_wconf 88' lang='lat'><strong>:</strong></span> <span class='ocrx_word' id='word_1_70' title='bbox 1029 1127 1162 1183; x_wconf 88' lang='lat' dir='ltr'><strong>Cum</strong></span> <span class='ocrx_word' id='word_1_71' title='bbox 1190 1125 1446 1180; x_wconf 72' lang='lat' dir='ltr'><strong>deberetis</strong></span> <span class='ocrx_word' id='word_1_72' title='bbox 1479 1123 1724 1193; x_wconf 77' lang='lat' dir='ltr'><strong>magistri</strong></span> <span class='ocrx_word' id='word_1_73' title='bbox 1772 1137 1884 1176; x_wconf 88' lang='lat' dir='ltr'><strong>esse</strong></span> <span class='ocrx_word' id='word_1_74' title='bbox 1936 1127 2153 1190; x_wconf 80' lang='lat' dir='ltr'><strong>propter</strong></span> 
     </span>
    </p>
   </div>
   <div class='ocr_carea' id='block_1_13' title="bbox 577 1209 2152 1292">
    <p class='ocr_par' dir='ltr' id='par_1_13' title="bbox 577 1209 2152 1292">
     <span class='ocr_line' id='line_1_13' title="bbox 577 1209 2152 1292; baseline -0.009 -17"><span class='ocrx_word' id='word_1_75' title='bbox 577 1235 797 1292; x_wconf 75' lang='lat' dir='ltr'><strong>tempus,</strong></span> <span class='ocrx_word' id='word_1_76' title='bbox 826 1234 1040 1273; x_wconf 81' lang='lat' dir='ltr'><strong>rursum</strong></span> <span class='ocrx_word' id='word_1_77' title='bbox 1084 1216 1330 1286; x_wconf 83' lang='lat' dir='ltr'><strong>indigetis</strong></span> <span class='ocrx_word' id='word_1_78' title='bbox 1359 1222 1414 1267; x_wconf 90' lang='lat' dir='ltr'><strong>ut</strong></span> <span class='ocrx_word' id='word_1_79' title='bbox 1439 1229 1528 1268; x_wconf 85' lang='lat' dir='ltr'><strong>vos</strong></span> <span class='ocrx_word' id='word_1_80' title='bbox 1577 1211 1874 1266; x_wconf 84' lang='lat' dir='ltr'><strong>doceamini</strong></span> <span class='ocrx_word' id='word_1_81' title='bbox 1901 1226 2019 1280; x_wconf 80' lang='lat' dir='ltr'><strong>qua:</strong></span> <span class='ocrx_word' id='word_1_82' title='bbox 2046 1209 2152 1263; x_wconf 88' lang='lat' dir='ltr'><strong>sint</strong></span> 
     </span>
    </p>
   </div>
   <div class='ocr_carea' id='block_1_14' title="bbox 573 1302 2147 1369">
    <p class='ocr_par' dir='ltr' id='par_1_14' title="bbox 573 1302 2147 1369">
     <span class='ocr_line' id='line_1_14' title="bbox 573 1302 2147 1369; baseline -0.011 0"><span class='ocrx_word' id='word_1_83' title='bbox 573 1315 829 1369; x_wconf 76' lang='lat' dir='ltr'><strong>elementa</strong></span> <span class='ocrx_word' id='word_1_84' title='bbox 860 1309 1067 1364; x_wconf 71' lang='lat' dir='ltr'><strong>exordii</strong></span> <span class='ocrx_word' id='word_1_85' title='bbox 1088 1324 1386 1363; x_wconf 83' lang='lat' dir='ltr'><strong>sermonum</strong></span> <span class='ocrx_word' id='word_1_86' title='bbox 1411 1306 1509 1360; x_wconf 88' lang='lat' dir='ltr'><strong>Dei</strong></span> <span class='ocrx_word' id='word_1_87' title='bbox 1532 1314 1584 1366; x_wconf 83' lang='grc' dir='ltr'><strong>ιι,</strong></span> <span class='ocrx_word' id='word_1_88' title='bbox 1606 1315 1712 1359; x_wconf 87' lang='lat' dir='ltr'><strong>etc.</strong></span> <span class='ocrx_word' id='word_1_89' title='bbox 1738 1302 2011 1357; x_wconf 84' lang='lat' dir='ltr'><strong>Etementa</strong></span> <span class='ocrx_word' id='word_1_90' title='bbox 2045 1315 2147 1354; x_wconf 86' lang='lat' dir='ltr'><strong>au-</strong></span> 
     </span>
    </p>
   </div>
   <div class='ocr_carea' id='block_1_15' title="bbox 567 1396 2152 1468">
    <p class='ocr_par' dir='ltr' id='par_1_15' title="bbox 567 1396 2152 1468">
     <span class='ocr_line' id='line_1_15' title="bbox 567 1396 2152 1468; baseline -0.01 -6"><span class='ocrx_word' id='word_1_91' title='bbox 567 1414 686 1462; x_wconf 71' lang='lat' dir='ltr'><strong>tem</strong></span> <span class='ocrx_word' id='word_1_92' title='bbox 711 1402 918 1460; x_wconf 73' lang='lat' dir='ltr'><strong>exordii</strong></span> <span class='ocrx_word' id='word_1_93' title='bbox 943 1403 1200 1458; x_wconf 85' lang='lat' dir='ltr'><strong>sermonis</strong></span> <span class='ocrx_word' id='word_1_94' title='bbox 1226 1401 1322 1456; x_wconf 87' lang='lat' dir='ltr'><strong>Dei</strong></span> <span class='ocrx_word' id='word_1_95' title='bbox 1347 1409 1432 1455; x_wconf 89' lang='lat' dir='ltr'><strong>est</strong></span> <span class='ocrx_word' id='word_1_96' title='bbox 1451 1399 1543 1454; x_wconf 90' lang='lat' dir='ltr'><strong>Dei</strong></span> <span class='ocrx_word' id='word_1_97' title='bbox 1574 1396 1811 1468; x_wconf 83' lang='lat' dir='ltr'><strong>cognitio</strong></span> <span class='ocrx_word' id='word_1_98' title='bbox 1838 1413 1853 1451; x_wconf 88' lang='lat'><strong>:</strong></span> <span class='ocrx_word' id='word_1_99' title='bbox 1878 1403 1960 1459; x_wconf 90' lang='lat' dir='ltr'><strong>ut,</strong></span> <span class='ocrx_word' id='word_1_100' title='bbox 1987 1407 2152 1462; x_wconf 82' lang='lat' dir='ltr'><strong>opor-</strong></span> 
     </span>
    </p>
   </div>
   <div class='ocr_carea' id='block_1_16' title="bbox 563 1487 2155 1559">
    <p class='ocr_par' dir='ltr' id='par_1_16' title="bbox 563 1487 2155 1559">
     <span class='ocr_line' id='line_1_16' title="bbox 563 1487 2155 1559; baseline -0.009 -8"><span class='ocrx_word' id='word_1_101' title='bbox 563 1504 654 1551; x_wconf 69' lang='lat' dir='ltr'><strong>tet</strong></span> <span class='ocrx_word' id='word_1_102' title='bbox 680 1494 1009 1551; x_wconf 87' lang='lat' dir='ltr'><strong>accedentes</strong></span> <span class='ocrx_word' id='word_1_103' title='bbox 1031 1492 1098 1548; x_wconf 88' lang='lat' dir='ltr'><strong>ad</strong></span> <span class='ocrx_word' id='word_1_104' title='bbox 1123 1492 1403 1548; x_wconf 87' lang='lat' dir='ltr'><strong>Christum</strong></span> <span class='ocrx_word' id='word_1_105' title='bbox 1435 1491 1672 1559; x_wconf 90' lang='lat' dir='ltr'><strong>primum</strong></span> <span class='ocrx_word' id='word_1_106' title='bbox 1696 1487 1935 1559; x_wconf 84' lang='lat' dir='ltr'><strong>peccatis</strong></span> <span class='ocrx_word' id='word_1_107' title='bbox 1952 1498 2155 1539; x_wconf 87' lang='lat' dir='ltr'><strong>renun-</strong></span> 
     </span>
    </p>
   </div>
   <div class='ocr_carea' id='block_1_17' title="bbox 564 1574 2155 1657">
    <p class='ocr_par' dir='ltr' id='par_1_17' title="bbox 564 1574 2155 1657">
     <span class='ocr_line' id='line_1_17' title="bbox 564 1574 2155 1657; baseline -0.009 -14"><span class='ocrx_word' id='word_1_108' title='bbox 564 1588 736 1652; x_wconf 57' lang='lat' dir='ltr'><strong>tiare,</strong></span> <span class='ocrx_word' id='word_1_109' title='bbox 766 1586 966 1657; x_wconf 87' lang='lat' dir='ltr'><strong>quibus</strong></span> <span class='ocrx_word' id='word_1_110' title='bbox 991 1583 1536 1653; x_wconf 85' lang='lat' dir='ltr'><strong>constringebantur,</strong></span> <span class='ocrx_word' id='word_1_111' title='bbox 1580 1581 1684 1635; x_wconf 89' lang='lat' dir='ltr'><strong>hoc</strong></span> <span class='ocrx_word' id='word_1_112' title='bbox 1721 1581 1818 1634; x_wconf 85' lang='lat' dir='ltr'><strong>est&#39;</strong></span> <span class='ocrx_word' id='word_1_113' title='bbox 1842 1575 2054 1646; x_wconf 90' lang='lat' dir='ltr'><strong>sejungi</strong></span> <span class='ocrx_word' id='word_1_114' title='bbox 2085 1574 2155 1628; x_wconf 86' lang='lat' dir='ltr'><strong>ab</strong></span> 
     </span>
    </p>
   </div>
   <div class='ocr_carea' id='block_1_18' title="bbox 477 1667 2153 1749">
    <p class='ocr_par' dir='ltr' id='par_1_18' title="bbox 477 1667 2153 1749">
     <span class='ocr_line' id='line_1_18' title="bbox 477 1667 2153 1749; baseline -0.008 -15"><span class='ocrx_word' id='word_1_115' title='bbox 477 1669 483 1683; x_wconf 90' lang='grc'><em>’</em></span> <span class='ocrx_word' id='word_1_116' title='bbox 566 1678 837 1749; x_wconf 66' lang='lat' dir='ltr'><strong>operibus</strong></span> <span class='ocrx_word' id='word_1_117' title='bbox 865 1676 1122 1732; x_wconf 88' lang='lat' dir='ltr'><strong>mortuis.</strong></span> <span class='ocrx_word' id='word_1_118' title='bbox 1154 1673 1408 1728; x_wconf 91' lang='lat' dir='ltr'><strong>Secundo</strong></span> <span class='ocrx_word' id='word_1_119' title='bbox 1440 1670 1868 1741; x_wconf 86' lang='lat' dir='ltr'><strong>redemptionem</strong></span> <span class='ocrx_word' id='word_1_120' title='bbox 1905 1667 2153 1737; x_wconf 87' lang='lat' dir='ltr'><strong>priorum</strong></span> 
     </span>
    </p>
   </div>
   <div class='ocr_carea' id='block_1_19' title="bbox 572 1758 2155 1849">
    <p class='ocr_par' dir='ltr' id='par_1_19' title="bbox 572 1758 2155 1849">
     <span class='ocr_line' id='line_1_19' title="bbox 572 1758 2155 1849; baseline -0.009 -23"><span class='ocrx_word' id='word_1_121' title='bbox 572 1780 930 1849; x_wconf 75' lang='lat' dir='ltr'><strong>peccatorum</strong></span> <span class='ocrx_word' id='word_1_122' title='bbox 951 1784 1050 1839; x_wconf 87' lang='lat' dir='ltr'><strong>per</strong></span> <span class='ocrx_word' id='word_1_123' title='bbox 1069 1765 1406 1836; x_wconf 84' lang='lat' dir='ltr'><strong>baptismum</strong></span> <span class='ocrx_word' id='word_1_124' title='bbox 1435 1763 1708 1832; x_wconf 85' lang='lat' dir='ltr'><strong>accipere,</strong></span> <span class='ocrx_word' id='word_1_125' title='bbox 1739 1771 1794 1816; x_wconf 83' lang='lat' dir='ltr'><strong>et</strong></span> <span class='ocrx_word' id='word_1_126' title='bbox 1828 1763 1930 1815; x_wconf 90' lang='lat' dir='ltr'><strong>hoc</strong></span> <span class='ocrx_word' id='word_1_127' title='bbox 1961 1759 2016 1813; x_wconf 92' lang='lat' dir='ltr'><strong>in</strong></span> <span class='ocrx_word' id='word_1_128' title='bbox 2051 1758 2155 1813; x_wconf 85' lang='lat' dir='ltr'><strong>tide</strong></span> 
     </span>
    </p>
   </div>
   <div class='ocr_carea' id='block_1_20' title="bbox 579 1847 2152 1933">
    <p class='ocr_par' dir='ltr' id='par_1_20' title="bbox 579 1847 2152 1933">
     <span class='ocr_line' id='line_1_20' title="bbox 579 1847 2152 1933; baseline -0.01 -15"><span class='ocrx_word' id='word_1_129' title='bbox 579 1847 912 1933; x_wconf 84' lang='lat' dir='ltr'><strong>recipientes</strong></span> <span class='ocrx_word' id='word_1_130' title='bbox 965 1858 1268 1914; x_wconf 86' lang='lat' dir='ltr'><strong>doctrinam</strong></span> <span class='ocrx_word' id='word_1_131' title='bbox 1301 1856 1535 1911; x_wconf 89' lang='lat' dir='ltr'><strong>discere.</strong></span> <span class='ocrx_word' id='word_1_132' title='bbox 1567 1854 1710 1920; x_wconf 86' lang='lat' dir='ltr'><strong>Quid</strong></span> <span class='ocrx_word' id='word_1_133' title='bbox 1756 1852 2018 1906; x_wconf 87' lang='lat' dir='ltr'><strong>nimirum</strong></span> <span class='ocrx_word' id='word_1_134' title='bbox 2051 1847 2152 1904; x_wconf 88' lang='lat' dir='ltr'><strong>Ju-</strong></span> 
     </span>
    </p>
   </div>
   <div class='ocr_carea' id='block_1_21' title="bbox 579 1943 2157 2020">
    <p class='ocr_par' dir='ltr' id='par_1_21' title="bbox 579 1943 2157 2020">
     <span class='ocr_line' id='line_1_21' title="bbox 579 1943 2157 2020; baseline -0.009 -12"><span class='ocrx_word' id='word_1_135' title='bbox 579 1954 798 2008; x_wconf 89' lang='lat' dir='ltr'><strong>daicum</strong></span> <span class='ocrx_word' id='word_1_136' title='bbox 831 1949 1030 2016; x_wconf 82' lang='lat' dir='ltr'><strong>fuerit,</strong></span> <span class='ocrx_word' id='word_1_137' title='bbox 1065 1947 1196 2020; x_wconf 90' lang='lat' dir='ltr'><strong>quid</strong></span> <span class='ocrx_word' id='word_1_138' title='bbox 1237 1961 1367 2002; x_wconf 88' lang='lat' dir='ltr'><strong>vero</strong></span> <span class='ocrx_word' id='word_1_139' title='bbox 1404 1945 1690 2001; x_wconf 89' lang='lat' dir='ltr'><strong>salutare?</strong></span> <span class='ocrx_word' id='word_1_140' title='bbox 1741 1943 1979 2004; x_wconf 87' lang='lat' dir='ltr'><strong>Deinde,</strong></span> <span class='ocrx_word' id='word_1_141' title='bbox 2034 1956 2157 2012; x_wconf 58' lang='lat' dir='ltr'><strong>pro.-</strong></span> 
     </span>
    </p>
   </div>
   <div class='ocr_carea' id='block_1_22' title="bbox 575 2033 2155 2118">
    <p class='ocr_par' dir='ltr' id='par_1_22' title="bbox 575 2033 2155 2118">
     <span class='ocr_line' id='line_1_22' title="bbox 575 2033 2155 2118; baseline -0.008 -19"><span class='ocrx_word' id='word_1_142' title='bbox 575 2046 860 2118; x_wconf 79' lang='lat' dir='ltr'><strong>gressione</strong></span> <span class='ocrx_word' id='word_1_143' title='bbox 891 2041 1056 2106; x_wconf 82' lang='lat' dir='ltr'><strong>facta,</strong></span> <span class='ocrx_word' id='word_1_144' title='bbox 1090 2041 1285 2109; x_wconf 85' lang='lat' dir='ltr'><strong>dignos</strong></span> <span class='ocrx_word' id='word_1_145' title='bbox 1317 2036 1470 2094; x_wconf 86' lang='lat' dir='ltr'><strong>reddi</strong></span> <span class='ocrx_word' id='word_1_146' title='bbox 1502 2037 1736 2092; x_wconf 89' lang='lat' dir='ltr'><strong>adventu</strong></span> <span class='ocrx_word' id='word_1_147' title='bbox 1769 2035 1949 2090; x_wconf 87' lang='lat' dir='ltr'><strong>sancti</strong></span> <span class='ocrx_word' id='word_1_148' title='bbox 1980 2033 2155 2104; x_wconf 87' lang='lat' dir='ltr'><strong>Spiri—</strong></span> 
     </span>
    </p>
   </div>
   <div class='ocr_carea' id='block_1_23' title="bbox 579 2122 2154 2203">
    <p class='ocr_par' dir='ltr' id='par_1_23' title="bbox 579 2122 2154 2203">
     <span class='ocr_line' id='line_1_23' title="bbox 579 2122 2154 2203; baseline -0.01 -13"><span class='ocrx_word' id='word_1_149' title='bbox 579 2147 704 2199; x_wconf 86' lang='lat' dir='ltr'><strong>tus,</strong></span> <span class='ocrx_word' id='word_1_150' title='bbox 752 2133 880 2203; x_wconf 87' lang='lat' dir='ltr'><strong>quid</strong></span> <span class='ocrx_word' id='word_1_151' title='bbox 916 2146 1012 2202; x_wconf 89' lang='lat' dir='ltr'><strong>per</strong></span> <span class='ocrx_word' id='word_1_152' title='bbox 1049 2127 1454 2198; x_wconf 89' lang='lat' dir='ltr'><strong>impositionem</strong></span> <span class='ocrx_word' id='word_1_153' title='bbox 1488 2141 1749 2181; x_wconf 88' lang='lat' dir='ltr'><strong>manuum</strong></span> <span class='ocrx_word' id='word_1_154' title='bbox 1781 2122 2154 2194; x_wconf 87' lang='lat' dir='ltr'><strong>apostolorum</strong></span> 
     </span>
    </p>
   </div>
   <div class='ocr_carea' id='block_1_24' title="bbox 543 2215 2153 2296">
    <p class='ocr_par' dir='ltr' id='par_1_24' title="bbox 543 2215 2153 2296">
     <span class='ocr_line' id='line_1_24' title="bbox 543 2215 2153 2296; baseline -0.012 -11"><span class='ocrx_word' id='word_1_155' title='bbox 543 2285 550 2292; x_wconf 78' lang='grc'><strong>,</strong></span> <span class='ocrx_word' id='word_1_156' title='bbox 579 2230 763 2294; x_wconf 80' lang='lat' dir='ltr'><strong>ﬁebat,</strong></span> <span class='ocrx_word' id='word_1_157' title='bbox 783 2226 1078 2296; x_wconf 90' lang='lat' dir='ltr'><strong>docerique</strong></span> <span class='ocrx_word' id='word_1_158' title='bbox 1097 2222 1287 2294; x_wconf 69' lang='lat'><strong>539!)</strong></span> <span class='ocrx_word' id='word_1_159' title='bbox 1307 2229 1650 2276; x_wconf 87' lang='lat' dir='ltr'><strong>mortuorum</strong></span> <span class='ocrx_word' id='word_1_160' title='bbox 1674 2215 2153 2280; x_wconf 87' lang='lat' dir='ltr'><strong>resurrectionem,</strong></span> 
     </span>
    </p>
   </div>
   <div class='ocr_carea' id='block_1_25' title="bbox 577 2305 2155 2388">
    <p class='ocr_par' dir='ltr' id='par_1_25' title="bbox 577 2305 2155 2388">
     <span class='ocr_line' id='line_1_25' title="bbox 577 2305 2155 2388; baseline -0.012 -12"><span class='ocrx_word' id='word_1_161' title='bbox 577 2336 644 2376; x_wconf 87' lang='lat' dir='ltr'><strong>ac</strong></span> <span class='ocrx_word' id='word_1_162' title='bbox 670 2319 918 2376; x_wconf 80' lang='lat' dir='ltr'><strong>futurum</strong></span> <span class='ocrx_word' id='word_1_163' title='bbox 964 2315 1257 2388; x_wconf 83' lang='lat' dir='ltr'><strong>judicium.</strong></span> <span class='ocrx_word' id='word_1_164' title='bbox 1286 2311 1413 2368; x_wconf 82' lang='lat' dir='ltr'><strong>llaec</strong></span> <span class='ocrx_word' id='word_1_165' title='bbox 1457 2311 1626 2382; x_wconf 86' lang='lat' dir='ltr'><strong>igitur</strong></span> <span class='ocrx_word' id='word_1_166' title='bbox 1656 2309 1909 2364; x_wconf 87' lang='lat' dir='ltr'><strong>doctrina</strong></span> <span class='ocrx_word' id='word_1_167' title='bbox 1941 2305 2155 2362; x_wconf 87' lang='lat' dir='ltr'><strong>initium</strong></span> 
     </span>
    </p>
   </div>
   <div class='ocr_carea' id='block_1_26' title="bbox 578 2397 2158 2483">
    <p class='ocr_par' dir='ltr' id='par_1_26' title="bbox 578 2397 2158 2483">
     <span class='ocr_line' id='line_1_26' title="bbox 578 2397 2158 2483; baseline -0.009 -17"><span class='ocrx_word' id='word_1_168' title='bbox 578 2412 886 2483; x_wconf 72' lang='lat' dir='ltr'><strong>disciplinae</strong></span> <span class='ocrx_word' id='word_1_169' title='bbox 936 2406 1278 2464; x_wconf 87' lang='lat' dir='ltr'><strong>credentium</strong></span> <span class='ocrx_word' id='word_1_170' title='bbox 1334 2411 1440 2458; x_wconf 86' lang='lat' dir='ltr'><strong>est.</strong></span> <span class='ocrx_word' id='word_1_171' title='bbox 1497 2402 1674 2468; x_wconf 87' lang='lat' dir='ltr'><strong>Quam</strong></span> <span class='ocrx_word' id='word_1_172' title='bbox 1717 2415 1842 2455; x_wconf 92' lang='lat' dir='ltr'><strong>cum</strong></span> <span class='ocrx_word' id='word_1_173' title='bbox 1882 2415 1914 2454; x_wconf 90' lang='lat' dir='ltr'><strong>a</strong></span> <span class='ocrx_word' id='word_1_174' title='bbox 1953 2397 2158 2454; x_wconf 64' lang='lat' dir='ltr'><strong>ludatis</strong></span> 
     </span>
    </p>
   </div>
   <div class='ocr_carea' id='block_1_27' title="bbox 581 2489 2157 2569">
    <p class='ocr_par' dir='ltr' id='par_1_27' title="bbox 581 2489 2157 2569">
     <span class='ocr_line' id='line_1_27' title="bbox 581 2489 2157 2569; baseline -0.008 -13"><span class='ocrx_word' id='word_1_175' title='bbox 581 2501 795 2556; x_wconf 89' lang='lat' dir='ltr'><strong>oriundi</strong></span> <span class='ocrx_word' id='word_1_176' title='bbox 830 2498 1157 2569; x_wconf 85' lang='lat' dir='ltr'><strong>receperint,</strong></span> <span class='ocrx_word' id='word_1_177' title='bbox 1195 2505 1251 2552; x_wconf 90' lang='lat' dir='ltr'><strong>et</strong></span> <span class='ocrx_word' id='word_1_178' title='bbox 1301 2503 1580 2566; x_wconf 84' lang='lat' dir='ltr'><strong>receptam</strong></span> <span class='ocrx_word' id='word_1_179' title='bbox 1637 2493 1775 2546; x_wconf 88' lang='lat' dir='ltr'><strong>alios</strong></span> <span class='ocrx_word' id='word_1_180' title='bbox 1819 2491 2016 2546; x_wconf 88' lang='lat' dir='ltr'><strong>docere</strong></span> <span class='ocrx_word' id='word_1_181' title='bbox 2059 2489 2157 2543; x_wconf 87' lang='lat' dir='ltr'><strong>de-</strong></span> 
     </span>
    </p>
   </div>
   <div class='ocr_carea' id='block_1_28' title="bbox 581 2581 2156 2662">
    <p class='ocr_par' dir='ltr' id='par_1_28' title="bbox 581 2581 2156 2662">
     <span class='ocr_line' id='line_1_28' title="bbox 581 2581 2156 2662; baseline -0.008 -14"><span class='ocrx_word' id='word_1_182' title='bbox 581 2595 814 2659; x_wconf 88' lang='lat' dir='ltr'><strong>buerim,</strong></span> <span class='ocrx_word' id='word_1_183' title='bbox 831 2592 1018 2649; x_wconf 88' lang='lat' dir='ltr'><strong>etillos</strong></span> <span class='ocrx_word' id='word_1_184' title='bbox 1034 2589 1304 2662; x_wconf 82' lang='lat' dir='ltr'><strong>perfectos</strong></span> <span class='ocrx_word' id='word_1_185' title='bbox 1321 2588 1568 2651; x_wconf 88' lang='lat' dir='ltr'><strong>reddere,</strong></span> <span class='ocrx_word' id='word_1_186' title='bbox 1588 2586 1694 2656; x_wconf 92' lang='lat' dir='ltr'><strong>ipsi</strong></span> <span class='ocrx_word' id='word_1_187' title='bbox 1727 2592 1919 2638; x_wconf 90' lang='lat' dir='ltr'><strong>contra</strong></span> <span class='ocrx_word' id='word_1_188' title='bbox 1963 2581 2156 2636; x_wconf 89' lang='lat' dir='ltr'><strong>iterum</strong></span> 
     </span>
    </p>
   </div>
   <div class='ocr_carea' id='block_1_29' title="bbox 582 2674 2156 2756">
    <p class='ocr_par' dir='ltr' id='par_1_29' title="bbox 582 2674 2156 2756">
     <span class='ocr_line' id='line_1_29' title="bbox 582 2674 2156 2756; baseline -0.007 -16"><span class='ocrx_word' id='word_1_189' title='bbox 582 2684 868 2756; x_wconf 88' lang='lat' dir='ltr'><strong>disciplina</strong></span> <span class='ocrx_word' id='word_1_190' title='bbox 902 2685 1168 2754; x_wconf 83' lang='lat' dir='ltr'><strong>indigent.</strong></span> <span class='ocrx_word' id='word_1_191' title='bbox 1203 2679 1622 2744; x_wconf 80' lang='lat' dir='ltr'><strong>Verumtamen,</strong></span> <span class='ocrx_word' id='word_1_192' title='bbox 1647 2676 1848 2746; x_wconf 89' lang='lat' dir='ltr'><strong>inquit,</strong></span> <span class='ocrx_word' id='word_1_193' title='bbox 1873 2676 1979 2730; x_wconf 88' lang='lat' dir='ltr'><strong>etsi</strong></span> <span class='ocrx_word' id='word_1_194' title='bbox 2019 2674 2156 2729; x_wconf 88' lang='lat' dir='ltr'><strong>tales</strong></span> 
     </span>
    </p>
   </div>
   <div class='ocr_carea' id='block_1_30' title="bbox 2187 1822 2226 1876">
    <p class='ocr_par' dir='ltr' id='par_1_30' title="bbox 2187 1822 2226 1876">
     <span class='ocr_line' id='line_1_30' title="bbox 2187 1822 2226 1876; baseline 0 0"><span class='ocrx_word' id='word_1_195' title='bbox 2187 1822 2226 1876; x_wconf 83' lang='grc' dir='ltr'><strong>Β</strong></span> 
     </span>
    </p>
   </div>
   <div class='ocr_carea' id='block_1_31' title="bbox 2244 560 3777 641">
    <p class='ocr_par' dir='ltr' id='par_1_31' title="bbox 2244 560 3777 641">
     <span class='ocr_line' id='line_1_31' title="bbox 2244 560 3777 641; baseline -0.005 -16"><span class='ocrx_word' id='word_1_196' title='bbox 2244 567 2569 639; x_wconf 77' lang='grc' dir='ltr'>,βαπτισμῷ</span> <span class='ocrx_word' id='word_1_197' title='bbox 2591 567 2690 622; x_wconf 79' lang='grc' dir='ltr'>καὶ</span> <span class='ocrx_word' id='word_1_198' title='bbox 2721 563 3200 636; x_wconf 79' lang='grc' dir='ltr'>συνητέρθημεν.</span> <span class='ocrx_word' id='word_1_199' title='bbox 3251 561 3312 614; x_wconf 86' lang='grc' dir='ltr'>Ὀ</span> <span class='ocrx_word' id='word_1_200' title='bbox 3340 560 3469 630; x_wconf 87' lang='grc' dir='ltr'>γοῦν</span> <span class='ocrx_word' id='word_1_201' title='bbox 3501 563 3665 636; x_wconf 77' lang='grc' dir='ltr'>ζητῶν</span> <span class='ocrx_word' id='word_1_202' title='bbox 3692 590 3777 641; x_wconf 59' lang='lat' dir='ltr'><strong>eo-</strong></span> 
     </span>
    </p>
   </div>
   <div class='ocr_carea' id='block_1_32' title="bbox 2249 651 3778 732">
    <p class='ocr_par' dir='ltr' id='par_1_32' title="bbox 2249 651 3778 732">
     <span class='ocr_line' id='line_1_32' title="bbox 2249 651 3778 732; baseline 0.001 -17"><span class='ocrx_word' id='word_1_203' title='bbox 2249 661 2465 716; x_wconf 81' lang='grc' dir='ltr'>λάττειν</span> <span class='ocrx_word' id='word_1_204' title='bbox 2484 660 2555 714; x_wconf 78' lang='grc' dir='ltr'>τὰ</span> <span class='ocrx_word' id='word_1_205' title='bbox 2582 656 2786 730; x_wconf 86' lang='grc' dir='ltr'>νομικά</span> <span class='ocrx_word' id='word_1_206' title='bbox 2818 656 3172 728; x_wconf 87' lang='grc' dir='ltr'>βαπτίσματα</span> <span class='ocrx_word' id='word_1_207' title='bbox 3204 651 3326 726; x_wconf 78' lang='grc'><strong>[881</strong></span> <span class='ocrx_word' id='word_1_208' title='bbox 3367 652 3460 728; x_wconf 83' lang='grc' dir='ltr'><strong>Η.]</strong></span> <span class='ocrx_word' id='word_1_209' title='bbox 3485 656 3778 732; x_wconf 85' lang='grc' dir='ltr'>ἀνασταυροῖ</span> 
     </span>
    </p>
   </div>
   <div class='ocr_carea' id='block_1_33' title="bbox 2250 746 3780 820">
    <p class='ocr_par' dir='ltr' id='par_1_33' title="bbox 2250 746 3780 820">
     <span class='ocr_line' id='line_1_33' title="bbox 2250 746 3780 820; baseline -0.001 -13"><span class='ocrx_word' id='word_1_210' title='bbox 2250 753 2340 807; x_wconf 80' lang='grc' dir='ltr'><strong>τὸν</strong></span> <span class='ocrx_word' id='word_1_211' title='bbox 2374 753 2502 806; x_wconf 79' lang='grc' dir='ltr'><strong>Υἱὸν</strong></span> <span class='ocrx_word' id='word_1_212' title='bbox 2531 751 2624 804; x_wconf 90' lang='grc' dir='ltr'><strong>τοῦ</strong></span> <span class='ocrx_word' id='word_1_213' title='bbox 2670 748 2809 804; x_wconf 83' lang='grc' dir='ltr'>Θεοῦ</span> <span class='ocrx_word' id='word_1_214' title='bbox 2852 749 2949 804; x_wconf 75' lang='grc' dir='ltr'><strong>καὶ</strong></span> <span class='ocrx_word' id='word_1_215' title='bbox 2994 746 3484 818; x_wconf 76' lang='grc' dir='ltr'>παραδειγματίζει</span> <span class='ocrx_word' id='word_1_216' title='bbox 3529 749 3614 801; x_wconf 83' lang='grc' dir='ltr'><strong>τὸν</strong></span> <span class='ocrx_word' id='word_1_217' title='bbox 3657 751 3780 820; x_wconf 72' lang='grc' dir='ltr'>ἅπαξ</span> 
     </span>
    </p>
   </div>
   <div class='ocr_carea' id='block_1_34' title="bbox 2253 838 3784 916">
    <p class='ocr_par' dir='ltr' id='par_1_34' title="bbox 2253 838 3784 916">
     <span class='ocr_line' id='line_1_34' title="bbox 2253 838 3784 916; baseline -0.001 -18"><span class='ocrx_word' id='word_1_218' title='bbox 2253 844 2658 916; x_wconf 82' lang='grc' dir='ltr'><strong>σταυρωθέντα.</strong></span> <span class='ocrx_word' id='word_1_219' title='bbox 2707 842 2775 897; x_wconf 82' lang='lat' dir='ltr'><strong>Et</strong></span> <span class='ocrx_word' id='word_1_220' title='bbox 2797 843 2842 896; x_wconf 86' lang='grc' dir='ltr'>δ’</span> <span class='ocrx_word' id='word_1_221' title='bbox 2870 838 2940 914; x_wconf 80' lang='grc' dir='ltr'>ἦν</span> <span class='ocrx_word' id='word_1_222' title='bbox 2969 841 3140 895; x_wconf 83' lang='grc' dir='ltr'>πλείω</span> <span class='ocrx_word' id='word_1_223' title='bbox 3170 839 3539 912; x_wconf 84' lang='grc' dir='ltr'>βαπτίσματα,</span> <span class='ocrx_word' id='word_1_224' title='bbox 3574 841 3672 895; x_wconf 75' lang='grc' dir='ltr'>ἔδει</span> <span class='ocrx_word' id='word_1_225' title='bbox 3703 847 3784 900; x_wconf 76' lang='grc' dir='ltr'>καὶ</span> 
     </span>
    </p>
   </div>
   <div class='ocr_carea' id='block_1_35' title="bbox 2249 929 3783 1006">
    <p class='ocr_par' dir='ltr' id='par_1_35' title="bbox 2249 929 3783 1006">
     <span class='ocr_line' id='line_1_35' title="bbox 2249 929 3783 1006; baseline -0.002 -17"><span class='ocrx_word' id='word_1_226' title='bbox 2249 936 2341 989; x_wconf 83' lang='grc' dir='ltr'><strong>τὸν</strong></span> <span class='ocrx_word' id='word_1_227' title='bbox 2371 935 2609 1006; x_wconf 83' lang='grc' dir='ltr'>Χριστὸν</span> <span class='ocrx_word' id='word_1_228' title='bbox 2643 933 2906 996; x_wconf 83' lang='grc' dir='ltr'><strong>πολλάκις</strong></span> <span class='ocrx_word' id='word_1_229' title='bbox 2927 931 3142 986; x_wconf 81' lang='grc' dir='ltr'>παθεῖν.</span> <span class='ocrx_word' id='word_1_230' title='bbox 3179 930 3320 985; x_wconf 75' lang='grc' dir='ltr'>Νυνὶ</span> <span class='ocrx_word' id='word_1_231' title='bbox 3360 930 3418 983; x_wconf 88' lang='grc' dir='ltr'>δὲ</span> <span class='ocrx_word' id='word_1_232' title='bbox 3442 929 3581 997; x_wconf 76' lang='grc' dir='ltr'>ἅπαξ</span> <span class='ocrx_word' id='word_1_233' title='bbox 3604 950 3783 986; x_wconf 81' lang='grc' dir='ltr'>πεπον-</span> 
     </span>
    </p>
   </div>
   <div class='ocr_carea' id='block_1_36' title="bbox 2253 1017 3784 1094">
    <p class='ocr_par' dir='ltr' id='par_1_36' title="bbox 2253 1017 3784 1094">
     <span class='ocr_line' id='line_1_36' title="bbox 2253 1017 3784 1094; baseline -0.005 -15"><span class='ocrx_word' id='word_1_234' title='bbox 2253 1024 2362 1089; x_wconf 87' lang='grc' dir='ltr'><strong>θὼς</strong></span> <span class='ocrx_word' id='word_1_235' title='bbox 2394 1026 2493 1079; x_wconf 76' lang='grc' dir='ltr'><strong>οὐκ</strong></span> <span class='ocrx_word' id='word_1_236' title='bbox 2513 1025 2595 1088; x_wconf 83' lang='grc' dir='ltr'><strong>είς</strong></span> <span class='ocrx_word' id='word_1_237' title='bbox 2623 1023 2978 1094; x_wconf 76' lang='grc' dir='ltr'><strong>χειροποίητα</strong></span> <span class='ocrx_word' id='word_1_238' title='bbox 3004 1020 3136 1089; x_wconf 73' lang='grc' dir='ltr'>ἅγια</span> <span class='ocrx_word' id='word_1_239' title='bbox 3159 1017 3431 1082; x_wconf 79' lang='grc' dir='ltr'>εἰσῆλθεν,</span> <span class='ocrx_word' id='word_1_240' title='bbox 3457 1018 3566 1071; x_wconf 77' lang='grc' dir='ltr'>ἀλλ’</span> <span class='ocrx_word' id='word_1_241' title='bbox 3613 1021 3684 1082; x_wconf 77' lang='grc' dir='ltr'><strong>εἰς</strong></span> <span class='ocrx_word' id='word_1_242' title='bbox 3706 1022 3784 1072; x_wconf 79' lang='grc' dir='ltr'>αὑ-</span> 
     </span>
    </p>
   </div>
   <div class='ocr_carea' id='block_1_37' title="bbox 2251 1107 3784 1188">
    <p class='ocr_par' dir='ltr' id='par_1_37' title="bbox 2251 1107 3784 1188">
     <span class='ocr_line' id='line_1_37' title="bbox 2251 1107 3784 1188; baseline -0.005 -18"><span class='ocrx_word' id='word_1_243' title='bbox 2251 1117 2343 1173; x_wconf 81' lang='grc' dir='ltr'>τὸν</span> <span class='ocrx_word' id='word_1_244' title='bbox 2365 1118 2458 1172; x_wconf 82' lang='grc' dir='ltr'><strong>τὸν</strong></span> <span class='ocrx_word' id='word_1_245' title='bbox 2481 1117 2732 1188; x_wconf 75' lang='grc' dir='ltr'>οὐρανὸν,</span> <span class='ocrx_word' id='word_1_246' title='bbox 2761 1114 2858 1168; x_wconf 92' lang='grc' dir='ltr'><strong>νῦν</strong></span> <span class='ocrx_word' id='word_1_247' title='bbox 2887 1110 3288 1184; x_wconf 73' lang='grc' dir='ltr'><strong>ἐμφανισθῆναι</strong></span> <span class='ocrx_word' id='word_1_248' title='bbox 3317 1107 3391 1178; x_wconf 81' lang='grc' dir='ltr'>τῷ</span> <span class='ocrx_word' id='word_1_249' title='bbox 3421 1109 3679 1178; x_wconf 83' lang='grc' dir='ltr'><strong>προσώπῳ</strong></span> <span class='ocrx_word' id='word_1_250' title='bbox 3707 1111 3784 1163; x_wconf 86' lang='grc' dir='ltr'><strong>τοῦ</strong></span> 
     </span>
    </p>
   </div>
   <div class='ocr_carea' id='block_1_38' title="bbox 2252 1197 3785 1279">
    <p class='ocr_par' dir='ltr' id='par_1_38' title="bbox 2252 1197 3785 1279">
     <span class='ocr_line' id='line_1_38' title="bbox 2252 1197 3785 1279; baseline -0.007 -16"><span class='ocrx_word' id='word_1_251' title='bbox 2252 1208 2390 1263; x_wconf 87' lang='grc' dir='ltr'>Θεοῦ</span> <span class='ocrx_word' id='word_1_252' title='bbox 2419 1208 2562 1279; x_wconf 83' lang='grc' dir='ltr'>ὑπὲρ</span> <span class='ocrx_word' id='word_1_253' title='bbox 2593 1206 2772 1278; x_wconf 81' lang='grc' dir='ltr'>ἡμῶν.</span> <span class='ocrx_word' id='word_1_254' title='bbox 2813 1204 3099 1259; x_wconf 70' lang='grc' dir='ltr'>Ἀδύνατον</span> <span class='ocrx_word' id='word_1_255' title='bbox 3129 1197 3222 1255; x_wconf 79' lang='grc' dir='ltr'><strong>οὖν</strong></span> <span class='ocrx_word' id='word_1_256' title='bbox 3263 1200 3389 1263; x_wconf 80' lang='grc' dir='ltr'>τοὺς</span> <span class='ocrx_word' id='word_1_257' title='bbox 3415 1198 3559 1262; x_wconf 73' lang='grc' dir='ltr'>ἅπαξ</span> <span class='ocrx_word' id='word_1_258' title='bbox 3598 1203 3671 1260; x_wconf 79' lang='grc' dir='ltr'>εἰς</span> <span class='ocrx_word' id='word_1_259' title='bbox 3709 1202 3785 1253; x_wconf 77' lang='grc' dir='ltr'>τὸν</span> 
     </span>
    </p>
   </div>
   <div class='ocr_carea' id='block_1_39' title="bbox 2254 1290 3787 1367">
    <p class='ocr_par' dir='ltr' id='par_1_39' title="bbox 2254 1290 3787 1367">
     <span class='ocr_line' id='line_1_39' title="bbox 2254 1290 3787 1367; baseline -0.007 -13"><span class='ocrx_word' id='word_1_260' title='bbox 2254 1301 2484 1356; x_wconf 82' lang='grc' dir='ltr'>θάνατον</span> <span class='ocrx_word' id='word_1_261' title='bbox 2529 1297 2695 1352; x_wconf 82' lang='grc' dir='ltr'>αὐτοῦ</span> <span class='ocrx_word' id='word_1_262' title='bbox 2749 1295 3117 1367; x_wconf 81' lang='grc' dir='ltr'><strong>φωτισθέντας</strong></span> <span class='ocrx_word' id='word_1_263' title='bbox 3172 1294 3247 1346; x_wconf 80' lang='grc' dir='ltr'><strong>’ὲκ</strong></span> <span class='ocrx_word' id='word_1_264' title='bbox 3284 1290 3534 1360; x_wconf 80' lang='grc' dir='ltr'>δευτέρου</span> <span class='ocrx_word' id='word_1_265' title='bbox 3583 1290 3672 1360; x_wconf 62' lang='lat' dir='ltr'><strong>ii”</strong></span> <span class='ocrx_word' id='word_1_266' title='bbox 3709 1295 3787 1344; x_wconf 80' lang='grc' dir='ltr'>καὶ</span> 
     </span>
    </p>
   </div>
   <div class='ocr_carea' id='block_1_40' title="bbox 2255 1379 3786 1459">
    <p class='ocr_par' dir='ltr' id='par_1_40' title="bbox 2255 1379 3786 1459">
     <span class='ocr_line' id='line_1_40' title="bbox 2255 1379 3786 1459; baseline -0.01 -15"><span class='ocrx_word' id='word_1_267' title='bbox 2255 1391 2544 1453; x_wconf 80' lang='grc' dir='ltr'>πλεονάκις</span> <span class='ocrx_word' id='word_1_268' title='bbox 2587 1385 2944 1459; x_wconf 79' lang='grc' dir='ltr'><strong>βαπτίζεσθαι</strong></span> <span class='ocrx_word' id='word_1_269' title='bbox 2993 1383 3088 1438; x_wconf 70' lang='grc' dir='ltr'>καὶ</span> <span class='ocrx_word' id='word_1_270' title='bbox 3119 1379 3493 1448; x_wconf 83' lang='grc' dir='ltr'>ἀνασταυροῦν</span> <span class='ocrx_word' id='word_1_271' title='bbox 3526 1381 3786 1449; x_wconf 80' lang='grc' dir='ltr'>πειρᾶσθαι</span> 
     </span>
    </p>
   </div>
   <div class='ocr_carea' id='block_1_41' title="bbox 2253 1469 3790 1547">
    <p class='ocr_par' dir='ltr' id='par_1_41' title="bbox 2253 1469 3790 1547">
     <span class='ocr_line' id='line_1_41' title="bbox 2253 1469 3790 1547; baseline -0.01 -9"><span class='ocrx_word' id='word_1_272' title='bbox 2253 1485 2344 1539; x_wconf 66' lang='grc' dir='ltr'>τὴν</span> <span class='ocrx_word' id='word_1_273' title='bbox 2374 1483 2501 1537; x_wconf 83' lang='grc' dir='ltr'>Υἱδν</span> <span class='ocrx_word' id='word_1_274' title='bbox 2523 1481 2616 1534; x_wconf 91' lang='grc' dir='ltr'><strong>τοῦ</strong></span> <span class='ocrx_word' id='word_1_275' title='bbox 2638 1479 2795 1534; x_wconf 83' lang='grc' dir='ltr'>Θεοῦ.</span> <span class='ocrx_word' id='word_1_276' title='bbox 2814 1477 3070 1547; x_wconf 86' lang='grc' dir='ltr'>Ἐγκαλεῖ</span> <span class='ocrx_word' id='word_1_277' title='bbox 3099 1473 3228 1543; x_wconf 88' lang='grc' dir='ltr'>γοῦν</span> <span class='ocrx_word' id='word_1_278' title='bbox 3255 1474 3366 1532; x_wconf 85' lang='grc' dir='ltr'>τοῖς</span> <span class='ocrx_word' id='word_1_279' title='bbox 3381 1469 3640 1532; x_wconf 77' lang='grc' dir='ltr'>Ἰουδαίοις</span> <span class='ocrx_word' id='word_1_280' title='bbox 3657 1469 3790 1524; x_wconf 85' lang='grc' dir='ltr'>τοῦτο</span> 
     </span>
    </p>
   </div>
   <div class='ocr_carea' id='block_1_42' title="bbox 2255 1560 3788 1646">
    <p class='ocr_par' dir='ltr' id='par_1_42' title="bbox 2255 1560 3788 1646">
     <span class='ocr_line' id='line_1_42' title="bbox 2255 1560 3788 1646; baseline -0.009 -18"><span class='ocrx_word' id='word_1_281' title='bbox 2255 1575 2495 1646; x_wconf 82' lang='grc' dir='ltr'>τολμῶσι</span> <span class='ocrx_word' id='word_1_282' title='bbox 2533 1572 2630 1627; x_wconf 75' lang='grc' dir='ltr'>καὶ</span> <span class='ocrx_word' id='word_1_283' title='bbox 2659 1571 2751 1626; x_wconf 75' lang='grc' dir='ltr'><strong>ἐπὶ</strong></span> <span class='ocrx_word' id='word_1_284' title='bbox 2783 1571 2853 1625; x_wconf 85' lang='grc' dir='ltr'>τὰ</span> <span class='ocrx_word' id='word_1_285' title='bbox 2881 1567 3082 1640; x_wconf 84' lang='grc' dir='ltr'>νομικά</span> <span class='ocrx_word' id='word_1_286' title='bbox 3136 1561 3418 1618; x_wconf 81' lang='grc' dir='ltr'>ὲπανιοῦσι</span> <span class='ocrx_word' id='word_1_287' title='bbox 3452 1560 3788 1631; x_wconf 81' lang='grc' dir='ltr'>βαπτίσματα,</span> 
     </span>
    </p>
   </div>
   <div class='ocr_carea' id='block_1_43' title="bbox 2255 1653 3790 1733">
    <p class='ocr_par' dir='ltr' id='par_1_43' title="bbox 2255 1653 3790 1733">
     <span class='ocr_line' id='line_1_43' title="bbox 2255 1653 3790 1733; baseline -0.012 -11"><span class='ocrx_word' id='word_1_288' title='bbox 2255 1667 2291 1722; x_wconf 78' lang='grc' dir='ltr'><strong>ἃ</strong></span> <span class='ocrx_word' id='word_1_289' title='bbox 2321 1667 2382 1720; x_wconf 78' lang='grc' dir='ltr'><strong>οὐ</strong></span> <span class='ocrx_word' id='word_1_290' title='bbox 2408 1665 2628 1720; x_wconf 82' lang='grc' dir='ltr'>δύναται</span> <span class='ocrx_word' id='word_1_291' title='bbox 2646 1662 2825 1733; x_wconf 83' lang='grc' dir='ltr'>ψυχὴν</span> <span class='ocrx_word' id='word_1_292' title='bbox 2850 1659 3168 1730; x_wconf 73' lang='grc' dir='ltr'>καθαρίσαι.</span> <span class='ocrx_word' id='word_1_293' title='bbox 3193 1655 3284 1708; x_wconf 76' lang='grc' dir='ltr'><strong>Διὸ</strong></span> <span class='ocrx_word' id='word_1_294' title='bbox 3307 1653 3399 1706; x_wconf 90' lang='grc' dir='ltr'><strong>καί</strong></span> <span class='ocrx_word' id='word_1_295' title='bbox 3435 1666 3610 1722; x_wconf 77' lang='grc' dir='ltr'>φησιν·</span> <span class='ocrx_word' id='word_1_296' title='bbox 3627 1653 3790 1720; x_wconf 71' lang='grc' dir='ltr'>Ὀερείο</span> 
     </span>
    </p>
   </div>
   <div class='ocr_carea' id='block_1_44' title="bbox 2255 1743 3792 1824">
    <p class='ocr_par' dir='ltr' id='par_1_44' title="bbox 2255 1743 3792 1824">
     <span class='ocr_line' id='line_1_44' title="bbox 2255 1743 3792 1824; baseline -0.011 -11"><span class='ocrx_word' id='word_1_297' title='bbox 2255 1761 2470 1824; x_wconf 75' lang='grc' dir='ltr'>λοντες</span> <span class='ocrx_word' id='word_1_298' title='bbox 2514 1753 2668 1811; x_wconf 77' lang='grc' dir='ltr'>εἶναι</span> <span class='ocrx_word' id='word_1_299' title='bbox 2703 1752 3065 1808; x_wconf 74' lang='grc' dir='ltr'>διδάσκαλοι</span> <span class='ocrx_word' id='word_1_300' title='bbox 3097 1747 3195 1802; x_wconf 83' lang='grc' dir='ltr'>διὰ</span> <span class='ocrx_word' id='word_1_301' title='bbox 3229 1745 3336 1800; x_wconf 86' lang='grc' dir='ltr'>τὸν</span> <span class='ocrx_word' id='word_1_302' title='bbox 3360 1744 3597 1814; x_wconf 82' lang='grc' dir='ltr'>χρόνον,</span> <span class='ocrx_word' id='word_1_303' title='bbox 3637 1743 3792 1796; x_wconf 74' lang='grc' dir='ltr'>πάλιν</span> 
     </span>
    </p>
   </div>
   <div class='ocr_carea' id='block_1_45' title="bbox 2255 1833 3793 1920">
    <p class='ocr_par' dir='ltr' id='par_1_45' title="bbox 2255 1833 3793 1920">
     <span class='ocr_line' id='line_1_45' title="bbox 2255 1833 3793 1920; baseline -0.012 -14"><span class='ocrx_word' id='word_1_304' title='bbox 2255 1851 2463 1920; x_wconf 79' lang='grc' dir='ltr'>χρείαν</span> <span class='ocrx_word' id='word_1_305' title='bbox 2489 1849 2657 1919; x_wconf 76' lang='grc' dir='ltr'>ἔχετε</span> <span class='ocrx_word' id='word_1_306' title='bbox 2681 1846 2787 1901; x_wconf 86' lang='grc' dir='ltr'><strong>τοῦ</strong></span> <span class='ocrx_word' id='word_1_307' title='bbox 2808 1843 3120 1898; x_wconf 84' lang='grc' dir='ltr'>διδάσκειν</span> <span class='ocrx_word' id='word_1_308' title='bbox 3135 1838 3294 1908; x_wconf 80' lang='grc' dir='ltr'>ὑμᾶς</span> <span class='ocrx_word' id='word_1_309' title='bbox 3315 1837 3449 1890; x_wconf 79' lang='grc' dir='ltr'>τινα</span> <span class='ocrx_word' id='word_1_310' title='bbox 3465 1837 3537 1889; x_wconf 85' lang='grc' dir='ltr'>τὰ</span> <span class='ocrx_word' id='word_1_311' title='bbox 3561 1833 3793 1901; x_wconf 84' lang='grc' dir='ltr'>στοιχεῖα</span> 
     </span>
    </p>
   </div>
   <div class='ocr_carea' id='block_1_46' title="bbox 2254 1925 3794 2010">
    <p class='ocr_par' dir='ltr' id='par_1_46' title="bbox 2254 1925 3794 2010">
     <span class='ocr_line' id='line_1_46' title="bbox 2254 1925 3794 2010; baseline -0.014 -14"><span class='ocrx_word' id='word_1_312' title='bbox 2254 1941 2364 2010; x_wconf 80' lang='grc' dir='ltr'>τῆς</span> <span class='ocrx_word' id='word_1_313' title='bbox 2388 1939 2577 2010; x_wconf 78' lang='grc' dir='ltr'>ἀρχῆς</span> <span class='ocrx_word' id='word_1_314' title='bbox 2614 1935 2734 1992; x_wconf 86' lang='grc' dir='ltr'>τῶν</span> <span class='ocrx_word' id='word_1_315' title='bbox 2766 1935 2992 2006; x_wconf 74' lang='grc' dir='ltr'>λογίων</span> <span class='ocrx_word' id='word_1_316' title='bbox 3019 1932 3127 1986; x_wconf 84' lang='grc' dir='ltr'><strong>τοῦ</strong></span> <span class='ocrx_word' id='word_1_317' title='bbox 3163 1927 3334 1992; x_wconf 82' lang='grc' dir='ltr'>Θεοῦ,</span> <span class='ocrx_word' id='word_1_318' title='bbox 3365 1927 3457 1980; x_wconf 74' lang='grc' dir='ltr'><strong>καὶ</strong></span> <span class='ocrx_word' id='word_1_319' title='bbox 3487 1925 3625 1992; x_wconf 77' lang='grc' dir='ltr'>ἑξῆς.</span> <span class='ocrx_word' id='word_1_320' title='bbox 3660 1928 3794 1977; x_wconf 81' lang='grc' dir='ltr'>Στει-</span> 
     </span>
    </p>
   </div>
   <div class='ocr_carea' id='block_1_47' title="bbox 2255 2017 3792 2109">
    <p class='ocr_par' dir='ltr' id='par_1_47' title="bbox 2255 2017 3792 2109">
     <span class='ocr_line' id='line_1_47' title="bbox 2255 2017 3792 2109; baseline -0.014 -20"><span class='ocrx_word' id='word_1_321' title='bbox 2255 2034 2388 2104; x_wconf 83' lang='grc' dir='ltr'>χεῖα</span> <span class='ocrx_word' id='word_1_322' title='bbox 2415 2032 2485 2086; x_wconf 83' lang='grc' dir='ltr'>δὲ</span> <span class='ocrx_word' id='word_1_323' title='bbox 2521 2031 2633 2101; x_wconf 80' lang='grc' dir='ltr'>τῆς</span> <span class='ocrx_word' id='word_1_324' title='bbox 2663 2027 2855 2099; x_wconf 80' lang='grc' dir='ltr'>ἀρχῆς</span> <span class='ocrx_word' id='word_1_325' title='bbox 2901 2025 3021 2081; x_wconf 85' lang='grc' dir='ltr'>τῶν</span> <span class='ocrx_word' id='word_1_326' title='bbox 3062 2023 3287 2109; x_wconf 71' lang='grc' dir='ltr'>λογίων</span> <span class='ocrx_word' id='word_1_327' title='bbox 3315 2020 3421 2074; x_wconf 85' lang='grc' dir='ltr'><strong>τοῦ</strong></span> <span class='ocrx_word' id='word_1_328' title='bbox 3458 2017 3622 2083; x_wconf 84' lang='grc' dir='ltr'>Θεοῦ,</span> <span class='ocrx_word' id='word_1_329' title='bbox 3668 2019 3696 2087; x_wconf 83' lang='grc' dir='ltr'>ἡ</span> <span class='ocrx_word' id='word_1_330' title='bbox 3731 2020 3792 2078; x_wconf 84' lang='grc' dir='ltr'>εἰς</span> 
     </span>
    </p>
   </div>
   <div class='ocr_carea' id='block_1_48' title="bbox 2255 2111 3795 2195">
    <p class='ocr_par' dir='ltr' id='par_1_48' title="bbox 2255 2111 3795 2195">
     <span class='ocr_line' id='line_1_48' title="bbox 2255 2111 3795 2195; baseline -0.012 -14"><span class='ocrx_word' id='word_1_331' title='bbox 2255 2127 2417 2182; x_wconf 80' lang='grc' dir='ltr'>αὐτὸν</span> <span class='ocrx_word' id='word_1_332' title='bbox 2447 2125 2767 2195; x_wconf 76' lang='grc' dir='ltr'>ἐπίγνωσις.</span> <span class='ocrx_word' id='word_1_333' title='bbox 2801 2115 2927 2176; x_wconf 74' lang='grc' dir='ltr'>Οἷον</span> <span class='ocrx_word' id='word_1_334' title='bbox 2954 2119 3080 2182; x_wconf 79' lang='grc' dir='ltr'>τοὺς</span> <span class='ocrx_word' id='word_1_335' title='bbox 3111 2115 3435 2188; x_wconf 83' lang='grc' dir='ltr'>προσιόντας</span> <span class='ocrx_word' id='word_1_336' title='bbox 3461 2111 3590 2183; x_wconf 54' lang='lat' dir='ltr'><strong>atii&quot;</strong></span> <span class='ocrx_word' id='word_1_337' title='bbox 3609 2111 3795 2182; x_wconf 72' lang='grc' dir='ltr'>Χριστῷ</span> 
     </span>
    </p>
   </div>
   <div class='ocr_carea' id='block_1_49' title="bbox 2254 2198 3793 2288">
    <p class='ocr_par' dir='ltr' id='par_1_49' title="bbox 2254 2198 3793 2288">
     <span class='ocr_line' id='line_1_49' title="bbox 2254 2198 3793 2288; baseline -0.012 -18"><span class='ocrx_word' id='word_1_338' title='bbox 2254 2217 2336 2270; x_wconf 85' lang='grc' dir='ltr'><strong>δεῖ</strong></span> <span class='ocrx_word' id='word_1_339' title='bbox 2358 2216 2575 2288; x_wconf 86' lang='grc' dir='ltr'>πρῶτον</span> <span class='ocrx_word' id='word_1_340' title='bbox 2619 2213 2927 2281; x_wconf 81' lang='grc' dir='ltr'>ἀποστῆναι</span> <span class='ocrx_word' id='word_1_341' title='bbox 2963 2210 3074 2264; x_wconf 87' lang='grc' dir='ltr'>τῶν</span> <span class='ocrx_word' id='word_1_342' title='bbox 3101 2205 3518 2279; x_wconf 80' lang='grc' dir='ltr'><strong>ἁμαρτημάτων</strong></span> <span class='ocrx_word' id='word_1_343' title='bbox 3563 2198 3638 2266; x_wconf 74' lang='grc' dir='ltr'>οἷς</span> <span class='ocrx_word' id='word_1_344' title='bbox 3679 2203 3793 2254; x_wconf 82' lang='grc' dir='ltr'>ἐνεί-</span> 
     </span>
    </p>
   </div>
   <div class='ocr_carea' id='block_1_50' title="bbox 2256 2292 3794 2381">
    <p class='ocr_par' dir='ltr' id='par_1_50' title="bbox 2256 2292 3794 2381">
     <span class='ocr_line' id='line_1_50' title="bbox 2256 2292 3794 2381; baseline -0.013 -18"><span class='ocrx_word' id='word_1_345' title='bbox 2256 2327 2434 2381; x_wconf 91' lang='grc' dir='ltr'>χοντο,</span> <span class='ocrx_word' id='word_1_346' title='bbox 2460 2306 2742 2362; x_wconf 82' lang='grc' dir='ltr'>τουτέστιν</span> <span class='ocrx_word' id='word_1_347' title='bbox 2768 2303 3074 2374; x_wconf 81' lang='grc' dir='ltr'>ἀναχωρεῖν</span> <span class='ocrx_word' id='word_1_348' title='bbox 3099 2300 3212 2353; x_wconf 82' lang='grc' dir='ltr'><strong>τῶν</strong></span> <span class='ocrx_word' id='word_1_349' title='bbox 3241 2295 3456 2366; x_wconf 84' lang='grc' dir='ltr'>νεκρῶν</span> <span class='ocrx_word' id='word_1_350' title='bbox 3485 2293 3671 2366; x_wconf 73' lang='grc' dir='ltr'>ἔργων,</span> <span class='ocrx_word' id='word_1_351' title='bbox 3701 2292 3794 2344; x_wconf 82' lang='grc' dir='ltr'>δεύ-</span> 
     </span>
    </p>
   </div>
   <div class='ocr_carea' id='block_1_51' title="bbox 2254 2384 3794 2473">
    <p class='ocr_par' dir='ltr' id='par_1_51' title="bbox 2254 2384 3794 2473">
     <span class='ocr_line' id='line_1_51' title="bbox 2254 2384 3794 2473; baseline -0.012 -19"><span class='ocrx_word' id='word_1_352' title='bbox 2254 2416 2412 2473; x_wconf 89' lang='grc' dir='ltr'>τερον</span> <span class='ocrx_word' id='word_1_353' title='bbox 2459 2398 2560 2472; x_wconf 81' lang='grc' dir='ltr'>τὴν</span> <span class='ocrx_word' id='word_1_354' title='bbox 2606 2397 2988 2467; x_wconf 82' lang='grc' dir='ltr'>ἀπολύτρωσιν</span> <span class='ocrx_word' id='word_1_355' title='bbox 3035 2391 3145 2446; x_wconf 84' lang='grc' dir='ltr'>τῶν</span> <span class='ocrx_word' id='word_1_356' title='bbox 3188 2388 3473 2460; x_wconf 79' lang='grc' dir='ltr'>προτέρων</span> <span class='ocrx_word' id='word_1_357' title='bbox 3504 2384 3794 2456; x_wconf 77' lang='grc' dir='ltr'>ἁμαρτημά-</span> 
     </span>
    </p>
   </div>
   <div class='ocr_carea' id='block_1_52' title="bbox 2253 2478 3794 2562">
    <p class='ocr_par' dir='ltr' id='par_1_52' title="bbox 2253 2478 3794 2562">
     <span class='ocr_line' id='line_1_52' title="bbox 2253 2478 3794 2562; baseline -0.014 -13"><span class='ocrx_word' id='word_1_358' title='bbox 2253 2512 2363 2548; x_wconf 91' lang='grc' dir='ltr'><strong>των</strong></span> <span class='ocrx_word' id='word_1_359' title='bbox 2388 2491 2479 2548; x_wconf 83' lang='grc' dir='ltr'><strong>διὰ</strong></span> <span class='ocrx_word' id='word_1_360' title='bbox 2504 2490 2599 2547; x_wconf 85' lang='grc' dir='ltr'><strong>τοῦ</strong></span> <span class='ocrx_word' id='word_1_361' title='bbox 2633 2490 3013 2562; x_wconf 83' lang='grc' dir='ltr'>βαπτίσματος</span> <span class='ocrx_word' id='word_1_362' title='bbox 3044 2483 3308 2551; x_wconf 81' lang='grc' dir='ltr'>δέξασθαι</span> <span class='ocrx_word' id='word_1_363' title='bbox 3323 2521 3344 2547; x_wconf 64' lang='grc' dir='ltr'><em>ο</em></span> <span class='ocrx_word' id='word_1_364' title='bbox 3387 2481 3482 2533; x_wconf 72' lang='grc' dir='ltr'>καὶ</span> <span class='ocrx_word' id='word_1_365' title='bbox 3509 2478 3794 2546; x_wconf 77' lang='grc' dir='ltr'>δεξαμένους</span> 
     </span>
    </p>
   </div>
   <div class='ocr_carea' id='block_1_53' title="bbox 2255 2572 3794 2654">
    <p class='ocr_par' dir='ltr' id='par_1_53' title="bbox 2255 2572 3794 2654">
     <span class='ocr_line' id='line_1_53' title="bbox 2255 2572 3794 2654; baseline -0.012 -13"><span class='ocrx_word' id='word_1_366' title='bbox 2255 2589 2314 2640; x_wconf 82' lang='grc' dir='ltr'>ὲν</span> <span class='ocrx_word' id='word_1_367' title='bbox 2345 2586 2525 2640; x_wconf 80' lang='grc' dir='ltr'>πίστει</span> <span class='ocrx_word' id='word_1_368' title='bbox 2553 2585 2714 2639; x_wconf 84' lang='grc' dir='ltr'>τοῦτο</span> <span class='ocrx_word' id='word_1_369' title='bbox 2741 2581 3066 2654; x_wconf 85' lang='grc' dir='ltr'>βαπτισμῶν</span> <span class='ocrx_word' id='word_1_370' title='bbox 3093 2578 3361 2648; x_wconf 83' lang='grc' dir='ltr'>διαφορᾶς</span> <span class='ocrx_word' id='word_1_371' title='bbox 3381 2576 3426 2608; x_wconf 66' lang='grc'><strong>’⁷</strong></span> <span class='ocrx_word' id='word_1_372' title='bbox 3450 2572 3660 2642; x_wconf 82' lang='grc' dir='ltr'>διδαχὴν</span> <span class='ocrx_word' id='word_1_373' title='bbox 3688 2587 3794 2640; x_wconf 85' lang='grc' dir='ltr'>μαν-</span> 
     </span>
    </p>
   </div>
   <div class='ocr_carea' id='block_1_54' title="bbox 2257 2662 3796 2747">
    <p class='ocr_par' dir='ltr' id='par_1_54' title="bbox 2257 2662 3796 2747">
     <span class='ocr_line' id='line_1_54' title="bbox 2257 2662 3796 2747; baseline -0.014 -13"><span class='ocrx_word' id='word_1_374' title='bbox 2257 2679 2460 2743; x_wconf 63' lang='grc' dir='ltr'>θάνειν,</span> <span class='ocrx_word' id='word_1_375' title='bbox 2503 2676 2664 2731; x_wconf 88' lang='grc' dir='ltr'>τοῦτο</span> <span class='ocrx_word' id='word_1_376' title='bbox 2717 2675 2820 2747; x_wconf 77' lang='grc' dir='ltr'>μὲν</span> <span class='ocrx_word' id='word_1_377' title='bbox 2867 2673 2989 2727; x_wconf 89' lang='grc' dir='ltr'>τίνα</span> <span class='ocrx_word' id='word_1_378' title='bbox 3026 2664 3094 2742; x_wconf 80' lang='grc' dir='ltr'>ἦν</span> <span class='ocrx_word' id='word_1_379' title='bbox 3124 2670 3198 2724; x_wconf 86' lang='grc' dir='ltr'><strong>τά</strong></span> <span class='ocrx_word' id='word_1_380' title='bbox 3238 2666 3529 2732; x_wconf 84' lang='grc' dir='ltr'>Ἰουδαϊκὰ,</span> <span class='ocrx_word' id='word_1_381' title='bbox 3579 2664 3626 2717; x_wconf 88' lang='grc' dir='ltr'><strong>τί</strong></span> <span class='ocrx_word' id='word_1_382' title='bbox 3671 2663 3721 2715; x_wconf 82' lang='grc' dir='ltr'>δὲ</span> <span class='ocrx_word' id='word_1_383' title='bbox 3749 2662 3796 2714; x_wconf 71' lang='grc' dir='ltr'>τὸ</span> 
     </span>
    </p>
   </div>
   <div class='ocr_carea' id='block_1_55' title="bbox 579 2754 2155 2844">
    <p class='ocr_par' dir='ltr' id='par_1_55' title="bbox 579 2765 2155 2844">
     <span class='ocr_line' id='line_1_55' title="bbox 579 2765 2155 2844; baseline -0.008 -12"><span class='ocrx_word' id='word_1_384' title='bbox 579 2777 734 2844; x_wconf 88' lang='lat' dir='ltr'><strong>estis,</strong></span> <span class='ocrx_word' id='word_1_385' title='bbox 759 2784 820 2829; x_wconf 87' lang='lat' dir='ltr'><strong>ut</strong></span> <span class='ocrx_word' id='word_1_386' title='bbox 841 2790 1064 2830; x_wconf 90' lang='lat' dir='ltr'><strong>rursum</strong></span> <span class='ocrx_word' id='word_1_387' title='bbox 1096 2773 1308 2830; x_wconf 88' lang='lat' dir='ltr'><strong>discere</strong></span> <span class='ocrx_word' id='word_1_388' title='bbox 1330 2771 1575 2827; x_wconf 83' lang='lat' dir='ltr'><strong>debeatis</strong></span> <span class='ocrx_word' id='word_1_389' title='bbox 1633 2783 1882 2840; x_wconf 83' lang='lat' dir='ltr'><strong>quaenam</strong></span> <span class='ocrx_word' id='word_1_390' title='bbox 1909 2767 2019 2822; x_wconf 85' lang='lat' dir='ltr'><strong>sint</strong></span> <span class='ocrx_word' id='word_1_391' title='bbox 2047 2765 2155 2820; x_wconf 90' lang='lat' dir='ltr'><strong>ele-</strong></span> 
     </span>
    </p>
   </div>
   <div class='ocr_carea' id='block_1_56' title="bbox 2256 2754 3796 2844">
    <p class='ocr_par' dir='ltr' id='par_1_56' title="bbox 2259 2754 3796 2841">
     <span class='ocr_line' id='line_1_56' title="bbox 2259 2754 3796 2841; baseline -0.012 -17"><span class='ocrx_word' id='word_1_392' title='bbox 2259 2769 2548 2841; x_wconf 82' lang='grc' dir='ltr'>σωτήριον,</span> <span class='ocrx_word' id='word_1_393' title='bbox 2582 2763 2702 2822; x_wconf 80' lang='grc' dir='ltr'>εἶτα</span> <span class='ocrx_word' id='word_1_394' title='bbox 2727 2765 2870 2821; x_wconf 87' lang='grc' dir='ltr'><strong>κατά</strong></span> <span class='ocrx_word' id='word_1_395' title='bbox 2903 2764 3188 2838; x_wconf 74' lang='grc' dir='ltr'>προκοπὴν</span> <span class='ocrx_word' id='word_1_396' title='bbox 3220 2762 3403 2824; x_wconf 86' lang='grc' dir='ltr'>ἰόντας</span> <span class='ocrx_word' id='word_1_397' title='bbox 3431 2755 3695 2822; x_wconf 78' lang='grc' dir='ltr'>ἀξιοῦσθαι</span> <span class='ocrx_word' id='word_1_398' title='bbox 3717 2754 3796 2823; x_wconf 79' lang='grc' dir='ltr'>τῆς</span> 
     </span>
    </p>
   </div>
   <div class='ocr_carea' id='block_1_57' title="bbox 580 2847 2155 2930">
    <p class='ocr_par' dir='ltr' id='par_1_57' title="bbox 580 2857 2155 2930">
     <span class='ocr_line' id='line_1_57' title="bbox 580 2857 2155 2930; baseline -0.007 -6"><span class='ocrx_word' id='word_1_399' title='bbox 580 2879 763 2924; x_wconf 83' lang='lat' dir='ltr'><strong>menta</strong></span> <span class='ocrx_word' id='word_1_400' title='bbox 792 2869 1010 2923; x_wconf 78' lang='lat' dir='ltr'><strong>exordii</strong></span> <span class='ocrx_word' id='word_1_401' title='bbox 1047 2857 1318 2927; x_wconf 82' lang='lat' dir='ltr'><strong>sermonis</strong></span> <span class='ocrx_word' id='word_1_402' title='bbox 1347 2863 1481 2930; x_wconf 91' lang='lat' dir='ltr'><strong>Dei,</strong></span> <span class='ocrx_word' id='word_1_403' title='bbox 1534 2879 1637 2919; x_wconf 89' lang='lat' dir='ltr'><strong>nos</strong></span> <span class='ocrx_word' id='word_1_404' title='bbox 1688 2877 1798 2917; x_wconf 92' lang='lat' dir='ltr'><strong>non</strong></span> <span class='ocrx_word' id='word_1_405' title='bbox 1849 2859 2155 2915; x_wconf 86' lang='lat' dir='ltr'><strong>rudimenta</strong></span> 
     </span>
    </p>
   </div>
   <div class='ocr_carea' id='block_1_58' title="bbox 2256 2847 3796 2930">
    <p class='ocr_par' dir='ltr' id='par_1_58' title="bbox 2256 2847 3796 2929">
     <span class='ocr_line' id='line_1_58' title="bbox 2256 2847 3796 2929; baseline -0.004 -15"><span class='ocrx_word' id='word_1_406' title='bbox 2256 2860 2351 2915; x_wconf 92' lang='grc' dir='ltr'><strong>τοῦ</strong></span> <span class='ocrx_word' id='word_1_407' title='bbox 2372 2859 2643 2928; x_wconf 59' lang='grc' dir='ltr'>παναγῶν</span> <span class='ocrx_word' id='word_1_408' title='bbox 2667 2857 2989 2929; x_wconf 86' lang='grc' dir='ltr'>Πνεύματος</span> <span class='ocrx_word' id='word_1_409' title='bbox 3017 2854 3449 2925; x_wconf 79' lang='grc' dir='ltr'>ὲπιφοιτήσεως,</span> <span class='ocrx_word' id='word_1_410' title='bbox 3477 2850 3593 2921; x_wconf 85' lang='grc' dir='ltr'>ἧτις</span> <span class='ocrx_word' id='word_1_411' title='bbox 3615 2847 3696 2901; x_wconf 72' lang='grc' dir='ltr'><strong>διὰ</strong></span> <span class='ocrx_word' id='word_1_412' title='bbox 3719 2850 3796 2916; x_wconf 82' lang='grc' dir='ltr'><strong>τῆς</strong></span> 
     </span>
    </p>
   </div>
   <div class='ocr_carea' id='block_1_59' title="bbox 585 2949 2163 3017">
    <p class='ocr_par' dir='ltr' id='par_1_59' title="bbox 585 2949 2163 3017">
     <span class='ocr_line' id='line_1_59' title="bbox 585 2949 2163 3017; baseline -0.009 -1"><span class='ocrx_word' id='word_1_413' title='bbox 585 2962 709 3017; x_wconf 76' lang='grc' dir='ltr'>θιιεί</span> <span class='ocrx_word' id='word_1_414' title='bbox 782 2961 980 3016; x_wconf 85' lang='lat' dir='ltr'><strong>iterum</strong></span> <span class='ocrx_word' id='word_1_415' title='bbox 1011 2962 1154 3014; x_wconf 83' lang='lat' dir='ltr'><strong>‘vos</strong></span> <span class='ocrx_word' id='word_1_416' title='bbox 1226 2956 1564 3012; x_wconf 85' lang='lat' dir='ltr'><strong>docebimus.</strong></span> <span class='ocrx_word' id='word_1_417' title='bbox 1635 2953 1726 3006; x_wconf 79' lang='lat' dir='ltr'><strong>Ait</strong></span> <span class='ocrx_word' id='word_1_418' title='bbox 1792 2951 1938 3005; x_wconf 86' lang='lat' dir='ltr'><strong>enim</strong></span> <span class='ocrx_word' id='word_1_419' title='bbox 1971 2966 1988 3008; x_wconf 88' lang='lat'><strong>:</strong></span> <span class='ocrx_word' id='word_1_420' title='bbox 2020 2949 2163 3015; x_wconf 85' lang='lat' dir='ltr'><strong>Qua-</strong></span> 
     </span>
    </p>
   </div>
   <div class='ocr_carea' id='block_1_60' title="bbox 577 3043 2150 3125">
    <p class='ocr_par' dir='ltr' id='par_1_60' title="bbox 577 3043 2150 3125">
     <span class='ocr_line' id='line_1_60' title="bbox 577 3043 2150 3125; baseline -0.009 -17"><span class='ocrx_word' id='word_1_421' title='bbox 577 3064 790 3125; x_wconf 75' lang='lat' dir='ltr'><strong>propter</strong></span> <span class='ocrx_word' id='word_1_422' title='bbox 810 3052 1210 3106; x_wconf 83' lang='lat' dir='ltr'><strong>intermittentes</strong></span> <span class='ocrx_word' id='word_1_423' title='bbox 1234 3047 1589 3104; x_wconf 86' lang='lat' dir='ltr'><strong>inchoationis</strong></span> <span class='ocrx_word' id='word_1_424' title='bbox 1606 3043 1808 3100; x_wconf 83' lang='lat' dir='ltr'><strong>Christi</strong></span> <span class='ocrx_word' id='word_1_425' title='bbox 1829 3056 2150 3106; x_wconf 87' lang='lat' dir='ltr'><strong>sermonem,</strong></span> 
     </span>
    </p>
   </div>
   <div class='ocr_carea' id='block_1_61' title="bbox 2257 2940 3798 3022">
    <p class='ocr_par' dir='ltr' id='par_1_61' title="bbox 2257 2940 3798 3022">
     <span class='ocr_line' id='line_1_61' title="bbox 2257 2940 3798 3022; baseline -0.011 -15"><span class='ocrx_word' id='word_1_426' title='bbox 2257 2953 2553 3017; x_wconf 77' lang='grc' dir='ltr'>ἐπιθέσεως</span> <span class='ocrx_word' id='word_1_427' title='bbox 2572 2952 2681 3006; x_wconf 86' lang='grc' dir='ltr'>τῶν</span> <span class='ocrx_word' id='word_1_428' title='bbox 2709 2949 2912 3022; x_wconf 87' lang='grc' dir='ltr'>χειρῶν</span> <span class='ocrx_word' id='word_1_429' title='bbox 2946 2948 3054 3004; x_wconf 83' lang='grc' dir='ltr'><strong>τῶν</strong></span> <span class='ocrx_word' id='word_1_430' title='bbox 3080 2947 3401 3002; x_wconf 84' lang='grc' dir='ltr'>ἀποστόλων</span> <span class='ocrx_word' id='word_1_431' title='bbox 3433 2943 3632 3013; x_wconf 70' lang='grc' dir='ltr'>ἐγίνετο</span> <span class='ocrx_word' id='word_1_432' title='bbox 3646 2941 3706 3004; x_wconf 75' lang='grc'><strong>’⁸,</strong></span> <span class='ocrx_word' id='word_1_433' title='bbox 3738 2940 3798 2992; x_wconf 84' lang='grc' dir='ltr'>δι-</span> 
     </span>
    </p>
   </div>
   <div class='ocr_carea' id='block_1_62' title="bbox 2257 3029 3798 3113">
    <p class='ocr_par' dir='ltr' id='par_1_62' title="bbox 2257 3029 3798 3113">
     <span class='ocr_line' id='line_1_62' title="bbox 2257 3029 3798 3113; baseline -0.01 -15"><span class='ocrx_word' id='word_1_434' title='bbox 2257 3042 2551 3100; x_wconf 78' lang='grc' dir='ltr'>δάσκεσθαι</span> <span class='ocrx_word' id='word_1_435' title='bbox 2606 3059 2668 3097; x_wconf 85' lang='grc' dir='ltr'><strong>τε</strong></span> <span class='ocrx_word' id='word_1_436' title='bbox 2709 3041 2809 3113; x_wconf 80' lang='grc' dir='ltr'>τὴν</span> <span class='ocrx_word' id='word_1_437' title='bbox 2851 3041 2962 3094; x_wconf 84' lang='grc' dir='ltr'>τῶν</span> <span class='ocrx_word' id='word_1_438' title='bbox 3031 3039 3245 3111; x_wconf 82' lang='grc' dir='ltr'>νεκρῶν</span> <span class='ocrx_word' id='word_1_439' title='bbox 3297 3037 3590 3092; x_wconf 81' lang='grc' dir='ltr'>ἀνάστασιν</span> <span class='ocrx_word' id='word_1_440' title='bbox 3633 3031 3714 3086; x_wconf 78' lang='grc' dir='ltr'>καὶ</span> <span class='ocrx_word' id='word_1_441' title='bbox 3751 3029 3798 3082; x_wconf 85' lang='grc' dir='ltr'><strong>τδ</strong></span> 
     </span>
    </p>
   </div>
   <div class='ocr_carea' id='block_1_63' title="bbox 582 3127 2155 3216">
    <p class='ocr_par' dir='ltr' id='par_1_63' title="bbox 582 3135 2155 3216">
     <span class='ocr_line' id='line_1_63' title="bbox 582 3135 2155 3216; baseline -0.008 -18"><span class='ocrx_word' id='word_1_442' title='bbox 582 3146 652 3198; x_wconf 83' lang='lat' dir='ltr'><strong>ad</strong></span> <span class='ocrx_word' id='word_1_443' title='bbox 681 3144 1053 3216; x_wconf 78' lang='lat' dir='ltr'><strong>perfectionem</strong></span> <span class='ocrx_word' id='word_1_444' title='bbox 1074 3141 1314 3212; x_wconf 71' lang='lat' dir='ltr'><strong>feramur</strong></span> <span class='ocrx_word' id='word_1_445' title='bbox 1337 3147 1386 3194; x_wconf 77' lang='lat'><strong>&#39;.</strong></span> <span class='ocrx_word' id='word_1_446' title='bbox 1433 3136 1549 3193; x_wconf 86' lang='lat' dir='ltr'><strong>Non</strong></span> <span class='ocrx_word' id='word_1_447' title='bbox 1587 3144 1802 3207; x_wconf 86' lang='lat' dir='ltr'><strong>oportet</strong></span> <span class='ocrx_word' id='word_1_448' title='bbox 1833 3135 2030 3188; x_wconf 88' lang='lat' dir='ltr'><strong>iterum</strong></span> <span class='ocrx_word' id='word_1_449' title='bbox 2060 3146 2155 3186; x_wconf 90' lang='lat' dir='ltr'><strong>vos</strong></span> 
     </span>
    </p>
   </div>
   <div class='ocr_carea' id='block_1_64' title="bbox 2256 3127 3799 3216">
    <p class='ocr_par' dir='ltr' id='par_1_64' title="bbox 2265 3127 3799 3206">
     <span class='ocr_line' id='line_1_64' title="bbox 2265 3127 3799 3206; baseline -0.009 -15"><span class='ocrx_word' id='word_1_450' title='bbox 2265 3137 2457 3206; x_wconf 79' lang='grc' dir='ltr'>μέλλον</span> <span class='ocrx_word' id='word_1_451' title='bbox 2481 3135 2792 3206; x_wconf 78' lang='grc' dir='ltr'>κριτήριον.</span> <span class='ocrx_word' id='word_1_452' title='bbox 2824 3131 2976 3202; x_wconf 77' lang='grc' dir='ltr'><strong>Αὕτη</strong></span> <span class='ocrx_word' id='word_1_453' title='bbox 3009 3131 3189 3186; x_wconf 80' lang='grc' dir='ltr'>τοίνυν</span> <span class='ocrx_word' id='word_1_454' title='bbox 3213 3132 3250 3200; x_wconf 84' lang='grc' dir='ltr'>ὴ</span> <span class='ocrx_word' id='word_1_455' title='bbox 3279 3128 3594 3184; x_wconf 84' lang='grc' dir='ltr'>διδασκαλία</span> <span class='ocrx_word' id='word_1_456' title='bbox 3613 3127 3799 3194; x_wconf 73' lang='grc' dir='ltr'>ἀπαρχὴ</span> 
     </span>
    </p>
   </div>
   <div class='ocr_carea' id='block_1_65' title="bbox 583 3223 2160 3295">
    <p class='ocr_par' dir='ltr' id='par_1_65' title="bbox 583 3223 2160 3295">
     <span class='ocr_line' id='line_1_65' title="bbox 583 3223 2160 3295; baseline -0.011 -3"><span class='ocrx_word' id='word_1_457' title='bbox 583 3237 849 3292; x_wconf 87' lang='lat' dir='ltr'><strong>reducere</strong></span> <span class='ocrx_word' id='word_1_458' title='bbox 880 3236 946 3290; x_wconf 91' lang='lat' dir='ltr'><strong>ad</strong></span> <span class='ocrx_word' id='word_1_459' title='bbox 969 3234 1232 3290; x_wconf 75' lang='lat' dir='ltr'><strong>elementa</strong></span> <span class='ocrx_word' id='word_1_460' title='bbox 1268 3230 1434 3295; x_wconf 85' lang='lat' dir='ltr'><strong>initii,</strong></span> <span class='ocrx_word' id='word_1_461' title='bbox 1463 3244 1534 3284; x_wconf 89' lang='lat' dir='ltr'><strong>ne</strong></span> <span class='ocrx_word' id='word_1_462' title='bbox 1561 3228 1840 3282; x_wconf 88' lang='lat' dir='ltr'><strong>videamur</strong></span> <span class='ocrx_word' id='word_1_463' title='bbox 1859 3224 2007 3279; x_wconf 85' lang='lat' dir='ltr'><strong>aliud</strong></span> <span class='ocrx_word' id='word_1_464' title='bbox 2037 3223 2160 3278; x_wconf 79' lang='lat' dir='ltr'><strong>fun-</strong></span> 
     </span>
    </p>
   </div>
   <div class='ocr_carea' id='block_1_66' title="bbox 581 3317 2160 3396">
    <p class='ocr_par' dir='ltr' id='par_1_66' title="bbox 581 3317 2160 3396">
     <span class='ocr_line' id='line_1_66' title="bbox 581 3317 2160 3396; baseline -0.01 -11"><span class='ocrx_word' id='word_1_465' title='bbox 581 3329 897 3385; x_wconf 84' lang='lat' dir='ltr'><strong>damentqu</strong></span> <span class='ocrx_word' id='word_1_466' title='bbox 924 3327 1128 3396; x_wconf 85' lang='lat' dir='ltr'><strong>jacere.</strong></span> <span class='ocrx_word' id='word_1_467' title='bbox 1158 3327 1250 3379; x_wconf 83' lang='lat' dir='ltr'><strong>Ait</strong></span> <span class='ocrx_word' id='word_1_468' title='bbox 1273 3324 1460 3378; x_wconf 86' lang='lat' dir='ltr'><strong>enim:</strong></span> <span class='ocrx_word' id='word_1_469' title='bbox 1497 3320 1623 3374; x_wconf 87' lang='lat' dir='ltr'><strong>Non</strong></span> <span class='ocrx_word' id='word_1_470' title='bbox 1665 3333 1880 3372; x_wconf 81' lang='lat' dir='ltr'><strong>rursum</strong></span> <span class='ocrx_word' id='word_1_471' title='bbox 1906 3317 2160 3386; x_wconf 83' lang='lat' dir='ltr'><strong>jacientes</strong></span> 
     </span>
    </p>
   </div>
   <div class='ocr_carea' id='block_1_67' title="bbox 583 3409 2161 3492">
    <p class='ocr_par' dir='ltr' id='par_1_67' title="bbox 583 3409 2161 3492">
     <span class='ocr_line' id='line_1_67' title="bbox 583 3409 2161 3492; baseline -0.01 -16"><span class='ocrx_word' id='word_1_472' title='bbox 583 3421 985 3492; x_wconf 80' lang='lat' dir='ltr'><strong>fundamentum</strong></span> <span class='ocrx_word' id='word_1_473' title='bbox 1003 3417 1321 3489; x_wconf 64' lang='lat' dir='ltr'><strong>pauitantia:</strong></span> <span class='ocrx_word' id='word_1_474' title='bbox 1338 3415 1402 3469; x_wconf 87' lang='lat' dir='ltr'><strong>ab</strong></span> <span class='ocrx_word' id='word_1_475' title='bbox 1429 3415 1672 3484; x_wconf 85' lang='lat' dir='ltr'><strong>operibus</strong></span> <span class='ocrx_word' id='word_1_476' title='bbox 1696 3412 1940 3476; x_wconf 83' lang='lat' dir='ltr'><strong>mortuis,</strong></span> <span class='ocrx_word' id='word_1_477' title='bbox 1968 3419 2016 3463; x_wconf 89' lang='lat' dir='ltr'><strong>et</strong></span> <span class='ocrx_word' id='word_1_478' title='bbox 2036 3409 2161 3478; x_wconf 81' lang='lat' dir='ltr'><strong>ﬁdei</strong></span> 
     </span>
    </p>
   </div>
   <div class='ocr_carea' id='block_1_68' title="bbox 582 3499 2163 3580">
    <p class='ocr_par' dir='ltr' id='par_1_68' title="bbox 582 3499 2163 3580">
     <span class='ocr_line' id='line_1_68' title="bbox 582 3499 2163 3580; baseline -0.011 -12"><span class='ocrx_word' id='word_1_479' title='bbox 582 3514 652 3568; x_wconf 86' lang='lat' dir='ltr'><strong>ad</strong></span> <span class='ocrx_word' id='word_1_480' title='bbox 695 3511 886 3577; x_wconf 85' lang='lat' dir='ltr'><strong>Deum,</strong></span> <span class='ocrx_word' id='word_1_481' title='bbox 919 3509 1300 3580; x_wconf 85' lang='lat' dir='ltr'><strong>baptisntatum</strong></span> <span class='ocrx_word' id='word_1_482' title='bbox 1323 3505 1606 3570; x_wconf 65' lang='lat' dir='ltr'><strong>doctrinae,</strong></span> <span class='ocrx_word' id='word_1_483' title='bbox 1655 3499 2012 3570; x_wconf 85' lang='lat' dir='ltr'><strong>impositionis</strong></span> <span class='ocrx_word' id='word_1_484' title='bbox 2038 3515 2163 3568; x_wconf 88' lang='lat' dir='ltr'><strong>quo-</strong></span> 
     </span>
    </p>
   </div>
   <div class='ocr_carea' id='block_1_69' title="bbox 580 3588 2162 3678">
    <p class='ocr_par' dir='ltr' id='par_1_69' title="bbox 580 3588 2162 3678">
     <span class='ocr_line' id='line_1_69' title="bbox 580 3588 2162 3678; baseline -0.011 -18"><span class='ocrx_word' id='word_1_485' title='bbox 580 3623 678 3678; x_wconf 86' lang='lat' dir='ltr'><strong>que</strong></span> <span class='ocrx_word' id='word_1_486' title='bbox 715 3619 1008 3668; x_wconf 85' lang='lat' dir='ltr'><strong>manuum,</strong></span> <span class='ocrx_word' id='word_1_487' title='bbox 1054 3598 1456 3655; x_wconf 84' lang='lat' dir='ltr'><strong>resurrectionis</strong></span> <span class='ocrx_word' id='word_1_488' title='bbox 1493 3605 1824 3649; x_wconf 87' lang='lat' dir='ltr'><strong>mortuorum</strong></span> <span class='ocrx_word' id='word_1_489' title='bbox 1864 3602 1912 3646; x_wconf 90' lang='lat' dir='ltr'><strong>et</strong></span> <span class='ocrx_word' id='word_1_490' title='bbox 1963 3588 2162 3661; x_wconf 87' lang='lat' dir='ltr'><strong>judicii</strong></span> 
     </span>
    </p>
   </div>
   <div class='ocr_carea' id='block_1_70' title="bbox 581 3682 2162 3764">
    <p class='ocr_par' dir='ltr' id='par_1_70' title="bbox 581 3682 2162 3764">
     <span class='ocr_line' id='line_1_70' title="bbox 581 3682 2162 3764; baseline -0.013 -11"><span class='ocrx_word' id='word_1_491' title='bbox 581 3699 766 3754; x_wconf 76' lang='lat' dir='ltr'><strong>wterni</strong></span> <span class='ocrx_word' id='word_1_492' title='bbox 790 3705 836 3749; x_wconf 73' lang='grc' dir='ltr'>ι.</span> <span class='ocrx_word' id='word_1_493' title='bbox 873 3695 987 3750; x_wconf 82' lang='lat' dir='ltr'><strong>Hoc</strong></span> <span class='ocrx_word' id='word_1_494' title='bbox 1013 3694 1178 3764; x_wconf 79' lang='lat' dir='ltr'><strong>igitur</strong></span> <span class='ocrx_word' id='word_1_495' title='bbox 1211 3689 1487 3761; x_wconf 82' lang='lat' dir='ltr'><strong>signiﬁcat</strong></span> <span class='ocrx_word' id='word_1_496' title='bbox 1513 3687 1644 3742; x_wconf 89' lang='lat' dir='ltr'><strong>illud</strong></span> <span class='ocrx_word' id='word_1_497' title='bbox 1672 3703 1686 3740; x_wconf 87' lang='lat'><strong>:</strong></span> <span class='ocrx_word' id='word_1_498' title='bbox 1710 3684 2046 3754; x_wconf 80' lang='lat' dir='ltr'><strong>Quapropter</strong></span> <span class='ocrx_word' id='word_1_499' title='bbox 2077 3682 2162 3734; x_wconf 84' lang='lat' dir='ltr'><strong>in-</strong></span> 
     </span>
    </p>
   </div>
   <div class='ocr_carea' id='block_1_71' title="bbox 583 3781 2163 3848">
    <p class='ocr_par' dir='ltr' id='par_1_71' title="bbox 583 3781 2163 3848">
     <span class='ocr_line' id='line_1_71' title="bbox 583 3781 2163 3848; baseline -0.011 -3"><span class='ocrx_word' id='word_1_500' title='bbox 583 3793 924 3848; x_wconf 85' lang='lat' dir='ltr'><strong>termittentes</strong></span> <span class='ocrx_word' id='word_1_501' title='bbox 949 3785 1302 3842; x_wconf 82' lang='lat' dir='ltr'><strong>inchoationis</strong></span> <span class='ocrx_word' id='word_1_502' title='bbox 1344 3781 1543 3836; x_wconf 85' lang='lat' dir='ltr'><strong>Christi</strong></span> <span class='ocrx_word' id='word_1_503' title='bbox 1573 3794 1892 3844; x_wconf 84' lang='lat' dir='ltr'><strong>sermonem,</strong></span> <span class='ocrx_word' id='word_1_504' title='bbox 1937 3789 2066 3840; x_wconf 88' lang='lat' dir='ltr'><strong>etc.,</strong></span> <span class='ocrx_word' id='word_1_505' title='bbox 2108 3782 2163 3829; x_wconf 86' lang='lat' dir='ltr'><strong>et</strong></span> 
     </span>
    </p>
   </div>
   <div class='ocr_carea' id='block_1_72' title="bbox 584 3865 2158 3948">
    <p class='ocr_par' dir='ltr' id='par_1_72' title="bbox 584 3865 2158 3948">
     <span class='ocr_line' id='line_1_72' title="bbox 584 3865 2158 3948; baseline -0.011 -10"><span class='ocrx_word' id='word_1_506' title='bbox 584 3884 715 3939; x_wconf 87' lang='lat' dir='ltr'><strong>illud</strong></span> <span class='ocrx_word' id='word_1_507' title='bbox 755 3899 770 3937; x_wconf 90' lang='lat'><strong>:</strong></span> <span class='ocrx_word' id='word_1_508' title='bbox 803 3879 874 3934; x_wconf 84' lang='lat' dir='ltr'><strong>Et</strong></span> <span class='ocrx_word' id='word_1_509' title='bbox 908 3883 1004 3935; x_wconf 85' lang='lat' dir='ltr'><strong>hoc</strong></span> <span class='ocrx_word' id='word_1_510' title='bbox 1039 3878 1322 3948; x_wconf 77' lang='lat' dir='ltr'><strong>faciemus,</strong></span> <span class='ocrx_word' id='word_1_511' title='bbox 1351 3873 1397 3928; x_wconf 89' lang='lat' dir='ltr'><strong>si</strong></span> <span class='ocrx_word' id='word_1_512' title='bbox 1423 3871 1634 3942; x_wconf 87' lang='lat' dir='ltr'><strong>quidem</strong></span> <span class='ocrx_word' id='word_1_513' title='bbox 1672 3866 1970 3938; x_wconf 86' lang='lat' dir='ltr'><strong>permiserit</strong></span> <span class='ocrx_word' id='word_1_514' title='bbox 1999 3865 2158 3920; x_wconf 87' lang='lat' dir='ltr'><strong>Deus.</strong></span> 
     </span>
    </p>
   </div>
   <div class='ocr_carea' id='block_1_73' title="bbox 582 3957 2161 4044">
    <p class='ocr_par' dir='ltr' id='par_1_73' title="bbox 582 3957 2161 4044">
     <span class='ocr_line' id='line_1_73' title="bbox 582 3957 2161 4044; baseline -0.013 -16"><span class='ocrx_word' id='word_1_515' title='bbox 582 3974 843 4044; x_wconf 85' lang='lat' dir='ltr'><strong>Ejusdem</strong></span> <span class='ocrx_word' id='word_1_516' title='bbox 870 3985 1066 4026; x_wconf 86' lang='lat' dir='ltr'><strong>sensus</strong></span> <span class='ocrx_word' id='word_1_517' title='bbox 1095 3979 1221 4032; x_wconf 80' lang='lat' dir='ltr'><strong>est,</strong></span> <span class='ocrx_word' id='word_1_518' title='bbox 1263 3976 1389 4034; x_wconf 69' lang='lat' dir='ltr'><strong>,non</strong></span> <span class='ocrx_word' id='word_1_519' title='bbox 1435 3963 1672 4029; x_wconf 85' lang='lat' dir='ltr'><strong>amplius</strong></span> <span class='ocrx_word' id='word_1_520' title='bbox 1719 3957 2085 4029; x_wconf 87' lang='lat' dir='ltr'><strong>incipiendum</strong></span> <span class='ocrx_word' id='word_1_521' title='bbox 2129 3970 2161 4010; x_wconf 89' lang='lat' dir='ltr'><strong>a</strong></span> 
     </span>
    </p>
   </div>
   <div class='ocr_carea' id='block_1_74' title="bbox 581 4048 2158 4127">
    <p class='ocr_par' dir='ltr' id='par_1_74' title="bbox 581 4048 2158 4127">
     <span class='ocr_line' id='line_1_74' title="bbox 581 4048 2158 4127; baseline -0.013 -5"><span class='ocrx_word' id='word_1_522' title='bbox 581 4066 832 4122; x_wconf 86' lang='lat' dir='ltr'><strong>doctrina</strong></span> <span class='ocrx_word' id='word_1_523' title='bbox 863 4060 1174 4119; x_wconf 89' lang='lat' dir='ltr'><strong>elementali</strong></span> <span class='ocrx_word' id='word_1_524' title='bbox 1216 4057 1373 4113; x_wconf 80' lang='lat' dir='ltr'><strong>vobis</strong></span> <span class='ocrx_word' id='word_1_525' title='bbox 1401 4096 1417 4123; x_wconf 93' lang='lat'><strong>,</strong></span> <span class='ocrx_word' id='word_1_526' title='bbox 1471 4070 1636 4127; x_wconf 89' lang='lat' dir='ltr'><strong>quam</strong></span> <span class='ocrx_word' id='word_1_527' title='bbox 1685 4053 1840 4108; x_wconf 88' lang='lat' dir='ltr'><strong>initio</strong></span> <span class='ocrx_word' id='word_1_528' title='bbox 1903 4048 2158 4119; x_wconf 85' lang='lat' dir='ltr'><strong>baptizati</strong></span> 
     </span>
    </p>
   </div>
   <div class='ocr_carea' id='block_1_75' title="bbox 582 4141 2158 4224">
    <p class='ocr_par' dir='ltr' id='par_1_75' title="bbox 582 4141 2158 4224">
     <span class='ocr_line' id='line_1_75' title="bbox 582 4141 2158 4224; baseline -0.013 -10"><span class='ocrx_word' id='word_1_529' title='bbox 582 4159 916 4220; x_wconf 87' lang='lat' dir='ltr'><strong>didicerunt,</strong></span> <span class='ocrx_word' id='word_1_530' title='bbox 939 4155 1035 4212; x_wconf 85' lang='lat' dir='ltr'><strong>sed</strong></span> <span class='ocrx_word' id='word_1_531' title='bbox 1055 4153 1122 4209; x_wconf 90' lang='lat' dir='ltr'><strong>ad</strong></span> <span class='ocrx_word' id='word_1_532' title='bbox 1152 4150 1541 4224; x_wconf 80' lang='lat' dir='ltr'><strong>perfectionem</strong></span> <span class='ocrx_word' id='word_1_533' title='bbox 1570 4148 1835 4202; x_wconf 83' lang='lat' dir='ltr'><strong>feramur.</strong></span> <span class='ocrx_word' id='word_1_534' title='bbox 1866 4143 1980 4196; x_wconf 84' lang='lat' dir='ltr'><strong>Etsi</strong></span> <span class='ocrx_word' id='word_1_535' title='bbox 2013 4141 2158 4196; x_wconf 88' lang='lat' dir='ltr'><strong>enim</strong></span> 
     </span>
    </p>
   </div>
   <div class='ocr_carea' id='block_1_76' title="bbox 583 4235 2159 4323">
    <p class='ocr_par' dir='ltr' id='par_1_76' title="bbox 583 4235 2159 4323">
     <span class='ocr_line' id='line_1_76' title="bbox 583 4235 2159 4323; baseline -0.011 -16"><span class='ocrx_word' id='word_1_536' title='bbox 583 4253 720 4323; x_wconf 83' lang='lat' dir='ltr'><strong>lapsi</strong></span> <span class='ocrx_word' id='word_1_537' title='bbox 759 4251 914 4316; x_wconf 75' lang='lat' dir='ltr'><strong>es1is,</strong></span> <span class='ocrx_word' id='word_1_538' title='bbox 941 4265 1050 4305; x_wconf 92' lang='lat' dir='ltr'><strong>non</strong></span> <span class='ocrx_word' id='word_1_539' title='bbox 1089 4247 1321 4318; x_wconf 86' lang='lat' dir='ltr'><strong>potestis</strong></span> <span class='ocrx_word' id='word_1_540' title='bbox 1351 4243 1772 4298; x_wconf 84' lang='lat' dir='ltr'><strong>fundamentum</strong></span> <span class='ocrx_word' id='word_1_541' title='bbox 1804 4237 1928 4293; x_wconf 82' lang='lat' dir='ltr'><strong>ﬁdei</strong></span> <span class='ocrx_word' id='word_1_542' title='bbox 1961 4235 2159 4291; x_wconf 88' lang='lat' dir='ltr'><strong>iterum</strong></span> 
     </span>
    </p>
   </div>
   <div class='ocr_carea' id='block_1_77' title="bbox 584 4336 2159 4414">
    <p class='ocr_par' dir='ltr' id='par_1_77' title="bbox 584 4336 2159 4414">
     <span class='ocr_line' id='line_1_77' title="bbox 584 4336 2159 4414; baseline -0.011 -16"><span class='ocrx_word' id='word_1_543' title='bbox 584 4344 850 4414; x_wconf 85' lang='lat' dir='ltr'><strong>recipere,</strong></span> <span class='ocrx_word' id='word_1_544' title='bbox 887 4357 988 4396; x_wconf 91' lang='lat' dir='ltr'><strong>uec</strong></span> <span class='ocrx_word' id='word_1_545' title='bbox 1026 4339 1297 4410; x_wconf 86' lang='lat' dir='ltr'><strong>baptisma</strong></span> <span class='ocrx_word' id='word_1_546' title='bbox 1331 4336 1658 4394; x_wconf 90' lang='lat' dir='ltr'><strong>secundum,</strong></span> <span class='ocrx_word' id='word_1_547' title='bbox 1680 4346 1858 4400; x_wconf 86' lang='lat' dir='ltr'><strong>neque</strong></span> <span class='ocrx_word' id='word_1_548' title='bbox 1897 4343 2159 4383; x_wconf 88' lang='lat' dir='ltr'><strong>manuum</strong></span> 
     </span>
    </p>
   </div>
   <div class='ocr_carea' id='block_1_78' title="bbox 2267 3213 3800 3297">
    <p class='ocr_par' dir='ltr' id='par_1_78' title="bbox 2267 3213 3800 3297">
     <span class='ocr_line' id='line_1_78' title="bbox 2267 3213 3800 3297; baseline -0.01 -17"><span class='ocrx_word' id='word_1_549' title='bbox 2267 3227 2369 3297; x_wconf 85' lang='grc' dir='ltr'>τῆς</span> <span class='ocrx_word' id='word_1_550' title='bbox 2401 3225 2514 3280; x_wconf 83' lang='grc' dir='ltr'>τῶν</span> <span class='ocrx_word' id='word_1_551' title='bbox 2545 3224 2912 3278; x_wconf 81' lang='grc' dir='ltr'>πιστευόντων</span> <span class='ocrx_word' id='word_1_552' title='bbox 2945 3221 3240 3292; x_wconf 82' lang='grc' dir='ltr'>μαθήσεως</span> <span class='ocrx_word' id='word_1_553' title='bbox 3275 3219 3507 3288; x_wconf 86' lang='grc' dir='ltr'>γίνεται.</span> <span class='ocrx_word' id='word_1_554' title='bbox 3544 3218 3640 3270; x_wconf 86' lang='grc' dir='ltr'>Ἦν</span> <span class='ocrx_word' id='word_1_555' title='bbox 3682 3215 3722 3268; x_wconf 77' lang='lat' dir='ltr'><strong>oi</strong></span> <span class='ocrx_word' id='word_1_556' title='bbox 3753 3213 3800 3276; x_wconf 79' lang='grc' dir='ltr'>ἐξ</span> 
     </span>
    </p>
   </div>
   <div class='ocr_carea' id='block_1_79' title="bbox 2273 3306 3799 3387">
    <p class='ocr_par' dir='ltr' id='par_1_79' title="bbox 2273 3306 3799 3387">
     <span class='ocr_line' id='line_1_79' title="bbox 2273 3306 3799 3387; baseline -0.012 -12"><span class='ocrx_word' id='word_1_557' title='bbox 2273 3319 2544 3374; x_wconf 86' lang='grc' dir='ltr'>Ἰουδαίων</span> <span class='ocrx_word' id='word_1_558' title='bbox 2564 3315 2870 3387; x_wconf 81' lang='grc' dir='ltr'>δεξάμενοι,</span> <span class='ocrx_word' id='word_1_559' title='bbox 2895 3315 2992 3369; x_wconf 55' lang='grc' dir='ltr'><strong>καὶ⁸</strong></span> <span class='ocrx_word' id='word_1_560' title='bbox 3013 3313 3092 3385; x_wconf 83' lang='grc' dir='ltr'>τῷ</span> <span class='ocrx_word' id='word_1_561' title='bbox 3119 3312 3302 3382; x_wconf 84' lang='grc' dir='ltr'>πολλῷ</span> <span class='ocrx_word' id='word_1_562' title='bbox 3327 3311 3504 3383; x_wconf 82' lang='grc' dir='ltr'>χρόνῳ</span> <span class='ocrx_word' id='word_1_563' title='bbox 3529 3306 3799 3362; x_wconf 74' lang='grc' dir='ltr'>διδάσκει).οι</span> 
     </span>
    </p>
   </div>
   <div class='ocr_carea' id='block_1_80' title="bbox 2263 3399 3800 3484">
    <p class='ocr_par' dir='ltr' id='par_1_80' title="bbox 2263 3399 3800 3484">
     <span class='ocr_line' id='line_1_80' title="bbox 2263 3399 3800 3484; baseline -0.011 -17"><span class='ocrx_word' id='word_1_564' title='bbox 2263 3413 2466 3484; x_wconf 78' lang='grc' dir='ltr'>ἑτέρων</span> <span class='ocrx_word' id='word_1_565' title='bbox 2491 3410 2800 3480; x_wconf 83' lang='grc' dir='ltr'>ὀφείλοντες</span> <span class='ocrx_word' id='word_1_566' title='bbox 2831 3405 2971 3463; x_wconf 76' lang='grc' dir='ltr'>εἶναι</span> <span class='ocrx_word' id='word_1_567' title='bbox 3014 3408 3109 3461; x_wconf 80' lang='grc' dir='ltr'>καὶ</span> <span class='ocrx_word' id='word_1_568' title='bbox 3151 3406 3398 3460; x_wconf 73' lang='grc' dir='ltr'>τελειοῦν</span> <span class='ocrx_word' id='word_1_569' title='bbox 3427 3404 3635 3465; x_wconf 83' lang='grc' dir='ltr'>ἄλλους,</span> <span class='ocrx_word' id='word_1_570' title='bbox 3674 3399 3800 3454; x_wconf 77' lang='grc' dir='ltr'>αὐτοὶ</span> 
     </span>
    </p>
   </div>
   <div class='ocr_carea' id='block_1_81' title="bbox 2264 3491 3801 3576">
    <p class='ocr_par' dir='ltr' id='par_1_81' title="bbox 2264 3491 3801 3576">
     <span class='ocr_line' id='line_1_81' title="bbox 2264 3491 3801 3576; baseline -0.011 -17"><span class='ocrx_word' id='word_1_571' title='bbox 2264 3505 2558 3576; x_wconf 85' lang='grc' dir='ltr'>μαθήσεως</span> <span class='ocrx_word' id='word_1_572' title='bbox 2585 3503 2749 3557; x_wconf 86' lang='grc' dir='ltr'>πάλιν</span> <span class='ocrx_word' id='word_1_573' title='bbox 2781 3501 3012 3556; x_wconf 85' lang='grc' dir='ltr'>δέονται.</span> <span class='ocrx_word' id='word_1_574' title='bbox 3061 3499 3200 3552; x_wconf 77' lang='grc' dir='ltr'>Ἀλλ’</span> <span class='ocrx_word' id='word_1_575' title='bbox 3231 3499 3406 3567; x_wconf 81' lang='grc' dir='ltr'>ὅμως,</span> <span class='ocrx_word' id='word_1_576' title='bbox 3443 3495 3624 3566; x_wconf 69' lang='grc' dir='ltr'>φησιν,</span> <span class='ocrx_word' id='word_1_577' title='bbox 3661 3494 3704 3545; x_wconf 81' lang='grc' dir='ltr'><strong>εί</strong></span> <span class='ocrx_word' id='word_1_578' title='bbox 3727 3491 3801 3544; x_wconf 78' lang='grc' dir='ltr'>καὶ</span> 
     </span>
    </p>
   </div>
   <div class='ocr_carea' id='block_1_82' title="bbox 2262 3582 3800 3666">
    <p class='ocr_par' dir='ltr' id='par_1_82' title="bbox 2262 3582 3800 3666">
     <span class='ocr_line' id='line_1_82' title="bbox 2262 3582 3800 3666; baseline -0.01 -16"><span class='ocrx_word' id='word_1_579' title='bbox 2262 3595 2416 3651; x_wconf 79' lang='grc' dir='ltr'>αὐτοὶ</span> <span class='ocrx_word' id='word_1_580' title='bbox 2444 3594 2707 3666; x_wconf 77' lang='grc' dir='ltr'>γεγόνατε</span> <span class='ocrx_word' id='word_1_581' title='bbox 2756 3591 2899 3646; x_wconf 82' lang='grc' dir='ltr'>ὥστε</span> <span class='ocrx_word' id='word_1_582' title='bbox 2938 3590 3104 3645; x_wconf 81' lang='grc' dir='ltr'>πάλιν</span> <span class='ocrx_word' id='word_1_583' title='bbox 3151 3590 3364 3643; x_wconf 86' lang='grc' dir='ltr'>δεῖσθαι</span> <span class='ocrx_word' id='word_1_584' title='bbox 3401 3589 3593 3660; x_wconf 83' lang='grc' dir='ltr'>μαθεῖν</span> <span class='ocrx_word' id='word_1_585' title='bbox 3617 3585 3722 3638; x_wconf 87' lang='grc' dir='ltr'>τίνα</span> <span class='ocrx_word' id='word_1_586' title='bbox 3747 3582 3800 3635; x_wconf 76' lang='grc' dir='ltr'>τὰ</span> 
     </span>
    </p>
   </div>
   <div class='ocr_carea' id='block_1_83' title="bbox 2233 3674 3799 3762">
    <p class='ocr_par' dir='ltr' id='par_1_83' title="bbox 2233 3674 3799 3762">
     <span class='ocr_line' id='line_1_83' title="bbox 2233 3674 3799 3762; baseline -0.009 -21"><span class='ocrx_word' id='word_1_587' title='bbox 2233 3690 2501 3758; x_wconf 37' lang='grc' dir='ltr'>,στοιχεῖα</span> <span class='ocrx_word' id='word_1_588' title='bbox 2539 3686 2640 3755; x_wconf 83' lang='grc' dir='ltr'>τῆς</span> <span class='ocrx_word' id='word_1_589' title='bbox 2668 3685 2849 3756; x_wconf 76' lang='grc' dir='ltr'>ἀρχῆς</span> <span class='ocrx_word' id='word_1_590' title='bbox 2895 3683 3005 3736; x_wconf 86' lang='grc' dir='ltr'><strong>τῶν</strong></span> <span class='ocrx_word' id='word_1_591' title='bbox 3047 3683 3247 3762; x_wconf 80' lang='grc' dir='ltr'>λογίων</span> <span class='ocrx_word' id='word_1_592' title='bbox 3286 3682 3386 3735; x_wconf 87' lang='grc' dir='ltr'><strong>τοῦ</strong></span> <span class='ocrx_word' id='word_1_593' title='bbox 3430 3678 3682 3751; x_wconf 82' lang='grc' dir='ltr'>Χριστοῦ,</span> <span class='ocrx_word' id='word_1_594' title='bbox 3709 3674 3799 3729; x_wconf 76' lang='grc' dir='ltr'>ἀλλ’</span> 
     </span>
    </p>
   </div>
   <div class='ocr_carea' id='block_1_84' title="bbox 2259 3768 3800 3852">
    <p class='ocr_par' dir='ltr' id='par_1_84' title="bbox 2259 3768 3800 3852">
     <span class='ocr_line' id='line_1_84' title="bbox 2259 3768 3800 3852; baseline -0.018 -2"><span class='ocrx_word' id='word_1_595' title='bbox 2259 3783 2424 3852; x_wconf 82' lang='grc' dir='ltr'>ἡμεῖς</span> <span class='ocrx_word' id='word_1_596' title='bbox 2469 3780 2532 3833; x_wconf 80' lang='grc' dir='ltr'><strong>οὒ</strong></span> <span class='ocrx_word' id='word_1_597' title='bbox 2561 3780 2660 3850; x_wconf 82' lang='grc' dir='ltr'>τὴν</span> <span class='ocrx_word' id='word_1_598' title='bbox 2707 3779 2885 3850; x_wconf 83' lang='grc' dir='ltr'>ἀρχὴν</span> <span class='ocrx_word' id='word_1_599' title='bbox 2917 3777 3082 3831; x_wconf 83' lang='grc' dir='ltr'>πάλιν</span> <span class='ocrx_word' id='word_1_600' title='bbox 3113 3777 3214 3847; x_wconf 85' lang='grc' dir='ltr'>τῆς</span> <span class='ocrx_word' id='word_1_601' title='bbox 3255 3775 3491 3838; x_wconf 86' lang='grc' dir='ltr'>πίστεως</span> <span class='ocrx_word' id='word_1_602' title='bbox 3519 3775 3655 3843; x_wconf 84' lang='grc' dir='ltr'>ὑμᾶς</span> <span class='ocrx_word' id='word_1_603' title='bbox 3685 3768 3800 3822; x_wconf 84' lang='grc' dir='ltr'>ἐκδι-</span> 
     </span>
    </p>
   </div>
   <div class='ocr_carea' id='block_1_85' title="bbox 2259 3861 3802 3943">
    <p class='ocr_par' dir='ltr' id='par_1_85' title="bbox 2259 3861 3802 3943">
     <span class='ocr_line' id='line_1_85' title="bbox 2259 3861 3802 3943; baseline -0.001 -15"><span class='ocrx_word' id='word_1_604' title='bbox 2259 3873 2492 3940; x_wconf 79' lang='grc' dir='ltr'>δάξομεν</span> <span class='ocrx_word' id='word_1_605' title='bbox 2503 3873 2574 3927; x_wconf 72' lang='grc'><strong>’³.</strong></span> <span class='ocrx_word' id='word_1_606' title='bbox 2589 3873 2728 3943; x_wconf 76' lang='grc' dir='ltr'><strong>Φησὶ</strong></span> <span class='ocrx_word' id='word_1_607' title='bbox 2757 3873 2892 3943; x_wconf 87' lang='grc' dir='ltr'>γάρ·</span> <span class='ocrx_word' id='word_1_608' title='bbox 2913 3870 3014 3926; x_wconf 88' lang='grc' dir='ltr'><strong>Διὸ</strong></span> <span class='ocrx_word' id='word_1_609' title='bbox 3041 3871 3299 3940; x_wconf 69' lang='grc' dir='ltr'>ἀφέντες</span> <span class='ocrx_word' id='word_1_610' title='bbox 3319 3869 3367 3902; x_wconf 77' lang='grc' dir='ltr'><strong>⁸ο</strong></span> <span class='ocrx_word' id='word_1_611' title='bbox 3387 3869 3497 3923; x_wconf 85' lang='grc' dir='ltr'>τὸν</span> <span class='ocrx_word' id='word_1_612' title='bbox 3515 3866 3620 3936; x_wconf 82' lang='grc' dir='ltr'>τῆς</span> <span class='ocrx_word' id='word_1_613' title='bbox 3644 3861 3802 3932; x_wconf 76' lang='grc' dir='ltr'>ἀρχῆς</span> 
     </span>
    </p>
   </div>
   <div class='ocr_carea' id='block_1_86' title="bbox 2259 3958 3798 4036">
    <p class='ocr_par' dir='ltr' id='par_1_86' title="bbox 2259 3958 3798 4036">
     <span class='ocr_line' id='line_1_86' title="bbox 2259 3958 3798 4036; baseline -0.008 -16"><span class='ocrx_word' id='word_1_614' title='bbox 2259 3967 2369 4022; x_wconf 87' lang='grc' dir='ltr'><strong>τοῦ</strong></span> <span class='ocrx_word' id='word_1_615' title='bbox 2382 3967 2641 4036; x_wconf 82' lang='grc' dir='ltr'>Χριστοῦ</span> <span class='ocrx_word' id='word_1_616' title='bbox 2662 3967 2872 4036; x_wconf 73' lang='grc' dir='ltr'>λόγον,</span> <span class='ocrx_word' id='word_1_617' title='bbox 2891 3965 2990 4019; x_wconf 74' lang='grc' dir='ltr'><strong>ἐπὶ</strong></span> <span class='ocrx_word' id='word_1_618' title='bbox 3004 3963 3120 4033; x_wconf 78' lang='grc' dir='ltr'><strong>τὴν</strong></span> <span class='ocrx_word' id='word_1_619' title='bbox 3139 3962 3492 4031; x_wconf 75' lang='grc' dir='ltr'>τελειότητα</span> <span class='ocrx_word' id='word_1_620' title='bbox 3510 3958 3798 4030; x_wconf 68' lang='grc' dir='ltr'>φερώμεθα.</span> 
     </span>
    </p>
   </div>
   <div class='ocr_carea' id='block_1_87' title="bbox 2261 4049 3803 4132">
    <p class='ocr_par' dir='ltr' id='par_1_87' title="bbox 2261 4049 3803 4132">
     <span class='ocr_line' id='line_1_87' title="bbox 2261 4049 3803 4132; baseline -0.003 -19"><span class='ocrx_word' id='word_1_621' title='bbox 2261 4060 2338 4114; x_wconf 81' lang='grc' dir='ltr'><strong>Οὐ</strong></span> <span class='ocrx_word' id='word_1_622' title='bbox 2366 4059 2472 4132; x_wconf 79' lang='grc' dir='ltr'>χρὴ</span> <span class='ocrx_word' id='word_1_623' title='bbox 2501 4059 2610 4130; x_wconf 84' lang='grc' dir='ltr'>γὰρ</span> <span class='ocrx_word' id='word_1_624' title='bbox 2639 4058 2788 4131; x_wconf 79' lang='grc' dir='ltr'>ἡμᾶς</span> <span class='ocrx_word' id='word_1_625' title='bbox 2804 4059 2849 4090; x_wconf 76' lang='grc'><strong>³⁸</strong></span> <span class='ocrx_word' id='word_1_626' title='bbox 2878 4058 3039 4112; x_wconf 82' lang='grc' dir='ltr'>πάλιν</span> <span class='ocrx_word' id='word_1_627' title='bbox 3069 4059 3148 4120; x_wconf 85' lang='grc' dir='ltr'><strong>είς</strong></span> <span class='ocrx_word' id='word_1_628' title='bbox 3173 4056 3244 4111; x_wconf 91' lang='grc' dir='ltr'><strong>τά</strong></span> <span class='ocrx_word' id='word_1_629' title='bbox 3272 4059 3518 4126; x_wconf 85' lang='grc' dir='ltr'>στοιχεῖα</span> <span class='ocrx_word' id='word_1_630' title='bbox 3537 4055 3633 4124; x_wconf 81' lang='grc' dir='ltr'>τῆς</span> <span class='ocrx_word' id='word_1_631' title='bbox 3659 4049 3803 4123; x_wconf 74' lang='grc' dir='ltr'>ἀρχῆς</span> 
     </span>
    </p>
   </div>
   <div class='ocr_carea' id='block_1_88' title="bbox 2260 4141 3805 4222">
    <p class='ocr_par' dir='ltr' id='par_1_88' title="bbox 2260 4141 3805 4222">
     <span class='ocr_line' id='line_1_88' title="bbox 2260 4141 3805 4222; baseline -0.009 -16"><span class='ocrx_word' id='word_1_632' title='bbox 2260 4153 2482 4221; x_wconf 72' lang='grc' dir='ltr'>ἀνάγειν</span> <span class='ocrx_word' id='word_1_633' title='bbox 2514 4153 2684 4222; x_wconf 80' lang='grc' dir='ltr'>ὑμᾶς,</span> <span class='ocrx_word' id='word_1_634' title='bbox 2717 4152 2805 4206; x_wconf 79' lang='grc' dir='ltr'>ἵνα</span> <span class='ocrx_word' id='word_1_635' title='bbox 2843 4151 2919 4222; x_wconf 83' lang='grc' dir='ltr'>μὴ</span> <span class='ocrx_word' id='word_1_636' title='bbox 2973 4150 3216 4220; x_wconf 80' lang='grc' dir='ltr'>δόξωμεν</span> <span class='ocrx_word' id='word_1_637' title='bbox 3266 4150 3434 4202; x_wconf 85' lang='grc' dir='ltr'>πάλιν</span> <span class='ocrx_word' id='word_1_638' title='bbox 3463 4148 3644 4218; x_wconf 74' lang='grc' dir='ltr'>ἕτερον</span> <span class='ocrx_word' id='word_1_639' title='bbox 3673 4141 3805 4211; x_wconf 81' lang='grc' dir='ltr'>θεμέ-</span> 
     </span>
    </p>
   </div>
   <div class='ocr_carea' id='block_1_89' title="bbox 2259 4234 3802 4314">
    <p class='ocr_par' dir='ltr' id='par_1_89' title="bbox 2259 4234 3802 4314">
     <span class='ocr_line' id='line_1_89' title="bbox 2259 4234 3802 4314; baseline -0.008 -16"><span class='ocrx_word' id='word_1_640' title='bbox 2259 4245 2374 4298; x_wconf 91' lang='grc' dir='ltr'>λιον</span> <span class='ocrx_word' id='word_1_641' title='bbox 2401 4243 2844 4299; x_wconf 80' lang='grc' dir='ltr'>καταϐάλλεσθαι</span> <span class='ocrx_word' id='word_1_642' title='bbox 2861 4259 2875 4274; x_wconf 89' lang='grc'><strong>·</strong></span> <span class='ocrx_word' id='word_1_643' title='bbox 2901 4243 2999 4297; x_wconf 74' lang='grc' dir='ltr'>καὶ</span> <span class='ocrx_word' id='word_1_644' title='bbox 3021 4243 3131 4313; x_wconf 82' lang='grc' dir='ltr'><strong>γάρ</strong></span> <span class='ocrx_word' id='word_1_645' title='bbox 3159 4259 3318 4314; x_wconf 77' lang='grc' dir='ltr'>φησιο</span> <span class='ocrx_word' id='word_1_646' title='bbox 3348 4241 3446 4310; x_wconf 87' lang='grc' dir='ltr'><strong>Μὴ</strong></span> <span class='ocrx_word' id='word_1_647' title='bbox 3468 4239 3649 4293; x_wconf 80' lang='grc' dir='ltr'>πάλιν</span> <span class='ocrx_word' id='word_1_648' title='bbox 3667 4234 3802 4303; x_wconf 80' lang='grc' dir='ltr'>θεμέ-</span> 
     </span>
    </p>
   </div>
   <div class='ocr_carea' id='block_1_90' title="bbox 2259 4326 3802 4408">
    <p class='ocr_par' dir='ltr' id='par_1_90' title="bbox 2259 4326 3802 4408">
     <span class='ocr_line' id='line_1_90' title="bbox 2259 4326 3802 4408; baseline -0.008 -15"><span class='ocrx_word' id='word_1_649' title='bbox 2259 4343 2397 4394; x_wconf 72' lang='grc' dir='ltr'>λιον</span> <span class='ocrx_word' id='word_1_650' title='bbox 2435 4340 2959 4407; x_wconf 68' lang='grc' dir='ltr'>καταϐαλλόμενοι</span> <span class='ocrx_word' id='word_1_651' title='bbox 2986 4335 3338 4408; x_wconf 77' lang='grc' dir='ltr'>[μετανοίας</span> <span class='ocrx_word' id='word_1_652' title='bbox 3364 4334 3434 4407; x_wconf 73' lang='grc'><strong>³’]</strong></span> <span class='ocrx_word' id='word_1_653' title='bbox 3465 4332 3582 4388; x_wconf 76' lang='grc' dir='ltr'><strong>ἀπὸ</strong></span> <span class='ocrx_word' id='word_1_654' title='bbox 3611 4326 3802 4396; x_wconf 71' lang='grc' dir='ltr'>νεκρῶν</span> 
     </span>
    </p>
   </div>
   <div class='ocr_carea' id='block_1_91' title="bbox 582 4417 2155 4506">
    <p class='ocr_par' dir='ltr' id='par_1_91' title="bbox 582 4419 2155 4506">
     <span class='ocr_line' id='line_1_91' title="bbox 582 4419 2155 4506; baseline -0.013 -14"><span class='ocrx_word' id='word_1_655' title='bbox 582 4435 986 4506; x_wconf 89' lang='lat' dir='ltr'><strong>impositiones.</strong></span> <span class='ocrx_word' id='word_1_656' title='bbox 1022 4433 1114 4488; x_wconf 87' lang='lat' dir='ltr'><strong>Sic</strong></span> <span class='ocrx_word' id='word_1_657' title='bbox 1149 4431 1316 4501; x_wconf 80' lang='lat' dir='ltr'><strong>igitur</strong></span> <span class='ocrx_word' id='word_1_658' title='bbox 1362 4427 1566 4482; x_wconf 86' lang='lat' dir='ltr'><strong>omittit</strong></span> <span class='ocrx_word' id='word_1_659' title='bbox 1597 4421 1974 4478; x_wconf 87' lang='lat' dir='ltr'><strong>elementalcm</strong></span> <span class='ocrx_word' id='word_1_660' title='bbox 2007 4419 2155 4474; x_wconf 88' lang='lat' dir='ltr'><strong>illam</strong></span> 
     </span>
    </p>
   </div>
   <div class='ocr_carea' id='block_1_92' title="bbox 2256 4417 3799 4506">
    <p class='ocr_par' dir='ltr' id='par_1_92' title="bbox 2260 4417 3799 4499">
     <span class='ocr_line' id='line_1_92' title="bbox 2260 4417 3799 4499; baseline -0.009 -17"><span class='ocrx_word' id='word_1_661' title='bbox 2260 4429 2449 4499; x_wconf 78' lang='grc' dir='ltr'>ἔργων</span> <span class='ocrx_word' id='word_1_662' title='bbox 2488 4427 2588 4480; x_wconf 75' lang='grc' dir='ltr'>καὶ</span> <span class='ocrx_word' id='word_1_663' title='bbox 2634 4427 2893 4492; x_wconf 80' lang='grc' dir='ltr'>πίστεως</span> <span class='ocrx_word' id='word_1_664' title='bbox 2925 4425 3023 4478; x_wconf 72' lang='grc' dir='ltr'><strong>ἐπὶ</strong></span> <span class='ocrx_word' id='word_1_665' title='bbox 3055 4424 3224 4488; x_wconf 84' lang='grc' dir='ltr'>Θεὸν,</span> <span class='ocrx_word' id='word_1_666' title='bbox 3275 4423 3641 4492; x_wconf 75' lang='grc' dir='ltr'>βαπτισμῶν</span> <span class='ocrx_word' id='word_1_667' title='bbox 3669 4417 3799 4472; x_wconf 74' lang='grc' dir='ltr'>διδα-</span> 
     </span>
    </p>
   </div>
   <div class='ocr_carea' id='block_1_93' title="bbox 582 4497 2155 4591">
    <p class='ocr_par' dir='ltr' id='par_1_93' title="bbox 582 4497 2155 4591">
     <span class='ocr_line' id='line_1_93' title="bbox 582 4497 2155 4591; baseline -0.011 -8"><span class='ocrx_word' id='word_1_668' title='bbox 582 4497 890 4583; x_wconf 74' lang='lat' dir='ltr'><strong>doctrinam</strong></span> <span class='ocrx_word' id='word_1_669' title='bbox 917 4524 1140 4588; x_wconf 87' lang='lat' dir='ltr'><strong>Paulus,</strong></span> <span class='ocrx_word' id='word_1_670' title='bbox 1166 4497 1224 4578; x_wconf 75' lang='lat' dir='ltr'><strong>et</strong></span> <span class='ocrx_word' id='word_1_671' title='bbox 1245 4521 1311 4575; x_wconf 86' lang='lat' dir='ltr'><strong>ad</strong></span> <span class='ocrx_word' id='word_1_672' title='bbox 1344 4518 1735 4591; x_wconf 82' lang='lat' dir='ltr'><strong>perfectionem</strong></span> <span class='ocrx_word' id='word_1_673' title='bbox 1765 4515 1933 4580; x_wconf 87' lang='lat' dir='ltr'><strong>venit,</strong></span> <span class='ocrx_word' id='word_1_674' title='bbox 1969 4512 2155 4566; x_wconf 89' lang='lat' dir='ltr'><strong>Salva-</strong></span> 
     </span>
    </p>
   </div>
   <div class='ocr_carea' id='block_1_94' title="bbox 2256 4497 3804 4591">
    <p class='ocr_par' dir='ltr' id='par_1_94' title="bbox 2262 4497 3804 4590">
     <span class='ocr_line' id='line_1_94' title="bbox 2262 4497 3804 4590; baseline -0.009 -17"><span class='ocrx_word' id='word_1_675' title='bbox 2262 4497 2399 4590; x_wconf 61' lang='grc' dir='ltr'><strong>χῆς,</strong></span> <span class='ocrx_word' id='word_1_676' title='bbox 2421 4515 2734 4580; x_wconf 80' lang='grc' dir='ltr'>ἐπιθέσεώς</span> <span class='ocrx_word' id='word_1_677' title='bbox 2770 4532 2833 4569; x_wconf 75' lang='grc' dir='ltr'><strong>τε</strong></span> <span class='ocrx_word' id='word_1_678' title='bbox 2861 4514 3093 4583; x_wconf 82' lang='grc' dir='ltr'>χειρῶν,</span> <span class='ocrx_word' id='word_1_679' title='bbox 3112 4512 3512 4579; x_wconf 83' lang='grc' dir='ltr'>ἀναστάσεὼς</span> <span class='ocrx_word' id='word_1_680' title='bbox 3530 4527 3592 4564; x_wconf 83' lang='grc' dir='ltr'><strong>τε</strong></span> <span class='ocrx_word' id='word_1_681' title='bbox 3612 4505 3804 4574; x_wconf 75' lang='grc' dir='ltr'>νεκρῶν</span> 
     </span>
    </p>
   </div>
   <div class='ocr_carea' id='block_1_95' title="bbox 583 4606 2162 4678">
    <p class='ocr_par' dir='ltr' id='par_1_95' title="bbox 583 4606 2162 4678">
     <span class='ocr_line' id='line_1_95' title="bbox 583 4606 2162 4678; baseline -0.011 -2"><span class='ocrx_word' id='word_1_682' title='bbox 583 4621 722 4676; x_wconf 88' lang='lat' dir='ltr'><strong>toris</strong></span> <span class='ocrx_word' id='word_1_683' title='bbox 758 4617 1127 4674; x_wconf 87' lang='lat' dir='ltr'><strong>sacerdotium</strong></span> <span class='ocrx_word' id='word_1_684' title='bbox 1157 4627 1412 4668; x_wconf 88' lang='lat' dir='ltr'><strong>narrans.</strong></span> <span class='ocrx_word' id='word_1_685' title='bbox 1453 4609 1520 4664; x_wconf 89' lang='lat' dir='ltr'><strong>Et</strong></span> <span class='ocrx_word' id='word_1_686' title='bbox 1547 4610 1652 4663; x_wconf 85' lang='lat' dir='ltr'><strong>hoc</strong></span> <span class='ocrx_word' id='word_1_687' title='bbox 1679 4606 1998 4678; x_wconf 76' lang='lat' dir='ltr'><strong>singulatim</strong></span> <span class='ocrx_word' id='word_1_688' title='bbox 2034 4620 2162 4674; x_wconf 82' lang='lat' dir='ltr'><strong>pro-</strong></span> 
     </span>
    </p>
   </div>
   <div class='ocr_carea' id='block_1_96' title="bbox 581 4694 2160 4780">
    <p class='ocr_par' dir='ltr' id='par_1_96' title="bbox 581 4694 2160 4780">
     <span class='ocr_line' id='line_1_96' title="bbox 581 4694 2160 4780; baseline -0.011 -15"><span class='ocrx_word' id='word_1_689' title='bbox 581 4710 867 4780; x_wconf 88' lang='lat' dir='ltr'><strong>sequitur,</strong></span> <span class='ocrx_word' id='word_1_690' title='bbox 902 4717 956 4763; x_wconf 85' lang='lat' dir='ltr'><strong>et</strong></span> <span class='ocrx_word' id='word_1_691' title='bbox 985 4702 1262 4776; x_wconf 90' lang='lat' dir='ltr'><strong>quomodo</strong></span> <span class='ocrx_word' id='word_1_692' title='bbox 1315 4698 1621 4756; x_wconf 90' lang='lat' dir='ltr'><strong>secundum</strong></span> <span class='ocrx_word' id='word_1_693' title='bbox 1655 4696 1897 4752; x_wconf 90' lang='lat' dir='ltr'><strong>ordinem</strong></span> <span class='ocrx_word' id='word_1_694' title='bbox 1933 4694 2160 4750; x_wconf 78' lang='lat' dir='ltr'><strong>Melchi-</strong></span> 
     </span>
    </p>
   </div>
   <div class='ocr_carea' id='block_1_97' title="bbox 2261 4596 3800 4678">
    <p class='ocr_par' dir='ltr' id='par_1_97' title="bbox 2261 4596 3800 4678">
     <span class='ocr_line' id='line_1_97' title="bbox 2261 4596 3800 4678; baseline -0.011 -15"><span class='ocrx_word' id='word_1_695' title='bbox 2261 4609 2362 4664; x_wconf 78' lang='grc' dir='ltr'>καὶ</span> <span class='ocrx_word' id='word_1_696' title='bbox 2404 4609 2688 4678; x_wconf 78' lang='grc' dir='ltr'>κρίματος</span> <span class='ocrx_word' id='word_1_697' title='bbox 2725 4607 2989 4661; x_wconf 81' lang='grc' dir='ltr'>αἰωνίου.</span> <span class='ocrx_word' id='word_1_698' title='bbox 3037 4605 3210 4659; x_wconf 87' lang='grc' dir='ltr'>Τοῦτο</span> <span class='ocrx_word' id='word_1_699' title='bbox 3239 4604 3536 4675; x_wconf 83' lang='grc' dir='ltr'>τοιγαροῦν</span> <span class='ocrx_word' id='word_1_700' title='bbox 3576 4601 3713 4672; x_wconf 85' lang='grc' dir='ltr'><strong>δηλοί</strong></span> <span class='ocrx_word' id='word_1_701' title='bbox 3739 4596 3800 4656; x_wconf 78' lang='grc' dir='ltr'><strong>τὸ,</strong></span> 
     </span>
    </p>
   </div>
   <div class='ocr_carea' id='block_1_98' title="bbox 2260 4689 3803 4771">
    <p class='ocr_par' dir='ltr' id='par_1_98' title="bbox 2260 4689 3803 4771">
     <span class='ocr_line' id='line_1_98' title="bbox 2260 4689 3803 4771; baseline -0.012 -15"><span class='ocrx_word' id='word_1_702' title='bbox 2260 4701 2358 4756; x_wconf 85' lang='grc' dir='ltr'><strong>Διὸ</strong></span> <span class='ocrx_word' id='word_1_703' title='bbox 2388 4700 2646 4771; x_wconf 70' lang='grc' dir='ltr'>ἀφέντες</span> <span class='ocrx_word' id='word_1_704' title='bbox 2683 4698 2794 4752; x_wconf 85' lang='grc' dir='ltr'>τὸν</span> <span class='ocrx_word' id='word_1_705' title='bbox 2823 4696 2932 4767; x_wconf 81' lang='grc' dir='ltr'>τῆς</span> <span class='ocrx_word' id='word_1_706' title='bbox 2957 4695 3151 4766; x_wconf 80' lang='grc' dir='ltr'>ἀρχῆς</span> <span class='ocrx_word' id='word_1_707' title='bbox 3179 4697 3286 4751; x_wconf 87' lang='grc' dir='ltr'><strong>τοῦ</strong></span> <span class='ocrx_word' id='word_1_708' title='bbox 3321 4697 3474 4751; x_wconf 82' lang='grc' dir='ltr'>Θεοῦ</span> <span class='ocrx_word' id='word_1_709' title='bbox 3513 4696 3706 4763; x_wconf 74' lang='grc' dir='ltr'>λόγον,</span> <span class='ocrx_word' id='word_1_710' title='bbox 3729 4689 3803 4741; x_wconf 73' lang='grc' dir='ltr'><strong>καὶ</strong></span> 
     </span>
    </p>
   </div>
   <div class='ocr_carea' id='block_1_99' title="bbox 581 4781 2155 4863">
    <p class='ocr_par' dir='ltr' id='par_1_99' title="bbox 581 4786 2155 4859">
     <span class='ocr_line' id='line_1_99' title="bbox 581 4786 2155 4859; baseline -0.011 -1"><span class='ocrx_word' id='word_1_711' title='bbox 581 4801 782 4858; x_wconf 85' lang='lat' dir='ltr'><strong>sedech</strong></span> <span class='ocrx_word' id='word_1_712' title='bbox 802 4799 1068 4854; x_wconf 89' lang='lat' dir='ltr'><strong>Dominus</strong></span> <span class='ocrx_word' id='word_1_713' title='bbox 1093 4796 1167 4852; x_wconf 90' lang='lat' dir='ltr'><strong>sit</strong></span> <span class='ocrx_word' id='word_1_714' title='bbox 1203 4792 1483 4849; x_wconf 88' lang='lat' dir='ltr'><strong>sacerdos.</strong></span> <span class='ocrx_word' id='word_1_715' title='bbox 1507 4788 1790 4845; x_wconf 84' lang='lat' dir='ltr'><strong>Sententia</strong></span> <span class='ocrx_word' id='word_1_716' title='bbox 1825 4788 1993 4859; x_wconf 82' lang='lat' dir='ltr'><strong>igitur</strong></span> <span class='ocrx_word' id='word_1_717' title='bbox 2027 4786 2155 4842; x_wconf 87' lang='lat' dir='ltr'><strong>dicti</strong></span> 
     </span>
    </p>
   </div>
   <div class='ocr_carea' id='block_1_100' title="bbox 2256 4781 3801 4863">
    <p class='ocr_par' dir='ltr' id='par_1_100' title="bbox 2261 4781 3801 4863">
     <span class='ocr_line' id='line_1_100' title="bbox 2261 4781 3801 4863; baseline -0.01 -15"><span class='ocrx_word' id='word_1_718' title='bbox 2261 4791 2410 4863; x_wconf 77' lang='grc' dir='ltr'>ἑξῆς.</span> <span class='ocrx_word' id='word_1_719' title='bbox 2444 4792 2520 4845; x_wconf 82' lang='grc' dir='ltr'>Τὸ</span> <span class='ocrx_word' id='word_1_720' title='bbox 2547 4791 2628 4844; x_wconf 70' lang='grc' dir='ltr'>δέ*</span> <span class='ocrx_word' id='word_1_721' title='bbox 2671 4789 2780 4845; x_wconf 79' lang='grc' dir='ltr'><strong>Καὶ</strong></span> <span class='ocrx_word' id='word_1_722' title='bbox 2811 4789 2988 4844; x_wconf 90' lang='grc' dir='ltr'>τοῦτο</span> <span class='ocrx_word' id='word_1_723' title='bbox 3026 4787 3388 4858; x_wconf 76' lang='grc' dir='ltr'>ποιήσομεν,</span> <span class='ocrx_word' id='word_1_724' title='bbox 3418 4787 3529 4840; x_wconf 86' lang='grc' dir='ltr'><strong>ἐὰν</strong></span> <span class='ocrx_word' id='word_1_725' title='bbox 3554 4781 3801 4849; x_wconf 76' lang='grc' dir='ltr'>ἐπιτρέπῃ</span> 
     </span>
    </p>
   </div>
   <div class='ocr_carea' id='block_1_101' title="bbox 578 4879 2156 4966">
    <p class='ocr_par' dir='ltr' id='par_1_101' title="bbox 578 4879 2156 4966">
     <span class='ocr_line' id='line_1_101' title="bbox 578 4879 2156 4966; baseline -0.012 -16"><span class='ocrx_word' id='word_1_726' title='bbox 578 4893 850 4966; x_wconf 81' lang='lat' dir='ltr'><strong>Apostoli,</strong></span> <span class='ocrx_word' id='word_1_727' title='bbox 881 4900 936 4946; x_wconf 91' lang='lat' dir='ltr'><strong>ut</strong></span> <span class='ocrx_word' id='word_1_728' title='bbox 973 4903 1117 4958; x_wconf 82' lang='lat' dir='ltr'><strong>saepe</strong></span> <span class='ocrx_word' id='word_1_729' title='bbox 1148 4886 1390 4941; x_wconf 82' lang='lat' dir='ltr'><strong>diximus</strong></span> <span class='ocrx_word' id='word_1_730' title='bbox 1419 4883 1566 4954; x_wconf 88' lang='lat' dir='ltr'><strong>(etsi</strong></span> <span class='ocrx_word' id='word_1_731' title='bbox 1603 4882 1736 4936; x_wconf 90' lang='lat' dir='ltr'><strong>illud</strong></span> <span class='ocrx_word' id='word_1_732' title='bbox 1767 4895 1864 4950; x_wconf 87' lang='lat' dir='ltr'><strong>pro</strong></span> <span class='ocrx_word' id='word_1_733' title='bbox 1891 4895 1950 4936; x_wconf 89' lang='lat' dir='ltr'><strong>se</strong></span> <span class='ocrx_word' id='word_1_734' title='bbox 1983 4879 2156 4935; x_wconf 90' lang='lat' dir='ltr'><strong>addu-</strong></span> 
     </span>
    </p>
   </div>
   <div class='ocr_carea' id='block_1_102' title="bbox 578 4972 2149 5058">
    <p class='ocr_par' dir='ltr' id='par_1_102' title="bbox 578 4972 2149 5058">
     <span class='ocr_line' id='line_1_102' title="bbox 578 4972 2149 5058; baseline -0.011 -16"><span class='ocrx_word' id='word_1_735' title='bbox 578 4985 760 5058; x_wconf 87' lang='lat' dir='ltr'><strong>cant),</strong></span> <span class='ocrx_word' id='word_1_736' title='bbox 797 4997 898 5054; x_wconf 90' lang='lat' dir='ltr'><strong>pro</strong></span> <span class='ocrx_word' id='word_1_737' title='bbox 931 4977 1254 5035; x_wconf 83' lang='lat' dir='ltr'><strong>Novatianis</strong></span> <span class='ocrx_word' id='word_1_738' title='bbox 1295 4990 1406 5030; x_wconf 92' lang='lat' dir='ltr'><strong>non</strong></span> <span class='ocrx_word' id='word_1_739' title='bbox 1440 4974 1590 5039; x_wconf 78' lang='lat' dir='ltr'><strong>facit,</strong></span> <span class='ocrx_word' id='word_1_740' title='bbox 1613 4973 1706 5029; x_wconf 87' lang='lat' dir='ltr'><strong>sed</strong></span> <span class='ocrx_word' id='word_1_741' title='bbox 1731 4972 1972 5027; x_wconf 90' lang='lat' dir='ltr'><strong>ostendit</strong></span> <span class='ocrx_word' id='word_1_742' title='bbox 2001 4986 2149 5035; x_wconf 88' lang='lat' dir='ltr'><strong>eum,</strong></span> 
     </span>
    </p>
   </div>
   <div class='ocr_carea' id='block_1_103' title="bbox 2259 4870 3801 4952">
    <p class='ocr_par' dir='ltr' id='par_1_103' title="bbox 2259 4870 3801 4952">
     <span class='ocr_line' id='line_1_103' title="bbox 2259 4870 3801 4952; baseline -0.006 -14"><span class='ocrx_word' id='word_1_743' title='bbox 2259 4888 2292 4938; x_wconf 86' lang='grc' dir='ltr'><strong>ό</strong></span> <span class='ocrx_word' id='word_1_744' title='bbox 2324 4885 2560 4952; x_wconf 80' lang='grc' dir='ltr'>Κύριος,</span> <span class='ocrx_word' id='word_1_745' title='bbox 2595 4882 2675 4944; x_wconf 82' lang='grc' dir='ltr'><strong>είς</strong></span> <span class='ocrx_word' id='word_1_746' title='bbox 2698 4880 2790 4933; x_wconf 77' lang='grc' dir='ltr'>τὸν</span> <span class='ocrx_word' id='word_1_747' title='bbox 2833 4879 2999 4932; x_wconf 75' lang='grc' dir='ltr'>αὑτὸν</span> <span class='ocrx_word' id='word_1_748' title='bbox 3030 4879 3316 4948; x_wconf 84' lang='grc' dir='ltr'>συντρέχει</span> <span class='ocrx_word' id='word_1_749' title='bbox 3349 4876 3498 4939; x_wconf 88' lang='grc' dir='ltr'>νοῦν,</span> <span class='ocrx_word' id='word_1_750' title='bbox 3528 4875 3588 4928; x_wconf 78' lang='grc' dir='ltr'><strong>τὸ</strong></span> <span class='ocrx_word' id='word_1_751' title='bbox 3615 4870 3801 4943; x_wconf 67' lang='grc' dir='ltr'>μηκέτι,</span> 
     </span>
    </p>
   </div>
   <div class='ocr_carea' id='block_1_104' title="bbox 2260 4961 3803 5048">
    <p class='ocr_par' dir='ltr' id='par_1_104' title="bbox 2260 4961 3803 5048">
     <span class='ocr_line' id='line_1_104' title="bbox 2260 4961 3803 5048; baseline -0.007 -19"><span class='ocrx_word' id='word_1_752' title='bbox 2260 4978 2448 5048; x_wconf 75' lang='grc' dir='ltr'>φησὶν,</span> <span class='ocrx_word' id='word_1_753' title='bbox 2502 4970 2852 5042; x_wconf 82' lang='grc' dir='ltr'>ἀπάρχεσθαι</span> <span class='ocrx_word' id='word_1_754' title='bbox 2899 4969 3000 5039; x_wconf 83' lang='grc' dir='ltr'>τῆς</span> <span class='ocrx_word' id='word_1_755' title='bbox 3053 4967 3436 5038; x_wconf 82' lang='grc' dir='ltr'>στοιχειώδους</span> <span class='ocrx_word' id='word_1_756' title='bbox 3493 4961 3803 5020; x_wconf 77' lang='grc' dir='ltr'>διδασκαλίας</span> 
     </span>
    </p>
   </div>
   <div class='ocr_carea' id='block_1_105' title="bbox 579 5052 2155 5148">
    <p class='ocr_par' dir='ltr' id='par_1_105' title="bbox 579 5062 2155 5148">
     <span class='ocr_line' id='line_1_105' title="bbox 579 5062 2155 5148; baseline -0.009 -18"><span class='ocrx_word' id='word_1_757' title='bbox 579 5077 675 5148; x_wconf 89' lang='lat' dir='ltr'><strong>qui</strong></span> <span class='ocrx_word' id='word_1_758' title='bbox 705 5075 875 5130; x_wconf 89' lang='lat' dir='ltr'><strong>semel</strong></span> <span class='ocrx_word' id='word_1_759' title='bbox 927 5072 1270 5126; x_wconf 85' lang='lat' dir='ltr'><strong>llluminatus</strong></span> <span class='ocrx_word' id='word_1_760' title='bbox 1306 5068 1414 5134; x_wconf 86' lang='lat' dir='ltr'><strong>sit,</strong></span> <span class='ocrx_word' id='word_1_761' title='bbox 1447 5081 1557 5121; x_wconf 92' lang='lat' dir='ltr'><strong>non</strong></span> <span class='ocrx_word' id='word_1_762' title='bbox 1610 5065 1856 5132; x_wconf 85' lang='lat' dir='ltr'><strong>indigere</strong></span> <span class='ocrx_word' id='word_1_763' title='bbox 1915 5062 2155 5118; x_wconf 86' lang='lat' dir='ltr'><strong>secundo</strong></span> 
     </span>
    </p>
   </div>
   <div class='ocr_carea' id='block_1_106' title="bbox 2256 5052 3802 5148">
    <p class='ocr_par' dir='ltr' id='par_1_106' title="bbox 2263 5052 3802 5138">
     <span class='ocr_line' id='line_1_106' title="bbox 2263 5052 3802 5138; baseline -0.012 -17"><span class='ocrx_word' id='word_1_764' title='bbox 2263 5069 2413 5138; x_wconf 81' lang='grc' dir='ltr'>ὑμῖν,</span> <span class='ocrx_word' id='word_1_765' title='bbox 2454 5067 2632 5137; x_wconf 82' lang='grc' dir='ltr'>ἥνπερ</span> <span class='ocrx_word' id='word_1_766' title='bbox 2663 5064 2784 5118; x_wconf 86' lang='grc' dir='ltr'>κατ’</span> <span class='ocrx_word' id='word_1_767' title='bbox 2813 5062 2990 5133; x_wconf 74' lang='grc' dir='ltr'>ἀρχὰς</span> <span class='ocrx_word' id='word_1_768' title='bbox 3016 5061 3065 5113; x_wconf 78' lang='grc' dir='ltr'>οἱ</span> <span class='ocrx_word' id='word_1_769' title='bbox 3092 5059 3172 5131; x_wconf 81' lang='grc' dir='ltr'>τῷ</span> <span class='ocrx_word' id='word_1_770' title='bbox 3205 5059 3554 5132; x_wconf 86' lang='grc' dir='ltr'>βαπτίσματι</span> <span class='ocrx_word' id='word_1_771' title='bbox 3588 5052 3802 5128; x_wconf 86' lang='grc' dir='ltr'>προσιόν-</span> 
     </span>
    </p>
   </div>
   <div class='ocr_carea' id='block_1_107' title="bbox 579 5143 2155 5236">
    <p class='ocr_par' dir='ltr' id='par_1_107' title="bbox 579 5143 2152 5236">
     <span class='ocr_line' id='line_1_107' title="bbox 579 5143 2152 5236; baseline -0.01 -15"><span class='ocrx_word' id='word_1_772' title='bbox 579 5143 872 5236; x_wconf 81' lang='lat' dir='ltr'><strong>baptismo.</strong></span> <span class='ocrx_word' id='word_1_773' title='bbox 909 5161 1016 5228; x_wconf 85' lang='lat' dir='ltr'><strong>Qui</strong></span> <span class='ocrx_word' id='word_1_774' title='bbox 1044 5161 1185 5216; x_wconf 86' lang='lat' dir='ltr'><strong>enim</strong></span> <span class='ocrx_word' id='word_1_775' title='bbox 1223 5158 1363 5212; x_wconf 82' lang='lat' dir='ltr'><strong>lotus</strong></span> <span class='ocrx_word' id='word_1_776' title='bbox 1404 5165 1507 5224; x_wconf 89' lang='lat' dir='ltr'><strong>est,</strong></span> <span class='ocrx_word' id='word_1_777' title='bbox 1542 5155 1888 5211; x_wconf 88' lang='lat' dir='ltr'><strong>utDominus</strong></span> <span class='ocrx_word' id='word_1_778' title='bbox 1916 5154 2014 5218; x_wconf 87' lang='lat' dir='ltr'><strong>ait,</strong></span> <span class='ocrx_word' id='word_1_779' title='bbox 2050 5170 2152 5206; x_wconf 92' lang='lat' dir='ltr'><strong>non</strong></span> 
     </span>
    </p>
   </div>
   <div class='ocr_carea' id='block_1_108' title="bbox 2256 5143 3802 5236">
    <p class='ocr_par' dir='ltr' id='par_1_108' title="bbox 2262 5143 3802 5224">
     <span class='ocr_line' id='line_1_108' title="bbox 2262 5143 3802 5224; baseline -0.01 -11"><span class='ocrx_word' id='word_1_780' title='bbox 2262 5178 2353 5223; x_wconf 84' lang='grc' dir='ltr'><strong>τες</strong></span> <span class='ocrx_word' id='word_1_781' title='bbox 2371 5157 2716 5212; x_wconf 78' lang='grc' dir='ltr'>ἐδιδάσκοντο</span> <span class='ocrx_word' id='word_1_782' title='bbox 2734 5171 2748 5186; x_wconf 90' lang='grc'><strong>·</strong></span> <span class='ocrx_word' id='word_1_783' title='bbox 2763 5154 2879 5209; x_wconf 84' lang='grc' dir='ltr'>ἀλλ’</span> <span class='ocrx_word' id='word_1_784' title='bbox 2904 5155 2998 5208; x_wconf 76' lang='grc' dir='ltr'>ἐπὶ</span> <span class='ocrx_word' id='word_1_785' title='bbox 3011 5152 3113 5224; x_wconf 82' lang='grc' dir='ltr'>τὴν</span> <span class='ocrx_word' id='word_1_786' title='bbox 3138 5152 3464 5222; x_wconf 81' lang='grc' dir='ltr'>τελειότητα</span> <span class='ocrx_word' id='word_1_787' title='bbox 3487 5143 3802 5218; x_wconf 73' lang='grc' dir='ltr'>ἀναγώμεθα-</span> 
     </span>
    </p>
   </div>
   <div class='ocr_carea' id='block_1_109' title="bbox 577 5238 2155 5331">
    <p class='ocr_par' dir='ltr' id='par_1_109' title="bbox 577 5251 2150 5331">
     <span class='ocr_line' id='line_1_109' title="bbox 577 5251 2150 5331; baseline -0.008 -17"><span class='ocrx_word' id='word_1_788' title='bbox 577 5262 776 5331; x_wconf 84' lang='lat' dir='ltr'><strong>indiget</strong></span> <span class='ocrx_word' id='word_1_789' title='bbox 810 5259 912 5314; x_wconf 84' lang='lat' dir='ltr'><strong>nisi</strong></span> <span class='ocrx_word' id='word_1_790' title='bbox 951 5267 1009 5312; x_wconf 91' lang='lat' dir='ltr'><strong>ut</strong></span> <span class='ocrx_word' id='word_1_791' title='bbox 1046 5257 1200 5326; x_wconf 84' lang='lat' dir='ltr'><strong>pedes</strong></span> <span class='ocrx_word' id='word_1_792' title='bbox 1233 5254 1365 5308; x_wconf 80' lang='lat' dir='ltr'><strong>lavet</strong></span> <span class='ocrx_word' id='word_1_793' title='bbox 1399 5261 1452 5320; x_wconf 70' lang='grc'>1,</span> <span class='ocrx_word' id='word_1_794' title='bbox 1508 5253 1614 5308; x_wconf 88' lang='lat' dir='ltr'><strong>hoc</strong></span> <span class='ocrx_word' id='word_1_795' title='bbox 1641 5260 1746 5320; x_wconf 89' lang='lat' dir='ltr'><strong>est,</strong></span> <span class='ocrx_word' id='word_1_796' title='bbox 1804 5266 1912 5307; x_wconf 88' lang='lat' dir='ltr'><strong>non</strong></span> <span class='ocrx_word' id='word_1_797' title='bbox 1951 5251 2150 5304; x_wconf 89' lang='lat' dir='ltr'><strong>iterum</strong></span> 
     </span>
    </p>
   </div>
   <div class='ocr_carea' id='block_1_110' title="bbox 2256 5238 3806 5331">
    <p class='ocr_par' dir='ltr' id='par_1_110' title="bbox 2257 5238 3806 5324">
     <span class='ocr_line' id='line_1_110' title="bbox 2257 5238 3806 5324; baseline -0.032 14"><span class='ocrx_word' id='word_1_798' title='bbox 2257 5252 2322 5306; x_wconf 64' lang='grc' dir='ltr'><strong>Εἰ</strong></span> <span class='ocrx_word' id='word_1_799' title='bbox 2351 5251 2461 5324; x_wconf 67' lang='grc' dir='ltr'><strong>γὰρ</strong></span> <span class='ocrx_word' id='word_1_800' title='bbox 2490 5251 2586 5305; x_wconf 54' lang='grc' dir='ltr'><strong>καὶ</strong></span> <span class='ocrx_word' id='word_1_801' title='bbox 2619 5249 2984 5320; x_wconf 69' lang='grc' dir='ltr'><strong>ὤλισθήσατεν</strong></span> <span class='ocrx_word' id='word_1_802' title='bbox 3019 5247 3136 5302; x_wconf 81' lang='grc' dir='ltr'>ἀλλ’</span> <span class='ocrx_word' id='word_1_803' title='bbox 3184 5245 3280 5301; x_wconf 77' lang='grc' dir='ltr'><strong>οὖν</strong></span> <span class='ocrx_word' id='word_1_804' title='bbox 3293 5248 3339 5279; x_wconf 84' lang='grc'>³³</span> <span class='ocrx_word' id='word_1_805' title='bbox 3389 5247 3452 5300; x_wconf 78' lang='grc' dir='ltr'><strong>οὐ</strong></span> <span class='ocrx_word' id='word_1_806' title='bbox 3493 5240 3709 5298; x_wconf 84' lang='grc' dir='ltr'>δύνασθε</span> <span class='ocrx_word' id='word_1_807' title='bbox 3736 5238 3806 5288; x_wconf 76' lang='grc' dir='ltr'>θε-</span> 
     </span>
    </p>
   </div>
   <div class='ocr_carea' id='block_1_111' title="bbox 577 5343 2160 5437">
    <p class='ocr_par' dir='ltr' id='par_1_111' title="bbox 577 5343 2160 5437">
     <span class='ocr_line' id='line_1_111' title="bbox 577 5343 2160 5437; baseline -0.008 -29"><span class='ocrx_word' id='word_1_808' title='bbox 577 5353 907 5437; x_wconf 82' lang='lat' dir='ltr'><strong>baptismatc</strong></span> <span class='ocrx_word' id='word_1_809' title='bbox 931 5349 1138 5420; x_wconf 88' lang='lat' dir='ltr'><strong>indiget</strong></span> <span class='ocrx_word' id='word_1_810' title='bbox 1168 5355 1456 5418; x_wconf 84' lang='lat' dir='ltr'><strong>postquam</strong></span> <span class='ocrx_word' id='word_1_811' title='bbox 1481 5346 1744 5417; x_wconf 87' lang='lat' dir='ltr'><strong>peccavit,</strong></span> <span class='ocrx_word' id='word_1_812' title='bbox 1771 5345 1865 5400; x_wconf 90' lang='lat' dir='ltr'><strong>sed</strong></span> <span class='ocrx_word' id='word_1_813' title='bbox 1893 5353 1952 5398; x_wconf 90' lang='lat' dir='ltr'><strong>ut</strong></span> <span class='ocrx_word' id='word_1_814' title='bbox 1985 5343 2160 5416; x_wconf 80' lang='lat' dir='ltr'><strong>lacry-</strong></span> 
     </span>
    </p>
   </div>
   <div class='ocr_carea' id='block_1_112' title="bbox 2267 5327 3805 5418">
    <p class='ocr_par' dir='ltr' id='par_1_112' title="bbox 2267 5327 3805 5418">
     <span class='ocr_line' id='line_1_112' title="bbox 2267 5327 3805 5418; baseline -0.012 -18"><span class='ocrx_word' id='word_1_815' title='bbox 2267 5345 2449 5418; x_wconf 87' lang='grc' dir='ltr'>μέλιον</span> <span class='ocrx_word' id='word_1_816' title='bbox 2479 5344 2717 5406; x_wconf 84' lang='grc' dir='ltr'>πίστεως</span> <span class='ocrx_word' id='word_1_817' title='bbox 2756 5341 2921 5396; x_wconf 80' lang='grc' dir='ltr'>πάλιν</span> <span class='ocrx_word' id='word_1_818' title='bbox 2949 5337 3206 5412; x_wconf 85' lang='grc' dir='ltr'>δέχεσθαι</span> <span class='ocrx_word' id='word_1_819' title='bbox 3235 5338 3365 5393; x_wconf 81' lang='grc' dir='ltr'>οὐδὲ</span> <span class='ocrx_word' id='word_1_820' title='bbox 3395 5338 3673 5411; x_wconf 82' lang='grc' dir='ltr'>βάπτισμα</span> <span class='ocrx_word' id='word_1_821' title='bbox 3703 5327 3805 5383; x_wconf 80' lang='grc' dir='ltr'>δεύ-</span> 
     </span>
    </p>
   </div>
   <div class='ocr_carea' id='block_1_113' title="bbox 649 5457 2155 5531">
    <p class='ocr_par' dir='ltr' id='par_1_113' title="bbox 649 5457 2143 5531">
     <span class='ocr_line' id='line_1_113' title="bbox 649 5457 2143 5531; baseline -0.005 -11"><span class='ocrx_word' id='word_1_822' title='bbox 649 5475 678 5504; x_wconf 64' lang='lat'>“</span> <span class='ocrx_word' id='word_1_823' title='bbox 707 5464 844 5522; x_wconf 87' lang='lat' dir='ltr'><strong>Heb.</strong></span> <span class='ocrx_word' id='word_1_824' title='bbox 867 5479 922 5531; x_wconf 88' lang='lat' dir='ltr'><strong>v,</strong></span> <span class='ocrx_word' id='word_1_825' title='bbox 957 5463 1045 5519; x_wconf 76' lang='grc'><strong>12.</strong></span> <span class='ocrx_word' id='word_1_826' title='bbox 1113 5472 1142 5504; x_wconf 70' lang='grc' dir='ltr'><strong>ν</strong></span> <span class='ocrx_word' id='word_1_827' title='bbox 1187 5460 1320 5518; x_wconf 83' lang='lat' dir='ltr'><strong>Ileb.</strong></span> <span class='ocrx_word' id='word_1_828' title='bbox 1349 5477 1434 5528; x_wconf 79' lang='lat' dir='ltr'><strong>vr,</strong></span> <span class='ocrx_word' id='word_1_829' title='bbox 1469 5460 1519 5515; x_wconf 82' lang='grc'>1.</span> <span class='ocrx_word' id='word_1_830' title='bbox 1573 5468 1599 5496; x_wconf 70' lang='grc' dir='ltr'><strong>κ</strong></span> <span class='ocrx_word' id='word_1_831' title='bbox 1629 5457 1762 5514; x_wconf 90' lang='lat' dir='ltr'><strong>ibid.</strong></span> <span class='ocrx_word' id='word_1_832' title='bbox 1790 5459 1843 5512; x_wconf 80' lang='grc'>5.</span> <span class='ocrx_word' id='word_1_833' title='bbox 1920 5467 1948 5506; x_wconf 67' lang='grc' dir='ltr'><strong><em>γ</em></strong></span> <span class='ocrx_word' id='word_1_834' title='bbox 1984 5457 2143 5514; x_wconf 83' lang='lat' dir='ltr'><strong>Joan.</strong></span> 
     </span>
    </p>
   </div>
   <div class='ocr_carea' id='block_1_114' title="bbox 2256 5457 2434 5531">
    <p class='ocr_par' dir='ltr' id='par_1_114' title="bbox 2256 5462 2434 5527">
     <span class='ocr_line' id='line_1_114' title="bbox 2256 5462 2434 5527; baseline -0.006 -12"><span class='ocrx_word' id='word_1_835' title='bbox 2256 5478 2313 5527; x_wconf 90' lang='grc' dir='ltr'><strong>ιι,</strong></span> <span class='ocrx_word' id='word_1_836' title='bbox 2347 5462 2434 5515; x_wconf 83' lang='grc'>10.</span> 
     </span>
    </p>
   </div>
   <div class='ocr_carea' id='block_1_115' title="bbox 1840 5577 2526 5635">
    <p class='ocr_par' dir='ltr' id='par_1_115' title="bbox 1840 5577 2526 5635">
     <span class='ocr_line' id='line_1_115' title="bbox 1840 5577 2526 5635; baseline -0.001 0"><span class='ocrx_word' id='word_1_837' title='bbox 1840 5579 2078 5635; x_wconf 71' lang='lat' dir='ltr'><strong>VARUE</strong></span> <span class='ocrx_word' id='word_1_838' title='bbox 2126 5577 2526 5634; x_wconf 75' lang='lat' dir='ltr'><strong>LECTIONES.</strong></span> 
     </span>
    </p>
   </div>
   <div class='ocr_carea' id='block_1_116' title="bbox 645 5672 2062 5747">
    <p class='ocr_par' dir='ltr' id='par_1_116' title="bbox 645 5672 2062 5747">
     <span class='ocr_line' id='line_1_116' title="bbox 645 5672 2062 5747; baseline -0.004 -17"><span class='ocrx_word' id='word_1_839' title='bbox 645 5677 694 5721; x_wconf 60' lang='grc' dir='ltr'><strong>ι*</strong></span> <span class='ocrx_word' id='word_1_840' title='bbox 730 5675 810 5747; x_wconf 79' lang='grc' dir='ltr'>τῷ</span> <span class='ocrx_word' id='word_1_841' title='bbox 847 5674 976 5747; x_wconf 68' lang='lat' dir='ltr'><strong>add.</strong></span> <span class='ocrx_word' id='word_1_842' title='bbox 1003 5675 1102 5747; x_wconf 69' lang='lat' dir='ltr'><strong>B._</strong></span> <span class='ocrx_word' id='word_1_843' title='bbox 1140 5673 1188 5706; x_wconf 74' lang='grc'><strong>’⁵</strong></span> <span class='ocrx_word' id='word_1_844' title='bbox 1226 5672 1362 5747; x_wconf 57' lang='grc' dir='ltr'><strong>ἦρ.</strong></span> <span class='ocrx_word' id='word_1_845' title='bbox 1401 5673 1506 5747; x_wconf 32' lang='grc' dir='ltr'>ε-Αεί</span> <span class='ocrx_word' id='word_1_846' title='bbox 1529 5690 1591 5747; x_wconf 72' lang='grc' dir='ltr'><strong>ς.</strong></span> <span class='ocrx_word' id='word_1_847' title='bbox 1683 5673 1729 5704; x_wconf 78' lang='grc'><strong>’⁸</strong></span> <span class='ocrx_word' id='word_1_848' title='bbox 1759 5672 1836 5747; x_wconf 72' lang='grc' dir='ltr'>τῷ</span> <span class='ocrx_word' id='word_1_849' title='bbox 1861 5689 1970 5727; x_wconf 84' lang='grc' dir='ltr'>οιιι.</span> <span class='ocrx_word' id='word_1_850' title='bbox 2002 5672 2062 5747; x_wconf 76' lang='grc' dir='ltr'>Β.</span> 
     </span>
    </p>
   </div>
   <div class='ocr_carea' id='block_1_117' title="bbox 2165 5670 3157 5743">
    <p class='ocr_par' dir='ltr' id='par_1_117' title="bbox 2165 5670 3157 5743">
     <span class='ocr_line' id='line_1_117' title="bbox 2165 5670 3157 5743; baseline -0.001 -18"><span class='ocrx_word' id='word_1_851' title='bbox 2165 5673 2208 5704; x_wconf 73' lang='grc'><strong>’⁷</strong></span> <span class='ocrx_word' id='word_1_852' title='bbox 2253 5671 2892 5743; x_wconf 41' lang='grc' dir='ltr'>βαπτισμῶν-διαφορᾶς</span> <span class='ocrx_word' id='word_1_853' title='bbox 2930 5671 3056 5726; x_wconf 82' lang='lat' dir='ltr'><strong>add.</strong></span> <span class='ocrx_word' id='word_1_854' title='bbox 3094 5670 3157 5724; x_wconf 85' lang='grc' dir='ltr'>Β.</span> 
     </span>
    </p>
   </div>
   <div class='ocr_carea' id='block_1_118' title="bbox 3261 5657 3801 5738">
    <p class='ocr_par' dir='ltr' id='par_1_118' title="bbox 3261 5657 3801 5738">
     <span class='ocr_line' id='line_1_118' title="bbox 3261 5657 3801 5738; baseline -0.015 -14"><span class='ocrx_word' id='word_1_855' title='bbox 3261 5669 3308 5702; x_wconf 76' lang='grc'>³³</span> <span class='ocrx_word' id='word_1_856' title='bbox 3345 5670 3560 5738; x_wconf 83' lang='grc' dir='ltr'>ἐγίνετο</span> <span class='ocrx_word' id='word_1_857' title='bbox 3587 5667 3626 5718; x_wconf 81' lang='grc' dir='ltr'><strong><em>Β</em></strong></span> <span class='ocrx_word' id='word_1_858' title='bbox 3661 5657 3801 5738; x_wconf 27' lang='grc' dir='ltr'>ξΑέγέε</span> 
     </span>
    </p>
   </div>
   <div class='ocr_carea' id='block_1_119' title="bbox 576 5733 3807 5814">
    <p class='ocr_par' dir='ltr' id='par_1_119' title="bbox 576 5733 3807 5814">
     <span class='ocr_line' id='line_1_119' title="bbox 576 5733 3807 5814; baseline -0.003 -14"><span class='ocrx_word' id='word_1_859' title='bbox 576 5763 699 5801; x_wconf 70' lang='lat' dir='ltr'><strong>vaso</strong></span> <span class='ocrx_word' id='word_1_860' title='bbox 731 5733 795 5810; x_wconf 72' lang='grc' dir='ltr'>ςξ</span> <span class='ocrx_word' id='word_1_861' title='bbox 869 5733 1342 5814; x_wconf 44' lang='grc' dir='ltr'>υὲδιδάξαμενξΒ.</span> <span class='ocrx_word' id='word_1_862' title='bbox 1415 5743 1460 5774; x_wconf 80' lang='grc' dir='ltr'><strong>³ο</strong></span> <span class='ocrx_word' id='word_1_863' title='bbox 1487 5733 1715 5810; x_wconf 63' lang='grc' dir='ltr'>ἀῷἐντες</span> <span class='ocrx_word' id='word_1_864' title='bbox 1740 5733 2033 5814; x_wconf 68' lang='lat' dir='ltr'><strong>vuig-ipost</strong></span> <span class='ocrx_word' id='word_1_865' title='bbox 2055 5743 2210 5812; x_wconf 75' lang='grc' dir='ltr'>λόγον</span> <span class='ocrx_word' id='word_1_866' title='bbox 2234 5733 2472 5814; x_wconf 58' lang='lat' dir='ltr'><strong>ponunt&#39;</strong></span> <span class='ocrx_word' id='word_1_867' title='bbox 2505 5743 2546 5800; x_wconf 74' lang='lat'><strong>.&quot;</strong></span> <span class='ocrx_word' id='word_1_868' title='bbox 2578 5733 2815 5812; x_wconf 73' lang='grc' dir='ltr'>ὑμᾶς’Β’.</span> <span class='ocrx_word' id='word_1_869' title='bbox 2843 5733 3049 5799; x_wconf 79' lang='lat' dir='ltr'><strong>omisso</strong></span> <span class='ocrx_word' id='word_1_870' title='bbox 3088 5741 3246 5812; x_wconf 86' lang='lat' dir='ltr'><strong>paulo</strong></span> <span class='ocrx_word' id='word_1_871' title='bbox 3297 5733 3420 5812; x_wconf 79' lang='lat' dir='ltr'><strong>post</strong></span> <span class='ocrx_word' id='word_1_872' title='bbox 3449 5739 3610 5812; x_wconf 80' lang='grc' dir='ltr'>ὑμᾶς.</span> <span class='ocrx_word' id='word_1_873' title='bbox 3667 5733 3707 5764; x_wconf 83' lang='grc'><em>³³</em></span> <span class='ocrx_word' id='word_1_874' title='bbox 3728 5745 3807 5802; x_wconf 81' lang='grc' dir='ltr'>με·</span> 
     </span>
    </p>
   </div>
   <div class='ocr_carea' id='block_1_120' title="bbox 577 5809 1541 5882">
    <p class='ocr_par' dir='ltr' id='par_1_120' title="bbox 577 5809 1541 5882">
     <span class='ocr_line' id='line_1_120' title="bbox 577 5809 1541 5882; baseline -0.003 -11"><span class='ocrx_word' id='word_1_875' title='bbox 577 5809 795 5882; x_wconf 81' lang='grc' dir='ltr'>τανοίας</span> <span class='ocrx_word' id='word_1_876' title='bbox 817 5831 928 5873; x_wconf 91' lang='lat' dir='ltr'><strong>om.</strong></span> <span class='ocrx_word' id='word_1_877' title='bbox 964 5813 1026 5871; x_wconf 84' lang='lat' dir='ltr'><strong>B.</strong></span> <span class='ocrx_word' id='word_1_878' title='bbox 1092 5809 1105 5813; x_wconf 44' lang='grc'>⁷</span> <span class='ocrx_word' id='word_1_879' title='bbox 1137 5809 1182 5848; x_wconf 53' lang='grc'><strong>³⁷³</strong></span> <span class='ocrx_word' id='word_1_880' title='bbox 1215 5809 1309 5867; x_wconf 77' lang='grc' dir='ltr'><strong>οὖν</strong></span> <span class='ocrx_word' id='word_1_881' title='bbox 1330 5813 1452 5868; x_wconf 84' lang='lat' dir='ltr'><strong>add.</strong></span> <span class='ocrx_word' id='word_1_882' title='bbox 1480 5814 1541 5868; x_wconf 86' lang='grc' dir='ltr'>Β.</span> 
     </span>
    </p>
   </div>
  </div>
