4020 6406
182 431 296 497 337
1241 434 1772 497 BIBLIOTHECA.
1800 461 1869 472 —
1895 435 2062 499 COD.
2103 435 2426 499 CCLXXX.
3353 427 3459 492 338

181 560 354 615 τερα-ε
412 542 534 597 οὐδὲ
586 543 786 617 χειρῶν
838 540 1133 607 ἐπιθέσεις.
1188 541 1378 609 υῦτως
1432 538 1529 599 οὖν
1578 544 1774 617 ἀφίησι

1899 544 1985 600 nis
2010 545 2177 615 pedes
2208 543 2482 610 lavemur,
2502 542 2605 599 hoc
2630 549 2717 600 est
2737 541 2923 598 carnis
2948 558 3189 615 gressus.
3212 541 3454 610 Domini,

178 637 402 709 ταύτην
430 636 528 707 τὴν
550 636 597 667 ³⁸
630 635 949 709 στοιχειώδη
985 633 1340 691 διδασκαλίαν
1373 638 1402 690 6
1425 636 1661 700 Παῦλος,
1683 636 1781 691 καὶ

1902 638 2080 707 nquit,
2136 647 2467 707 praeceptum
2500 653 2514 691 :
2549 634 2615 691 In
2637 651 3002 708 quamcunque
3051 635 3313 690 civitatem
3374 636 3461 689 in-

178 731 283 783 ὲπὶ
320 731 425 798 τὴν
458 729 775 795 τελειότητα
804 730 1045 801 ἔρχεται,
1076 728 1178 801 τὴν
1210 728 1517 801 ἱερωσύνην
1548 728 1779 784 τοῦΣωο

1905 730 2148 784 raveritis
2183 738 2230 793 ι,
2268 738 2319 783 et
2354 729 2676 799 susceperint
2704 746 2826 796 vos,
2858 730 3182 783 manducate
3218 744 3335 799 qua:
3365 742 3462 796 ap-

176 824 362 891 τῆρος
400 821 780 891 διηγούμενος,
814 822 911 874 καὶ
938 819 1145 891 ταύτην
1166 821 1309 875 κατὰ
1341 820 1506 893 μέρος
1534 820 1779 888 διέξεισι,

1899 820 2304 886 ιοηεηῑιιν,υοὺίε
2334 820 2354 892 [
2363 822 2497 877 nihil
2537 820 2929 894 dijudicantes]
2967 834 3016 885 ιι,
3051 820 3305 876 convenit
3334 834 3460 873 cum

180 919 280 969 καὶ
306 918 467 980 ὅπως
501 919 644 972 κατὰ
677 918 776 989 τὴν
809 918 963 983 τάξιν
1011 916 1138 990 [882
1166 916 1260 989 Η.]
1290 916 1623 989 Μελχισεδὲκ
1650 933 1784 986 τυγ-

1906 913 1976 967 llo
2004 912 2253 983 Apostoli
2282 932 2298 969 :
2332 913 2392 969 Si
2417 916 2533 985 quis
2561 925 2711 970 vocat
2740 932 2828 969 vos
2858 914 3154 985 inﬁdelium
3177 953 3193 979 ,
3223 921 3272 967 et
3304 912 3461 966 vultis

178 1009 347 1078 χάνει
398 1009 426 1061 6
476 1009 682 1079 Κύριος
725 1008 1039 1080 ἀρχιερεύς.
1070 1009 1144 1061 Τὸ
1170 1008 1353 1061 τοίνυν
1384 1008 1632 1079 βούλημα
1681 1006 1777 1061 τοῦ

1899 1011 1980 1074 Ire,
2014 1024 2165 1063 omne
2193 1006 2333 1079 quod
2362 1007 2505 1063 vobis
2558 1009 2879 1079 apponitur,
2936 1006 3275 1069 manducate,
3329 1002 3462 1059 nihil

177 1102 557 1155 ἀποστολικοῦ
594 1101 783 1173 ῥητοῦ,
805 1100 880 1165 ὡς
915 1100 1178 1165 πολλάκις
1208 1101 1444 1170 εἴρηται,
1472 1101 1623 1154 οὐδὲν
1650 1100 1778 1172 (κᾶν

1899 1100 2083 1172 54οα
2117 1102 2506 1173 interrogantes
2526 1100 2577 1154 ι),

180 1198 1183 1269 αὐτὸπροφέρωσι)τοῖςΝαυατιανοῖς
1199 1196 1778 1269 συ⁴μφωνεῖ,[16081ἰ.]
1816 1196 1952 1251 ἀλλὰ
2018 1197 2269 1264 θεσπίζει
2298 1198 2390 1252 τὸν
2420 1196 2566 1265 ἅπαξ
2621 1196 2961 1267 φωτισθέντα
3001 1195 3075 1267 μὴ
3102 1192 3465 1267 περιεργάζε-

182 1290 313 1343 σθαι
340 1291 436 1343 ἒτε
447 1310 538 1361 ρον
557 1293 601 1324 ³⁸
626 1292 1011 1365 βάπτισμα.⁹ο
1038 1292 1409 1363 λελουμένος
1429 1292 1558 1365 γὰρ,
1578 1293 1655 1357 ὡς
1682 1293 1776 1347 καὶ¹
1810 1294 1840 1346 6
1904 1290 2113 1363 Κύριός
2176 1310 2361 1365 φησιν,
2388 1295 2496 1347 οὐκ
2522 1293 2647 1363 ἕχει
2678 1296 2887 1362 χρείαν
2914 1291 3281 1355 λούσασθαι,
3322 1282 3464 1343 ἀλλ’

180 1387 218 1455 ἢ
257 1389 415 1455 τοὺς
444 1390 638 1456 πόδας
688 1390 982 1459 νίψασθαι
1003 1392 1069 1457 ³⁸,
1125 1391 1422 1457 τουτέστιν,
1474 1391 1536 1444 οὐ
1576 1390 1739 1444 πάλιν
1811 1390 2095 1462 βάπτισμα
2142 1390 2332 1461 χρείαν
2366 1388 2477 1460 ἔχει
2526 1388 2665 1458 μετὰ
2710 1388 2771 1441 τὸ
2820 1386 3136 1458 ἁμαρτῆσαι
3185 1382 3461 1449 δέξασθαι,

180 1481 299 1534 ἀλλ’
330 1482 369 1552 ἢ
398 1481 489 1536 διὰ
518 1484 769 1555 δακρύων
798 1486 1251 1557 ἀποκαθαρθῆναι
1311 1486 1437 1549 τοὺς
1476 1485 1645 1549 πόδας
1683 1484 1802 1555 ἦτοι
1836 1485 1904 1539 τὰ
1935 1483 2175 1556 σαρκικὰ
2198 1484 2528 1555 διαδήματα.
2566 1484 2710 1549 Ὀτι,
2758 1482 2946 1552 φησὶν,
3001 1482 3034 1551 ἡ
3081 1476 3338 1552 Κυριακὴ
3373 1477 3465 1529 ὲν-

181 1576 317 1647 τολὴ
358 1580 395 1647 ἡ
425 1577 663 1645 λέγουσα
690 1594 705 1609 ·
742 1580 847 1645 Εἰς
874 1577 956 1646 ἣν
984 1578 1036 1631 δ’
1076 1578 1153 1632 ἂν
1192 1578 1373 1632 πόλιν
1419 1576 1779 1647 εἰσέρχησθε
1817 1578 1916 1631 καὶ
1962 1577 2251 1646 δέχωνται
2282 1574 2458 1645 ὑμᾶς,
2525 1574 2723 1629 πάντα
2759 1574 2831 1628 τὰ
2853 1573 3293 1643 παρατιθέμενα
3324 1569 3469 1640 ὑμῖν

183 1670 450 1731 ἐσθίετε,
461 1669 659 1737 μηδὲν
677 1671 1127 1739 ἀνακρίνοντες,
1158 1669 1299 1739 αὕτη
1337 1669 1627 1741 σύνδρομός
1653 1671 1769 1723 ἐστι
1792 1668 1871 1738 τῷ
1900 1668 2245 1739 ἀποστολικῷ
2284 1667 2455 1741 ῥητῷ,
2490 1668 2548 1719 ὲν
2587 1660 2630 1735 ᾧ
2661 1682 2826 1737 φησιν
2854 1682 2867 1697 ⁸
2910 1668 2977 1720 Ei
3036 1664 3104 1719 δέ
3150 1682 3239 1730 τις
3294 1661 3475 1716 καλεῖ

185 1762 346 1832 ὑμᾶς
400 1762 527 1815 τῶν
573 1763 848 1817 ἀπίστων
895 1764 993 1818 καὶ
1039 1764 1347 1830 βούλεσθε
1395 1764 1777 1832 πορεύεσθαι,
1816 1762 1940 1820 πᾶν
1965 1762 2031 1817 τὸ
2059 1761 2532 1832 παρατιθέμενον
2562 1760 2705 1831 ὑμῖν
2753 1760 3004 1825 ἐσθίετε,
3056 1759 3252 1830 μηδὲν
3317 1758 3465 1813 ἁνα-

187 1859 536 1925 κρίνοντες.
2254 1852 2260 1858 ’

258 1952 392 2003 Ὅτι
444 1953 636 2022 φησὶν,
682 1953 1124 2017 Ἀντιπίπτοντες
1170 1953 1219 2005 οἱ
1270 1952 1379 2006 ἀπὸ
1419 1950 1670 2006 Ναυάτου
1707 1952 1777 2023 τῇ

1951 1944 2238 2001 Novatiani
2284 1941 2637 2013 explicationi
2665 1941 2816 2012 prius
2840 1939 2991 1996 allati
3011 1940 3140 1996 dicti
3165 1955 3473 2011 repugnan-

189 2037 501 2104 ἀναπτύξει
526 2040 622 2093 τοῦ
660 2041 1062 2112 προειρημένου
1108 2040 1272 2114 ῥητοῦ
1309 2042 1572 2113 περὶτῶν
1604 2041 1785 2094 δεύτε-

200 2147 287 2199 ρον
319 2129 731 2201 ἐπιζητούντων
759 2134 1068 2205 βάπτισμα,
1095 2137 1263 2204 φασὶν
1286 2138 1344 2189 οὐ
1377 2137 1505 2207 περὶ
1531 2136 1787 2208 δευτέρου

204 2221 586 2290 βαπτίσματος
637 2225 797 2278 τοῦτο
850 2227 1133 2298 εἰρῆσθαι·
1181 2230 1262 2290 εἰς
1319 2231 1605 2299 μετάνοιαν
1654 2229 1785 2299 γὰρ,

216 2314 463 2378 tanaim",
508 2313 713 2384 ἔφησεν
751 2315 1199 2381 άνακαινίξεσθαι
1244 2318 1372 2381 τοὺς
1419 2317 1568 2383 ἅπαξ
1612 2336 1789 2387 φωτι-

223 2402 429 2468 σθέντας
460 2406 560 2458 καὶ
606 2408 1027 2478 παραπεσόντας
1072 2409 1332 2463 ἀδύνατον
1362 2405 1521 2475 εἶναι,
1551 2412 1672 2481 οὐχὶ
1709 2411 1791 2476 είς

222 2494 517 2567 βάπτισμα*
549 2497 833 2568 βάπτισμα
863 2499 921 2552 δὲ
957 2501 1051 2552 καὶ
1081 2501 1338 2571 μετάνοια
1370 2503 1546 2573 πάντη
1574 2503 1790 2574 διέστη-

219 2606 278 2640 κε
303 2605 318 2619 ο
358 2589 418 2641 τὸ
453 2590 556 2659 μὲν
595 2591 703 2662 γὰρ
745 2591 921 2661 δωρεὰ
975 2592 1072 2645 καὶ
1102 2594 1260 2664 χάρις
1294 2594 1410 2647 ἐστὶ
1445 2595 1539 2649 καὶ
1595 2596 1793 2666 ἄφεσις

214 2681 595 2752 ἀταλαίπωρος
644 2682 752 2735 τῶν
784 2684 1211 2755 ἡμαρτημένων,
1240 2688 1273 2756 ἡ
1305 2686 1361 2739 δὲ
1395 2687 1654 2756 μετάνοια
1690 2706 1792 2743 κα-

214 2773 366 2841 μάτῳ
405 2773 508 2825 καὶ
535 2773 767 2845 δάκρυσι
812 2775 905 2828 καὶ
943 2776 1079 2849 ἐλέῳ
1094 2777 1140 2810 ⁸⁸
1178 2778 1240 2830 τὸ
1272 2780 1471 2833 οἰκεῖον
1503 2780 1664 2853 ἔργον
1696 2799 1792 2835 πε-

221 2866 407 2935 ραίνει.
434 2865 597 2919 Οὕτω
646 2867 747 2937 μὲν
804 2869 1002 2923 ἐκεῖνοί
1033 2887 1186 2939 φασι,
1228 2873 1320 2926 καὶ
1346 2875 1429 2927 ὅτι
1453 2873 1691 2944 οὐδαμοῦ
1730 2874 1794 2927 τὸ

224 2955 502 3026 βάπτισμα
531 2956 871 3028 καλούμενον
905 2958 1137 3030 εὕρομεν
1172 2963 1559 3032 μετάνοιαν.’0
1596 2963 1653 3019 δέ
1687 2982 1793 3034 φη-

221 3051 362 3102 atv”
392 3051 469 3115 ὡς
505 3052 553 3104 εἰ
583 3051 679 3105 καὶ
711 3052 879 3123 πολλὴ
907 3052 1140 3125 διαφορὰ
1177 3056 1378 3124 μεταξὺ
1418 3058 1792 3128 βαπτίσματος

211 3144 366 3197 καὶδθ
410 3144 726 3215 μετανοίας,
788 3144 903 3198 ἀλλ’
953 3141 1048 3200 οὖν
1099 3147 1369 3201 δείκνυται
1415 3149 1496 3202 δτι
1543 3149 1641 3203 καὶ
1687 3149 1793 3219 πρθ)

206 3234 295 3287 τοῦ
314 3235 361 3267 ⁸³
418 3234 801 3306 βαπτίσματος
840 3236 936 3290 καὶ
986 3237 1126 3307 μετὰ
1161 3239 1219 3291 τὸ
1272 3237 1560 3309 βάπτισμα
1590 3239 1649 3293 τὸ
1694 3244 1792 3312 τῆς

210 3324 515 3393 μετανοίας
556 3324 727 3401 δνομα
769 3326 1278 3397 παραλαμϐάνεται.
1329 3328 1391 3382 El
1440 3330 1549 3402 γάρ
1587 3347 1671 3395 τις

206 3416 621 3488 ἀποτάξηταιδ³
654 3419 733 3488 τῷ
769 3418 1018 3495 προτέρῳ
1050 3420 1170 3492 βίῳ,
1227 3423 1321 3476 καὶ
1375 3423 1653 3480 πολιτείαν
1693 3427 1793 3499 ἁρ-

209 3511 496 3580 μόζουσαν
542 3511 618 3583 τῷ
658 3506 843 3585 πιστιῖ
869 3512 976 3585 πρὸ
1001 3514 1297 3587 ὀφθαλμῶν
1330 3515 1449 3590 θείη
1478 3557 1494 3584 ,
1527 3519 1624 3574 καὶ
1651 3519 1795 3574 οὕτω

206 3602 281 3671 τῷ
341 3603 692 3673 βαπτίσματι
751 3606 1086 3676 προσέλθοι,
1154 3608 1333 3680 μάτην
1405 3611 1791 3684 προσέρχεται,

204 3694 615 3764 ἁμετανοήτως
636 3694 776 3765 ἔχων
808 3698 901 3751 ἐπὶ
917 3701 1031 3764 τοῖς
1058 3699 1251 3772 πρώην
1276 3701 1426 3774 αὑτῷ
1455 3720 1799 3776 πεπονηρευ-

205 3787 425 3857 μένοις,
455 3785 555 3839 καὶ
584 3788 724 3857 πρὸς
761 3790 1098 3862 ἐπιστροφὴν
1126 3792 1411 3864 ἀμείνονος
1456 3794 1573 3865 βίου
1600 3796 1799 3851 οὐδένα

202 3879 547 3947 ποιούμενος
604 3879 781 3946 λόγον.
830 3879 1019 3945 Οὕτως
1064 3878 1158 3938 οὖν
1218 3884 1267 3936 εί
1318 3886 1413 3937 καὶ
1459 3884 1717 3958 διάφορος
1764 3889 1799 3958 ἡ

205 3974 509 4042 μετάνοια,
563 3971 680 4025 ἀλλ’
720 3966 814 4026 οὖν
858 3973 949 4026 καὶ
988 3974 1093 4045 πρὸ
1140 3975 1235 4028 τοῦ
1273 3976 1650 4050 βαπτίσματος
1685 3978 1802 4050 ἔχει

201 4062 401 4132 χώραν
437 4062 741 4117 ἐννοεῖσθαι
765 4062 856 4116 καὶ
899 4065 1035 4133 μετὰ
1068 4064 1126 4117 τὸ
1188 4064 1492 4139 βάπτισμα.
1524 4069 1636 4140 Τὴν
1666 4070 1802 4141 ¹γοῦν

207 4156 518 4225 μετάνοιαν
556 4156 659 4225 τὴν
703 4156 809 4227 πρὸ
859 4157 954 4211 τοῦ
1002 4158 1376 4231 βαπτίσματος
1429 4162 1692 4219 ἀδύνατον
1739 4166 1805 4219 ὲκ

201 4244 475 4315 δευτέρου
514 4246 646 4315 φησὶ
694 4248 1136 4321 κατεργασθῆναι
1156 4250 1235 4315 ⁸³,
1273 4252 1354 4304 ὅτι
1405 4253 1541 4323 μηδὲ
1593 4252 1653 4307 τὸ
1710 4253 1807 4323 βά-

202 4354 430 4407 πτισμα
462 4337 690 4393 δυνατόν
714 4340 829 4393 ἐστι
877 4341 1129 4414 δεύτερὸν
1160 4361 1283 4397 τινα
1328 4344 1607 4411 δέξασθαι.
1648 4346 1805 4401 Οὕτω

203 4433 303 4483 καὶ
330 4432 362 4483 6
382 4430 429 4462 “
455 4430 711 4503 Ἰωάννης
738 4431 1035 4502 βαπτίζων,
1077 4436 1166 4488 ὅτε
1196 4436 1288 4490 καὶ
1317 4438 1442 4502 τοὺς
1468 4437 1565 4491 τοῦ
1597 4440 1804 4511 Κυρίου

1886 2050 1993 2107 tes,
2024 2039 2092 2095 de
2119 2040 2186 2093 iis
2214 2037 2441 2108 intelligi
2471 2043 2747 2103 asserunt,
2767 2036 2861 2106 qui
2886 2034 3187 2092 secundum
3205 2034 3472 2105 baptisma

1888 2134 2201 2204 requirunt,
2236 2148 2344 2186 non
2371 2143 2555 2185 autem
2590 2132 2656 2185 de
2692 2130 2940 2186 secundo
2979 2128 3331 2199 baptismate.
3363 2127 3473 2181 lm-

1889 2226 2155 2297 possibile
2190 2224 2335 2279 enim
2367 2240 2488 2279 esse
2531 2224 2607 2278 ait
2652 2239 2745 2293 per
2788 2222 3164 2294 pmnitentiam
3218 2218 3474 2275 renovari

1890 2334 2007 2385 eos,
2044 2317 2137 2387 qui
2171 2317 2338 2371 semel
2370 2316 2663 2370 illuminati
2693 2316 2823 2379 sint,
2867 2324 2922 2369 et
2950 2320 3135 2384 postea
3170 2298 3329 2383 lapsi,
3362 2328 3474 2367 non

1891 2420 2069 2465 autem
2106 2426 2202 2480 per
2220 2409 2516 2479 baptisma.
2552 2408 2865 2479 Baptismus
2887 2415 3067 2461 autem
3093 2421 3124 2461 a
3151 2404 3472 2476 poenitentia

1894 2504 2127 2559 multum
2159 2502 2359 2557 dill‘ert.
2398 2501 2712 2572 Baptismus
2762 2501 2911 2555 enim
2954 2502 3160 2554 donum
3193 2509 3247 2554 et
3297 2498 3473 2569 gratia

1891 2604 1994 2661 est,
2032 2605 2087 2650 et
2117 2594 2245 2650 felix
2272 2603 2623 2665 peccatorum
2657 2592 2949 2659 remissio;
2995 2591 3315 2662 poenitentia
3344 2604 3475 2644 vero

1893 2689 2272 2756 miseratione,
2307 2688 2562 2759 lacrymis
2584 2728 2600 2754 ,
2632 2699 2687 2741 et
2727 2686 2915 2741 labore
2942 2700 3103 2739 suum
3154 2699 3291 2754 opus
3348 2698 3476 2754 per-

1895 2784 2022 2853 agit.
2047 2781 2139 2837 Sic
2167 2781 2387 2852 quidem
2418 2781 2493 2834 illi
2524 2779 2755 2844 dicunt,
2801 2786 2856 2833 et
2888 2792 3161 2847 nusquam
3200 2775 3477 2846 baptisma

1894 2874 2076 2930 vocari
2116 2872 2499 2944 pmnitentiam
2560 2871 2843 2928 inveniri:
2880 2870 3025 2942 quod
3077 2884 3208 2925 vero
3263 2869 3478 2932 dicunt,

1896 2967 2023 3021 licet
2051 2967 2287 3019 multum
2318 2965 2460 3019 inter
2500 2980 2557 3019 se
2586 2963 2896 3034 baptismus
2943 2970 2997 3016 et
3021 2960 3343 3033 poenitentia
3373 2958 3480 3015 dif-

1895 3057 2092 3123 ferant,
2145 3056 2454 3111 ostenditur
2488 3064 2671 3109 tamcn
2718 3062 2845 3109 ante
2886 3053 3197 3123 baptisma,
3250 3061 3303 3107 et
3355 3060 3481 3121 post

1894 3148 2171 3219 baptisma
2202 3149 2536 3219 pmnitentiae
2571 3163 2772 3203 nomen
2804 3147 3078 3217 usurpari.
3106 3145 3160 3200 Si
3181 3146 3305 3216 quis
3331 3144 3478 3200 enim

1894 3242 2059 3312 priori
2090 3242 2215 3297 vitae
2254 3240 2579 3295 rationinon
2612 3240 2909 3307 renuntiat,
2933 3248 2988 3295 et
3022 3238 3187 3294 vitam
3214 3253 3336 3310 qua:
3364 3252 3485 3293 cre-

1894 3334 2041 3390 denti
2076 3333 2369 3391 conveniat
2399 3341 2526 3388 ante
2549 3332 2739 3389 oculos
2759 3331 3029 3403 posuerit,
3058 3332 3244 3403 sicque
3268 3333 3334 3387 ad
3360 3332 3485 3403 bar)

1895 3428 2057 3483 tisma
2090 3427 2420 3493 accesserit,
2469 3425 2673 3480 frustra
2708 3426 2943 3491 accedit,
2975 3424 3043 3480 de
3074 3424 3351 3494 prioribus
3376 3425 3483 3479 im-

1894 3520 2063 3591 probe
2094 3518 2249 3573 factis
2273 3534 2384 3573 non
2406 3517 2746 3588 paenitendo,
2773 3526 2827 3573 et
2866 3516 3249 3573 conversionis
3273 3516 3397 3572 vitae
3424 3517 3482 3572 in

1896 3608 2092 3664 melius
2113 3606 2315 3661 nullam
2331 3606 2599 3661 rationem
2620 3605 2890 3661 habendo.
2906 3603 2997 3660 Sic
3012 3605 3198 3677 igitur,
3217 3603 3320 3661 etsi
3333 3604 3485 3660 varia

1896 3710 1981 3757 est
2009 3698 2353 3771 pmnitentia,
2383 3704 2567 3752 tamen
2595 3706 2721 3751 ante
2738 3696 3076 3768 baptismum
3104 3695 3272 3750 habet
3301 3695 3484 3751 locum

1900 3789 2357 3849 considerationis
2381 3830 2397 3856 ,
2454 3794 2510 3845 et
2547 3796 2676 3861 post
2708 3789 3067 3859 baptismum.
3095 3788 3485 3845 Paenitentiam

1901 3883 2089 3956 igitur,
2122 3896 2242 3953 quae
2274 3880 2550 3952 baptisma
2580 3880 2860 3951 praecedit,
2900 3879 3243 3951 impossibile
3272 3887 3376 3945 est,
3403 3878 3488 3933 iu-

1902 3976 2041 4046 quit,
2082 3976 2302 4040 ite’rare,
2353 3974 2483 4046 quia
2517 3974 2789 4043 baptisma
2837 3989 2997 4029 nemo
3028 3982 3210 4045 potest
3241 3971 3487 4028 secundo

1903 4067 2176 4135 accipere.
2205 4064 2297 4119 Sic
2325 4072 2377 4119 et
2409 4063 2653 4120 Joannes
2687 4064 2997 4134 baptizans,
3032 4064 3252 4134 quando
3284 4061 3488 4118 Christi

1903 4157 2205 4228 discipulos
2236 4156 2498 4225 baptizat,
2529 4157 2663 4211 dicit
2695 4174 2710 4211 :
2748 4155 2861 4226 Ego
2891 4156 3100 4226 quidem
3140 4172 3227 4209 vos
3280 4156 3491 4223 baptizo

1903 4250 1959 4303 in
2003 4264 2144 4320 aqua
2174 4256 2197 4285 ο
2231 4246 2298 4301 ad
2332 4247 2752 4317 pmnitentiam;
2793 4255 2845 4301 et
2868 4247 3063 4301 iterum
3093 4266 3106 4300 :
3132 4244 3323 4300 Facite
3350 4244 3491 4301 vobis

1906 4343 2113 4415 fructus
2171 4342 2358 4413 dignos
2404 4341 2724 4411 paenitentia:
2756 4339 2805 4406 ἀ,
2865 4340 3115 4396 videlicet
3157 4340 3495 4411 pmnitcntia:

1907 4450 2004 4508 per
2034 4435 2387 4506 baptismum.
2418 4434 2485 4488 Et
2528 4433 2873 4505 coryphaeus,
2921 4432 3130 4503 inquit,
3164 4432 3370 4489 Judaeis
3418 4433 3494 4489 lo~

208 4523 475 4593 μαθητὰς
511 4524 795 4587 ἐϐάπτισε,
825 4526 1006 4595 λέγει·
1054 4528 1195 4598 Ἐγὼ
1220 4528 1338 4599 μὲν
1366 4529 1523 4601 ὑμᾶς
1543 4531 1799 4597 ,βαπτίζει

1909 4544 2086 4600 quens
2117 4532 2184 4584 de
2214 4527 2304 4593 iis,
2335 4542 2456 4597 quae
2487 4526 2541 4580 in
2569 4525 2849 4581 Christum
2881 4535 3070 4581 contra
3106 4526 3277 4597 legem
3315 4525 3495 4581 admi-

203 4617 279 4668 ἐν
324 4615 509 4671 ὕδατι
560 4619 641 4680 είς
698 4621 1019 4688 μετάνοιαν,
1080 4623 1175 4675 καὶ
1226 4624 1386 4678 πάλιν
1433 4627 1545 4689 τοῖς
1591 4625 1799 4696 ὄχλοις·

1913 4623 2118 4679 sissent
2139 4622 2390 4693 :quando
2408 4620 2721 4691 compuncti
2740 4619 2989 4675 doctrina
3016 4619 3309 4675 dixerunt:
3331 4618 3493 4687 Quid,

205 4708 528 4777 Ποιήσατε
564 4708 709 4779 ἡμῖν
741 4714 1010 4779 καρποὺς
1042 4714 1255 4782 ἀξίους
1299 4715 1411 4785 τῆς
1458 4717 1804 4787 μετανοίας,

205 4801 468 4867 δηλονότι
512 4801 611 4871 τῆς
655 4803 777 4856 κατ’
808 4805 961 4870 αὐτὸ,
999 4808 1152 4878 φησὶ,
1203 4808 1265 4861 τὸ
1314 4808 1597 4881 βάπτισμα
1642 4828 1809 4881 μετα-

208 4894 392 4956 νοίας.
423 4894 540 4946 Καὶ
569 4896 597 4947 6
628 4898 947 4966 κορυφαῖος,
975 4900 1131 4969 φησὶ,
1157 4901 1271 4963 τοῖς
1317 4901 1589 4965 Ἰουδαίοις
1614 4903 1659 4935 ⁸⁸
1688 4903 1810 4957 δια-

207 4986 521 5055 λεγόμενος
546 4987 676 5056 περὶ
702 4986 811 5038 τῶν
859 4987 939 5050 είς
987 4989 1225 5059 Χριστὸν
1262 4991 1447 5054 αὐτοῖς
1476 5010 1802 5067 παρανομη-

1911 4714 2111 4785 inquit,
2143 4714 2422 4781 faciemus,
2448 4713 2548 4766 viri
2575 4712 2773 4782 fratres
2800 4713 2825 4767 ?
2862 4711 3260 4778 Paenitentiam,
3292 4711 3491 4782 inquit,

1909 4809 2073 4879 agite,
2098 4815 2147 4862 et
2180 4806 2478 4873 baptizetur
2503 4806 2863 4876 unusquisque
2897 4815 3131 4860 vestrum
3177 4805 3235 4859 in
3287 4804 3496 4860 nomine

1909 4900 2116 4968 Patris,
2143 4910 2191 4954 et
2215 4898 2368 4963 Filii,
2387 4907 2437 4952 et
2460 4897 2697 4965 Spiritus
2726 4898 2898 4952 sancti
2926 4908 2973 4964 °,
2992 4907 3045 4952 ct
3068 4906 3287 4953 caetera.
3319 4895 3499 4963 Quare

1913 4993 2245 5064 poenitentiae
2279 5006 2386 5045 vox
2417 4990 2554 5044 nihil
2587 5005 2782 5045 eorum
2812 5005 2937 5061 quae
2962 4990 3273 5054 voluerunt,
3307 4989 3502 5043 tribuit

210 5076 427 5129 θέντων
448 5116 463 5140 ,
515 5076 606 5128 ὅτε
636 5077 1034 5145 κατανυγέντες
1077 5082 1144 5151 τῇ
1181 5080 1499 5153 διδασκαλία
1528 5078 1683 5137 εἷπον
1702 5101 1715 5113 °
1748 5089 1799 5139 Tt

1913 5084 2259 5140 Novatianis.
2290 5082 2446 5149 Quod
2477 5083 2687 5138 dictum
2713 5092 2798 5137 est
2833 5098 2865 5137 a
2906 5082 3134 5137 Simone
3165 5080 3320 5150 Mago
3342 5094 3502 5150 cory-

211 5168 586 5236 ποιήσομεν,
605 5167 820 5237 ἄνδρες
840 5169 1095 5239 ἀδελφοί
1111 5189 1131 5237 ;
1154 5171 1258 5242 ἔφη
1279 5174 1484 5239 αὐτοῖς,
1507 5176 1809 5243 Μετανοή-

209 5275 393 5325 σατε,
435 5259 541 5313 καὶ
571 5260 966 5329 ,ϐαπτισθήτω
986 5264 1245 5332 ἕκαστος
1274 5264 1442 5335 ὑμῶν
1472 5266 1541 5321 ἐν
1572 5267 1651 5333 τῷ
1678 5268 1810 5322 ὀνό-

1917 5177 2073 5247 phmo
2097 5174 2261 5230 Petro
2293 5190 2307 5229 :
2341 5174 2645 5229 Precamini
2679 5192 2766 5228 vos
2796 5190 2891 5243 pro
2919 5191 2999 5228 me
3025 5171 3165 5243 apud
3194 5170 3364 5225 Deum
3384 5211 3401 5238 ,
3444 5179 3505 5224 ut

1918 5268 2053 5322 nihil
2087 5268 2256 5322 veniat
2302 5284 2459 5338 super
2507 5284 2588 5322 me
2639 5267 2827 5320 Irarum
2873 5282 2992 5337 qua:
3046 5264 3339 5331 dixistis‘,
3392 5278 3503 5318 non

286 5388 312 5416 ι
355 5374 554 5451 Matth.
588 5393 644 5443 x,
676 5377 763 5433 ll.
837 5391 864 5420 ιι
887 5377 1020 5435 Luc.
1052 5395 1107 5447 ε,
1142 5378 1195 5434 6.
1273 5380 1302 5421 ιι
1338 5380 1354 5434 1
1387 5380 1515 5437 Cor.
1551 5397 1607 5449 x,
1632 5381 1721 5437 52.

1899 5383 2053 5441 latth.
2092 5396 2178 5449 ιιι,
2210 5381 2298 5436 ll.
2374 5381 2402 5421 ἀ
2440 5381 2574 5438 Luc.
2609 5399 2709 5451 ιιι,
2756 5383 2810 5438 8.
2850 5393 2872 5421 ο
2906 5384 3028 5438 Act.
3059 5398 3121 5448 ιι,
3154 5381 3247 5436 28.
3327 5378 3349 5420 ί
3380 5380 3502 5444 Act,

209 5464 339 5516 τιιι,
394 5447 491 5502 24.

333 5676 382 5749 ξι
416 5673 624 5749 ταρτην
830 5676 874 5729 Β
904 5696 918 5733 :
949 5678 1050 5748 τὴν
1094 5677 1350 5749 τοιαύτην
1390 5696 1451 5743 ς.

217 5746 355 5817 libri
389 5745 605 5817 φῃσίν.
655 5745 701 5817 ιε
725 5745 861 5817 ἐλέῳ

895 5748 987 5801 καὶ
1017 5748 1245 5822 δάκρυσι
1272 5748 1630 5822 καὶ-καμάτῳ
1666 5748 1749 5813 cf
1800 5751 1845 5783 ”
1880 5770 2047 5822 φησιν
2086 5754 2128 5805 Β

1543 5561 1791 5618 νΑΒιΑεο
1807 5561 2212 5620 LECTIONES.

1564 5679 1610 5711 ³³
1640 5680 1843 5760 ἕτερονΔ
1879 5682 1920 5733 Β
1968 5699 1980 5734 :
2016 5681 2267 5760 δειξτερον
2326 5700 2387 5747 ς’.
2500 5682 2547 5713 ⁸⁸
2587 5680 2843 5760 νίψασθαι
2902 5680 3025 5760 add“.
3061 5681 3123 5735 B.
3234 5678 3280 5760 θ’
3314 5677 3501 5760 φασίν]

2176 5750 2398 5823 Ξφασιν
2456 5770 2517 5818 ς’.
2587 5750 2764 5805 “nat
2809 5762 2932 5823 post
2989 5751 3259 5823 {ieiunet
3328 5750 3497 5823 fis-oi}

1746 5824 1790 5856 ⁸³
1829 5819 2273 5894 κατεργασθῆναι
2331 5826 2372 5877 Β
2412 5846 2423 5880 :
2481 5822 2929 5895 κατεργάσασθαι
2966 5837 3024 5883 ς.
3138 5820 3183 5849 ⁸⁸
3218 5821 3248 5872 6
3278 5819 3401 5875 add.
3434 5820 3495 5877 Β.

224 5812 356 5890 add:
596 5816 651 5890 δῖ
683 5812 1019 5890 ἀποτάξηται
1066 5812 1151 5874 ΒΞ

1191 5820 1519 5886 ἅποτάξεται
1572 5839 1633 5885 ς.

226 5887 280 5918 ιο
317 5885 595 5953 Ἰουδαίοις
628 5888 671 5941 Β
706 5905 718 5942 :
756 5885 1069 5955 ἀποστόλοις
1095 5908 1155 5957 ς.
