3856 6298
545 342 673 450 ’339
1613 403 1620 408 -
1716 385 1979 450 PHOTII
2006 388 2068 452 pi

2246 387 2509 450 ARCH/E
2543 390 2651 449 CP.
3270 485 3272 487 >
3681 393 3769 458 3m

559 507 699 567 erat,
735 497 935 569 inquit,
971 500 1344 570 poenitentiae,
1374 515 1474 556 nec
1501 515 1566 554 ex
1594 498 1815 554 ail‘ectu.
1841 499 1977 556 Nam
2011 516 2082 572 pri

2243 504 2374 574 ματ-ι
2423 503 2628 572 Ἰησοῦ
2647 501 2691 537 ⁸⁸
2738 501 3015 572 Χριστοῦ,
3063 499 3158 554 καὶ
3200 499 3344 566 ἑξῆς.
3390 499 3514 572 [885
3541 501 3625 575 H.]
3669 508 3766 565 Καὶ

559 590 665 645 cati
692 598 896 654 essent,
927 598 981 645 et
1013 593 1227 646 veniam
1275 591 1574 647 dedissent.
1602 588 1752 645 Vidit
1795 605 1926 646 vero
1958 608 2081 661 mag

2249 596 2411 667 μυρία
2452 596 2607 651 ἄλλα.
2643 595 2810 650 Ὥστε
2844 596 2878 666 ὴ
2911 594 3011 664 τῆς
3044 592 3338 663 μετανοίας
3367 593 3510 658 λέξις
3539 597 3677 652 οὐδὲν
3710 595 3772 656 ὧν

563 682 780 746 Petrus,
810 681 1018 752 Spiritu
1043 692 1232 738 sancto
1254 683 1549 743 revelante,
1577 691 1808 737 mentem
1831 683 1977 738 illius
2004 682 2086 738 sul

2251 685 2522 740 ἐϐούλοντο
2548 685 2730 739 δίδωσι
2757 687 2871 748 τοῖς
2892 683 3274 747 Ναυατιανοῖς.
3295 683 3420 737 Ὅτι
3445 684 3505 737 τὸ
3534 688 3675 758 παρὰ
3697 693 3774 746 τοῦ

561 774 943 829 sannationem
976 789 1098 830 esse
1131 783 1186 829 et
1214 774 1482 829 fraudem.
1519 772 1711 845 540a
1759 774 1842 828 Αη
1873 775 2082 845 ignorat

2248 777 2479 847 Σίμωνος
2501 776 2594 830 τοῦ
2611 775 2656 808 ⁸⁷
2677 775 2872 842 Μάγου
2900 774 3185 845 εἰρημένον
3204 773 3280 844 τῷ
3295 775 3573 846 κορυφαίῳ
3588 778 3771 849 Πέτρῳ·

560 864 686 934 quia
719 865 1017 934 quicunque
1044 863 1303 932 baptizati
1338 879 1520 916 sunms
1558 863 1615 916 in
1648 862 1861 918 Christo
1897 862 2048 927 Jesu,
2077 882 2083 916 π

2252 868 2488 936 δεήθητε
2509 865 2623 923 οὖν
2643 867 2812 938 ὑμεῖς
2840 867 2992 934 ὑπὲρ
3013 861 3183 936 ἐμοῦ,
3201 865 3360 931 ὅπως
3379 865 3565 934 μηδὲν
3582 869 3775 939 ἐπέλθῃ

560 962 729 1007 morte
785 954 953 1022 ipsius
1001 953 1256 1022 baptizati
1298 968 1483 1006 sumus
1509 952 1584 1004 8‘?
1646 953 1704 1008 ln
1755 953 1973 1009 Christo
2001 953 2083 1009 Jcs

2255 977 2332 1015 ιοι
2357 954 2444 1014 ὧν
2466 959 2765 1028 εἰρήκατε,
2813 959 2914 1011 οὐκ
2942 953 3012 1029 ῆν
3046 957 3354 1027 μετανοίας,
3386 958 3564 1026 φησὶν.
3594 960 3704 1013 οὐδὲ
3727 965 3778 1014 ἐκ

561 1045 834 1115 baptizari
860 1045 1152 1114 signiﬁcat,
1195 1042 1496 1098 secundum
1534 1053 1859 1113 pratceptum
1913 1052 1970 1099 et
2020 1053 2084 1098 tr:

2252 1052 2526 1116 ῑιαθέσεως
2545 1068 2559 1081 ⁸
2589 1047 2624 1123 ἦ
2661 1051 2771 1123 γὰρ
2796 1050 2863 1105 ἂν
2895 1051 2990 1103 καὶ
3024 1050 3324 1120 ἐδεήθησαν
3353 1051 3446 1102 καὶ
3477 1051 3775 1122 συγγνώμης

558 1137 824 1192 ditionem
857 1135 987 1191 Jesu
1027 1134 1230 1190 Christi
1263 1135 1529 1204 baptizari
1567 1153 1579 1188 :
1617 1136 1724 1190 hoc
1749 1143 1830 1191 est
1857 1135 1912 1188 in
1949 1134 2079 1190 Patr

2255 1141 2572 1198 ιετὲδωκαν.
2605 1140 2773 1201 Εἰδὼς
2802 1141 2858 1194 δὲ
2893 1140 3092 1210 μᾶλλον
3121 1138 3181 1204 ἐξ
3213 1139 3371 1204 ἁγίου
3398 1139 3698 1209 Πνεύματος
3719 1145 3778 1195 τὰ

555 1238 613 1284 et
638 1228 810 1294 Filio,
840 1238 894 1284 et
921 1227 1127 1298 Spiritu
1160 1238 1352 1283 sancto
1385 1244 1400 1292 ;
1435 1227 1566 1282 illud
1593 1237 1775 1283 autem
1810 1246 1824 1283 :
1857 1225 1928 1282 In
1969 1244 2078 1282 mor

2252 1228 2334 1298 τῆς
2363 1226 2529 1282 αὐτοῦ
2553 1227 2794 1292 διανοίας
2815 1229 2844 1282 ό
2873 1227 3102 1300 Πέτρος,
3131 1229 3208 1292 ὼς
3233 1228 3433 1298 χλεύης
3453 1229 3548 1282 καὶ
3585 1231 3775 1303 ἀπάτης

557 1318 726 1388 ipsius
753 1358 772 1384 ,
819 1326 948 1388 typo
983 1318 1424 1372 demonstrantes
1459 1317 1512 1372 in
1547 1318 1875 1388 baptismate
1907 1327 2076 1373 morte

2254 1319 2305 1373 ιὰ
2361 1319 2569 1373 ἐκείνου
2619 1320 2939 1390 παρέδραμε
2992 1321 3232 1390 ῥήματα.
3269 1320 3390 1375 Ὅτι
3429 1319 3546 1372 τοῦ·
3581 1322 3653 1376 Ἢ
3687 1325 3777 1392 ἀγ-

556 1409 700 1480 ejus.
745 1409 898 1476 Quod
933 1408 1219 1479 proferunt
1253 1408 1543 1464 Novatiani
1578 1429 1591 1464 :
1641 1409 1951 1464 Voluntarie
1993 1411 2078 1464 eui

2254 1411 2426 1465 ροεῖτε
2463 1411 2572 1477 ὅτι,
2618 1411 2752 1465 ὅσοι
2778 1411 3249 1480 ῖέϐαπτίσθημεν
3283 1413 3373 1475 είς
3407 1411 3653 1478 Χριστὸν
3685 1415 3777 1480 ’1η-

555 1501 896 1571 peccantibus
941 1501 1093 1556 nobis
1137 1513 1254 1572 post
1293 1512 1562 1572 acceptam
1591 1504 1838 1557 notitiam
1871 1504 2078 1557 veritati

2254 1503 2412 1568 γοῦν,
2440 1503 2528 1569 είς
2564 1501 2672 1556 τὸν
2703 1501 2962 1558 θάνατον
2996 1501 3183 1556 αὐτοῦ
3217 1500 3696 1576 ’ἐϐαπτίσθημενῖ
3727 1504 3777 1556 τὸ

547 1593 667 1660 jam
697 1608 800 1645 non
839 1591 1156 1662 relinquitur
1191 1609 1286 1662 pro
1335 1594 1563 1662 peccatis
1609 1593 1823 1660 hostia,
1877 1592 2070 1648 terribii

2251 1595 2334 1648 ιὲν
2361 1596 2440 1659 είς
2469 1593 2703 1666 Χριστὸν
2738 1593 2942 1666 Ἰησοῦν
2974 1592 3341 1665 βαπτισθῆναι
3372 1591 3623 1660 σημαίνοι
3644 1591 3704 1647 ἂν
3726 1596 3774 1648 τὸ

560 1691 738 1735 autem
772 1681 1018 1752 quwdam
1047 1685 1373 1754 exspectatio
1397 1682 1593 1752 judicii
1615 1683 1668 1749 ιι,
1690 1691 1796 1738 etc.
1831 1682 1947 1738 Hoc
1970 1682 2083 1753 igitt

2246 1688 2378 1743 κατὰ
2421 1687 2518 1759 τὴν
2553 1687 2775 1759 ἐντολὴν
2823 1686 2915 1739 καὶ
2943 1685 3241 1755 παράδοσιν
3281 1683 3374 1736 τοῦ
3425 1684 3652 1754 Χριστοῦ
3687 1686 3769 1753 Ἴης

558 1772 767 1828 dictum
799 1773 867 1828 ad
899 1773 1192 1829 tollendam
1225 1774 1604 1845 paenitentiam
1641 1773 1909 1844 prolatum
1936 1774 2081 1830 disso

2245 1779 2338 1834 σοῦ
2396 1779 2775 1850 βαπτισθῆναι,
2814 1777 3093 1831 τουτέστιν
3133 1777 3214 1840 είς
3267 1776 3485 1845 Πατέρα
3531 1777 3622 1830 καὶ
3664 1778 3768 1831 Tib»

557 1865 730 1932 vitur,
758 1883 881 1921 cum
905 1868 1011 1935 ait;
1037 1867 1127 1922 hic
1148 1881 1257 1921 non
1281 1868 1604 1938 simpliciter
1632 1866 1961 1922 sacriﬁcium
1990 1882 2078 1922 am

2254 1874 2401 1948 :1609
2433 1873 2525 1946 li.)
2559 1873 2653 1925 καὶ
2684 1869 2838 1940 ἅγιον
2862 1868 3106 1940 Πνεῦμα,
3140 1869 3201 1922 τὸ
3225 1868 3286 1920 δὲ
3311 1870 3400 1934 είς
3419 1869 3524 1921 τόν
3551 1868 3777 1923 θάνατον

559 1966 671 2021 vet,
703 1958 796 2013 sed
834 1958 968 2029 legis
1000 1957 1326 2014 sacriﬁcium
1362 1976 1375 2012 :
1407 1968 1460 2014 et
1491 1975 1599 2012 non
1624 1958 1944 2028 simpliciter
1966 1958 2076 2012 inte

2250 1964 2446 2030 αὐτοῦ,
2467 1963 2710 2018 τουτέστι
2740 1960 3037 2024 τυποῦντες
3061 1961 3117 2012 ὲν
3145 1957 3221 2029 τῷ
3249 1957 3580 2029 βαπτίσματι
3598 1957 3678 2012 τὸν
3695 1959 3773 2013 θά-

559 2050 716 2115 dicit,
755 2052 850 2105 sed
881 2060 930 2106 et
960 2051 1230 2120 judicium
1259 2051 1510 2105 ultimum
1543 2050 1608 2105 iis
1629 2050 2018 2113 comminatur,
2043 2067 2076 2120 q

2251 2074 2396 2114 Ia‘tO‘l
2430 2053 2594 2110 αὑτοῦ
2614 2053 2679 2107 ⁸⁸.
2711 2052 2838 2106 Ὀτι
2868 2049 3290 2124 προτεινόμενον
3320 2047 3470 2119 παρὰ
3493 2050 3599 2110 τοῖς
3618 2049 3774 2101 Ναυα-

558 2152 685 2212 pnst
719 2142 1051 2212 agnitionem
1084 2143 1347 2201 veritatis,
1383 2154 1435 2196 et
1460 2142 1676 2212 mystici
1716 2141 1967 2198 sacriﬁcii
1997 2141 2080 2196 fru

2252 2151 2439 2212 ειανοῖς
2464 2147 2526 2200 τό
2552 2163 2566 2176 ·
2610 2144 2932 2209 Ἑκουσίως
2981 2141 3092 2211 γὰρ
3138 2139 3311 2212 ἡμῶν
3357 2140 3775 2208 ἁμαρτανόντων

559 2239 803 2301 tionem,
835 2236 904 2291 ad
943 2235 1076 2291 illud
1109 2235 1278 2305 legale
1309 2251 1403 2306 per
1431 2236 1634 2291 vitulos
1662 2244 1716 2290 et
1746 2248 1932 2290 tauros
1965 2249 2082 2290 sacr

2249 2239 2386 2307 μετὰ
2435 2238 2502 2292 τὸ
2551 2237 2756 2291 λαϐεῖν
2789 2235 2903 2303 τὴν
2952 2234 3282 2304 ἐπίγνωσιν
3313 2231 3424 2300 τῆς
3471 2230 3772 2303 [μετανοίας

558 2327 745 2382 ﬁcium
794 2336 1164 2383 revertuntur.
1224 2325 1350 2382 Haec
1395 2327 1623 2383 dicendo
1675 2327 1751 2382 ait
1814 2326 2078 2398 Apostolu

2251 2332 2360 2406 καὶ]
2393 2333 2698 2401 ἀληθείας,
2733 2330 2929 2385 οὐκέτι
2958 2329 3091 2397 περὶ
3135 2327 3440 2396 ἁμαρτιῶν
3491 2328 3774 2381 ὑπολείπε-

561 2433 797 2474 avocare
827 2429 1082 2475 conatum
1107 2419 1346 2485 Judmos,
1375 2421 1466 2490 qui
1513 2419 1629 2491 jam
1675 2419 1901 2476 Christo
1950 2435 2009 2475 se
2037 2435 2084 2474 at

2250 2445 2333 2482 rat
2370 2425 2573 2490 θυσία,
2602 2422 2824 2494 φοϐερὰ
2853 2421 2920 2475 δέ
2947 2439 3032 2487 τις
3056 2419 3282 2488 ἐκδοχὴ
3316 2417 3698 2486 κρίσεωςάκαὶ
3721 2418 3773 2470 τὰ

553 2512 892 2582 junxerant,
940 2511 1009 2566 ab
1041 2511 1425 2568 observatione
1477 2511 1634 2580 legis.
1667 2509 2076 2578 Quemadmodu

2251 2517 2393 2588 ἑξῆς,
2426 2515 2586 2571 τοῦτο
2629 2509 2722 2569 οῦν
2754 2513 2814 2566 τὸ
2845 2514 3008 2584 ῥητὸν
3041 2512 3122 2576 είς
3163 2510 3447 2580 ἀναίρεσιν
3495 2509 3592 2579 τῆς
3638 2525 3774 2578 μετα-

557 2620 690 2674 ergo
736 2613 886 2660 vetat
932 2619 1028 2660 eos
1079 2605 1414 2676 baptismata
1476 2605 1613 2674 legis
1671 2605 1932 2676 exsequi,
1982 2604 2061 2659 sic

2252 2611 2389 2673 νοίας
2428 2607 2865 2682 προϐαλλόμενον
2910 2605 3211 2669 ὲπιλύεται,
3264 2602 3359 2656 καί
3409 2618 3567 2672 φησιν
3607 2601 3678 2654 ὅτι
3709 2601 3775 2652 ἐν·

559 2702 786 2750 cruenta
817 2693 1110 2751 sacriﬁcia.
1139 2694 1355 2749 Etenim
1382 2691 1554 2749 Judaei
1583 2696 1637 2749 in
1663 2705 1951 2764 peccatum
1982 2694 2082 2763 laps

2252 2701 2418 2758 ταῦθα
2450 2700 2548 2770 οὐχ
2575 2696 2764 2760 ἁπλῶς
2793 2695 2987 2750 Θυσίαν
3035 2692 3361 2765 ἀποτρέπει,
3408 2690 3544 2745 ἀλλὰ
3581 2689 3775 2760 νομικὴν

557 2791 800 2862 primum
835 2787 1057 2859 quidem
1079 2789 1535 2860 puriﬁcabantur,
1568 2790 1764 2846 deinde
1786 2805 1926 2861 aqua
1957 2789 2080 2844 ablu

2252 2795 2456 2858 θυσίαν,
2482 2791 2578 2846 καὶ
2609 2791 2709 2861 ούχ
2743 2788 2928 2852 ἁπλῶς
2953 2785 3315 2857 ἀπαγορεύει,
3353 2783 3487 2838 ἀλλὰ
3509 2783 3598 2837 καὶ
3623 2782 3775 2853 κρίσιν

561 2886 765 2940 bantur
794 2902 808 2938 :
837 2885 1072 2954 denique
1106 2883 1405 2939 offerebant
1449 2884 1699 2940 victimas
1738 2899 1835 2951 ι)ηο
1879 2885 2084 2954 peccati

2252 2887 2479 2958 ἐσχάτην
2518 2883 2734 2940 ἀπειλεῖ
2766 2884 2879 2946 τοῖς
2917 2880 3056 2952 μετὰ
3087 2881 3186 2951 τὴν
3216 2877 3516 2947 ἐπίγνωσιν
3542 2876 3635 2948 τῆς
3669 2875 3775 2943 ἁλη-

561 2992 592 3031 a
632 2977 835 3046 quibus
871 2989 1112 3030 avocans
1146 2976 1270 3032 illos
1299 2976 1617 3047 Apostolus,
1653 2977 1926 3032 terribiles
1962 2976 2084 3031 min:

2252 2981 2395 3044 θείας
2426 2979 2518 3032 καὶ
2547 2977 2647 3047 τῆς
2692 2973 2964 3046 μυστικῆς
3013 2972 3208 3035 θυσίας
3257 2971 3356 3040 τὴν
3407 2969 3687 3022 ἀπόλαυσιν
3711 2968 3775 3028 είς

558 3069 734 3124 sﬂ‘ert.
774 3067 985 3122 Etenim
1017 3069 1302 3138 oportebat
1328 3083 1455 3122 vera
1487 3069 1708 3122 victima
1736 3067 1904 3123 semel
1931 3067 1987 3123 in
2009 3084 2081 3123 c01

2250 3069 2461 3140 εκείνην
2483 3066 2581 3138 τὴν
2599 3063 2850 3136 νομικὴν,
2870 3063 2967 3134 τὴν
2997 3060 3085 3116 διὰ
3119 3060 3341 3130 μόσχων
3370 3061 3464 3113 καὶ
3484 3057 3681 3128 ταύρων
3705 3074 3773 3109 τε·

561 3157 933 3213 summatione
965 3156 1294 3213 saeculorum
1328 3173 1431 3227 pro
1462 3159 1699 3227 peccatis
1727 3158 1908 3213 oblata
1933 3199 1949 3224 ,
1989 3159 2084 3212 vidi

2252 3161 2532 3232 λουμένην,
2565 3155 2870 3212 ὲπανιοῦσι.
2901 3154 3073 3208 Τοῦτο
3123 3153 3307 3222 λέγειν
3351 3151 3482 3221 φησι
3519 3151 3605 3204 τὸν
3640 3150 3775 3201 Ἀπό-

560 3251 685 3308 licet
708 3253 864 3324 Agno
887 3251 977 3307 Dei
1013 3251 1236 3306 tollente
1264 3263 1545 3322 peccatum
1572 3252 1760 3307 mundi
1789 3255 1995 3317 occiso,
2026 3268 2083 3307 nt

2252 3255 2433 3310 στολου
2501 3253 2736 3324 ἀφιστᾷν
2786 3247 3086 3303 σπεύδοντα
3137 3247 3268 3310 τοὺς
3338 3244 3651 3310 Ἰουδαίους,
3694 3241 3775 3313 ἢδη

559 3345 799 3415 amplius
831 3343 1038 3414 reliqua
1064 3359 1207 3408 esse,
1239 3344 1333 3398 sed
1361 3343 1586 3399 omnino
1604 3359 1818 3399 cessare
1847 3345 2018 3400 multa
2049 3346 2082 3399 il

2252 3346 2469 3422 Χριστῷ
2499 3343 2992 3418 προσεληλυθότας,
3020 3341 3130 3396 ἀπὸ
3158 3343 3261 3412 τῆς
3289 3339 3520 3410 νομικῆς
3560 3353 3775 3406 παρατη-

560 3447 615 3490 et
679 3436 856 3508 typica
912 3437 1180 3491 sacriﬁcia
1236 3451 1333 3506 pro
1389 3447 1736 3502 peccatorum
1804 3436 2080 3506 expiation

2252 3444 2481 3514 ρήσεως.
2515 3441 2724 3510 Ὥσπερ
2767 3432 2860 3491 οῦν
2886 3437 2954 3490 τὰ
2983 3435 3182 3506 νομικὰ
3225 3433 3576 3504 βαπτίσματα
3611 3428 3775 3484 κωλύει

563 3526 708 3583 Fieri
739 3529 883 3584 enim
917 3544 1027 3583 non
1051 3537 1232 3599 potest
1257 3568 1272 3594 ,
1328 3528 1787 3598 quemadmodum
1826 3528 1967 3582 idem
1991 3527 2086 3598 Apt

2249 3535 2473 3599 τούτους
2501 3530 2794 3596 ἐπιτελεῖν,
2837 3528 2981 3582 οὕτω
3025 3527 3119 3582 καὶ
3166 3527 3268 3590 τὰς
3318 3526 3568 3596 ἐναίμους
3599 3521 3772 3584 θυσίας.

563 3621 740 3676 stolus
763 3620 859 3683 ait,
895 3628 953 3674 ut
984 3620 1185 3676 iterum
1213 3619 1438 3691 sanguis
1463 3627 1746 3674 taurorum
1776 3628 1830 3674 et
1857 3619 2080 3674 hircoru

2251 3627 2357 3682 Καὶ
2385 3625 2492 3696 γὰρ
2525 3624 2586 3677 τὸ
2621 3622 2889 3694 Ἐϐραίων
2915 3620 3070 3689 γένος
3114 3619 3516 3690 ἁμαρτάνοντες
3550 3615 3774 3686 πρότερον

562 3714 716 3770 tollat
748 3723 993 3784 peccata,
1031 3727 1157 3768 cum
1189 3712 1354 3768 semel
1394 3713 1583 3784 Agnus
1641 3711 1738 3766 Dei
1776 3713 1994 3769 oblatus
2045 3713 2085 3768 si

2253 3718 2348 3790 μὲν
2399 3714 2704 3787 ἠγνίζοντο,
2739 3708 2856 3766 εἶτα
2908 3704 3276 3781 βαπτίσμασιν
3326 3705 3657 3768 ἀπελούοντο,
3702 3702 3776 3754 καί

561 3805 679 3862 Una
722 3807 867 3861 enim
923 3806 1223 3869 oblatione,
1255 3806 1454 3877 inquit,
1487 3806 1892 3862 consummavit
1936 3807 1988 3861 in
2022 3822 2084 3862 on

2254 3808 2433 3862 λοιπὸν
2453 3806 2554 3876 ῆδη
2582 3804 2680 3868 τὰς
2708 3803 2846 3874 ὑπὲρ
2869 3802 2976 3856 τῶν
2999 3799 3406 3873 ἡμαρτημένων
3436 3796 3617 3858 θυσίας
3640 3807 3777 3862 προσ-

558 3916 683 3956 nem
717 3901 1134 3970 perpetuitatem
1175 3916 1269 3958 eos
1317 3901 1412 3971 qui
1443 3900 1862 3956 sanctiﬁcantur
1905 3917 1919 3954 :
1969 3915 2080 3970 que

2250 3900 2465 3971 έφερον.
2496 3891 2600 3950 Ὦν
2645 3896 2844 3960 αὐτοὺς
2885 3895 3112 3963 ἀπάγων
3153 3893 3182 3945 ὁ
3225 3889 3548 3951 ’Λπόστολος
3588 3887 3671 3940 καὶ
3697 3882 3773 3950 τὴν

561 3992 726 4062 igitur
755 3990 823 4045 ad
850 3991 1072 4044 modum
1108 3989 1449 4060 impossibile
1472 3989 1634 4052 dixit,
1663 3991 1984 4060 sanguinem
2020 3989 2084 4044 hi1

2254 3990 2478 4062 ἀπειλὴν
2520 3988 2760 4060 φοϐερὰν
2791 3987 3088 4056 ἐπήνεγκε.
3132 3983 3239 4036 Καὶ
3272 3983 3380 4052 γὰρ
3412 3981 3516 4033 ἔδει
3557 3977 3648 4046 τῆς
3674 3973 3777 4039 ἀλη-

559 4095 751 4138 eornm
795 4090 850 4136 et
910 4090 1192 4136 taurorum
1251 4082 1468 4136 auferre
1512 4089 1738 4150 peccata
1783 4069 2010 4144 mundi,
2073 4096 2082 4133 :

2253 4085 2402 4153 θινῆς
2453 4081 2643 4144 θυσίας
2673 4078 2824 4143 ἅπαξ
2871 4077 2965 4130 ἐπὶ
2995 4074 3278 4144 συντελείᾳ
3321 4072 3415 4126 τοῦ
3446 4071 3630 4130 αἰῶνος
3665 4064 3776 4162 ὑπὲρ

563 4176 816 4229 eumdem
847 4175 1069 4228 modum
1093 4184 1146 4228 et
1177 4174 1462 4245 sequentia
1491 4173 1624 4228 dicit
1652 4191 1665 4227 :
1703 4172 2001 4227 Voluntaria
2032 4189 2086 4242 pe

2252 4173 2534 4245 ἁμαρτιῶν
2561 4167 3036 4243 προσενεχθείσης,
3073 4167 3192 4238 ῆτοι
3219 4165 3315 4219 τοῦ
3350 4162 3519 4235 ἀμνοῦ
3551 4159 3637 4214 τοῦ
3668 4157 3775 4210 Θεοῦ

565 4266 806 4319 cantibus
844 4264 991 4320 nobis
1022 4275 1139 4335 post
1175 4266 1425 4340 noﬂtiam
1453 4264 1694 4319 veritatis
1716 4303 1732 4328 ,
1772 4264 1891 4333 jam
1926 4281 2031 4318 non
2061 4281 2086 4315 r

2254 4265 2343 4319 τοῦ
2379 4263 2626 4334 αἴροντος
2655 4260 2752 4332 τὴν
2794 4259 3068 4330 ἁμαρτίαν
3093 4257 3186 4311 τοῦ
3217 4258 3426 4326 κόσμου
3455 4248 3777 4323 σφαγιασθέν-

567 4357 827 4426 linquitur
855 4373 950 4426 pro
980 4359 1208 4429 peccatis
1236 4337 1412 4410 itostia
1441 4358 1487 4421 i,
1511 4367 1618 4412 etc.
1652 4357 1866 4411 Etenim
1903 4367 2090 4411 tremet

2254 4375 2361 4422 τος,
2387 4356 2583 4428 μηκέτι
2615 4352 3022 4422 ὑπολελεῖφθαι,
3054 4349 3167 4405 ἀλλ’
3206 4349 3345 4412 ὅλως
3374 4344 3669 4401 πεπαῦσθαι
3701 4337 3777 4396 τὰς

567 4447 695 4503 dum
718 4448 1046 4504 sacriﬁcium
1076 4449 1323 4521 corporis
1345 4448 1463 4515 Dei,
1497 4449 1641 4519 quod
1671 4463 1700 4503 a
1729 4449 1890 4504 nobis
1923 4449 2090 4519 perﬁc

2256 4445 2456 4510 πολλὰς
2491 4445 2588 4499 καὶ
2611 4443 2851 4506 τυπικὰς
2885 4443 3076 4504 θυσίας
3107 4441 3244 4513 ὑπὲρ
3275 4438 3553 4512 ἁμαρτιῶν
3579 4447 3779 4521 προσφῗ

554 4546 678 4601 tur,
713 4554 820 4593 non
845 4539 996 4594 varia
1028 4517 1302 4595 sacriﬁcia
1329 4517 1604 4609 producit,
1632 4538 1727 4594 sed
1755 4517 1955 4610 541;;
1992 4553 2077 4592 cor

2255 4534 2506 4607 ρομὲνας.
2570 4530 2857 4585 Ἀδύνατον
2905 4529 3034 4599 γὰρ,
3083 4531 3158 4593 ὠς
3207 4529 3367 4591 αὐτὸς
3413 4530 3440 4581 ὁ
3499 4517 3777 4578 ’Δπόστολός

569 4630 896 4685 memoratio
946 4641 1028 4687 est
1063 4631 1255 4686 hostia:
1288 4631 1456 4686 semel
1487 4631 1681 4685 oblata:
1711 4649 1725 4685 :
1765 4629 1911 4696 Hoc,
1948 4631 2092 4700 inqui

2254 4644 2405 4698 φησι,
2464 4624 2628 4679 πάλιν
2682 4618 2825 4693 αἷμα
2873 4621 3093 4694 ταύρων
3145 4623 3240 4675 καὶ⁵
3291 4621 3509 4692 τράγων
3559 4611 3777 4684 ἀφαιρεῖν

567 4723 729 4792 facite
781 4722 840 4776 in
880 4736 1050 4777 meam
1097 4722 1646 4776 commemorationem
1679 4719 1728 4786 i,
1756 4731 1855 4777 ct:
1897 4721 2090 4788 Quotie

2252 4717 2549 4791 ἁμαρτίας,
2583 4713 2731 4780 ἅπαξ
2756 4714 2846 4768 τοῦ
2870 4714 3045 4784 ἀμνοῦ
3075 4711 3168 4766 τοῦ
3189 4711 3324 4766 Θεοῦ
3346 4704 3775 4782 προσενεχθέντος·

569 4831 772 4885 cunque
824 4817 965 4870 enim
1007 4816 1104 4869 hoc
1147 4815 1410 4886 facimus,
1444 4825 1662 4869 mortem
1703 4815 2092 4870 Dominiannui

2254 4813 2354 4883 μιᾷ
2386 4810 2495 4881 γὰρ
2525 4807 2815 4879 προσφορᾷ
2842 4805 3180 4872 τετελείωκε,
3213 4803 3402 4874 φησὶν,
3435 4801 3513 4863 είς
3538 4797 3596 4850 τὸ
3623 4795 3777 4898 διηνε-

572 4903 772 4958 tiamus
802 4903 854 4971 ιι,
910 4903 1038 4959 Haec
1065 4903 1252 4959 omnia
1283 4902 1542 4973 Eulogius
1591 4904 1994 4962 Alexandrinus
2016 4947 2032 4973 ,
2081 4923 2095 4962 ι

2252 4905 2343 4966 κὲς
2368 4903 2495 4962 τοὺς
2522 4897 2942 4968 ἁγιαζομένους.
2966 4898 3063 4950 Ὃν
3091 4893 3185 4949 οῦν
3217 4895 3414 4965 τρόπον
3443 4892 3648 4962 εἴρηκεν
3672 4892 3775 4937 ἁδυ-

569 4995 926 5051 refellendum
957 4993 1387 5052 Novatianorum
1439 4995 1637 5066 dogma
1671 4996 1828 5051 dixit.

2252 5012 2409 5051 νατον
2439 4988 2577 5063 αἷμα
2605 4990 2821 5062 ταύρων
2849 4990 2945 5044 καὶ
2974 4989 3190 5058 τράγων
3239 4986 3492 5057 ἀφαιρεῖν
3520 4977 3775 5052 ἁμαρτίας,

572 5087 664 5142 τὸν
698 5090 860 5144 αὐτὸν
909 5092 1003 5144 καὶ
1055 5091 1116 5144 τὸ
1146 5091 1489 5168 ἐπαγόμενον
1543 5091 1679 5165 ἔφη,
1729 5095 1810 5146 ὅτι
1854 5093 2180 5161 Ἑκουσίως
2213 5091 2382 5164 ἡμῶν
2431 5090 2897 5160 ἁμαρτανόντων
2963 5086 3115 5156 μετὰ
3172 5085 3285 5154 τὴν
3330 5085 3644 5154 ἐπίγνωσιν
3692 5071 3778 5137 τῆς

572 5180 862 5250 ἀληθείας
891 5179 1092 5234 οὐκέτι
1124 5180 1261 5250 περὶ
1286 5181 1586 5251 ἁμαρτιῶν
1633 5184 2026 5239 ὑπολείπεται
2067 5185 2270 5250 θυσία,
2325 5183 2422 5237 καὶ
2478 5181 2548 5234 τὰ
2610 5178 2756 5250 ἑξῆς.
2790 5179 2898 5230 Καὶ
2957 5179 3064 5250 γὰρ
3095 5178 3191 5231 καὶ
3227 5180 3259 5248 ἡ
3298 5177 3426 5242 παρ’
3455 5172 3603 5244 ἡμῶν
3626 5171 3770 5251 intra:

571 5240 810 5342 λουμένη
840 5240 939 5326 τοῦ
976 5240 1228 5344 σώματος
1259 5240 1354 5326 τοῦ
1372 5240 1420 5305 δέ
1461 5274 1665 5345 Κυρίου
1704 5273 1910 5347 φρικτὴ
1948 5273 2140 5344 τελετὴ
2184 5240 2270 5329 ού,
2313 5273 2516 5327 θυσιῶν
2551 5240 2668 5325 ἐστί
2694 5240 2993 5341 ’διαφόρων
3033 5240 3086 5302 ’⁵ο
3138 5240 3507 5341 προσαγωγὴν,
3547 5261 3664 5338 [88ι
3699 5240 3773 5314 HJ

641 5461 670 5502 ε
714 5450 874 5508 Rom.
906 5455 1059 5522 v1.5.
1122 5452 1154 5495 ¹ι
1183 5455 1350 5512 Hebr.
1378 5473 1431 5522 κ,
1464 5456 1553 5512 24.
1644 5457 1661 5497 ἱ
1703 5455 1834 5512 ibid.
1863 5455 1956 5510 26.
2035 5466 2049 5505 ι
2089 5454 2164 5509 Lu

1526 5458 1553 5511 ί.
1644 5457 1661 5497 ἱ
1703 5455 1834 5512 ibid.
1863 5455 1956 5510 26.
2035 5466 2049 5505 ι
2089 5454 2223 5511 Luc.
2249 5470 2387 5542 xxii,
2417 5454 2506 5510 ‘19.
2575 5453 2600 5493 ιε
2641 5454 2658 5508 l
2693 5453 2819 5509 Cor.
2857 5467 2934 5517 χι,
2961 5449 3049 5506 26.

1837 5591 2084 5678 ,ἾΑΒΙἎΕ
2123 5589 2526 5648 LECTlONES.

685 5710 729 5745 “
763 5711 936 5782 Ἰησοῦ
973 5713 1051 5768 Β;
1088 5712 1182 5766 τοῦ
1217 5712 1420 5783 Κυρίου
1461 5709 1636 5781 Ἰησοῦ
1678 5727 1736 5773 ς.
1795 5781 1802 5783 _
1849 5708 1892 5783 f7
1924 5706 2017 5783 τοῦ
2047 5717 2095 5763 et
2129 5707 2267 5762 infra
2295 5707 2688 5764 τουτέστιαθύ.
2729 5707 2786 5762 Β.
2901 5706 2946 5739 ⁸⁸
2984 5703 3190 5778 αὑτοῦ]
3226 5705 3482 5760 hactenus
3509 5699 3564 5754 Β.
3637 5694 3675 5728 δ’
3698 5687 3772 5743 τοῦ

583 5794 706 5842 ante
728 5778 915 5854 ψριου
947 5799 1056 5838 om.
1079 5785 1138 5840 C.
1253 5778 1645 5854 δοόιαφόρωνϐ
1683 5801 1693 5834 ;
1725 5781 1815 5834 καὶ
1851 5778 2124 5848 διαφόρων
2167 5795 2223 5840 ς.
