4020 6416
194 385 288 450 341

1190 397 1713 460 BIBLIOTHECA.
1745 424 1813 437 --
1841 397 2007 460 COD.
2029 398 2348 460 CCLXXX.

3326 407 3434 474 342

190 507 320 562 ἀλλα
352 510 452 582 τῆς
478 511 626 578 ἅπαξ
656 513 1166 588 προσενηνεγμένης
1185 515 1375 580 θυσίας
1401 516 1739 587 ἀνάμνησις·
1792 516 1972 571 Τοῦτο
2012 515 2142 588 γὰρ,
2197 514 2351 588 φησὶ,
2419 517 2635 572 ποιεῖτε
2702 521 2790 588 εις
2834 519 2950 589 τὴν
2975 520 3131 591 ἐμὴν
3162 523 3436 595 ἀνάμνη-

186 619 305 666 σιν,
344 605 472 662 καί·
520 609 761 678 Ὁσάκις
778 611 888 683 γὰρ
907 613 1080 667 τοῦτο
1104 613 1414 683 ποιοῦμεν,
1434 612 1541 667 τὸν
1562 610 1824 668 θάνατον
1847 607 1953 666 τοῦ
1979 610 2198 679 Κυρίου
2262 610 2767 682 καταγγέλλομεν.
2838 612 3023 668 Ταῦτα
3075 617 3118 648 ⁸⁸
3154 617 3254 687 μὲν
3311 622 3340 672 ὁ
3371 621 3430 687 ἐξ

199 693 610 770 Ἀλεξανδρείας
642 703 893 772 Εὑλόγιος
926 704 1012 757 ἐπ’
1036 704 1317 776 ἀνατροπῇ
1345 705 1448 777 τῆς
1476 703 1824 773 Ναυατιανῆς
1854 701 2013 773 δόξης
2043 702 2365 774 ἀπέφησεν.

656 820 757 873 Ἕκ
781 821 887 874 τοῦ
911 826 960 890 γ’
990 822 1179 892 λόγου
1208 822 1275 875 ⁸³.

248 904 381 958 Ὅτι
423 906 783 978 ἀπαγορεύει,
814 911 1000 981 φησὶν,
1039 913 1068 964 ὁ
1089 911 1290 982 Κύριος
1321 914 1380 965 ὲν
1423 910 1501 982 τῷ
1531 910 1757 984 παρόντι

182 994 280 1065 βιῳ
314 993 743 1067 διαχωρίζεσθαι
797 1000 922 1064 τοὺς
967 1002 1325 1070 ἁμαρτωλοὺς
1365 1002 1473 1056 ἀπὺ
1528 1003 1636 1055 τῶν
1677 1002 1759 1055 δι-

180 1085 352 1138 καίων
387 1103 403 1116 ·
433 1087 531 1140 καὶ
572 1087 730 1140 τοῦτο
762 1089 946 1158 δῆλον,
977 1090 1144 1161 φησὶν
1168 1132 1183 1156 ,
1215 1094 1278 1144 ὲκ
1317 1091 1417 1160 τῆς
1441 1089 1759 1162 παραϐολῆς

177 1177 296 1246 ἣτις
330 1178 488 1246 λέγει
534 1195 549 1211 ο
588 1181 865 1250 Ὡμοιώθη
921 1182 958 1248 ἠ
1001 1183 1288 1247 ,ϐασιλεία
1326 1182 1444 1238 τῶν
1486 1182 1760 1252 οὐρανῶν

177 1267 469 1336 ἀνθρώπῳ
513 1272 823 1339 σπείροντι
876 1271 1069 1326 καλὸν
1091 1273 1349 1342 σπέρμα,
1376 1275 1472 1328 καὶ
1507 1273 1576 1327 τὰ
1609 1270 1756 1343 ἑξῆς,

177 1359 277 1420 ἓως
309 1359 442 1413 τοῦ·
479 1361 684 1428 Θέλεις
737 1360 850 1418 οὖν
890 1364 937 1397 ⁸³
964 1367 1333 1430 ἀπελθόντες
1369 1365 1762 1435 συλλέξωμεν

177 1451 325 1504 αὑτά
343 1468 365 1515 ;
392 1454 420 1505 ό
456 1454 513 1506 δέ
549 1472 714 1524 φησιν
741 1473 756 1488 ο
788 1457 891 1519 Οὔ,
933 1456 1019 1526 μή
1050 1472 1193 1512 ποτε
1240 1457 1644 1530 συλλέγοντες
1689 1458 1762 1513 τὰ

179 1543 394 1604 [licia-ta
422 1545 782 1615 ἐκριζώσητε
811 1548 930 1616 ἅμα
961 1548 1166 1615 αὐτοῖς
1191 1548 1299 1602 τὸν
1325 1549 1518 1604 σῖτον.
1546 1550 1760 1619 Ἅφετε

179 1635 673 1699 συναυξάνεσθαι
684 1640 836 1692 αὐτὰ
846 1639 956 1704 ἕως
973 1638 1400 1709 τοῦιθερισμοῦ,
1418 1639 1512 1693 καὶ
1525 1639 1594 1692 τὰ
1609 1638 1703 1711 ἐξῆ
1712 1657 1756 1701 ς.

181 1727 321 1796 Αὕτη
360 1723 458 1780 οὖν
493 1729 526 1799 ἡ
567 1728 876 1800 παραϐολὴ,
906 1733 1074 1800 φησιν
1097 1768 1113 1794 ,
1145 1729 1480 1800 ἀπαγορεύει
1515 1731 1622 1802 πρὸ
1662 1731 1762 1799 τῆς

181 1817 266 1869 τοῦ
298 1817 503 1882 αἰῶνος
544 1819 854 1883 συντελείας
881 1818 1228 1890 διαχωρίζειν
1245 1819 1373 1883 τοὺς
1403 1818 1761 1889 ἁμαρτωλοὺς

185 1907 286 1960 ἀπὸ
346 1909 463 1962 τῶν
519 1909 770 1978 δικαίων,
825 1911 930 1965 κᾶν
962 1913 1010 1964 οἱ
1063 1910 1133 1964 τὰ
1169 1911 1423 1965 Ναυάτου
1478 1911 1760 1972 νοσοῦντες

183 1998 332 2052 τοῦτο
376 2001 638 2069 λέγωσιν,
669 2003 746 2065 ὡς
789 2003 1063 2074 καθαροὺς
1085 2003 1310 2067 ἑαυτοὺς
1348 2004 1626 2074 κρίνοντες
1652 2003 1760 2056 τῶν

189 2091 351 2145 ἄλλων
417 2093 747 2165 ἀνθρώπων.
819 2095 913 2159 Είς
939 2095 1001 2148 τὸ
1045 2095 1178 2149 αὐτὸ
1213 2095 1271 2149 δὲ
1318 2096 1497 2166 ἀφορᾷ
1551 2096 1646 2148 καὶ
1697 2096 1759 2147 τὸ

191 2185 330 2253 παρὰ
350 2184 449 2238 τοῦ
484 2185 783 2254 βαπτιστοῦ
819 2187 1134 2257 εἰρημένον
1155 2183 1238 2243 Οὗ
1266 2187 1333 2241 τὸ
1362 2189 1555 2241 πτύον
1582 2189 1653 2242 ἐν
1681 2188 1755 2257 τῇ

205 2277 330 2342 χειρί
361 2271 578 2339 αὐτοῦ,
637 2278 732 2331 καὶ
763 2277 1133 2347 διακαθαριεῖ
1174 2277 1290 2347 τὴν
1318 2279 1521 2334 ἅλωνα
1543 2281 1753 2347 αὐτοῦ,

206 2366 291 2416 καὶ
320 2368 383 2420 τὰ
420 2367 577 2438 ἑξῆς,
626 2369 722 2422 καὶ
763 2371 932 2441 μυρία
967 2369 1122 2424 ἄλλα.
1154 2370 1278 2423 Ὀτι
1326 2369 1408 2436 τὸ,
1457 2369 1758 2438 Ποιήσατε

200 2456 414 2525 ἑαυτοῖς
451 2461 682 2530 φίλους
744 2462 811 2515 ἐκ
877 2463 984 2517 τοῦ
1033 2461 1285 2532 μαμωνᾶ
1336 2460 1445 2528 τῆς
1497 2463 1754 2530 ἀδικίας,

201 2550 410 2605 τοιοῦτον
434 2555 581 2607 ὲστιο
634 2555 843 2620 Φίλους,
877 2556 1012 2626 φησὶ
1038 2555 1106 2620 ³⁸,
1141 2555 1406 2626 ποιήσατε
1423 2557 1560 2625 ,τοὺς
1595 2557 1652 2608 ὲν
1680 2555 1758 2628 τῷ

196 2641 363 2714 κόσμῳ
388 2644 573 2715 τούτῳ
624 2649 968 2717 πενομένους.
1024 2646 1313 2709 πλουσίους
1345 2647 1403 2699 δὲ
1429 2647 1573 2700 κατὰ
1599 2647 1754 2705 Θεόν.

194 2732 340 2804 [1612
363 2738 458 2807 IL]
507 2737 646 2792 Ἀλλ’
673 2741 896 2807 ἄμεινον
931 2740 1030 2810 μὲν
1070 2741 1268 2802 αὐτοὺς
1297 2739 1528 2793 κτᾶσθαι
1557 2737 1758 2808 Ῑφίλους

193 2825 249 2889 ἐξ
281 2826 418 2880 ῑδίων
451 2827 662 2883 κόπων.
707 2829 850 2896 Τίμα
866 2829 976 2899 τὰρ
1001 2829 1110 2882 τὸν
1137 2828 1354 2896 Κύριον
1373 2829 1492 2884 ἀπὸ
1519 2826 1649 2882 σῶν
1674 2828 1760 2882 δι-

200 2919 366 2971 καίων
403 2922 614 2974 πόνων
648 2936 663 2951 ·
723 2923 770 2975 εί
807 2921 865 2975 δὲ
907 2923 980 2993 μὴ
1043 2922 1303 2991 πρόσεστι
1333 2919 1402 2975 τὰ
1450 2923 1514 2974 ἐκ
1535 2921 1759 2976 δικαίων

200 3007 375 3073 πόνων,
411 3011 524 3066 κᾶν
546 3011 680 3080 γοῦν
707 3011 744 3066 ἃ
769 3013 829 3076 ἐξ
859 3013 1070 3077 ἀδικίας
1097 3013 1478 3083 συνελέξαμεν,
1506 3013 1574 3066 δι’
1615 3013 1760 3067 ὲκεί-

193 3116 286 3151 νων
315 3103 523 3166 αὐτοὺς
568 3103 754 3172 φίλους
790 3106 836 3138 ⁸⁸
881 3106 1256 3176 ποιησώμεθα.
1306 3104 1607 3176 Μαμωνᾶν
1651 3106 1760 3176 γὰρ

183 3191 409 3259 ἀδικίας
449 3195 553 3265 τὴν
578 3195 891 3261 πλεονεξίαν
919 3197 1093 3250 καλεῖ.
1126 3197 1349 3266 Δέχεται
1374 3197 1431 3250 δὲ
1463 3198 1555 3251 καὶ
1587 3195 1761 3250 ταῦτα

2491 819 2538 874 Ε
2575 819 2712 875 libro
2744 835 2828 876 ιιι.

1931 910 2110 978 Vetat,
2147 911 2346 982 inquit,
2385 911 2648 970 Dominus
2681 915 2735 969 in
2773 914 2878 970 hac
2911 916 3019 971 vita
3046 919 3287 987 separari
3314 933 3439 987 pec-

1860 1013 2074 1062 catores
2095 1021 2123 1060 a
2141 1005 2328 1076 justis,
2353 1008 2529 1063 ethoc
2557 1017 2698 1077 patet
2721 1025 2785 1064 ex
2811 1010 3092 1080 parabola,
3113 1027 3235 1081 qum
3262 1011 3395 1067 dicit
3423 1031 3435 1066 :

1861 1090 2045 1152 Simile
2062 1104 2138 1152 est
2169 1115 2384 1168 regnum
2421 1100 2671 1153 (talorum
2709 1101 2908 1155 homini
2930 1103 3218 1157 seminanti
3243 1105 3437 1157 bonum

1859 1205 2053 1252 semen,
2075 1199 2130 1244 et
2149 1190 2382 1260 reliqua.
2413 1190 2672 1259 usquead
2698 1191 2788 1245 illa
2817 1209 2832 1246 :
2873 1189 2962 1246 Vis
2989 1209 3194 1258 eamus,
3216 1195 3439 1248 etcolli-

1860 1301 2045 1358 gamus
2062 1283 2194 1339 illa?
2220 1284 2286 1338 Et
2317 1283 2428 1338 ait:
2461 1284 2604 1348 Non,
2628 1301 2690 1338 ne
2716 1290 2851 1354 forte
2874 1285 3177 1356 colligentes
3202 1287 3436 1352 zizania,

1859 1375 2142 1431 eradicetis
2183 1391 2304 1430 cum
2341 1376 2416 1430 eis
2447 1375 2608 1429 simul
2638 1385 2686 1428 et
2714 1375 2992 1430 triticum:
3027 1377 3184 1433 sinite
3219 1387 3441 1449 utraque

1863 1485 2095 1524 crescere
2135 1485 2298 1539 usque
2331 1469 2399 1521 ad
2439 1484 2654 1522 messem
2686 1466 2730 1531 ι,
2781 1477 2889 1522 etc.
2922 1469 3048 1524 Hmc
3092 1451 3258 1540 igitur
3284 1488 3440 1541 para-

1861 1563 2008 1623 bola.
2039 1562 2249 1633 inquit,
2303 1570 2448 1615 vetat
2497 1570 2623 1615 ante
2674 1563 3209 1618 consummationem
3253 1566 3438 1619 swculi

1861 1653 2102 1722 separari
2153 1661 2466 1722 peccatores
2509 1668 2540 1706 a
2591 1652 2791 1720 iustis,
2833 1652 2936 1706 etsi
2989 1651 3184 1707 Novati
3246 1654 3440 1708 morbo

1861 1745 2038 1800 alfecti
2077 1745 2181 1798 hoc
2210 1745 2418 1806 dicant,
2442 1739 2661 1814 'seipsos
2690 1755 2945 1812 tanquam
2969 1759 3137 1814 puros
3167 1743 3290 1799 aliis
3322 1761 3437 1797 me-

1863 1836 2366 1907 lioresjutlicantes.
2390 1833 2508 1890 lluc
2548 1835 2712 1890 etiam
2744 1837 2996 1906 pertinet,
3023 1836 3166 1905 quod
3199 1837 3438 1906 Baptista

1860 1929 1998 1982 dixit
2025 1947 2039 1982 :
2071 1927 2237 1998 Cujus
2267 1927 2615 1982 ventilabrum
2650 1929 2704 1981 in
2749 1945 2907 1982 manu
2946 1944 3065 1994 sua,
3097 1937 3145 1981 ct
3193 1943 3440 1996 permun-

1861 2018 2010 2072 dabit
2054 2035 2230 2072 aream
2283 2035 2432 2072 suam
2462 2027 2524 2082 ιη,
2563 2027 2669 2073 etc.
2723 2017 2912 2072 Facite
2946 2018 3090 2073 vobis
3129 2019 3328 2072 amicos
3375 2019 3440 2072 de

1863 2127 2166 2164 mammona
2192 2109 2488 2179 iniquitatis
2506 2117 2556 2174 ι’,
2587 2109 2878 2178 significat,
2909 2107 3092 2163 Facite
3125 2108 3281 2163 vobis
3304 2110 3439 2163 ami-

1858 2217 1975 2265 cos,
2011 2199 2103 2269 qui
2158 2200 2210 2253 in
2272 2201 2479 2253 mundo
2508 2209 2685 2267 egent,
2747 2209 2802 2253 et
2835 2199 2977 2268 apud
3027 2197 3200 2254 Deum
3238 2198 3438 2269 divites

1858 2301 2004 2355 Sunt,
2038 2291 2130 2345 sed
2166 2290 2361 2344 melius
2384 2299 2468 2344 est
2499 2289 2620 2343 illos
2645 2304 2968 2358 comparare
2987 2289 3196 2344 amicos
3221 2289 3289 2343 de
3318 2263 3434 2358 [iro-

1857 2383 1992 2454 priis
2018 2383 2299 2437 laboribus
2331 2384 2582 2435 :Honora
2617 2382 2754 2434 enim
2784 2380 2946 2434 Deum
2972 2380 3036 2434 de
3069 2390 3162 2434 tua
3193 2379 3438 2434 substan-

1859 2473 1934 2526 tia
1957 2471 2285 2541 °,etjustis
2330 2471 2629 2526 laboribus.
2689 2469 2745 2524 Si
2808 2485 2938 2526 vero
3003 2470 3138 2524 nihil
3201 2472 3438 2540 supersit

1855 2581 1919 2619 ex
1961 2564 2124 2634 justis
2165 2563 2478 2628 laboribus,
2515 2573 2644 2617 tunc
2685 2578 2804 2632 qua:
2860 2577 2925 2616 ex
2980 2562 3266 2632 iniquitate
3323 2563 3438 2614 col-

1857 2657 2126 2728 legimus,
2183 2656 2249 2711 iis
2305 2671 2400 2710 eos
2464 2657 2670 2710 amicos
2719 2654 2985 2709 faciamus
3051 2672 3066 2708 :
3130 2652 3437 2706 Mammona

1856 2750 2001 2805 enim
2043 2747 2342 2819 iniquitatis
2387 2745 2621 2801 habendi
2655 2745 3005 2815 cupiditatem
3060 2754 3236 2799 vocat.
3278 2744 3438 2798 Tales

1859 2851 2037 2896 autem
2070 2853 2202 2909 opes
2233 2853 2332 2908 per
2373 2851 2640 2908 pauperes
2688 2835 2886 2905 accipit
2931 2835 3112 2900 Deus,
3168 2837 3215 2890 si
3272 2834 3436 2888 modo

1859 2945 2152 2990 caveamus
2210 2945 2277 2984 ne
2328 2930 2383 2984 in
2450 2939 2730 2998 postermn
2779 2941 3089 2997 peccemus.
3142 2926 3438 2979 Pulchrum

1858 3026 2029 3088 enim,
2061 3023 2162 3078 etsi
2192 3036 2288 3092 per
2311 3019 2553 3073 avaritiae
2572 3018 2882 3088 pecuniam,
2906 3017 3114 3073 amicos
3133 3016 3432 3086 possidere,

1861 3125 1921 3170 ut
1945 3130 2070 3169 cum
2089 3116 2254 3168 vitam
2281 3111 2692 3180 reliquerimus,
2709 3124 2819 3164 non
2845 3108 3006 3163 aliam
3031 3109 3291 3162 habentes
3316 3106 3438 3160 vita:

1857 3206 2129 3278 justitiam
2156 3213 2377 3274 propter
2414 3201 2674 3256 beneficia
2710 3215 2741 3254 a
2775 3199 2935 3255 nobis
2975 3199 3029 3253 in
3058 3199 3180 3253 illos
3214 3199 3432 3258 collata.

183 3284 260 3338 διὰ
306 3287 419 3339 τῶν
452 3286 767 3358 πενομένων
813 3291 841 3342 ὁ
883 3289 1037 3355 Θεὸς,
1073 3290 1140 3342 ἂν
1164 3290 1321 3360 μόνον
1347 3289 1442 3343 τοῦ
1477 3290 1666 3343 λοιποῦ
1699 3291 1759 3342 τὸ

1862 3298 1914 3350 in
1949 3311 2048 3350 sua
2097 3309 2196 3348 nos
2226 3291 2573 3346 tabernacula
2622 3287 2984 3358 cleemosynis
3039 3286 3221 3341 aﬂ'ecti
3263 3285 3439 3340 susci-

181 3377 518 3449 ἁμαρτάνειν
540 3379 1025 3450 διαφυλαξαίμεθα.
1065 3381 1240 3434 Καλὸν
1271 3382 1378 3452 γὰρ
1409 3383 1513 3436 κᾶν
1536 3382 1623 3435 διὰ
1654 3382 1759 3435 τῶν

1862 3390 2034 3459 piant.
2068 3388 2124 3441 Si
2158 3401 2290 3441 vero
2322 3400 2432 3439 non
2461 3399 2527 3438 ex
2556 3394 2870 3436 mammona
2902 3379 3230 3450 iniquitatis,
3261 3379 3440 3441 idest,

181 3470 268 3539 τῆς
306 3471 631 3535 πλεονεξίας
667 3474 964 3542 χρημάτων
989 3473 1176 3541 φίλους
1211 3473 1463 3540 κτᾶσθαι,
1497 3473 1584 3525 ἵνα
1635 3475 1759 3526 ὅταν

1865 3481 2145 3540 avaritiae,
2208 3477 2527 3533 benefacere
2553 3473 2927 3537 voluerimus,
2988 3471 3263 3541 quomodo
3317 3472 3438 3538 quis

180 3562 518 3636 ἐκλίπωμεν,
579 3566 744 3636 μηδὲν
771 3567 953 3636 ἕτερον
975 3567 1186 3638 ἔχοντες
1219 3565 1447 3632 ζωτικὸν
1465 3565 1762 3634 δικαίωμα,

177 3653 240 3707 δι’
277 3650 357 3710 ὧν
407 3657 613 3722 αὐτοὺς
641 3655 701 3711 εὖ
743 3659 1099 3730 ἐποιήσαμεν,
1137 3660 1217 3722 εἰς
1248 3658 1347 3722 τὰς
1375 3660 1583 3713 ἑαυτῶν
1613 3661 1762 3730 ἡμᾶς

178 3750 386 3818 σκηνὰς
410 3750 461 3801 οἱ
488 3749 780 3820 ⁴ίγλεημένοι
811 3750 1197 3816 ὑποδέξωνται.
1226 3750 1375 3818 Είξδὲ
1412 3751 1534 3820 μηδ’
1575 3753 1639 3803 ἐκ
1667 3750 1760 3803 τοῦ

178 3844 423 3912 μαμωνᾶ
463 3843 563 3914 τῆς
604 3843 818 3907 ἀδικίας
857 3844 976 3914 ἤτοι
1005 3846 1103 3912 τῆς
1151 3843 1462 3908 πλεονεξίας
1490 3839 1548 3896 εὖ
1588 3845 1762 3897 ποιεῖν

172 3932 533 4004 ἐθελήσομεν,
567 3935 681 3998 πῶς
725 3935 790 3988 ἂν
820 3934 1238 4005 πιστευθείημεν
1274 3935 1356 3988 ὅτι
1401 3935 1452 3988 εί
1476 3933 1759 4005 προσῆσαν

171 4022 230 4090 ἐξ
256 4025 489 4079 οἰκείων
518 4026 700 4078 κόπων
719 4028 853 4096 ἡμῖν
883 4027 1162 4096 χρήματα,
1188 4027 1397 4088 τούτοις
1427 4025 1493 4078 ἂν
1519 4025 1648 4089 τοὺς
1674 4027 1760 4078 ἐν·

170 4113 306 4180 ὃεείς
338 4116 696 4187 ἠλεήσαμενς
737 4117 798 4171 Ei
835 4120 944 4190 γὰρ
979 4119 1015 4173 ἆ
1050 4121 1217 4191 χωρὶς
1259 4117 1459 4188 μόχθου
1486 4118 1630 4181 τινὸς
1663 4115 1760 4172 καὶ

1864 3571 2093 3635 credat,
2124 3569 2170 3625 si
2207 3567 2573 3623 accessissent
2611 3580 2641 3619 c
2671 3563 2908 3633 propriis
2952 3560 3233 3616 laboribus
3277 3561 3441 3613 nobis

1864 3658 2129 3731 pecunia),
2182 3655 2299 3711 fore
2354 3665 2413 3710 ut
2466 3653 2572 3708 illis
2637 3652 2943 3722 indigentes
3001 3648 3441 3704 commiserando

1865 3746 2312 3804 sublevaremus?
2337 3746 2397 3800 Si
2423 3744 2568 3800 enim
2601 3743 2686 3799 bis
2715 3757 2836 3813 quae
2866 3742 2985 3796 sine
3012 3740 3264 3794 molestia
3295 3739 3444 3793 labo.

1867 3856 2034 3912 reque
2053 3840 2205 3910 justo
2235 3838 2418 3905 facile,
2437 3846 2491 3894 et
2511 3851 2676 3892 avara
2701 3849 2865 3890 manu
2884 3833 3040 3888 nobis
3064 3838 3439 3896 accesserunt,

1865 3932 2003 3986 adeo
2042 3931 2202 3986 facile
2233 3929 2459 4000 paratis,
2501 3938 2556 3983 et
2585 3927 2777 3982 alienis
2804 3941 3015 3991 revera,
3046 3924 3183 3979 nulli
3215 3921 3443 3992 pauperi

1865 4023 2099 4093 benigne
2137 4021 2393 4087 facimus,
2443 4020 2740 4090 quomodo,
2777 4019 2843 4073 de
2883 4019 2951 4074 iis
2984 4033 3107 4088 quae
3141 4025 3195 4070 et
3222 4013 3441 4085 propria

1864 4116 2116 4170 videntur
2132 4130 2273 4180 csse,
2292 4124 2345 4170 et
2366 4114 2616 4170 laborum
2647 4113 2858 4167 fructus
2884 4120 3035 4175 sunt,
3066 4107 3258 4180 5411)
3278 4105 3441 4162 alicui

171 4211 359 4265 πόνων
384 4211 634 4277 δικαίων,
671 4215 735 4268 ἐκ
783 4215 879 4267 τοῦ
915 4215 1113 4286 ῥᾴστου
1153 4215 1209 4268 δὲ
1247 4215 1344 4269 καὶ
1378 4215 1759 4284 πλεονεκτικῆς

1874 4228 2173 4284 pauperum
2203 4212 2612 4267 communicare
2641 4211 2770 4280 quid
2801 4208 3127 4263 credemur?

170 4303 360 4371 XN?“
423 4303 559 4372 ἡμῖν
609 4304 985 4374 προσεγένετο,
1016 4309 1221 4360 τούτων
1253 4305 1396 4360 οὕτω
1427 4305 1624 4378 ῥᾳδίως
1653 4303 1960 4376 κτηθέντων
1991 4304 2086 4357 καὶ
2130 4303 2425 4374 ἀλλοτρίων
2450 4301 2620 4354 ὄντων
2657 4301 2864 4371 κυρίως
2888 4299 3066 4352 οὐδενὶ
3094 4297 3205 4352 τῶν
3243 4297 3439 4352 ἐνδεῶν

173 4396 599 4466 μεταδιδόαμεν,
626 4395 663 4450 ἃ
694 4397 790 4450 καὶ
822 4399 997 4452 οἰκεῖα
1051 4397 1200 4452 δοκεῖ
1235 4394 1372 4452 εἶναι
1409 4398 1506 4451 καὶ
1543 4398 1722 4452 πόνων
1749 4398 1973 4468 καρποὶ,
2006 4397 2125 4460 πῶς
2151 4396 2218 4450 ἄν
2245 4413 2353 4448 τινι
2385 4393 2589 4447 τούτων
2621 4391 2942 4463 μεταδοῦναι
2966 4391 3430 4463 πιστευθείημεν;

241 4489 379 4542 Ὀτι
417 4489 448 4541 ὁ
486 4490 829 4560 προφήτης,
881 4492 1036 4560 φησὶ,
1096 4491 1308 4560 λέγων’
1365 4493 1475 4544 ’ον
1536 4493 1761 4558 τρόπον

169 4582 202 4635 ό
229 4579 476 4648 ποιμὴν
503 4579 798 4635 ἐκσπάσει
823 4582 894 4636 ἐκ
928 4581 1034 4637 τοῦ
1053 4585 1352 4653 στόματος
1371 4582 1476 4637 τοῦ
1510 4581 1762 4649 λέοντος

170 4673 407 4739 σκέλος
438 4673 479 4741 ἢ
524 4675 710 4727 λοϐὸν
737 4675 914 4730 ὠτίου
935 4715 950 4740 ,
991 4674 1292 4730 αἰνίττεται
1316 4675 1406 4730 διὰ
1445 4674 1653 4728 τούτων
1683 4673 1762 4738 ώς

170 4765 233 4818 οὐ
280 4766 396 4836 χρὴ
442 4764 724 4829 παντελῶς
767 4766 1043 4838 ὑπερορᾷν
1070 4767 1194 4820 οὐδὲ
1223 4765 1315 4820 τὸν
1336 4766 1648 4839 ἐμπεσόντα
1678 4765 1761 4828 είς

171 4857 308 4910 αὐτὸ
353 4856 422 4910 τὸ
459 4856 636 4926 στόμα
671 4855 766 4910 τοῦ
809 4857 1079 4923 διαόόλου,
1130 4857 1269 4912 ἀλλὰ
1321 4857 1420 4930 τὴν
1465 4858 1757 4929 σφραγῖδα,

1936 4489 2076 4544 Dicit
2105 4490 2365 4559 prepheta
2397 4507 2409 4541 :
2439 4486 2714 4553 Quomodo
2765 4488 2812 4540 si
2848 4496 3000 4540 eruat
3035 4495 3220 4554 pastor
3250 4487 3314 4542 de
3351 4504 3442 4543 ore

1858 4581 2025 4637 leonis
2055 4581 2162 4634 duo
2220 4596 2401 4643 crura,
2464 4589 2556 4633 aut
2614 4589 2906 4633 extremum
2939 4579 3197 4634 auriculae
3227 4590 3255 4629 ι³
3289 4598 3304 4635 :
3353 4581 3442 4637 bis

1861 4675 2130 4740 innuitur,
2156 4687 2265 4728 non
2287 4680 2538 4741 oportere
2566 4687 2791 4742 prorsus
2823 4672 2980 4726 illum
3006 4673 3312 4742 despicere,
3349 4675 3441 4744 qui

1863 4767 1916 4821 in
1943 4766 2145 4822 diaboli
2173 4779 2238 4820 os
2269 4765 2552 4828 inciderit,
2605 4765 2698 4820 sed
2733 4763 2974 4834 sigillum
3009 4764 3156 4834 quod
3188 4765 3355 4820 homo
3384 4769 3438 4819 in

1865 4858 2187 4929 baptismate
2221 4857 2532 4926 acceperit,
2562 4857 2906 4928 eripiendum
2934 4857 3153 4912 diabolo
3176 4897 3192 4923 ,
3252 4874 3321 4913 ne
3369 4860 3445 4912 ob

173 4947 238 5019 ήν
262 4949 294 5002 ὁ
318 4948 618 5019 ἄνθρωπος
657 4950 718 5002 ἐν
747 4950 824 5021 τῷ
857 4950 1196 5022 βαπτίσματι
1227 4951 1466 5016 ἐδέξατο,
1505 4953 1635 5024 [885
1661 4950 1758 5025 IL]

1864 4961 2167 5008 extremum
2195 4950 2314 5004 ovis
2331 4950 2543 5005 ratione
2562 4951 2800 5020 prtedita:
2824 4950 3102 5005 interitum
3128 4951 3418 5020 puniamur

171 5037 394 5111 ἑκσπᾷν
431 5040 832 5110 προσήκειξόπὸ
854 5041 950 5095 τοῦ
975 5041 1242 5095 διαῦόλουο
1280 5043 1366 5095 ἱνα
1392 5042 1469 5113 μὴ
1496 5043 1596 5113 τὴν
1621 5060 1759 5098 παν-

169 5130 301 5202 τελῆ
349 5129 638 5186 ἀπώλειαν
672 5133 768 5186 τοῦ
806 5133 1028 5203 λογικοῦ
1073 5133 1344 5207 προϐάτου
1368 5135 1761 5206 ζημιωθῶμεν.

1863 5041 2122 5108 Qnazdam
2152 5040 2300 5095 enim
2333 5040 2490 5095 bruta
2518 5041 2776 5096 animalia
2804 5041 2858 5095 in
2900 5056 3055 5106 aure,
3100 5041 3366 5110 quaedam‘
3387 5043 3438 5093 i-u

1866 5149 2027 5190 crure
2051 5134 2357 5204 signantur.
2393 5135 2685 5204 Propterea
2709 5148 2934 5188 necesse
2953 5142 3038 5189 est
3057 5141 3331 5203 pastorem
3357 5133 3438 5187 vel

170 5222 297 5277 Τῶν
327 5225 444 5295 γὰρ
495 5223 712 5294 ἀλόγων
765 5226 884 5282 ἔνια
927 5227 1026 5298 μὲν
1079 5229 1172 5281 ἐπὶ
1199 5228 1293 5281 τοῦ
1327 5227 1488 5292 ώτδς,
1533 5228 1671 5284 ἄλλα
1704 5227 1759 5281 δὲ

1866 5241 2079 5293 aurem,
2101 5229 2186 5282 vel
2217 5242 2344 5282 crus
2373 5227 2426 5281 in
2461 5225 2801 5282 numerando
2820 5225 3082 5296 praabere,
3103 5233 3156 5278 et
3180 5223 3442 5279 exhibere

174 5316 275 5371 ὶπὶ
305 5317 407 5371 τοῦ
435 5317 662 5384 σκέλους
690 5319 1078 5393 σφραγίζονται
1105 5335 1122 5352 ο
1164 5321 1246 5376 διὸ
1293 5322 1539 5393 ἀνάγκην
1582 5321 1697 5392 ἔχει
1733 5321 1759 5373 ὁ

1867 5321 2110 5375 domino.
2143 5320 2337 5378 Pastor
2379 5334 2508 5374 vero
2555 5319 2768 5374 ratione
2826 5317 3177 5387 praaditarum
3232 5314 3440 5379 ovium,

173 5412 394 5482 ποιμὴν
446 5410 483 5482 ἢ
509 5412 574 5465 τὸ
601 5406 694 5476 οὖς
740 5413 776 5486 ἢ
822 5413 885 5468 τὸ
924 5413 1112 5478 σκέλος
1165 5415 1224 5467 ὲν
1272 5416 1341 5486 τῇ
1386 5413 1759 5486 ἀπαριθμήσει

1869 5413 2312 5485 quandoquidem
2357 5427 2510 5478 oves,
2566 5425 2800 5481 quarum
2850 5420 2935 5464 est
2982 5415 3192 5480 pastor,
3224 5406 3424 5478 signun

266 5571 289 5615 ι
319 5572 517 5630 Matth.
545 5589 669 5644 xm,
699 5575 770 5632 24
795 5593 946 5650 seqq.
977 5627 980 5630 .
1012 5587 1051 5616 ω
1080 5577 1270 5635 Matth.
1306 5594 1388 5646 ιιι,
1426 5577 1510 5636 l2.
1582 5587 1611 5620 ιι
1640 5577 1756 5634 Luc

1862 5593 1928 5645 Vl,
1957 5577 2011 5634 8.
2085 5584 2112 5616 ο
2135 5576 2301 5635 Prov.
2348 5593 2434 5646 ιιι,
2465 5577 2520 5633 9.
2550 5563 2569 5576 ’
2600 5587 2628 5627 P
2655 5578 2824 5631 Amos
2863 5589 2944 5641 ιιι,
2988 5573 3073 5628 12.

1448 5715 1683 5773 VARI/[3
1730 5715 2140 5776 LECTIONES.

295 5829 341 5862 "
373 5828 545 5883 ταῦτα
567 5829 607 5886 C
636 5846 650 5884 :
677 5833 833 5886 τοῦτο
852 5849 912 5896 ς.
987 5835 1035 5869 ε’
1075 5833 1284 5889 titulum
1317 5849 1428 5892 om.
1461 5833 1543 5891 C.‘

1628 5834 1674 5868 ⁸³
1707 5827 1798 5888 οὖν
1837 5849 1949 5890 om.
1987 5832 2050 5890 C.
2126 5833 2174 5867 “
2206 5831 2338 5903 φασί
2371 5830 2433 5888 C.

2546 5831 2590 5863 ⁸³
2627 5829 2813 5900 φίλους
2851 5841 2962 5884 om.
2987 5824 3052 5880 C.
