3856 6298
579 342 684 406 343

1722 341 1984 403 ΡΗΟΤΙΙ
2013 342 2511 402 ΡΑΤΒΙΛΒΟΗᾸΞ
2543 342 2652 403 CP.

3692 346 3783 409 344

576 469 671 522 per
706 453 1034 525 baptismum
1062 497 1078 520 ,
1133 467 1188 513 ct
1241 456 1638 515 confessionem
1683 457 1804 513 fidei
1855 457 1909 513 in
1950 458 2133 511 animo

2240 460 2535 529 παρασχεῖν
2567 457 2662 511 καὶ
2705 455 3058 528 παραστῆσαι
3089 454 3168 525 τῷ
3204 453 3467 526 δεσπότη.
3511 453 3572 510 '0
3596 456 3652 511 δέ
3690 462 3786 514 τῶν

562 544 921 617 "acceperunt,
968 557 1024 604 et
1066 549 1145 606 ibi
1167 549 1386 605 Domini
1421 550 1639 619 signum
1673 558 1905 620 gestant,
1942 548 2137 603 merito

575 634 703 688 illud
732 636 943 706 eripere
977 639 1217 703 diabolo,
1245 639 1393 694 omni
1417 639 1631 693 ratione
1650 639 1838 693 conari
1868 638 2047 702 debet,
2077 647 2138 692 ut

571 725 618 778 si
650 726 774 781 aliis
804 728 1113 784 actionibus
1144 730 1260 785 ovis
1293 745 1418 786 esea
1451 729 1543 785 fiat
1590 729 1853 784 daairmnis
1875 769 1891 794 ,
1944 728 2134 783 saltem

569 815 808 886 sigillum
828 817 969 886 fidei,
991 820 1133 889 quod
1159 821 1212 874 in
1244 821 1427 875 animo
1447 836 1545 891 per
1567 821 1899 891 baptismum
1925 820 2134 876 inscul-

569 916 722 976 ptum
760 909 1043 975 habemus,
1069 913 1243 982 possit
1275 912 1426 968 illinc
1450 924 1693 984 ereptum
1722 925 1967 985 tempore
1995 912 2133 967 visi-

567 998 789 1055 tationis
818 1001 1071 1058 exhibere
1102 1003 1215 1058 Deo
1254 1023 1268 1060 :
1306 1021 1563 1076 magnum
1586 1016 1962 1077 argumentum
1996 1020 2135 1075 prae-

568 1085 771 1156 ferens,
799 1107 907 1147 non
936 1108 1035 1149 sua
1056 1094 1408 1165 negligentia,
1427 1098 1717 1153 etinteritu
1741 1111 1872 1153 oves
1901 1096 2134 1151 amissas

567 1194 709 1235 esse.

2230 548 2463 618 λογικῶν
2480 550 2767 603 ποοϐάτων
2803 549 3023 619 ποιμὴν,
3051 548 3173 601 ἐπεὶ
3196 547 3268 602 τὰ
3288 547 3561 616 πρόϐατα,
3586 542 3658 602 ῶν
3682 552 3781 606 ἐστι

2232 639 2458 708 ποιμὴν,
2485 640 2583 710 τὴν
2615 638 2893 708 σφραγῖδα
2921 637 3012 691 διὰ
3045 634 3142 690 τοῦ
3180 636 3563 707 βαπτίσματος
3583 640 3673 691 καὶ
3698 642 3782 709 τῆς

2228 730 2520 801 ὁμολογίας
2577 731 2677 801 τῆς
2724 730 2963 792 πίστεως
3006 729 3100 782 ἐπὶ
3163 730 3264 800 τῆς
3322 728 3505 798 ψυχῆς
3564 729 3781 795 ἐδέξατο,

2229 824 2390 877 κάκεῖ
2414 821 2475 876 τὸ
2505 824 2728 892 σημεῖον
2763 820 2825 873 τὸ
2852 820 3171 875 δεσποτικὸν
3207 820 3391 891 φέρει,
3421 820 3642 883 εἰκότως
3671 822 3786 874 ταύ-

2228 930 2329 983 την
2366 913 2619 982 ἀποσπᾷν
2643 912 2739 966 τοῦ
2767 911 3012 965 διαϐόλου
3065 911 3271 983 πολλὴν
3325 910 3567 981 σπουδὴν
3597 911 3785 980 ὀφείλει

2231 1003 2524 1067 ποιεῖσθαι,
2573 1004 2680 1066 ἵνα,
2732 1004 2783 1057 εἰ
2833 1004 2931 1057 καὶ
2973 1006 3091 1065 ταῖς
3137 1003 3329 1067 ἄλλαις
3372 1002 3609 1071 πράξεσι
3635 1005 3785 1058 κατάο

2233 1095 2429 1167 βρωμα
2464 1097 2687 1167 γένηται
2712 1096 2774 1149 τὸ
2796 1095 3070 1168 πρόϐατον
3108 1095 3204 1149 τοῦ
3236 1095 3514 1164 πονηροῦ,
3543 1094 3655 1148 ἀλλ⁹
3706 1092 3788 1149 οὖν

2232 1186 2337 1239 κᾶν
2368 1186 2419 1218 ⁸⁸
2448 1185 2579 1253 γοῦν
2624 1187 2722 1256 τὴν
2756 1186 3030 1256 σφραγῖδα
3072 1189 3171 1255 τῆς
3210 1185 3473 1251 πίστεως,
3512 1186 3579 1255 ἢν
3618 1186 3789 1254 ἐνεση-

570 1273 857 1344 μάνθημεν
902 1277 992 1332 διὰ
1045 1278 1140 1333 τοῦ
1216 1278 1595 1351 βαπτίσματος
1662 1283 1727 1352 τῇ
1783 1280 1954 1352 ψυχῇ,
2012 1276 2211 1348 δυνηθῇ
2240 1277 2447 1331 ἐκεῖθεν
2479 1278 2803 1340 ἀποσπάσας
2857 1279 2916 1331 ἐν
2974 1277 3150 1349 καιρῷ
3183 1278 3497 1346 ἐπισκοπῆς
3552 1278 3790 1345 ἐπιδεῖξαι

566 1365 645 1431 τῷ
669 1368 935 1440 Δεσπότῃ,
973 1371 1117 1439 μέγα
1155 1372 1425 1443 σύμϐολον
1475 1373 1746 1445 ἐφιφέρων
1777 1373 1872 1427 τοῦ
1932 1373 2007 1444 μὴ
2062 1374 2126 1425 ἐκ
2163 1373 2261 1444 τῆς
2290 1371 2424 1434 ἰδίας
2463 1370 2734 1443 ῥᾳθυμίας
2791 1372 2887 1425 καὶ
2947 1370 3222 1434 ἀπωλείας
3251 1369 3699 1441 παραπολωλέναι
3731 1376 3790 1428 τὰ

567 1459 835 1531 πρόϐατα.

638 1552 988 1625 Interrogans
1020 1555 1284 1613 Dominus
1315 1555 1542 1613 Petrum
1574 1578 1587 1614 :
1615 1558 1796 1614 Simon
1821 1557 1983 1623 Iona,
2004 1558 2132 1612 dili-

566 1646 647 1715 gis
675 1662 755 1699 me
775 1645 896 1715 plus
924 1646 1003 1700 his
1026 1648 1097 1701 tt?
1128 1648 1242 1718 ipse
1272 1650 1367 1719 qui
1396 1651 1548 1705 novit
1586 1650 1791 1716 omnia,
1819 1664 1929 1704 non
1966 1650 2134 1703 inter-

570 1738 780 1805 rogavit
811 1738 879 1792 ad
912 1742 1373 1809 cognoscendum,
1404 1741 1497 1797 sed
1530 1758 1654 1797 cum
1678 1751 1950 1812 pastorem
1982 1742 2131 1796 illum

571 1828 971 1885 constituturus
1015 1840 1178 1896 esset,
1212 1841 1271 1886 ut
1306 1834 1614 1888 ostenderet
1649 1843 1909 1903 quantam
1945 1847 2134 1887 curam

570 1922 731 1976 ovilis
752 1931 922 1991 gerat,
952 1922 1056 1978 hoc
1094 1924 1241 1980 fecit.
1274 1925 1420 1980 ldem
1447 1926 1590 1979 enim
1626 1926 1717 1996 qui
1751 1941 1810 1981 se
1841 1925 2135 1980 Dominum

570 2013 777 2083 ingenti
821 2029 1008 2069 amore
1033 2027 1408 2084 prosecutum,
1441 2016 1494 2069 in
1527 2026 1807 2086 pastorem
1840 2016 2136 2087 coaptavit,

572 2118 826 2172 magnam
854 2103 973 2158 sine
1021 2105 1188 2161 dubio
1218 2120 1345 2175 erga
1390 2121 1520 2161 oves
1570 2122 1810 2162 amorem
1864 2107 2134 2174 prmbuit:

574 2194 697 2249 ideo
723 2195 836 2266 (54)
864 2206 917 2250 et
936 2198 1095 2251 tertio
1117 2198 1490 2269 interrogavit,
1512 2214 1760 2267 magnam
1778 2213 1903 2270 erga
1930 2199 2139 2253 ratione

568 2289 828 2357 praeditas
856 2304 983 2344 oves
1007 2306 1195 2345 curam
1224 2291 1541 2346 ostendens.
1601 2291 1801 2346 Deinde
1835 2302 1886 2346 et
1909 2292 2136 2360 gradum

570 2378 862 2445 quemdam
883 2377 1065 2431 ovium
1090 2377 1242 2440 facit,
1262 2378 1438 2447 primo
1458 2378 1658 2448 jubeus
1687 2394 1858 2448 agnos
1892 2394 2136 2449 pascere,

566 2467 761 2523 deinde
784 2467 1023 2524 oviculas
1057 2485 1072 2523 :
1113 2485 1235 2538 quae
1258 2470 1404 2523 enim
1424 2485 1553 2526 oves
1583 2470 1809 2525 fuerunt
1844 2485 1940 2541 per
1956 2471 2138 2541 aliqua

568 2572 790 2632 peccata
824 2563 1130 2619 imminuta:
1158 2579 1188 2618 a
1219 2564 1437 2621 virtutis
1469 2564 1823 2635 perfectione,
1853 2565 1919 2619 ad
1947 2566 2137 2621 ovicu-

565 2653 647 2709 las
677 2662 1017 2709 reverterunt
1050 2671 1065 2709 :
1096 2664 1151 2709 et
1194 2655 1413 2710 demum
1468 2656 1629 2711 tertio
1684 2657 1955 2725 perfectas
2010 2671 2139 2711 oves

568 2745 835 2815 producit.
870 2746 1043 2815 Agnis
1069 2762 1199 2816 ergo
1226 2746 1623 2813 assimilantur,
1659 2748 1754 2815 qui
1797 2748 1975 2802 adhuc
1997 2746 2138 2802 lacte

565 2847 620 2890 et
651 2836 940 2891 elementis
970 2836 1234 2891 doctrinm
1262 2836 1508 2905 indigent
1539 2855 1552 2891 :
1587 2838 1818 2892 oviculis
1858 2853 2010 2904 vero,
2043 2837 2137 2907 qui

564 2941 661 2997 per
687 2926 870 2996 aliqua
899 2937 1123 2998 peccata
1164 2943 1195 2981 a
1227 2927 1561 2997 perfectione
1607 2928 1906 2984 deﬁciunt:
1944 2929 2138 2985 ovibus

564 3031 715 3082 vero,
741 3017 834 3086 qui
870 3017 937 3070 ad
971 3016 1185 3071 culmen
1218 3032 1391 3087 usque
1422 3016 1546 3071 tidei
1594 3026 1649 3073 et
1684 3032 1913 3087 operum
1944 3031 2137 3088 perve-

566 3118 783 3164 nerunt.
819 3107 883 3161 Et
911 3109 1131 3163 attende
1161 3109 1441 3180 quomodo
1486 3118 1767 3179 praeponat
1816 3108 2133 3180 imperfecta

2309 1556 2433 1610 Ὅτι
2470 1551 2688 1625 ἐρωτῶν
2710 1552 2738 1604 ὁ
2774 1552 2975 1623 Κύριος
3000 1549 3094 1603 τὸν
3124 1549 3358 1620 Πέτρον,
3387 1548 3584 1617 Σίμων
3615 1549 3786 1615 Ἰωνᾶ,

2238 1644 2475 1718 ἀγαπᾷς
2502 1661 2580 1714 με
2623 1644 2836 1698 πλεῖον
2875 1642 3144 1704 τούτων;
3194 1641 3297 1692 οὐκ
3349 1638 3514 1700 αὐτὸς
3554 1639 3583 1691 ὁ
3632 1640 3789 1694 πάντα

2241 1738 2394 1801 εἰδὼς
2444 1737 2613 1790 θέλων
2668 1736 2860 1806 μαθεῖν
2898 1729 3157 1802 ἐπηρώτα
3187 1746 3201 1759 ο
3261 1729 3380 1783 ἀλλ’
3428 1731 3550 1782 ἐπεὶ
3588 1729 3789 1800 ἔμελλεν

2241 1828 2390 1899 αὐτῷ
2436 1826 2498 1881 τὸ
2555 1826 2806 1896 ποίμνιον
2858 1821 3303 1885 καταπιστεύειν,
3361 1822 3448 1875 ἵνα
3499 1821 3642 1892 δείξῃ
3677 1821 3788 1891 ὅσην

2238 1922 2351 1994 ἔχει
2375 1920 2632 1992 πρόνοιαν
2657 1917 2753 1971 τοῦ
2784 1915 3059 1987 ποιμνίου,
3097 1914 3260 1968 τοῦτο
3282 1916 3450 1968 ποιεῖ.
3494 1914 3551 1967 '0
3588 1914 3688 1986 γὰρ
3713 1916 3788 1968 τὸν

2238 2015 2445 2086 φίλτρῳ
2470 2010 2650 2082 πολλῷ
2687 2009 2824 2082 πρὸς
2846 2010 2938 2063 τὸν
2965 2010 3245 2079 Δεσπότην
3274 2007 3643 2077 ἀναπτόμενον
3684 2009 3789 2075 iet.

2239 2107 2380 2161 στῶν
2407 2106 2486 2176 τῷ
2518 2106 2775 2177 ποιμνίῳ,
2813 2104 2913 2177 τὴν
2932 2106 3065 2175 ὅσην
3098 2104 3229 2175 περὶ
3256 2103 3328 2156 τά
3353 2102 3602 2174 πρόϐατα
3629 2103 3782 2157 διάθε-

2238 2215 2323 2253 σιν
2353 2199 2682 2270 παρίστησιν
2710 2197 3122 2267 ἀναμφιϐόλως.
3169 2195 3271 2249 Διά
3300 2195 3404 2265 τὴν
3443 2195 3608 2266 αὐτὴν
3628 2197 3784 2250 αἰτίαν

2237 2292 2335 2346 καὶ
2363 2292 2545 2363 τρίτον
2575 2293 2776 2362 ἐρωτᾷ,
2816 2291 2914 2362 τὴν
2943 2291 3144 2361 πολλὴν
3181 2290 3317 2360 περὶ
3360 2290 3431 2344 τά
3458 2289 3646 2359 λογικά
3674 2292 3784 2361 πρός

2239 2383 2376 2437 ϐατα
2403 2382 2720 2453 ἐπιμέλειαν
2742 2382 3167 2454 ἐνδεικνύμενοςι
3196 2382 3356 2451 Ἀμα
3388 2381 3447 2434 δὲ
3480 2382 3571 2434 καὶ
3604 2381 3782 2451 βαθμόν

2236 2494 2357 2531 τινα
2394 2475 2502 2531 τῶν
2544 2476 2985 2546 ποιμαινομένων
3025 2475 3304 2541 διέξεισιν,
3355 2472 3519 2544 ἀρνία
3546 2475 3779 2545 πρότερον

2237 2567 2547 2639 ποιμαίνειν
2605 2566 3049 2638 ἐγκελευόμενος,
3104 2561 3227 2619 εἶτα
3263 2564 3557 2634 προϐάτια,
3612 2564 3647 2618 ὃ.
3675 2564 3780 2633 πρόο

2237 2660 2376 2713 ϐατα
2413 2658 2565 2726 ὄντα,
2625 2658 2714 2712 διά
2741 2675 2865 2712 τινα
2898 2656 3218 2727 πταίσματα
3264 2654 3779 2726 κατασμικρυνθέντα

2235 2752 2334 2821 τῆς
2362 2751 2563 2822 ἀρετῆς
2584 2749 2789 2820 καὶτῆς
2806 2748 3165 2819 τελειότητος,
3198 2748 3284 2810 εἰς
3311 2746 3578 2817 προϐάτια
3601 2746 3777 2799 ἀνθυπ·

2235 2841 2467 2912 έστρεψε
2494 2857 2508 2871 ·
2554 2841 2649 2895 καὶ
2696 2840 2880 2895 λοιπὸν
2924 2840 2986 2894 τὸ
3022 2839 3203 2911 τρίτον
3255 2839 3327 2893 τά
3346 2838 3529 2891 τέλεια
3556 2838 3778 2907 ἐπιφέρει

2239 2932 2512 3004 πρόϐατα.
2562 2930 2793 3002 Ἀρνίοις
2820 2930 2952 3000 γοῦν
2991 2924 3308 2991 είκάζονται
3341 2929 3392 2981 οί
3423 2927 3502 2981 ἔτι
3543 2927 3777 2996 γάλακτος

2237 3024 2331 3077 καὶ
2370 3020 2748 3092 στοιχειώδους
2800 3021 3145 3084 διδασκαλίας
3174 3020 3448 3091 δεόμενοι,
3496 3019 3778 3089 προϐατίοις

2234 3111 2291 3164 δὲ
2324 3110 2374 3163 οἱ
2405 3110 2495 3165 διά
2520 3128 2640 3165 τινα
2665 3111 3087 3182 παραπτώματα
3114 3109 3674 3182 κατασμικρυνθέντες
3697 3108 3777 3175 τῆς

565 3199 840 3270 perfectis.
883 3200 1198 3270 Propositus
1258 3199 1402 3255 enim
1446 3198 1679 3255 Domino
1712 3199 1909 3272 552a
1938 3216 2135 3271 scopus

2240 3203 2592 3273 τελειότητος,
2626 3202 2790 3275 [1615
2813 3203 2904 3276 IL]
2928 3204 3222 3275 προϐάτοις
3261 3204 3321 3258 δὲ
3354 3204 3404 3257 oi
3427 3203 3506 3267 εἰς
3527 3201 3586 3255 τὸ
3604 3200 3778 3255 τέλειον

564 3299 915 3359 peccatorum
956 3292 1105 3347 salus
1133 3308 1148 3345 :
1180 3289 1311 3346 Non
1343 3293 1483 3347 enim
1513 3293 1666 3358 veni,
1718 3293 1914 3364 inquit,
1945 3310 2130 3349 vacare

561 3380 756 3448 justas,
779 3382 867 3436 sed
886 3394 1182 3451 peccatores
1217 3384 1287 3438 ad
1324 3384 1686 3460 penitentiam
1714 3394 1758 3439 ι’.

2237 3294 2638 3366 ἀναϐεϐηκότες
2691 3296 2790 3350 καὶ
2823 3299 2921 3367 τῆς
2971 3296 3206 3359 πίστεως
3242 3295 3340 3349 καὶ¹
3388 3295 3497 3348 τῶν
3538 3290 3772 3363 πράξεως.

2237 3386 2350 3442 Καὶ
2378 3388 2572 3441 σκόπει
2597 3388 2747 3452 ὅπως
2781 3388 3073 3456 προτάττει
3109 3388 3177 3440 τά
3204 3386 3371 3458 ἀτελῆ
3399 3385 3509 3439 τῶν
3541 3381 3773 3437 τελείων·

564 3475 977 3547 προηγούμενος
1029 3477 1139 3549 γὰρ
1201 3478 1282 3550 τῷ
1331 3477 1579 3551 Δεσπότῃ
1641 3478 1839 3543 σκοπὸς
1914 3480 1949 3552 ἠ
2017 3479 2127 3533 τῶν
2197 3481 2538 3554 ἁμαρτωλῶν
2593 3483 2861 3554 σωτηρία.
2924 3484 3008 3538 Οὐ
3067 3483 3179 3551 γὰρ
3219 3478 3452 3551 ἦλθον,
3498 3478 3642 3549 φησὶ,
3687 3492 3771 3529 κα-

566 3570 745 3628 λέσαι
810 3570 1103 3638 δικαίους,
1167 3571 1332 3628 ἀλλὰ
1381 3572 1773 3645 ἁμαρτωλοὺς
1817 3574 1904 3641 είς
1957 3574 2306 3644 μετάνοιαν.

552 3725 613 3754 ω
1162 3685 1250 3741 Ea:
1286 3687 1424 3742 libro
1465 3703 1539 3743 tv.

635 3778 889 3849 Magnum
911 3779 1065 3855 quid,
1096 3780 1296 3850 inquit,
1322 3790 1407 3836 est
1431 3782 1619 3846 homo,
1651 3782 1796 3851 quod
1828 3782 2007 3851 imago
2037 3780 2131 3837 Dei

566 3870 658 3935 sit,
690 3881 746 3925 et
773 3871 1026 3927 manibus
1060 3872 1155 3926 Dei
1187 3872 1444 3928 conditus
1471 3891 1485 3926 :
1518 3884 1578 3927 ut
1609 3873 1927 3929 misericors
1956 3874 2134 3928 hono-

2719 3695 2822 3751 Ἐκ
2850 3694 2957 3749 τοῦ
2978 3692 3028 3747 δ’
3047 3696 3235 3765 λόγου
3264 3694 3335 3747 δ’.

2306 3787 2428 3840 Ὅτι
2462 3786 2605 3856 μέγα
2642 3786 2763 3856 μὲν,
2827 3786 3009 3857 φησιν,
3051 3785 3367 3855 ἄνθρωπος,
3417 3781 3538 3837 καθ’
3572 3780 3600 3834 δ
3631 3777 3769 3832 εἰκὼν

2233 3877 2369 3931 Θεοῦ
2396 3877 2491 3932 καὶ
2516 3877 2674 3949 χερσὶ
2696 3877 2871 3940 θείαις
2897 3876 3140 3945 ἐπλάσθη
3171 3890 3186 3904 ·
3219 3876 3400 3946 τίμιον
3421 3875 3476 3928 δὲ
3499 3873 3628 3943 ἀνὴρ
3650 3868 3771 3936 ἐλεή-

568 3964 774 4019 randus
809 3964 881 4018 sit
929 3964 1215 4034 prmeeptis
1257 3964 1375 4030 Dei,
1427 3966 1691 4021 honorem
1727 3966 1830 4020 sibi
1878 3965 2135 4036 operibus

2240 3985 2357 4038 μων
2378 3966 2468 4021 διὰ
2498 3966 2607 4020 τῶν
2633 3967 2966 4019 δεσποτικῶν
2996 3965 3229 4020 ἐντολῶν
3259 3967 3490 4035 γίνεται,
3517 3963 3610 4032 τὴν
3635 3961 3770 4030 τιμὴν

570 4054 687 4109 suis
744 4069 1090 4123 comparans.
1133 4053 1303 4110 Divus
1354 4054 1550 4111 Paulus
1598 4057 1717 4111 ait:
1756 4056 1870 4125 Ego
1911 4072 1990 4110 me
2033 4072 2135 4110 non

2240 4056 2417 4127 ἐαυτῷ
2470 4057 2551 4111 δι’
2587 4073 2664 4111 ων
2721 4058 2952 4128 πράττει
3003 4058 3561 4127 κατασκευαζόμενος.
3618 4050 3770 4106 Ὀτιὸ

568 4146 802 4200 arbitror
820 4147 1288 4214 comprehendisse.
1319 4144 1493 4199 Unum
1523 4157 1697 4200 autem
1729 4162 1747 4201 :
1781 4162 1896 4217 qua:
1926 4147 2135 4217 quidem

2240 4148 2529 4219 μακάριος,
2568 4148 2723 4219 φησὶ,
2760 4148 2970 4211 Παῦλος
2992 4149 3186 4217 λέγων*
3231 4150 3373 4219 Ἐγὼ
3398 4150 3470 4202 οὐ
3512 4145 3770 4215 λογίζομαι

568 4247 707 4293 'etro
744 4244 867 4290 sunt
912 4236 1241 4302 obliviscetu,
1284 4238 1353 4291 ad
1380 4255 1443 4292 ea
1483 4254 1601 4292 vero
1646 4254 1763 4308 qua:
1802 4247 1925 4291 sunt
1954 4238 2135 4307 priora

2240 4238 2495 4308 ἐμαυτὸν
2522 4238 2965 4306 κατειληφέναν
2992 4238 3061 4291 ἐν
3080 4238 3167 4301 δὲ,
3191 4238 3312 4292 τῶν
3322 4238 3441 4307 μὲν
3459 4237 3641 4289 ὀπίσω
3663 4232 3767 4285 ἐπί-

564 4331 843 4385 eztendens
868 4332 1122 4399 meipsum
1140 4342 1185 4385 ε.
1205 4330 1273 4385 Ει
1293 4331 1489 4386 deinde
1515 4332 1592 4386 ait
1618 4347 1634 4385 :
1675 4329 2047 4386 Verumtamen
2065 4331 2135 4385 ad

2240 4330 2703 4398 λανθανόμενος,
2725 4330 2853 4395 τοῖς
2871 4328 2940 4382 δὲ
2962 4328 3306 4398 ἔμπροσθεν
3327 4326 3769 4393 ἐπεκτεινόμενος

565 4422 703 4491 quod
749 4422 1097 4490 pervenimus,
1154 4423 1210 4475 in
1260 4422 1445 4475 eadem
1490 4436 1797 4491 permanere
1871 4421 2055 4492 regula
2089 4424 2132 4476 ί.

2240 4423 2333 4475 καὶ
2358 4422 2425 4475 τὰ
2449 4421 2595 4492 ἑξῆς,
2636 4416 2756 4475 εἶτα
2775 4422 3013 4490 ἐπάγωνο
3048 4422 3223 4489 Πλὴν
3246 4423 3334 4487 εικ-
3366 4420 3398 4475 ὃ
3441 4416 3767 4488 ἐφθάσαμεν,

571 4511 833 4582 Regulam
884 4511 1138 4582 intelligit
1184 4525 1388 4567 cursus
1436 4511 1737 4565 secundum
1786 4509 1980 4577 Deum,
2011 4526 2133 4580 qua:

2240 4509 2317 4577 τῷ
2341 4511 2388 4543 ⁸³
2405 4509 2566 4577 αὐτῷ
2590 4511 2801 4565 κανόνι
2821 4511 3111 4581 στοιχεῖν,
3146 4512 3347 4566 κανόνα
3371 4509 3515 4578 λέγει
3537 4505 3625 4559 τοῦ
3654 4500 3769 4556 κατὰ

566 4616 693 4660 ante
722 4603 921 4659 tradita
949 4615 1053 4660 est.
1106 4604 1239 4669 Quae
1280 4604 1373 4659 illa
1416 4603 1539 4658 est?
1585 4602 1841 4658 Oblivisci
1892 4604 2133 4672 priorum

2240 4602 2372 4656 Θεὸν
2400 4603 2599 4675 δρόμου
2625 4603 2720 4656 τὸν
2747 4603 3265 4674 προαποδεδομένον.
3294 4605 3451 4657 Ποῖον
3481 4598 3656 4653 τοῦτον
3679 4612 3691 4657 ;
3721 4590 3769 4696 τὸ

568 4696 1004 4762 benefactorum,
1049 4696 1240 4751 ﬂorere
1287 4710 1420 4751 vero
1467 4704 1520 4751 et
1567 4695 1786 4751 extendi
1839 4709 2013 4766 usque
2072 4696 2130 4750 in

2240 4695 2406 4767 λήθην
2432 4696 2529 4767 μὲν
2548 4696 2817 4751 ποιεῖσθαι
2840 4696 2950 4750 τῶν
2962 4696 3515 4768 προκατωρθωμένων
3532 4733 3546 4759 ,
3573 4683 3770 4755 ἐνακμά·

563 4790 771 4857 priora,
828 4797 890 4843 ut
941 4787 1101 4859 quasi
1150 4787 1314 4842 modo
1364 4787 1507 4842 bona
1559 4787 1883 4842 inchoantes
1941 4801 2128 4857 opera,

2240 4787 2351 4853 ζειν
2388 4789 2444 4842 δὲ
2467 4788 2562 4844 καὶ
2597 4788 2724 4861 [886
2757 4788 2850 4862 Η.]
2885 4789 3295 4843 ἐπεκτείνεσθαι
3329 4791 3439 4850 τοῖς
3464 4779 3765 4856 ἔμπροσθεν,

564 4882 809 4951 quotidie
839 4881 1204 4951 intelligentes
1228 4879 1361 4936 illud
1410 4878 1607 4945 Hodie,
1658 4887 1713 4934 et
1746 4880 1993 4935 dicentes
2026 4878 2132 4935 sibi

2240 4880 2315 4943 ὡς
2336 4879 2463 4951 ἄρτι
2490 4879 2600 4935 τῶν
2618 4881 2841 4949 ἀγαθῶν
2863 4880 3115 4951 πράξεων
3139 4879 3554 4951 ἀπαρξαμένους
3574 4873 3766 4926 πάντοτε

563 4973 632 5028 ad
677 4982 982 5029 extremum
1023 4986 1198 5043 usque
1243 4972 1369 5027 vitae
1416 4971 1696 5042 spiritum.
1722 4970 1946 5040 Oportet
1985 4970 2133 5026 enim

2240 4970 2304 5022 τὸ
2331 4968 2601 5038 σήμερον
2627 4971 2673 5003 ⁸⁸
2712 4972 2808 5025 καὶ
2829 4970 3152 5036 ἐννοοῦντας
3176 4971 3269 5025 καὶ
3291 4970 3544 5038 λέγοντας
3564 4958 3761 5017 ἑαυτοῖς,

564 5065 631 5119 ad
671 5066 724 5120 id
765 5081 939 5134 usque
968 5074 1183 5134 tempus
1211 5077 1432 5119 currere
1478 5078 1701 5119 cursum
1739 5062 1855 5128 Dei,
1908 5071 1964 5118 et
2006 5076 2132 5117 cum

2241 5062 2402 5132 ἄχρις
2435 5054 2497 5113 οῦ
2528 5062 2591 5115 τὸ
2637 5062 2790 5126 τέλος
2833 5065 2933 5134 τῆς
2972 5061 3118 5135 ζωῆς
3142 5065 3275 5136 ἡμῖν
3322 5061 3532 5129 ἐπιστῇ.
3572 5054 3654 5107 Δεῖ
3680 5046 3765 5136 γάρ

563 5157 893 5213 adversariis
927 5171 1191 5226 pugnare.
1220 5154 1519 5226 Apostolus
1544 5155 1622 5210 ait
1650 5172 1666 5210 :
1702 5153 1896 5209 Melius
1926 5164 2005 5209 est
2033 5170 2132 5208 nu-

2244 5154 2408 5225 μέχρι
2436 5156 2561 5208 τότε
2586 5154 2678 5209 τὸν
2711 5156 2851 5210 κατά
2876 5156 3014 5211 Θεὸν
3038 5156 3254 5227 τρέχειν
3302 5154 3450 5226 ἡμᾶς
3488 5148 3668 5223 δρόμον
3691 5135 3765 5193 καὶ

633 5281 661 5322 ιι
695 5270 849 5326 Joan.
886 5287 1000 5338 ut,
1034 5270 1119 5326 15.
1196 5278 1221 5312 ι’
1258 5270 1445 5328 Matth.
1470 5287 1524 5337 v,
1556 5270 1641 5325 1'5.
1712 5281 1734 5309 ³
1780 5269 2015 5339 Philipp.
2050 5283 2131 5335 tu,

2240 5306 2253 5322 .
2335 5268 2356 5305 ί
2388 5267 2521 5324 ibid.
2555 5267 2646 5324 16.

1819 5405 2055 5461 νΑιιιΑε
2094 5402 2385 5461 LECTION
2392 5403 2494 5459 ES.

1296 5501 1341 5533 ⁸⁷
1373 5499 1591 5557 titulum
1616 5514 1728 5556 om.
1764 5498 1825 5555 C.
1938 5498 1985 5531 ⁸⁸
2010 5498 2088 5569 τῷ
2120 5498 2161 5553 C
2202 5516 2215 5553 :
2251 5500 2309 5551 ἐν
2345 5497 2425 5567 τῷ
2460 5515 2523 5563 ς.

2037 5640 2273 5697 NOTE.

635 5735 750 5809 (54)
793 5738 912 5794 Alia
962 5738 1208 5796 redditur
1270 5740 1408 5797 ratio
1450 5757 1480 5795 a
1516 5738 1676 5810 Greg.
1729 5738 2059 5798 Naz..0rat.
2104 5741 2160 5798 in
2202 5737 2513 5813 Epitapbia.

2636 5501 2683 5534 ”
2709 5502 2954 5575 σήμερον
2981 5500 3025 5558 C
3059 5517 3075 5559 :
3102 5500 3341 5573 τήμερον
3362 5515 3424 5566 ς.

668 5496 717 5531 ⁸⁸
748 5498 877 5569 κᾶν]
922 5498 1085 5553 κανὸν
1122 5500 1184 5555 C.
