3856 6298
577 353 676 416 347

1747 365 2007 426 PHOTII
2039 366 2543 430 PATRIARCH/E
2576 346 2708 431 CP.'
3701 387 3784 458 διε

579 467 726 534 gitur
754 465 872 536 ipse
902 475 1220 538 peccatores
1253 486 1474 530 rursum
1498 474 1711 547 punire.
1743 475 1960 534 Tradite
1991 481 2156 546 enim,

2260 481 2430 536 τόνων
2464 483 2532 539 τά
2585 485 2805 557 χείρονα
2851 483 3141 557 αἱρεῖσθαι,
3195 483 3475 558 ἐκδικητὴς
3504 491 3575 557 δὲ,
3627 500 3784 557 καθότι

577 554 775 626 inquit,
824 558 1128 628 ltujusmodi
1179 561 1400 620 Satame
1444 568 1500 620 in
1541 568 1819 622 interitum
1862 573 2060 637 carnis,
2101 584 2158 627 ut

578 647 804 714 spiritus
823 648 1002 703 salvus
1019 651 1089 705 sit
1113 652 1170 704 in
1199 653 1283 706 die
1315 653 1528 708 Domini
1549 669 1598 709 κ.
1621 657 1758 711 Vide
1786 659 1952 728 igitur
1977 661 2159 716 chari-

581 745 744 791 tatem
780 736 897 804 Dei,
933 747 986 794 et
1016 742 1287 797 malitiam
1319 744 1546 800 diaboli.
1581 745 1724 802 Deus
1759 751 1976 820 quidem
2025 769 2154 822 pec-

578 836 821 883 catorem
859 832 1128 888 mundare
1159 835 1370 901 volens,
1407 838 1592 901 tradit,
1642 847 1702 892 ut
1730 841 2028 910 Apostolus
2059 846 2155 910 ait,

577 921 770 974 tortori
799 921 1037 977 diabolo.
1075 925 1165 978 llle
1198 941 1327 979 vero
1353 936 1481 991 stat,
1515 940 1575 984 ut
1600 931 1700 994 leo,
1737 935 1966 1002 cupiens
1995 937 2157 992 devo-

577 1028 728 1076 rare,
757 1031 916 1083 (ptem
966 1017 1080 1085 ipse
1113 1019 1178 1072 ad
1209 1031 1494 1088 peccatum
1533 1026 1718 1079 traxit.
1752 1026 1817 1081 Et
1855 1045 1962 1082 non
2008 1033 2160 1086 novit

577 1107 728 1176 quod
761 1125 960 1178 corpus
991 1112 1094 1165 sibi
1124 1113 1382 1168 traditum
1411 1118 1482 1170 sit
1533 1135 1640 1174 non
1675 1121 1726 1172 in
1773 1123 2154 1191 perditionem,

580 1202 676 1257 sed
699 1203 1136 1272 castigationem,
1161 1216 1222 1261 ut
1248 1209 1476 1278 Spiritus
1507 1223 1756 1268 servetur
1793 1233 1808 1270 :
1836 1215 1888 1269 in
1915 1218 2154 1271 animam

578 1295 724 1349 enim
759 1296 962 1352 nullam
995 1301 1226 1354 sortitur
1257 1311 1606 1372 potestatem.
1645 1309 1789 1376 quod
1832 1323 1886 1364 et
1933 1311 1985 1364 in
2032 1311 2157 1365 forti

580 1380 686 1436 Job
714 1385 1024 1440 ostenditur
1045 1385 1096 1440 δ.
1122 1387 1332 1443 Etenim
1364 1390 1418 1445 in
1449 1392 1540 1446 illo
1578 1393 1808 1450 aliarum
1842 1412 2023 1452 rerum
2061 1415 2159 1469 po-

581 1483 829 1530 testatem
860 1488 1080 1546 nactus,
1116 1482 1438 1550 prohibetur
1488 1494 1710 1554 tangere
1758 1489 2018 1557 animam,
2055 1492 2158 1546 hoc

578 1577 684 1632 est,
717 1581 955 1626 mentem
988 1588 1096 1627 non
1144 1576 1375 1646 eripere.
1419 1575 1486 1630 Et
1514 1587 1664 1643 nota,
1693 1580 1887 1652 543a
1929 1583 1980 1636 in
2008 1583 2158 1653 justo

577 1657 702 1726 Job,
734 1669 789 1716 et
823 1661 877 1716 in
922 1674 1207 1732 peccatore
1239 1667 1547 1735 Corinthio,
1592 1687 1698 1725 non
1727 1674 2005 1743 accepisse
2047 1677 2160 1730 dm-

580 1765 796 1806 monem
830 1753 884 1807 in
916 1756 1155 1810 animam
1198 1768 1552 1827 potestatem,
1598 1763 1691 1816 sed
1738 1764 1805 1818 ab
1842 1765 1934 1819 iiia
1978 1768 2157 1836 potius

2262 573 2426 626 πάλιν
2447 574 2610 638 αὐτὸς
2627 575 2995 646 ἀναγκάζεται
3015 576 3108 630 τὸν
3131 575 3348 646 ἁμαρτὴ
3358 595 3515 633 σαντα
3537 584 3752 650 κολάζειν
3771 612 3783 624 ο

2259 663 2567 733 Παράδοτε
2595 668 2728 736 γὰρ,
2763 669 2916 738 φησὶ,
2946 668 3053 722 τὸν
3083 666 3356 720 τοιοῦτον
3377 668 3454 733 τῷ
3487 675 3702 744 Σατανᾷ
3718 685 3788 749 εῐς

2261 755 2511 824 ὀλεθρον
2556 756 2667 824 τῆς
2717 757 2962 826 σαρκὸς,
3003 757 3104 810 ἵνα
3163 755 3228 810 τὸ
3275 758 3502 827 πνεῦμα
3537 765 3688 833 σωθῇ
3729 771 3784 823 ἐν

2261 845 2335 916 τῇ
2360 848 2549 916 ἡμέρᾳ
2569 849 2676 904 τοῦ
2697 850 2940 919 Κυρίου.
2969 849 3080 903 Καὶ
3097 850 3197 921 ὅρα
3220 850 3400 903 λοιπὸν
3426 851 3790 926 φιλανθρωπίαν

2260 941 2395 994 Θεοῦ
2417 941 2512 995 καὶ
2543 942 2744 996 κακίαν
2769 941 2863 994 τοῦ
2893 943 3165 998 διαϐόλου.
3185 941 3244 995 '0
3272 943 3367 1011 μὲν
3392 945 3518 1008 Θεὸς
3539 947 3619 998 τὸν
3643 951 3789 1022 ἁμαρ.

2260 1031 2502 1100 τήσαντα
2532 1030 2704 1085 θέλων
2737 1033 2972 1102 καθᾶραι
3004 1031 3339 1100 παραδίδωσι
3369 1033 3454 1085 διὰ
3477 1036 3568 1103 τῆς
3592 1039 3790 1092 ἀποστο-

2259 1121 2418 1191 λικῆς
2473 1124 2658 1195 φωνῆς
2698 1123 2774 1187 ὡς
2828 1123 3007 1195 δημίῳ
3053 1123 3127 1194 τῷ
3187 1123 3446 1195 διαϐόλῳ⁸
3471 1128 3498 1178 6
3535 1127 3587 1180 δὲ
3623 1129 3788 1202 ἕστηκε

2261 1214 2585 1284 βουλόμενος
2639 1214 2714 1278 ὡς
2753 1215 2891 1268 λέων
2941 1218 3229 1268 καταπιεῖν
3288 1214 3346 1268 ὃν
3405 1217 3560 1281 αὐτὸς
3606 1220 3790 1277 ἔπεισεν

2259 1306 2609 1379 ἐξαμαρτεῖν,
2656 1310 2748 1362 καὶ
2797 1309 2898 1361 οὐκ
2947 1309 3087 1377 ἔγνω
3117 1307 3295 1361 ὅτιτὸ
3352 1309 3505 1378 σῶμα
3555 1316 3788 1389 παρεδόθη

2258 1399 2427 1468 αὐτῷ,
2463 1399 2581 1470 οὐχὶ
2601 1401 2681 1464 εἰς
2724 1399 3120 1472 πανωλεθρίαν,
3164 1401 3281 1453 ἀλλ’
3320 1402 3397 1463 εἰς
3431 1417 3788 1476 σωφρονισμόν,

2259 1492 2350 1544 ἵνα
2407 1491 2469 1544 τὸ
2519 1491 2737 1562 πνεῦμα
2793 1492 2964 1565 σωθῇ.
3015 1492 3129 1562 Τῆς
3179 1494 3291 1563 γὰρ
3345 1493 3520 1563 ψυχῆς
3569 1497 3790 1568 οὐδεμίαν

2258 1583 2622 1654 ἐγχειρίζεται
2679 1583 2956 1650 ἐξουσίαν,
3013 1583 3089 1648 ὡς
3134 1585 3402 1638 δέδεικται
3452 1587 3543 1638 καὶ
3585 1588 3670 1640 ἐπὶ
3715 1591 3789 1643 τοῦ

2257 1675 2506 1744 γενναίου
2551 1675 2670 1729 Ἰώϐ
2693 1693 2708 1708 ο
2742 1676 2836 1730 καὶ
2880 1677 2987 1746 γὰρ
3019 1676 3113 1729 καὶ
3159 1677 3244 1729 ἐπ’
3283 1677 3487 1729 ἐκείνου
3512 1678 3679 1731 λαϐὼν
3705 1682 3791 1734 τῶν

2259 1767 2434 1822 ἄλλων
2461 1767 2562 1838 τὴν
2604 1767 2872 1832 ἐξουσίαν,
2903 1767 3250 1822 ἐπιτάττει-αι
3292 1765 3366 1838 μὴ
3397 1767 3651 1838 τολμῆσαι
3676 1771 3789 1839 ἀψα-

577 1842 796 1910 cxpclli.
828 1843 1091 1903 Traditus
1112 1849 1255 1903 enim
1286 1851 1360 1904 illi
1389 1851 1706 1910 Corinthius
1727 1866 1827 1918 est,
1858 1867 1915 1910 ut
1938 1859 2155 1928 spiritus

2260 1859 2384 1913 σθαι
2411 1836 2738 1931 τῆς-ψυχῆς,
2774 1859 3021 1913 τουτέστι
3063 1859 3278 1930 φρενῶν
3314 1836 3566 1915 ἔκστασιν
3608 1863 3674 1932 μὴ
3711 1836 3790 1916 έπ-

579 1932 759 1986 salrus
783 1937 872 1990 sit.
919 1936 1167 1993 Inridens
1192 1941 1336 1996 enim
1363 1955 1615 2012 peccator
1657 1949 1951 2004 tentatioue
1982 1952 2034 2004 in
2067 1952 2154 2005 in-

583 2025 802 2078 teritum
837 2028 1040 2091 carnis,
1095 2038 1149 2084 et
1173 2034 1420 2101 corporis
1453 2035 1734 2092 doloribus
1767 2053 2005 2105 pressus,
2027 2058 2152 2096 cum

577 2119 858 2186 cognoscit
880 2135 912 2174 e
933 2136 1041 2190 qua
1067 2123 1250 2178 radice
1280 2125 1597 2194 hujusmodi
1618 2129 1834 2186 dolores
1860 2133 2153 2200 exsistant,

577 2207 794 2275 cogitur
824 2209 988 2265 etiam
1023 2215 1214 2270 nolens
1242 2217 1425 2272 odisse
1459 2231 1761 2287 peccatum,
1805 2233 1856 2275 et
1885 2225 2153 2290 converti,

575 2306 632 2351 et
665 2315 787 2352 cum
822 2316 1055 2371 corpore
1099 2305 1264 2358 etiam
1309 2307 1547 2361 animam
1597 2326 1838 2366 servare.
1868 2312 2155 2380 Quomodo

575 2400 756 2447 autem
790 2390 1024 2448 Satanas
1047 2406 1370 2464 potestatem
1411 2404 1621 2470 accepit
1666 2405 1718 2456 in
1765 2407 2156 2474 peccatorctn?

574 2491 786 2537 resecto
811 2483 904 2538 illo
930 2486 1000 2539 ab
1029 2488 1306 2554 omnibus,
1341 2502 1394 2546 et
1424 2493 1493 2545 ab
1521 2491 1784 2560 Ecclesia,
1841 2512 2157 2553 sat-ramen-

576 2581 872 2644 torumque
896 2581 1309 2636 communione.
1342 2583 1548 2640 Idcirco
1579 2588 1790 2653 scribit,
1828 2598 1887 2643 ut
1912 2606 2011 2660 pro
2042 2608 2157 2646 me-

575 2665 686 2718 rito
717 2670 962 2735 punitus,
999 2681 1053 2724 et
1084 2672 1256 2741 plagis
1292 2675 1540 2742 alrectus,
1576 2688 1631 2733 et
1682 2695 2004 2746 conversus,
2040 2684 2153 2751 jam

573 2757 772 2812 iterum
798 2760 854 2813 in
882 2765 1114 2830 gratiam
1143 2767 1461 2835 recipiatur,
1485 2784 1513 2822 a
1537 2786 1642 2838 qua
1663 2783 1820 2826 antea
1845 2777 2152 2841 arcebatur,

573 2852 720 2918 quod
751 2865 1108 2921 consecutus,
1143 2873 1246 2911 nou
1281 2861 1518 2928 amplius
1549 2863 1599 2914 in
1633 2872 1900 2930 potestate
1943 2879 2025 2921 est
2053 2865 2156 2921 Sa-

576 2949 738 3003 tanae,
777 2959 944 3013 quam
975 2947 1028 3000 in
1051 2949 1172 3014 ejus
1212 2965 1412 3021 corpus
1439 2953 1691 3008 habt-bat.
1726 2955 1829 3020 Qui
1859 2970 2056 3026 sponte
2085 2961 2153 3015 ad

574 3034 950 3102 pamitentiam
983 3051 1396 3108 conuertuntur,
1421 3060 1516 3100 eos
1541 3044 1804 3102 Dominus
1821 3051 2157 3120 amplectens

2258 1954 2524 2020 ενεγκεῖν.
2551 1952 2663 2006 Καὶ
2691 1952 2997 2021 σημείωσαι
3027 1952 3109 2005 ὅτι
3136 1952 3230 2005 καὶ
3261 1952 3354 2004 ἐπὶ
3369 1951 3459 2006 τοῦ
3471 1953 3667 2007 δικαίου
3694 1954 3790 2008 Ἰὼϐ

2257 2043 2350 2096 καὶ
2381 2045 2475 2096 ἐπὶ
2494 2043 2588 2096 τοῦ
2621 2045 3006 2114 ἡμαρτηκότος
3036 2046 3091 2096 ἐν
3115 2044 3367 2114 Κορίνθῳ
3395 2046 3454 2097 οὗ
3493 2045 3688 2115 δέχεται
3713 2050 3792 2117 τὴν

2257 2138 2354 2205 τῆς
2383 2136 2563 2206 ψυχῆς
2579 2136 2826 2202 ἐξουσίαν
2842 2137 2870 2188 ὁ
2891 2137 3146 2207 πονηρὸς,
3180 2136 3382 2207 μᾶλλον
3415 2137 3510 2206 μὲν
3535 2137 3623 2190 οὖν
3647 2139 3789 2209 ὑπερ·

2256 2229 2498 2299 ορίςεται
2561 2229 2754 2299 αὐτῆς.
2807 2228 3164 2300 Παραδίδοται
3215 2229 3328 2300 γὰρ
3379 2229 3525 2300 αὐτῷ
3572 2231 3659 2284 καὶ
3693 2233 3717 2284 ὁ
3749 2233 3793 2283 ὲν

2257 2321 2525 2393 Κορίνθῳο
2541 2323 2694 2383 Ἵνα,
2714 2321 2868 2391 φησὶ,
2886 2319 2951 2375 τὸ
2969 2321 3206 2390 πνεῦμα
3225 2325 3351 2374 σ’ωο
3361 2321 3414 2389 ᾗ.
3433 2323 3485 2374 Ἐ
3494 2322 3695 2391 μπεσὼν
3708 2323 3792 2394 γὰρ

2256 2415 2284 2465 6
2317 2414 2657 2486 ἡμαρτηκὼς
2687 2413 2765 2484 τῷ
2791 2413 3084 2485 πειρασμῷ
3115 2415 3195 2476 εἰς
3227 2412 3452 2484 ὄλεθρον
3472 2415 3568 2483 τῆς
3605 2416 3788 2485 σαρκὸς,

2259 2509 2352 2562 καὶ
2400 2510 2520 2570 ταῖς
2569 2506 2827 2575 ἀλγηδόσι
2876 2505 2972 2560 τοῦ
3019 2506 3276 2577 σώματος
3325 2506 3789 2577 κατατρυχόμενος,

2256 2598 2512 2666 ἐπιγνούς
2543 2616 2601 2651 τε
2634 2600 2698 2651 ἐκ
2728 2598 2888 2662 ποίας
2925 2597 3082 2669 ῥίζης
3120 2597 3270 2668 αὐτῷ
3308 2596 3589 2668 βλαστάνει
3629 2597 3690 2650 τὰ
3717 2599 3792 2651 ἀλ-

2256 2691 2433 2760 γεινὰ,
2461 2691 2828 2760 ἀναγκάζεται
2851 2691 2946 2744 καὶ
2979 2691 3052 2762 μὴ
3077 2690 3248 2744 θέλων
3274 2690 3501 2760 μισῆσαι
3529 2691 3622 2761 τὴν
3650 2691 3794 2762 apop-

2256 2783 2378 2835 τίαν
2406 2784 2499 2834 καὶ
2530 2781 2665 2850 πρὸς
2696 2781 2796 2848 τὴν
2841 2782 3178 2850 ἐπιστροφὴν
3207 2781 3439 2852 δραμεῖν
3472 2779 3793 2834 συνδιασώσα-

2259 2874 2382 2928 σθαί
2437 2891 2494 2926 τε
2539 2874 2618 2944 τῷ
2675 2872 2888 2939 σώματι
2936 2873 3036 2943 τὴν
3082 2873 3286 2942 ψυχήν.
3329 2871 3452 2934 Πῶς
3494 2871 3549 2924 δὲ
3584 2871 3793 2924 ἐλαϐενὸ

2258 2967 2503 3030 Σατανᾶς
2530 2968 2630 3037 τὴν
2659 2965 2908 3030 ἐξουσίαν
2947 2964 3084 3016 κατά
3112 2963 3206 3016 τοῦ
3248 2963 3650 3033 ἠμαρτηκότος;
3689 2962 3795 3028 ἀφο·

2264 3059 2536 3128 ρισθὲντος
2559 3056 2724 3111 αὐτοῦ
2747 3057 2855 3111 ἀπὸ
2881 3057 3118 3121 πάντων,
3144 3055 3254 3109 ἀπό
3281 3072 3340 3107 τε
3375 3054 3473 3123 τῆς
3511 3052 3794 3120 Ἐκκλησίας

575 3126 811 3196 suscipit
840 3149 851 3184 ε
916 3132 1006 3199 qui
1040 3147 1168 3187 vero
1199 3150 1304 3188 non
1341 3147 1531 3206 sponte
1563 3140 1934 3207 paenitentiam
1966 3153 2153 3212 agunt,

2261 3126 2355 3204 καὶ
2413 3155 2513 3220 τῆς
2563 3150 2669 3203 τῶν
2722 3148 2966 3220 φρικτῶν
3027 3147 3345 3218 μυστηρίων
3396 3147 3683 3208 κοινωνίας.
3725 3145 3797 3197 Διὸ

579 3214 858 3286 castigans
908 3229 1148 3284 revocat,
1195 3232 1245 3276 et
1289 3223 1437 3280 hunc
1468 3241 1688 3280 sensum
1734 3230 2026 3296 Apostolus
2060 3246 2152 3285 ex-

579 3305 790 3374 plicans
849 3309 1033 3364 dicit:
1085 3313 1240 3378 Quod
1291 3317 1338 3370 si
1387 3319 1733 3384 nosmetipsos
1764 3319 2153 3392 judicaremus,

577 3415 681 3452 non
718 3405 898 3472 utique
934 3405 1326 3472 judicaremur.
1370 3409 1506 3463 Dum
1539 3397 1853 3480 jitdicamur
1883 3427 2082 3479 autem,
2124 3435 2157 3472 a

578 3493 686 3548 Deo
707 3498 1051 3566 corripiatur.
1078 3512 1130 3554 ut
1159 3519 1261 3555 non
1284 3519 1402 3556 cum
1428 3504 1526 3558 hoc
1551 3508 1750 3560 nmndo
1766 3508 2082 3564 damnamur
2106 3523 2155 3566 ο.

577 3585 712 3642 Illud
752 3599 958 3654 autem,
985 3604 1040 3646 ut
1081 3612 1186 3648 non
1221 3613 1340 3650 cum
1369 3598 1467 3652 hoc
1503 3601 1720 3667 mundo,
1755 3618 1860 3656 non
1910 3615 2156 3659 creatura

578 3679 711 3733 dicit
743 3698 756 3733 :
791 3683 1079 3751 pulchrum
1112 3687 1260 3741 enim
1297 3697 1382 3744 est
1414 3689 1507 3743 Dei
1547 3708 1704 3761 opus.
1742 3692 1847 3748 Sed
1892 3698 2155 3752 mundum

579 3771 670 3827 hic
717 3772 1002 3846 intelligit,
1057 3780 1462 3848 improbitatem
1510 3786 1717 3850 mundi,
1779 3796 1836 3839 ct
1891 3789 2156 3844 scandala

575 3861 803 3916 diaboli.
837 3863 961 3918 Ideo
985 3876 1038 3920 et
1075 3867 1338 3924 Dominus
1364 3871 1494 3926 dicit
1525 3891 1540 3927 :
1584 3871 1673 3927 Va:
1704 3875 1899 3929 mtme
1939 3895 1972 3930 a
2002 3894 2158 3931 scan-

577 3948 716 4004 dalis
745 3950 858 4013 eius
886 3951 912 3990 ἀ
937 3953 949 4004 !
987 3951 1099 4008 lloc
1138 3973 1151 4008 :
1189 3955 1612 4027 Contemplantes
1642 3978 1706 4015 ne
1726 3962 1843 4030 quis
1868 3963 2004 4017 desit
2033 3981 2159 4034 gra-

580 4037 670 4090 tia:
689 4036 803 4104 Dei,
830 4054 892 4092 ne
916 4056 1018 4109 qua
1050 4042 1207 4094 radix
1224 4047 1602 4102 amaritudinis
1621 4066 1831 4102 sursum
1854 4052 2158 4120 germinans

585 4126 838 4196 impediat
866 4141 914 4196 ε,
943 4144 1075 4199 etc.,
1097 4133 1163 4188 de
1193 4137 1615 4204 cogitationibus
1660 4140 1736 4194 ait
1782 4140 1850 4194 ab
1897 4142 2158 4210 Apostolo

579 4215 712 4281 dici,
743 4218 847 4273 hoc
890 4229 994 4286 est,
1044 4237 1113 4277 ne
1150 4239 1255 4292 qua
1290 4224 1359 4279 sit
1395 4226 1449 4279 in
1483 4227 1639 4282 nobis
1674 4228 1931 4298 cogitatio
1972 4231 2159 4286 adlue-

585 4326 712 4366 rens
746 4312 928 4367 adhuc
975 4315 1218 4380 diabolo,
1268 4333 1390 4386 qua:
1437 4334 1539 4374 nos
1590 4318 1684 4374 Dei
1737 4323 1908 4391 gratia
1961 4324 2156 4392 privet.

579 4399 809 4463 Quando
835 4399 982 4454 ettim
1021 4401 1204 4471 aliqua
1236 4406 1492 4474 cogitatio
1532 4416 1790 4475 tanquam
1824 4409 1980 4463 radix
2006 4428 2155 4481 qum—

2261 3243 2425 3306 ἀξίως
2475 3241 2850 3310 ἐπιτιμηθέντι
2884 3240 2978 3293 καὶ
3010 3239 3272 3311 πληγέντι
3317 3237 3412 3292 καὶ
3453 3237 3794 3308 ὲπιστραφέντι

2261 3333 2420 3388 πάλιν
2452 3335 2772 3404 χαρισθῆναι
2810 3331 2978 3400 αὐτῷ,
3017 3325 3092 3383 ὧν
3116 3329 3444 3392 ἐκεκώλυτο,
3485 3327 3690 3399 γράφει.
3717 3320 3798 3378 ’Ὧν

2260 3424 2580 3492 ἀξιωθέντος
2611 3424 2793 3476 οὐκέτι
2820 3423 2940 3475 οὐδὲ
2962 3423 3059 3491 τὴν
3085 3421 3340 3488 ἐξουσίαν
3365 3417 3510 3489 εἶχεν
3531 3421 3557 3472 6
3575 3418 3793 3480 Σατανᾶς,

2258 3518 2434 3588 ἤνπερ
2463 3517 2676 3584 εἰλήφει
2718 3513 2858 3567 κατὰ
2887 3513 2981 3566 τοῦ
3013 3513 3266 3583 σώματος
3302 3511 3491 3567 αὑτοῦ.
3529 3510 3646 3564 Ὅτι
3673 3509 3794 3576 φησὶ,

2259 3610 2398 3672 Τοὺς
2428 3609 2525 3679 μὲν
2559 3607 2650 3674 ἀφ’
2701 3605 2911 3659 ἑαυτῶν
2959 3605 3396 3676 ἐπιστρέφοντας
3439 3604 3519 3666 εἰς
3553 3600 3796 3671 μετάνοιαν

2260 3697 2751 3767 ὲναγκαλιζόμενος
2778 3695 2808 3748 ὁ
2838 3695 3042 3766 Κύριος
3070 3695 3403 3764 ἀποδέχεται
3428 3695 3493 3758 ⁸⁸,
3527 3693 3643 3754 τοὺς
3668 3688 3794 3756 δὲμὴ

2259 3791 2467 3844 οἴκοθεν
2499 3789 2896 3858 μετανοοῦντας
2925 3787 3280 3858 σωφρονίζων
3324 3787 3684 3840 ἀνακαλεῖται.
3711 3781 3795 3878 Καὶ

2259 3882 2465 3950 ταύτην
2500 3881 2556 3932 δὲ
2582 3878 2946 3933 ἀναπτύσσων
2969 3878 3069 3949 τὴν
3092 3876 3305 3930 ἔννοιαν
3342 3878 3371 3930 6
3410 3872 3711 3934 ’Λπόστολος

2260 3990 2348 4042 γει
2369 3989 2381 4002 ·
2408 3975 2475 4026 Ei
2500 3971 2610 4041 γὰρ
2637 3970 2889 4036 ⁴ἑαυτοὺς
2908 3969 3223 4037 ἐκρίνομεν
3247 3970 3316 4030 ⁸³,
3347 3969 3460 4022 οὐκ
3488 3965 3563 4020 ἂν
3610 3959 3800 4027 ἐκρινό-

2256 4064 2408 4132 μεθα
2427 4076 2441 4091 ⁸
2472 4063 2812 4130 κρινόμενοι
2849 4060 2918 4113 δὲ
2945 4059 3065 4116 ὑπὸ
3091 4060 3196 4114 τοῦ
3220 4061 3266 4092 ⁸³
3307 4060 3530 4127 Κυρίου
3571 4050 3801 4110 παιδευόο

2255 4156 2428 4223 μεθα,
2466 4153 2568 4205 ἵνα
2603 4151 2688 4221 μὴ
2737 4151 2860 4205 σὺν
2897 4150 2976 4216 τῷ
3018 4152 3231 4221 κόσμῳ
3279 4147 3722 4216 κατακριθῶμεν.
3745 4141 3802 4194 Τὸ

2261 4246 2340 4311 δὲ,
2374 4243 2506 4297 "Ira
2526 4243 2611 4313 μὴ
2643 4243 2764 4297 σὺν
2792 4243 2872 4308 τῷ
2895 4245 3120 4312 κόσμῳ,
3143 4243 3267 4312 οὐχὶ
3297 4242 3375 4311 τῷ
3392 4239 3666 4309 ποιήματι
3685 4235 3801 4302 λέγει

2264 4340 2449 4411 (καλὸν
2489 4337 2597 4408 γὰρ
2643 4337 2703 4390 τὸ
2725 4335 2819 4390 τοῦ
2854 4335 2989 4388 Θεοῦ
3025 4336 3285 4406 ποίημα),
3310 4334 3451 4390 ἀλλά
3494 4334 3685 4424 κόσμον
3713 4323 3800 4424 νυνέ

2263 4433 2360 4502 τὴν
2385 4433 2442 4484 ἐν
2470 4430 2548 4501 τῷ
2596 4430 2786 4500 κόσμῳ
2829 4428 2977 4498 λέγει
3009 4428 3300 4498 πονηρίαν,
3333 4427 3405 4481 τὰ
3450 4421 3706 4480 σκάνδαλα
3730 4421 3800 4470 τοῦ

578 4490 703 4544 dam
758 4493 982 4547 malitiae
1031 4495 1084 4548 in
1133 4495 1291 4552 nobis
1346 4497 1600 4566 pullulat,
1655 4499 1755 4552 etsi
1821 4501 2010 4570 plures
2065 4520 2156 4574 per

2266 4490 2632 4591 aovnpoD:At6
2657 4490 2788 4572 καλό
2806 4490 3007 4588 Κύριός
3036 4490 3222 4587 φησίνσ
3246 4490 3394 4570 orbat
3419 4515 3498 4580 τῷ
3515 4505 3801 4580 κόσμῳάἐτά

577 4585 990 4640 conversionem
1023 4587 1449 4656 eradicavimus,
1485 4596 1669 4642 tamen
1705 4590 1795 4645 illa
1822 4593 2036 4648 occulte
2062 4611 2157 4650 re-

2257 4611 2375 4667 τῶν
2412 4610 2777 4665 σκανδάλων
2809 4609 3017 4663 αὑτοῦ.
3056 4610 3179 4662 Ὅτι
3213 4609 3293 4671 τὸ,
3335 4603 3802 4662 Ἐπισκοποῦντες

579 4674 724 4742 licta,
761 4691 826 4732 ex
854 4690 1008 4748 parte
1057 4695 1314 4736 crescens
1345 4690 1400 4735 et
1445 4681 1724 4750 prodiens,
1761 4683 2064 4753 invalescit,
2101 4695 2156 4742 et

2259 4703 2340 4774 μή
2371 4722 2461 4770 τις
2495 4701 2766 4770 ὑστερῶν
2792 4700 2899 4768 τῆς
2926 4703 2970 4734 ⁵⁸
3007 4701 3253 4770 χάριτος
3286 4699 3398 4753 τοῦ
3435 4697 3600 4760 Θεοῦ,
3624 4693 3700 4764 μή
3736 4707 3804 4751 τις

579 4764 833 4836 inquinat
864 4769 1002 4825 alias
1032 4770 1396 4840 cogitationes
1439 4773 1507 4826 ad
1554 4773 1760 4828 bonum
1800 4774 2152 4832 inclinantes.

578 4857 915 4916 Exscindere
946 4862 1113 4932 igitur
1145 4863 1401 4918 hortatur
1431 4865 1610 4920 omnis
1641 4868 1849 4936 peccati
1889 4869 2155 4938 radicem,

579 4961 636 5004 ut
666 4953 890 5006 omnino
921 4953 1084 5008 homo
1127 4953 1222 5009 Dei
1251 4965 1522 5027 praecepta
1570 4959 1694 5014 sine
1731 4961 1980 5017 molestia
2031 4979 2154 5020 cum

577 5044 758 5100 fructu
812 5056 1165 5114 exsequatur.
1227 5048 1330 5102 Per
1377 5066 1578 5115 canes,
1634 5053 1846 5123 inquit,
1897 5058 2158 5126 parabola

578 5137 942 5192 crudeliorem
1002 5138 1160 5194 illum
1215 5140 1436 5197 divitem
1494 5147 1767 5216 coarguit,
1821 5148 1980 5219 cujus
2032 5159 2159 5206 ante

578 5227 729 5284 fores
755 5229 1256 5301 Lazarusjaccbat.
1288 5233 1470 5292 Canes
1502 5239 1648 5293 enim
1681 5243 2159 5299 commiseratione

579 5319 772 5394 543ὺ
819 5339 1030 5396 magna:
1078 5325 1224 5384 illius
1273 5329 1624 5399 calamitatis,
1660 5344 1926 5402 quantum
1975 5335 2158 5394 facere

656 5511 682 5542 ι
712 5499 730 5556 l
761 5501 890 5559 Cor.
915 5518 970 5572 ν,
1006 5505 1060 5562 5.
1157 5505 1187 5548 ιι
1218 5505 1323 5565 Job
1351 5523 1391 5580 t,
1427 5509 1514 5567 12.
1604 5521 1630 5553 ο
1653 5510 1674 5567 l
1697 5511 1826 5572 Cor.
1859 5529 1936 5579 χι,
1967 5513 2056 5569 ⁸51.

2133 5514 2161 5554 ἀ
2189 5513 2380 5570 Matth.
2435 5532 2592 5582 xvttt,
2629 5517 2682 5573 7.

2260 4795 2388 4868 [888
2419 4795 2511 4867 H.]
2530 4793 2664 4862 ῥίζα
2707 4795 2920 4859 κακίας
2941 4792 3189 4862 ἐνοχλῇ,
3219 4793 3315 4846 καὶ
3341 4792 3410 4846 τὰ
3433 4791 3559 4862 ἑξῆς
3586 4786 3701 4887 περὶ
3719 4781 3804 4887 τῶν

2260 4887 2537 4957 λογισμῶν
2580 4886 2831 4956 εἰρῆσθαι
2857 4886 2934 4957 τῷ
2967 4885 3273 4956 Ἀποστόλῳ
3307 4885 3468 4956 φησὶ,
3495 4880 3721 4935 τουτέστι
3746 4880 3803 4945 μή

2259 4996 2344 5042 τις
2450 4977 2711 5046 λογισμὸς
2759 4979 2818 5030 ὲν
2852 4977 2979 5047 ὑμῖν
3012 4978 3057 5009 ⁸⁸
3094 4976 3254 5048 [l6l7
3302 4974 3402 5047 8.]
3452 4969 3804 5060 προσκείμενοξ

2263 5070 2343 5123 ἔτι
2369 5068 2446 5140 τῷ
2489 5069 2721 5140 διαϐόλῳ
2761 5069 2858 5122 καὶ
2889 5067 3287 5138 ὑστερούμενος
3331 5066 3435 5135 τῆς
3484 5063 3691 5135 χάριτος
3732 5072 3805 5106 του

2263 5162 2420 5216 Θεοῦ.
2454 5163 2624 5215 Ὅταν
2672 5161 2782 5231 γάρ
2811 5177 2894 5223 τις
2931 5157 3194 5227 λογισμὸς
3241 5156 3440 5228 ὥσπερ
3467 5172 3553 5216 τις
3593 5150 3704 5224 ῥίζα
3731 5162 3806 5197 που

2263 5253 2457 5324 νηρίας
2511 5247 2927 5322 ἐγκεχωσμένος
2973 5252 3033 5302 ὲν
3063 5251 3195 5321 ἡμῖν
3240 5245 3297 5319 ᾖ,
3327 5247 3432 5301 κᾶν
3466 5247 3597 5334 τοὺς
3626 5237 3807 5334 πλείους

2264 5339 2331 5393 δι’
2387 5339 2721 5411 ὲπιστροςςῆς
2768 5337 3233 5410 ὲξερῤιζὼσαμεν,
3275 5336 3396 5390 ἀλλ’
3430 5331 3523 5390 οὖν
3568 5332 3754 5391 ἐκεῖνος
3785 5331 3808 5375 ο

2767 5532 2790 5561 ε
2822 5520 2986 5577 Hebr.
3021 5535 3122 5586 xu,
3159 5518 3248 5577 £5.

1897 5629 2129 5685 VARIIE
2171 5630 2578 5690 LECTIONES.

696 5740 737 5774 ⁸⁸
771 5741 1097 5812 ἀποδέχεται
1148 5746 1189 5800 C

582 5815 684 5878 ’.τοίς
725 5833 786 5880 ς.

936 5817 980 5847 ⁸⁸
1013 5817 1141 5874 ὑμῖν
1163 5817 1203 5873 C
1249 5837 1259 5871 :
1295 5822 1424 5875 ἡμῖν
1452 5817 1517 5883 ξ’.

1241 5767 1254 5803 :
1297 5749 1604 5820 ἐπιδέχεται
1633 5769 1691 5815 ς’.
1766 5753 1809 5784 θ’
1846 5751 2136 5824 ἐκρίνομεν
2178 5753 2218 5810 C
2265 5771 2278 5810 ε
2331 5752 2669 5825 διεκρίνομεν
2711 5772 2768 5818 ς.

2884 5751 3041 5806 ⁸³τοῦ
3088 5766 3198 5808 om.
3255 5750 3317 5806 C.
3393 5748 3434 5780 ”⁸
3473 5748 3566 5818 τῆς
3613 5732 3806 5801 (ἷὲἀπδ
