4020 6410
179 394 288 461 349

1186 390 1705 454 BIBLIOTHECA.
1742 412 1811 426 ——-
1840 389 2004 452 con.
2043 378 2356 455 ceLxxx.

3321 348 3437 462 350'

181 504 523 576 ὒπολειφθεὶς
548 505 594 538 ⁸⁸
620 504 762 560 κατά
793 501 959 578 μέρος
990 500 1354 573 αὐξανόμενος
1384 501 1478 555 καὶ
1516 501 1595 563 είς
1626 500 1747 553 ἐπι-

1854 507 2151 569 potuerunt
2200 502 2605 571 prmstiterunt,
2649 503 2950 563 lambentes
2994 506 3174 563 ulcera
3224 507 3425 580 linguis

179 600 406 669 φάνειαν
435 594 713 669 προελθὼν
743 595 1200 666 ὲπικρατέστερος
1232 594 1460 663 γίνεται,
1497 590 1751 661 καὶιμαί-

88 700 89 703 ‘
179 708 257 743 νει
285 690 411 753 τοὺς
430 690 620 751 ἄλλους
649 689 775 751 τοῦς
797 687 858 740 τὸ
881 687 1085 757 ἀγαθὸν
1121 686 1401 758 μετιόντας
1432 682 1746 751 λογισμούς.

184 783 511 841 Ἐκκόπτειν
536 777 628 835 οῦν
664 783 921 850 παραινεῖ
942 782 1120 851 πάσης
1141 779 1419 851 ἁμαρτίας
1460 778 1635 849 ῥίζαν,
1663 778 1751 830 ἵνα

174 874 269 927 διὰ
309 875 518 927 πάντων
548 876 575 927 ό
619 874 903 943 ἄνθρωπος
930 874 1027 935 τὰς
1066 872 1284 935 ἐντολὰς
1326 870 1529 942 Κυρίου
1564 872 1751 922 ἀνενο-

175 965 390 1035 χλὴτως
418 967 765 1035 καρποφορῖγ
797 964 919 1018 Ὀτι
950 966 1043 1016 καὶ
1077 963 1163 1015 διὰ
1194 962 1301 1015 τῶν
1330 961 1528 1021 κυνῶν,
1561 960 1747 1030 φησὶν,

174 1060 208 1127 ἡ
244 1056 527 1128 παραϐολὴ
557 1058 925 1127 ἀπηνέστερον
959 1056 1172 1125 ἐλέγχει
1206 1056 1297 1108 τὸν
1329 1052 1581 1106 πλούσιον
1605 1053 1751 1105 ἐκεῖ·

172 1163 286 1211 νον,
329 1138 391 1198 οῦ
442 1146 548 1216 πρὸ
591 1147 683 1199 τοῦ
717 1147 963 1209 πυλῶνος
1005 1148 1032 1199 ὁ
1084 1144 1334 1216 Λάζαρος
1388 1143 1634 1216 ἔρριπτο.
1684 1141 1748 1194 Οἱ

175 1240 275 1308 μὲν
302 1241 412 1309 γὰρ
443 1242 604 1303 κύνες
653 1240 1015 1308 οἰκτείροντες
1065 1237 1231 1293 αὐτοῦ
1270 1236 1368 1307 τὴν
1403 1236 1605 1306 πολλὴν
1648 1251 1749 1287 τα-

167 1331 506 1403 λαιπωρίαν,
540 1334 677 1403 ὅπερ
730 1333 993 1402 ἠδύναντο
1038 1334 1232 1396 ποιεῖν,
1269 1331 1559 1401 ἔπραττον,
1593 1345 1751 1398 περι-

168 1422 442 1491 λείχοντες
471 1425 563 1476 καὶ
587 1418 698 1478 οἷον
724 1426 1138 1496 ἀποσμήχοντες
1169 1421 1335 1477 αὐτοῦ
1359 1420 1419 1474 τὸ
1446 1420 1601 1483 ’ἐλκος
1630 1421 1749 1483 ταῖς

166 1509 538 1579 γλώσσαιςοό
582 1513 639 1566 δὲ
690 1515 784 1567 καὶ
830 1514 941 1567 τῶν
987 1514 1166 1567 κυνῶν
1196 1513 1326 1582 περὶ
1365 1513 1425 1565 τὸ
1479 1509 1747 1581 ὁμόφυλον

167 1602 541 1674 ἁπηνέστερος
570 1604 666 1658 καὶ
694 1604 760 1658 δι’
787 1605 967 1658 αὐτῶν
1001 1605 1264 1675 ἠλέγχετο
1289 1603 1397 1657 τῶν
1424 1602 1622 1657 κυνῶν.
1649 1601 1748 1656 Διά

168 1694 325 1747 τοῦτο
363 1697 618 1750 κάκεῖνον
654 1697 715 1748 τὸ
746 1696 856 1767 πῦρ
894 1697 1261 1767 ἀδυσωπήτως
1286 1696 1598 1765 ἐπέρχεται.
1625 1694 1747 1747 Ὀτι

170 1785 263 1855 τὴν
293 1787 615 1856 παραϐολὴν
644 1787 742 1857 τὴν
768 1790 894 1858 περὶ
924 1788 1016 1841 τὸν
1043 1788 1219 1858 γάμον
1246 1789 1341 1839 καὶ
1372 1788 1498 1849 τοὺς
1522 1783 1748 1837 καλοῦν-

1852 590 1990 645 suis.
2024 590 2118 645 Ille
2148 607 2277 646 vero
2310 594 2538 649 canibus
2585 610 2712 666 erga
2760 597 2980 652 fratrem
3028 614 3187 653 suum
3239 607 3426 655 trucu-

1854 681 2073 747 lentior,
2100 686 2261 738 etiam
2289 700 2385 754 per
2415 685 2565 755 ipsos
2594 702 2758 742 canes
2782 690 3149 757 reprehensus
3173 698 3278 744 est.
3300 690 3426 745 Ideo

1853 773 2005 828 illum
2038 774 2180 845 ignis
2212 775 2331 830 sine
2361 776 2737 833 misericordia
2779 780 2973 833 ambit.
3011 780 3332 835 Parabolam
3360 782 3428 836 de

1854 866 1943 931 iis,
1971 868 2061 936 qui
2098 870 2162 921 ad
2196 869 2414 937 nuptias
2447 879 2667 935 vocant,
2699 880 2752 925 et
2781 873 2957 925 vocati
2984 880 3135 937 sunt,
3167 884 3217 927 et
3242 874 3428 927 venire

1852 958 2165 1021 noluerunt,
2202 959 2417 1030 aliaque
2452 961 2504 1015 id
2536 977 2729 1029 genus,
2775 964 2855 1018 sic
2885 964 3119 1034 explicat
3157 983 3171 1019 :
3209 966 3427 1035 nuptias

1852 1049 2072 1119 quidem
2110 1066 2335 1119 regnum
2373 1050 2487 1117 Dei,
2522 1063 2782 1109 vocantes
2820 1071 2946 1109 vero
2982 1058 3296 1126 prophetas,
3326 1073 3426 1111 vo-

1850 1152 2002 1198 catos
2025 1153 2227 1208 autem,
2248 1145 2483 1213 primum
2509 1144 2751 1211 Judzeos,
2778 1149 2869 1217 qui
2898 1150 3083 1204 venire
3107 1151 3424 1215 noluerunt,

1850 1235 1994 1289 unde
2030 1236 2251 1289 mittens
2285 1252 2376 1291 rex
2405 1238 2704 1292 exercitum
2730 1255 2914 1306 suum,
2949 1241 3199 1297 videlicet
3226 1242 3427 1297 Roma-

1850 1341 2046 1380 norum
2081 1327 2489 1395 imperatorem,
2515 1344 2725 1393 omnes,
2744 1331 2834 1398 qui
2868 1345 2974 1384 non
3005 1332 3329 1385 obedierunt
3356 1333 3423 1385 ad

1850 1414 2183 1467 credendum
2212 1414 2431 1468 Christo
2460 1416 2771 1483 pra‘dieato,
2801 1427 2855 1470 et
2899 1416 3163 1472 Salvatori
3214 1427 3421 1482 nostro,

1851 1504 2073 1567 occidit,
2101 1506 2361 1559 eturbem
2389 1504 2823 1577 Hierosolymam
2850 1508 3107 1563 incendit.
3140 1510 3425 1564 Postremo

1851 1598 2006 1652 misit
2040 1598 2178 1652 alios
2214 1614 2423 1663 servos,
2471 1600 2683 1653 scilicet
2725 1601 3028 1669 apostolos,
3080 1613 3130 1655 et
3161 1610 3424 1656 exeuntes

1850 1691 1905 1744 in
1934 1690 2073 1755 vias,
2106 1700 2160 1744 et
2190 1706 2368 1758 δεινος,
2407 1692 2510 1745 hoc
2538 1702 2640 1758 est,
2674 1693 2809 1746 viles
2834 1702 2889 1745 et
2940 1692 3033 1746 Dei
3068 1696 3290 1746 civitate
3338 1695 3424 1746 in-

1850 1780 2070 1850 dignos,
2093 1780 2343 1835 videlicet
2376 1780 2469 1850 qui
2509 1781 2763 1851 proiecti,
2797 1791 2852 1836 et
2880 1783 3044 1837 variis
3072 1784 3354 1838 erroribus
3393 1800 3425 1838 a

171 1847 265 1936 τας
306 1847 408 1927 καλ
443 1847 583 1939 τοὺς·
611 1847 979 1945 καλουμένους
1009 1847 1101 1929 καὶ
1122 1847 1211 1946 ’μὴ
1237 1847 1611 1935 ὑπακούοντας
1653 1872 1746 1926 καὶ

1850 1871 1961 1926 Deo
1996 1875 2232 1942 separati
2282 1882 2434 1938 sunt,
2464 1875 2600 1929 “illos
2639 1882 2859 1939 vocant,
2905 1884 2959 1929 et
3002 1876 3289 1931 domestici
3330 1885 3425 1930 aut

169 1965 233 2018 τὰ
262 1966 405 2020 ἀλλα
435 1966 506 2019 τὰ
556 1969 685 2038 περὶ
733 1967 901 2038 αὐτὴν
952 1966 1125 2030 οὕτως
1176 1966 1531 2030 ἀναπτύσσει,
1568 1964 1745 2035 γάμον

174 2058 264 2127 μὲν
294 2060 404 2129 τὴν
442 2058 720 2129 βασιλείαν
745 2061 836 2114 τοῦ
868 2060 1026 2126 Θεοῦ,
1058 2060 1356 2122 καλοῦντας
1379 2059 1433 2111 δὲ
1461 2058 1598 2121 τέως
1619 2060 1746 2120 τοὺς

172 2151 477 2220 προφήτας,
512 2153 878 2224 καλουμένους
907 2153 964 2207 δὲ
997 2152 1211 2223 πρῶτον
1248 2153 1372 2214 τοὺς
1406 2151 1465 2216 ἐξ
1506 2151 1745 2221 Ἰσραὴλ,

176 2241 223 2293 οἳ
251 2241 369 2295 οὐδὲ
397 2243 673 2313 ἠθέλησαν
706 2243 992 2299 είσελθεῖν.
1032 2245 1195 2297 Ὅθεν
1223 2245 1551 2307 ἀποστείλας
1580 2248 1608 2296 ὁ
1642 2244 1743 2314 βα·-

180 2335 346 2397 σι).εῦς
388 2334 459 2388 τά
496 2336 883 2406 στρατεύματα
913 2337 1098 2401 αὑτοῦ,
1131 2339 1249 2407 ἦτοι
1291 2338 1389 2407 τὴν
1434 2337 1750 2409 Ῥωμαϊκὴν

172 2427 363 2499 ἀρχὴν,
428 2431 639 2490 πάντας
683 2430 810 2492 τοὺς
846 2429 919 2500 μὴ
961 2428 1381 2492 ὑπακούσαντας
1442 2431 1534 2482 ἐπὶ
1571 2430 1631 2483 τὸ
1660 2448 1751 2483 πι-

173 2520 397 2573 στεῦσαι
432 2520 510 2591 τῷ
546 2522 937 2592 κηρυττομένῳ
964 2521 1188 2593 Χριστῷ
1219 2522 1309 2575 καὶ
1352 2523 1565 2594 Σωτῆρι
1593 2525 1751 2594 ἡμῶν

174 2609 478 2679 ἀπέσφαξε,
507 2611 601 2663 καὶ
622 2611 721 2679 τὴν
754 2611 905 2663 πόλιν
932 2611 1049 2681 ἦτοι
1074 2610 1139 2663 τὰ
1177 2610 1525 2680 Ἱεροσόλυμα
1560 2610 1751 2663 ἐνεπύο

175 2717 283 2771 ρισε
309 2701 474 2771 πυρί.
506 2702 613 2754 Kal.
649 2701 835 2755 λοιπὸν
862 2702 1069 2771 πέμπει
1118 2700 1337 2764 δούλους
1377 2701 1597 2772 ἐτέρους
1628 2702 1745 2772 ἦτοι

170 2790 291 2853 τοὺς
319 2791 681 2857 ἀποστόλους,
719 2793 812 2845 καὶ
860 2791 1169 2857 ἐξελθόντες
1206 2793 1285 2854 εἰς
1320 2792 1419 2855 τάς
1464 2792 1617 2856 ὁδοὺς
1652 2794 1747 2846 καὶ

1850 1964 1943 2035 qui
1981 1966 2236 2021 videntur
2271 1967 2579 2029 domestici,
2619 1968 2961 2022 vocationem
3012 1969 3322 2023 audierunt.
3361 1968 3425 2022 Et

1851 2059 2159 2115 docuerunt
2187 2060 2420 2130 apostoli
2460 2061 2631 2113 malos
2665 2070 2718 2114 et
2753 2062 2947 2113 bonos.
2986 2059 3039 2112 In
3069 2073 3424 2115 consumma-

1854 2152 2001 2206 tione
2044 2162 2250 2216 autem,
2320 2163 2448 2206 tunc
2495 2154 2637 2205 enim
2671 2155 2870 2222 nuptia:
2904 2155 3134 2222 impleta:
3157 2163 3285 2207 sunt
3310 2155 3425 2206 dis-

1851 2243 2256 2307 cumbentibus,
2287 2252 2512 2313 tumque
2540 2254 2761 2299 vocatos
2797 2260 2899 2297 .rex
2954 2245 3125 2297 amice
3173 2243 3424 2311 suscipit,

1848 2342 1904 2389 et
1944 2336 2212 2388 neminem
2256 2333 2424 2403 ejicit,
2457 2336 2558 2388 nisi
2589 2337 2681 2404 qui
2716 2346 2920 2390 vestem
2964 2335 3259 2404 nuptialem
3313 2352 3422 2388 non

1850 2427 2138 2491 haberent,
2167 2427 2377 2481 scilicet
2399 2429 2492 2496 qui
2525 2429 2950 2497 ineorruptionis
2976 2440 3177 2483 vestem
3207 2444 3311 2481 non
3342 2430 3423 2480 in-

1848 2519 2081 2573 duerunt
2113 2535 2208 2589 per
2235 2521 2590 2589 baptismum,
2622 2531 2676 2574 et
2711 2536 2810 2575 nec
2844 2522 3153 2575 habuerunt
3192 2532 3422 2588 vestem,

1845 2613 1930 2666 vel
1954 2628 2146 2681 puram
2181 2614 2327 2667 illam
2349 2614 2665 2681 induerunt,
2697 2614 2781 2669 vel
2806 2615 3073 2683 impuram
3103 2613 3421 2683 ptenitentia

1851 2714 1906 2760 et
1932 2705 2293 2777 eleemosynis
2325 2706 2639 2774 abluerunt,
2670 2716 2723 2761 et
2752 2707 2835 2761 ad~
2859 2707 3075 2776 nuptias
3097 2706 3419 2768 introduxit,

1854 2804 1908 2850 et
1934 2797 2138 2851 amoris
2166 2797 2353 2867 sponsi
2386 2798 2678 2867 participes
2707 2798 2967 2851 ostendit.

180 2884 535 2954 φραγμοὺς...
566 2885 816 2937 τουτέστι
840 2884 967 2946 τοὺς
1001 2882 1239 2946 εὐτελεῖς
1280 2885 1375 2937 καὶ
1416 2884 1517 2953 τῆς
1548 2884 1754 2947 πόλεως
1792 2885 1886 2938 τοῦ
1914 2885 2049 2939 Θεοῦ
2089 2887 2362 2953 ἀναξίους,
2410 2888 2529 2959 ἤτοι
2577 2887 2702 2948 τοὺς
2743 2886 2823 2939 ἔτι
2892 2886 3308 2957 διερριμμένους
3359 2903 3421 2939 τε

179 2978 270 3030 καὶ
297 2976 520 3046 ποικίλῃ
570 2977 748 3049 πλάνῃ
776 2975 931 3045 ιΘεοῦ
981 2975 1514 3046 διαπεφραγμένους,
1565 2976 1786 3042 τούτους
1844 2979 2088 3035 καλοῦσι.
2121 2981 2230 3034 Kal.
2430 2980 2462 3049 ἢ
2497 2981 2544 3033 οἱ
2588 2977 2874 3042 δοκοῦντες
2917 2982 3104 3032 οἰκεῖοι
3132 2982 3197 3048 τῇ
3233 2977 3421 3049 κλήσει

177 3069 530 3124 ὑπακούουσι.
572 3070 682 3123 Kal.
726 3067 1120 3139 μαθητεύουσιν
1151 3067 1436 3121 ἀπόστολοι
1485 3068 1756 3138 πονηρούς
1788 3086 1848 3122 τε
1874 3071 1971 3123 καὶ
1997 3070 2257 3139 ἀγαθούς.
2298 3072 2386 3124 Ἐν
2411 3069 2467 3123 δὲ
2500 3073 2565 3141 τῇ
2600 3068 2881 3142 συντελείᾳ
2901 3087 2913 3101 ·
2942 3070 3062 3122 τότε
3111 3072 3219 3140 γὰρ
3246 3072 3274 3122 ὁ
3318 3070 3420 3138 γά-

173 3179 267 3232 μος
303 3161 617 3233 πληροῦται
650 3160 758 3213 τῶν
786 3159 1183 3231 ἀνακειμένων,
1213 3160 1334 3213 τότε
1397 3161 1492 3213 καὶ
1560 3161 1688 3223 τοὺς
1755 3161 2129 3233 κεκλημένους
2161 3163 2189 3214 ὁ
2241 3162 2494 3233 βασιλεὺς
2539 3163 2786 3231 φιλοινεῖ,
2840 3163 2936 3215 καὶ
2982 3163 3172 3216 οὐδένα
3232 3163 3423 3229 ἐξωθεῖ

168 3257 302 3329 πλὴν
341 3257 480 3318 τοὺς
507 3255 607 3308 οὐκ
641 3254 1019 3324 ἐνδεδυμένους
1044 3252 1246 3323 ἔνδυμα
1270 3253 1469 3321 γάμου,
1494 3254 1612 3323 ῆτοι
1635 3255 1749 3307 ὅσοι
1813 3248 1875 3308 τὸ
1938 3255 2040 3325 τῆς
2088 3255 2400 3326 ἀφθαρσίας
2446 3256 2650 3326 ἔνδυμα
2688 3257 2789 3309 οὐκ
2825 3257 3144 3311 ἐνεδύσαντο
3194 3256 3282 3309 διὰ
3325 3257 3420 3313 τοῦ

170 3350 546 3420 βαπτίσματος
569 3363 583 3377 °
617 3349 712 3400 καὶ
740 3348 861 3400 οῦδὲ
892 3343 1035 3415 εἶχον
1063 3344 1266 3415 ἔνδυμα
1288 3361 1303 3376 ⁸
1328 3346 1475 3417 καὶῆ
1544 3347 1786 3417 καθαρὸν
1839 3348 1971 3400 αὐτὸ
2023 3348 2407 3418 ἀμφιέννυντο,
2440 3348 2473 3418 ἢ
2514 3350 2606 3402 καὶ
2655 3349 3007 3420 ρυπώσαντες
3052 3351 3424 3423 ἐλεημοσύνης

168 3444 254 3495 xui.
286 3445 396 3509 τῆς
474 3442 760 3512 μετανοίας
826 3439 1239 3494 ἀπεπλύναντο·
1281 3441 1376 3493 καὶ
1426 3442 1507 3504 είς
1560 3441 1652 3495 τὸν
1697 3442 1963 3513 νυμφῶνα
2011 3442 2243 3511 εἰσάγει,
2290 3443 2690 3516 φιλοφροσύνης
2720 3444 2827 3498 τοῦ¹
2858 3446 3094 3516 νυμφίου
3155 3449 3416 3518 μετόχους

168 3535 487 3605 ἀποφαίνει.

690 3651 793 3707 Ἐκ
818 3654 992 3709 τοῦ-ε’
1022 3654 1229 3723 λόγου.

230 3746 355 3801 Ὀτι
408 3746 635 3800 ’Δλαλα
666 3745 973 3816 γενηθήτω
1006 3746 1077 3801 τὰ
1123 3746 1297 3815 χείλη
1339 3743 1414 3799 τὰ
1439 3744 1640 3807 δόλια,
1675 3745 1748 3799 τὰ

166 3835 476 3892 λαλοῦντα
491 3834 641 3890 κατά
666 3835 772 3890 τοῦ
803 3835 1058 3901 δικαίου,
1083 3836 1194 3907 ᾄδει
1226 3836 1254 3887 ὁ
1276 3835 1460 3888 Δαυίδ·
1508 3832 1747 3906 [ταύτὸν]

169 3929 433 3999 πράττειν
479 3927 613 3996 φησὶ
644 3928 739 3980 καὶ
774 3927 902 3991 τοὺς
947 3928 1004 3979 ὲν
1038 3929 1104 3998 τῇ
1136 3926 1512 3998 Ἀλεξανδρείᾳ
1557 3927 1747 3980 Ναυα-

166 4021 407 4083 τιανοῦς,
453 4018 598 4071 κατά
643 4018 755 4071 τῶν
792 4019 1087 4089 μαρτύρων
1115 4017 1209 4071 τοῦ
1255 4018 1489 4089 Χριστοῦ
1535 4018 1748 4072 κενολο-

166 4108 399 4176 γοῦντας
453 4107 766 4179 παριστῶν·
814 4109 979 4178 φησὶν
1024 4109 1106 4162 ὅτι
1156 4108 1299 4161 κατά
1343 4108 1442 4179 τὴν
1479 4108 1606 4179 [889
1650 4108 1743 4180 IL]

169 4200 471 4269 μέλλουσαν
500 4201 712 4271 ἡμέραν
761 4201 859 4254 οὐκ
892 4200 958 4253 ἂν
1006 4200 1219 4265 ἕξουσιν
1253 4200 1569 4269 ἀπολογίαν,
1626 4200 1747 4254 οὐδὲ

164 4293 343 4364 διᾶραι
377 4292 556 4364 στόμα
583 4294 679 4347 καὶ
722 4295 943 4365 κινῆσαι
992 4294 1144 4365 χείλη
1183 4293 1521 4365 δυνήσονται,
1575 4294 1657 4348 ὅτι
1689 4297 1749 4349 ἐν

164 4383 240 4456 τῷ
265 4384 499 4457 παρόντι
523 4386 666 4439 κατὰ
692 4385 800 4438 τῶν
831 4386 1066 4456 Χριστοῦ
1113 4386 1403 4457 μαρτύρων
1428 4387 1526 4455 τὴν
1569 4386 1749 4455 γλῶσ-

168 4493 265 4528 σαν
288 4476 593 4547 ἠκόνησαν.
631 4476 756 4529 Ὀτι
809 4475 869 4527 τὸ
913 4477 1041 4546 περὶ
1076 4476 1430 4546 Ἀλεξάνδρου
1481 4476 1574 4530 τοῦ
1614 4477 1749 4548 χαλ-

168 4568 302 4632 κέως
324 4570 619 4641 εἰρημένον
652 4571 804 4640 παρά
834 4569 927 4621 τοῦ
971 4570 1318 4623 Ἀποστόλου·
1362 4571 1747 4637 Ἀλέξανδρος

168 4662 434 4728 χαλκεὺς
463 4661 667 4716 πολλά
703 4679 807 4729 μοι
851 4661 1002 4715 κατὰ
1031 4662 1370 4727 ἐνεδείξατο
1389 4681 1400 4693 ·
1433 4664 1747 4718 ἀπωδώσει

168 4753 322 4818 αὐτῷ
352 4754 572 4821 Κύριος
591 4755 661 4806 ἐν
684 4753 889 4821 ἐκείνῃ
920 4752 994 4822 τῇ
1018 4754 1229 4823 ἡμέρα,
1261 4757 1308 4807 οἱ
1336 4756 1436 4825 μὲν
1461 4756 1610 4809 ἄλλοι
1638 4755 1746 4807 τῶν

170 4844 426 4916 Πατέρων
453 4844 554 4897 οὐκ
586 4844 723 4915 ἀρὰν
758 4840 899 4898 εἷναί
925 4862 1057 4913 φασι
1088 4846 1180 4898 τὸν
1208 4846 1387 4914 λόγον,
1424 4846 1558 4900 ἀλλὰ
1583 4846 1746 4916 μόνον

2486 3648 2534 3703 Ε
2571 3649 2706 3705 libro
2745 3666 2798 3705 v.

1920 3739 2075 3796 Muta
2105 3741 2238 3813 ﬁant
2265 3740 2409 3795 labia
2444 3740 2650 3806 dolosa,
2686 3759 2803 3813 qua:
2844 3740 3131 3812 loquuntur
3169 3744 3420 3795 adversus

1845 3834 2075 3904 justum,
2105 3844 2163 3887 ut
2188 3834 2336 3887 canit
2365 3834 2528 3887 David
2562 3831 2611 3888 ί.
2644 3833 2761 3888 ll‘oc
2783 3832 2960 3888 facere
2992 3835 3067 3888 ait
3093 3833 3423 3888 Novatianos

1847 3928 2210 3993 Alexandrina,
2264 3938 2455 3982 contra
2504 3937 2772 3997 martyres
2818 3927 3019 3981 Christi
3068 3928 3417 3981 blaterantes.

1847 4018 2219 4090 Comparituri
2246 4030 2450 4083 autem,
2491 4020 2690 4089 inquit,
2730 4021 2782 4074 in
2840 4021 3030 4074 ultimo
3070 4020 3258 4089 judicii
3309 4020 3420 4084 die,

1849 4126 1959 4166 non
1989 4111 2267 4167 habebunt
2297 4113 2382 4166 sui
2412 4111 2807 4172 defensionem,
2848 4128 2945 4167 nec
2982 4114 3189 4181 aperire
3213 4128 3295 4175 os,
3322 4128 3423 4167 nec

1849 4218 2069 4257 movere
2114 4202 2265 4256 labra
2318 4210 2590 4271 poterunt,
2642 4202 2738 4271 qui
2783 4202 2884 4256 hoc
2935 4212 3178 4270 tempore
3230 4209 3419 4255 contra

1847 4294 2052 4349 Christi
2084 4303 2353 4365 martyres
2391 4294 2629 4361 linguam
2656 4303 3012 4349 exacuerunt.
3038 4295 3191 4359 Quod
3216 4294 3418 4348 dictum

1848 4395 1930 4440 est
1957 4385 2026 4439 ab
2052 4386 2317 4454 Apostolo
2337 4382 2404 4438 de
2421 4383 2732 4439 Alexandro
2757 4385 2950 4439 aerario
2976 4385 3162 4438 labro:
3190 4384 3425 4438 Αιιιίταηο

1848 4479 1940 4531 der
1968 4478 2193 4531 mrarius
2237 4476 2406 4530 multa
2453 4478 2595 4529 mala
2637 4478 2766 4530 mihi
2814 4479 3088 4531 ostendit:
3124 4478 3297 4531 reddet
3346 4478 3424 4530 illi

1848 4571 2110 4625 Dominus
2138 4572 2190 4624 in
2221 4569 2315 4624 illo
2355 4570 2440 4624 die
2471 4571 2520 4634 ε,
2557 4570 2645 4624 alii
2673 4571 2888 4640 quidem
2917 4569 3109 4624 Patres
3155 4571 3422 4639 impreca-

1848 4663 2049 4718 tionem
2103 4677 2226 4717 esse
2270 4674 2495 4733 negant,
2544 4662 2640 4717 sed
2689 4672 2899 4716 tantmn
2953 4664 3419 4718 denuntiationem

1847 4770 2037 4808 eorum
2069 4769 2191 4824 qua:
2209 4752 2407 4825 5Ma
2434 4768 2703 4824 passurus
2733 4764 2878 4808 esset
2900 4769 2929 4806 a
2955 4753 3063 4807 Deo
3084 4754 3420 4807 Alexander:

1855 4846 1947 4901 hic
1969 4862 2097 4900 vero
2124 4846 2385 4915 Eulogius
2410 4846 2571 4915 plane
2601 4845 3037 4900 maledictionem
3068 4861 3188 4900 esse
3218 4846 3417 4899 illatam

168 4934 441 5004 ἀπόφασιν
474 4928 549 4989 ῶν
581 4935 803 5006 ἔμελλεν
838 4934 1001 5008 [1620
1035 4935 1126 5009 IL]
1173 4936 1521 5007 Ἀλέξανδρος
1554 4938 1741 4990 πείσε-

1849 4936 2075 4991 afﬁrmat
2106 4936 2438 5002 Alexandro,
2467 4936 2558 5007 qui
2586 4938 2961 5006 pmnitentiam
2994 4952 3102 4990 non
3150 4939 3340 5006 egerit,
3369 4945 3424 4990 et

170 5025 285 5079 σθαι
313 5026 423 5081 ὑπὸ
458 5028 685 5097 Κυρίου,
710 5022 863 5091 οὗτος
892 5028 947 5080 δὲ
974 5029 1113 5100 ἀρὰν
1138 5028 1395 5100 ἄντικρυς
1419 5025 1558 5083 εἷναί
1586 5048 1740 5100 φησι,

169 5117 257 5169 καὶ
307 5120 669 5190 ἐπενηνέχθαι
714 5120 1051 5191 Ἀλεξάνδρῳ
1100 5121 1187 5176 διὰ
1224 5123 1284 5175 τὸ
1326 5122 1742 5193 ἀμεταμέλητον

170 5208 259 5261 καὶ
292 5210 695 5281 ἀνεπίστρουον
722 5211 820 5281 τῆς
848 5211 1013 5264 αὐτοῦ
1051 5211 1372 5283 μοχθηρίας.
1413 5213 1534 5265 Ὅτι
1578 5215 1606 5266 ὁ
1639 5215 1743 5267 Δα-

168 5295 269 5363 σὶδ,
299 5301 457 5373 φησὶ,
481 5302 610 5373 περί
638 5300 746 5355 τῶν
765 5303 854 5357 διὰ
873 5300 1105 5372 θλίψεως
1125 5302 1525 5356 δικαιωθέντων
1544 5302 1738 5371 λέγων,

274 5466 295 5507 ί
338 5466 488 5525 Psal.
520 5484 652 5536 xxx,
689 5471 778 5527 l9.

1853 5031 1923 5084 ab
1952 5029 2303 5099 improbitate
2331 5044 2432 5084 sua
2460 5045 2567 5083 non
2602 5044 2907 5084 conversus
2946 5029 3128 5083 fuerit.
3168 5029 3331 5084 David
3356 5033 3423 5085 de

1844 5120 2158 5191 justifieatis
2207 5120 2559 5175 tribulatione
2587 5121 2820 5190 loquens
2862 5120 2980 5174 ait:
3023 5120 3265 5175 Custodit
3310 5121 3422 5174 Da-

1848 5215 2023 5268 minus
2058 5216 2236 5269 omnia
2263 5231 2383 5269 ossa
2407 5230 2609 5279 eorum,
2640 5229 2802 5267 unum
2832 5229 2897 5266 ea:
2928 5213 3008 5265 liis
3044 5230 3145 5266 non
3183 5214 3423 5283 confrin-

1848 5311 2001 5373 gatur
2042 5302 2094 5356 δ.
2134 5299 2383 5358 Ostendit
2421 5316 2546 5357 ossa
2593 5301 2681 5355 illa
2738 5300 2900 5353 vitam
2955 5300 3086 5353 dare
3143 5316 3323 5370 posse,
3371 5311 3420 5355 et

893 5473 919 5513 ⁸
951 5469 992 5526 ll
1022 5469 1165 5527 Tim.
1204 5485 1277 5537 tv,
1320 5478 1406 5526 14.
1483 5469 1511 5510 ιι
1541 5467 1684 5524 Psal.
1719 5485 1916 5535 XXXIII,
1946 5469 2037 5524 20.

1446 5613 1680 5672 VARUE
1721 5616 2015 5673 LECTION
2022 5617 2126 5673 ES.

272 5730 320 5763 “
359 5730 723 5816 ᾦπολεέφθείς]
752 5736 803 5816 in
857 5738 1097 5794 secunda
1146 5737 1311 5809 bnjns
1342 5736 1491 5794 vocis
1534 5737 1736 5809 syllaba
1766 5737 1966 5794 desinit
2005 5736 2046 5792 C
2082 5736 2208 5814 :eni
2252 5736 2453 5808 reliqua
2502 5733 2787 5805 adscripsit
2834 5732 3017 5789 nescio
3053 5730 3177 5804 quis
3219 5728 3415 5786 biblim

174 5798 451 5856 thecarins
504 5798 850 5863 Parisiensis.
