4020 6458
635 436 739 513 351

1812 444 2069 509 PIIOTlI
2104 443 2609 506 PATBIARCH/E
2650 443 2763 505 CP.

3780 436 3871 501 352

633 560 1022 617 accedentibus
1054 560 1378 616 medicinam
1412 560 1673 631 prmbcrc.
1720 558 1845 614 llzec
1891 558 2035 612 enim
2088 559 2203 628 ipsa

2324 557 2621 611 ῡυλὰσσει
2666 557 2881 625 Κύριος
2910 552 3107 607 πάντα
3151 552 3225 606 τὰ
3270 548 3421 606 ὀστᾶ
3461 548 3689 617 αὐτῶν,
3715 548 3779 604 ἓν
3815 552 3871 618 ἐξ

630 664 781 712 ossa,
812 664 935 717 quae
964 663 991 700 a
1022 648 1243 703 Christo
1274 663 1421 703 nunc
1454 656 1869 713 conservantur,
1913 646 2018 700 sibi
2065 646 2210 700 invio

630 756 751 795 cem
782 740 932 794 unita
966 740 1162 793 anima:
1183 738 1608 819 conjungelntur,
1630 746 1683 793 et
1714 737 2017 792 mercedem
2046 737 2209 792 simul

630 834 992 887 certaminum
1029 833 1314 901 accipient.
1357 830 1425 885 Et
1474 830 1644 886 multa
1692 831 1797 884 alia
1827 840 2063 900 iposscm
2115 847 2212 885 su-

631 942 780 981 mere
826 928 893 980 ad
947 924 1431 980 demonstrandum
1482 925 1662 980 inesse
1696 926 1949 978 virtutem
1974 923 2210 993 aliquam

632 1019 851 1073 ossibus
878 1027 1213 1073 sanctorum.
1241 1017 1452 1072 [ndicat
1474 1026 1657 1071 autem
1682 1025 1936 1071 mortuus
1960 1016 2209 1085 quidam,

634 1130 799 1183 quem
832 1113 885 1165 in
912 1111 1151 1165 hostium
1189 1110 1491 1180 irruptione
1519 1110 1774 1177 ferentes,
1802 1128 1925 1167 cum
1959 1111 2213 1167 decenter

636 1221 744 1257 non
785 1210 1008 1273 possent
1066 1209 1289 1269 propter
1319 1202 1426 1254 vim
1482 1213 1762 1271 urgentem
1811 1218 1914 1257 suo
1966 1204 2215 1272 sepulcro

634 1298 892 1361 condere,
926 1296 1000 1349 ibi
1046 1310 1169 1348 eum
1206 1294 1559 1364 sepelierunt,
1595 1294 1684 1348 ubi
1728 1296 1903 1349 sancti
1950 1296 2050 1351 viri
2086 1312 2211 1351 ossa

631 1390 911 1459 jacebant.
965 1386 1098 1441 Nam
1131 1402 1252 1441 cum
1304 1396 1558 1441 mortuus
1608 1388 1781 1442 sancti
1822 1388 1925 1441 viri
1964 1388 2212 1458 reliquiis

636 1482 1043 1543 admoveretur,
1074 1480 1223 1534 dicto
1258 1480 1421 1534 citius
1452 1495 1482 1534 c
1515 1480 1767 1548 sepulcro
1802 1482 2123 1543 assurrexit,
2162 1489 2217 1534 et

638 1592 763 1629 eum
812 1576 1035 1629 domum
1087 1590 1147 1629 se
1192 1574 1533 1639 contulisset,
1588 1573 1987 1643 deprehensum
2026 1582 2213 1643 postea

637 1674 721 1718 est
755 1680 977 1730 eapsam
1008 1663 1154 1716 illam
1186 1663 1361 1717 sancti
1395 1663 1497 1716 viri
1540 1677 1740 1732 corpus
1788 1664 2087 1718 continere.
2123 1663 2215 1718 Di-

639 1755 781 1808 mitti
812 1756 887 1808 ait
930 1764 1146 1822 peccata
1194 1754 1316 1807 aliis
1350 1767 1447 1823 per
1492 1754 1842 1823 baptismum,
1880 1769 1975 1808 eos
2010 1754 2062 1807 in
2111 1769 2217 1807 ειε-

637 1847 771 1901 teris
807 1848 993 1900 beatos
1018 1846 1322 1915 praedicans
1356 1866 1369 1899 :
1402 1845 1730 1915 quibusdam
1760 1861 1892 1901 vero
1925 1860 2216 1915 superesse

639 1945 701 1992 ut
743 1953 840 2008 per
873 1937 1280 1993 confessionem
1320 1946 1373 1992 et
1422 1938 1802 2007 pmnitentiam
1843 1938 2210 1993 dimittantur.
2248 1920 2288 1975 Β

638 2029 783 2084 Sunt
816 2045 942 2084 vero
978 2029 1069 2083 alii
1099 2029 1309 2094 Patres,
1350 2030 1440 2099 qui
1477 2029 1634 2083 aliter
1675 2029 1778 2084 hoc
1809 2029 2011 2084 dictum
2049 2031 2222 2099 expli-

637 2131 787 2177 cant.
817 2121 937 2176 Non
968 2121 1184 2175 videtur
1232 2120 1365 2174 mihi
1421 2128 1565 2176 recte
1630 2121 1831 2187 dicere,
1876 2120 2021 2191 quod
2070 2120 2221 2190 Apo-

650 2213 829 2269 stolus
859 2225 1029 2284 p0nat
1049 2222 1157 2268 tres
1197 2211 1417 2266 ordines
1442 2212 1751 2266 hominum.
1792 2210 1969 2266 Unum
1998 2212 2220 2282 quidem

645 2315 971 2374 martyrum,
1014 2314 1069 2359 et
1095 2305 1391 2374 justorum,
1427 2319 1566 2373 quos
1610 2304 1686 2357 ait
1728 2320 1835 2357 non
1869 2304 2218 2373 judicandos,

641 2398 737 2451 sed
763 2398 978 2467 judices
1007 2397 1144 2463 fore,
1170 2396 1255 2452 his
1292 2396 1502 2451 verbis:
1540 2398 1620 2451 An
1645 2398 1858 2451 nescitis
1889 2397 2026 2464 quod
2049 2398 2221 2451 sancti

638 2490 706 2543 de
766 2489 961 2542 mundo
1007 2488 1327 2556 judicabant
1380 2489 1450 2542 i?
1500 2488 1789 2544 Secundus
1840 2499 2022 2544 autem
2088 2478 2239 2544 ordo.

640 2595 829 2634 eorum
859 2580 950 2649 qui
980 2597 1085 2635 non
1116 2580 1534 2649 iudicabuntur,
1574 2590 1636 2634 ut
1668 2580 1985 2649 impiorum,
2029 2590 2083 2636 et
2128 2582 2221 2651 qui

641 2689 751 2728 non
782 2672 1085 2727 servierunt
1115 2672 1245 2728 Deo.
1277 2674 1585 2745 Resurgent
1614 2674 1759 2727 enim
1786 2674 1885 2739 illi,
1912 2690 2011 2728 nec
2044 2675 2111 2729 ad
2135 2674 2226 2744 ju-

644 2765 846 2819 dicium
875 2765 1236 2819 deducentur.
1265 2766 1358 2818 Ait
1382 2765 1530 2819 enim
1564 2763 1735 2818 David
1763 2763 1944 2835 :11ch
1989 2782 2093 2819 non
2142 2783 2226 2821 re-

646 2867 863 2927 surgent
892 2858 1041 2926 impii
1083 2859 1139 2910 in
1169 2856 1379 2926 judicio
1412 2856 1426 2907 i
1472 2871 1596 2911 cum
1631 2856 1966 2927 judicandis.
2003 2857 2225 2917 Tertius

642 2947 783 3001 ordo
815 2956 899 3002 est
927 2962 1142 3011 eorum,
1175 2946 1269 3017 qui
1302 2945 1472 3002 Deum
1501 2946 1723 3017 quidem
1753 2948 2064 3012 coluerunt,
2093 2964 2225 3019 pee-

648 3037 784 3092 catis
812 3047 994 3091 autem
1026 3038 1211 3093 multis
1244 3038 1470 3093 obnoxii
1502 3037 1743 3107 fuerunt,
1793 3054 1893 3109 pro
1940 3041 2139 3110 quibus
2166 3053 2228 3099 ut

646 3129 1012 3196 reSpondeant
1061 3127 1272 3198 judicio
1333 3128 1636 3195 sistentur,
1695 3148 1926 3202 quorum
1991 3133 2224 3189 invicem

647 3220 938 3289 participes
967 3219 1191 3275 fuimus.
1218 3218 1309 3277 Sic
1332 3222 1551 3291 quidem
1587 3222 1847 3295 Eulogius
1866 3266 1880 3279 .
1916 3224 2022 3281 Sed
2045 3243 2223 3297 neque
2253 3262 2296 3324 α

647 3321 836 3366 exacte
888 3313 1065 3367 oratio
1114 3313 1408 3379 convincit,
1461 3314 1674 3385 judices
1718 3318 2044 3374 constitutos
2098 3336 2221 3376 cum

646 3404 867 3459 Christo
896 3420 1055 3473 esse;
1090 3421 1285 3482 neque,
1320 3423 1430 3463 non
1450 3424 1642 3464 omnes
1662 3423 1788 3465 ante
1816 3411 2053 3467 tribunal
2079 3429 2228 3469 com-

649 3495 948 3564 parituros.
976 3493 1203 3565 Semper
1229 3496 1373 3550 enim
1408 3498 1561 3567 impii
1596 3498 1807 3568 seipsos
1836 3502 2224 3571 condemnant,

649 3596 1029 3643 verumtamen
1059 3589 1330 3659 judicium
1366 3592 1739 3657 sustinebunt,
1789 3595 1856 3649 ad
1895 3595 2227 3653 reddendam

650 3676 939 3731 rationem.
998 3676 1295 3747 Apostolus
1363 3679 1509 3735 enim
1569 3678 1762 3752 5441)
1824 3697 1933 3737 non
1996 3685 2230 3742 collocat

649 3781 871 3827 sanctos
911 3788 1036 3827 cum
1074 3773 1296 3828 Christo
1341 3772 1576 3843 judices,
1633 3776 1729 3831 sed
1779 3778 2226 3847 rcdargutionem

652 3866 865 3931 mundi,
898 3874 953 3919 et
982 3865 1497 3921 condemnationem
1538 3882 1751 3935 eorum,
1782 3869 1877 3938 qui
1911 3881 2228 3926 sanctorum

653 3971 806 4010 more
864 3971 974 4009 non
1023 3956 1296 4023 vixerunt,
1347 3958 1587 4012 ostendit
1632 3958 1916 4027 futuram,
1968 3964 2232 4032 quemad-

654 4042 879 4097 modum
913 4042 1115 4096 dicitur
1142 4044 1195 4097 in
1227 4042 1560 4113 Evangeliis,
1593 4046 1862 4104 Ninivitas
1903 4059 1957 4103 et
1986 4052 2231 4121 reginam

651 4135 862 4197 Austri,
898 4150 1018 4204 qua:
1059 4145 1188 4191 tunc
1234 4134 1356 4200 luit,
1414 4138 1756 4206 judicaturos
1801 4143 2232 4211 generationem,

653 4241 775 4295 quae
805 4227 1023 4282 Christo
1062 4244 1169 4283 non
1207 4227 1458 4284 credidit.

2314 647 2515 703 αὐτῶν
2538 650 2610 703 οὺ
2637 645 3131 716 συντριϐήσεται,
3165 642 3432 696 δείκνυσιν
3462 641 3548 695 ὅτι
3579 639 3779 712 ζωτικὴ

2314 743 2521 814 ἔχουσι,
2562 740 2659 795 καὶ
2701 740 2962 811 παρέχειν
3016 736 3166 791 ἐστὶν
3224 735 3387 790 ἱκανά
3427 737 3544 798 τοῖς
3580 734 3874 805 προσιοῦσιν

2318 834 2545 904 ἰάματα.
2578 833 2676 886 Διά
2730 832 2837 902 γὰρ
2869 830 2936 883 τά
2973 829 3112 883 αὐτὰ
3162 827 3230 881 τά
3262 827 3357 880 νῦν
3406 826 3513 879 ὑπὸ
3558 824 3654 878 τοῦ
3691 826 3873 896 Κυρίου

2316 925 2703 996 φυλασσόμενα
2742 924 2895 987 ὀστᾶ,
2944 921 3215 975 ὲνωΟέντα
3263 921 3539 992 ἀλλήλοις,
3580 919 3874 991 ἀπολαμϐά-

2314 1032 2513 1068 νει.....
2531 1012 2629 1084 τὴν
2649 1013 2856 1066 οἰκείαν
2878 1010 3077 1081 ψυχὴν,
3103 1011 3195 1064 καὶ
3223 1012 3470 1063 κοινωνεῖ
3496 1008 3607 1062 τῶν
3628 1008 3874 1073 ἐπάθλων,

2314 1108 2350 1162 ἂ
2378 1109 2436 1162 ἐν
2466 1111 2576 1172 τοῖς
2624 1107 2947 1170 άθλοις......
2983 1114 3079 1160 καὶ
3109 1106 3279 1159 πολλὰ
3314 1106 3410 1176 μὲν
3460 1105 3583 1158 ἔστι
3628 1107 3720 1158 καὶ
3763 1106 3875 1161 ἄλλα

2315 1202 2499 1255 λαϐεῖν
2532 1203 2612 1266 είς
2645 1202 2938 1266 ἀπόδειξιν,
2994 1201 3192 1254 ἐνεῖναι
3235 1200 3460 1270 δύναμίν
3506 1216 3632 1252 τινα
3663 1201 3766 1262 τοῖς
3787 1200 3877 1253 τῶν

2315 1295 2486 1363 ἁγίων
2515 1294 2743 1359 ὀστέοις,
2771 1292 2921 1364 δηλοῖ
2943 1292 3000 1345 δὲ
3025 1291 3116 1345 καὶ
3136 1293 3164 1345 ὁ
3186 1291 3378 1362 νεκρὸς
3404 1290 3466 1343 ὃν
3497 1290 3549 1342 οἱ
3586 1288 3877 1358 κομίζοντες

2318 1388 2462 1442 κατά
2487 1404 2609 1439 τινα
2638 1386 2849 1458 ἐχθρῶν
2877 1383 3198 1456 ἐπιδρομὴν,
3236 1382 3312 1455 μὴ
3360 1382 3687 1455 δυνηθέντες
3714 1380 3786 1452 τῷ
3808 1382 3879 1433 eti-

2315 1478 2661 1551 τρεπισθέντι
2682 1476 2840 1548 τάφῳ
2870 1474 3234 1547 παραδοῦναι,
3266 1472 3767 1544 τῆςζπεριστάσεως
3793 1470 3875 1523 αύ-

2315 1573 2442 1634 τούς
2471 1568 2898 1641 ἐμϐιαζομένης,
2934 1566 3014 1639 τῷ
3053 1567 3211 1638 τάφῳ
3255 1564 3383 1620 ἔνθα
3408 1565 3478 1618 τά
3515 1565 3654 1617 ὀστᾶ
3682 1564 3770 1616 τοῦ
3798 1562 3876 1615 ἀνα

2317 1660 2538 1733 θρώπου
2574 1660 2835 1713 ἐτέθαπτο
2955 1658 3089 1711 Θεοῦ
3126 1656 3573 1726 συγκατέθαψαν.
3604 1656 3715 1709 Καὶ
3745 1655 3877 1728 γὰρό

2317 1754 2508 1824 νεκρὸς
2537 1753 2777 1816 πελάσας
2808 1755 2919 1814 τοῖς
2951 1748 3046 1804 τοῦ
3079 1750 3363 1822 προφήτου
3403 1748 3687 1818 λειψάνοις
3715 1748 3876 1802 ϐάττον

2316 1848 2477 1915 λόγου
2524 1846 2617 1899 τοῦ
2647 1845 2818 1914 τάφου
2870 1843 3178 1907 ἀνίσταται,
3235 1842 3331 1896 καὶ
3373 1841 3563 1913 δρόμῳ
3616 1840 3708 1895 τὸν
3756 1836 3876 1896 οἷκον

2318 1938 2644 1994 καταλαϐὼν
2672 1935 2985 2002 ἐξετάζεται
3020 1934 3261 2006 ἔμψυχος
3297 1933 3469 2005 στήλη
3495 1935 3595 1988 καὶ
3616 1934 3875 1999 ’ἀπόδειξις

2317 2036 2429 2097 τοῖς
2458 2034 2567 2087 τῶν
2593 2032 2763 2101 ἁγίων
2791 2029 3231 2102 προτεθειμένος.
3259 2029 3369 2082 Καὶ
3392 2028 3571 2081 πολλὰ
3591 2028 3741 2081 ἄλλα.
3773 2028 3872 2081 Ὅτι

2318 2127 2380 2179 τὸ
2412 2126 2510 2195 μὲν
2550 2123 2820 2194 ἀφεθῆναί
2856 2140 2989 2193 φασι
3017 2122 3121 2186 τὰς
3156 2119 3431 2192 ἁμαρτίας
3464 2119 3558 2173 διά
3584 2119 3678 2173 τοῦ
3710 2117 3876 2189 βαπτί-

2322 2235 2526 2289 σματος
2569 2216 2698 2289 [τῶν
2732 2215 2830 2285 μὲν
2861 2214 3037 2269 ἄλλων
3083 2213 3402 2285 μακαρίζων
3430 2213 3562 2276 τοὺς
3611 2210 3875 2274 τοιούτους,

2318 2312 2432 2373 τοῖς
2457 2310 2513 2363 δὲ
2542 2307 2609 2380 ⁸⁷]
2645 2307 2984 2378 περιγίνεται
3019 2306 3114 2359 καὶ
3157 2306 3428 2376 ἀφεθῆναι
3466 2306 3513 2336 ⁸⁸
3536 2305 3605 2358 δι’
3651 2303 3876 2375 ἐξομολο-

2319 2406 2534 2472 γήσεως
2562 2400 2658 2455 καὶ
2704 2399 3013 2471 μετανοίας.
3046 2398 3166 2451 Εἰσὶ
3192 2398 3237 2451 δ’
3288 2397 3439 2452 ἄλλοι
3476 2395 3590 2451 τῶν
3626 2396 3875 2465 Πατέριιιν,

2320 2495 2370 2548 οἳ
2405 2494 2582 2556 ἄλλως
2609 2493 2709 2563 τὴν
2757 2491 2851 2544 τοῦ
2907 2491 3074 2562 ῥητοῦ
3112 2490 3391 2544 ποιοῦνται
3430 2489 3746 2554 ἀνάπτυξιν.
3774 2487 3873 2540 Ὀτι

2323 2585 2512 2656 φησὶν,
2532 2581 2605 2637 Οὔ
2636 2600 2725 2652 μοι
2742 2582 2883 2635 δοκῶ
2906 2580 3151 2653 άκριῦὦς
3168 2580 3373 2649 λέγειν,
3397 2581 3483 2634 ὃτι
3511 2579 3643 2652 τρία
3658 2579 3874 2649 τάγματα

2324 2677 2434 2732 τῶν
2483 2673 2787 2745 ἀνθρώπων
2832 2676 2860 2726 ὁ
2903 2673 3224 2737 Ἀπὸστολος
3272 2671 3495 2744 μηνύει,
3555 2670 3615 2725 ἓν
3670 2670 3761 2742 μὲν
3790 2668 3871 2721 τῶν

2327 2771 2623 2844 μαρτύρων
2656 2769 2750 2823 καὶ
2774 2767 3019 2835 δικαίων,
3047 2765 3139 2830 οὓς
3168 2766 3227 2819 ού
3247 2763 3581 2838 [κρίνεσθαι]
3601 2761 3872 2833 δεομένους,

2323 2863 2461 2920 ἀλλὰ
2488 2862 2682 2934 κριτὰς
2705 2861 2902 2923 αὐτοὺς
2933 2858 3228 2929 ἀποφαίνει
3262 2858 3306 2890 ⁶⁹
3338 2856 3487 2911 κατὰ
3521 2854 3584 2910 τὸ
3624 2852 3871 2927 εἰρημένον

2326 2957 2493 3028 φησίν
2513 2971 2527 2984 ·
2562 2957 2684 3009 Οὐκ
2708 2953 2908 3008 οἴδατε
2940 2953 3031 3007 ὅτι
3058 2953 3113 3006 οἱ
3158 2950 3313 3021 ἅγιοι
3362 2948 3477 3002 τὸν
3523 2949 3750 3017 κόσμον
3774 2941 3872 3011 κρι-

2324 3064 2542 3114 νουσι;
2594 3047 2843 3117 δεύτερον
2881 3045 2939 3099 δὲ
2994 3045 3069 3117 μὴ
3116 3040 3511 3115 κρι[νομένων]
3554 3041 3658 3093 τῶν
3698 3034 3871 3091 ἀσεϐῶν

2324 3140 2607 3209 τυγχάνει,
2634 3136 2743 3191 τῶν
2787 3134 2862 3207 μὴ
2896 3133 3334 3205 λελατρευκότων
3382 3130 3503 3202 Θεῷ
3532 3144 3543 3156 ·
3583 3127 3873 3195 ἀναστῆσον·

2326 3252 2418 3288 ται
2451 3232 2551 3304 μὲν
2576 3231 2685 3302 γὰρ
2713 3230 2807 3284 καὶ
2828 3222 2994 3292 οὗτοι,
3027 3227 3106 3290 είς
3136 3226 3319 3296 κρίσιν
3346 3223 3404 3277 δὲ
3431 3223 3537 3277 οὐκ
3562 3222 3869 3293 άχθήσονται,

2328 3327 2442 3379 ἀλλ’
2474 3326 2553 3388 είς
2598 3318 2973 3396 [κατάκρισιν]
3002 3335 3017 3350 ·
3050 3318 3146 3371 καὶ
3199 3318 3307 3389 γάρ
3360 3333 3529 3387 φησιν
3577 3316 3605 3369 ὁ
3648 3307 3868 3365 Aucta?"

2328 3417 2432 3473 Διά
2477 3416 2655 3471 τοῦτο
2684 3416 2799 3470 οὐκ
2841 3410 3295 3479 ἀναστήσονται
3324 3406 3566 3473 ἀσεϐεῖς
3609 3405 3676 3459 ἐν
3716 3400 3872 3469 κρίσει

2324 3509 2477 3582 μετὰ
2502 3509 2886 3579 κρινομένων.
2911 3505 3109 3576 Τρίτον
3133 3504 3178 3558 δ’
3208 3505 3249 3535 ⁷¹
3277 3498 3414 3555 ε’ναι
3447 3502 3656 3570 τάγμα,
3677 3495 3703 3549 ὅ
3729 3492 3872 3582 θεοπ-

2331 3576 2445 3660 οεῖν
2480 3576 2791 3677 ᾑρετίσατο,
2826 3601 3143 3676 πταίσμασι.
3176 3597 3234 3650 δὲ
3284 3595 3504 3659 πολλοῖς
3542 3593 3786 3689 ἐνέχεται,
3814 3576 3870 3689 Et"

2331 3697 2428 3750 καὶ
2460 3698 2493 3765 ἡ
2520 3693 2703 3766 κρίσις
2725 3692 2877 3745 ἔσται
2913 3690 3053 3761 πρὸς
3087 3687 3378 3754 ἀπολογίαν
3420 3678 3870 3752 ὲκκαλουμένη,ών

2334 3787 2535 3861 [ἕτεροι
2569 3785 2777 3857 ἑτέροις
2805 3781 3228 3854 ὲκοιν]ὡσαμεν.
3261 3778 3418 3834 Οὕτω
3449 3780 3550 3833 ιιὲν
3582 3777 3609 3829 ὁ
3637 3770 3867 3861 Εὐλόγιοςν

2333 3860 2447 3935 ἀλλ’
2477 3878 2600 3934 οὕτε
2625 3878 2685 3931 τὸ
2715 3879 2907 3947 κριτὰς
2933 3872 3376 3944 συγκαθεσθῆναι
3402 3870 3478 3942 τᾷ.
3517 3862 3727 3941 Χριστῷ
3751 3860 3871 3928 ἀκρι-

2335 3974 2446 4037 ϐῶς
2478 3972 2634 4041 λόγος
2667 3970 2919 4039 βίδωσιν,
2964 3966 3090 4021 οὔτε
3118 3967 3179 4019 τὸ
3222 3967 3296 4036 μὴ
3340 3965 3550 4025 πάντας
3576 3952 3869 4030 παραστῆναι

2334 4060 2412 4131 τῷ
2449 4059 2654 4131 βήματι
2677 4073 2692 4088 ο
2725 4057 2813 4110 ἀεὶ
2846 4056 2953 4127 γὰρ
2998 4055 3094 4108 καὶ
3120 4055 3168 4104 οἱ
3195 4054 3410 4117 ἀσεϐεῖς
3443 4071 3478 4107 α
3502 4047 3868 4141 τοκατάκριξοιο

2349 4150 2488 4204 Ἀλλ’
2526 4149 2619 4203 οὖν
2666 4147 2824 4217 λόγον
2867 4144 3259 4216 ἀπαιτούμενοι
3307 4145 3408 4214 τὴν
3456 4157 3635 4214 κρισιν
3666 4146 3867 4224 ουσία

2340 4240 2453 4296 Καὶ
2480 4239 2540 4293 τὸ
2567 4236 2922 4293 άποστολικὸν
2955 4235 3013 4289 δὲ
3052 4235 3211 4306 ῥητὸν
3250 4234 3311 4287 ού
3358 4228 3672 4301 συγκαθίξει
3695 4225 3869 4293 Χριστῳ

652 4322 847 4393 κριτὰς
891 4322 1015 4385 τοὺς
1074 4321 1281 4392 ἁγίους,
1312 4322 1449 4376 ἀλλὰ
1499 4322 1721 4394 ἔλεγχον
1761 4324 1855 4378 τοῦ
1897 4327 2103 4399 κόσμου
2152 4333 2247 4387 καὶ
2275 4335 2599 4404 κατάκρισιν
2624 4331 2734 4384 τῶν
2771 4331 2887 4383 ὅσοι
2944 4328 3020 4398 μὴ
3057 4328 3198 4395 κατ’,
3215 4325 3455 4388 ἐκείνους
3491 4320 3614 4396 [890
3638 4314 3726 4386 Ηυῖ
3773 4312 3869 4361 ἐπ’

654 4418 971 4473 λιτεύσαντο
1014 4419 1344 4488 παρίστησιν
1389 4419 1649 4484 ἔσεσθαι,
1701 4418 1888 4490 ὥσπερ
1930 4422 2077 4493 λέγει
2134 4427 2227 4481 καὶ

2284 4429 2343 4481 ὲν
2396 4430 2510 4490 τοῖς
2547 4423 2888 4495 εὐαγγελίοις
2932 4420 3220 4481 Νινευίτας
3269 4417 3364 4471 καὶ
3407 4416 3715 4488 βασίλισσαν
3752 4404 3867 4458 νότου

654 4514 754 4585 τὴν
785 4512 909 4564 τότε
962 4513 1311 4583 κατακρίνειν
1351 4514 1594 4578 ἀπίστως
1641 4513 1870 4586 ἔχουσαν
1894 4517 1973 4588 τῷ
2011 4520 2232 4593 Χριστῷ
2258 4523 2470 4592 γενεάν.

726 4606 897 4661 David
937 4615 1044 4660 tres
1106 4607 1353 4661 nominat
1394 4604 1618 4661 ordines
1665 4608 1752 4662 his
1812 4609 1991 4664 verbis

656 4715 762 4753 non
802 4706 1071 4766 resurgant
1096 4698 1248 4767 impii
1282 4699 1339 4751 in
1364 4697 1590 4768 judicio.
1626 4700 1759 4755 Vide
1805 4701 2056 4757 ultimum
2092 4705 2237 4759 ordi-

657 4808 804 4846 nem.
856 4789 1038 4859 Neque
1068 4800 1365 4859 peccatores
1394 4793 1451 4845 in
1484 4794 1708 4849 concilio
1723 4794 1994 4863 justorum
2018 4796 2065 4852 Ιι.
2101 4797 2237 4855 Vide

656 4902 782 4941 eum
826 4886 919 4956 qui
953 4888 1216 4955 sequitur.
1247 4887 1386 4954 Quia
1417 4888 1552 4943 novit
1604 4888 1859 4943 Dominus
1887 4890 2022 4944 viam
2071 4891 2237 4955 iusto-

659 4993 778 5031 rum
806 4975 850 5029 ι.
890 4975 1043 5043 Vide,
1081 4977 1278 5048 inquit,
1323 4979 1586 5049 optimum
1622 4978 1892 5045 ordinem,
1930 4989 1984 5035 et
2043 4982 2235 5036 horum

659 5068 907 5139 singulos
948 5070 1150 5126 habere
1180 5072 1483 5143 proprium,
1529 5079 1582 5128 et
1635 5073 1957 5129 attributum
1996 5073 2100 5129 sibi
2138 5089 2237 5143 pro

666 5162 877 5217 meritis
907 5161 1110 5219 locum.

746 5350 765 5382 ι
805 5340 824 5395 l
853 5341 980 5397 Cor.
1014 5356 1091 5407 vt,
1129 5340 1185 5395 2.

1299 5370 1313 5391 ο
1355 5342 1501 5403 Psal.
1537 5359 1600 5412 tl,
1635 5342 1689 5400 5.
1802 5345 1831 5386 ιι
1857 5342 2005 5399 Psal.
2036 5358 2079 5409 1,
2112 5342 2166 5398 5.

2035 4629 2049 4665 :
2101 4610 2229 4666 Ideo
2263 4624 2306 4679 [)

2406 4611 2529 4664 Ὅτι
2559 4610 2589 4664 ὁ
2618 4607 2780 4663 Δαυὶδ
2815 4606 2884 4660 τά
2929 4604 3058 4676 τρία
3102 4600 3502 4672 προσαγορεύει
3538 4598 3771 4664 τάγματα
3804 4579 3868 4634 διὰ

2339 4701 2546 4756 τούτων
2570 4700 2679 4754 τῶν
2716 4698 2975 4769 ῥημάτων
2998 4713 3013 4728 ο
3046 4696 3148 4749 Διὰ
3175 4695 3350 4749 τοῦτο
3384 4694 3497 4749 οὐκ
3539 4678 3869 4769 ἀναστῆσφῖῖ

2341 4813 2437 4851 ται
2468 4760 2805 4860 ἀσεϐεῖς
2826 4792 3039 4860 κρίσειο
3067 4789 3175 4842 ἰδοὺ
3206 4788 3266 4841 τὸ
3294 4787 3519 4858 ἔσχατον
3537 4784 3728 4850 τάγμα.
3752 4760 3868 4822 Οὐδὲ

2341 4886 2771 4959 ἀμαρτωλοὶὲν
2808 4882 3013 4953 βουλῇ
3059 4883 3333 4936 δικαίων·
3382 4880 3487 4934 ἰδοὺ
3532 4877 3593 4929 τὸ
3641 4868 3867 4959 ἐχόμενθγο

2345 4946 2476 5035 νοτξ
2510 4946 3050 5051 γινώσκει-Κύριος
3098 4974 3243 5029 ὁδὸν
3274 4971 3537 5027 δικαίων.
3578 4963 3716 5025 Ἰδοὺ,
3745 4946 3867 5051 qui.

2343 5075 2439 5127 καὶ
2491 5074 2554 5127 τὸ
2597 5073 2842 5143 άριστονξ
2862 5070 3070 5139 τάγμα.
3102 5067 3212 5120 Καὶ
3264 5064 3468 5120 τούτων
3515 5062 3726 5115 ἕκαστον
3766 5041 3867 5098 ἰδίαν

2347 5166 2490 5236 ἔχειν
2514 5164 2956 5236 ὲκνενεμημένην
2988 5161 3136 5234 αύτῷ
3167 5160 3234 5213 δι’
3260 5154 3334 5214 ὧν
3364 5155 3564 5229 ἔπραξε
3593 5147 3771 5223 χώρανσ

2282 5340 2302 5382 ι
2338 5340 2471 5398 ibid.
2505 5342 2559 5398 6.

1969 5542 2206 5602 VARUE
2246 5540 2636 5611 LECTIONES

777 5725 821 5756 ⁸⁷
849 5739 969 5794 quae
997 5726 1085 5783 hic
1102 5736 1158 5784 et
1182 5726 1322 5784 infra
1354 5725 1565 5783 inclusa
1586 5734 1736 5794 sunt,
1766 5740 1831 5783 ea
1851 5724 1966 5780 sola
1998 5723 2164 5777 habet
2200 5718 2675 5789 llothomagensis.
2751 5717 2796 5749 ⁸⁸
2861 5718 2953 5802 καὶ
2984 5714 3250 5787 ἀφεθῆναι
3277 5711 3347 5765 δι’
3375 5710 3558 5771 ιίοιιιη
3594 5720 3617 5756 κ

777 5794 906 5850 Gen.
941 5805 994 5850 et
1024 5797 1242 5855 Huésch.
1390 5796 1436 5830 ⁶⁹
1474 5797 1638 5852 αὐτὸν
1664 5795 1986 5864 ἀποφαίνειν
2017 5792 2135 5850 Gil.
2243 5792 2291 5825 "
2322 5789 2655 5864 κρινομένων
2674 5786 2854 5859 τρίτον
2909 5790 2953 5841 0'
3002 5787 3186 5856 R,.....
3245 5784 3481 5856 ριμένων
3530 5772 3617 5837 Cu

2523 5824 2655 5844 ῡνυυγ
2685 5824 2853 5856 υγιυνν
2909 5824 2937 5841 ν
3002 5824 3186 5856 Ιιίοοι.

674 5793 732 5849 δέ
769 5792 906 5850 Gen.
941 5805 994 5850 et
1024 5797 1242 5855 Huésch.
1390 5796 1436 5830 ⁶⁹
1474 5797 1638 5852 αὐτὸν
1664 5792 1986 5867 ἀποφαίνειν
2017 5792 2135 5850 Cll.

678 5866 961 5935 πολλοῖς...
1000 5871 1205 5944 ἑτέροις
1226 5870 1468 5944 ἐνέχεται
1492 5868 1606 5925 Cll.

3594 5685 3858 5811 ιαμιιθίὲξίθῑ
