4020 6416
470 506 629 581 [1621
665 507 761 581 3.]
813 509 915 564 Ἐκ
946 506 1053 562 τοῦ
1083 504 1138 571 ς’
1165 506 1374 575 λόγου.

198 601 332 652 Ὅτι
350 599 407 651 ἑν
434 599 511 670 τῷ
534 599 678 671 ἕκτῳ
705 599 850 671 λόγῳ
866 599 1077 669 ἐλέγχει
1105 596 1166 651 τὸ
1196 596 1498 667 φερόμενον
1525 591 1712 647 Ναυά-

136 710 220 748 του
252 693 749 764 ψευδομαρτύρων,
784 693 812 747 ὃ
857 694 964 747 καὶ·
998 692 1079 756 εἰς
1107 690 1356 744 Ναυάτον
1389 688 1489 758 μὲν
1515 683 1711 759 [λέγει]

136 783 223 835 ἕνα
261 782 397 836 ὄντα
447 783 558 837 τῶν
609 784 715 837 ὑπὸ
766 783 1100 838 Μακεδόνων
1152 783 1452 836 ἐπίσκοπον
1495 779 1713 850 Ῥώμης

134 874 484 944 τεταγμένων
515 875 662 927 ὀκτὼ
695 874 1079 946 πρεσϐυτέρων
1130 875 1294 945 μόνον
1321 875 1382 928 τὺ
1413 872 1714 946 μαρτύριον

132 967 230 1036 τῆς
261 968 348 1028 εἰς
371 966 608 1038 Χριστὸν
648 967 937 1038 ὁμολογίας
980 968 1299 1036 διενεγκεῖν,
1327 969 1453 1031 τοὺς
1486 966 1542 1020 δὲ
1574 964 1716 1020 ἑπτὰ

135 1056 249 1126 ἅμα
277 1055 605 1126 Μακεδονίῳ
629 1055 881 1110 ὲπιθῦσαι
909 1059 1022 1121 τοῖς
1050 1057 1292 1121 εἰδώλοις
1314 1074 1328 1088 ’
1360 1074 1718 1128 μεμαρτυρη-

136 1146 283 1199 κέναι
311 1146 374 1200 es
413 1145 511 1201 σὺν
535 1146 684 1216 αύτῷ
718 1147 909 1218 μόνους
941 1151 1007 1202 ὲκ
1029 1151 1249 1204 πάντων
1273 1148 1457 1220 σχεδὸν
1481 1149 1590 1202 τῶν
1617 1150 1716 1220 τῆς

135 1237 339 1302 δύσεως
367 1240 714 1311 Χριστιανῶν
744 1242 1064 1314 Μάρκελλον
1096 1245 1193 1296 καὶ
1226 1242 1572 1313 Ἀλέξανδρον
1595 1245 1719 1295 ὲπι-

139 1330 373 1394 σκόπους
404 1331 700 1404 Ἀκυληῒας
732 1333 827 1386 καὶ
864 1334 1246 1404 Ἀγαμέμνονα
1283 1333 1585 1388 ἐπίσκοπον
1620 1333 1718 1384 Τι-

139 1423 362 1494 ϐέρεως,
409 1423 504 1488 οὓς
553 1425 670 1496 ἅμα
703 1425 938 1496 Ναυάτῳ
990 1427 1130 1498 μετὰ
1171 1427 1232 1480 τὸ
1261 1426 1563 1497 μαρτύριον
1612 1425 1720 1496 ἰδίᾳ

142 1518 525 1583 συνοικοῦντας
554 1521 650 1573 καὶ
680 1520 1010 1588 συνάγοντας
1038 1519 1113 1591 μὴ
1139 1519 1430 1590 ἀνέχεσθαι
1458 1521 1570 1582 τοῖς
1595 1519 1718 1571 ὲπι-

139 1610 385 1663 τεθυκόσι
447 1611 819 1682 συνιερᾶσθαι.
863 1610 1164 1664 Ἐπιθεῖναί
1195 1629 1256 1665 τε
1307 1612 1530 1674 τούτους
1571 1609 1720 1680 αύτῷ

143 1702 259 1764 τοὺς
282 1701 625 1766 ἐπισκόπους
645 1702 743 1767 τὰς
779 1706 990 1776 χεῖρας,
1019 1705 1118 1776 τὴν
1155 1704 1254 1773 τῆς
1289 1703 1510 1775 Ῥώμης
1531 1704 1720 1775 ἀρχιε-

149 1792 368 1862 ρατικὴν
396 1793 556 1859 ἀξίαν
587 1794 1091 1867 τελεσιουργούσας.
1123 1795 1381 1850 Γενέσθαι
1401 1795 1458 1850 δὲ
1493 1796 1554 1848 τὸ
1578 1813 1720 1867 μαρ-

147 1883 320 1955 τύριον
374 1887 569 1942 Δεκίου
615 1889 717 1959 μὲν
747 1891 845 1944 καὶ
888 1891 1183 1962 Οὐαλερίου
1229 1891 1516 1962 Ῥωμαίων
1563 1890 1720 1963 βασι-

149 1977 402 2042 λεύοντος,
435 1979 727 2050 Περεννίου
770 1982 828 2036 δὲ
883 1983 1242 2055 δουκηναρίου
1277 1985 1379 2055 τὴν
1417 1983 1562 2038 κατὰ
1610 1984 1720 2037 τῶν

148 2070 486 2138 Χριστιανῶν
513 2073 770 2127 ἀπόνοιαν
795 2075 891 2128 καὶ
919 2077 1192 2149 τιμωρίαν
1216 2077 1716 2148 ὲγκεχειρισμένου.

149 2162 244 2214 Καὶ
265 2163 574 2234 μαρτύριον
593 2168 769 2220 ἐκεῖνο
789 2168 850 2221 τὸ
871 2169 1106 2240 γράμμα
1125 2169 1224 2240 τὴν
1248 2169 1561 2240 ἐπιγραφὴν
1583 2168 1718 2238 ἔχει,

154 2250 258 2305 οὕτε
275 2254 326 2306 δὲ
358 2256 637 2325 μάστιγας
665 2258 790 2310 οὔτε
818 2259 1059 2332 ποινὴνῆ
1091 2259 1324 2330 βάσανον
1351 2263 1442 2314 τὸν
1467 2261 1721 2314 Ναυάτον

155 2343 436 2414 διενεγκεῖν
464 2349 794 2420 ἀναγράφει.
820 2352 1013 2406 Καίτοι
1045 2352 1152 2406 τῶν
1180 2352 1402 2406 πώποτε
1437 2351 1720 2423 ὠμότατον

151 2438 275 2490 κατᾶ
302 2439 658 2510 Χριστιανῶν
685 2445 986 2511 γεγονότων
1025 2446 1312 2515 Περέννιον
1364 2443 1719 2513 ἀναγράφων,

147 2529 218 2591 είς
236 2529 506 2597 διαλέξεις
535 2532 663 2601 περὶ
705 2534 1007 2605 μαρτυρίου
1039 2536 1084 2566 ⁷²
1115 2537 1438 2600 ἀλλοκότους
1465 2538 1719 2590 Ναυάτου

147 2620 235 2691 τὴν
266 2622 581 2693 μαρτυρίαν
619 2625 987 2696 περικλείσας,
1012 2626 1182 2692 οὕτως
1217 2627 1378 2683 αὑτὸν
1417 2629 1602 2698 ἐξάγει
1627 2627 1720 2682 τοῦ

151 2711 304 2785 [ζῇν],
338 2715 574 2786 ὀνείρων
603 2717 822 2771 ἄνθεσιν
867 2720 1335 2791 ἐστεφανωμένον.
1368 2721 1538 2774 Τοῦτο
1566 2721 1630 2794 δὴ
1660 2722 1722 2775 τὸ

149 2805 518 2860 κακόπλαστόν
549 2825 608 2860 τε
635 2809 729 2862 καὶ
767 2809 1091 2865 ἀδιάστατον
1113 2813 1516 2885 γραμματίδιον
1547 2815 1606 2868 ὲν
1644 2814 1721 2887 τῷ
1767 2854 1778 2862 .

157 2894 290 2966 ἕκτῳ
313 2899 477 2951 αὺτοῦ
493 2899 760 2972 διελέγχει
787 2900 952 2973 λόγῳ.
975 2902 1141 2972 Λέγει
1160 2904 1216 2956 δὲ
1233 2904 1398 2968 αὐτὸς
1421 2906 1512 2958 τὸν
1536 2907 1722 2961 Ναυά-

157 3005 244 3040 τον
275 2989 748 3061 ἀρχιερατεύοντος
778 2995 1080 3065 Κορνηλίου
1117 2995 1335 3066 Ῥώμης
1366 2997 1460 3050 τὸν
1503 2999 1721 3069 πρῶτον

156 3075 348 3148 βαθμὸν
396 3080 513 3134 τῶν
541 3082 806 3137 διακόνων
855 3085 1000 3155 ἔχειν
1034 3088 1265 3141 λαϐόντα
1310 3089 1463 3160 παρὰ
1507 3091 1722 3164 Κορνη-

1168 379 1692 448 BIBLIOTHECA.
1732 401 1800 411 -
1830 377 1974 439 COD
2035 377 2356 440 CCLXXX.

1739 500 1789 558 Α
1987 512 1999 519 ,

3285 365 3392 436 355

2431 491 2478 545 E
2511 489 2646 545 libro
2683 504 2756 544 vr.

1885 584 2054 641 Libro
2109 592 2266 642 sexto
2309 584 2548 639 ostendit
2582 581 2777 637 Novati
2824 578 3046 643 falsum,
3093 579 3243 651 quod
3282 579 3394 636 cir-

1816 674 2140 741 cumlertur,
2189 674 2544 746 martyrium,
2595 672 2762 742 quod,
2818 670 2903 724 vel
2960 678 3150 724 contra
3212 669 3390 738 ipsum

1818 767 2110 833 Novatum,
2145 767 2307 822 docet
2335 769 2556 821 unicum
2587 767 2872 828 duntaxat,
2903 778 2971 818 ex
3001 771 3125 817 octo
3166 762 3393 831 presby-

1815 862 1950 918 teris
1983 861 2077 932 qui
2109 861 2212 916 sub
2260 852 2579 915 Macedonio
2624 859 2883 929 episcopo
2931 856 3167 911 ordinati
3214 865 3389 920 erant,

1816 955 2142 1027 martyrium
2187 953 2554 1010 confessionis
2612 953 2665 1006 in
2713 951 2999 1006 Christum
3049 949 3389 1020 pertulisse:

1821 1059 2030 1118 septem
2053 1063 2182 1102 vero
2215 1062 2319 1101 una
2347 1063 2471 1101 cum
2505 1044 2821 1100 Macedonio
2846 1042 3184 1098 sacriﬁcasse
3211 1041 3391 1094 idolis.

1816 1143 1886 1196 At
1911 1156 2036 1197 cum
2067 1141 2187 1208 ipso
2212 1139 2538 1211 martyrium
2566 1137 2804 1192 subiisse
2851 1151 2991 1208 pene
3020 1136 3168 1191 solos
3187 1150 3217 1190 e
3235 1134 3394 1189 Chri—

1819 1235 2012 1291 stiauis
2055 1233 2368 1288 Occidentis
2396 1231 2711 1286 Marcellum
2742 1239 2796 1284 et
2831 1229 3200 1283 Alexandrum
3223 1267 3238 1292 ,
3279 1225 3394 1296 epi-

1819 1343 2017 1398 scopos
2047 1326 2333 1398 Aquileia},
2378 1335 2433 1379 et
2467 1323 2932 1394 Agamemnonem
2974 1320 3241 1376 Tiberidis
3279 1319 3394 1389 epi-

1820 1437 2015 1492 copum
2052 1439 2066 1476 :
2095 1421 2194 1491 qui
2237 1437 2361 1476 cum
2394 1418 2606 1477 Novato
2635 1427 2758 1489 post
2787 1417 3110 1489 martyrium
3141 1416 3392 1486 privatim

1822 1515 2151 1579 habitantes,
2208 1522 2263 1568 et
2309 1523 2718 1574 conversantes.
2773 1510 3049 1564 noluerint
3101 1523 3208 1561 una
3267 1523 3392 1562 cum

1823 1606 1944 1662 istis
1979 1606 2446 1661 saerilicatoribus
2474 1604 2806 1659 sacriﬁcare.
2840 1599 3176 1670 lmposuisse
3207 1605 3385 1650 autem

1822 1700 1899 1754 illi
1933 1715 2131 1754 manus
2161 1699 2476 1769 episcopos,
2510 1706 2569 1751 ut
2596 1695 2913 1766 pontiﬁcatu
2957 1694 3144 1747 Romae
3172 1689 3397 1760 perfun-

1821 1799 2064 1857 geretur.
2100 1787 2330 1842 Factum
2365 1798 2450 1842 est
2480 1787 2583 1841 hoc
2613 1788 2930 1858 martyrium
2977 1783 3141 1842 Decio
3195 1789 3249 1836 et
3290 1779 3398 1834 Va-

1822 1878 1958 1932 lerio
1994 1878 2415 1947 imperatoribus
2450 1877 2733 1941 Romanis,
2778 1875 3047 1930 Perennio
3098 1873 3397 1928 ducenario

1821 1969 2105 2038 suppliciis
2134 1968 2484 2024 Christianos
2513 1967 2729 2021 allicere
2767 1967 2946 2036 jusso.
2979 1963 3044 2017 Et
3074 1963 3394 2033 martyrium

1821 2061 1925 2116 hoc
1963 2061 2288 2131 inscriptum
2333 2071 2449 2126 est;
2505 2077 2606 2116 nec
2649 2059 2881 2130 ﬂagella,
2939 2071 3043 2111 nec
3092 2064 3392 2118 tormenta,

1821 2168 1922 2208 nec
1967 2145 2260 2223 equuleu'm
2316 2151 2588 2206 Novatum
2649 2152 2838 2206 tulisse
2868 2149 3079 2206 scribit.
3136 2145 3399 2214 Quamvis

1822 2245 2149 2302 Perennium
2173 2247 2609 2302 crudelissimum
2636 2245 2689 2299 in
2711 2245 3050 2300 Christianos
3069 2242 3237 2296 fuisse
3260 2239 3399 2295 scri-

1820 2341 1936 2407 bat,
1966 2341 2035 2395 ad
2069 2340 2472 2410 disputationes
2531 2340 2600 2393 de
2651 2337 2914 2409 martyrio
2960 2351 3152 2399 novas,
3200 2330 3396 2388 Novati

1823 2429 2144 2501 martyrium
2171 2429 2471 2485 adducens.
2507 2426 2599 2482 Sic
2633 2428 2786 2481 illum
2811 2425 3004 2480 eximit
3036 2440 3102 2478 ex
3133 2424 3238 2477 hac
3257 2422 3392 2487 vita,

1823 2523 2169 2579 somniorum
2225 2519 2459 2576 ﬂoribus
2520 2529 2870 2574 coronatum.
2923 2517 3038 2571 lloc
3086 2530 3217 2570 vero
3260 2513 3399 2567 falso

1823 2614 2123 2670 conﬁctum
2179 2626 2478 2683 paucarum
2536 2610 2871 2680 pagellarum
2921 2607 3207 2676 scriptum,
3259 2604 3398 2658 libro

1824 2715 1981 2762 sexto
2015 2705 2236 2760 refutat.
2271 2704 2408 2759 Dicit
2433 2713 2618 2758 autem
2653 2700 2947 2766 Novatum,
2975 2698 3230 2754 Cornelio
3256 2712 3397 2767 pon-

1827 2796 2093 2850 tiﬁcatum
2124 2795 2436 2850 Romanum
2464 2802 2706 2856 tenente,
2738 2793 2974 2863 primum
3012 2789 3239 2858 gradum
3283 2787 3402 2841 dia-

1823 2890 1949 2944 coni
1980 2905 2011 2943 a
2041 2887 2299 2943 Cornelio
2335 2887 2632 2958 accepisse.
2669 2884 2862 2939 Fuisse
2901 2897 3031 2936 vero
3074 2892 3203 2936 tunc
3243 2880 3402 2934 insti-

1825 2992 1998 3038 tutum
2021 2983 2075 3037 in
2095 2982 2360 3047 Ecclesia,
2387 2979 2856 3043 arcliidiaconum,
2877 2986 3096 3030 mortuo
3118 2973 3398 3042 episcopo,

1823 3075 1879 3130 in
1907 3077 2222 3146 episcopatu
2249 3075 2346 3140 illi,
2372 3074 2512 3128 facta
2534 3087 2795 3128 manuum
2819 3068 3183 3139 impositione,
3205 3063 3401 3136 5&5:

151 3167 274 3262 λίου,
326 3166 477 3226 εἶναι
507 3173 568 3228 δὲ
616 3175 738 3229 τότε
774 3177 974 3248 θεσμὸν
1010 3181 1076 3250 τῇ
1129 3157 1403 3253 ἐκκλησίᾳ.
1434 3157 1722 3255 Ῥωμαίων

1829 3167 2134 3237 surrogari.
2169 3165 2483 3222 Cornelium
2513 3179 2642 3218 vero
2669 3163 2852 3216 divina
2887 3157 3246 3230 inspiratione
3276 3171 3399 3211 cum

150 3259 229 3314 τὸν
246 3262 629 3333 ἁρχιδιάκονον
657 3266 1015 3332 τελευτῶντος
1055 3271 1149 3323 τοῦ
1193 3273 1496 3326 ἐπισκόπου
1527 3277 1610 3337 εἰς
1632 3275 1724 3329 τὸν

153 3352 239 3422 τῆς
285 3357 605 3428 ἐπισκοπῆς
649 3359 1205 3430 ἀντιχειροτονεῖσθαι
1255 3362 1482 3432 θρόνον
1530 3366 1622 3419 τὸν
1666 3366 1725 3419 δὲ

153 3442 446 3517 Κορνήλιον
475 3447 596 3520 θεία
653 3450 953 3520 ὲμπνεύσει
1001 3453 1062 3505 τὸ
1096 3452 1359 3524 φίλαρχον
1390 3456 1486 3508 καὶ
1533 3473 1729 3510 νεωτε-

156 3539 353 3605 ροποιὺν
381 3539 612 3604 ἀνάξιον
636 3541 733 3595 τοῦ
757 3543 1076 3614 τηλικούτου
1101 3546 1408 3617 ἀξιώματος
1438 3549 1722 3618 διορῶντα,

151 3627 219 3689 εἰς
264 3629 680 3701 πρεσϐυτέρους
730 3635 1190 3706 χειροτονήσαντα
1243 3637 1571 3706 μετατάξαι,
1623 3639 1724 3711 τὴν

153 3719 370 3789 πάροδον
415 3721 571 3793 αὐτῷ
603 3723 702 3795 τὴν
732 3726 812 3788 είς
831 3725 923 3778 τὸν
947 3727 1332 3798 ἅρχιερατικὸν
1356 3729 1547 3802 θρόνον
1590 3732 1726 3785 Ῥώ-

156 3828 247 3881 μης
275 3813 572 3877 παντελῶς
612 3816 1033 3874 ἀποκλείσαντα.
1067 3820 1173 3872 Τὸν
1216 3820 1274 3876 δὲ
1319 3823 1728 3896 καιροφυλακή-

155 3919 308 3959 σαντα
334 3907 446 3978 τὴν
471 3907 516 3939 ⁷³
539 3909 880 3979 νομισθεῖσαν
909 3911 1241 3986 [διατελεῖν].
1272 3917 1570 3988 Κορνήλιος
1591 3917 1726 3973 ἄλλα

150 4013 204 4049 τε
228 3999 334 4052 τῶν
375 4003 786 4070 ἡμαρτηκότων
817 4005 1122 4076 εἰλικρινῶς
1166 4008 1585 4077 μετανοοῦντας,
1633 4011 1727 4065 καὶ

152 4092 259 4153 τοὺς
290 4093 411 4145 ὅσοι
443 4094 858 4166 προσεκύνησαν
879 4097 1139 4166 εἰδώλοις,
1173 4101 1506 4172 σπλάγχνοις
1532 4121 1728 4174 πατρι-

156 4185 256 4244 κοῖς
286 4184 620 4256 ὀδυρόμενος
642 4189 1019 4259 προσεδέχετο.
1046 4191 1216 4244 Τοῦτο
1237 4194 1442 4258 ἐκεῖνος
1474 4193 1596 4266 [891
1632 4195 1724 4269 IL]

152 4275 418 4345 πρόφασιν
475 4278 721 4348 θέμενος,
771 4283 982 4354 ἐρράγη
1011 4301 1072 4335 τε
1109 4284 1210 4354 τῆς
1252 4284 1579 4356 Ἐκκλησίας
1631 4287 1728 4341 xui.

150 4365 449 4438 Κορνηλίου
500 4371 951 4440 κατηυθαδίσατο,
1004 4374 1275 4446 καθαροὺς
1325 4377 1575 4447 μὲντοὺς
1611 4379 1726 4433 ὅσοι

153 4456 291 4528 αὐτῷ
339 4459 621 4530 ἐπλήρουν
653 4461 715 4513 τὸ
763 4463 904 4515 κατὰ
953 4464 1052 4534 τῆς
1098 4461 1420 4534 Ἐκκλησίας
1450 4466 1725 4538 ὀνομάσας

1827 3273 1952 3314 eum
1985 3257 2190 3312 videret
2231 3257 2388 3310 novis
2439 3255 2604 3309 rebus
2651 3253 2976 3320 studentem,
3013 3259 3065 3303 et
3111 3247 3399 3316 imperium

1829 3350 2201 3417 all‘ectantem,
2232 3349 2514 3420 indignum
2552 3346 2645 3400 tali
2683 3345 2970 3414 dignitate,
3001 3341 3143 3396 inter
3172 3338 3403 3410 presby-

1827 3454 1977 3501 teros
2005 3443 2314 3508 ordinasse,
2346 3451 2400 3495 et
2430 3440 2573 3493 viam
2605 3437 2679 3492 illi
2715 3437 2781 3490 ad
2815 3433 3188 3505 pontiﬁcatum
3213 3431 3404 3485 Romae

1829 3537 2057 3593 omnino
2102 3534 2468 3606 praeclusisse.
2512 3529 2756 3585 Novatus
2798 3542 2930 3581 vero
2958 3530 3198 3595 icaptans
3243 3539 3406 3578 occa-

1829 3625 2041 3681 sionem
2076 3622 2314 3678 instituti
2341 3619 2697 3690 exsequendi,
2720 3631 2844 3672 cum
2866 3615 3073 3670 videret
3086 3613 3401 3669 Cornelium

1827 3732 1924 3772 eos
1950 3716 2044 3787 qui
2079 3730 2206 3769 vere
2231 3712 2581 3784 poeniterent,
2611 3724 2737 3764 cum
2765 3707 2836 3762 ob
2865 3706 2972 3761 alia
3004 3715 3250 3774 peccata,
3285 3713 3402 3756 tum

1827 3810 1898 3863 ob
1927 3806 2196 3860 idolorum
2219 3804 2452 3864 cultum,
2474 3800 2716 3870 paternis
2741 3797 3046 3852 visceribus
3060 3793 3402 3850 condolendo

1829 3897 1882 3952 in
1918 3896 2152 3966 gratiam
2185 3893 2430 3962 recipere
2467 3907 2481 3944 :
2519 3891 2622 3944 hac
2648 3890 2739 3943 ille
2774 3887 3068 3942 occasione
3123 3900 3277 3948 usus,
3309 3883 3405 3937 de-

1831 3989 1998 4045 scivit
2028 3987 2097 4042 ab
2123 3985 2367 4041 Ecclesia
2399 3993 2663 4047 resectos,
2691 3990 2744 4036 et
2769 3979 3022 4036 Cornelio
3054 3976 3404 4048 pertinaciter

1828 4083 2046 4139 restitit.
2092 4080 2267 4136 Puros
2312 4089 2494 4134 autem
2558 4075 2858 4132 nominavit
2902 4089 3018 4139 eos,
3071 4071 3167 4143 qui
3217 4087 3402 4126 secum

1829 4187 2022 4241 agmen
2081 4178 2273 4225 contra
2327 4167 2636 4223 Ecclesiam
2691 4165 2934 4219 facerent
2983 4180 2996 4216 :
3049 4161 3404 4214 Cornelianos

1827 4281 1984 4330 vero,
2025 4265 2118 4335 qui
2157 4264 2278 4333 ejus
2330 4260 2683 4316 ambitionem
2734 4267 2789 4312 et
2837 4255 3164 4310 dementiam
3209 4262 3404 4308 contra

1829 4359 2160 4430 pmnitcntes
2211 4356 2636 4410 detestarentur.
2690 4349 2886 4403 Postea
2929 4361 3057 4401 vero
3090 4345 3403 4400 Cornelium

1828 4452 2138 4506 Romanum
2165 4449 2482 4516 episcopum
2502 4443 2717 4513 egregio
2736 4440 2995 4511 martyrio
3015 4438 3178 4492 vitam
3199 4436 3406 4492 [iniisse

153 4547 455 4621 σύνταγμα,
482 4552 884 4624 Κορνηλιανοῦς
911 4555 967 4608 δὲ
998 4556 1124 4620 τοὺς
1153 4557 1251 4628 τὴν
1278 4557 1444 4611 αὐτοῦ
1477 4559 1722 4630 βδελυξα-

1830 4540 2232 4596 Alexandrinus
2283 4535 2728 4604 archiepiscopus
2761 4531 3026 4600 Eulogius
3069 4527 3253 4584 refert.
3286 4527 3404 4582 Non

155 4640 337 4706 μένους
374 4642 676 4714 φιλαρχίαν
703 4645 796 4698 καὶ
830 4645 974 4700 κατὰ
1014 4647 1123 4704 τῶν
1156 4650 1560 4719 μετανοούντων
1588 4651 1725 4705 ἁπό-

153 4746 308 4786 νοιαν.
344 4735 652 4806 Κορνήλιον
684 4737 867 4807 μέντοι
906 4737 996 4793 τὸν
1032 4742 1132 4810 τῇς
1178 4741 1399 4812 Ῥώμης
1427 4744 1726 4798 ἐπίσκοπον

157 4826 279 4890 μετὰ
300 4825 488 4880 ταῦτα
517 4828 610 4880 καὶ
641 4829 935 4902 καλλινίκῳ
965 4833 1270 4904 μαρτυρίου
1301 4836 1445 4889 τέλει
1483 4837 1578 4890 τὸν
1611 4837 1727 4908 βίον

155 4917 406 4974 ἀναλῦσαι
439 4921 467 4972 ὁ
513 4921 804 4993 ἀρχιερεὺς
853 4922 1260 4996 Ἀλεξανδρείας
1295 4927 1548 4996 Εύλόγιος
1592 4934 1726 4985 ἀνα-

155 5011 364 5078 γράφει.
404 5012 566 5066 Ἔστι
601 5013 657 5066 δὲ
683 5013 780 5083 τὴν
805 5015 1004 5086 φράσιν
1032 5019 1060 5070 ὀ
1089 5016 1228 5090 ἀνὴρ
1255 5021 1317 5072 ού
1348 5020 1457 5074 τῶν
1481 5023 1575 5076 ἐπὶ
1597 5041 1726 5079 παι-

154 5097 258 5174 δείᾳ
285 5103 662 5176 δυναμένωνῆ
693 5109 980 5179 συγγραφῇ
1025 5107 1196 5178 ὄνομα
1227 5109 1400 5180 ἔχειν’
1433 5113 1492 5176 ὃς
1515 5130 1580 5182 γε
1609 5117 1721 5172 οὐδ’

1830 4642 2009 4705 potest
2038 4640 2221 4685 autem
2254 4628 2346 4681 ille
2369 4641 2568 4680 nomen
2602 4625 2744 4678 inter
2778 4639 2871 4678 eos
2901 4621 3120 4686 habere,
3155 4620 3247 4691 qui
3272 4635 3403 4674 eru-

1830 4726 2038 4782 ditione
2067 4733 2119 4778 et
2159 4719 2384 4774 historia
2422 4717 2719 4782 excellunt,
2761 4715 2909 4786 quod
2933 4714 3204 4768 interdum
3235 4712 3403 4768 soloe-

1830 4820 2038 4876 cismos
2059 4824 2114 4871 et
2134 4811 2510 4869 barbarismos
2533 4809 2804 4864 admittat.
2824 4807 2880 4861 In
2911 4822 3084 4862 sacrae
3107 4805 3406 4875 Scriptura:

1833 4926 1966 4966 sane
2001 4905 2360 4978 intelligentia
2401 4919 2469 4958 ne
2498 4902 2724 4972 Optimis
2751 4899 2968 4971 quidem
3001 4901 3204 4969 passim
3239 4897 3404 4950 cedit.

1833 5001 1953 5058 Tali
1979 5011 2159 5055 autem
2191 4997 2410 5068 phrasis
2431 5009 2625 5064 genere
2651 4993 2835 5048 dicere
2868 4991 2935 5046 ad
2961 4986 3404 5060 persuadendum

1831 5107 1887 5152 et
1923 5094 2194 5151 delectare
2217 5105 2326 5146 non
2354 5103 2581 5160 prorsus
2621 5102 2730 5141 non
2768 5091 2967 5154 potest.

157 5198 276 5288 αὐτὸ
299 5200 365 5253 τὸ
402 5199 624 5254 σόλοικα
651 5203 746 5256 καὶ
780 5204 1138 5278 ὑποόάρσαρα
1162 5209 1398 5278 γράφειν
1457 5211 1629 5267 ἐνίοτε
1687 5217 2054 5288 παραιτεῖται.
2098 5213 2188 5266 Ἐν
2239 5209 2422 5284 μέντοι
2482 5209 2595 5272 τοῖς
2659 5203 2947 5277 γραφικοῖς
2991 5202 3224 5272 νοήμασι
3271 5196 3408 5252 πολ’

156 5286 308 5360 λαχοῦ
334 5293 462 5347 οὐδὲ
511 5294 620 5349 τῶν
647 5295 882 5366 ἀρίστων
907 5299 1282 5356 ἀπολείπεται.
1311 5303 1383 5356 Τὸ
1423 5305 1650 5362 πιθανὸν
1707 5286 1780 5364 δὲ⁷
1826 5310 1922 5364 καὶ
1968 5309 2093 5378 ἡδὺ,
2138 5307 2214 5370 ώς
2271 5301 2498 5374 τοιαύτῃ
2530 5300 2750 5372 φράσει,
2797 5298 2898 5352 οὐκ
2941 5292 3204 5358 ἀδύνατός
3255 5291 3406 5347 ἐστιν

155 5381 578 5454 ἐνεργάσασθαι.

221 5479 290 5530 Ἀ
322 5479 428 5544 μὲν
452 5495 548 5533 ουν
571 5480 1040 5553 φιλολογουμὲνοις
1071 5486 1203 5558 ἡμῖν
1237 5488 1361 5542 καθ’
1397 5490 1625 5555 ἑαυτοὺς
1644 5493 1724 5557 εἰς

153 5568 458 5643 ἀνάμνησιν
484 5574 662 5630 ἐλθεῖν
692 5578 1014 5650 συνηνέχθη,
1061 5583 1230 5652 χωρὶς
1259 5581 1423 5654 [1625
1460 5584 1554 5657 1L]
1585 5579 1662 5640 ὧν
1694 5588 1729 5657 ἡ

1904 5489 2098 5564 5451)
2127 5488 2259 5555 Quae
2293 5485 2458 5556 igitur
2487 5482 2732 5541 studiose
2754 5480 2914 5534 nobis
2953 5479 3206 5549 privatim
3249 5493 3404 5534 com-

1840 5581 2211 5640 mentantibus
2261 5575 2527 5635 memoria
2605 5570 2993 5644 suppeditavit,
3049 5578 3246 5642 prater
3313 5582 3400 5636 ea,

1434 5721 1666 5778 VARIAE
1709 5721 2118 5781 LECTIONES.

217 5824 263 5855 ἠ
303 5825 436 5895 περὶ
471 5830 776 5901 μαρτυρίας
805 5829 874 5900 Β,
895 5833 1139 5908 ἁμαρ-οη
1164 5837 1280 5896 GH-
1359 5841 1407 5874 ⁷³
1428 5840 1551 5914 τὴν]
1588 5840 1684 5896 τοῦ
1714 5841 1828 5899 ΟΠ·
