3994 6438
552 386 654 452 431
1713 392 1975 453 ΡΗΟΤΙΙ
2003 392 2129 453 ΡΑΊ

2227 391 2512 452 ῙΑΒΟΗίΕ
2537 393 2647 452 CP.
3702 391 3804 455 43?.

1801 724 2573 909 PHOTII

990 1036 1787 1132 PATRIARCHIE
1863 1036 3353 1134 CONSTANTINOPOLITANI.

1355 1259 1929 1379 OPERUM
2019 1254 2376 1370 PARS
2453 1258 2991 1394 QUINTA

1686 1647 2678 1768 CANONIGA.

1532 1906 2106 2001 MONITUM
2150 1829 2858 1998 EDITORUM.

628 2081 857 2139 Photius
898 2083 1001 2139 tria
1032 2097 1197 2156 opera
1221 2086 1489 2142 canonica
1522 2087 1818 2156 praecipua
1850 2086 2177 2141 elaboravit.
2200 2083 2442 2138 Primum
2464 2081 2681 2151 collegit
2704 2094 2942 2136 canones
2969 2079 3328 2136 conciliorum
3351 2077 3813 2136 cacumenicorum

556 2172 611 2227 in
643 2186 809 2226 unam
841 2171 1086 2243 syll0gen
1110 2214 1123 2237 ,
1160 2188 1256 2229 eos
1298 2174 1660 2230 describendo
1697 2174 1883 2228 ordine
1924 2166 2559 2241 chronologico.’Eisdem
2598 2170 2798 2239 adjecit
2840 2184 3080 2225 canones
3110 2169 3469 2224 conciliorum
3509 2167 3816 2236 provincia-

556 2259 691 2314 lium
726 2258 820 2329 qui
854 2261 925 2315 ob
952 2260 1271 2331 praeclaram
1304 2262 1610 2318 doctrinam
1638 2270 1695 2317 et
1728 2277 1918 2319 sanam
1942 2259 2437 2331 jurisprudentiam
2469 2260 2577 2313 vim
2618 2259 2755 2329 legis
2781 2258 2836 2313 in
2875 2257 3130 2313 universa
3164 2257 3407 2313 Ecclesia
3459 2256 3811 2315 obtinebant,

557 2355 613 2401 et
660 2346 921 2417 epistolas
964 2347 1264 2403 canonicas
1312 2356 1627 2403 sanctorum
1666 2348 1918 2409 Patrum.
1954 2362 2077 2417 quae
2118 2345 2185 2401 ad
2235 2346 2583 2416 disciplinam
2616 2347 2928 2415 generalem
2971 2345 3229 2401 Ecclesiae
3266 2344 3619 2415 spectabant.
3674 2340 3815 2395 Hane

564 2434 825 2504 syllogen,
856 2449 1021 2504 quam
1058 2434 1325 2501 Zonoras,
1354 2435 1646 2490 Balsamon
1683 2444 1738 2490 et
1765 2435 2015 2490 Aresteni
2041 2434 2219 2490 doctis
2255 2432 2667 2487 commentariis
2698 2442 2989 2497 nrnarunt,
3018 2434 3070 2486 in
3097 2433 3211 2489 suis
3241 2431 3523 2486 Pandectis
3557 2444 3813 2484 canonum

552 2521 728 2576 edidit
769 2521 1135 2593 Beveregius,
1198 2537 1412 2593 nosque
1448 2523 1674 2579 edemus
1707 2523 1850 2577 inter
1895 2537 2061 2592 opera
2115 2525 2447 2596 scriptorum
2498 2529 2591 2595 qui
2643 2524 2709 2579 ad
2761 2524 2924 2579 linem
2977 2523 3169 2579 saeculi
3225 2538 3300 2578 ιιι
3355 2522 3438 2578 vel
3496 2521 3669 2577 initio
3718 2534 3812 2573 xm

554 2609 883 2664 ﬂoruerunt.

628 2696 834 2752 Deinde
864 2696 1091 2753 Pliotius
1119 2698 1344 2753 eosdem
1385 2711 1624 2753 canones
1658 2697 1949 2769 descripsit
1982 2700 2169 2753 ordine
2201 2699 2461 2763 materiae,
2492 2697 2877 2768 conjungendo
2908 2711 3149 2753 canones
3184 2696 3431 2766 ejusdem
3470 2696 3799 2765 argumenti,

554 2784 659 2840 etsi
692 2784 931 2841 diversis
959 2786 1300 2856 temporibus
1329 2785 1462 2841 editi
1492 2785 1745 2851 fuissent,
1777 2795 1831 2841 et
1853 2794 2024 2841 totam
2057 2787 2344 2841 materiam
2371 2786 2516 2857 juris
2542 2786 2835 2841 dividendo
2867 2786 2921 2840 in
2953 2787 3375 2857 quatuordecim
3422 2786 3644 2839 titulos.
3676 2782 3815 2836 Hatic

552 2872 959 2940 collectionem,
1010 2875 1116 2927 sub
1144 2874 1370 2928 nomine
1400 2872 1770 2944 Syntagmatis
1813 2889 2099 2938 canonum,
2129 2873 2342 2944 primus
2368 2875 2538 2929 edidit
2564 2874 2857 2929 cardinalis
2888 2876 2951 2929 A.
2984 2875 3109 2940 Mai,
3148 2876 3250 2937 vir,
3294 2874 3365 2929 ob
3395 2874 3447 2927 in
3477 2873 3662 2927 lucem
3698 2886 3811 2940 pro-

554 2968 729 3015 tracta
761 2960 964 3030 scripta
990 2971 1240 3017 veterum
1265 2960 1495 3017 Patrum
1534 2962 1623 3016 vix
1660 2977 1899 3033 unquam
1958 2963 2092 3019 satis
2126 2961 2434 3017 laudandus
2465 3000 2481 3027 ,
2531 2960 2805 3031 Spicilegii
2836 2960 3066 3015 Romani
3096 2970 3135 3014 t.
3168 2959 3284 3026 VII,
3312 2974 3542 3029 eamque
3587 2974 3692 3013 nos
3736 2958 3813 3011 hic

552 3046 803 3101 edemus.

628 3131 873 3188 Tandem
901 3132 1131 3190 PbOtius
1168 3150 1411 3192 canones
1443 3134 1838 3208 Syntagmatis,
1872 3138 2079 3193 omisso
2108 3145 2280 3202 textu,
2301 3137 2459 3209 juxta
2488 3136 2735 3192 ordinem
2770 3135 3139 3207 Syntagmatt's
3185 3135 3436 3201 notavit,
3484 3141 3543 3188 et
3579 3149 3635 3188 .n
3667 3148 3810 3187 com-

501 3228 505 3233 ‘
555 3223 843 3277 mentariis
876 3224 1153 3293 adjunctis
1182 3225 1478 3297 descripsit
1509 3227 1658 3298 leges
1705 3228 2009 3296 praesertim
2056 3227 2248 3283 civiles
2296 3240 2420 3297 qua:
2476 3225 2683 3280 eisdem
2739 3226 3166 3294 respondebant.
3232 3224 3388 3278 Hanc
3435 3222 3807 3277 collectionem

562 3309 1008 3365 Nomocanonem
1036 3312 1321 3383 inscripsit
1351 3356 1365 3380 ,
1399 3317 1527 3385 quia
1563 3315 1741 3385 legum
1779 3325 1886 3370 tam
1920 3315 2420 3370 ecclesiasticarum
2452 3329 2616 3383 quam
2649 3312 2895 3367 civilium
2936 3312 3259 3382 Catalogum
3293 3326 3357 3367 ac
3392 3310 3562 3365 veluti
3605 3312 3807 3363 harmo-

559 3400 709 3453 niam
743 3398 1069 3455 exhibebat.-
1093 3399 1225 3457 Post
1254 3403 1391 3458 alios
1426 3403 1671 3459 Voellius
1702 3413 1755 3458 et
1783 3402 2051 3459 Justellus
2113 3418 2233 3458 eam
2271 3404 2458 3458 Graece
2488 3411 2540 3456 et
2560 3399 2754 3456 Latine
2783 3401 3070 3456 ediderunt
3096 3399 3349 3465 Parisiis,
3384 3414 3528 3452 anno
3570 3396 3725 3461 1661,
3758 3395 3805 3449 in

563 3503 667 3539 sua
700 3486 1029 3542 Bibliotheca
1066 3487 1239 3557 Juris,
1272 3499 1313 3546 t.
1346 3490 1407 3557 ll,
1437 3507 1491 3561 p.
1519 3491 1625 3546 785
1645 3500 1699 3546 et
1731 3507 1849 3561 seq.
1880 3491 1978 3546 llic
2008 3492 2165 3547 nobis
2198 3490 2407 3545 edenda
2431 3498 2534 3543 est.

629 3573 864 3631 Pbotius
897 3577 1115 3648 scripsit
1154 3579 1417 3648 epistolas
1446 3581 1630 3635 varias
1661 3581 1728 3635 de
1751 3580 1913 3635 rebus
1948 3579 2252 3643 canonicis,
2277 3593 2417 3647 quas
2453 3593 2555 3632 suo
2583 3576 2706 3632 loco
2762 3575 3058 3633 edidimus.
3095 3573 3321 3630 Caeteris
3348 3572 3554 3627 eminet
3590 3569 3803 3642 epistola

572 3664 640 3717 ad
678 3663 914 3719 Leonem
952 3666 1421 3738 archiepiscopum
1452 3668 1721 3723 Calabrim
1759 3684 1881 3739 qum
1908 3678 1988 3723 est
2011 3682 2139 3722 xvtn
2162 3666 2282 3721 libri
2315 3665 2355 3719 I.

634 3748 843 3803 Seriem
875 3749 1073 3804 horum
1108 3766 1336 3819 operum
1370 3751 1584 3805 claudet
1609 3752 1936 3821 opusculum
1966 3751 2144 3806 Pbotii
2172 3752 2317 3819 quod
2350 3751 2678 3807 inscribitur
2711 3768 2725 3805 :
2760 3748 3210 3821 lnterrogationes
3235 3751 3413 3802 decem
3442 3764 3565 3800 cum
3606 3747 3801 3800 totidem

558 3836 1012 3904 responsionibus.
1039 3836 1217 3891 Foetet
1243 3837 1462 3906 quidem
1494 3838 1709 3895 libellus
1738 3840 1842 3894 iste
1869 3838 1995 3893 odio
2022 3836 2402 3904 schismatico;
2442 3840 2532 3895 sed
2573 3855 2678 3894 non
2707 3838 2826 3894 ideo
2856 3839 3356 3910 praztermitteudus
3388 3837 3507 3901 fuit,
3544 3834 3800 3906 siquidem

558 3922 759 3978 indicet
804 3923 958 3993 cujus
1000 3925 1227 3992 spiritus
1258 3922 1486 3979 Photius
1515 3924 1634 3980 fuit.

572 537 3488 575 Ἢ

3328 4118 3795 4143 mut-—

563 4115 3320 4141 —_.__._____.____._.____.______________________________,

1436 4258 1583 4345 DE
1642 4258 2071 4352 PHOTII
2149 4264 2981 4355 SYNTAGMATE.

1232 4448 1460 4518 (Angelo
1504 4447 1608 4503 Mn
1656 4448 1905 4521 Spicileg.
1964 4453 2119 4509 Rom.
2188 4465 2321 4511 tom.
2390 4457 2498 4523 VII,
2565 4458 2717 4528 prmi.
2792 4475 2913 4532 pag.
2975 4464 3117 4528 vm.)

646 4602 829 4659 Photii
859 4601 1152 4675 Syntagma
1181 4619 1442 4657 canonum
1474 4604 1638 4673 (quod
1667 4605 1734 4660 ab
1761 4607 1991 4663 eruditis
2023 4624 2145 4663 cum
2174 4611 2223 4670 Α

2216 4656 2225 4670 _
2253 4614 2519 4683 σωτηρίου
2552 4614 2819 4685 δόγματος
2850 4617 2944 4669 καὶ
2996 4620 3207 4688 χρηστῇ
3247 4617 3574 4689 διδασκαλίᾳ
3602 4622 3793 4671 πάντων

574 4694 817 4763 ejusdem
850 4692 1125 4764 Synagoge
1167 4710 1427 4747 canonum
1459 4694 1719 4749 confundi
1750 4697 1908 4768 solet)
1943 4697 2141 4754 habere

2242 4702 2544 4772 ἀνθρώπων
2568 4705 2887 4770 ἐκτεθέντας
2907 4707 3229 4779 θεοπρεπεῖς
3264 4710 3496 4772 κανόνας
3526 4712 3606 4773 εἰς
3626 4707 3793 4761 ταυτὸν

562 4800 654 4842 me
683 4786 736 4840 in
770 4786 1048 4850 manibus,
1095 4786 1259 4857 idque
1291 4786 1433 4857 typis
1480 4786 1777 4857 aliquando
1819 4789 1936 4845 fore
1968 4792 2138 4846 tradi-

2246 4798 2595 4864 συναγαγεῖν,
2633 4798 2872 4868 ἑκάστης
2930 4802 3147 4854 συνόδου
3200 4804 3266 4872 τῇ
3309 4802 3654 4876 προσηγορέᾳ
3688 4800 3793 4860 τοὺς

560 4889 768 4943 turum,
796 4876 911 4932 dixi
943 4877 1153 4948 aliquot
1196 4878 1398 4933 abhinc
1440 4878 1600 4933 annis
1644 4878 1699 4933 in
1741 4881 2137 4952 prolegomenis

2245 4887 2412 4958 αὐτῆς
2447 4890 2723 4959 ἐχομένως
2772 4892 3066 4957 ὑποτιθείς.
3121 4893 3383 4965 Quotquot
3423 4913 3455 4949 a
3484 4898 3677 4950 sanctis
3715 4892 3792 4945 de-

560 4968 803 5040 repetitaa
844 4962 1134 5025 ‘editionis
1194 4970 1332 5025 tomi
1390 4969 1409 5023 Ι
1472 4971 1805 5041 Scriptorum
1873 4984 2136 5042 veterum,
2244 4993 2353 5030 cem
2387 4980 2870 5047 synodis,diversis
2918 4962 3361 5052 temporibuspad
3427 4986 3681 5039 salutaris
3719 4984 3792 5035 do-

560 5078 617 5132 p.
651 5078 857 5128 xxvnt;
884 5076 995 5133 quo
1018 5078 1165 5118 nunc
1191 5063 1463 5133 promisso
1492 5062 1711 5134 defungi
1736 5064 1946 5131 volens,
1971 5066 2142 5122 trinas
2246 5065 2432 5119 ctrina:
2455 5068 2929 5136 conﬁrmationem,
2969 5069 3259 5141 bonamque
3278 5073 3512 5125 omnium
3548 5073 3790 5126 hominum

559 5153 740 5210 Pbotii
776 5155 921 5211 circa
948 5154 1039 5225 jus
1063 5155 1391 5212 canonicum
1417 5170 1577 5211 curas
1606 5156 1945 5229 distinguere
1982 5168 2142 5227 atque
2244 5156 2630 5211 institutionem
2675 5158 2895 5225 habitis,
2933 5161 3062 5213 editi
3106 5171 3227 5213 sunt
3268 5163 3412 5215 sacri
3451 5179 3689 5224 canones,
3717 5176 3789 5213 eos

560 5247 617 5299 in
675 5252 1020 5300 antecessum
1094 5260 1368 5315 exponere
1438 5261 1664 5302 necesse
1729 5257 1830 5302 est.
1899 5246 2137 5301 Primam
2245 5259 2334 5311 ego
2359 5260 2535 5301 omnes
2560 5248 2614 5300 in
2644 5263 2808 5301 unum
2833 5266 3023 5319 corpus
3055 5251 3377 5321 colligendos
3405 5255 3630 5324 suscepi,
3653 5255 3717 5305 ita
3743 5257 3788 5302 ut

562 5336 744 5405 itaque
795 5352 982 5391 curam
1037 5352 1192 5392 suam
1234 5339 1313 5393 sic
1344 5347 1531 5393 narrat
1576 5337 1804 5393 Photius
1861 5347 1985 5392 ante
2019 5336 2139 5391 No-
2243 5337 2652 5408 uniuscujusque
2714 5342 2901 5410 synodi
2972 5344 3315 5411 appellationi
3384 5363 3447 5400 ac
3514 5348 3664 5400 titulo
3720 5340 3787 5396 sui

560 5443 910 5482 mocanonnm
971 5428 1024 5483 in
1071 5427 1435 5495 Praefatioue,
1494 5444 1659 5499 quam
1721 5444 1789 5484 ex
1841 5426 2136 5483 Oxoniensi
2235 5430 2472 5496 proxime
2506 5446 2729 5485 canones
2756 5433 2981 5502 subjecti
3010 5438 3140 5491 sint.
3174 5437 3353 5507 Pergit
3394 5439 3594 5495 deinde
3632 5439 3789 5494 dicere

559 5519 749 5573 codice
797 5518 1057 5576 Justellus
1102 5521 1293 5587 edidit,
1347 5522 1492 5578 Bibl.
1542 5539 1668 5578 can.
1703 5530 1744 5578 t.
1790 5520 1854 5588 ll,
1889 5536 1946 5591 p.
1979 5520 2083 5575 789
2122 5543 2134 5576 :
2245 5520 2489 5584 Pltotius,
2525 5538 2584 5577 se
2613 5538 2853 5581 canones
2879 5542 3097 5598 quoque
3125 5531 3521 5599 apostolorum,
3550 5531 3783 5602 synodum

570 5606 938 5681 Ἐπεχείρησα.
970 5612 1096 5676 τοὺς
1126 5611 1231 5666 ὑπὸ
1264 5611 1373 5668 τῶν
1405 5615 1464 5667 ὲν
1493 5613 1705 5684 χρόνοις
1727 5612 2003 5682 διαφόροις
2042 5627 2135 5680 γε-

2250 5613 2757 5683 Carthaginiensem
2786 5618 2911 5685 (sub
2944 5621 3177 5688 primate
3200 5623 3443 5692 Aurelio)
3491 5632 3545 5678 et
3585 5619 3785 5677 nonnuls

558 5701 872 5771 γενημένων
926 5704 1095 5771 ἁγίων
1141 5704 1269 5761 δέκα
1305 5705 1538 5762 συνόδων
1574 5705 1666 5759 ἐπὶ
1700 5703 1990 5775 βεϐαιώσει
2039 5701 2131 5757 τοῦ

2245 5702 2421 5757 lorum
2453 5713 2764 5760 sanctorum
2796 5706 3017 5763 Patrum
3048 5710 3181 5765 alios
3205 5725 3442 5765 canones
3473 5727 3567 5767 seu
3596 5712 3780 5765 decreta
