3994 6432
188 419 271 482 433

187 532 344 587 eodem
372 542 528 598 opere
565 528 901 583 conclusisse
930 545 943 580 :
977 535 1032 582 et
1065 526 1244 597 primo
1274 526 1494 597 quidem
1543 527 1705 596 μέχρι
1732 522 1786 581 Α

182 626 260 693 τῆς
305 622 546 690 πέμπτης
594 619 809 673 συνόδου
854 618 1085 681 κανόνας
1127 621 1205 681 εἰς
1265 617 1323 671 ἒν
1383 620 1709 685 συναγαγεῖν

184 716 374 784 θέμενος
417 711 656 774 σκοπόν,
706 727 862 780 scopo
899 710 1002 764 sibi
1026 712 1322 781 proposito,
1366 720 1425 764 ut
1485 727 1709 764 canones

181 820 315 873 usque
342 801 404 854 ad
439 802 699 870 synodum
732 802 971 870 quintam
1012 801 1068 855 in
1105 817 1270 854 unum
1321 816 1508 868 corpus
1561 800 1713 855 colli-

183 902 317 967 geret.
349 892 446 947 Sed
475 908 624 957 mox,
664 901 723 946 ut
751 892 948 947 ibidem
976 893 1181 957 subdit,
1230 892 1489 963 ampliato
1530 892 1712 948 consi-

183 988 260 1051 lio,
308 986 512 1055 longius
560 984 845 1053 processit,
899 985 975 1039 ita
1021 993 1081 1039 ut
1126 985 1362 1055 synodos
1402 999 1621 1054 quoque
1657 999 1716 1039 se

182 1074 456 1144 patriarcha
488 1072 702 1127 habitas
720 1086 873 1141 teque
892 1074 1249 1141 excerpserit,
1288 1086 1532 1141 opusque
1553 1084 1714 1125 suum

183 1179 305 1217 anno
329 1164 541 1216 demum
574 1176 938 1228 DCCCLXXXIII,
965 1161 1152 1231 paucis
1175 1170 1300 1216 ante
1328 1162 1534 1217 obitum
1557 1161 1716 1215 annis

184 1252 466 1308 absolverit.
496 1250 679 1306 Prima
707 1252 872 1322 igitur
897 1254 1220 1321 caeterisque
1263 1254 1492 1322 amplior
1537 1253 1717 1307 Photii

184 1343 409 1396 canonica
438 1342 743 1397 lucubratio
770 1344 884 1397 huic
908 1342 1028 1407 fuit,
1067 1359 1230 1411 quam
1265 1344 1423 1397 titulo
1457 1344 1715 1411 Συναγω-

182 1434 285 1501 γῆς,
306 1434 353 1488 id
379 1442 460 1488 est
482 1433 841 1501 Collectionis,
866 1434 1202 1503 distinguere
1228 1436 1296 1489 ab
1319 1436 1441 1489 aliis
1468 1436 1715 1490 interest.

186 1524 289 1577 Hice
311 1532 480 1578 autem
515 1540 783 1595 synagoge
823 1525 964 1595 ipsa,
998 1534 1056 1579 ut
1088 1541 1234 1590 reor,
1271 1535 1374 1590 est,
1406 1543 1564 1594 quam
1595 1544 1718 1582 cum

184 1611 381 1667 Zonaras
426 1622 485 1668 et
514 1613 855 1670 Balsamonis
905 1615 1129 1671 scholiis
1171 1626 1283 1671 tum
1327 1617 1382 1671 in
1428 1616 1722 1675 Parisiensi

182 1705 409 1769 editione,
447 1714 562 1760 tum
593 1707 645 1761 in
681 1706 957 1778 Beveregii
994 1709 1272 1778 praeclaris
1306 1708 1591 1765 Pandectis
1640 1712 1722 1765 le-

180 1797 349 1864 gimus.
374 1797 693 1867 Quanquam
720 1802 905 1853 eadem
939 1800 991 1854 in
1016 1816 1177 1855 manu
1201 1802 1419 1871 scriptis
1446 1802 1722 1858 codicibus

181 1903 272 1941 non
294 1889 403 1943 sine
428 1889 665 1958 plurima
693 1890 978 1954 varietate,
1011 1906 1075 1946 ac
1116 1894 1276 1947 modo
1319 1893 1530 1963 longior
1559 1895 1722 1949 modo
1761 1880 1799 1933 Β

179 1981 484 2034 contractior
510 1981 677 2051 jacet,
713 1992 770 2036 ut
801 1983 931 2036 mihi
964 1983 1163 2053 legenti
1193 1997 1537 2055 compertum
1569 1996 1670 2043 cst.

238 2070 349 2125 Mox
378 2074 632 2128 secundae
662 2074 1057 2131 lucubrationis
1086 2086 1338 2131 naturam
1372 2079 1452 2134 sic
1493 2081 1721 2135 Photius

178 2161 408 2217 describit
444 2182 459 2219 :
496 2165 720 2219 Πάντων
753 2166 809 2219 δὲ
855 2167 963 2219 τῶν
1015 2168 1447 2240 συνειλεγμένων
1490 2171 1588 2241 τὴν
1631 2172 1723 2225 δύ-

178 2269 318 2321 ναμιν
343 2255 419 2316 εἰς
448 2254 668 2318 τίτλους
705 2256 838 2309 δέκα
871 2257 1007 2327 πρὸς
1050 2257 1273 2329 τέτρασι
1316 2258 1572 2326 συνελὼν,
1630 2261 1722 2314 καὶ

179 2344 355 2398 τούτων
386 2347 617 2400 ἕκαστον
663 2349 742 2410 εἰς
771 2347 1002 2420 διάφορα
1032 2350 1305 2418 κεφάλαια
1333 2351 1522 2405 διελών
1553 2368 1566 2380 ·
1605 2349 1723 2407 εἶτα

179 2438 284 2499 τοὺς
309 2439 435 2507 πρὸς
471 2439 711 2510 ἑκάστην
744 2441 969 2511 ζήτησιν
1002 2442 1341 2513 ἁρμόζοντας
1389 2444 1546 2514 ὄρους
1592 2445 1725 2499 ὑπο-

182 2528 292 2592 θεὶς,
322 2530 414 2594 τάς
459 2548 521 2583 τε
554 2534 929 2604 προσηγορίας
957 2534 1066 2589 τῶν
1100 2536 1296 2599 αὐτοὺς
1328 2537 1596 2609 εὑρόντων
1628 2538 1725 2609 δη-

180 2616 354 2684 λώσας,
391 2622 487 2674 καὶ
532 2622 624 2677 τὸν
658 2624 891 2694 ἀριθμὸν
916 2625 1005 2680 διὰ
1036 2627 1144 2679 τῶν
1172 2628 1548 2698 ἀριθμητικῶν
1582 2648 1727 2684 στοι⁴

182 2707 339 2775 χείων,
371 2711 723 2779 εὐσύνοπτον,
752 2714 828 2779 ὡς
865 2710 1041 2782 οἶμαι,
1063 2718 1203 2770 κατὰ
1222 2718 1453 2788 δύναμιν
1474 2722 1535 2775 τὸ
1568 2723 1727 2791 Σύν-

183 2813 350 2866 ταγμα
384 2803 696 2874 πεποίημαι
725 2821 739 2835 ο
777 2804 986 2860 Horum
1019 2817 1196 2862 autem
1233 2813 1468 2865 omnium
1503 2813 1581 2866 ita
1613 2814 1726 2867 col-

182 2887 407 2945 lectorum
452 2895 509 2947 vi
552 2896 608 2948 in
650 2897 834 2952 titulos
884 2901 1284 2968 qualuordecim
1324 2912 1616 2970 contracta,
1666 2923 1729 2960 ac

186 2995 467 3053 unoquoque
503 2986 691 3041 horum
733 2990 1012 3043 titulorum
1045 2992 1101 3045 in
1143 2995 1290 3047 varia
1326 2996 1501 3063 capita
1543 2998 1729 3051 distri-

186 3072 321 3140 buto;
344 3076 535 3132 deinde
560 3082 839 3151 unicuique
862 3085 1142 3153 qucestioni
1185 3088 1604 3141 convenientibus
1641 3090 1732 3143 de-

184 3162 490 3229 ﬁnitionibus
527 3170 794 3239 subjectis,
839 3183 1219 3244 auctorumque
1249 3177 1484 3245 ipsorum
1519 3182 1731 3234 nomine

185 3252 451 3324 declarato,
514 3278 717 3317 necnon
754 3264 915 3318 etiam
987 3281 1203 3321 numero
1256 3285 1351 3338 per
1398 3269 1735 3326 arithmetica

185 3340 412 3399 elementa
457 3352 742 3418 apposito,
785 3355 995 3424 cognitu
1049 3356 1229 3424 facile,
1289 3369 1347 3412 ut
1385 3360 1591 3429 Opinor,
1642 3378 1737 3430 pro

188 3433 360 3489 viribus
408 3437 706 3511 Syntagma
740 3443 1024 3499 elaboravi.
1067 3445 1147 3501 En
1199 3449 1457 3513 secunda,
1496 3462 1556 3505 ut
1602 3452 1737 3519 dixi,

188 3528 424 3583 canonica
458 3530 635 3586 Photii
671 3533 999 3601 lucubratio,
1050 3536 1342 3609 Syntagma
1392 3540 1628 3609 scilicet,
1685 3544 1740 3598 id

189 3625 257 3668 est
282 3620 527 3674 ordinata
568 3625 883 3693 compositio
932 3641 1227 3694 canonum,
1268 3637 1433 3698 atque
1474 3632 1540 3685 ad
1574 3647 1740 3700 pecu-

190 3704 353 3762 liarem
402 3712 567 3767 ﬁnem
625 3715 869 3781 directa,
932 3718 983 3772 id
1034 3729 1119 3774 est
1171 3721 1239 3775 ad
1286 3722 1741 3780 demonstrandos

190 3799 689 3875 conﬁrmandosque
737 3810 989 3863 canonici
1037 3810 1181 3880 juris
1232 3812 1471 3869 delectos
1526 3815 1736 3872 titulos.

188 3886 333 3944 Aliud
348 3903 427 3948 est
456 3894 646 3965 igitur,
677 3906 735 3950 ut
756 3896 867 3967 jam
900 3898 1035 3965 dixi,
1070 3915 1345 3954 canonum
1374 3901 1489 3957 sive
1515 3918 1580 3956 ex
1607 3918 1741 3974 syn-

190 3980 293 4037 odis
344 3985 457 4041 sive
498 3987 667 4042 etiam
707 4003 774 4044 ex
806 3989 1037 4061 singulis
1085 3991 1341 4048 Patribus
1376 3997 1740 4064 coacervatio,

189 4082 329 4139 atque
356 4074 406 4127 in
436 4091 548 4131 uno
581 4076 859 4133 volumine
903 4080 1151 4150 scriptio,
1179 4098 1300 4151 quae
1349 4084 1483 4138 nihil
1521 4094 1603 4139 est
1636 4086 1743 4141 nisi

188 4166 410 4230 quatdam
449 4172 743 4242 συναγωγή
768 4190 782 4238 ;
811 4174 957 4228 aliud
992 4189 1121 4229 vero
1173 4176 1457 4245 ingeniosa
1494 4178 1741 4247 ipsorum

187 4254 470 4326 dispositio,
504 4268 672 4331 atque
710 4264 775 4317 ad
804 4273 983 4321 certos
1013 4280 1209 4336 scopos
1236 4267 1564 4333 collineatio,
1597 4270 1744 4339 quod

190 4347 451 4419 σύνταγμα
505 4354 730 4425 prOprie
766 4357 1102 4424 appellatur;
1136 4373 1244 4425 quo
1293 4360 1559 4414 vocabulo
1602 4360 1746 4415 Pho-

189 4439 281 4491 tius
310 4441 408 4496 hoc
439 4455 589 4513 opus‘
606 4459 768 4497 suum
796 4460 1013 4515 semper
1064 4446 1339 4515 indigitat,
1390 4457 1450 4502 ut
1500 4447 1739 4517 cuipiam

1758 3226 1803 3291 Ο

935 410 1333 471 SYNTAGMA
1367 406 1756 470 CANONUM.
1788 430 1858 441 -
1884 406 1955 466 Α.
1994 407 2133 467 MAI
2171 408 2581 469 PR/EFATIO.

1809 519 2171 585 Lambecius.
2230 522 2639 594 Bibl._Vindob.
2689 521 2776 577 ed.
2832 518 3039 575 Kollar.
3087 516 3184 573 lib.
3232 530 3367 578 vin,

1810 626 1865 680 p.
1893 610 2030 676 909;
2064 611 2366 676 Fabricius,
2402 613 2541 668 Bibl.
2574 610 2668 666 Gr.
2696 611 2785 667 ed.
2821 626 2946 666 nov.
2974 618 3013 664 t.
3046 607 3136 671 XI,
3173 600 3227 676 p.
3278 605 3373 671 2|,

1810 710 1865 756 et
1909 710 1949 756 t.
2002 702 2118 768 Xll,
2170 720 2223 774 p.
2278 705 2417 770 185;
2467 705 2825 767 Assemanus,
2859 701 2983 755 Jur.
3020 699 3227 755 Orient.
3262 705 3300 750 t.
3337 696 3378 759 Ι,

1811 807 1866 861 p.
1894 792 1983 855 57,
2016 794 2109 863 qui
2139 793 2192 848 in
2221 795 2407 849 codice
2442 793 2564 850 Vat.
2592 792 2750 858 H85,
2782 800 2837 847 et
2868 790 3043 845 Palat.
3085 789 3192 844 408
3225 827 3241 855 ,
3289 804 3386 843 ex-

1813 892 1957 939 stare
2004 884 2078 938 ait
2106 883 2284 939 Photii
2334 885 2650 956 Synlagma,
2704 884 2757 937 in
2811 882 3013 953 quibus
3064 894 3258 950 reapse
3308 879 3385 934 nil

1812 981 2008 1042 praeter
2057 973 2485 1029 Nomocanonem
2543 990 2608 1029 ac
2661 972 2969 1045 Synagogen
3024 986 3149 1026 cum
3196 969 3385 1024 Balsa-

1824 1065 2004 1119 monis
2039 1066 2275 1122 Scholiis
2321 1067 2573 1122 habetur.
2614 1066 2859 1135 Denique
2892 1074 2946 1121 et
2976 1063 3215 1119 Jacobus
3265 1061 3384 1115 Mo-

1817 1158 2008 1215 rellius
2036 1160 2091 1213 in
2124 1158 2266 1213 Bibl.
2304 1159 2366 1215 S.
2408 1160 2600 1225 Marci,
2634 1176 2691 1230 p.
2722 1159 2813 1229 97,
2864 1156 3043 1213 Photii
3092 1156 3389 1226 Syntagma

1818 1252 2055 1322 appellat
2083 1252 2350 1322 nobisque
2376 1253 2624 1323 exponit,
2656 1253 2709 1307 id
2744 1252 2890 1321 quod
2925 1248 3213 1305 manifeste
3253 1246 3394 1301 nihil

1819 1355 1903 1399 est
1926 1344 2070 1399 aliud
2100 1360 2265 1415 quam
2302 1345 2478 1401 Photii
2504 1347 2681 1415 prima
2714 1343 3012 1415 Synagoge,
3056 1340 3301 1397 nondum
3334 1339 3392 1392 in

1821 1437 2011 1492 titulos
2041 1436 2357 1502 distributa,
2394 1452 2572 1507 neque
2599 1436 2693 1498 adat
2709 1436 3069 1506 Sgntagmatis
3120 1433 3391 1487 rationem

1821 1531 2063 1584 redacta.
2088 1528 2365 1586 Tenemus
2394 1528 2507 1599 jam
2559 1528 2726 1598 igitur
2766 1526 2947 1582 Photii
2990 1525 3282 1595 Syntagma
3329 1536 3395 1575 ex

1824 1623 2043 1693 propria
2096 1621 2381 1692 Synagoge
2411 1621 2479 1675 ab
2515 1620 2703 1676 eodem
2740 1628 3047 1689 sumptum,
3073 1627 3127 1673 et
3156 1618 3209 1672 in
3264 1617 3396 1669 titu-

1826 1713 1908 1767 los
1942 1729 2032 1767 xrv
2064 1712 2441 1776 distributum,
2501 1710 2555 1763 in
2591 1726 2827 1781 quorum
2858 1709 3088 1780 singulis
3135 1707 3397 1763 continua

1829 1808 2147 1876 integraque
2193 1804 2439 1861 dictione
2488 1817 2585 1858 eos
2631 1817 2870 1856 canones
2920 1800 3161 1870 scripsit,
3202 1797 3295 1869 qui
3330 1798 3397 1851 ad

1830 1911 1942 1949 rem
1975 1895 2308 1965 propositam
2332 1892 2765 1949 conﬁrmandam
2792 1901 3044 1963 prosunt.
3072 1890 3247 1956 Quam
3279 1903 3396 1944 rem

1830 1986 1902 2040 ita
1936 2001 1994 2040 se
2023 1986 2244 2051 habere,
2276 1986 2448 2040 codex
2474 1984 2886 2046 Columnensis,
2912 1998 3061 2039 nunc
3085 1982 3400 2045 Vaticanus,

1828 2080 1895 2133 de
1923 2094 2031 2148 quo
2065 2094 2228 2146 supra
2257 2080 2609 2147 inzGermano
2635 2077 2767 2143 dixi,
2802 2076 3138 2132 demonstrat
3165 2094 3179 2130 :
3206 2075 3398 2131 codex.

1831 2168 2078 2236 inquam,
2123 2168 2374 2238 insignis,
2430 2167 2849 2229 membraneus,
2905 2166 3185 2235 antiquus,
3217 2166 3401 2221 saeculi

1831 2275 2030 2329 nempe
2078 2261 2271 2316 saltem
2308 2277 2406 2325 xn,
2460 2259 2794 2329 calligrapha
2840 2259 3197 2328 diligentique
3237 2272 3402 2312 manu

1834 2352 2094 2421 scriptus,
2138 2361 2411 2421 tantaeque
2457 2351 2726 2418 raritatis,
2772 2359 2832 2406 ut
2881 2351 2970 2406 hic
3017 2352 3168 2407 solus
3212 2350 3398 2404 Photii

1831 2458 2022 2496 verum
2078 2440 2370 2512 Sgutagma
2419 2443 2701 2498 continere
2745 2442 2995 2507 videatur
3036 2460 3050 2497 :
3100 2442 3207 2498 nisi
3263 2442 3403 2496 forte

1833 2535 1979 2589 aliud
2013 2535 2291 2604 exemplar
2307 2543 2393 2589 est
2420 2534 2476 2589 in
2500 2534 2690 2589 codice
2719 2534 3059 2589 Dubliniensi
3085 2549 3215 2589 mss.
3239 2533 3399 2603 Angl.

1833 2636 1886 2682 et
1914 2625 2134 2680 Hibern.
2173 2635 2212 2680 t.
2239 2625 2304 2693 ll,
2336 2636 2474 2696 part.
2508 2642 2570 2690 ιι,
2602 2642 2657 2696 p.
2692 2626 2780 2689 40,
2815 2626 2908 2695 qui
2932 2626 3010 2682 sic
3037 2626 3401 2682 describitur:

1834 2722 2014 2777 Photii
2043 2721 2178 2792 leges
2215 2719 2527 2793 (canones?)
2558 2736 2650 2790 per
2687 2720 2919 2790 capitula
2948 2720 3164 2790 digesta:
3200 2719 3403 2789 plenius

1822 2830 1994 2885 quam
2026 2815 2079 2867 in
2109 2812 2511 2867 Nomocanone.
2552 2811 2711 2866 Certe
2764 2811 2808 2866 si
2858 2827 3081 2865 canones
3128 2825 3225 2880 pro
3271 2808 3404 2880 leges

1838 2903 2187 2959 scribendum
2221 2902 2342 2968 fuit,
2376 2912 2630 2958 accurata
2659 2902 2792 2956 mihi
2822 2901 2935 2957 haec
2957 2903 3227 2957 videretur
3264 2899 3405 2954 Pho-

1840 2994 1968 3049 tiani
2009 2994 2369 3065 Syntagmatis
2398 2994 2662 3048 deﬁnitio.

1908 3086 2066 3142 Nunc
2108 3087 2221 3156 jam
2282 3086 2529 3155 sequitur
2564 3094 2622 3139 ut
2664 3085 2730 3139 de
2779 3084 2954 3139 tertiis
2994 3082 3170 3137 Photii
3210 3081 3275 3136 ad
3320 3080 3410 3151 jus

1840 3180 2166 3236 canonicum
2214 3179 2363 3233 curis
2417 3178 2693 3232 dicamus.
2758 3176 3021 3231 Homines
3077 3176 3151 3230 ita
3214 3183 3411 3229 natura

1840 3271 2140 3345 comparati
2192 3282 2342 3338 sunt,
2396 3280 2458 3327 ut
2515 3280 2670 3326 actus
2731 3284 2861 3326 suos
2916 3266 3111 3339 partim
3162 3265 3411 3334 exemplo

1839 3367 1997 3430 duce,
2021 3364 2216 3434 partim
2241 3363 2463 3433 proprio
2478 3362 2768 3416 ratiocinio
2791 3368 3053 3429 motuque
3070 3358 3410 3426 depromant.

1842 3455 2143 3526 Utramque
2182 3456 2322 3509 hanc
2349 3453 2593 3523 regulam
2644 3460 2867 3506 secutus
2896 3448 3125 3503 Photius
3149 3448 3363 3502 videtur
3394 3464 3409 3501 :

1841 3564 2077 3619 namque
2106 3555 2164 3602 ut
2192 3563 2298 3601 non
2331 3547 2509 3601 solum
2534 3544 2825 3614 Syntagma
2847 3544 2940 3598 sed
2971 3540 3407 3595 Nomocanonem

1847 3644 2013 3696 etiam
2064 3638 2326 3694 conderet
2361 3636 2435 3705 (id
2481 3636 2625 3691 enim
2663 3634 2823 3689 tertio
2852 3633 2998 3703 operi
3025 3641 3107 3687 est
3151 3629 3411 3702 nomen),

1842 3731 2038 3786 ducem
2066 3727 2258 3783 habuit
2281 3725 2613 3782 antedictum
2638 3721 2926 3788 Joannem,
2958 3723 3051 3791 qui
3075 3718 3416 3791 Syntagmati

1844 3836 1946 3878 suo
1982 3820 2407 3874 Nomocanonem
2457 3818 2611 3871 illum
2660 3814 2962 3879 subtexuit,
2999 3828 3161 3883 quem
3206 3812 3414 3880 primus

1842 3913 2104 3970 Justellus
2131 3910 2321 3966 edidit.
2347 3909 2452 3965 Sed
2475 3910 2620 3965 enim
2652 3908 2783 3963 illud
2820 3908 2991 3961 multo
3013 3904 3413 3967 vehementius,

1845 4016 1907 4063 ut
1938 4006 2153 4075 opinor,
2187 4004 2444 4059 Photium
2483 4002 2722 4072 impulit,
2751 4000 2878 4070 quia
2921 3998 3213 4071 Sgntagma
3254 4012 3414 4053 suum

1844 4096 2258 4167 repetitionibus
2288 4094 2540 4165 plurimis
2570 4093 2821 4148 laborare
2848 4092 3099 4157 videbat;
3126 4098 3416 4160 propterea

1845 4188 1990 4258 quod
2034 4188 2257 4243 eosdem
2289 4200 2554 4246 canones,
2584 4193 2638 4240 et
2674 4184 2894 4254 quidem
2942 4196 3085 4250 saepe
3123 4181 3416 4250 longiores,

1846 4295 2061 4336 necnon
2119 4279 2339 4347 copiosa
2372 4277 2595 4331 Patrum
2635 4283 2937 4345 segmenta,
2977 4274 3082 4339 bis,
3115 4279 3331 4342 quater,
3356 4284 3421 4324 ac

1846 4370 2077 4424 fortasse
2120 4368 2304 4422 decies
2346 4365 2636 4438 aliquando
2675 4378 2958 4418 recurrere
2991 4375 3227 4417 necesse
3276 4369 3414 4427 erat,

1847 4460 1976 4529 quia
2000 4458 2234 4514 diversis
2262 4455 2520 4510 titulisvet
2549 4452 2802 4523 capitulis
2845 4467 3002 4522 atque
3045 4450 3394 4520 quadrabant

188 4521 366 4621 libr“?
397 4536 650 4621 "_05"‘“m
680 4528 877 4621 193:3?“
899 4529 1191 4621 Fonsl‘lm}
1216 4531 1400 4600 Ιιθίιυθ
1424 4541 1476 4586 ει
1504 4530 1743 4588 δοδιιιιθε
1766 4558 1821 4619 1)
1850 4521 1992 4621 Ergo
2022 4547 2235 4604 etiamsi
2269 4546 2563 4615 Syntagma
2597 4521 2805 4598 utiliter
2838 4521 3153 4599 confectum
3194 4550 3331 4607 erat,
3364 4541 3418 4595 in

188 4609 567 4681 Scholasticus,
613 4617 707 4688 qui
751 4616 1006 4671 Photium
1038 4607 1443 4690 in‘Byzautino
1494 4622 1740 4690 patriar-

188 4704 332 4760 chatu
385 4709 644 4765 ducentis
710 4712 870 4765 annis
929 4712 1246 4781 przecessit,
1310 4713 1455 4781 paris
1514 4716 1744 4770 omnino

188 4805 459 4856 structura:
493 4802 697 4855 librum
739 4818 805 4856 cx
833 4802 1139 4859 canonibus
1167 4820 1339 4874 usque
1366 4806 1432 4860 ad
1468 4807 1741 4876 synodum

188 4899 418 4952 quartam
454 4893 780 4958 conﬁciens,
815 4895 895 4949 sic
918 4896 969 4947 in
1005 4895 1161 4949 titulo
1198 4896 1360 4951 habet
1387 4916 1401 4951 :
1427 4898 1749 4952 Συντάττει

190 4980 297 5043 τοὺς
324 4982 479 5046 ὅλους
508 4985 741 5048 κανόνας
793 4987 870 5047 εἰς
906 4985 947 5038 ν’
982 4986 1193 5050 τίτλους
1237 5004 1251 5041 :
1283 4987 1474 5042 O‘mnes
1523 5006 1747 5044 canones

187 5070 267 5119 sub
299 5074 468 5126 titulis
496 5076 880 5145 quinquaginta
900 5076 1058 5129 simul
1087 5080 1372 5147 componit,
1391 5094 1485 5134 seu
1517 5080 1583 5133 ad
1609 5081 1748 5152 Syn-

189 5170 346 5228 tagma
369 5165 606 5233 redigit;
642 5181 753 5235 quo
785 5168 1006 5222 nomine
1033 5167 1261 5224 Joannis
1296 5171 1452 5225 labar
1484 5184 1750 5227 constan-

189 5259 257 5303 ter
284 5253 627 5325 designatur.
661 5257 753 5314 Sic
780 5276 909 5329 crgo
957 5264 1205 5331 exposita
1244 5264 1496 5318 Photiani
1550 5266 1755 5336 Sgnta-

189 5347 365 5410 gmatis
394 5363 524 5402 vera
563 5351 805 5418 notione,
832 5368 991 5422 spero
1041 5354 1233 5410 falsam
1280 5355 1451 5422 illam,
1501 5368 1562 5412 ut
1606 5373 1751 5422 reor,

188 5434 681 5508 hil-liographorum
725 5443 1059 5511 opinionem,
1089 5447 1421 5501 exstinctum
1474 5448 1562 5513 iri,
1607 5448 1755 5517 quod

188 5539 367 5599 nempe
395 5531 581 5586 Photii
630 5531 921 5605 Synlagma
955 5537 1094 5592 idem
1142 5538 1212 5593 sit
1259 5549 1424 5610 atque
1477 5539 1754 5612 Synagoge

192 5618 639 5691 (repugnantibus
669 5626 804 5695 ipsis
831 5628 969 5681 inter
991 5644 1050 5683 se
1081 5632 1417 5704 vocabulis);
1438 5650 1753 5704 quanquam

191 5713 377 5765 summi
408 5729 631 5786 quoque
652 5714 784 5783 'viri,
817 5717 1157 5788 ignoratione
1181 5723 1386 5778 codicis
1416 5724 1589 5777 nostri
1616 5734 1670 5778 et
1695 5738 1755 5778 re

196 5816 374 5867 parum
407 5807 776 5876 considerata,
832 5811 938 5867 isto
972 5813 1133 5869 modo
1182 5814 1350 5870 locuti
1397 5827 1540 5883 sunt,
1586 5814 1752 5871 veluti

1848 4657 1955 4712 quo
1975 4640 2157 4694 omnia
2182 4638 2297 4692 suis
2327 4636 2461 4691 locis
2491 4635 2795 4706 perscripta
2835 4634 3151 4697 exstabant,
3180 4634 3421 4688 molestae

1848 4746 2029 4789 tamen
2054 4729 2210 4783 valde
2231 4726 2687 4788 exscribentibus,
2728 4740 2921 4794 graves
2948 4726 3077 4779 item
3106 4725 3419 4780 ementibus

1849 4816 2168 4872 accidebant
2203 4828 2477 4867 canonum
2509 4812 2867 4881 repetitiones
2900 4820 2997 4876 tot,
3023 4827 3147 4881 quae
3167 4811 3417 4867 volumen

1849 4904 2239 4978 propemodum
2260 4903 2630 4971 duplicabant.
2649 4901 2789 4968 Quid
2815 4901 3011 4972 igitur?
3028 4901 3419 4957 Brevissimum

1848 4997 2137 5055 delineavit
2163 4996 2390 5051 Photius
2447 4995 2853 5064 compendium,
2900 4993 2955 5048 in
2993 5009 3103 5063 quo
3139 4994 3421 5048 titulorum

1848 5099 1902 5146 et
1930 5089 2290 5159 capitulorum
2332 5085 2664 5139 thematibus
2716 5085 2794 5138 nil
2842 5084 3216 5139 substerneret
3246 5081 3419 5147 aliud,

1849 5194 2010 5249 quam
2056 5173 2431 5230 arithmeticas
2477 5181 2637 5227 notas
2679 5170 2897 5224 illorum
2946 5184 3241 5231 canonum,
3280 5183 3421 5237 quos

1850 5271 1957 5323 lata
1990 5267 2240 5321 oratione
2273 5264 2565 5332 scripserat
2612 5262 2668 5315 in
2700 5260 3070 5331 Syntagmale.
3103 5258 3199 5313 Est
3238 5258 3425 5328 itaque

1851 5356 2202 5410 Nomocanon
2234 5355 2502 5410 brevia’tio
2541 5368 2688 5406 mera
2733 5350 3119 5421 Syntagmatis.
3158 5349 3249 5404 Sic
3273 5349 3421 5403 enim

1850 5447 2013 5501 ctiam
2065 5449 2117 5500 in
2167 5448 2317 5503 calce
2371 5444 2768 5499 Nomocanonis
2817 5442 3055 5512 legitur:
3099 5440 3263 5503 Τέλος
3314 5440 3422 5492 τῶν

1851 5537 1986 5590 δέκα
2017 5536 2152 5606 πρὸς
2178 5538 2293 5598 τοῖς
2345 5535 2611 5605 τέσσαρσι
2640 5532 2838 5585 τίτλων
2879 5530 2988 5584 τῶν
3020 5531 3170 5601 παρὰ
3214 5528 3419 5582 Φωτιου

1854 5628 2283 5698 συνοψισοέντων
2308 5644 2323 5659 ο
2355 5627 2648 5696 expliciunt
2679 5624 3076 5695 qualuordecim
3105 5622 3248 5675 tituli
3279 5621 3424 5692 (qua!

1854 5734 1935 5779 est
1963 5724 2075 5792 ipsa
2100 5733 2296 5777 natura
2326 5735 2379 5776 et
2408 5719 2725 5775 constitutio
2754 5716 3135 5788 Syntagmatis)
3167 5734 3198 5768 a
3234 5714 3421 5769 Photio

1858 5816 1912 5869 in
1936 5814 2300 5883 compendium
2347 5812 2546 5866 redacti
2587 5811 2663 5881 (id
2699 5824 2781 5867 cst
2829 5807 3218 5877 Nomocanon).
3275 5804 3437 5860 Dicm.
