3908 6296
1426 318 1453 325 -υ

566 363 672 430 435

1719 352 1977 415 ΡΗΟΤῙΙ
2020 350 2156 411 ΡΑΤ

2261 344 2524 407 ARCH/E
2549 342 2662 404 ΟΡ.
3600 330 3605 337 ’
3694 328 3784 393 436

566 474 807 547 aliquis:
849 471 908 527 Si
934 469 1282 526 Nomocanon
1306 481 1404 541 per
1437 467 1812 525 arithmetieas
1853 476 2011 522 notas
2041 480 2139 521 ca-
2172 467 2213 523 Α
2245 458 2338 515 ubi
2377 458 2505 512 item
2547 450 2930 547 συντάτῖονῖαι
2965 457 3236 547 εθηοηρες
3291 442 3584 547 vertimuin
3624 444 3786 547 priore

574 582 779 627 nonem
837 564 1065 627 indicat.
1108 562 1271 633 isque
1309 575 1490 618 canon
1540 559 1597 615 in
1632 556 1811 613 Pbotii
1866 555 2143 629 Synagoge

568 660 832 724 occurrit,
863 674 964 715 cur
992 656 1107 728 jam
1139 655 1489 727 Syntagmate
1532 663 1670 722 opus
1704 650 1811 707 sit?
1842 650 2008 720 Ergo,
2054 651 2138 704 in-

570 767 762 825 quam,
794 748 1027 804 Joannis
1052 760 1273 816 quoque
1295 743 1592 816 Syntagma
1619 750 1744 812 post
1766 741 1888 812 ejus
1935 739 2147 794 Nomo-

570 856 848 904 canonem,
876 848 931 894 et
963 844 1088 906 post
1112 836 1380 891 adunatos
1404 832 1559 889 toties
1589 831 1848 889 Ecclesiae
1878 832 2148 889 universa:

571 946 836 995 canones,
867 944 973 984 usu
1008 925 1265 982 carebit?
1301 924 1450 996 quod
1486 939 1648 981 nemo
1692 924 1951 981 cordatus
1975 922 2144 980 dicet.

571 1020 854 1078 Cresconii
882 1017 1132 1073 Africani
1173 1015 1511 1072 Breviarium
1555 1030 1831 1072 canonum
1879 1014 2147 1071 habemus

571 1114 723 1185 quod
755 1111 1013 1186 (demptis
1041 1109 1298 1167 civilibus
1316 1109 1549 1181 legibus)
1588 1107 1823 1166 Joannis
1854 1108 2148 1180 Photiique

576 1206 1009 1262 Nomocanonem
1041 1217 1271 1273 prorsus
1299 1212 1570 1272 exaequat.
1612 1200 1755 1257 Num
1791 1202 1897 1259 hoc
1941 1201 2149 1258 idcirco

569 1305 627 1354 et
653 1299 760 1354 alia
794 1297 1169 1369 Syntagmata,
1196 1310 1320 1366 qua:
1348 1301 1431 1351 tot
1471 1302 1710 1360 exstant,
1736 1294 2045 1365 praesertim
2092 1294 2148 1349 in

570 1388 698 1459 jure
728 1402 895 1453 novo,
926 1396 1059 1458 puta
1080 1386 1324 1442 Anselmi
1353 1385 1639 1449 Lucensis,
1663 1385 1960 1442 cardinalis
1983 1385 2148 1442 Deus-

573 1477 746 1545 dedit,
777 1476 1048 1543 Gratiani,
1096 1476 1416 1548 pontificum
1468 1473 1715 1547 Gregorii
1761 1482 1817 1531 et
1858 1473 2149 1541 Bonifacii,

575 1570 813 1626 utilitate
840 1569 1073 1625 carent?
1100 1569 1272 1625 Nemo
1306 1567 1361 1624 id
1400 1582 1570 1624 sanus
1601 1567 1977 1623 arbitrabitur.
2005 1567 2150 1633 Quin

573 1662 716 1717 adeo
750 1661 797 1717 si
844 1676 961 1717 rem
1013 1660 1159 1716 hanc
1198 1660 1267 1715 ad
1310 1658 1561 1714 veritatis
1609 1658 1819 1715 lancem
1862 1659 2149 1724 libremus,

576 1748 956 1824 Syutagmatis
1004 1766 1141 1807 usus
1178 1750 1463 1820 occupatis
1510 1756 1656 1805 certe
1697 1749 2013 1806 hominibus
2066 1751 2151 1806 vel

577 1845 851 1899 librorum
899 1843 1058 1914 copia
1108 1857 1217 1898 non
1270 1842 1677 1898 abundantibus
1721 1843 1882 1911 longe
1929 1842 2153 1913 pronior

576 1939 683 1992 erit
710 1944 765 1992 et
792 1935 1147 1992 fructuosior.
1171 1934 1325 1992 Licet
1368 1937 1515 1991 enim
1554 1936 1607 1990 in
1642 1934 2019 1989 Nomocanone
2048 1950 2151 1990 nu-

581 2029 806 2085 meralis
836 2037 962 2085 nota
989 2028 1123 2083 mihi
1168 2042 1435 2083 canonem
1469 2028 1691 2093 iudicet,
1734 2037 1975 2083 attamen
2007 2028 2154 2084 hunc

583 2122 805 2179 nonnisi
843 2122 1073 2179 moleste
1105 2131 1160 2177 et
1192 2137 1411 2177 morose
1436 2122 1490 2176 in
1539 2122 1843 2193 Synagoges
1881 2121 2156 2192 farragine

582 2226 857 2283 quanam.
903 2212 1028 2281 (Qui
1068 2222 1217 2268 certe
1258 2228 1326 2268 ex
1370 2211 1579 2283 Cujacii
1614 2214 1770 2269 libris
1810 2214 1901 2283 jus
1947 2213 2157 2268 discere

582 2312 730 2371 avet,
787 2303 968 2373 ipsum
1017 2302 1199 2373 potius
1238 2304 1483 2359 auctoris
1532 2312 1762 2370 textum,
1791 2319 1956 2374 quam
1983 2303 2154 2359 Alba-

584 2396 773 2451 nensis
808 2395 1246 2466 promptuarium
1287 2395 1474 2466 leget.)
1506 2394 1707 2451 Contra
1741 2396 1787 2451 si
1824 2397 1877 2450 in
1929 2396 2158 2467 singulis

580 2488 780 2554 titulis,
807 2489 954 2544 intra
984 2488 1414 2559 unumquodque
1444 2489 1765 2559 capitulum,
1790 2498 1958 2560 prout
1997 2492 2059 2545 lit
2099 2490 2155 2545 in

582 2579 953 2650 Syntagmate,
989 2591 1353 2652 congruentes
1383 2596 1622 2637 canones
1644 2581 1781 2653 ipsis
1810 2582 1990 2638 verbis
2022 2582 2159 2637 reci-

580 2680 729 2727 tatos
760 2671 1077 2737 nanciscor,
1124 2686 1215 2727 res
1258 2681 1373 2727 tota
1403 2672 1537 2726 mihi
1584 2673 1816 2728 incurrit
1849 2674 1903 2727 in
1943 2674 2155 2739 oculos,

582 2778 760 2833 neque
776 2763 991 2833 longius
1012 2763 1314 2832 quidquam
1335 2763 1577 2834 requiro.
1597 2765 1665 2817 At
1684 2764 1992 2834 injucunda:
2012 2779 2159 2834 repe-

584 2858 808 2911 titiones
848 2865 997 2911 sunt.
1034 2854 1213 2922 Sane;
1247 2855 1438 2926 haeque
1497 2856 1568 2910 ob
1597 2855 1860 2911 delicatos
1919 2856 2148 2912 lectores

584 2959 775 2999 ausam
812 2941 1219 3011 Nomocanoni,
1289 2945 1448 3015 quasi
1503 2945 1671 3000 indici
1712 2960 1776 3000 ac
1812 2945 2154 3014 repertorio,

583 3032 850 3090 struendo
874 3033 1165 3089 dederunt.
1196 3033 1309 3105 Ego
1343 3050 1563 3106 quoque
1594 3035 1737 3091 hanc
1760 3036 2006 3091 eamdem
2040 3052 2158 3091 mo-

583 3126 798 3181 lestiam
829 3127 968 3181 inter
1000 3126 1205 3181 librum
1252 3127 1676 3197 imprimendum
1707 3136 1981 3196 expertus,
2014 3128 2153 3198 ccepi
2186 3137 2230 3201 ο

583 3218 738 3273 locos
770 3219 1032 3289 repetitos
1057 3218 1347 3284 omittere;
1380 3218 1457 3273 ita
1491 3228 1693 3284 tamen,
1723 3232 1784 3273 ut
1819 3234 2008 3274 eorum
2051 3221 2158 3274 ini-

586 3307 677 3362 tiis
698 3309 938 3379 scriptis,
977 3310 1213 3365 lectores
1237 3324 1390 3365 meos
1420 3325 1516 3379 per
1544 3311 1943 3381 παραπομπάς,
1974 3312 2159 3366 remis-

584 3400 760 3455 siones
787 3402 887 3472 (ut
914 3400 975 3455 tit
1002 3401 1056 3456 in
1090 3401 1419 3457 Damasceni
1451 3401 1779 3475 Parallelis)
1816 3404 1882 3459 ad
1909 3404 2021 3474 jam
2046 3419 2147 3458 ex-

582 3500 818 3548 stantem
847 3492 903 3547 in
930 3492 1070 3548 libro
1097 3507 1220 3548 meo
1248 3507 1538 3559 canonem,
1568 3494 1775 3549 intento
1800 3496 1965 3550 veluti
1989 3496 2161 3565 digito

586 3582 994 3639 annandarem:
1043 3598 1223 3655 neque
1254 3585 1401 3640 enim
1451 3587 1743 3655 quisquam
1791 3587 1928 3641 adeo
1976 3587 2161 3656 segnis

584 3676 713 3737 erit,
741 3689 905 3745 quem
934 3690 1109 3746 pauca
1139 3677 1417 3732 revolvere
1440 3676 1497 3731 in
1521 3677 1714 3732 eodem
1735 3678 2012 3733 volumine
2032 3677 2159 3732 folia

587 3762 790 3832 pigeat,
824 3772 885 3817 ut
912 3764 1181 3833 pagellam
1212 3764 1470 3833 inspiciat
1502 3779 1668 3834 quam
1705 3766 1973 3820 numerali
2005 3768 2161 3835 signo

588 3857 932 3910 demonstro.
960 3853 1054 3911 Sic
1081 3871 1212 3926 ergo
1245 3866 1301 3911 et
1326 3857 1584 3912 recitatos
1609 3873 1638 3912 a
1670 3856 1869 3912 Pbotio
1895 3873 2159 3921 canones,

591 3951 824 4002 cunctos
862 3948 1210 4014 conservavi,
1246 3958 1299 4002 et
1327 3956 1512 4003 tamen
1538 3947 1659 4002 libri
1696 3948 1895 4003 molem
1937 3948 2161 4004 dimidia

590 4037 765 4095 ferme
799 4047 955 4108 parte
987 4038 1245 4095 diminui.
1280 4038 1522 4110 Denique
1546 4041 1679 4096 aio:
1720 4040 1777 4095 Si
1827 4041 1953 4112 quis
1997 4057 2163 4096 cano-

589 4146 720 4186 num
753 4142 998 4187 veterum
1028 4147 1058 4186 a
1095 4132 1289 4188 Pbotio
1318 4134 1674 4190 collectorum
1704 4135 1947 4191 scientiae
1962 4136 2159 4201 studet,

588 4236 713 4277 eum
760 4224 846 4279 vel
872 4224 1237 4279 universalem
1273 4222 1585 4295 Synagogen
1626 4240 1723 4280 sus
1750 4226 1927 4293 deque
1970 4241 2163 4296 pervo-

589 4314 767 4370 iutare
791 4330 1017 4371 necesse
1036 4324 1143 4380 est,
1172 4315 1257 4371 vel
1290 4317 1394 4371 hoc
1421 4314 1719 4387 Syntagma
1748 4317 1920 4372 multo
1944 4318 2163 4373 brevius

590 4414 755 4474 atque
780 4406 1093 4461 ordinatius
1121 4414 1174 4461 et
1206 4406 1283 4460 rei
1318 4406 1565 4476 quaesita:
1609 4407 1951 4463 invenienda;
1979 4409 2160 4476 aptius

2247 549 2429 622 ῥητῶς
2466 545 2633 602 verbis
2659 544 2809 613 ipsis,
2848 542 2902 597 in
2952 540 3257 612 posteriore
3295 553 3392 609 per
3420 537 3644 593 indicem
3685 540 3788 594 sine

2246 658 2327 697 re.
2352 637 2533 707 Quare
2558 635 2769 709 aequius
2810 642 2893 690 est
2924 640 2985 688 ut
3020 630 3306 700 σύνταγμα
3341 628 3679 692 vocabulum,
3709 630 3790 684 de-

2245 728 2514 801 signanda
2555 724 2798 783 secundo
2825 722 2978 794 Operi
3026 737 3061 778 a
3114 721 3274 776 nobis
3309 727 3632 775 reservetur.
3665 719 3793 774 Prae-

2247 826 2396 871 terea
2427 812 2794 884 reputandum
2825 818 2931 872 est,
2963 807 3143 863 Pbotii
3171 808 3374 861 dictam
3420 802 3791 875 praefationem.

2247 920 2371 977 quae
2400 904 2541 976 apud
2584 902 2871 960 Justellum
2902 906 3005 966 est,
3049 914 3157 954 non
3192 898 3479 966 συναγωγῇ
3528 896 3794 951 collectioni

2249 997 2579 1063 uniuersali,
2646 1010 2826 1066 neque
2874 991 3245 1065 Syutagmati,
3296 989 3392 1045 sed
3456 985 3796 1045 Nomocanoni

2251 1089 2424 1145 fuisse
2445 1087 2819 1158 praepositam,
2848 1093 2909 1139 ut
2940 1081 3272 1137 Oxoniensis
3298 1078 3466 1133 codex
3486 1078 3801 1132 demonstrat

2249 1178 2454 1234 Φωτίου
2476 1179 2557 1239 εἰς
2583 1175 2676 1229 τὸν
2708 1173 3064 1245 Νομοκὰνονα
3097 1169 3394 1241 πρόλογοςο
3422 1167 3647 1235 ideoque
3676 1165 3801 1221 Pho-

2251 1271 2362 1327 tius
2382 1269 2449 1325 de
2473 1267 2871 1324 Nomocanom's
2916 1273 3130 1320 tantum
3182 1270 3459 1317 structura
3509 1267 3636 1313 tunc
3667 1259 3801 1313 solli.

2252 1362 2419 1425 citus,
2473 1359 2527 1415 in
2586 1360 2693 1413 hoc
2748 1372 2861 1413 uno
2905 1355 3118 1413 scilicet
3166 1351 3603 1409 commendando
3652 1350 3799 1404 verba

2252 1449 2616 1519 consumpsit.
2648 1447 2747 1503 Vel
2772 1448 2954 1518 potius
2978 1445 3275 1501 dicendum
3304 1452 3409 1506 est,
3440 1439 3798 1495 Praefationem

2252 1543 2400 1599 illam
2444 1557 2475 1596 a
2522 1540 2720 1594 Pliotio
2763 1538 2937 1594 tribus
2980 1551 3134 1608 aeque
3186 1535 3303 1591 suis
3349 1532 3611 1603 operibus
3652 1530 3803 1586 fuisse

2254 1632 2557 1705 prtelixam,
2586 1630 2812 1685 mutatis
2855 1637 3066 1685 tantum
3111 1635 3276 1699 prout
3315 1641 3403 1681 res
3449 1624 3655 1679 ferebat
3696 1638 3802 1692 par-

2255 1725 2400 1780 tibus
2428 1722 2685 1793 prOpriis.
2717 1720 2877 1776 Certe
2920 1718 3247 1775 Lambecius
3277 1717 3356 1772 sic
3378 1714 3665 1786 judicavit,
3710 1713 3800 1767 loc.

2179 1799 2226 1857 Β
2255 1811 2349 1867 cit.
2381 1827 2435 1882 p.
2475 1808 2598 1871 909,
2631 1807 2722 1862 ubi
2757 1808 2833 1861 ait
2867 1826 2881 1861 :
2914 1805 3215 1861 Memorato
3236 1803 3485 1874 prwfatio
3525 1801 3593 1854 ad
3623 1798 3801 1854 Nomo-

2254 1916 2519 1958 canonem
2567 1909 2822 1970 tanquam
2859 1914 2989 1968 opus
3025 1896 3403 1951 secundarium
3439 1893 3529 1947 sed
3566 1893 3804 1962 pracipue

2256 1989 2323 2044 ad
2354 1990 2522 2059 ipsum
2549 1985 2845 2059 Syntagma
2874 1999 3153 2050 canonum,
3187 1992 3441 2052 tanquam
3476 1996 3604 2050 opus
3634 1980 3806 2049 prima-

2254 2082 2395 2135 rium
2428 2081 2669 2150 pertinet.
2697 2079 2813 2133 Etsi
2847 2075 3199 2140 Lambecius,
3236 2084 3296 2128 ut
3320 2073 3477 2127 initio
3519 2072 3652 2135 dixi,
3685 2069 3803 2140 Syn-

2257 2183 2435 2243 tagma
2466 2172 2515 2225 id
2543 2179 2696 2240 putat
2721 2169 2864 2238 quod
2888 2178 2970 2223 est
2994 2166 3291 2238 Synagoge.
3316 2163 3522 2220 Verum
3550 2162 3805 2216 enimvero

2257 2263 2401 2334 quod
2433 2263 2729 2333 Syntagma
2749 2276 2895 2316 nunc
2922 2260 3151 2322 editum,
3186 2273 3326 2327 opus
3365 2255 3691 2309 Pbotiauum
3728 2254 3804 2314 sit,

2258 2353 2374 2422 ipse
2406 2352 2460 2405 in
2494 2349 2687 2420 primis
2733 2347 3085 2403 Nomocanon
3134 2346 3414 2401 evidenter
3467 2339 3799 2411 comprobat:

2258 2439 2457 2495 etenim
2519 2437 2684 2501 tituli,
2744 2444 2799 2491 et
2848 2434 3106 2506 capitula,
3160 2440 3214 2487 et
3270 2445 3545 2486 canonum
3598 2429 3804 2490 numeri,

2260 2540 2527 2604 quotquot
2557 2535 2609 2585 in
2645 2529 3025 2585 Nomocanone
3046 2528 3470 2592 adumbranlur,
3512 2526 3550 2580 ii
3598 2525 3661 2578 ad
3693 2523 3808 2592 Syn-

2262 2635 2441 2693 tagma
2497 2630 2746 2676 nostrum
2795 2619 3130 2675 adamussirn
3187 2618 3371 2671 cuncti
3426 2615 3728 2670 referuntur
3764 2622 3807 2666 et

2260 2720 2582 2784 provocant,
2618 2712 2749 2781 quin
2778 2727 2847 2765 ne
2879 2711 3048 2764 bilum
3076 2709 3298 2779 quidem
3336 2709 3615 2762 aberrent.
3650 2704 3806 2774 Neque

2261 2806 2402 2859 hanc
2452 2803 2734 2857 veritatem
2786 2802 2920 2857 illud
2973 2801 3240 2863 infirmat,
3289 2798 3439 2869 quod
3496 2799 3550 2851 in
3600 2797 3807 2850 editione

2261 2902 2449 2948 nostra
2470 2891 2862 2962 Syntagmatis,
2891 2904 2945 2960 p.
2978 2891 3064 2956 11,
3094 2890 3221 2955 Ἦὸ,
3255 2888 3383 2953 406,
3423 2902 3537 2941 non
3573 2895 3741 2940 autem
3765 2885 3807 2937 in

2264 2978 2317 3034 Ν
2324 2995 2663 3043 omocanone,
2687 2978 2936 3032 laudatur
2964 2976 3209 3049 synodus
3229 2971 3810 3043 Constantinopolitana

2262 3071 2391 3142 περὶ
2438 3070 2707 3131 ἐνώσεως,
2730 3082 2895 3137 quam
2950 3081 3095 3120 anno
3154 3065 3279 3128 920,
3311 3064 3367 3118 id
3424 3074 3518 3119 est
3564 3062 3811 3118 tricesimo

2262 3162 2477 3217 circiter
2525 3167 2651 3230 post
2698 3157 2878 3214 Pbotii
2924 3158 3159 3220 obitum,
3214 3156 3316 3210 sub
3363 3153 3725 3211 Constantino
3771 3160 3813 3205 et

2260 3248 2513 3305 Romano
2561 3248 2962 3318 basileopatore
3023 3247 3353 3302 celebratam
3412 3244 3646 3300 scimus.
3698 3239 3811 3295 Nam

2260 3337 2499 3407 primum
2552 3337 2777 3406 quidem
2831 3334 3026 3406 synodi
3059 3336 3179 3405 ejus
3214 3333 3588 3405 fragmentum
3636 3333 3813 3386 recenti

2262 3437 2431 3477 manu
2483 3423 2537 3476 in
2589 3423 2833 3493 margine
2882 3420 3087 3477 codicis
3157 3420 3325 3475 fuisse
3368 3421 3675 3489 adjectum,
3720 3418 3812 3471 dixi

2262 3530 2317 3584 p.
2340 3515 2467 3570 480.
2491 3513 2629 3568 Tum
2658 3515 2866 3568 scimus
2897 3513 3102 3567 nullam
3135 3511 3305 3566 ferme
3328 3527 3456 3567 esse
3488 3511 3542 3566 in
3565 3510 3812 3566 codicibus

2263 3608 2587 3662 canonicam
2634 3605 3035 3671 collectionem,
3086 3605 3173 3659 cui
3211 3603 3448 3659 subinde
3496 3602 3693 3672 aliquid
3735 3615 3814 3669 per

2263 3696 2523 3766 temporis
2557 3695 2770 3764 lapsum
2801 3710 2909 3749 non
2937 3694 3102 3749 fuerit
3128 3694 3369 3748 additum
3395 3694 3518 3748 sive
3548 3693 3603 3746 in
3634 3690 3808 3746 Graecis

2254 3785 2378 3840 sive
2417 3783 2470 3837 in
2502 3782 2712 3838 Latinis
2746 3784 2860 3839 sive
2888 3783 3057 3838 etiam
3088 3782 3142 3836 in
3172 3782 3578 3845 Orientalibus,
3607 3791 3662 3835 ut
3691 3789 3812 3833 certe

2264 3871 2332 3925 de.
2358 3873 2699 3928 Armeniacis
2732 3888 2818 3927 me
2848 3872 3030 3927 dicere
3073 3872 3199 3927 olim
3231 3873 3473 3927 memini
3500 3871 3690 3941 Script.
3728 3878 3808 3922 ret.

2263 3970 2305 4020 t.
2343 3962 2413 4030 X,
2441 3972 2583 4033 part.
2614 3976 2675 4027 ιι,
2708 3977 2763 4033 p.
2809 3962 2914 4017 516
2948 3979 2962 4017 :
3000 3962 3211 4032 ipsique
3254 3963 3391 4015 adeo
3426 3961 3603 4016 Pbotii
3637 3958 3809 4013 Nomo-

2266 4055 2458 4108 canoni
2488 4054 2864 4109 additamenta
2912 4053 3098 4109 nescio
3144 4069 3267 4123 quae
3296 4053 3623 4118 accessisse,
3667 4048 3808 4106 critici

2247 4146 2516 4201 homines
2536 4144 2801 4215 suspicati
2829 4153 2979 4199 sunt.

2337 4237 2613 4293 Hactenus
2680 4240 2748 4293 de
2815 4238 3168 4310 Syntagmate
3230 4250 3509 4291 canonum
3577 4232 3809 4294 diximus;

2265 4332 2524 4401 deinceps
2555 4346 2686 4385 vero
2718 4331 2784 4385 de
2813 4330 3039 4398 adjectis
3069 4346 3098 4384 a
3144 4330 3339 4384 Pbotio
3376 4328 3620 4383 civilium
3659 4326 3809 4394 legqu

2269 4421 2542 4491 excerptis
2579 4420 2724 4474 haud
2764 4420 2986 4475 omnino
3009 4419 3276 4474 silendum
3301 4433 3421 4473 esse
3456 4418 3684 4479 videtur,
3714 4426 3811 4482 qua:

591 4496 890 4566 perlegere.
937 4496 1151 4551 Etenim
1190 4496 1610 4561 Nomocanom’s,
1660 4498 1751 4552 ubi
1800 4498 1937 4553 nihil
1964 4507 2163 4568 praeter
2190 4472 2243 4530 Ῑ)
2270 4472 2495 4583 promas
2545 4511 2735 4566 eadem
2794 4520 2923 4565 sum
2949 4512 3000 4564 in
3036 4521 3266 4581 utroque
3298 4526 3465 4580 opere
3498 4519 3609 4563 mm
3648 4505 3813 4577 Synla-

592 4602 947 4641 numerorum
974 4588 1286 4658 congeriem
1317 4599 1421 4652 est,
1444 4588 1591 4641 nulla
1622 4604 1718 4658 per
1736 4604 1794 4644 se
1819 4589 2160 4659 jucunditas,

592 4690 772 4745 neque
806 4676 1013 4731 utilitas
1043 4693 1166 4733 esse
1196 4679 1433 4743 videtur,
1466 4679 1572 4733 nisi
1618 4689 1894 4750 quatenus
1938 4681 2165 4736 indiculi

590 4766 712 4821 vice
740 4766 1083 4837 defungitur.

664 4856 770 4912 Sed
806 4865 997 4911 contra
1048 4856 1187 4912 hanc
1229 4854 1481 4912 Photiani
1519 4860 1700 4928 aperis
1750 4864 1948 4915 trinam
1997 4864 2166 4933 parti-

594 4951 824 5011 tionem,
872 4950 1129 5005 tenebras
1177 4951 1469 5021 quasdam,
1502 4951 1700 5019 fateor,
1752 4954 1986 5010 oiiundit
2031 4972 2163 5026 prae.

593 5043 867 5108 fatioilla,
900 5056 1006 5112 qua
1037 5040 1263 5098 Photius
1309 5043 1737 5099 Nomocanonem
1783 5063 1943 5102 suum
1995 5050 2166 5103 comi-

596 5139 743 5185 tatus
799 5143 902 5185 est.
971 5129 1107 5183 Nam
1177 5139 1299 5199 post
1364 5130 1593 5185 recitata
1656 5134 1910 5201 superius
1976 5136 2164 5203 verba,

596 5223 949 5291 prosequitur
971 5236 1207 5277 narrans
1232 5222 1378 5295 quod
1409 5239 1649 5281 canones
1685 5226 1891 5283 idcirco
1914 5229 2169 5286 arithme-

592 5313 718 5370 ticis
748 5323 959 5369 tantum
992 5316 1238 5371 numeris
1264 5316 1605 5385 indicaverit,
1636 5334 1705 5375 ne
1730 5318 2045 5392 frequentes
2082 5340 2169 5379 re—

592 5401 884 5471 petitiones
899 5403 1114 5472 ﬁerent,
1135 5420 1257 5475 qua:
1276 5406 1580 5477 legentibus
1603 5408 1880 5465 fastidium
1898 5422 2167 5469 crearent.

594 5492 773 5560 Hunc,
830 5494 1079 5566 inquam,
1130 5497 1310 5554 locum
1363 5499 1458 5570 qui
1514 5501 1673 5570 leget,
1739 5502 2170 5560 Nomocanonem

592 5595 758 5657 atque
788 5586 1105 5661 Syutagma,
1124 5605 1292 5646 unum
1325 5594 1455 5665 quid
1487 5609 1593 5648 non
1629 5595 1758 5661 duo,
1793 5612 1913 5652 esse
1935 5599 2168 5668 putabit.

594 5673 783 5745 Neque
836 5693 969 5734 sane
1022 5694 1195 5749 nego,
1247 5698 1446 5738 nomen
1497 5682 1888 5753 Syntagmatis,
1930 5685 2000 5742 de
2054 5685 2168 5742 Νο-

596 5783 883 5828 mocanone
940 5789 1157 5845 quoque
1205 5777 1453 5847 potuisse
1498 5794 1526 5833 a
1574 5779 1771 5836 Pbotio
1797 5782 2165 5852 pronuntiari,

2268 4607 2463 4675 gmatis
2495 4614 2607 4659 tum
2643 4594 3072 4668 Nomocanonis;
3099 4604 3226 4672 quia
3253 4603 3353 4657 etsi
3379 4602 3432 4655 in
3471 4600 3811 4655 Nomocanoue

2270 4697 2499 4752 i‘hotius
2527 4696 2778 4750 breviare
2801 4693 3091 4765 Syntagma
3121 4694 3316 4764 potuit,
3345 4703 3619 4763 quatenus
3653 4689 3700 4744 id
3734 4686 3814 4740 fuit

2267 4788 2631 4855 canonicum;
2663 4796 2935 4857 quatenus
2962 4800 3143 4841 tamen
3167 4786 3353 4851 civile,
3383 4782 3703 4853 compendio
3724 4794 3810 4832 non

2268 4889 2389 4935 erat
2408 4882 2585 4945 locus,
2634 4881 2763 4951 quia
2812 4880 3085 4935 sententia
3130 4878 3309 4949 legum
3358 4875 3591 4947 proponi
3636 4872 3813 4929 arctius

2269 4991 2379 5029 non
2410 4983 2650 5044 poterat,
2684 4988 2850 5044 quam
2898 4973 2951 5025 in
2992 4970 3341 5043 Syntagmate
3384 4969 3595 5024 factum
3646 4966 3812 5021 fuerat.

2271 5066 2377 5121 Sed
2408 5074 2659 5137 superest
2694 5064 3086 5135 indagandum,
3128 5072 3307 5117 utrum
3346 5062 3491 5115 hanc
3537 5061 3704 5131 legum
3740 5056 3815 5108 dc-

2270 5159 2636 5223 florationem,
2669 5173 2831 5228 quam
2856 5155 3190 5226 Syntagmati
3219 5155 3471 5219 attexuit,
3500 5171 3566 5209 ex
3592 5155 3815 5206 universo

2265 5249 2392 5320 jure
2423 5249 2723 5319 sumpserit
2756 5256 2968 5313 auctor,
3002 5261 3068 5299 an
3096 5260 3222 5300 vero
3261 5246 3363 5300 sibi
3399 5254 3565 5299 antea
3604 5241 3815 5313 Synagu-

2271 5359 2386 5413 gem
2429 5342 2603 5412 legum
2650 5340 2970 5406 confecerit,
3024 5340 3197 5395 instar
3228 5339 3347 5407 ejus
3378 5354 3547 5408 quam
3577 5352 3642 5391 ex
3675 5347 3815 5404 syno-

2271 5439 2466 5491 dorum
2498 5437 2838 5505 Petrumque
2869 5435 3031 5489 tomis
3063 5433 3132 5488 ab
3163 5447 3230 5487 eo
3273 5438 3649 5487 coacervatam
3692 5434 3814 5480 retro

2272 5527 2530 5582 diximus.
2562 5524 2692 5579 Mihi
2726 5525 2871 5578 enim
2908 5524 3065 5579 valde
3086 5521 3360 5593 persuasi,
3390 5519 3723 5591 Synagogem
3761 5512 3813 5564 il-

2274 5614 2379 5668 lam
2423 5616 2693 5686 regiarum
2728 5613 2931 5683 legum,
2966 5628 3055 5668 res
3088 5611 3490 5667 ecclesiasticas
3524 5608 3811 5678 plerumque

2274 5705 2656 5773 spectantium,
2683 5717 2806 5772 quae
2836 5702 2887 5756 in
2914 5701 3102 5757 codice
3118 5701 3380 5755 Vaticano
3406 5709 3526 5768 post
3556 5696 3812 5765 Syntagm“

2274 5790 2493 5863 legitur,
2524 5807 2552 5846 a
2584 5790 2785 5847 Pbotio
2811 5790 2980 5847 fuisse
3023 5788 3328 5853 collectam,
3357 5786 3449 5854 qui
3485 5793 3665 5857 postea
3709 5777 3810 5833 hinc
