3994 6402
144 334 235 398 437

923 320 1325 386 SYNTAGMA
1351 310 1745 379 CANONUM.
1778 335 1848 347 -
1879 315 1949 376 Δ.
1978 314 2122 376 MAI
2162 308 2579 376 PR/EFATIO.

3257 297 3364 359 438

141 446 229 501 sibi
251 444 494 509 excerpta
518 434 818 506 sumpserit
847 434 1190 506 Syntagmati
1216 440 1286 495 et.
1311 444 1438 485 mox
1484 426 1689 481 Nomo-
1715 426 1763 483 Α
1790 423 2166 487 associaverit,
2191 435 2414 477 causam
2446 425 2637 472 narrat
2656 415 2887 485 ipsemet
2915 411 3147 467 Photius
3176 410 3227 463 in
3261 410 3368 463 line

142 525 749 589 canonisubsternenda.
800 522 1002 594 Utique
1036 524 1153 578 haec
1179 521 1360 593 legum
1410 515 1684 577 collectio,

145 642 237 679 non
263 622 376 677 sine
408 633 601 689 magna
646 628 827 673 tamen
868 617 1151 682 varietate,
1193 613 1335 681 apud
1391 609 1688 665 Justellum

143 725 340 782 quoque
367 709 421 763 in
450 705 693 763 secundo
728 705 1010 759 volumine
1032 711 1136 758 est.
1167 701 1270 756 Sed
1305 710 1583 767 utcunque
1625 711 1690 751 ea

144 816 219 853 res
247 813 304 853 se
331 795 513 859 habet,
551 794 744 850 titulos
768 792 934 864 hujus
962 789 1237 846 Vaticana:
1265 786 1568 858 Synagoges
1612 800 1692 838 re-

143 888 293 939 citare
320 883 512 953 placet.

203 973 289 1024 Ἐκ
310 970 416 1023 τῶν
442 967 580 1038 μετὰ
600 965 821 1022 Κὼδικα
852 964 1009 1019 θείων
1030 964 1259 1036 Νεαρῶν
1277 962 1571 1027 διατάξεων
1598 956 1691 1011 τοῦ

142 1063 389 1134 τῆςθείας
428 1059 637 1131 λήξεως
666 1058 1045 1115 ἰουστινιανοῦ
1099 1058 1346 1129 διάφοροι
1399 1052 1692 1117 διατάξεις,

145 1155 441 1227 συνᾴδουσαι
469 1152 762 1224 ἐξαιρέτως
796 1155 910 1215 τοῖς
960 1151 1125 1215 Θείοις
1157 1152 1252 1205 καὶ⁵
1284 1152 1450 1221 ἱεροῖς
1480 1147 1691 1213 κανόσι,

146 1248 226 1301 καὶ
248 1250 303 1300 ὲκ
344 1245 667 1314 περιουσίας
703 1245 803 1314 τὴν
832 1244 1040 1297 οἰκείαν
1082 1245 1237 1313 ἰσχὺν
1275 1241 1573 1309 νέμουσαν
1604 1233 1694 1301 αἷς

146 1339 276 1404 τάξιν
310 1335 427 1389 τινὰ
457 1335 550 1389 καὶ
577 1333 812 1403 ἀριθμὸν
846 1334 1196 1403 ἐπεθήκαμεν
1251 1331 1388 1401 πρὸς
1431 1329 1697 1398 σύντομον

1794 518 1994 587 prioris
2026 515 2238 587 prologi
2276 532 2291 569 :
2325 512 2389 566 El
2436 526 2538 562 που
2564 508 2621 560 δὲ
2657 505 2890 577 χρειώδη
2924 505 3060 575 πρὸς
3116 502 3219 564 τὰς
3258 518 3369 552 τοι-

1791 585 1964 667 αύτας
1994 585 2286 664 κανονικὰς
2335 595 2657 667 συγγραφὰς
2695 595 2793 664 τὴν
2828 590 3114 660 πολιτικὴν
3144 585 3369 657 νομοθε-

1793 696 1913 751 σίαν
1938 695 2235 763 ὑπείληφα,
2254 689 2461 759 ταύτης
2502 687 2710 758 βραχέα
2738 702 2798 737 τε
2823 685 2918 737 καὶ
2945 677 3368 749 συντετμημένα

1790 789 1905 851 τοῖς
1936 784 2228 853 συγγενέσι
2258 780 2574 850 κεφαλαίοις
2605 778 2968 849 προσήρμοσα
3005 775 3062 825 ὲν
3109 769 3368 833 ἰδιάζοντι

1796 879 1952 950 μέρει
1982 876 2147 947 τῆσδε
2179 875 2279 944 τῆς
2307 873 2489 945 βεόλου
2530 870 2640 923 τῶν
2674 870 2755 932 είς
2790 862 3253 936 ὲκκλησιαστικὴν
3280 861 3373 913 ἀν-

1792 968 2038 1037 ηκόντων
2080 964 2363 1031 εὐταξίαν,
2394 962 2452 1018 έν
2500 980 2561 1015 τε
2583 963 2695 1023 τοῖς
2726 958 3027 1029 βασιλικοῖς
3065 953 3375 1023 θεσπίσμα-

1796 1076 1906 1124 σιν,
1936 1058 1994 1112 ἐν
2025 1074 2087 1111 τε
2138 1059 2261 1121 ταῖς
2292 1055 2404 1109 τῶν
2438 1053 2616 1121 σοφῶν
2662 1050 2971 1122 ἁρμονίαις,
3002 1047 3265 1116 σύντομον
3314 1044 3373 1096 ὲν

1795 1150 2091 1219 συναγωγῇ
2138 1146 2509 1216 ποιησάμενος
2544 1142 2791 1196 ἔκθεσιν
2826 1140 2942 1210 ἅμα
2993 1138 3090 1208 μὲν
3119 1137 3200 1198 είς
3238 1134 3371 1188 ἀνά-

1798 1258 2017 1313 μνησιν,
2054 1238 2171 1308 ἅμα
2214 1238 2272 1291 δὲ
2306 1236 2445 1308 πρὸς
2474 1235 2685 1287 τελείαν
2729 1231 2909 1285 αὐτῶν
2938 1231 3064 1292 τοὺς
3108 1226 3371 1293 ἐντυγχὰ-

1794 1350 1985 1395 νοντας
2016 1330 2243 1402 ἔρευναν
2266 1326 2582 1399 (δδηγήσας)
2605 1341 2619 1355 ο
2644 1322 2825 1379 Sicubi
2852 1338 2971 1376 vero
2997 1320 3151 1374 utiles
3180 1319 3248 1370 ad
3279 1318 3373 1368 lm-

146 1428 340 1497 εὕρεσιν
380 1424 475 1477 τοῦ
513 1424 945 1495 ἐπιζητουμένου
994 1422 1292 1490 κεφαλαίου
1318 1437 1333 1451 ο
1385 1420 1473 1473 διὰ
1514 1419 1594 1482 τὸ,
1621 1418 1698 1482 ὼς

1820 1422 2027 1477 usmodi
2075 1420 2328 1474 canonica
2400 1418 2600 1483 scripta
2658 1412 2839 1469 civiles
2891 1411 3024 1481 leges
3084 1408 3373 1462 arbitratus

145 1520 356 1589 εἴρηται,
381 1518 444 1570 ὲκ
462 1516 741 1587 διαφόρων
756 1516 1051 1582 διατάξεων
1068 1511 1288 1567 εἶναιτὰ
1315 1512 1694 1580 συνταχθέντα,

143 1606 207 1671 ὡς
235 1608 618 1660 ὑποτέτακται*
646 1604 729 1658 Ea:
758 1605 1021 1658 divalibus
1045 1614 1161 1673 post
1189 1603 1432 1657 Codicem
1461 1599 1697 1654 Novellis

1798 1530 1946 1577 sum,
1990 1528 2162 1583 pauca
2193 1508 2436 1579 quaedam
2482 1523 2643 1576 eaque
2674 1505 2850 1558 brevia
2886 1518 2951 1557 ea:
2993 1502 3059 1554 iis
3105 1500 3375 1565 desumpta

1798 1602 2204 1676 congruentibus
2234 1600 2482 1670 capitulis
2512 1598 2736 1667 adjunxi
2776 1598 2831 1650 in
2865 1594 3081 1665 propria
3123 1591 3244 1645 libri
3273 1589 3371 1641 Itu-

145 1698 578 1753 constitutionibus
624 1694 919 1749 Iustiniani
972 1695 1167 1748 divinae
1218 1692 1557 1753 δονιὶιὶοηὶδ,
1792 1700 1886 1770 jus
1946 1707 2137 1769 parte;
2170 1711 2352 1750 eorum
2398 1694 2594 1747 scilicet
2629 1705 2746 1759 qum
2783 1691 2851 1744 ad
2888 1686 3139 1741 Ecclesia;
3177 1690 3375 1737 τεοηιῃι

146 1806 287 1844 "mw
317 1790 445 1859 ίεθεδ
465 1805 584 1859 qua?
606 1788 865 1856 Ρτιεείραε
886 1795 1179 1841 consonam
1203 1798 1323 1837 ειιηι
1345 1786 1514 1837 δαενίε
1539 1797 1698 1834 εαιιο-
1724 1780 1772 1840 Β
1801 1791 2035 1845 ordinem
2076 1789 2337 1858 pertinent
2387 1801 2508 1838 cum
2547 1784 2604 1836 in
2657 1782 2814 1852 regiis
2860 1779 3081 1833 decretis
3103 1816 3118 1841 ,
3157 1787 3267 1829 tum
3322 1773 3373 1824 in

146 1884 304 1947 nibus,
328 1884 504 1953 eisque
530 1882 805 1951 propriam
835 1896 901 1935 ea:
932 1878 1260 1931 abundantia
1288 1876 1389 1929 vim
1426 1874 1701 1937 tribuunt;

147 1976 311 2045 quibus
341 1990 433 2027 nos
479 1974 719 2027 ordinem
755 1972 1033 2042 quemdam
1074 1983 1415 2034 numerosque
1449 1964 1702 2034 apposui-

155 2082 275 2133 mus,
298 2078 350 2120 ut
382 2066 675 2136 expeditius
703 2062 1001 2130 reperiatur
1028 2060 1305 2130 quaesitum
1339 2056 1579 2127 quodque
1609 2070 1703 2107 ca-

149 2159 385 2225 pitulum;
415 2168 697 2226 propterea
723 2155 864 2223 quod
905 2168 970 2207 ex
994 2152 1212 2206 diversis
1238 2147 1703 2204 constitutionibus

149 2250 239 2305 sint
260 2259 596 2315 coacervatis,
618 2259 675 2301 ut
717 2247 861 2316 infra
891 2244 1193 2315 subjicitur.
1211 2243 1347 2297 Cod.
1371 2259 1425 2312 p.
1443 2239 1703 2296 663-697.

208 2341 473 2406 Διατάξεις
496 2340 679 2409 νόμων
703 2335 991 2390 πολιτικῶν
1015 2338 1079 2388 ὲκ
1104 2334 1211 2387 τῶν
1228 2332 1458 2403 Νεαρῶν
1483 2332 1707 2384 Ἰουστι-

152 2431 309 2485 νιανοῦ
337 2429 638 2496 διατάξεων
668 2428 763 2481 καὶ
812 2427 1018 2498 ἑτέρων
1051 2425 1337 2496 βασιλέων,
1368 2419 1705 2491 συνηγοροῦ-

155 2525 336 2577 actual.
364 2520 731 2592 ὲπικυροῦσαι
769 2520 897 2580 τοὺς
947 2517 1057 2571 τῶν
1106 2515 1282 2585 ἁγίων
1332 2513 1589 2584 Πατέρων
1613 2514 1707 2565 ὲκ-

154 2613 548 2684 κλησιαστικοὺς
580 2610 811 2674 κανόνας
850 2626 864 2662 :
896 2608 1110 2663 Statuta
1153 2607 1321 2677 legum
1357 2604 1592 2659 civilium
1642 2618 1708 2656 ex

154 2706 345 2760 novellis
390 2703 692 2758 Iustiniani
737 2709 786 2755 et
836 2700 1069 2753 aliorum
1097 2699 1477 2766 imperatorum
1504 2696 1706 2748 consti-

157 2798 440 2858 tutionibus,
491 2810 613 2866 qua:
664 2794 837 2863 favent
879 2800 929 2844 et
962 2770 1416 2860 conﬁrmationem
1446 2787 1710 2856 adjiciunt

154 2890 498 2945 ecclesiasticis
531 2897 839 2942 sanctorum
862 2883 1087 2938 Patrum
1117 2883 1425 2935 canonibus.
1458 2880 1582 2937 Haec
1618 2882 1712 2934 lia-

165 2984 271 3036 Iu'ltl
311 2994 462 3036 notas
516 2977 782 3047 temporis
806 3016 822 3040 ,
870 2984 924 3029 et
962 2974 1396 3043 subscriptiones
1446 2972 1668 3026 Latinas
1693 3009 1709 3035 ,

160 3076 331 3129 litteris
380 3072 678 3144 singularis
731 3070 788 3123 in
849 3066 973 3138 jure
1028 3064 1217 3121 forma:
1266 3065 1518 3135 scriptas.
1571 3062 1707 3120 Cod.
1739 3123 1783 3182 c

158 3184 202 3238 p.
218 3168 463 3227 ειη-765.

216 3263 500 3335 Συναγωγὴ
548 3263 660 3317 τῶν
690 3263 996 3334 εἰρημένων
1026 3263 1085 3315 ὲν
1113 3260 1190 3332 τῷ
1223 3260 1431 3314 Κώδικι
1454 3259 1553 3313 καὶ
1598 3258 1711 3322 τοῖς

159 3352 405 3419 Διγέστοις
432 3353 528 3407 καὶ
565 3355 687 3417 ταῖς
718 3353 958 3421 Νεαραῖς
987 3351 1280 3416 διατάξεσι,
1317 3349 1449 3422 περὶ
1487 3349 1713 3402 ἐπισκό-

160 3459 278 3509 πων,
298 3446 387 3498 καὶ
436 3445 854 3514 κληρικῶν,κα“ι
915 3444 1188 3515 μοναχῶν,
1217 3443 1313 3495 καὶ
1367 3440 1713 3512 πραγμάτων

162 3536 367 3605 εὐαγῶν,
393 3537 470 3591 ἔτι
509 3538 570 3591 δὲ
609 3538 703 3590 καὶ
732 3537 997 3591 Ἰουδαίων
1035 3537 1130 3591 καὶ
1183 3534 1495 3606 αίρετικῶν,
1523 3534 1596 3604 ὲκί
1615 3530 1711 3586 τοῦ

163 3628 353 3697 πρώτου
381 3628 592 3699 βιὸλίου
618 3628 712 3681 τοῦ
730 3626 975 3690 Κώδικος
997 3642 1010 3656 ⁸
1031 3626 1283 3681 Collectio
1299 3641 1479 3679 eorum
1498 3624 1714 3694 (μιαίὀὶ-

164 3731 329 3774 cuntur
344 3724 394 3775 in
418 3720 953 3791 Codice,Digestis,et
981 3719 1194 3773 novellis
1213 3717 1714 3780 Constitutionibus,

166 3812 219 3865 de
241 3817 501 3883 episcopis,
526 3813 754 3875 clericis,
781 3814 1073 3875 monachis,
1099 3811 1250 3864 rebus
1273 3811 1465 3871 sacris,
1500 3812 1626 3863 item
1654 3808 1719 3862 de

167 3902 344 3959 luditis
390 3919 437 3960 et
493 3903 780 3969 ntereticis,
824 3918 890 3958 ea:
928 3904 1100 3972 primo
1141 3902 1354 3958 Codicis
1376 3902 1535 3957 libro.
1582 3902 1717 3956 Cod.

170 4011 211 4064 p.
234 3996 478 4053 765-840.

227 4093 509 4166 Συναγωγὴ
558 4091 671 4146 τῶν
703 4090 981 4162 σποράδην
1026 4091 1083 4143 ὲν
1120 4091 1253 4153 τοῖς,
1285 4088 1573 4159 Διγέστοις
1627 4092 1723 4145 καὶ

184 4179 534 4248 ἰνστιτούτοις
567 4183 857 4252 κειμένων,
896 4180 1037 4251 ,περὶ
1089 4180 1252 4252 ἱερῶν
1300 4179 1484 4234 τόπων
1528 4196 1588 4233 τε
1628 4181 1726 4235 καὶ

174 4278 488 4355 πραγμάτων
530 4277 629 4331 καὶ
679 4274 783 4329 τῶν
837 4275 896 4329 ὲν
943 4274 1129 4336 αὐτοῖς
1174 4271 1477 4343 γινομένων
1526 4289 1587 4325 τε
1632 4274 1728 4327 καὶ

176 4363 678 4435 ττλημμελουμένων,
703 4363 797 4416 καὶ
847 4363 978 4432 περὶ
1022 4361 1230 4431 ἱερέων,
1266 4360 1431 4414 ἔτιδὲ
1467 4360 1562 4413 καὶ
1599 4361 1728 4415 Ἰου-

1802 1882 2141 1954 prudentium
2161 1875 2702 1948 interpretationibus,
2730 1874 2967 1927 breviata
2997 1870 3228 1940 quadam
3271 1866 3381 1919 col-

1802 1978 2026 2032 lectione
2059 1974 2271 2028 omnino
2300 1970 2683 2040 complectens;
2715 1977 2824 2021 tum
2872 1965 3141 2019 memoria:
3190 1976 3376 2020 causa,

1804 2080 1915 2123 tum
1942 2077 1999 2122 ut
2039 2067 2108 2121 ad
2142 2066 2352 2135 plenam
2382 2066 2623 2133 ipsarum
2660 2076 2838 2115 rerum
2878 2056 3271 2126 indagationem
3304 2050 3381 2104 le-

1805 2173 1975 2216 ctores
2009 2159 2339 2214 deducerem.
2365 2156 2472 2212 Sed
2505 2171 2611 2211 non
2644 2154 2818 2225 placet
2855 2152 2956 2206 hoc
2987 2148 3156 2203 Leoni
3186 2144 3382 2200 Allatio

1808 2255 2141 2314 institutum,
2194 2250 2287 2319 qui
2341 2249 2396 2303 in
2432 2262 2597 2317 opere
2644 2247 2718 2300 De
2751 2259 3027 2305 consensu,
3069 2241 3163 2294 lib.
3196 2254 3236 2303 I,
3260 2250 3380 2302 cap.

1809 2346 1899 2410 15,
1930 2360 1982 2413 p.
2017 2343 2145 2404 221,
2196 2341 2469 2395 rationem
2528 2339 2668 2391 hanc
2710 2334 3166 2395 Nomocanonum,
3209 2328 3262 2382 id
3302 2337 3386 2381 est

1806 2436 2173 2508 imperialinm
2198 2433 2378 2503 legum
2398 2446 2524 2485 cum
2555 2426 2955 2498 episcopalibus
2991 2422 3191 2494 regulis
3220 2434 3387 2486 copu-

1810 2533 1941 2596 lam,
1976 2543 2146 2600 prava
2188 2540 2317 2596 erga
2344 2523 2624 2595 principes
2654 2517 3026 2576 assentatione
3046 2512 3383 2585 progenitum

1807 2624 2039 2696 judicat.
2070 2620 2248 2675 Nimis
2285 2618 2338 2673 id
2397 2616 2630 2671 fortasse
2658 2613 2865 2668 dictum
2919 2623 3104 2666 severe
3134 2624 3147 2659 :
3183 2603 3383 2658 etenim

1810 2713 2151 2784 civilisjuris
2181 2726 2305 2766 cum
2336 2708 2604 2765 canonico
2631 2702 2986 2774 comparatio,
3025 2698 3139 2754 sive
3171 2697 3223 2749 in
3250 2693 3387 2764 Syn-

1812 2817 2044 2880 tagmate
2076 2813 2262 2860 nostro
2285 2801 2399 2858 sive
2431 2801 2485 2855 in
2520 2797 2913 2878 Q’omocanone.
2954 2801 3008 2846 et
3050 2789 3249 2844 multas
3280 2787 3379 2838 lia-

1809 2876 1904 2957 1)ιεί
1937 2898 2222 2959 utilitates,
2254 2902 2307 2950 et
2336 2876 2547 2947 nullum
2576 2904 2673 2959 per
2704 2902 2764 2943 se
2806 2884 2997 2939 vitium
3032 2879 3279 2935 redolere
3311 2876 3391 2928 vi-

1810 2995 1990 3049 detur.
2039 2991 2100 3045 In
2158 2999 2391 3058 corpore
2450 2981 2592 3053 juris
2655 2974 3096 3048 antejustinianei
3166 2969 3390 3038 antiqua

1813 3092 1992 3143 exstat
2028 3080 2390 3137 Mosaicarum
2429 3084 2483 3130 et
2512 3071 2882 3127 Romanarum
2932 3067 3108 3136 legum
3153 3061 3393 3116 collatio.

1820 3179 2049 3247 Insuper
2070 3175 2123 3229 in
2153 3171 2497 3227 Francorum
2527 3177 2717 3234 regum
2761 3156 3190 3230 Capitularihus,
3238 3162 3293 3206 et
3342 3151 3395 3208 in

1822 3269 2191 3324 Barbarorum
2218 3260 2431 3331 legibus
2480 3253 2624 3326 apud
2653 3250 3012 3312 Cancianum,
3060 3254 3195 3316 quot
3224 3259 3397 3313 quan-

1821 3369 1985 3429 taque
2039 3351 2353 3425 hujusmodi
2405 3347 2673 3402 habemus
2705 3344 2719 3397 l
2752 3342 2870 3398 Non
2931 3341 3072 3409 quod
3122 3335 3399 3392 smcnlaris

1824 3427 2069 3523 potestas
2090 3461 2205 3501 rem
2236 3443 2546 3513 religiosam
2572 3439 2878 3508 gubernare
2907 3439 3091 3502 queat,
3126 3429 3211 3482 vel
3244 3427 3400 3495 quid-

1827 3557 1995 3614 quam
2022 3546 2214 3595 contra
2244 3547 2485 3591 canones
2516 3530 2823 3599 imperare;
2867 3523 2962 3580 sed
2993 3523 3123 3593 quia
3163 3517 3401 3585 discipli-

1827 3609 1957 3690 nam
2002 3628 2227 3704 judiciis
2267 3622 2668 3697 episcopalibus
2720 3619 2831 3689 jam
2873 3613 3224 3672 constitutam
3276 3609 3403 3662 boni

1829 3701 2106 3797 principes
2129 3718 2279 3790 regia
2302 3717 2356 3770 vi
2398 3709 2765 3769 roborandam
2800 3708 3030 3777 ejusque
3060 3701 3270 3773 praxim
3300 3701 3405 3753 im—

1826 3791 2119 3888 perandam
2141 3809 2423 3868 curabant.
2454 3804 2724 3860 Caeterum
2751 3800 2915 3855 etiam
2948 3793 3300 3863 Beveregius,
3323 3791 3406 3844 vir

1829 3881 2191 3977 anglicanus,
2223 3900 2325 3955 sub
2362 3911 2491 3965 rege
2542 3893 2793 3950 scribens
2818 3888 2915 3961 qui
2949 3885 3261 3956 religiosum
3294 3881 3405 3951 pri-

1832 3975 2038 4053 malum
2070 4003 2127 4049 et
2156 3988 2422 4046 auctor-ita
2434 3996 2538 4040 tem
2565 3990 2945 4053 usurpaverat,
2974 3977 3188 4034 fortiter
3213 3975 3404 4028 admo-

1832 4090 1962 4145 dum
1997 4100 2097 4157 pro
2127 4081 2383 4140 Ecclesia:
2420 4078 2673 4133 libertate
2705 4084 2758 4129 et
2791 4069 3104 4128 omnimoda
3135 4068 3189 4122 in
3239 4065 3410 4120 sacris

1832 4189 2101 4255 potestate
2117 4177 2359 4233 decertat
2382 4171 2449 4227 ad
2474 4169 2773 4225 Pandectas
2800 4178 3065 4219 canonum
3102 4160 3407 4230 Prolegom.

1833 4252 1955 4344 cap.
1984 4271 2040 4336 ἓ,
2062 4265 2491 4326 Occidentalium
2542 4260 2923 4331 episcoporum
2944 4294 2961 4320 ,
3034 4252 3413 4325 praecipueque

1839 4366 1999 4420 Rom.
2032 4360 2350 4433 pontiﬁcum
2377 4370 2475 4427 pro
2507 4351 2706 4408 tuenda
2735 4347 3000 4417 spiritalis
3045 4346 3123 4400 rei
3169 4344 3414 4399 libertate

177 4434 321 4506 δαίων
343 4455 435 4507 καὶ
460 4434 685 4516 θυσιῶν,
717 4452 811 4504 καὶ
861 4450 970 4503 τῶν
1017 4449 1343 4517 ἀπαγόντων
1392 4450 1544 4513 τινάς
1593 4448 1729 4520 πρὸς

1835 4455 2158 4512 notissimus
2199 4451 2354 4521 vigor
2399 4455 2483 4501 est
2527 4462 2542 4499 :
2577 4442 2919 4499 remissiores
2978 4437 3252 4494 interdum
3308 4434 3414 4490 visi

180 4543 612 4624 ἀπηγορευμένας
677 4542 1014 4614 θρησκείας,
1062 4543 1159 4595 καὶ
1211 4542 1344 4613 περὶ
1417 4542 1733 4612 άποτροφῆς

1821 4558 1953 4607 sunt
1984 4545 2186 4611 Graeci,
2215 4552 2529 4613 quanquam
2555 4549 2650 4591 eos
2678 4532 2987 4588 luculenter
3012 4529 3275 4599 praedicto
3294 4527 3416 4581 loco

183 4638 383 4704 παίδων,
410 4639 708 4710 γερόντων,
735 4639 828 4690 καὶ
869 4634 1113 4690 ἀσθενῶν
1143 4651 1157 4666 ·
1212 4635 1463 4692 Collectio
1500 4637 1732 4705 sparsim

182 4734 484 4799 exstantium,
515 4733 596 4798 in}
620 4730 845 4800 Digestis
884 4737 933 4783 et
963 4727 1416 4792 Institutionibus,
1460 4729 1525 4781 de
1545 4728 1718 4782 sacris

185 4818 294 4874 locis
324 4838 382 4875 ac
416 4823 662 4893 negotiis,
694 4831 741 4873 et
764 4819 828 4872 de
866 4819 931 4872 iis
952 4834 1069 4888 quae
1117 4818 1171 4871 in
1222 4818 1301 4872 Itis
1337 4818 1473 4886 ﬁunt
1506 4818 1584 4871 vel
1612 4831 1734 4885 pec-

154 4924 384 4993 cantur;
416 4929 465 4969 et
516 4916 583 4969 de
628 4912 1026 4975 sacerdotibus;
1081 4911 1296 4978 insuper
1328 4910 1392 4963 de
1433 4908 1640 4964 Iudaeis
1669 4925 1731 4962 ac

186 5007 437 5077 sacriﬁciis
461 5025 481 5073 ;
507 5016 557 5061 et
580 5007 641 5061 de
668 5006 736 5059 iis
766 5004 858 5074 qui
896 5004 1103 5072 aliquos
1133 5002 1408 5055 abducunt
1436 5002 1505 5054 ad
1542 5002 1730 5055 vetitas

189 5096 470 5168 religiones;
497 5102 631 5153 etde
667 5096 869 5151 alendis
900 5096 1099 5165 pueris,
1133 5093 1363 5155 senibus,
1386 5102 1437 5147 et
1467 5103 1733 5163 a’grotan—

192 5189 330 5242 tibus.

250 5280 351 5339 Cur
395 5290 579 5337 autem
628 5280 873 5336 civilium
898 5278 1075 5348 legum
1121 5284 1379 5345 excerpta
1428 5277 1736 5332 canonihns

1832 4640 2076 4697 defendit
2107 4635 2362 4700 Allatius,
2384 4620 2385 4623 “
2407 4628 2662 4685 adductis
2692 4625 2880 4680 multis
2907 4625 2962 4678 in
3000 4622 3239 4677 medium
3266 4619 3418 4677 testi-

1844 4731 2066 4795 moniis,
2112 4742 2235 4797 qua:
2277 4723 2523 4777 Graecam
2569 4719 2735 4773 etiam
2782 4712 3085 4769 Ecclesium
3116 4710 3418 4766 libertatem

1837 4838 1993 4881 suam
2026 4833 2126 4890 pro
2159 4815 2367 4870 viribus
2398 4823 2756 4867 conservasse
2781 4808 3161 4863 demonstrant
3186 4801 3286 4873 (α).

1908 4913 2092 4970 Placet
2115 4917 2294 4963 autem
2335 4903 2470 4959 mihi
2515 4900 2944 4970 disputationem
2992 4893 3179 4949 Allatii
3220 4894 3321 4945 hac
3355 4890 3423 4945 de

1838 5020 1900 5062 re
1930 5001 2233 5065 cumulare,
2262 4997 2475 5067 prolato
2520 4993 2652 5056 alio,
2687 4989 2833 5061 quod
2864 4988 3004 5058 apud
3036 5001 3162 5043 eum
3192 4999 3301 5039 non
3335 4990 3420 5037 est

1838 5092 2189 5156 testimonio,
2239 5090 2377 5144 libro
2429 5100 2621 5154 nempe
2669 5082 2936 5153 synodico
2983 5077 3240 5134 Ecclesiae
3275 5073 3424 5130 Con-

1843 5183 2334 5254 stantinopolitanae
2362 5180 2478 5235 sive
2502 5178 2764 5231 Actorum
2792 5174 2914 5244 ejus
2942 5170 3219 5233 Ecclesiae,
3262 5182 3425 5237 quem

1846 5277 1900 5331 in
1928 5274 2171 5347 pretioso
2195 5280 2251 5329 et
2281 5285 2410 5327 raro
2434 5269 2622 5327 codice
2658 5264 2924 5321 Vaticano
2952 5261 3283 5334 deprehendi
3323 5259 3424 5331 (b).

1679 5370 1915 5426 NOTAE.

256 5472 324 5551 la)
355 5474 444 5551 Sic
497 5474 660 5551 etiam
707 5472 1090 5551 armentorum
1146 5465 1519 5551 Ecclesiaﬂjam
1549 5466 1676 5520 inde
1710 5483 1742 5520 a

197 5543 678 5665 Stiguprimordiis.
714 5542 912 5598 Confer
939 5536 1133 5605 Script.
1170 5547 1268 5589 vet.
1305 5549 1343 5590 t.
1372 5537 1438 5601 Χ,
1483 5546 1623 5601 part.
1674 5553 1745 5602 rt,

233 5649 245 5662 .
275 5625 388 5668 aut.

200 5625 228 5676 μ
261 5681 329 5749 (θ’)
350 5684 398 5737 In
418 5684 567 5739 calce
583 5681 869 5737 voluminis
886 5684 1117 5739 aliirmat
1144 5684 1384 5737 Andreas
1412 5675 1747 5749 Dorimarins,

204 5770 252 5806 se
271 5746 617 5827 descripsisse
640 5753 785 5811 hunc
812 5752 1055 5813 codicem
1080 5756 1133 5810 in
1166 5754 1322 5811 Escui
1341 5748 1528 5803 ialcnsi
1557 5746 1751 5802 biblio-

1853 5468 2012 5521 theca
2043 5462 2307 5534 impensis
2359 5458 2556 5534 summi
2594 5454 2697 5534 viri
2743 5450 2965 5509 Antonii
2993 5447 3430 5534 Augustiniuqui

1856 5515 2150 5603 reapse—inr
2166 5515 2410 5588 editione
2445 5526 2679 5582 anensi
2711 5515 3217 5603 operum_suorum,
3249 5526 3289 5571 t.
3320 5515 3429 5579 Vll,

2055 5619 2196 5677 seq.,
2236 5603 2381 5656 hunc
2414 5603 2682 5677 memorat
2731 5589 2874 5649 inter
2928 5589 3258 5647 domesticos
3301 5600 3431 5640 suos

1859 5666 2097 5737 codices,
2127 5666 2356 5744 ejusque
2388 5669 2660 5744 rubricas,
2710 5680 2806 5721 Seu
2836 5678 3018 5720 rerum
3056 5666 3430 5718 contentarum

1861 5748 2064 5809 titulos,
2093 5741 2283 5801 Latine
2318 5741 2529 5797 recitat.
