3908 6296
599 249 704 311 439

598 471 854 512 sermone
893 458 960 511 ad
990 457 1169 514 Photii
1196 477 1358 530 opus,
1396 463 1487 518 ubi
1515 472 1667 518 tanta
1708 464 1887 537 legum
1920 470 2168 526 civilium

597 546 664 601 ad
706 562 949 605 canones
986 553 1229 607 accessio
1263 553 1340 609 ﬁt.
1392 552 1483 609 Sic
1528 570 1654 626 ergo
1702 556 1840 614 liber
1882 562 2180 631 synodicus

599 638 635 689 l'.
676 637 778 693 102
801 654 953 709 seqq.
989 658 1001 693 :
1052 642 1144 695 Ἐκ
1175 642 1229 695 δὲ
1259 643 1367 697 τῶν
1415 644 1710 699 πολιτικῶν
1749 648 1967 718 νόμων,
2009 653 2056 704 εί
2087 654 2181 707 καὶ

599 730 674 802 μὴ
703 731 781 802 τῷ
810 731 1037 786 ἐκείνων
1089 733 1239 804 ζυγῷ
1271 736 1340 789 τὰ
1384 736 1822 806 ἐκκλησιαστικὰ
1865 742 2182 796 ταλαντεύε-

594 839 707 888 ται,
732 824 883 895 ὅμως
915 825 1051 895 πρὸς
1081 828 1377 896 σαφήνειαν
1392 829 1498 882 τῶν
1518 830 1702 901 ἱερῶν,
1741 833 1790 885 εί
1821 833 1993 902 δοκεῖ,
2026 835 2181 889 κανόο

599 931 703 967 νων
736 916 804 969 τὰ
831 917 963 988 περὶ
995 918 1095 987 τῆς
1125 918 1309 988 ψήφου
1341 920 1621 993 θεωρῆσαι
1651 924 1749 977 οὐκ
1776 924 2027 997 ἄκαιρον·
2063 926 2177 997 ἔχει

596 1006 651 1058 δὲ
675 1007 705 1059 ὀ
741 1009 868 1079 περὶ
903 1010 1108 1080 ταύτης
1134 1011 1296 1081 νόμος
1321 1011 1525 1076 οὕτως’
1565 1033 1585 1067 ι
1614 1016 1679 1069 El
1713 1016 1770 1070 δὲ
1799 1021 1846 1071 οἱ
1872 1019 2177 1089 ὀφείλοντες

605 1119 621 1151 ‹
664 1100 731 1154 τὰ
782 1101 1111 1172 ψηφίσματα
1156 1107 1349 1172 ποιεῖν,
1389 1108 1538 1171 ἐντὸς
1579 1110 1766 1182 μηνῶν
1804 1111 1863 1177 ἒξ
1914 1113 1990 1184 μὴ
2020 1116 2176 1186 ποιή-

603 1208 621 1241 ‹
664 1209 839 1259 σουσι,
902 1194 1205 1263 τηνικαῦτα
1258 1198 1335 1267 τῷ
1383 1200 1615 1270 κινδύνῳ
1672 1203 1773 1272 τῆς
1829 1204 1966 1268 ιδίας
1997 1204 2176 1277 ψυχῆς

603 1306 620 1337 ι
666 1282 935 1358 ἐκεῖνοςξῷ
958 1290 1188 1361 ἁρμόζει
1211 1292 1303 1345 τὸν
1329 1296 1625 1350 ἐπίσκοπον
1640 1300 2015 1370 χειροτονείτω
2029 1303 2122 1373 (c).
2150 1323 2169 1355 ι

596 1378 780 1450 Σαφὴς
814 1382 842 1433 ὁ
872 1380 1031 1449 λόγος
1054 1398 1067 1412 ·
1108 1384 1257 1438 ἄλλοι
1286 1385 1396 1456 γάρ
1420 1389 1558 1441 εἰσιν
1581 1388 1632 1440 οἱ
1660 1390 2047 1460 ψηφιζόμενοι,
2080 1393 2174 1447 καὶ

594 1470 780 1539 ἕτερος
811 1475 838 1525 ὁ
872 1477 1217 1543 χειροτονῶν.
1264 1478 1425 1530 Ἀλλὰ
1447 1478 1607 1532 τοῦτο
1641 1479 1730 1533 διὰ
1764 1481 1988 1546 λαῖκοὺς
2015 1484 2170 1555 εἰρῆ-

594 1561 718 1614 σθαι
762 1564 943 1616 δοκεῖ·
986 1567 1221 1630 ἐκείνοις
1258 1568 1367 1638 γὰρ
1395 1571 1423 1621 ὁ
1454 1570 1617 1639 νόμος
1670 1572 1770 1633 τὰς
1813 1573 2027 1642 ψήφους
2068 1577 2175 1628 ἀπο

1756 265 2017 327 ΡΗΟΊἹΙ
2061 272 2173 330 PA?

2278 274 2561 339 [ΑΒΟΗᾹΞ
2597 283 2705 341 CP.
3729 305 3814 370 440

597 363 786 434 Neque
827 364 1063 420 alienum
1104 384 1190 423 me
1231 370 1282 425 id
1332 370 1516 427 facere
1564 383 1697 442 puto
1736 377 1789 429 in
1834 378 1937 432 hoc
1979 382 2179 449 praevio
2208 389 2260 450 Α

2362 387 2423 443 1η
2448 392 2693 448 civilibus
2732 404 2909 450 autem
2934 398 3154 469 legibus,
3191 418 3487 474 quanquam
3514 426 3609 467 non
3648 423 3707 471 ad
3743 426 3815 477 Im.

2286 493 2406 531 rum
2435 480 2639 536 lancem
2672 486 3048 543 ecclesiastica:
3081 507 3161 544 res
3193 491 3482 565 librantur,
3515 503 3815 571 nihilominus

2282 569 2350 620 ad
2382 569 2733 629 illustrandos
2765 579 2813 630 si
2841 579 3013 646 placet
3044 598 3291 649 canones,
3324 604 3387 640 ea
3418 606 3532 657 qua:
3567 596 3626 648 de
3653 569 3817 669 sit/Ira.

2277 659 2377 728 giis
2412 661 2519 715 sive
2547 664 2795 719 electione
2812 667 3083 733 dicuntur,
3102 675 3440 731 considerare
3457 696 3642 738 nonest
3662 689 3817 747 intem-

2277 749 2550 815 pestivum.
2594 751 2684 806 Sic
2723 772 2844 825 ergo
2876 759 2941 813 de
2986 761 3247 818 electione
3291 767 3376 819 lex
3403 783 3421 820 :
3465 788 3482 820 ι
3521 772 3661 836 Quod
3698 784 3737 833 si
3770 787 3814 849 ii,

2279 839 2369 907 qui
2396 841 2663 913 su/fragia
2685 849 2925 916 conferre
2964 851 3173 917 debent,
3213 856 3359 910 intra
3388 873 3624 917 semestre
3652 879 3817 939 tempus

2281 928 2337 981 id
2373 932 2595 988 minime
2621 936 2865 1006 fecerint,
2913 952 3039 998 tunc
3069 948 3265 1002 anima:
3296 966 3405 1003 sum
3426 955 3671 1021 periculo,
3695 963 3733 1015 is
3764 971 3816 1019 ad

2279 1035 2429 1089 quem
2453 1027 2701 1092 pertinet,
2739 1032 3038 1099 episcopum
3096 1036 3324 1090 ordinet.
3369 1056 3387 1089 ι
3425 1039 3696 1112 Perspicua
3726 1068 3819 1105 sen-

2282 1114 2449 1168 tentia
2473 1126 2551 1169 est
2583 1133 2603 1170 :
2634 1121 2825 1173 etenim
2852 1122 2950 1174 alii
2980 1134 3101 1177 sunt
3133 1128 3226 1196 qui
3267 1130 3530 1199 suffragia
3560 1137 3815 1207 conferunt,

2280 1202 2420 1256 alius
2443 1206 2533 1273 qui
2560 1208 2794 1263 ordinat.
2843 1210 3031 1265 Verum
3066 1215 3181 1270 haec
3209 1218 3275 1271 de
3308 1220 3464 1276 laicis
3496 1202 3815 1285 dicta‘viden;

2281 1302 2402 1357 tur;
2430 1310 2652 1366 namque
2679 1298 2759 1353 his
2787 1300 2888 1366 lex,
2934 1315 3121 1359 contra
3150 1324 3415 1364 canonum
3465 1318 3816 1388 auctoritatem,

2277 1383 2537 1454 suffragia
2564 1392 2819 1454 permittit
2850 1409 2869 1447 :
2900 1410 3016 1463 qua:
3066 1414 3147 1451 res
3187 1408 3360 1455 tamen
3399 1404 3696 1471 ﬁrmitatem
3722 1383 3816 1468 nul;

2276 1473 2386 1525 lam
2434 1476 2685 1544 obtinuit,
2728 1483 2820 1535 sed
2870 1484 2925 1538 in
2959 1490 3170 1555 scriptis
3224 1493 3397 1546 otiosa
3426 1493 3565 1563 jacet
3591 1512 3610 1550 :
3636 1500 3812 1567 frustra

2275 1566 2412 1618 enim
2456 1568 2735 1625 clamitant
2779 1575 2933 1645 leges,
2986 1594 3263 1650 propterea
3316 1588 3455 1653 quod
3490 1587 3670 1645 Patres
3696 1611 3816 1650 man-

594 1653 841 1715 εναντίας
873 1654 980 1707 τῶν
1010 1657 1251 1709 κανόνων
1274 1659 1579 1728 ὲπιτρέπει’
1602 1662 1737 1732 ὅπερ
1755 1663 2011 1717 οὐδέποτε
2044 1684 2173 1738 κρα-

2278 1655 2403 1709 data
2449 1658 2774 1729 hujusmodi,
2805 1674 3056 1737 tanquam
3089 1670 3263 1727 aliena
3308 1685 3357 1729 et
3387 1676 3621 1745 obtrusa,
3648 1699 3706 1736 ex
3730 1684 3814 1739 Ec-

592 1743 764 1813 τῆσαν
815 1747 1085 1815 φαίνεται,
1142 1750 1344 1803 ἀλλ’ἐν
1413 1752 1706 1824 γράμμασι
1750 1756 1911 1825 μόνον
1973 1761 2169 1819 κεῖται,

594 1833 855 1904 ἄπρακτα
902 1841 1253 1909 κεκραγότων
1288 1843 1487 1907 αὐτῶν,
1516 1844 1605 1897 διὰ
1630 1846 1691 1898 τὸ
1725 1849 1873 1917 παρὰ
1912 1848 2019 1902 τῶν
2062 1853 2172 1904 Ilot-

595 1928 767 1999 τέρων
818 1931 926 1983 ἀπὸ
959 1932 1060 2002 τῆς
1089 1933 1414 2005 Ἐκκλησίας
1456 1939 1562 2000 ἀεὶ,
1609 1938 1685 2001 ὡς
1736 1940 1866 1993 ἄλλο
1920 1941 2087 1995 ᾶῦλὸν
2118 1961 2169 1996 τι

596 2015 978 2083 ἐξελαύνεσθαι
1016 2023 1078 2075 τὸ
1116 2024 1354 2079 τοιοῦτον
1387 2027 1671 2097 ἐπίταγμα
1693 2046 1706 2059 ·
1737 2031 1893 2084 οὐδὲν
1919 2034 2027 2103 γὰρ
2061 2051 2173 2086 κοι-

597 2110 687 2161 νὸν
726 2110 997 2182 πνεύματι
1035 2116 1129 2169 καὶ
1159 2119 1427 2189 μαχαίρᾳ.
1459 2120 1520 2173 Εἰ
1549 2121 1606 2173 δὲ
1639 2122 1738 2176 καὶ
1762 2124 1893 2193 περὶ⁴
1923 2125 2031 2177 τῶν
2050 2126 2172 2178 ἐπι-

597 2203 819 2257 σκόπων
869 2204 1037 2275 λέγει,
1081 2209 1197 2262 ἀλλ’
1227 2209 1380 2264 οὐδὲν
1418 2212 1508 2265 διὰ
1553 2213 1715 2266 τοῦτο
1769 2219 1835 2286 τῇ
1875 2216 2173 2290 Ἐκκλησία

597 2294 884 2365 πρόκριμα
905 2311 920 2325 ο
962 2295 1225 2351 ἀδύνατον
1269 2298 1378 2370 γὰρ
1416 2300 1540 2371 δίχα
1562 2302 1915 2373 ψηφίσματος
1945 2307 2173 2359 ἐπισκο-

596 2386 759 2439 πικοῦ
796 2389 1128 2457 χειροτονίαν
1144 2392 1413 2461 προϐῆναι
1434 2408 1447 2422 ’
1476 2392 1615 2457 τέως
1640 2394 1697 2448 δὲ
1725 2395 1885 2450 τοῦτο
1918 2398 2047 2469 περὶ
2064 2401 2173 2454 τῶν

596 2477 890 2531 πολιτικῶν
921 2478 1121 2548 νόμων.
1156 2481 1220 2535 El
1255 2484 1363 2553 γὰρ
1385 2483 1505 2546 ἐνὸς
1541 2487 1843 2540 ἐπισκόπου
1871 2488 1902 2559 ἢ
1930 2492 2172 2561 πρεσϐυ-

596 2571 757 2641 τέρου
808 2572 841 2642 ἢ
872 2572 1120 2627 διακόνου
1154 2574 1333 2645 ψῆφον
1362 2578 1465 2631 οὐκ
1488 2572 1780 2650 ἀνέχονται
1810 2583 1861 2635 oi
1897 2582 2031 2637 θεῖοι
2062 2586 2173 2638 Πα-

594 2662 751 2732 τέρες
771 2664 924 2734 παρὰ
948 2663 1155 2721 λαῖκῶν
1189 2667 1479 2739 προϐῆναι,
1514 2671 1629 2735 πῶς
1663 2673 2175 2744 ὐποστήσονταιαύ-

592 2754 689 2825 τὴν
718 2756 934 2827 ἐκείνην
969 2757 1070 2829 τὴν
1114 2759 1211 2824 τὰς
1250 2760 1464 2831 ψήφους
1506 2764 1600 2818 καὶ
1646 2766 1979 2836 χειροτονίας
2026 2769 2175 2834 ὅπως

594 2847 901 2916 ὀφείλουσιν
915 2850 1159 2918 γίνεσθαι
1184 2852 1506 2922 νομοθεσίαν
1535 2858 1628 2908 καὶ
1648 2856 1997 2913 διδασκαλίαν
2019 2862 2173 2930 παρὰ

2274 1748 2437 1802 clesia
2474 1752 2801 1819 repulerunt.
2828 1758 2947 1813 Non
2976 1764 3111 1816 enim
3144 1768 3434 1836 quidquam
3464 1789 3718 1829 commune
3740 1777 3815 1831 ha-

2274 1838 2393 1893 bent
2444 1844 2663 1908 spiritus
2692 1857 2741 1901 et
2786 1849 3018 1918 gladius.
3054 1855 3205 1920 Quod
3239 1860 3285 1912 si
3326 1861 3465 1929 forte
3513 1865 3574 1917 de
3602 1869 3815 1935 episcopis

2273 1931 2509 2003 loquitur
2536 1939 2639 2003 lex,
2672 1940 2879 1994 nullum
2908 1943 3030 1999 hinc
3063 1952 3434 2018 prtejudicium
3455 1931 3635 2010 contra
3671 1959 3816 2015 Eccle-

2274 2023 2410 2077 siam
2438 2028 2721 2094 conﬂatur,
2757 2040 3179 2107 quandoquidem
3202 2044 3312 2096 sine
3336 2048 3623 2114 episcopali
3651 2054 3815 2121 suffra-

2271 2114 2357 2183 gio
2387 2117 2653 2171 ordinatio
2678 2121 2835 2174 nulla
2862 2130 3161 2197 peragitur.
3191 2130 3295 2185 Sed
3341 2135 3595 2191 hactenus
3623 2144 3679 2192 de
3708 2114 3814 2195 civi-

2275 2203 2410 2258 libus
2435 2204 2655 2276 legibus.
2689 2208 2833 2263 Nunt
2866 2217 2912 2267 si
2943 2217 3019 2270 vel
3051 2220 3210 2274 unius
3240 2224 3493 2292 episcopi,
3525 2239 3613 2280 aut
3637 2231 3816 2301 presly—

2276 2303 2373 2355 teri
2414 2314 2505 2356 aut
2538 2306 2751 2361 diaconi
2792 2308 3093 2363 electionem
3129 2318 3551 2383 nonlpatiuntur
3597 2321 3760 2378 Patres
3790 2345 3813 2378 a

2276 2394 2428 2448 laicis
2456 2403 2756 2464 procedere,
2786 2403 3045 2470 quomodo
3075 2405 3129 2456 hi
3172 2404 3339 2475 legem
3378 2410 3457 2463 vel
3503 2415 3815 2471 doctrinama

2275 2488 2427 2541 laicis
2458 2494 2682 2559 proponi
2723 2493 3034 2560 tolerarent,
3073 2513 3190 2566 quae
3221 2500 3537 2556 electionum
3571 2516 3713 2576 atque
3744 2526 3813 2563 or-

2274 2578 2612 2634 dinationum
2638 2599 2879 2639 normam
2908 2590 3273 2656 prwscriberet
3302 2592 3324 2645 ?
3361 2592 3423 2648 Si
3451 2598 3590 2651 enim
3617 2599 3704 2652 hac
3723 2617 3814 2655 eve-

2276 2670 2429 2734 niret,
2452 2671 2567 2739 jam
2594 2690 2697 2728 non
2725 2677 3060 2747 spiritaliter,
3093 2684 3183 2735 sed
3208 2683 3519 2742 humanitus
3550 2705 3625 2743 res
3657 2692 3816 2747 divina:

2277 2763 2826 2833 administrarentur;
2875 2772 3134 2839 siquidem
3184 2776 3372 2831 exinde
3407 2789 3521 2832 tum
3579 2781 3815 2837 electiones

2276 2862 2453 2901 omnes
2482 2858 2593 2903 tum
2614 2852 2972 2909 ordinationes
2995 2856 3245 2913 humanis
3271 2878 3373 2915 non
3400 2864 3593 2919 divinis
3613 2867 3815 2935 jussibus

596 2940 802 2994 λαῖκῶν
848 2942 1215 3013 ἐκτιθεμένων
1273 2944 1806 3013 παραδέξασθαι;Εί
1856 2949 1966 3019 γὰρ
2013 2952 2173 3006 τοῦτο

2278 2939 2483 3008 ﬁerent.
2525 2941 2610 2995 Ex
2641 2960 2743 3014 quo
2778 2946 2889 3001 alia
2923 2964 3125 3019 quoque
3158 2964 3510 3010 consectanea
3538 2958 3817 3014 deduceren-

593 3028 850 3101 δειχθείη,
879 3032 938 3085 οὐ
978 3035 1364 3104 πνευματικῶς
1402 3036 1638 3103 πάντως,
1669 3037 1785 3090 ἀλλ’
1823 3038 2177 3110 ἀνθρωπίνως

592 3120 663 3175 τὰ
690 3121 810 3175 θεῖα
850 3124 1276 3196 πραχθήσονται,
1306 3127 1416 3181 τῶν
1446 3128 1837 3200 ψηφιζομένων
1875 3132 1971 3185 καὶ
1999 3151 2179 3206 χειρο-

594 3215 937 3286 τονουμένων
994 3219 1059 3270 ἐκ
1111 3219 1231 3272 τότε
1279 3220 1497 3274 πάντων
1550 3222 1923 3293 ἀνθρωπίνοις
1978 3227 2075 3280 καὶ
2116 3228 2174 3280 οὐ

598 3308 760 3372 θείοις
798 3309 1098 3380 ὲντάλμασι
1150 3311 1522 3383 τελουμένων·
1582 3315 1640 3380 ἐξ
1688 3310 1750 3370 οὗ
1806 3318 1901 3370 καὶ
1952 3318 2081 3372 ἄλλο
2124 3337 2175 3373 τι

598 3398 954 3469 συμϐήσεται.
994 3399 1115 3453 Τῶν
1162 3402 1270 3471 γὰρ
1320 3404 1792 3475 μεταγενεστέρων
1861 3406 1992 3471 ἴσως
2051 3408 2176 3461 δυσ-

594 3504 627 3539 α
637 3505 823 3557 ρεστου
833 3490 1009 3558 μένων
1036 3491 1129 3543 ἐπὶ
1149 3494 1260 3555 τοῖς
1288 3494 1416 3565 περὶ
1438 3493 1907 3564 ὲκκλησιαστικῶν
1932 3515 2176 3571 γεγραμ-

600 3581 802 3647 μένοις,
836 3583 950 3635 εἴτε
1006 3583 1093 3636 διὰ
1137 3584 1469 3654 φιλοτιμίαν,
1515 3586 1676 3657 τυχὸν
1702 3587 1759 3640 δὲ
1796 3589 1890 3641 καὶ
1917 3589 2006 3643 διὰ
2036 3589 2172 3658 γνώ-

599 3690 704 3743 μην
731 3675 832 3727 οὐκ
859 3676 1053 3745 εὐαγῆ,
1085 3676 1345 3730 θελόντων
1368 3677 1538 3750 φῦραι
1565 3680 1660 3733 καὶ
1692 3682 1924 3751 συγχέαι
1949 3682 2017 3736 τὰ
2042 3685 2174 3755 περὶ

594 3766 693 3836 τῆς
744 3766 983 3829 πίστεως
1012 3766 1169 3837 ἡμῶν
1227 3768 1348 3823 θεῖα
1394 3769 1729 3839 διδάγματα,
1786 3773 2172 3842 λαμϐανόντων

595 3857 851 3927 ἀφορμὴν
881 3858 946 3909 ἐκ
987 3857 1081 3911 τοῦ
1123 3858 1332 3930 γράψαι
1370 3860 1524 3924 τινὰς
1551 3861 1663 3915 τῶν
1693 3862 1798 3934 πρὸ
1825 3865 2004 3918 αὐτῶν
2042 3866 2172 3936 περὶ

594 3947 819 4015 τούτων,
847 3950 1267 4021 νομοθετήσουσι
1297 3953 1391 4005 καὶ
1423 3953 1577 4005 αὐτοὶ
1604 3953 1721 4017 πῶς
1761 3955 1862 4023 μὲν
1884 3956 2090 4024 ὀφείλει
2111 3957 2172 4010 τὸ

599 4041 886 4112 βάπτισμα
923 4043 1194 4112 γίνεσθαι,
1229 4044 1305 4107 ὼς
1328 4045 1429 4097 οὐκ
1455 4044 1701 4115 ἀρεστῶς
1729 4047 1914 4110 αὐτοῖς
1938 4048 2062 4119 ἄρτι
2088 4066 2171 4102 τε·

598 4131 862 4202 λουμένου
882 4148 895 4162 ⁸
931 4135 1048 4196 πῶς
1076 4133 1131 4186 δὲ
1170 4136 1203 4203 ή
1233 4133 1332 4204 τῆς
1364 4134 1512 4198 θείας
1540 4137 1929 4206 μυσταγωγίας
1967 4140 2171 4210 ίερουρο

596 4224 689 4289 γία
739 4224 1253 4296 ἐπιτελεσθήσεταιο
1317 4228 1412 4279 καὶ
1445 4226 1605 4289 ἄλλος
1662 4229 1794 4298 περὶ
1848 4229 2031 4294 ἄλλου,
2074 4232 2170 4286 καί⁸

2284 3043 2417 3087 tur:
2446 3034 2677 3105 fortasse
2713 3040 2850 3093 enim
2883 3045 3082 3111 posteri
3109 3048 3277 3100 nostri
3323 3064 3462 3120 aegre
3516 3051 3724 3120 ferentes
3768 3070 3817 3106 ea

2279 3140 2398 3193 qua:
2423 3128 2478 3180 in
2499 3128 2624 3197 jure
2648 3130 3003 3187 ecclesiastico
3032 3137 3234 3206 scriptu
3254 3149 3399 3206 sunt,
3421 3142 3533 3197 sive
3566 3145 3816 3199 ambitione

2278 3214 2477 3283 inﬂati,
2520 3219 2628 3272 sive
2674 3220 2837 3273 etiam
2879 3222 2941 3276 ob
2990 3229 3179 3279 mentis
3225 3228 3465 3298 aliquam
3515 3236 3815 3302 pravitatem,

2277 3308 2591 3374 perturbare
2616 3318 2665 3364 et
2706 3314 3040 3382 confundere
3078 3319 3281 3374 divinos
3309 3323 3435 3389 ﬁdei
3490 3338 3674 3381 nostra:
3712 3327 3819 3380 arti-

2280 3398 2427 3453 culos
2463 3402 2672 3467 volent;
2729 3415 3103 3478 captantesque
3152 3427 3338 3466 ansam
3382 3430 3449 3469 ex
3487 3417 3555 3472 iis
3601 3420 3685 3490 qui
3724 3432 3818 3475 ante

2280 3490 2423 3558 ipsos
2470 3494 2817 3562 scripserunt,
2858 3498 2995 3569 leges
3050 3512 3100 3555 et
3156 3504 3260 3571 ipsi
3292 3515 3557 3576 statuent,
3598 3515 3817 3582 quomodo

2280 3581 2543 3650 baptisma
2581 3586 2954 3643 administrari
3001 3590 3204 3658 debeat,
3248 3612 3339 3649 ceu
3381 3600 3427 3651 si
3480 3581 3681 3657 minime
3713 3605 3816 3673 ipsis

2276 3675 2505 3744 placeret
2549 3680 2688 3747 quod
2736 3682 2987 3736 hactenus
3034 3695 3114 3739 est
3156 3688 3470 3756 factitatum
3517 3709 3535 3747 :
3582 3696 3696 3750 item
3737 3713 3815 3766 quo

2277 3764 2385 3817 ritu
2415 3782 2585 3820 sacra:
2630 3770 2806 3824 missa:
2850 3771 3125 3844 liturgiam
3149 3781 3334 3847 perlici
3368 3794 3646 3851 oporteat;
3674 3764 3816 3856 sitque

2275 3856 2418 3911 alius
2448 3856 2557 3911 alia
2585 3863 2965 3931 prwscriberet,
3023 3872 3299 3942 cunctique
3336 3876 3400 3929 de
3446 3879 3681 3932 omnibus
3723 3890 3815 3933 δια-

2279 3957 2420 4002 tuere
2454 3951 2662 4007 vellent.
2700 3952 2884 4024 Neque
2932 3960 3072 4012 enim
3100 3963 3242 4018 ullus
3285 3978 3420 4022 esset
3470 3971 3599 4025 mali
3628 3974 3752 4041 ﬁnis,
3781 3974 3815 4025 si

2275 4040 2372 4093 hoc
2406 4040 2694 4096 absurdum
2732 4045 2948 4101 initium
2969 4050 3139 4119 ﬁeret,
3185 4056 3348 4112 donec
3395 4061 3570 4131 ipsum
3602 4040 3815 4117 audacter

2274 4132 2596 4200 su/foderent
2644 4134 2922 4194 Trinitatis
2974 4148 3304 4214 mysterium,
3351 4162 3509 4222 atque
3565 4159 3814 4209 universam

2275 4224 2507 4279 delerent
2546 4228 2872 4299 religionem.
2906 4232 3258 4298 Quamobrem
3307 4259 3369 4296 ne
3424 4247 3560 4301 talia
3590 4250 3813 4315 eveniant,

596 4314 798 4378 πάντες
851 4315 984 4386 περὶ
1048 4317 1267 4371 πάντων
1292 4332 1305 4347 ⁶
1356 4317 1417 4369 οὐ
1452 4318 1562 4388 γὰρ
1593 4318 1852 4410 στήσεται
1890 4320 1951 4373 τὸ
1981 4322 2170 4389 κακὸν,

2281 4316 2485 4371 nullam
2512 4322 2719 4389 uspiam
2758 4324 2867 4377 ullo
2904 4335 3133 4395 tempore
3177 4334 3382 4388 ciuilem
3427 4338 3591 4410 legem
3611 4342 3815 4395 domina-

594 4408 772 4475 ἀρχῆς
797 4405 1045 4476 δοθείσης
1084 4407 1311 4471 ἀτόπου,
1346 4407 1539 4477 μέχρις
1570 4406 1638 4461 ἂν
1684 4408 2008 4480 ὑπορύττειν
2032 4413 2173 4479 αὐτὸ

2280 4409 2329 4462 ri
2381 4410 2596 4479 spiritui
2625 4429 2929 4469 concessum
2963 4418 3109 4487 fuit;
3138 4424 3229 4477 sed
3274 4426 3434 4482 veluti
3477 4434 3691 4486 emortui
3716 4449 3815 4486 con-

594 4496 656 4549 τὸ
698 4496 798 4566 τῆς
820 4497 1048 4569 Τριάδος
1073 4498 1169 4551 καὶ
1216 4498 1666 4569 παραχαράττειν
1705 4500 2038 4572 τολμήσουσι
2077 4505 2173 4575 τῆς

2278 4512 2453 4569 ceptus
2485 4503 2541 4556 in
2567 4505 2693 4573 ipsis
2722 4510 3131 4580 exstinguuntur
3177 4518 3365 4585 uteris,
3408 4524 3488 4576 sic
3534 4541 3815 4594 quatcunqtte

596 4587 882 4651 εὐσεϐείας
915 4590 1215 4659 μυστήριον
1236 4603 1251 4618 '
1304 4589 1422 4641 ἀνθ’
1453 4583 1528 4644 ὧν
1564 4591 1651 4644 ἵνα
1695 4593 1770 4664 μὴ
1813 4594 1986 4648 ταῦτα
2013 4596 2175 4669 γένη-

596 4695 705 4745 ται,
733 4679 909 4742 οὐδείς
955 4696 1058 4732 που
1095 4680 1260 4750 νόμος
1305 4680 1581 4746 πολιτικὸς
1620 4683 1873 4754 οὐδαμῶς
1909 4687 2172 4742 οὐδέποτε

595 4770 690 4823 τοῦ
737 4770 1058 4842 Πνεύματος
1106 4772 1489 4842 περιεγένετο*
1539 4774 1659 4828 ἀλλ’
1686 4776 1876 4848 ὥσπερ
1903 4779 1972 4832 τὰ
1998 4781 2172 4852 νεκρὰ

598 4860 1012 4931 κυοφορούμενα
1042 4860 1240 4932 βρέφη,
1271 4862 1459 4926 αὐταῖς
1491 4865 1889 4937 ἐναποθνήσκει
1920 4872 2039 4934 ταῖς
2070 4873 2174 4943 μή·

594 4952 969 5021 τραις,οΰτως
992 4956 1085 5007 καὶ
1142 4954 1249 5007 τῶν
1304 4954 1597 5010 πολιτικῶν
1646 4958 1826 5028 νόμων
1882 4960 1996 5014 ὅσοι
2061 4966 2173 5027 τοῖς

597 5043 691 5096 τού
725 5044 1043 5115 Πνεύματος
1075 5044 1548 5114 ἁντιφθέγγονται,
1579 5051 1761 5121 νεκροὶ
1790 5051 1884 5105 καὶ⁸
1909 5051 2170 5108 ἁνεϐιαῖοι

595 5132 822 5187 αὐτόθεν
842 5133 901 5200 ἐξ
932 5134 1102 5205 αὐτῆς
1133 5135 1306 5208 ἀρχῆς
1334 5136 1678 5208 ἐκφέρονται.

2273 4592 2449 4646 civiles
2477 4593 2611 4664 leges
2646 4598 2858 4664 spiritui
2887 4604 3276 4671 contradicunt;
3314 4626 3484 4666 cassa:
3519 4592 3701 4668 viribus
3721 4614 3815 4683 jam

2275 4699 2437 4753 usque
2462 4686 2528 4738 ab
2559 4686 2759 4755 origine
2780 4698 3102 4761 mortumque
3128 4698 3432 4763 pariuntur.

2345 4772 2688 4831 Postremum
2741 4780 3010 4836 monitum
3052 4784 3117 4839 ad
3166 4786 3422 4845 lectorem
3482 4794 3574 4861 sit,
3617 4796 3735 4850 nihil
3772 4795 3814 4848 in

2273 4863 2449 4920 Photii
2484 4866 2832 4939 Syntagmate
2874 4888 2994 4929 esse
3022 4875 3458 4952 Schismaticum,
3497 4888 3628 4943 nihil
3670 4889 3816 4942 studio

2277 4958 2516 5025 partium
2563 4961 2804 5030 dictum;
2846 4965 3014 5034 prisci
3067 4969 3212 5023 enim
3260 4980 3638 5036 tantummodo
3663 4981 3815 5035 Eccle-

2274 5051 2370 5105 sia:
2415 5066 2657 5109 canones
2690 5058 3039 5127 recitantur;
3082 5076 3152 5117 ne
3184 5067 3310 5135 quis
3365 5069 3506 5129 forte
3542 5074 3811 5147 imperitus,

2277 5144 2469 5200 audito
2508 5147 2731 5206 nomine
2755 5148 2958 5221 Photii,
3001 5167 3220 5229 repente
3255 5163 3535 5232 pallescet.

2101 5327 2330 5387 NOTAE.

670 5466 739 5535 (ε)
766 5468 922 5541 Apud
952 5490 1048 5532 nos
1081 5474 1133 5530 in
1168 5476 1535 5552 Sgntugmate,
1578 5500 1630 5553 ι).
1667 5484 1734 5539 49
1762 5500 1826 5539 cx
1872 5485 2128 5543 Novellis.
