3994 6406
160 316 241 381 441
1036 316 1435 381 SYNTAGMA
1472 265 2123 384 CANONUM.-TIT.
2152 319 2202 395 I,
2244 318 2402 380 CAP.
2445 319 2501 381 Ι.

3286 315 3392 382 442

162 464 3391 503 W

1405 644 2075 801 PHOTII

591 934 1392 1028 PA'I‘BIARCHIE
1470 929 2931 1029 CONSTANTINOPOLITANI

933 1160 1217 1279 SYN
1247 1161 1742 1279 TAGMA
1820 1163 2566 1280 CANONUM.

1464 1548 1868 1639 ΤΙΤΛΟΣ
1939 1543 2055 1637 Α’.

404 1728 565 1784 ΠΕΡΙ
596 1726 992 1800 ΘΕΟΛΟΓΙΛΣ,
1013 1731 1135 1788 ΚΑΙ
1154 1732 1551 1790 ΟΡΘΟΔΟΞΟΥ
1574 1736 1885 1801 ΠΙΣΤΕΩΣ,
1913 1738 2035 1792 ΚΑΙ
2062 1734 2419 1801 ΚΑΝΟΝΩΝ,
2453 1735 2572 1790 ΚΑΙ
2599 1732 3087 1793 ΧΕΙΡΟΤΟΝῘΩΝ.

1710 1921 1783 1939 .-

1414 2065 1943 2154 TITULUS
2018 2067 2102 2155 Ι.

366 2241 448 2295 DF.
481 2241 898 2312 THEOLOGIA,
936 2245 1023 2303 ET
1054 2245 1211 2303 FIDE
1241 2246 1693 2314 ORTHODOXA,
1720 2245 1810 2300 ET
1839 2246 2232 2305 CANONIBUS
2290 2248 2529 2318 ATQUE
2555 2248 3168 2309 ORDINATIONIBUS.

225 2464 610 2519 ΚΕΦΑΛΑΙΟΝ
646 2468 947 2525 ΠΡΩΤΟΝ.
987 2501 1055 2509 -
1085 2470 1226 2540 Περὶ
1252 2472 1566 2542 θεολογίας
1620 2472 1719 2528 καὶ
1750 2504 1761 2536 Α

1896 2474 1940 2542 ι
1968 2470 2195 2527 CAPUT
2214 2468 2504 2526 PRIMUM.
2532 2500 2601 2513 -—
2623 2470 2696 2525 De
2734 2470 2995 2542 theologia
3018 2479 3067 2525 et
3091 2472 3195 2540 [ide
3223 2472 3406 2529 ortho—

161 2555 449 2626 ὀρθοόόξου
470 2558 753 2624 πίστεως.

475 2650 870 2705 Ἀποστόλων
933 2653 1135 2707 κανὼν
1188 2653 1399 2724 Mn".

220 2737 313 2806 μθ’.
334 2738 397 2791 Et
419 2758 503 2803 τις
530 2739 830 2804 ἐπίσκοπος
850 2742 882 2814 ἢ
918 2743 1308 2817 πρεσϐύτερος,
1334 2747 1476 2800 κατὰ
1503 2746 1603 2817 τὴν
1623 2748 1718 2802 τοῦ

161 2828 338 2899 Κυρίου
368 2831 634 2895 διάταξιν,
670 2832 745 2901 μὴ
773 2833 1023 2902 βαπτίσει
1057 2837 1137 2895 εἰς
1171 2836 1409 2907 Πατέρα,
1444 2840 1539 2894 καὶ
1558 2840 1710 2902 Υίὸν,

164 2922 402 3015 καὶνᾶγιον
461 2923 713 2995 Πνεῦμα,
774 2925 891 2979 ἀλλ’
920 2927 1000 2991 είς
1051 2929 1202 2998 τρεῖς
1248 2930 1539 3015 ἁνάρχιους,
1574 2932 1608 3003 ἢ
1639 2933 1719 2998 είς

162 3014 286 3082 τρεῖς
329 3016 504 3081 υἱοὺς,
582 3015 615 3087 ἢ
690 3017 769 3080 είς
824 3019 975 3090 τρεῖς
1036 3014 1465 3093 παρακλήτους,
1532 3023 1721 3078 καθαι-

164 3104 351 3173 ρείσθω.

220 3196 279 3251 ν’.
312 3199 375 3251 Et
423 3218 505 3264 τις
568 3201 931 3275 ἐπίσκοποςῆ
994 3205 1389 3278 πρεσϐύτερος,
1452 3207 1526 3279 μὴ
1593 3208 1723 3281 τρία

165 3289 483 3364 βαπτίσματα
515 3296 651 3364 μιᾶς
688 3296 941 3367 μυήσεως
983 3298 1307 3364 ἐπιτελέσει,
1362 3301 1478 3354 ἀλλ’
1523 3302 1582 3355 ἓν
1627 3301 1727 3372 βά-

165 3406 348 3459 πτισμα
379 3394 436 3445 τὸ
482 3394 568 3456 εἰς
612 3392 705 3446 τὸν
762 3392 990 3448 θάνατον
1021 3393 1115 3447 τοῦ
1160 3388 1366 3462 Κυρίου
1420 3393 1721 3464 διδόμενον,

166 3480 503 3551 καθαιρείσθω
528 3499 543 3512 ·
581 3481 643 3534 οὐ
692 3482 803 3552 γὰρ
841 3478 994 3535 εἶπεν
1032 3485 1060 3536 ὁ
1094 3482 1299 3553 Κύριος
1324 3525 1338 3549 ,
1376 3481 1472 3546 Εἰς
1500 3483 1592 3536 τὸν
1630 3484 1724 3537 θά-

166 3571 299 3623 νατόν
328 3590 421 3640 μου
452 3572 777 3642 βαπτίσατε·
806 3573 968 3638 ἀλλὰ,
1009 3573 1406 3641 Πορευθέντες
1426 3573 1724 3642 μαθητεύ-

168 3677 289 3713 σατε
308 3662 496 3716 πάντα
526 3664 603 3716 τὰ
635 3662 779 3731 ἔθνη
804 3705 820 3729 ,
854 3662 1251 3731 βαπτίζοντες
1285 3664 1509 3730 αὐτοὺς
1541 3668 1628 3732 εὶς
1654 3665 1724 3720 τὸ

168 3749 327 3820 ὄνομα
377 3754 481 3807 τοῦ
532 3753 789 3821 Πατρός,
832 3753 1064 3808 καὶτοῦ
1099 3753 1256 3821 Υίοῦ,
1288 3754 1515 3810 καὶτοῦ
1547 3754 1721 3825 ἁγίου

170 3844 507 3912 Πνεύματος.

228 3936 483 3990 Συνόδου
516 3934 1220 4002 Κωνσταντινουπόλεως
1250 3935 1454 3990 κανὼν
1479 3943 1531 3988 α’
1551 3978 1566 4002 ,
1588 3943 1652 3992 ε’.

224 4026 286 4080 α’.
312 4028 398 4099 Μὴ
427 4027 743 4083 ἀθετεῖσθαι
786 4028 884 4098 τὴν
928 4028 1109 4083 πίστιν
1136 4027 1246 4083 τῶν
1292 4028 1578 4100 Πατέρων,
1618 4030 1725 4085 τῶν

168 4127 276 4191 mf,
298 4122 400 4178 τῶν
423 4126 481 4177 ὲν
510 4125 562 4178 Ν
570 4124 723 4194 ικαίᾳ
752 4124 852 4193 τῆς
890 4123 1146 4187 Βιθυνίας
1173 4124 1554 4191 συνελθόντων,
1592 4125 1728 4179 ἀλλὰ

172 4212 327 4282 μένειν
359 4216 576 4286 ἐκείνην
602 4215 820 4285 κυρίαν,
869 4216 965 4268 καὶ
1002 4214 1506 4283 ἀναθεματισθῆναι
1543 4219 1727 4271 πᾶσαν

170 4304 357 4374 αἵρεσιν
385 4324 400 4339 ο
455 4308 556 4361 καὶ
610 4306 933 4375 ίδικῶς,τὴν
984 4305 1092 4359 τῶν
1124 4306 1495 4377 Εὑνομιανῶν,
1549 4308 1727 4364 εῖτουν

170 4394 453 4469 Ἀνομοίωνο
480 4401 579 4454 καὶ
607 4400 704 4472 τὴν
723 4399 832 4453 τῶν
847 4400 1161 4471 ’Δρειανῶν,
1178 4399 1353 4454 εῖτουν
1368 4398 1723 4464 Εὐδοξιανῶν·

170 4489 247 4541 καὶ
276 4490 366 4561 τὴν
417 4492 527 4545 τῶν
570 4491 907 4564 Ἦμιαρείων
928 4532 944 4557 ,
978 4492 1155 4545 εῐτουν
1194 4491 1678 4562 Πιευματομὰχων
1709 4506 1723 4522 ·

171 4581 249 4635 κα)⁵
261 4582 351 4653 τὴν
362 4585 470 4638 τῶν
488 4583 887 4648 Σαδελλιανῶν,
911 4584 1005 4639 καὶ
1030 4584 1129 4655 τὴν
1146 4584 1254 4637 τῶν
1272 4582 1724 4655 Μαρκελλιανῶν,

171 4674 248 4726 καὶ
274 4675 368 4743 τὴν
398 4676 508 4732 τῶν
555 4676 953 4743 Φωτεινιανῶν,
998 4677 1093 4731 no.1
1137 4675 1238 4748 τὴν
1286 4676 1396 4730 τῶν
1441 4675 1726 4730 Ἀπολινα-

172 4780 366 4831 ριανων.

228 4854 283 4909 ε’.
304 4858 432 4928 Περὶ
460 4858 556 4912 τοῦ
582 4858 753 4929 τόμου
778 4860 885 4914 τῶν
919 4859 1163 4914 Δυτικῶν
1185 4858 1281 4913 καὶ
1309 4859 1411 4929 τῆς
1434 4859 1728 4923 ὲνῖἈντιο·

172 4944 290 5016 χείᾳ,
317 4949 698 5018 ἀπεδεξάμεθα
730 4953 858 5015 τοὺς
903 4952 1031 5022 μίαν
1063 4949 1460 5022 ὁμολογοῦντας
1492 4948 1726 5021 Πατρὶς,

172 5038 247 5090 καὶ
273 5038 420 5109 Υίοῦ,
451 5042 548 5095 καὶ
572 5041 729 5110 ἁγίου
764 5041 1081 5112 Πνεύματος
1108 5040 1363 5109 θεότητα.

469 5152 743 5209 Συνόδου
796 5150 1049 5222 Ἐφέσου
1089 5150 1292 5206 κανὼν
1324 5150 1387 5215 ζ’.

229 5238 289 5303 ζ’.
318 5242 535 5297 Τούτων
560 5243 740 5297 τοίνυν
790 5241 1272 5311 ἀναγνωσθέντων,
1296 5240 1496 5312 ὥρισεν
1526 5240 1560 5310 ἡ
1592 5238 1725 5308 ἁγία

1750 3911 1801 3971 Β

1828 2564 1988 2619 doxa.

2172 2655 2554 2726 Apostolorum
2581 2671 2807 2709 canones
2833 2655 2922 2721 49,
2957 2655 3048 2710 50.
3072 2722 3075 2723 ν

1891 2747 1979 2803 49.
2014 2745 2128 2819 [48]
2162 2746 2218 2801 Si
2255 2745 2380 2815 quis
2413 2745 2710 2815 episc0pus
2757 2746 2843 2799 vel
2879 2746 3165 2816 presbyter
3206 2760 3269 2801 ex
3299 2744 3409 2801 Do-

1821 2839 1956 2895 mini
1982 2838 2327 2893 ordinatione
2357 2852 2464 2890 non
2485 2837 2916 2907 baptizaveritin
2945 2841 3168 2894 nomine
3198 2839 3405 2905 Patris,

1820 2941 1875 2989 et
1903 2931 2049 2997 Filii,
2080 2940 2135 2986 et
2161 2929 2399 2999 Spiritus
2422 2932 2621 2996 sancti,
2643 2932 2736 2987 sed
2767 2932 2820 2986 in
2845 2932 3009 2986 trium
3033 2932 3281 3002 principii
3310 2949 3409 2987 ex-

1821 3024 2082 3095 pertium,
2109 3023 2194 3077 vel
2223 3022 2388 3088 trium
2415 3023 2673 3090 ﬁliorum,
2693 3025 2776 3080 vel
2797 3025 2961 3080 trium
2985 3024 3410 3095 paracletorum,

1822 3114 2154 3184 deponatur.

1895 3204 1983 3258 50.
2014 3202 2127 3276 [49]
2154 3203 2211 3259 Si
2238 3204 2363 3274 quis
2394 3204 2691 3275 episcopus
2719 3206 2803 3260 vel
2842 3206 3150 3277 presbyter,
3181 3222 3291 3261 non
3309 3207 3413 3261 tria
3438 3276 3441 3281 ξ

1827 3298 1996 3354 unius
2057 3298 2304 3369 mysterii
2358 3298 2684 3366 baptismata
2730 3299 3050 3368 perfecerit,
3099 3300 3193 3354 sed
3242 3317 3411 3353 unum

1822 3394 2177 3463 baptismum,
2202 3390 2295 3460 qui
2321 3390 2483 3445 datur
2516 3391 2569 3444 in
2618 3402 2850 3445 mortem
2886 3391 3125 3458 Domini,
3169 3394 3409 3461 depona-

1827 3496 1933 3541 tur.
1973 3486 2094 3539 Non
2141 3485 2285 3538 enim
2324 3485 2461 3539 dixit
2502 3484 2766 3539 Dominus
2812 3504 2825 3539 :
2864 3486 2919 3539 ln
2954 3494 3186 3540 mortem
3234 3502 3414 3538 meam

1824 3580 2095 3650 baptizate
2139 3578 2301 3643 :sed,
2360 3577 2707 3631 Ambulantes
2759 3579 2939 3632 docete
2985 3594 3161 3631 omnes
3206 3586 3412 3645 gentes,

1826 3671 2156 3735 baptizantes
2180 3672 2319 3740 ipsos
2355 3671 2409 3724 in
2460 3671 2668 3725 nomine
2700 3668 2905 3736 Patris,
2937 3680 2984 3723 et
3015 3667 3174 3731 Filii,
3200 3678 3249 3721 et
3293 3666 3417 3735 Spi-

1825 3764 1963 3819 ritus
1991 3764 2164 3817 sancti
2200 3766 2241 3818 ⁸.

1979 3940 2211 3996 Concilii
2245 3938 2831 4009 Constantinopolitani
2868 3954 3094 3991 canones
3121 3936 3175 3999 l,
3213 3936 3271 3991 ες.

1900 4036 1952 4092 1.
1972 4035 2370 4089 Trecentorum
2399 4032 2587 4087 decem
2616 4041 2671 4088 et
2704 4041 2827 4087 octo
2850 4030 3075 4084 Patrum
3105 4028 3198 4096 qui
3224 4027 3418 4083 Nicam

1827 4132 2204 4181 convenerunt
2243 4124 2401 4177 ﬁdem
2448 4137 2558 4176 non
2610 4122 2886 4193 abrogari,
2947 4119 3043 4175 sed
3100 4120 3312 4172 ﬁrmam
3350 4133 3416 4172 ac

1829 4217 2078 4272 stabilem
2106 4229 2328 4270 manere
2357 4223 2632 4283 oportere,
2671 4222 2724 4267 et
2748 4226 2967 4265 omnem
3002 4210 3253 4265 haeresim
3284 4226 3419 4265 ana-

1831 4306 2197 4369 thematizari,
2271 4304 2657 4373 etSpecialiter
2720 4301 3190 4355 Eunomianorum
3227 4341 3242 4365 ,
3304 4301 3418 4354 sive

1829 4404 2237 4464 Anomreorum,
2269 4408 2321 4451 et
2346 4398 2699 4460 Arianorum,
2723 4396 2774 4465 2
2803 4395 2917 4449 sive
2950 4392 3415 4456 Eudoxianorum,

1828 4500 1882 4546 et
1916 4490 2406 4557 Semiarianorum,
2461 4487 2576 4539 sive
2635 4484 2881 4555 Spiritus
2912 4484 3085 4538 sancti
3157 4486 3416 4538 adversa-

1828 4582 2062 4641 riorum,
2114 4587 2168 4633 et
2225 4576 2805 4642 Marcellianorum,et
2855 4575 3331 4637 Pliotinianorum,
3364 4581 3418 4624 ut

1829 4670 2380 4744 Apollinaristaruin.

1898 4852 1953 4906 5.
1974 4848 2244 4906 Delibello
2274 4848 2349 4917 (l)
2378 4844 2835 4913 Occidentalium,
2858 4848 3019 4901 etiam
3048 4861 3143 4903 eos
3168 4843 3415 4913 suscepi-

1827 4960 1970 5009 mus,
1995 4943 2087 5013 qui
2118 4940 2425 4996 Antiochia:
2452 4955 2616 4994 unam
2649 4939 2849 5007 Patris,
2879 4949 2933 4995 et
2966 4938 3087 4993 Filii
3150 4948 3205 4993 et
3240 4936 3415 5007 Spiri-

1837 5047 1924 5093 tus
1947 5035 2123 5093 sancti
2145 5034 2402 5089 deitatem
2438 5032 2791 5088 conﬁtentur.

2236 5141 2460 5198 Concilii
2495 5142 2743 5210 Eplzesini
2770 5157 2937 5195 canon
2975 5139 3026 5193 '7.

1902 5237 1953 5291 7.
1975 5236 2071 5293 llis
2087 5236 2253 5308 igitur
2269 5236 2548 5305 perlectis,
2570 5235 2761 5290 statuit
2782 5241 2968 5288 sancta
2994 5230 3258 5302 synodus.
3282 5229 3422 5283 alte-

174 5327 365 5396 σύνοδος
410 5333 607 5407 ὲτέραν
634 5333 821 5388 πίστιν
853 5305 1054 5407 μήδηνὶ
1102 5305 1307 5400 ἐξεῖναι
1347 5305 1761 5406 ’προσφέρεινλ

1843 5344 1954 5386 ram
1989 5305 2152 5385 ﬁdem
2183 5327 2390 5383 nemini
2418 5325 2580 5384 lieere
2607 5323 2877 5398 proferre,
2910 5332 3001 5378 aut
3035 5322 3403 5387 conscribere,

238 5503 251 5534 ³
285 5503 467 5562 Matth.
495 5521 682 5574 xxvm,
716 5507 803 5564 l9.

1662 5620 1901 5678 NOTAE.

240 5751 307 5824 (1)
338 5754 703 5814 Dclinitioncm
739 5758 977 5830 intellige
1001 5758 1122 5817 ﬁdei
1155 5756 1389 5816 Nicaeum
1423 5759 1490 5816 ab
1508 5756 1782 5831 episcopis
1809 5756 1995 5817 Occid.
2027 5756 2269 5814 Sardicae
2293 5755 2586 5823 ﬁrmatam,
2617 5759 2753 5809 teste
2786 5749 3141 5814 Balsamone.
