3908 6296
590 288 695 357 443

1754 295 2019 359 ΡΗΟΤΙΙ
2056 296 2564 364 PATRIARCH/E
2603 304 2710 368 (ΞΡ.

3714 311 3803 375 lli

588 423 687 469 aut
727 426 1076 485 componere,
1117 423 1315 485 praeter
1357 415 1635 472 deﬁnitam
1668 430 1699 473 a
1753 415 1961 473 sanctis
1986 415 2159 470 Patri-

2264 418 2431 487 ἧγουν
2450 420 2840 491 συγγράφεινῆ
2873 420 3203 486 συντιθέναι,
3220 421 3373 492 παρὰ
3398 422 3493 493 τὴν
3524 422 3809 494 ὁρισθεῖσαν

590 506 694 562 bus
747 505 841 573 qui
888 505 945 561 in
988 502 1171 561 Nicaea
1209 520 1334 562 cum
1368 506 1571 578 Spiritu
1619 515 1811 563 sancto
1849 507 2165 580 congregati

589 596 828 651 fuerunt.

873 688 1102 745 Concilii
1141 689 1576 762 Carthaginensis
1612 704 1783 745 canon
1814 690 1869 744 2.

660 780 717 835 2.
752 780 826 834 De
842 780 1103 838 Trinitate
1126 785 1487 853 pradicanda,
1525 784 1841 838 universum
1875 781 2168 837 concilium

589 872 770 929 dixit:
812 874 921 931 Deo
952 876 1227 947 propitio,
1271 878 1387 948 pari
1422 877 1767 948 professione
1811 877 1946 932 ﬁdes
1994 877 2171 931 eccle-

589 965 843 1032 siastica,
871 982 992 1037 qua:
1027 983 1125 1038 per
1156 983 1257 1024 nos
1280 969 1517 1023 traditur
1560 969 1614 1024 in
1647 969 1752 1023 hoc
1779 978 1925 1025 coetu
1963 968 2164 1037 glorio-

589 1071 653 1111 so
673 1096 691 1122 ,
722 1058 979 1127 primitus
1011 1058 1317 1114 conﬁtenda
1350 1068 1465 1127 est;
1502 1067 1632 1114 tunc
1659 1059 1879 1114 demum
1921 1060 2054 1113 ordo
2079 1074 2169 1114 ec-

588 1149 928 1206 clesiasticus
967 1152 1307 1221 singulorum
1353 1166 1421 1207 ex
1467 1166 1740 1208 consensu
1786 1152 2034 1205 omnium
2081 1157 2167 1206 est

588 1243 976 1298 asservandus.
1023 1243 1105 1299 Ad
1147 1245 1582 1301 corroborandas
1618 1254 1799 1299 autem
1837 1244 2064 1298 fratrum
2109 1255 2163 1301 et

587 1320 1034 1403 coepiscoporutﬁ
1064 1346 1381 1391 nostrorum
1416 1351 1593 1406 nuper
1616 1346 1987 1405 promotorum
2012 1352 2165 1391 men-

590 1431 709 1488 tes,
758 1437 823 1477 ea
854 1426 1206 1494 proponenda
1249 1434 1409 1490 sunt,
1460 1441 1582 1494 quae
1629 1441 1659 1479 a
1708 1422 1964 1480 Patribus
2014 1436 2164 1480 certa

587 1514 951 1583 dispositione
976 1518 1310 1587 accepimus,
1338 1526 1397 1572 ut
1425 1516 1712 1572 Trinitatis
1738 1554 1753 1579 ,
1777 1532 1936 1586 quam
1960 1516 2164 1572 nostris

591 1605 645 1661 in
674 1608 930 1664 sensibus
956 1620 1329 1665 consecratam
1359 1610 1679 1675 retinemus,
1710 1609 1909 1675 Patris,
1942 1618 1995 1662 et
2018 1608 2160 1672 Filii,

590 1708 644 1753 et
685 1697 922 1769 Spiritus
950 1701 1127 1758 sancti
1166 1704 1427 1757 unitatem
1452 1741 1469 1766 ,
1518 1717 1641 1771 qua:
1674 1702 1876 1756 nullam
1917 1702 2163 1757 noscitur

588 1790 789 1847 habere
814 1792 1171 1848 differentiam
1194 1834 1209 1859 ,
1245 1793 1406 1849 sicuti
1438 1793 1761 1855 didicimus,
1814 1793 1887 1848 ita
1931 1794 2022 1848 Dei
2058 1809 2157 1862 po-

590 1881 747 1950 pulos
816 1882 1176 1938 instruamus.
1249 1881 1378 1937 ltem
1435 1884 1505 1937 ab
1559 1883 1829 1938 universis
1884 1883 2156 1951 episcopis

592 1987 765 2040 nuper
789 1974 1054 2042 promotis
1085 1973 1287 2028 dictum
1328 1980 1412 2028 est
1442 1990 1456 2027 :
1502 1972 1668 2026 Plane
1697 1973 1779 2027 sic
1812 1971 2155 2039 accepimus,

588 2059 670 2114 sic
702 2068 949 2115 tenemus
975 2098 991 2124 ,
1024 2062 1104 2115 sic
1125 2060 1418 2123 docemus,
1452 2060 1611 2114 ﬁdem
1635 2059 2001 2130 evangelicam
2032 2073 2155 2114 cum

588 2157 768 2205 vestra
799 2149 1044 2205 doctrina
1075 2157 1385 2219 sequentes.

726 2351 952 2408 Concilii
999 2351 1304 2405 mcumem’ci
1348 2366 1399 2404 vt
1446 2366 1669 2403 canones
1700 2350 1720 2402 l
1747 2389 1762 2414 ,
1792 2349 1892 2417 73,
1926 2348 2016 2404 81.

662 2443 711 2496 Ι.
743 2442 889 2498 Ordo
909 2453 991 2497 est
1016 2444 1257 2512 optimus
1275 2442 1347 2506 ei,
1364 2442 1459 2511 qui
1473 2455 1689 2497 omnem
1715 2442 2015 2497 orationem
2032 2450 2086 2496 et
2104 2430 2169 2513 3'

587 2550 701 2589 rem
730 2534 937 2603 incipit,
962 2542 1015 2589 et
1039 2550 1069 2588 a
1105 2533 1215 2588 Deo
1252 2534 1566 2604 incipere,et
1598 2534 1651 2588 in
1689 2533 1854 2589 Deum
1885 2535 2153 2601 desinere,

590 2622 799 2679 ntdicit
823 2622 1156 2694 Theologus.
1193 2622 1461 2690 Quocirca
1500 2637 1625 2679 cum
1653 2633 1708 2678 et
1747 2625 1919 2693 pietas
1946 2640 1976 2678 a
2001 2625 2158 2680 nobis
2200 2668 2226 2677 ..

587 2717 735 2770 clare
788 2716 1132 2785 praedicetur,
1170 2723 1223 2770 et
1252 2715 1519 2783 Ecclesia,
1548 2715 1604 2770 in
1635 2731 1742 2786 qua
1787 2717 2039 2772 Christus
2073 2726 2160 2772 est
2194 2708 2204 2785 ζ

590 2806 1029 2872 fundamentum,
1079 2808 1298 2863 assidue
1337 2816 1622 2878 augeatur,
1655 2822 1719 2863 ac
1751 2817 2156 2877 promoveatur,

590 2908 650 2953 ut
682 2914 744 2953 ea
775 2915 939 2968 supra
973 2899 1167 2954 cedros
1215 2898 1406 2954 Libani
1453 2900 1747 2954 extollatur
1779 2918 1793 2955 :
1829 2909 1884 2954 et
1900 2916 2045 2955 nunc
2072 2915 2161 2955 sa-
2200 2926 2204 2966 ;

589 3007 714 3046 eros
734 3006 971 3048 canones
990 2992 1284 3056 ordientes,
1313 2992 1602 3047 statuimus
1623 2991 1781 3047 ﬁdem
1808 3007 1838 3047 a
1862 2990 2027 3047 Verbi
2055 2993 2159 3047 mi-
2221 2998 2225 3003 '

2272 511 2424 581 παρά
2471 511 2583 566 τῶν
2642 514 2813 581 ἁγίων
2878 513 3139 583 Πατέρων
3184 512 3294 566 τῶν
3348 515 3407 566 ὲν
3471 518 3537 587 τῇ
3586 516 3809 574 Νικαέων

2272 602 2645 673 συναχθέντων
2695 604 2794 657 σὺν
2818 604 2956 672 ἀγίῳ
2979 602 3279 672 Πνεύματι.

2515 694 2785 749 Συνόδου
2832 693 3249 764 Καρθαγέννης
3287 693 3486 746 κανὼν
3514 693 3595 759 β’.

2340 784 2406 854 β’.
2427 786 2565 855 Περὶ
2591 787 2921 854 κηρυκτέας
2951 786 3062 855 τῆς
3085 786 3258 855 ἁγίας
3294 785 3550 853 Τριάδος,
3576 785 3809 856 σύμπασα

2264 878 2299 948 ἡ
2338 876 2555 941 σύνοδος
2576 873 2751 931 εἶπεν·
2784 878 3040 941 Θέλοντος
3078 876 3173 931 τοῦ
3217 876 3375 942 Θεοῦ,
3405 878 3492 948 ίσῃ
3521 877 3809 951 ὁμολογίᾳη

2267 969 2695 1040 ὲκκλησιαστικὴ
2743 969 2925 1030 πίστις
2978 971 3010 1040 ἡ
3044 968 3113 1022 δι’
3139 967 3298 1040 ἡμῶν
3344 968 3732 1039 παραδιδομένη
3761 972 3810 1023 ὲν

2264 1062 2437 1134 ταύτῃ
2467 1064 2533 1132 τῇ
2559 1060 2750 1129 ἐνδόξῳ
2770 1060 3080 1113 συνελεύσει
3102 1058 3473 1130 πρωτοτύπως
3503 1059 3811 1132 ὀμολογητέα

2266 1146 2403 1201 ἐστί.
2465 1148 2808 1212 Βεϐαιωτέας
2873 1148 2929 1201 δὲ
2989 1148 3089 1211 τὰς
3134 1146 3243 1199 τῶν
3272 1146 3517 1216 ἀδελφῶν
3571 1151 3661 1202 καὶ
3707 1168 3812 1205 συν-

2265 1240 2579 1293 επισκόπων
2600 1240 2778 1310 ἡμῶν,
2805 1238 2911 1293 τῶν
2940 1239 3168 1309 ἔναγχος
3199 1239 3677 1309 χειροτονηθέντων
3711 1243 3811 1297 δια-

2264 1330 2412 1393 νοίας
2444 1348 2458 1362 υ
2493 1330 2664 1385 ταῦτα
2687 1332 2768 1383 δεῖ
2792 1330 3111 1401 προσθεῖναι
3140 1329 3177 1384 ἀ
3212 1330 3363 1401 παρὰ
3414 1331 3523 1384 τῶν
3578 1333 3811 1403 Πατέρων

2266 1422 2461 1493 βεϐαίᾳ
2486 1422 2817 1476 διατυπώσει
2851 1421 3258 1492 παρελάϐομεν,
3295 1421 3434 1475 ὥστε
3457 1423 3556 1489 τῆς
3584 1423 3809 1491 Τριάδος,

2262 1514 2505 1568 τουτέστι
2552 1513 2646 1567 τοῦ
2693 1515 2927 1584 Πατρὸς,
2977 1514 3074 1567 καὶ
3110 1513 3206 1567 τοῦ
3242 1512 3396 1579 Υίοῦ,
3426 1512 3522 1566 καὶ
3553 1512 3645 1566 τοῦ
3677 1515 3813 1582 ἁγίου

2264 1605 2576 1674 Πνεύματος
2601 1606 2701 1676 τὴν
2722 1606 3079 1676 ἐνότητα,τὴν
3106 1606 3372 1675 μηδεμίαν
3400 1604 3546 1675 ἔχειν
3575 1605 3816 1675 διαφορὰν

2273 1697 2684 1767 γινωσκομένην
2712 1713 2727 1728 ⁸
2763 1698 2830 1768 ἣν
2861 1698 2980 1761 ταῖς
3011 1697 3309 1768 ἡμετέραις
3349 1696 3609 1759 διανοίαις
3635 1696 3816 1763 ὲγκαθ-

2266 1788 2584 1859 ιερωθεῖσαν
2614 1788 2916 1858 κατέχομεν
2951 1806 2966 1820 ·
2998 1788 3096 1842 καὶ
3137 1786 3325 1849 καθὼς
3375 1786 3670 1857 ἐμάθομεν,
3692 1787 3817 1841 οὕτω

2255 1881 2385 1943 τοὺς
2410 1880 2574 1944 λαοὺς
2588 1879 2683 1934 τοῦ
2713 1879 2849 1932 Θεοῦ
2877 1879 3198 1949 διδάξωμεν.
3233 1878 3466 1947 Ὁμοίως
3494 1878 3602 1931 ἀπὸ
3623 1878 3818 1931 πάντων

2255 1969 2363 2025 τῶν
2398 1970 2714 2024 ἐπισκόπων
2753 1969 2861 2024 τῶν
2902 1970 3131 2039 ἔναγχος
3176 1968 3586 2039 προαχθέντων,
3639 1968 3815 2039 ἐλέχθη

2257 2062 2509 2130 φανερῶς
2536 2078 2550 2090 ·
2587 2059 2773 2123 Οὕτως
2802 2060 3091 2130 δεχόμεθα,
3112 2058 3285 2123 οὕτως
3315 2059 3640 2129 κατέχομεν,
3666 2059 3818 2124 οὕτως

2256 2152 2601 2223 διδάσκομεν,
2629 2156 2695 2224 τῇ
2710 2153 2888 2207 πίστει
2912 2156 2977 2225 τῇ
3004 2153 3339 2225 εύαγγελικῇ
3371 2154 3488 2225 ἅμα
3516 2156 3581 2224 τῇ
3600 2154 3817 2225 ὑμετέρα

2254 2246 2576 2318 διδασκαλίᾳ
2616 2247 2891 2317 ἑπόμενοι.

2325 2362 2597 2417 Συνόδου
2624 2359 3045 2430 οίκουμενικῆς
3080 2366 3154 2426 ς’,
3183 2358 3383 2413 κανὼν
3412 2365 3487 2425 α’,
3518 2358 3623 2427 στ’,
3646 2358 3754 2414 :ta'.

2328 2459 2398 2509 α’.
2433 2452 2600 2517 Τάξις
2638 2453 2837 2522 ἀρίστη
2869 2451 3067 2515 παντὸς
3096 2450 3397 2521 ἀρχομένου
3431 2451 3528 2503 καὶ
3553 2451 3705 2518 λόγου
3739 2451 3814 2503 καὶ

2256 2544 2603 2615 πράγματος,
2637 2545 2704 2596 ὲκ
2736 2543 2872 2598 Θεοῦ
2904 2561 2962 2597 τε
2986 2543 3248 2614 ἄρχεσθαι
3282 2546 3377 2596 καὶ
3411 2543 3492 2605 είς
3526 2542 3656 2596 Θεὸν
3702 2545 3811 2596 ἀνα-

2258 2636 2546 2697 παύεσθαι,
2573 2637 2718 2690 κατὰ
2747 2636 2846 2707 τὴν
2877 2635 3125 2701 θεολόγον
3158 2637 3342 2705 φωνήν
3371 2653 3384 2667 ο
3422 2634 3548 2689 ὅθεν
3605 2636 3697 2688 καὶ
3734 2638 3812 2705 τῆς

2258 2728 2538 2793 εὐσεϐείας
2574 2728 2669 2797 ὑφ’
2696 2726 2852 2798 ἡμῶν
2890 2727 2989 2798 ἤδη
3034 2727 3371 2796 διαπρυσίως
3406 2727 3810 2797 κηρυττομένης,

2258 2820 2352 2873 καὶ
2395 2818 2499 2888 τῆς
2568 2818 2896 2889 Ἐκκλησίας
2943 2811 3094 2892 ὲφ⁹ᾖ
3138 2818 3373 2887 Χριστὸς
3421 2817 3811 2888 τεθεμελίωται,

2255 2909 2517 2980 διηνεκῶς
2536 2909 2874 2979 αὐξανούσης
2908 2909 3002 2962 καὶ
3028 2908 3474 2980 προκοπτούσης,
3511 2910 3587 2973 ὡς
3611 2909 3712 2962 τῶν
3737 2909 3813 2964 τοῦ

2257 3001 2492 3056 Λιϐάνου
2543 3001 2749 3068 κέδρων
2778 3000 2982 3070 ταύτην
3034 2999 3527 3070 ὑπερεκτείνεσθαι
3554 3016 3568 3030 ·
3618 2999 3705 3052 καὶ
3736 2999 3814 3051 νῦν

590 3081 799 3143 nistris,
835 3083 1038 3152 quique
1098 3082 1273 3150 ipsum
1314 3082 1429 3137 suis
1472 3082 1645 3136 oculis
1706 3083 1981 3147 viderunt,
2043 3094 2097 3138 et
2129 3099 2157 3138 a

2263 3093 2436 3164 ἀρχὴν
2485 3093 2593 3145 τῶν
2628 3092 2790 3162 ἱερῶν
2854 3092 3171 3161 ποιούμενοι
3226 3090 3419 3158 λόγων,
3478 3090 3661 3161 χάριτι
3715 3090 3815 3162 θείᾳ

592 3176 702 3228 ι)οο
724 3174 879 3229 electi
912 3183 1059 3237 sunt,
1089 3173 1351 3242 apostolis
1401 3173 1677 3238 traditam,
1708 3174 1843 3228 citra
1874 3174 2040 3228 ullam
2068 3176 2157 3229 in-

590 3267 934 3320 novationem
960 3266 1485 3337 immutabiliterque
1528 3282 1592 3323 ac
1628 3266 2011 3322 inviolabiliter
2035 3283 2157 3323 esse

589 3358 937 3415 servandam.
970 3358 1239 3413 Praeterea
1271 3368 1452 3413 autem
1486 3369 1541 3413 et
1575 3369 1939 3414 trecentorum
1971 3362 2156 3415 decem

586 3461 644 3507 et
671 3461 796 3507 octo
826 3461 1138 3508 sanctorum
1166 3451 1390 3506 Patrum
1419 3452 1511 3522 qui
1550 3451 1743 3507 Nicaeae
1784 3465 2159 3509 convenerunt

588 3547 692 3601 sub
717 3546 1095 3611 Constantino,
1133 3546 1223 3613 qui
1264 3546 1366 3599 fuit
1395 3555 1582 3600 noster
1611 3546 1932 3615 imperator,
1968 3545 2160 3609 adver-

589 3651 682 3691 sus
707 3636 931 3707 impium
948 3637 1159 3701 Arium,
1179 3645 1233 3690 et
1247 3636 1500 3706 gentilem
1523 3635 1591 3689 ab
1616 3650 1681 3689 eo
1703 3635 2157 3703 dogmatizantem

588 3727 806 3781 deitatis
839 3728 1231 3791 diversitatem,
1263 3727 1345 3781 vel
1380 3729 1603 3781 deorum
1644 3726 1848 3794 potius,
1890 3734 1949 3779 ut
1979 3725 2161 3794 aptius

588 3820 788 3882 dicam,
858 3818 1257 3874 multitudinem
1307 3836 1321 3873 :
1370 3818 1463 3887 qui
1523 3817 1684 3871 nobis
1732 3817 1973 3870 unanimi
2036 3817 2159 3870 ﬁdei

588 3909 867 3979 agnitione
925 3907 1576 3973 consubstantialitatem,
1640 3906 1695 3960 in
1741 3906 1918 3962 tribus
1964 3907 2161 3962 divinae

589 4011 799 4056 naturae
823 4001 1250 4057 consistentibus
1284 3999 1556 4069 personis,
1593 4005 1648 4054 et
1683 3997 2083 4060 revelaverunt,
2107 4007 2163 4054 et

587 4094 956 4158 declararunt,
975 4093 1115 4147 banc
1131 4094 1234 4148 sub
1250 4092 1565 4161 ignorantia:
1590 4091 2157 4146 modioabsconditam

588 4201 711 4241 esse
741 4201 847 4241 non
879 4185 1147 4252 sinentes;
1167 4184 1261 4239 sed
1294 4183 1532 4246 Patrem,
1561 4190 1617 4237 et
1655 4180 1875 4247 Filium,
1908 4190 1963 4235 et
1986 4183 2157 4251 Spiriv

588 4285 701 4331 tum
727 4285 974 4331 sanctum
1005 4291 1113 4330 una
1144 4274 1461 4330 adoratione
1492 4274 1678 4329 ﬁdeles
1712 4273 1944 4329 adorare
1976 4284 2161 4344 aperte

586 4369 880 4437 docentes;
915 4376 969 4424 et
1002 4369 1071 4424 ab
1112 4368 1383 4424 haereticis
1430 4382 1498 4422 ex
1533 4382 1697 4422 arena
1723 4376 2035 4422 constructa
2060 4369 2157 4424 ad-

2258 3184 2513 3257 δρίζομεν
2535 3182 2938 3253 ἀκαινοτόμητά
2957 3199 3017 3235 τε
3031 3183 3124 3235 καὶ
3144 3181 3518 3252 ἀπαράτρωτα
3553 3180 3815 3251 φυλάττειν

2258 3277 2357 3349 τὴν
2386 3276 2782 3347 παραδοθεῖσαν
2809 3276 2989 3328 πίστιν
3027 3274 3159 3344 ἡμῖν
3190 3272 3295 3325 ὑπό
3327 3290 3385 3325 τε
3418 3273 3531 3327 τῶν
3553 3272 3813 3326 αὐτοπτῶν

2232 3372 2355 3433 ,καὶ
2383 3368 2673 3441 ὑπηρετῶν
2695 3367 2788 3421 τοῦ
2821 3367 3014 3435 Λόγου,
3041 3366 3149 3421 τῶν
3174 3366 3474 3437 θεοκρίτων
3504 3365 3813 3428 ἀποστόλων,

2260 3462 2339 3515 ἔτι
2360 3462 2416 3514 δὲ
2452 3460 2676 3514 καὶτῶν
2695 3457 2799 3529 τιη⁹
2826 3458 2996 3526 ἁγίων
3013 3458 3106 3510 καὶ
3139 3457 3423 3527 μακαρίων
3455 3456 3710 3527 Πατέρων
3727 3457 3816 3508 τῶν

2261 3554 2318 3606 ἐν
2350 3553 2554 3622 Νικαίᾳ
2580 3550 2961 3615 συνελθόντων,
2993 3550 3085 3602 ἐπὶ
3127 3549 3550 3603 Κωνσταντίνου
3572 3549 3661 3601 τοῦ
3689 3565 3817 3616 γενο-

2263 3642 2423 3713 μένου
2445 3643 2601 3713 ήμῶν
2629 3642 2910 3712 βασιλέως,
2939 3637 3083 3693 κατά
3123 3640 3335 3708 Ἀρείου
3368 3639 3463 3692 τοῦ
3526 3638 3813 3702 δυσσεϐοῦς,

2259 3735 2353 3787 καὶ
2378 3734 2477 3805 τῆς
2502 3733 2631 3803 παρ’
2664 3733 2828 3787 αὑτοῦ
2867 3732 3326 3802 δογματισθείσης
3377 3732 3605 3803 ὲθνικῆς
3655 3733 3815 3802 ἑτερο·

2261 3823 2485 3893 θεῖας,ἢ
2517 3824 2804 3885 πολυθεϊας
2834 3825 3008 3877 εἰπεῖν
3033 3821 3380 3892 οἰκειότερον,
3413 3822 3465 3875 οἳ
3501 3826 3570 3894 τῇ
3599 3825 3815 3893 ὁμογνωο

2263 3912 2468 3983 μοσύνῃ
2495 3913 2594 3983 τῆς
2635 3913 2888 3978 πίστεως,
2938 3911 3001 3963 τὸ
3049 3910 3333 3981 ὁμοούσιον
3388 3913 3528 3982 ἡμῖν
3591 3912 3679 3965 ἐπὶ
3727 3911 3815 3965 τῶν

2256 4002 2426 4071 τριῶν
2453 4003 2551 4071 τῆς
2583 4001 2882 4071 θεαρχικῆς
2932 4000 3149 4070 φύσεως
3204 4001 3580 4065 ὑποστάσεων,
3632 4001 3813 4054 ἀπεκά-

2258 4092 2433 4163 λυψάν
2475 4110 2535 4146 τε
2576 4095 2669 4148 καὶ
2703 4094 3071 4165 διετράνωσαν
3106 4109 3119 4124 ·
3174 4094 3248 4165 μὴ
3301 4094 3705 4165 ὲπικεκρύφθαι
3751 4091 3814 4161 τῷ

2262 4185 2428 4257 μοδίῳ
2443 4188 2541 4256 τῆς
2561 4186 2831 4255 ἀγνωσίας
2853 4185 3011 4239 τοῦτο
3038 4187 3566 4257 παραχωρήσαντες,
3587 4187 3713 4240 ἀλλὰ
3739 4185 3813 4239 τὸν

2260 4276 2503 4348 Πατέρα,
2530 4277 2627 4330 καὶ
2657 4278 2751 4330 τὸν
2796 4277 2945 4343 Υίὸν,
2976 4277 3071 4331 καὶ
3102 4277 3165 4330 τὸ
3208 4276 3363 4346 ἅγιον
3397 4278 3642 4349 Πνεῦμα,
3674 4293 3814 4350 προσ-

2259 4371 2443 4423 κυνεῖν
2476 4370 2577 4441 μιᾷ
2617 4369 3021 4437 προσκυνήσει,
3067 4370 3194 4432 τοὺς
3255 4370 3482 4432 πιστοὺς
3543 4368 3813 4439 ἀναφανδὸν

586 4477 777 4517 versus
799 4470 1000 4516 rectam
1031 4461 1342 4531 opinionem
1376 4460 1604 4529 puerilia
1634 4460 1864 4515 ludibria
1895 4461 2160 4531 dejicien-

2264 4460 2660 4527 ἐκδιδάξαντες,
2720 4460 2814 4514 καὶ
2851 4463 2950 4531 τήν
2978 4477 3036 4514 τε
3065 4461 3179 4515 τῶν
3209 4461 3412 4514 ἀνίσων
3462 4461 3691 4531 βαθμῶν
3730 4463 3811 4530 τῆς

586 4564 671 4612 tes
715 4565 769 4611 et
828 4556 1227 4611 subvertentes.
1290 4554 1555 4609 Similiter
1612 4563 1667 4609 et
1713 4569 1856 4619 eam,
1897 4571 2019 4625 quae
2057 4556 2161 4613 sub

586 4648 894 4708 Theodosio
922 4648 1148 4716 majore,
1183 4647 1277 4718 qui
1302 4647 1404 4702 fuit
1433 4658 1620 4703 noster
1638 4648 1950 4717 imperator,
1973 4664 2002 4702 a
2027 4664 2159 4705 cen-

586 4750 699 4795 tum
739 4740 1132 4812 quinquaginta
1158 4740 1359 4795 sanctis
1386 4738 1663 4808 Patribus,
1693 4740 1786 4811 qui
1822 4740 1876 4794 in
1904 4741 2007 4797 bac
2027 4742 2160 4796 urbe

588 4833 887 4902 imperante
916 4838 1312 4894 convenerunt,
1359 4831 1655 4901 prmdicata
1688 4841 1791 4899 est,
1832 4831 1991 4887 ﬁdem
2026 4850 2160 4888 con-

588 4925 898 4987 ﬁrmamus,
923 4925 989 4979 de
1033 4923 1237 4993 Spiritu
1283 4932 1475 4978 sancto
1502 4939 1665 4979 voces
1693 4941 1814 4993 qua:
1836 4942 1959 4979 eum
1986 4925 2155 4979 Deum

585 5032 707 5072 esse
754 5024 1020 5077 statuunt.
1052 5015 1465 5083 amplectentes,
1492 5023 1546 5070 et
1586 5016 1874 5086 profanum
1909 5016 2158 5073 Macedo-

586 5109 737 5162 nium
769 5123 875 5161 una
905 5123 1027 5162 cum
1063 5106 1341 5175 prioribus
1364 5108 1609 5162 veritatis
1632 5108 1868 5163 inimicis
1884 5110 2158 5179 expellen-

589 5209 704 5266 tes;
731 5209 792 5252 ut
813 5199 904 5269 qui
927 5214 1053 5253 eum
1102 5200 1195 5269 qni
1220 5199 1551 5265 dominatur,
1574 5216 1791 5256 servum
1815 5218 1936 5258 esse
1965 5203 2156 5258 decer-

586 5307 716 5347 nere
745 5306 916 5346 ausus
966 5292 1071 5356 sit;
1121 5301 1176 5346 et
1221 5292 1524 5347 insectilem
1562 5295 1823 5349 unitatem
1868 5310 2056 5349 secare
2102 5296 2158 5367 ἀ,

588 5384 860 5455 praedonis
882 5394 1030 5438 more
1055 5384 1307 5449 voluerit,
1332 5394 1515 5439 utnon
1538 5395 1683 5441 esset
1703 5386 2005 5456 perfectum
2031 5386 2156 5439 ﬁdei

591 5476 678 5548 [G.
719 5475 856 5549 spei]
915 5487 1118 5532 nostrae
1151 5479 1469 5549 mysterium
1503 5496 1517 5532 :
1546 5494 1653 5535 una
1699 5478 1863 5533 etiam
1891 5493 2015 5532 eum
2048 5478 2158 5533 isto

592 5571 779 5625 odioso
812 5585 878 5626 ac
932 5570 1270 5636 detestabili,
1319 5571 1522 5641 quique
1561 5571 1820 5625 adversus
1872 5571 2157 5627 veritatem

590 5662 693 5717 fuit
719 5663 868 5719 rabie
933 5663 1206 5733 percitus,
1275 5664 1439 5717 etiam
1490 5662 1856 5731 Apollinarem
1910 5664 2158 5733 ejusdem

589 5756 890 5827 iniquitatis
922 5764 1136 5829 mystcu
1190 5773 1294 5813 una
1347 5757 1771 5813 condculnantcs
1804 5776 1815 5812 :
1850 5759 1946 5826 qui
1982 5757 2163 5813 Domi-

2259 4556 2512 4627 θεότητος
2538 4555 2715 4620 δόξαν,
2746 4552 3066 4617 καθελόντες
3094 4553 3189 4607 καὶ
3218 4552 3624 4616 διασπάσαντες
3640 4570 3654 4583 ’
3680 4553 3741 4605 τά
3765 4569 3813 4604 τε

2256 4650 2364 4704 ὑπὸ
2388 4649 2498 4703 τῶν
2541 4647 2834 4719 αίρετικῶν
2869 4646 3139 4701 συστάντα
3176 4647 3240 4699 ἐκ
3276 4647 3508 4717 ψάμμου
3551 4645 3686 4700 κατά
3731 4644 3813 4712 τῆς

2258 4740 2565 4811 ὀρθοδοξίας
2593 4738 2930 4810 μειρακιώδη
2971 4737 3285 4808 ἀθύρματα,
3322 4738 3717 4799 καταϐαλόντες
3734 4739 3812 4789 καὶ

2258 4831 2680 4903 ἀνατρέψαντες.
2713 4830 2993 4893 Ὡσαύτως
3018 4829 3074 4882 δὲ
3092 4830 3185 4883 καὶ
3214 4830 3314 4899 τὴν
3340 4831 3433 4883 ἐπὶ
3474 4830 3571 4883 τοῦ
3602 4828 3812 4899 μεγάλου

2256 4923 2535 4978 Θεοδοσίου
2571 4921 2669 4976 τοῦ
2697 4921 2993 4991 γενομένου
3029 4921 3188 4992 ἡμῶν
3239 4921 3526 4991 βασιλέως,
3580 4921 3681 4973 ὑπὸ
3721 4917 3812 4970 τῶν

2258 5018 2316 5070 ὲν
2340 5015 2513 5086 ταύτῃ
2544 5013 2774 5085 βασιλίδι
2806 5013 2958 5066 πόλει
2994 5013 3368 5083 συναχθέντων
3398 5010 3475 5084 ρν¹
3525 5012 3694 5080 ἁγίων
3720 5010 3811 5061 Ilu-

2256 5108 2430 5179 τέρων
2482 5106 2849 5177 κηρυχθεῖσαν
2908 5105 3113 5169 πίστιν,
3168 5103 3509 5174 κρατύνομεν
3535 5120 3549 5134 ’
3581 5103 3676 5165 τὰς
3711 5101 3812 5153 θεο-

2257 5199 2451 5268 λόγους
2474 5198 2603 5268 περὶ
2640 5196 2735 5250 τοῦ
2788 5198 2947 5264 ἁγίου
3001 5196 3315 5267 [Ινεύματος
3372 5196 3556 5264 φωνὰς
3599 5192 3812 5255 ἀσπαζό-

2265 5307 2438 5363 μενοι,
2488 5290 2585 5342 καὶ
2624 5288 2716 5341 τὸν
2765 5288 2988 5358 βέϐηλον
3047 5287 3377 5342 Μακεδόνων
3403 5289 3515 5350 τοῖς
3554 5285 3813 5356 προτέροις

2261 5384 2476 5454 ἐχθροῖς
2504 5383 2604 5452 τῆς
2633 5381 2890 5451 ἀληθείας
2916 5379 3394 5445 συνεξελαύνοντες
3414 5418 3430 5444 ,
3464 5379 3539 5440 ὡς
3567 5377 3743 5430 δοῦλον
3764 5374 3814 5428 τὸ

2263 5476 2521 5540 δεσπόζον
2554 5475 2802 5538 αὐθαδῶς
2840 5475 3060 5541 δοξάσαι
3085 5472 3454 5543 τολμήσαντα,
3507 5474 3603 5525 καὶ
3654 5469 3814 5539 σχίσαι

2261 5570 2360 5641 τὴν
2396 5569 2640 5641 ἄτμητον
2674 5567 2883 5638 Τριάδα
2908 5565 3218 5638 λῃστρικῶς
3249 5565 3609 5635 προελόμενον
3628 5580 3639 5591 ’
3666 5561 3735 5623 ὡς
3759 5559 3817 5611 ἂν

2268 5666 2343 5733 μὴ
2370 5662 2583 5725 ἐντελὲς
2607 5662 2738 5731 ἡμῖν
2774 5660 2835 5713 τὸ
2857 5661 2953 5729 τῆς
2998 5658 3211 5721 ἐλπίδος
3257 5660 3341 5729 εἴη
3389 5658 3683 5727 μυστήριον
3709 5667 3722 5681 ⁸
3750 5651 3814 5705 ’ὦ

2266 5753 2506 5826 βδελυρῷ
2546 5752 2720 5824 τούτῳ
2756 5750 3020 5808 καὶκατὰ
3048 5750 3147 5822 τῆς
3193 5750 3451 5822 ἀληθείας
3492 5746 3814 5815 λυιτήσαντι,
