3994 6442
154 372 247 435 445

1054 365 1243 427 SYNT
1256 367 1458 437 AGMA
1484 364 1873 430 CANONUM.
1896 366 2112 428 —T[T-
2147 368 2197 438 Ι,
2229 367 2387 429 CAP.
2418 367 2469 428 I.

3279 369 3389 435 446

152 480 235 533 καὶ
278 474 654 544 ’Δπολινάριον
696 472 790 528 τὸν
828 473 930 544 τῆς
958 472 1158 539 κακίας
1190 478 1402 547 μύστην
1430 482 1709 543 συγκατα-

1814 488 1945 528 num
2009 490 2210 545 corpus
2282 483 2464 530 mente
2531 481 2586 529 et
2648 473 2835 529 anima
2918 489 3027 528 non
3102 472 3389 542 praeditum

152 569 436 643 κρίνοντες,
483 566 543 631 ὃς
579 565 739 619 ἄνουν
789 563 881 618 τὸν
910 564 1118 636 Κύριον
1148 566 1498 638 ἀνειληφέναι
1530 564 1711 636 σῶμα,

150 659 410 722 δυσσεϐῶς
479 657 829 729 ὲξηρεύξατο.
899 657 1179 712 Ἐντεῦθεν
1230 660 1326 712 καὶ
1374 652 1531 723 οὗτος
1584 659 1717 729 ἡμῖν

153 753 303 823 ἀτελῆ
334 752 435 824 τὴν
459 752 736 823 σωτηρίαν
768 750 1021 821 γενέσθαι
1060 751 1508 824 συλλογιζόμενος
1529 767 1547 784 ο
1582 752 1719 806 ἀλλά

152 846 245 919 μὴν
273 848 365 900 καὶ
388 845 461 899 τὰ
486 845 639 917 παρὰ
666 846 775 899 τῶν
799 847 858 898 ὲν
875 847 942 916 τῇ
977 844 1243 914 Ἐφεσίων
1281 845 1435 899 πόλει
1472 843 1537 897 τὸ
1584 844 1719 914 πρό-

149 955 288 1008 τερον
332 938 733 1010 συναχθέντων,
780 938 876 992 ἐπὶ
908 938 1187 992 Θεοδοσίου
1211 936 1304 991 τοῦ
1342 937 1460 993 υἱοῦ
1515 937 1716 1009 Ἀρκα-

147 1033 269 1095 δίου,
294 1032 593 1101 γενομένου
626 1032 785 1103 ἡμῶν
807 1031 1092 1099 βασιλέως,
1121 1030 1411 1085 διακοσίων
1440 1029 1718 1100 θεοφόρων

150 1122 390 1192 Πατέρων
411 1121 712 1176 ἐκτεθέντα
746 1122 1073 1193 διδάγματα,
1122 1122 1198 1185 ὡς
1238 1122 1439 1192 κράτος
1474 1119 1718 1191 ἀῤῥαγὲς

149 1214 237 1283 τῆς
257 1212 541 1277 εὐσεϐείας
573 1213 1063 1284 ὲπισφραγίζομεν,
1089 1213 1188 1267 ἕνα
1220 1212 1458 1284 Χριστὸν
1479 1212 1571 1267 τὸν
1587 1210 1717 1265 Υίόν

150 1304 232 1357 τοῦ
275 1302 408 1358 Θεοῦ
473 1305 571 1357 καὶ
618 1304 973 1373 σαρκωθέντα
1028 1304 1389 1376 κηρύττοντες
1418 1320 1432 1335 ·
1484 1303 1579 1359 καὶ
1616 1303 1717 1375 τὴν

152 1397 296 1449 αὐτὸν
345 1398 609 1468 ἀσπόρως
652 1396 923 1450 τεκοῦσαν
972 1396 1241 1467 ἄχραντον
1277 1395 1365 1449 ἀεὶ
1414 1394 1715 1465 Παρθένον,

152 1487 337 1559 κυρίως
363 1488 461 1541 καὶ
490 1487 636 1542 κατὰ
661 1487 939 1559 ἀλήθειαν,
966 1487 1236 1541 Θεοτόκον
1257 1487 1592 1553 δοξάζοντες
1621 1485 1718 1539 καὶ

152 1579 455 1650 τὴνληρὼδη
478 1580 577 1633 τοῦ
606 1581 654 1634 Ν
661 1578 904 1651 εὰτορίου
922 1580 1211 1651 διαίρεσιν,
1228 1579 1304 1643 ὡς
1325 1578 1717 1649 ἀπῳκισμένην

154 1670 282 1733 θείας
316 1672 511 1742 μοίρας
570 1672 966 1734 ἀποδιώκοντες
993 1710 1008 1735 ,
1061 1671 1350 1742 ἄνθρωπον
1389 1668 1596 1734 ίδικῶς,
1624 1668 1718 1722 καὶ

154 1763 269 1815 Θεὸν
293 1762 493 1827 ίδικῶς,
512 1763 605 1816 τὸν
620 1764 711 1817 ἕνα
743 1764 979 1834 Χριστὸν
1010 1762 1462 1834 δογματίζοντος,
1492 1761 1591 1816 καὶ
1616 1760 1716 1833 τὴν

167 1854 445 1925 Ἱουδαῖκὴν
468 1854 827 1917 ἀνανεοῦντος
852 1854 1171 1908 δυσσέϐειαν
1195 1872 1208 1887 ·
1234 1856 1294 1909 οὐ
1326 1855 1433 1927 μὴν
1458 1854 1597 1908 ἀλλά
1620 1854 1715 1907 καὶ

156 1947 239 2017 τὴν
259 1948 312 1999 ἐν
335 1946 729 2017 Χαλκηδονέων
755 1946 1085 2017 μητροπόλει
1115 1947 1210 2001 ἐπὶ
1245 1945 1591 2019 Μαρκιανοῦ,
1622 1946 1717 2000 καὶ

158 2037 298 2091 αὐτοῦ
328 2038 624 2108 γενομένου
657 2038 814 2109 ἡμῶν
847 2038 1133 2109 βασιλέως,
1180 2038 1288 2092 τῶν
1316 2039 1395 2109 χλ⁹
1420 2038 1715 2110 θεοκρίτων

160 2130 388 2201 Πατέρων
420 2131 967 2203 στηλογραφηθεῖσαν
988 2131 1499 2205 πίστιν,ὀρθοδόξως
1521 2135 1714 2187 ἐπικυ-

160 2224 370 2294 ροῦμεψ
422 2225 548 2295 ἥτις
592 2225 685 2277 τὸν
733 2224 830 2279 ’ένα
887 2225 1124 2295 Χριστὸν
1155 2225 1249 2282 τὸν
1288 2226 1416 2279 Υίὸν
1438 2225 1530 2281 τοῦ
1553 2225 1712 2292 Θεοῦ,

160 2317 213 2367 ὲκ
260 2315 347 2368 δύο
396 2314 727 2368 συντεθέντα
784 2315 893 2369 τῶν
941 2315 1179 2385 φύσεων,
1239 2318 1334 2371 καὶ
1386 2318 1445 2369 ὲν
1467 2316 1563 2370 δύο
1592 2319 1714 2380 ταῖς

159 2405 321 2466 αὐταῖς
337 2402 703 2475 δοξαζόμενον
717 2405 935 2476 φύσεσι,
964 2406 1365 2477 μεγαλοφώνως
1385 2410 1498 2472 τοῖς
1512 2408 1712 2480 πέρασι

161 2500 510 2569 παραδέδωκε·
566 2501 666 2555 καὶ
716 2501 963 2573 Εὐτυχέα
1016 2502 1110 2556 τὸν
1172 2504 1576 2574 ματαιόφρονα,
1622 2503 1714 2558 τὸν

160 2592 347 2663 δοκήσει
396 2594 461 2647 τὸ
528 2594 675 2666 μέγα
727 2595 829 2666 τῆς
877 2597 1193 2667 οἰκονομίας
1258 2597 1558 2666 μυστήριον
1624 2613 1713 2648 τε-

162 2684 385 2756 λεσθῆναι
461 2688 912 2759 ἀποφηνάμενον,
963 2690 1038 2754 ὼς
1096 2691 1467 2761 ἀποτρόπαιόν
1507 2707 1560 2744 τι
1618 2691 1712 2743 καὶ

166 2777 372 2848 μίασμα,
401 2779 511 2833 τῶν
561 2781 728 2852 ἱερῶν
768 2782 869 2851 τῆς
911 2782 1236 2854 Ἐκκλησίας
1269 2783 1568 2853 περιϐόλων
1606 2784 1714 2837 ἀπ-

164 2869 301 2939 ήλασε
321 2888 333 2900 ·
364 2874 457 2927 σὺν
487 2874 639 2943 αὐτῴ
659 2873 717 2926 δὲ
748 2876 841 2927 καὶ
863 2874 1158 2945 Νεστόριον
1182 2875 1274 2928 καὶ
1296 2875 1602 2945 Διόσκορον,
1620 2876 1711 2929 τὸν

167 2960 246 3028 μὲν
272 2962 362 3032 τῆς
415 2964 772 3035 διαιρέσεως,
828 2966 919 3019 τὸν
964 2966 1020 3019 δὲ
1068 2966 1169 3035 τῆς
1220 2966 1557 3036 συγχύσεως,
1604 2968 1711 3020 ὑπ-

166 3055 465 3127 ερασπιστήν
491 3072 552 3108 τε
582 3056 679 3109 καὶ
698 3057 981 3128 πρόμαχον
998 3097 1013 3123 ,
1037 3059 1163 3120 τούς
1188 3060 1253 3112 ὲκ
1278 3059 1573 3128 διαμέτρου
1609 3058 1712 3129 τῆς

164 3141 384 3207 ἁρεϐείας
442 3146 585 3215 πρὸς
638 3146 697 3199 ἓν
766 3148 1192 3211 ἐκπεπτωκότας
1261 3148 1536 3211 ἀπωλείας
1610 3148 1705 3201 καὶ¹

164 3233 418 3306 ἀθεότητος
469 3238 788 3310 βάραθρον·
835 3240 972 3293 ἁλλά
1031 3257 1095 3310 γε
1157 3241 1252 3293 καὶ
1295 3241 1395 3304 τὰς
1463 3239 1707 3303 εὐσεϐεῖς

167 3328 322 3393 φωνὰς
366 3330 469 3383 τῶν
500 3329 612 3402 ρξε’
646 3332 918 3402 θεοφόρων
968 3333 1256 3404 μακαρίων
1299 3332 1557 3403 Πατέρων
1603 3332 1713 3385 τῶν

167 3418 283 3469 κατὰ
310 3420 502 3493 ταύτην
558 3424 661 3492 τὴν
702 3422 947 3493 βασιλίδα
982 3424 1137 3476 πόλιν
1205 3423 1710 3493 συναγηγερμένων

167 3503 243 3555 ἐπὶ
271 3507 633 3563 ἰουστινιανοῦ
656 3511 749 3565 τοῦ
774 3513 869 3583 τῆς
891 3511 1147 3577 εὐσεϐοῦς
1180 3513 1387 3583 λήξεως
1412 3514 1709 3582 γενομένου

168 3598 295 3666 ἡμῶν
324 3600 602 3671 βασιλέως,
633 3605 709 3669 ὡς
729 3606 833 3658 ὐπὸ
877 3606 970 3659 τοῦ
996 3606 1311 3677 Πνεύματος
1337 3606 1710 3676 ὲξενεχθείσας

168 3690 487 3764 γινώσκομεν,
536 3698 634 3751 καὶ
676 3699 803 3762 τοὺς
860 3698 951 3766 ὑφ’
1000 3700 1145 3770 ἡμᾶς
1192 3699 1582 3768 ὲκδιδάσκομεν
1612 3714 1625 3728 ·
1658 3698 1710 3751 οἳ

167 3782 403 3856 Θεόδωρον
432 3790 523 3842 τὸν
570 3789 949 3859 Μοψουεστίας
1000 3791 1090 3844 τὸν
1117 3790 1417 3862 Νεστορίου
1452 3791 1711 3845 διδάσκα-

169 3874 259 3941 λον,
296 3881 563 3954 Ὠριγένην
597 3900 680 3949 τε,
709 3884 805 3937 καὶ
848 3884 1099 3955 Δίδυμον,
1138 3887 1231 3939 καὶ
1258 3886 1552 3956 Εὐάγριον,
1584 3884 1712 3948 τοὺς

169 3967 249 4028 τὰς
304 3968 613 4042 Ἑλληνικὰς
650 3973 1137 4043 ἀναπλασαμένους
1196 3974 1540 4043 μυθοποιίας,
1612 3974 1712 4030 καὶ

172 4062 399 4127 σωμάτων
446 4066 613 4120 τινῶν
668 4065 765 4119 καὶ
822 4065 1010 4137 ψυχῶν
1080 4069 1210 4136 ἡμῖν
1274 4068 1559 4138 περιόδους
1611 4069 1707 4121 καὶ

171 4151 439 4222 ἀλλοιώσεις
460 4158 633 4212 ἀναπε
644 4159 968 4229 μπάσαντας
996 4162 1113 4220 ταῖς
1130 4158 1222 4211 τοῦ
1239 4158 1332 4212 νοῦ
1362 4175 1438 4211 πα
1446 4162 1712 4231 ραφοραῖς

169 4259 217 4295 τε
240 4246 318 4299 καὶ⁵
336 4247 659 4321 δνειρώξεσι,
685 4252 780 4305 καὶ
807 4253 886 4315 είς
917 4251 1016 4323 τὴν
1047 4250 1155 4304 τῶν
1180 4252 1393 4322 νεκρῶν
1424 4251 1707 4314 δυσσεϐῶς

172 4335 643 4413 ἐμπαροινήσαντας
681 4342 999 4408 ἀναϐίωσιν,
1042 4342 1111 4396 τά
1134 4359 1194 4395 τε
1232 4344 1514 4414 γραφέντα
1556 4342 1708 4415 παρά

173 4425 473 4502 Θεοδωρήτου
515 4433 661 4487 κατά
694 4434 793 4504 τῆς
843 4433 1011 4505 ὀρθῆς
1060 4434 1296 4499 πίστεως
1344 4435 1438 4489 καλ¹
1476 4436 1587 4491 τῶν
1637 4435 1706 4507 ιβ’

1798 567 2114 636 sumpsisse
2173 566 2340 636 impie
2385 565 2677 629 eructavit,
2730 564 2858 620 hinc
2918 580 3139 635 quoque
3187 573 3243 619 et
3286 566 3391 621 iste

1814 656 2188 728 imperfectam
2244 656 2404 713 nobis
2454 656 2655 712 factam
2718 657 2953 711 salutem
3031 658 3389 713 ratiocinans.

1813 745 1934 801 Jam
1978 760 2107 801 vero
2142 754 2197 801 et
2249 761 2370 817 quae
2418 745 2473 799 in
2515 742 2877 815 Ephesiorum
2930 745 3152 800 civitate
3202 761 3233 800 a
3293 746 3392 800 du-

1816 848 1993 903 centis
2043 847 2248 903 divinis
2312 847 2576 903 Patribus
2633 848 2736 904 sub
2811 847 3121 904 Theodosio
3174 847 3393 902 Arcadii

1816 938 1927 993 ﬁlio
1974 939 2301 1009 imperatore
2362 949 2549 996 nostro
2604 939 2869 1011 expositae
2916 948 3064 1004 sunt,
3113 938 3393 993 doctrinas

1823 1039 2082 1101 tanquam
2142 1030 2436 1086 infractum
2508 1032 2726 1102 pietatis
2785 1032 2955 1087 robur
3012 1030 3393 1100 obsignamus,

1818 1139 1986 1178 unum
2044 1123 2323 1180 Christum
2381 1122 2583 1179 Filium
2642 1124 2737 1180 Dei
2778 1133 2834 1180 et
2868 1124 3212 1178 incarnatum
3256 1134 3394 1189 pra:-

1816 1216 2093 1282 dicantes;
2120 1224 2176 1272 et
2208 1232 2331 1286 quae
2372 1216 2549 1282 ipsum
2607 1216 2726 1271 sine
2776 1215 2987 1270 semine
3018 1211 3247 1283 peperit,
3294 1211 3397 1266 im-

1817 1308 2078 1379 pollutam
2098 1324 2310 1379 semper
2334 1307 2635 1380 Virginem,
2662 1308 2880 1379 proprie
2896 1315 2949 1361 et
2965 1321 3089 1360 vere
3106 1304 3395 1374 Deiparam

1832 1402 2220 1467 decernentes;
2269 1408 2323 1456 et
2352 1401 2588 1471 ineptam
2620 1399 2861 1454 Nestorii
2894 1397 3242 1459 divisionem,
3273 1404 3395 1450 tan-

1826 1508 1997 1565 quam
2023 1508 2053 1547 a
2078 1494 2259 1548 divina
2290 1503 2436 1549 sorte
2472 1501 2736 1547 semotam
2774 1497 3185 1560 persequentes,
3215 1487 3397 1541 homi-

1835 1601 1959 1640 nem
1992 1585 2281 1655 separatim
2313 1594 2367 1640 et
2401 1584 2569 1639 Deum
2605 1582 2897 1652 separatim
2924 1596 3094 1636 unum
3112 1579 3395 1635 Christum

1818 1678 2190 1745 decernentis,
2237 1686 2294 1731 et
2331 1676 2663 1747 impietatem
2713 1672 2996 1729 Judaicam
3054 1670 3392 1727 renovantis.

1821 1770 1961 1836 Quin
1994 1772 2157 1824 etiam
2187 1784 2338 1835 eam,
2374 1784 2495 1839 quae
2529 1768 2584 1822 in
2629 1764 3159 1821 Chalcedonensium
3193 1771 3398 1817 metru-

1825 1860 1934 1930 poli
1963 1861 2067 1915 sub
2088 1859 2387 1923 Marciano,
2408 1858 2502 1929 qui
2522 1857 2692 1912 fuitet
2715 1856 2831 1926 ipse
2860 1855 3157 1924 imperator
3186 1860 3395 1916 noster,

1822 1968 1854 2009 a
1886 1951 2415 2029 sexcentis‘triginta
2459 1950 2728 2020 descripta
2773 1955 2861 2004 est
2907 1946 3196 2009 Patribus,
3234 1943 3394 1999 ﬁdem

1818 2046 2121 2100 orthodoxe
2154 2044 2546 2099 conﬁrmamus
2582 2060 2596 2097 :
2630 2055 2752 2111 quae
2781 2056 2952 2094 unum
2983 2036 3261 2093 Christum
3304 2034 3397 2088 Fi-

1822 2136 1957 2191 lium
1985 2135 2101 2200 Dei,
2128 2151 2195 2191 ex
2225 2136 2437 2191 duabus
2460 2136 2674 2190 naturis
2696 2133 3087 2203 compositum,
3110 2130 3241 2186 etin
3262 2130 3399 2184 dua-

1820 2229 1926 2285 bus
1963 2228 2173 2283 eisdem
2211 2229 2424 2285 naturis
2456 2228 2719 2283 creditum
2747 2266 2763 2290 ,
2801 2240 3000 2296 magna
3058 2238 3125 2279 ac
3179 2220 3398 2278 sublimi

1814 2336 1948 2377 voce
1988 2330 2256 2375 terrarum
2287 2321 2485 2375 ﬁnibus
2517 2320 2772 2385 tradidit;
2826 2328 2882 2375 et
2915 2317 3081 2373 stulte
3112 2331 3175 2371 ac
3214 2316 3399 2384 inepte

1813 2414 2139 2471 sentientem
2166 2412 2485 2483 Eutychem,
2518 2414 2611 2481 qui
2644 2427 2903 2482 magnum
2930 2408 3253 2465 (Bcouomiaa
3281 2424 3398 2478 my-

1816 2505 2041 2560 sterium
2062 2504 2377 2576 apparentia
2397 2504 2697 2573 perfectum
2721 2518 2842 2557 esse
2866 2501 3103 2563 dicebat,
3132 2511 3396 2568 tanquam

1813 2598 2173 2653 avertendum
2215 2595 2435 2666 aliquod
2466 2604 2780 2667 portentum
2824 2602 3129 2663 tetramque
3164 2601 3394 2662 pestem,

1812 2704 1880 2745 ex
1910 2690 2084 2745 sacris
2104 2688 2361 2744 Ecclesiae
2390 2688 2692 2742 ambitibus
2715 2685 3050 2740 exturbavit.
3077 2684 3193 2739 Una
3211 2692 3393 2737 autem

1812 2794 1938 2835 cum
1972 2794 2039 2833 eo
2073 2780 2236 2833 etiam
2278 2777 2584 2833 Nestorium
2641 2786 2695 2832 et
2730 2765 3056 2831 Dioscorum
3078 2817 3094 2842 ,
3156 2789 3392 2845 quorum

1814 2871 1903 2926 ille
1931 2870 2152 2942 quidem
2175 2869 2485 2934 divisionis,
2518 2870 2608 2924 hic
2644 2884 2776 2923 vero
2815 2866 3159 2921 confusionis
3200 2864 3392 2920 defen-

1817 2979 1910 3020 sor
1937 2971 2057 3018 erat
2108 2971 2163 3017 et
2221 2971 2540 3033 pugnator:
2593 2960 2687 3031 qui
2734 2959 2957 3030 quidem
3005 2975 3069 3013 ex
3106 2958 3398 3028 impietatis

1812 3057 2078 3112 diametro
2116 3057 2183 3112 ad
2214 3072 2384 3111 unum
2418 3053 2738 3126 perditionis
2778 3062 2833 3109 et
2885 3052 3262 3123 abnegationis
3302 3053 3397 3107 Dei

1814 3152 2128 3206 barathrum
2158 3150 2488 3205 deciderant.
2523 3148 2629 3202 Sed
2676 3156 2729 3201 et
2761 3145 2812 3217 5
2840 3155 3057 3200 centum
3111 3144 3397 3214 sexaginta

1820 3246 2064 3314 quinque
2100 3241 2409 3297 divinorum
2436 3239 2665 3295 Patrum
2726 3237 2782 3292 in
2820 3238 2923 3292 hac
2958 3237 3178 3292 civitate
3223 3236 3400 3306 impe-

1819 3336 2019 3390 ratrice
2035 3344 2489 3404 congregatorum
2517 3332 2620 3388 sub
2636 3330 2949 3386 Iustiniano
2976 3329 3077 3399 pia:
3098 3329 3396 3390 memoria',

1818 3424 1910 3495 qui
1941 3425 2042 3478 fuit
2082 3424 2377 3492 imperator
2410 3433 2615 3487 noster,
2646 3420 2764 3491 pias
2812 3435 2974 3474 voces
3025 3427 3084 3471 ut
3128 3433 3157 3470 a
3193 3415 3399 3487 Spiritu

1792 3518 1993 3605 geditas
2016 3516 2419 3583 cognoscimus,
2474 3524 2530 3569 et
2576 3524 2822 3583 posteros
2861 3521 3083 3568 nostros
3114 3511 3396 3575 docemus,

1816 3609 1911 3676 qui
1940 3605 2289 3660 Theodorum
2325 3603 2673 3673 Mopsuestia:
2698 3602 2931 3657 Nestorii
2967 3601 3315 3671 magistrum,
3346 3609 3401 3653 et

1818 3699 2131 3766 Origenem,
2159 3706 2215 3751 et
2253 3695 2566 3766 Didymum,
2600 3705 2654 3749 et
2684 3692 3002 3763 Evagrium,
3044 3692 3136 3762 qui
3169 3692 3398 3761 gentiles

1818 3790 2035 3845 fabulas
2061 3804 2259 3844 rursus
2297 3787 2453 3843 ﬁctas
2482 3784 2808 3847 retulerunt,
2856 3794 2909 3837 et
2936 3798 3227 3851 corporum
3255 3797 3397 3851 quo-

1819 3884 2071 3940 rumdam
2099 3892 2153 3937 et
2183 3882 2495 3936 animarum
2524 3878 2881 3933 circuitiones
2902 3886 2956 3930 et
2986 3876 3399 3932 immutationes

1818 3992 1912 4032 seu
1938 3974 2449 4045 transmigrationes
2486 3972 2786 4041 deintegro
2817 3972 3256 4033 ruminaverunt,
3281 3968 3398 4023 suis

1817 4066 2145 4136 quibusdam
2184 4065 2386 4118 mentis
2434 4062 2645 4118 deliriis
2675 4077 2738 4115 ac
2769 4060 2999 4115 somniis
3030 4076 3043 4111 :
3077 4068 3131 4111 et
3165 4058 3217 4110 in
3248 4073 3399 4111 mor-

1817 4167 2038 4215 tuorum
2065 4156 2525 4213 resurrectionem
2558 4154 2724 4224 impie
2758 4168 2823 4208 ac
2879 4150 3273 4206 contumeliose
3313 4149 3397 4202 in-

1818 4254 2132 4309 sultarunt:
2165 4261 2371 4319 etquae
2403 4265 2433 4301 a
2486 4247 2835 4301 Theodoreto
2892 4244 3093 4313 scripta
3143 4251 3269 4297 sunt
3296 4243 3395 4296 ad-

1814 4360 2011 4401 versus
2082 4351 2285 4399 rectam
2349 4340 2508 4395 ﬁdem
2559 4346 2615 4393 et
2671 4336 2957 4392 duodecim
2995 4333 3139 4389 beati
3200 4332 3393 4402 Cyrilli

1816 4438 2018 4508 capita,
2048 4444 2102 4491 et
2129 4451 2247 4490 eam
2279 4448 2401 4503 quae
2431 4432 2629 4487 dicitur
2656 4428 2760 4483 lbae
2794 4428 3101 4497 epistolam,
3136 4424 3397 4497 synodica

172 4520 438 4612 κεφαλαίων
480 4523 577 4577 τοῦ
627 4525 900 4595 μακαρίου
958 4526 1247 4597 Κυρίλλου,
1286 4529 1381 4581 καὶ
1424 4528 1523 4599 τὴν
1565 4527 1709 4597 λεγο,

1824 4531 2352 4589 anathematizarunt
2402 4536 2459 4583 et
2512 4525 2781 4583 exsecrati
2816 4531 2964 4579 sunt.
3010 4520 3184 4576 Porro
3228 4526 3393 4574 sextze

175 4609 311 4684 μένην
362 4616 475 4671 Ἴϐα
524 4619 847 4691 ἐπιστολὴν,
884 4620 1175 4684 συδοδικῶς
1211 4622 1607 4693 ἀνεθεμάτισάν
1640 4641 1699 4676 τε

1813 4638 2027 4697 quoque
2049 4634 2253 4677 sanctae
2276 4619 2492 4692 synodi,
2521 4634 2642 4688 qua:
2662 4617 2717 4671 in
2747 4616 2848 4669 hac
2874 4613 3092 4669 civitate
3119 4610 3389 4681 imperiali

174 4703 245 4756 καὶ
268 4705 596 4775 ὲϐδελύξαντο
618 4727 631 4741 ·
676 4712 768 4765 καὶ
801 4711 899 4783 τὴν
929 4712 1032 4765 ὐπὸ
1060 4712 1160 4783 τῆς
1203 4713 1429 4784 ἐναγχός
1476 4731 1537 4783 γε
1574 4732 1701 4768 συν-

175 4793 505 4873 αθροισθείσης
553 4803 695 4857 κατὰ
734 4805 939 4873 ταύτην
975 4802 1073 4875 τὴν
1104 4804 1352 4874 βασιλίδα
1377 4804 1551 4870 πόλιν,
1609 4806 1704 4858 ἐπὶ

174 4887 245 4941 τοῦ
269 4891 321 4944 ὲν
348 4892 460 4967 θείᾳ
485 4899 548 4968 τῇ
576 4896 727 4969 λήξει
748 4896 1042 4966 γενομένου
1067 4896 1223 4968 ἡμῶν
1251 4897 1515 4968 βασιλέως
1549 4900 1703 4952 Κων-

176 4985 410 5039 σταντίνου
451 4990 513 5042 ὲκ
544 4990 645 5059 τῆς
686 4992 846 5057 ἀγίας
884 4990 1101 5043 συνόδου
1140 4990 1341 5056 πίστιν,
1377 4990 1411 5061 ἢ
1442 4991 1703 5061 μειζόνως

175 5069 222 5121 τὸ
240 5072 384 5145 κῦρος
410 5078 642 5145 ἐδέξατο,
694 5080 760 5133 δι’
786 5073 861 5135 ὧν
900 5082 928 5135 ὁ
978 5079 1205 5151 εὐσεϐὴς
1236 5078 1489 5149 βασιλεὺς
1527 5098 1699 5151 σφραθ

178 5164 394 5231 ἴῖσιτούς
434 5170 631 5242 ταύτης
668 5174 868 5243 τόμους
919 5171 1384 5240 κατησφαλίσατο,
1428 5171 1563 5242 πρὸς
1600 5174 1700 5242 τὴν

176 5253 221 5303 ὲν
243 5256 308 5327 τῷ
335 5263 484 5316 παντὶ
503 5264 657 5318 αἰῶνι
677 5264 996 5334 ἀσφάλειαν,
1023 5266 1114 5317 καὶ
1143 5264 1297 5328 αὖθις
1330 5263 1699 5335 ὁμολογοῦμεν

178 5344 419 5410 φυλάττειν
434 5354 896 5427 ἀπαρεγχείρητον
927 5373 942 5389 ’
981 5358 1015 5425 ἥ
1045 5356 1136 5410 δύο
1158 5356 1392 5424 φυσικὰς
1424 5356 1696 5427 θελήσεις,

177 5436 271 5503 ἢτοι
319 5443 601 5516 θελήματα,
630 5451 727 5504 καὶ
754 5450 848 5503 δύο
875 5450 1109 5518 φυσικὰς
1137 5450 1439 5521 ἐνεργείας,
1477 5449 1571 5502 ἐπὶ
1599 5449 1699 5519 τῆς

177 5528 400 5601 ὲνσάρκου
437 5540 739 5610 οἰκονομίας
787 5541 882 5594 τοῦ
932 5542 1051 5606 ἑνὸς
1088 5542 1294 5611 Κυρίου
1323 5542 1479 5612 ἡμῶν
1519 5542 1696 5612 Ἰησοῦ

180 5617 375 5688 Χριστοῦ
404 5628 492 5682 τοῦ
513 5631 761 5704 ἀληθινοῦ
796 5632 955 5699 Θεοῦ,
979 5631 1220 5699 δοξάζειν
1250 5634 1398 5705 ἡμᾶς
1432 5632 1697 5704 θεοφιλῶς

180 5707 428 5787 διεσάφησε
451 5734 464 5749 ³
490 5724 609 5786 τοὺς
626 5722 685 5776 τὸ
714 5723 989 5794 εὐθὲςτῆς
1022 5724 1280 5796 ἀληθείας
1299 5726 1476 5797 δόγμα
1518 5742 1697 5798 παρα·

184 5806 494 5882 κιράξαντας,
519 5815 677 5873 καὶέν
716 5816 929 5888 θέλημα
945 5818 1039 5873 καὶ
1072 5818 1204 5890 μίαν
1248 5820 1550 5891 ἐνέργειαν,
1602 5820 1697 5874 ἐπὶ

1808 4716 1912 4772 sub
1943 4716 2083 4769 diva:
2114 4712 2393 4767 memoriae
2425 4711 2754 4780 imperatore
2794 4716 2985 4761 nostro
3031 4702 3392 4759 Constantino

1806 4809 2014 4879 pridem
2038 4812 2362 4877 congregata
2410 4803 2608 4867 fuerat,
2642 4800 2826 4865 ﬁdem,
2856 4814 2979 4870 qua:
3026 4798 3288 4865 majorem
3321 4812 3387 4851 ex

1804 4916 1870 4957 eo
1904 4899 2216 4955 ﬁrmitatem
2257 4897 2502 4967 accepit,
2560 4893 2727 4991 quod“
2754 4893 2876 4963 pius
2924 4892 3224 4961 imperator
3265 4905 3385 4944 eam

1803 4993 2061 5062 scriptam
2119 5005 2221 5045 suo
2288 4988 2571 5059 signaculo
2623 4982 2819 5040 muniit
2887 4984 2954 5039 ad
3017 4983 3258 5037 futuram
3328 4982 3383 5033 in

1802 5084 1987 5140 omnia
2022 5082 2221 5138 saecula
2258 5082 2628 5143 securitatem,
2655 5094 2764 5133 non
2795 5078 3119 5132 movendam
3148 5088 3246 5128 nec
3269 5073 3384 5143 agi-

1802 5178 2025 5232 tandem
2061 5190 2162 5230 nos
2200 5189 2425 5229 servare
2460 5188 2651 5227 rursus
2680 5170 3031 5240 proﬁtemur;
3078 5182 3201 5236 quae
3246 5166 3380 5221 duas

1799 5268 2077 5324 naturales
2089 5268 2395 5324 voluntates
2414 5281 2508 5320 seu
2523 5262 3088 5330 volitiones,duasque
3106 5259 3385 5314 naturales

1798 5363 2146 5431 Operationes
2178 5359 2234 5413 in
2269 5359 2547 5412 incarnata
2588 5356 2752 5410 unius
2785 5353 3003 5409 Domini
3048 5353 3222 5407 nostri
3255 5350 3385 5406 Jesu

1797 5453 2001 5509 Christi
2030 5451 2142 5506 veri
2179 5450 2271 5505 Dei
2302 5449 2609 5505 mconomia
2662 5462 2763 5503 nos
2795 5446 2883 5517 pie
2933 5444 3148 5513 opinari
3189 5443 3387 5499 debere

1798 5555 1988 5616 aperte
2024 5546 2244 5612 doc‘uit;
2290 5544 2358 5599 iis
2400 5544 2492 5614 qui
2545 5550 2757 5596 rectum
2807 5540 3053 5594 veritatis
3104 5538 3382 5593 decretum

1797 5637 2262 5701 adulteraverant,
2287 5643 2339 5689 et
2365 5648 2528 5688 unam
2558 5632 2892 5685 voluntatem
2921 5645 2985 5685 ac
3006 5630 3381 5702 operationem

1800 5745 1965 5785 unam
2015 5729 2069 5783 in
2111 5744 2220 5785 uno
2253 5728 2488 5783 Domino
2520 5734 2712 5782 nostro
2741 5723 2869 5781 Jesu
2899 5723 3121 5779 Christo
3153 5720 3382 5791 populos

1798 5820 2117 5889 docuerant,
2162 5819 2251 5890 pia
2299 5818 2566 5877 sententia
2598 5815 2976 5874 condemnatis
3004 5856 3018 5883 ,
3068 5812 3377 5878 Theodoro,
