3908 6296
622 305 727 369 417
1806 306 2067 367 PHOTII
2106 310 2190 368 PA

2295 312 2608 371 IARCHE
2638 312 2747 371 CP.
3745 307 3831 371 M8

610 414 962 474 sacerdotalis
1028 412 1259 479 ordinis,
1307 414 1399 485 qui
1450 423 1827 485 transgressus
1892 426 1977 471 est
2038 434 2187 483 eum,

2295 419 2383 472 τοῦ
2442 419 2559 482 ἐνὸς
2623 420 2829 490 Κυρίου
2876 417 2971 472 τοῦ
3022 417 3159 472 Θεοῦ
3218 415 3378 488 ἡμῶν
3411 415 3581 483 Ἰησου
3625 416 3833 486 Χριστοῦ

609 511 909 580 inquimus,
927 507 1165 573 Pharan,
1185 506 1325 577 Cyro
1343 506 1700 569 Alexandrize,
1728 504 1969 561 Honorio
1990 510 2190 563 Roman

2300 512 2423 573 τοὺς
2463 511 2623 573 λαοὺς
2674 511 3079 575 ἐκδιδάξαντας·
3110 513 3177 580 τῇ
3225 511 3325 579 τῆς
3380 506 3655 570 εὐσεϐείας
3698 510 3837 582 ψήφῳ

612 601 824 669 Sergio,
854 601 909 670 6
935 598 1170 670 Pyrrho,
1190 598 1380 663 Paulo,
1422 596 1610 660 Petro,
1640 597 1730 667 qui
1770 598 1825 651 in
1855 601 1958 654 hac
1988 616 2017 654 a
2057 601 2190 669 Deo,

2300 602 2709 655 καταδικάσασα
2730 618 2742 631 ·
2770 604 2949 672 φαμὲν
2979 602 3253 671 Θεόδωρον
3289 599 3380 652 τὸν
3404 602 3499 669 τῆς
3526 601 3718 670 Φαρὰν,
3744 604 3837 655 Κῦ-

612 702 826 747 scrvata
860 691 1082 747 civitate
1106 692 1513 761 praesederunt;
1545 687 1803 753 Macario,
1830 693 1923 760 qui
1953 691 2054 746 fuit
2085 696 2190 747 An-

2300 711 2391 764 ρον
2450 693 2540 746 τὸν
2588 691 3007 763 Ἀλεξανδρείας,
3048 691 3305 761 Ὀνώριον
3348 690 3440 743 τὸν
3490 690 3700 761 Ῥώμης
3738 694 3837 761 (5),

614 791 975 846 tiochensium
1012 790 1335 859 episcopus,
1363 787 1644 857 Stephano
1664 788 1779 857 ejus
1818 786 2114 856 discipulo,
2150 801 2190 841 el

2296 786 2542 854 Σέργιον,
2602 783 2836 854 Πύρρον,
2889 784 3122 849 Παῦλον,
3180 784 3411 855 Πέτρον,
3447 782 3571 845 τοὺς
3610 784 3663 834 ἐν
3693 786 3838 857 ταύτῃ

616 884 904 953 insipiente
932 882 1339 952 Polychronio;
1372 881 1477 936 hac
1522 880 1736 935 ratione
1768 881 1971 933 intacto
1997 889 2049 932 et
2090 880 2190 931 illi-

2295 878 2357 944 τῇ
2417 875 2766 945 θεοφυλάκτῳ
2814 874 3283 945 προεδρεύσαντας
3336 873 3509 937 πόλει,
3560 874 3839 945 Μακάριόν,

615 977 743 1030 bato
769 974 1043 1030 communi
1062 988 1292 1041 corpore
1315 971 1531 1025 Domini
1556 971 1728 1026 nostri
1747 970 1875 1025 Jesu
1899 970 2100 1024 Christi
2129 971 2190 1023 ab

2295 964 2387 1017 τὸν
2421 965 2712 1035 γενόμενον
2729 967 2826 1035 τῆς
2881 966 3199 1036 Ἀντιοχέων
3246 964 3566 1027 ἐπίσκοπον,
3599 966 3839 1032 Στέφανον

616 1068 695 1123 eis
733 1077 967 1122 servato.
1001 1065 1198 1134 Atque,
1223 1075 1279 1118 ut
1309 1066 1479 1119 semel
1505 1064 1773 1126 dicamus,
1813 1062 2060 1116 omnium
2102 1060 2190 1131 qui

2295 1056 2385 1109 τὸν
2410 1055 2574 1108 αὐτοῦ
2610 1057 2878 1128 μαθητὴν,
2929 1043 3020 1109 καὶ
3058 1056 3147 1109 τὸν
3206 1056 3415 1125 ἄφρονα
3472 1055 3840 1125 Πολυχρόνιοιμ

618 1159 673 1212 in
710 1158 802 1212 Dei
844 1155 1086 1210 Ecclesia
1132 1156 1329 1209 decora
1378 1166 1811 1220 ornamentaque
1870 1152 2109 1217 fuerunt,
2141 1161 2190 1206 et

2295 1147 2541 1200 ἐντεῦθεν
2571 1148 2846 1217 ἀνέπαφον
2874 1148 3114 1218 τηροῦσα
3143 1148 3204 1199 τὸ
3236 1147 3412 1199 κοινὸν
3440 1147 3597 1216 σῶμα
3635 1149 3842 1215 Χριστοῦ

620 1250 915 1305 luminaria
948 1249 1002 1303 in
1039 1248 1268 1309 mundo,
1296 1248 1419 1302 vita:
1448 1248 1711 1301 rationem
1744 1244 2068 1309 obtinentia,
2100 1244 2185 1297 lir-

2295 1238 2387 1290 τοῦ
2409 1238 2544 1291 Θεοῦ
2576 1239 2731 1309 ἡμῶν
2752 1256 2765 1271 ·
2799 1242 2894 1292 καὶ
2928 1238 3201 1292 συνελόντι
3234 1238 3399 1306 φάναι
3435 1238 3651 1291 πάντων
3684 1238 3779 1292 τῶν
3797 1240 3843 1291 ἐν

622 1358 766 1397 mam
799 1342 956 1396 [idem
984 1340 1183 1405 valere,
1235 1350 1292 1394 et
1320 1355 1491 1408 usque
1523 1340 1587 1393 ad
1622 1340 1804 1392 saeculi
1839 1352 2190 1391 consumma-

2295 1331 2358 1399 τῇ
2388 1329 2480 1381 τοῦ
2505 1330 2640 1382 Θεοῦ
2682 1330 2978 1402 Ἐκκλησία
3006 1329 3426 1401 δια-πρεψάντων
3454 1328 3680 1398 ἀνδρῶν,
3701 1330 3745 1381 οἱ
3763 1346 3845 1397 γεο

625 1433 823 1485 tionem
884 1432 1266 1488 inconcussam
1322 1446 1384 1484 ac
1455 1430 1815 1484 illabel‘actam
1874 1446 2190 1500 permanere

2295 1421 2519 1488 γόνασιν
2546 1423 2603 1473 ὲν
2657 1422 2846 1492 κόσμῳ
2886 1424 3193 1491 φωστῆρες,
3229 1421 3386 1490 λόγον
3415 1422 3559 1490 ζωῆς
3588 1421 3845 1490 ἐπέχοντες

622 1518 920 1582 sancimus,
977 1534 1279 1589 eorumque
1331 1521 1533 1590 scripta
1583 1536 1647 1576 ac
1679 1523 1895 1575 decreta
1926 1521 2190 1576 divinitus

2295 1512 2390 1577 τὴν
2413 1512 2597 1564 πίστιν
2647 1517 2866 1584 κρατεῖν
2898 1514 3119 1584 βεϐαίαν
3156 1531 3170 1545 '
3222 1515 3313 1567 καὶ
3351 1514 3515 1583 μέχρι
3563 1513 3843 1576 συντελείας

622 1608 819 1661 tradita
864 1626 877 1661 :
920 1609 1232 1679 rejicientes
1288 1626 1483 1667 omnes
1539 1621 1591 1666 et
1639 1613 2188 1679 anatbematizantes,

621 1714 761 1767 quos
797 1698 1108 1768 rejecerunt
1148 1708 1201 1754 et
1258 1702 1818 1769 anathematizarunt,
1854 1713 1914 1757 ut
1946 1704 2190 1759 veritatis

622 1785 901 1852 inimicos,
936 1796 992 1842 et
1032 1788 1123 1856 qui
1162 1788 1424 1841 adversus
1476 1788 1644 1842 Deum
1681 1791 1915 1843 inaniter
1946 1788 2185 1844 fremue-

621 1888 771 1942 runt,
800 1888 853 1933 et
882 1879 1224 1948 iniquitatem
1254 1879 1308 1932 in
1340 1879 1508 1932 altum
1539 1880 1781 1934 meditati
1803 1890 1948 1934 sunt.
1983 1879 2039 1934 Si
2067 1882 2189 1951 quis

620 1979 802 2024 autem
843 1985 908 2023 ex
947 1971 1205 2024 omnibus
1239 1971 1496 2038 praedicta
1545 1971 1766 2039 pietatis
1808 1972 2026 2026 decreta
2080 1987 2189 2026 non

619 2066 765 2113 tenet
794 2068 846 2113 et
872 2058 1239 2127 amplectitur,
1274 2061 1464 2129 sicque
1515 2059 1770 2127 Opinatur
1810 2069 1863 2113 et
1909 2060 2187 2128 praedicat,

617 2150 712 2206 sed
748 2150 813 2204 iis
850 2159 1039 2205 contra
1071 2151 1350 2206 adversari
1376 2160 1625 2214 conatur,
1660 2151 1734 2204 sit
1762 2151 2074 2215 anathema,
2104 2167 2190 2207 se-

2291 1602 2386 1657 τοῦ
2415 1604 2613 1668 αἰῶνος
2641 1606 2935 1658 ἀσάλευτον
2983 1606 3260 1675 διαμένειν
3299 1604 3651 1673 θεσπίςομεν,
3683 1604 3768 1655 καὶ
3789 1605 3841 1656 τὲ

2294 1695 2477 1749 αὐτῶν
2510 1695 2883 1766 θεοπαράδοτα
2912 1694 3321 1766 συγγράμματά
3358 1710 3417 1747 τε
3460 1693 3555 1744 καὶ
3580 1692 3805 1762 δόγματα
3826 1710 3838 1725 ·

2295 1785 2503 1848 πάντας
2523 1786 2952 1857 ἀποϐαλλόμενοί
2971 1803 3031 1837 τε
3057 1786 3147 1838 καλ⁵
3170 1780 3656 1853 ἀναθεματίζοντες
3682 1783 3750 1845 ὡς
3766 1784 3843 1853 τῆς

2293 1876 2549 1946 ἀληθείας
2573 1877 2820 1948 ἐχθροὺς,
2845 1878 2940 1931 καὶ
2974 1878 3115 1930 κατὰ
3135 1876 3269 1930 Θεοῦ
3294 1875 3705 1946 φρυαξαμέτιους
3718 1877 3841 1935 κενὰ,

2292 1969 2386 2022 καὶ
2407 1969 2618 2022 ἀδικίαν
2648 1971 2728 2032 είς
2764 1969 2896 2039 ὕψος
2942 1970 3437 2040 ἐκμελετήσαντας.
3490 1969 3552 2019 Ei
3578 1966 3633 2018 δέ
3663 1983 3740 2029 τις
3758 1967 3842 2019 τῶν

2295 2060 2548 2114 ἁπάντων
2572 2077 2585 2090 ·
2638 2061 2733 2114 καὶ
2784 2062 2853 2115 τὰ
2904 2062 3283 2132 προειρημένα
3309 2061 3407 2128 τῆς
3444 2058 3729 2120 εὐσεϐείας
3760 2058 3835 2110 δό-

2292 2169 2486 2222 γματα
2507 2157 2729 2223 κρατεῖν
2764 2152 3089 2218 ἀσπάζεται,
3110 2152 3205 2205 καὶ
3246 2152 3415 2213 οὕτως
3445 2148 3656 2213 δοξάζει
3687 2165 3740 2199 τε
3772 2150 3843 2200 καὶ

538 3424 541 3425 ν
618 3373 818 3427 mente,
851 3370 906 3417 et
946 3378 1221 3427 sermone,
1280 3370 1334 3416 et
1361 3377 1527 3418 sensu
1580 3362 1957 3417 adorationem
2011 3364 2060 3419 ei
2095 3364 2195 3419 tri-

617 2242 856 2298 cundum
893 2245 1043 2313 prius
1089 2245 1397 2314 expositam
1447 2244 1845 2299 declaratorum
1878 2254 2196 2299 sanctorum

613 2345 668 2391 et
697 2336 979 2395 beatorum
1014 2336 1235 2391 Patrum
1270 2339 1550 2391 decretum
1572 2378 1587 2401 ,
1630 2351 1660 2390 a
1702 2334 2024 2390 Christiano
2054 2353 2195 2405 quo-

612 2440 720 2494 que
760 2426 1012 2495 catalogo
1045 2435 1104 2479 ut
1140 2426 1352 2480 alienus
1384 2424 1709 2478 extrudatur
1737 2430 1791 2476 et
1816 2422 2054 2476 excidat.
2083 2421 2194 2477 Nos

610 2518 755 2571 enim
783 2518 937 2587 juxta
971 2518 1124 2587 prius
1153 2518 1370 2572 definita
1428 2532 1607 2586 neque
1662 2514 1867 2583 aliquid
1928 2512 2186 2580 adjicere,

612 2624 787 2679 neque
802 2611 1101 2679 quidquam
1119 2609 1358 2666 adimere
1377 2609 1601 2664 omnino
1620 2606 1939 2673 statuimus,
1968 2605 2052 2661 vel
2080 2606 2188 2663 ullo

612 2705 777 2759 modo
806 2705 1106 2774 potuimus.

2294 2243 2575 2315 κηρύττει,
2618 2244 2733 2299 ἀλλ’
2765 2244 2823 2310 ἐξ
2866 2245 3115 2309 ἐναντίας
3168 2245 3307 2297 ίέναι
3341 2243 3551 2295 τούτων
3586 2241 3841 2310 ἐπιχειρεῖ,

2293 2334 2435 2390 ἔστω
2475 2336 2743 2407 ἀνάθεμα,
2768 2337 2911 2390 κατὰ
2936 2337 3027 2390 τὸν
3057 2337 3157 2407 ἥδη
3186 2334 3591 2407 προεκτεθέντα
3616 2332 3733 2401 ὅρον
3761 2332 3856 2383 ὐπᾶ

2294 2427 2403 2482 τῶν
2433 2428 2889 2498 προδηλωθέντων
2919 2428 3090 2495 ἁγίων
3132 2428 3228 2481 καὶ
3262 2426 3554 2498 μακαρίων
3583 2425 3840 2494 Πατέρων,

2295 2519 2515 2573 καὶτοῦ
2570 2519 2914 2590 Χριστιανῶν
2957 2519 3261 2587 καταλόγου
3304 2518 3379 2581 ὡς
3436 2518 3714 2587 ἀλλότριος
3770 2517 3840 2582 ἐξ·

2308 2607 2559 2661 ωθείσθω
2593 2610 2689 2663 καὶ
2727 2609 3089 2680 ἐκριπτέσθω.
3136 2610 3326 2679 Ἡμεῖς
3380 2608 3491 2677 γὰρ
3534 2607 3658 2660 οὐτε
3704 2624 3843 2677 προσ-

2293 2700 2497 2755 τιθέναι
2524 2718 2595 2761 τι,
2629 2699 2753 2753 οὕτε
2795 2701 2899 2772 μὴν
2930 2702 3178 2770 ὑφαιρεῖν
3207 2701 3348 2754 κατὰ
3371 2701 3440 2753 τὰ
3466 2699 3842 2771 προορισθέντα,

2295 2792 2569 2857 παντελῶς
2598 2792 2990 2863 διεγνώκαμεν,
3025 2794 3057 2865 ἢ
3088 2793 3208 2847 καθ’
3243 2793 3523 2848 ὁντιναοῦν
3550 2792 3845 2864 δεδυνήμεθα

2292 2887 2467 2956 λόγον.

685 3000 772 3055 75.
805 2998 940 3053 Cum
971 3014 1103 3053 crux
1141 2998 1305 3054 nobis
1330 2998 1545 3055 viviﬁca
1586 3007 1828 3056 sa.utare
1861 2999 2184 3064 ostenderit,

2358 3000 2459 3071 ογ⁹.
2490 3000 2597 3054 Τοῦ
2621 2999 2883 3066 ζωοποιοῦ
2919 3001 3153 3071 σταυροῦ
3197 2999 3480 3066 δείξαντος
3522 2999 3655 3069 ἡμῖν
3682 2998 3738 3051 τὸ
3764 3016 3845 3051 σω-

618 3109 717 3148 nos
753 3092 803 3161 7
830 3108 1044 3145 omnem
1076 3092 1409 3161 diligentiam
1450 3092 1710 3147 adhibere
1760 3101 1993 3163 oportet,
2024 3101 2082 3147 ut
2112 3094 2183 3157 ei,

2295 3094 2502 3166 τήριον,
2536 3095 2720 3147 πᾶσαν
2755 3094 2992 3164 σπουδὴν
3021 3095 3169 3164 ἡμᾶς
3194 3091 3405 3145 τιθέναι
3439 3094 3549 3162 χρὴ
3582 3089 3672 3143 τοῦ
3708 3092 3844 3162 τιμὴν

618 3198 711 3249 per
749 3196 910 3250 quain
956 3181 1024 3233 ab
1067 3182 1295 3250 antiquo
1346 3182 1499 3249 lapsu
1549 3182 1744 3237 salvati
1793 3198 2011 3246 sumus,
2064 3196 2189 3236 eum

2295 3188 2389 3258 τὴν
2415 3186 2574 3252 ἀξίαν
2604 3187 2914 3242 ἀποδιδόναι
2935 3186 3012 3257 τῷ
3028 3187 3094 3240 δι’
3113 3181 3173 3240 οὗ
3192 3184 3521 3254 σεσώσμεθα
3537 3183 3631 3237 τοῦ
3653 3185 3845 3237 παλαιοῦ

616 3288 777 3341 quem
816 3288 912 3340 par
941 3281 1026 3327 est
1065 3274 1331 3327 honorem
1376 3273 1693 3328 habeamus.
1741 3272 2110 3338 Quamobrem
2144 3284 2190 3330 el

2295 3278 2744 3350 παραπτώματος
2771 3297 2787 3312 ·
2819 3279 2944 3332 ὅθεν
2971 3279 3065 3331 καὶ
3090 3276 3166 3347 νῷ
3185 3277 3280 3331 καὶ
3312 3276 3459 3346 λόγῳ
3489 3277 3585 3329 καὶ
3616 3276 3845 3346 αἰσθήσει,

2295 3371 2394 3443 τὴν
2447 3371 2828 3443 προσκύνησιν
2872 3369 3022 3440 αὐτῷ
3074 3368 3465 3439 ἀπονέμοντες,
3524 3368 3651 3431 τοὺς
3704 3370 3754 3421 ἐν
3790 3367 3848 3437 τῷ

2296 3461 2481 3531 ἐδάφει
2507 3460 2604 3514 τοῦ
2631 3461 2871 3532 σταυροῦ
2902 3459 3107 3522 τύπους
3138 3458 3243 3512 ὑπό
3273 3475 3436 3511 τινων
3474 3457 3848 3521 κατασκευαζο-

2302 3552 2516 3623 μένους,
2549 3552 2970 3621 ἐξαφανίζεσθαι
3002 3551 3274 3614 παντοίως
3320 3550 3763 3621 προστάσσομενο
3792 3550 3848 3613 ὡς

2298 3643 2365 3697 ἂν
2392 3644 2468 3717 μὴ
2492 3647 2557 3716 τῇ
2596 3644 2705 3698 τῶν
2740 3643 3065 3715 βαδιζόντων
3087 3642 3493 3712 καταπατήσει,
3528 3643 3588 3695 τὸ
3615 3643 3707 3713 τῆς
3726 3643 3849 3709 νίκης

2297 3738 2429 3807 ἡμῖν
2457 3736 2716 3808 τρόπαιον
2767 3736 3104 3808 ἐξυϐρίζοιτο
3129 3751 3143 3765 ·
3179 3736 3307 3799 τοὺς
3355 3729 3452 3789 οὖν
3491 3735 3601 3788 ἀπὸ
3642 3734 3726 3789 τοῦ
3775 3733 3848 3788 νῦν

2301 3826 2535 3897 σταυροῦ
2612 3826 2785 3881 τύπον
2852 3826 2947 3881 ἐπὶ
3016 3826 3246 3896 ἐδάφους
3326 3824 3842 3890 κατασκευάζοντας,

2297 3915 2553 3987 ὁρίζομεν
2597 3915 2976 3986 ἀφορίζεσθαι.

617 3452 865 3517 huentes,
922 3453 1103 3507 crucis
1138 3452 1360 3522 ﬁguras,
1416 3468 1538 3521 quae
1584 3467 1615 3506 a
1669 3453 1950 3508 nonnullis
1989 3452 2043 3507 in
2082 3455 2199 3511 solo

617 3558 682 3597 ac
729 3544 1039 3612 pavimento
1094 3544 1250 3610 fiunt,
1305 3545 1530 3599 omnino
1597 3544 1768 3598 deleri
1794 3544 2075 3613 jubemus,
2132 3560 2203 3601 ne

617 3635 983 3691 incedentium
1048 3636 1467 3691 conculcatione
1532 3636 1783 3691 victoria:
1859 3635 2019 3690 nobis
2078 3644 2193 3690 tro-

617 3744 790 3799 paium
822 3729 1021 3798 injuria
1059 3728 1345 3784 afﬁciatur.
1394 3728 1503 3785 Eos
1538 3729 1744 3798 itaque,
1795 3729 1888 3797 qui
1937 3729 2192 3799 deinceps

619 3819 799 3875 crucis
836 3820 1053 3890 signum
1079 3820 1133 3874 in
1166 3820 1285 3876 solo
1310 3828 1657 3887 construunt,
1689 3818 1967 3890 segregari
2000 3821 2194 3875 decer-

621 3926 827 3965 nimus.

687 4042 777 4100 8|.
819 4044 1088 4109 Quoniam
1132 4044 1185 4098 in
1252 4042 1534 4097 nonnullis
1606 4042 1742 4098 locis
1792 4040 2082 4100 didicimus
2134 4043 2189 4099 in

2368 4048 2481 4104 πα’.
2525 4048 2855 4120 Ἐπειδήπερ
2894 4046 2953 4101 ἐν
2987 4064 3099 4101 τισι
3128 4046 3334 4119 χώραις
3366 4046 3775 4118 μεμαθήκαμεν,
3798 4044 3841 4096 ὲν

618 4134 840 4205 hymno,
861 4151 971 4204 quo
1012 4144 1091 4189 ter
1127 4146 1351 4190 sanctus
1406 4136 1643 4198 canitur,
1679 4136 2036 4191 additamenti
2071 4137 2190 4192 loco

2295 4139 2368 4211 τῷ
2413 4138 2693 4211 Τρισαγίῳ
2754 4137 2924 4209 ὕμνῳ,
2974 4139 3031 4190 ἐν
3059 4137 3379 4208 προσθήκης
3423 4138 3582 4208 μέρει
3625 4137 3845 4206 ἐκφωνεῖ-

614 4226 719 4281 dici
770 4235 892 4294 post
939 4226 1091 4290 illud,
1174 4226 1409 4281 Sanctus
1464 4226 1813 4292 immortalis,
1888 4225 2013 4292 hoc,
2080 4226 2189 4293 Qui

2295 4232 2418 4286 σθαι
2453 4231 2592 4302 μετὰ
2612 4230 2691 4297 τὸ,
2720 4229 2910 4298 Ἀγιος
2929 4229 3212 4294 ἀθάνατος,
3231 4231 3259 4281 ὁ
3282 4230 3619 4299 στανρωθεὶς
3637 4227 3843 4297 δι’ήμᾶς,

619 4317 911 4371 crucilixus
951 4332 1009 4372 es
1063 4333 1158 4386 pro
1207 4318 1381 4384 nobis,
1445 4319 1706 4372 miserere
1776 4320 1969 4373 nostri.
2003 4319 2056 4374 ld
2096 4336 2190 4374 au-

2295 4322 2513 4394 ἐλέησον
2542 4323 2712 4392 ἡμᾶς.
2747 4319 2919 4372 Τοῦτό
2955 4337 3016 4372 τε
3067 4320 3173 4373 ὐπὸ
3205 4320 3315 4373 τῶν
3358 4321 3528 4374 πάλαι
3571 4320 3727 4388 ἁγίων
3756 4319 3844 4369 Παι-

619 4418 726 4463 tem
754 4409 822 4462 ab
850 4410 1089 4478 antiquis
1128 4410 1332 4466 sanctis
1368 4409 1637 4474 Patribus,
1674 4419 1732 4465 ut
1763 4427 1791 4464 a
1823 4412 2026 4480 pietate
2062 4413 2190 4467 alie-

2295 4414 2488 4483 τέρων,
2518 4413 2594 4477 ὡς
2620 4413 2720 4483 τῆς
2767 4411 3053 4475 εὐσεϐείας
3096 4412 3380 4484 ἀλλότριον
3410 4415 3476 4465 ἐκ
3521 4412 3614 4464 τοῦ
3646 4408 3842 4463 τοιοῦτον

620 4515 772 4565 num,
804 4515 870 4554 ex
922 4500 1026 4553 hoc
1060 4501 1261 4569 bymno
1315 4501 1550 4570 ejectum
1607 4514 1691 4557 est
1745 4516 1871 4556 cum
1932 4501 2190 4556 scelerato

2296 4473 2549 4577 ἀπηλάθη
2577 4473 2779 4573 νῦμιλόυ,
2818 4505 2915 4558 σὺν
2947 4473 3166 4576 τῷήτὴν
3208 4473 3468 4576 τοιαύτην
3494 4505 3674 4574 φωνὴν
3716 4516 3843 4553 καινο

618 4591 878 4645 haeretico
909 4590 1008 4661 (2),
1039 4592 1132 4661 qui
1168 4591 1309 4646 hanc
1339 4607 1531 4647 vocem
1566 4593 1845 4647 innovavit
1879 4612 1893 4648 :
1929 4608 2030 4648 nos
2061 4609 2190 4663 quo-

2295 4599 2618 4670 ουργήσαντι
2648 4598 2950 4668 παρανόμῳ
3002 4596 3266 4668 αἱρετικῷ
3285 4613 3296 4627 ·
3327 4598 3421 4650 καὶ
3447 4598 3613 4668 ἡμεῖς
3655 4590 3843 4661 κυροῦν-

625 4698 733 4751 que
773 4685 1165 4739 confirmantes
1204 4698 1292 4751 ea,
1328 4701 1449 4754 qua:
1482 4701 1511 4739 a
1544 4687 1751 4741 sanctis
1784 4686 1987 4740 nostris
2018 4686 2190 4740 Patri-

2296 4706 2385 4752 τες
2421 4689 2488 4742 τὰ
2515 4688 2643 4758 περὶ
2676 4688 2784 4741 τῶν
2813 4688 2987 4757 ἁγίων
3016 4688 3282 4760 Πατέρων
3304 4688 3463 4758 ἡμῶν
3491 4688 3621 4758 πρὶν
3645 4680 3843 4741 εὐσεϐῶς

618 4775 721 4829 bus
772 4774 927 4844 prius
975 4777 1061 4846 pie
1101 4778 1405 4832 constituta
1460 4787 1609 4842 sunt,
1667 4779 2190 4833 anathematizamus

2298 4778 2790 4850 θεσμοθετηθέντα,
2822 4778 3294 4850 ἀναθεματίζομεν
3332 4779 3459 4841 τοὺς
3502 4777 3585 4829 ἐτι
3620 4773 3744 4845 μετὰ
3772 4770 3842 4822 τὸν

613 4878 731 4926 eos,
779 4865 873 4933 qui
911 4877 1033 4936 post
1076 4882 1318 4936 praesens
1362 4869 1642 4923 decretum
1686 4868 1958 4938 ejusmodi
2006 4885 2190 4924 vocem

2298 4870 2543 4939 παρόντα
2595 4870 2720 4942 ὅρον
2769 4868 3246 4939 παραδεχομένους
3289 4868 3391 4939 τὴν
3438 4867 3690 4936 Ιτοιαύτην
3730 4862 3843 4917 οὓτω

613 4956 913 5012 admittunt
962 4958 1015 5012 in
1048 4960 1318 5024 ecclesiis,
1365 4962 1451 5015 vel
1492 4961 1676 5030 aliquo
1729 4961 1837 5015 alio
1872 4963 2032 5017 modo
2066 4978 2190 5017 san-

2300 4960 2484 5032 φωνὴν
2530 4962 2617 5014 ἐπ’
2670 4959 3007 5031 ἐκκλησίαις,
3037 4960 3070 5030 ἢ
3101 4960 3279 5023 ἄλλως
3319 4974 3437 5022 πως
3478 4958 3558 5029 τῷ
3604 4950 3843 5027 Τρισαγίφ

612 5048 859 5106 ctissimo
891 5049 1093 5123 hymno
1118 5052 1442 5122 adjungunt.
1469 5051 1534 5106 Et
1562 5052 1608 5108 si
1632 5063 1717 5109 est
1746 5054 1967 5125 quidem
2006 5069 2190 5110 sacer-

2300 5053 2455 5125 ὖμνῳ
2501 5056 2892 5117 συνάπτοντας.
2942 5052 3050 5105 Καὶ
3088 5053 3137 5105 εἰ
3183 5052 3285 5123 μὲν
3340 5052 3617 5123 ἱερατικός
3667 5043 3842 5100 ἐστινό

2160 5232 2391 5292 ΝΟΤιΕ.

2295 5396 2351 5452 in
2386 5396 2485 5466 μοι
2527 5394 2651 5452 aliis
2681 5394 2957 5466 synodicis
3000 5393 3449 5466 damnationibus
3495 5384 3839 5444 monothelita-

2294 5483 2417 5522 rum
2447 5465 2645 5536 Sergii,
2679 5465 2900 5537 Pyrrhi,
2940 5475 2995 5521 et
3038 5467 3188 5538 Cyri,
3225 5465 3448 5538 Honorii
3488 5475 3679 5538 nomen
3710 5468 3838 5538 βίοις

2294 5553 2391 5593 sus
2418 5528 2985 5606 reticéturfquaa'res
3031 5528 3151 5593 sine
3176 5528 3457 5606 veritatis
3488 5528 3717 5599 impulsu
3743 5528 3833 5577 Iicri

2294 5618 2403 5661 tam
2440 5602 2782 5665 concorditer
2804 5624 2836 5664 a
2874 5607 3101 5675 Graecis,
3133 5606 3279 5661 Italis
3351 5602 3603 5673 Afrisque
3629 5612 3727 5654 non
3755 5608 3834 5664 ρο·

2300 5679 2425 5734 tuit.

685 5392 765 5463 ('5)
827 5390 904 5470 De
949 5394 1314 5470 qualicunque
1374 5396 1602 5453 Honorii
1657 5398 1709 5453 in
1764 5408 1919 5456 sexta
1979 5399 2187 5470 synodo

612 5463 982 5539 damnatione,
1023 5463 1238 5522 diutius
1269 5482 1376 5521 non
1409 5479 1492 5524 est
1519 5470 1906 5538 disputandum
1931 5463 2054 5539 post
2082 5470 2187 5523 Ba-

612 5534 828 5589 ronium
853 5545 1288 5611 consecutusque
1303 5534 2053 5611 polemicosﬁplurimos."Ego
2082 5540 2187 5611 hoc

616 5619 785 5679 unum
816 5606 1137 5679 adnotabo,
1173 5606 1327 5677 quod,
1372 5625 1587 5679 nempe
1619 5606 1674 5663 in
1716 5610 1897 5664 libello
1924 5606 2186 5679 synodico

619 5673 761 5744 apud
806 5673 1093 5731 .Iustcllum
1120 5673 1229 5747 jur.
1262 5694 1382 5735 can.
1422 5673 1513 5752 gr.
1550 5678 1613 5733 Τ.
1655 5680 1716 5743 ll,
1755 5696 1785 5749 ι)
1857 5673 2185 5735 1203-1209.
