3994 6408
106 418 191 482 4ί9

950 402 1346 467 SYNTAGMA
1379 392 1763 462 CANONUM.
1803 419 1871 431 —
1905 392 2054 453 TIT.
2083 390 2132 463 Ι,
2166 386 2323 449 CAP.
2366 385 2449 447 II.

3212 374 3316 443 450

122 528 412 604 παραόάτης
437 524 542 579 τῶν
585 521 935 595 όρισθέντων,
973 513 1418 587 ἀπογυμνοῦσθαι
1456 510 1673 564 τοῦτον

1761 503 1912 558 iotali
1954 502 2215 571 dignitate
2241 496 2443 568 privari
2467 493 2726 564 iubemus
2760 510 2774 548 :
2808 491 2895 548 sin
2925 497 3107 545 autem
3141 487 3315 543 laicus

106 600 467 696 ﬁgiepattxﬁc
509 616 666 683 ἀξίας
707 612 1150 686 προστάσσομεν·
1185 609 1236 661 εί
1281 606 1338 661 δὲ
1374 600 1624 672 λαῖκδςῆ

108 714 319 789 μοναχὸς,
345 708 716 781 ἀφορίζεσθαι.

189 805 382 861 Βιϐλίαν
405 805 484 866 Α’,
509 802 613 856 τίτ.
649 800 719 863 α’,
751 795 990 861 διάταξις
1016 799 1087 859 α’,
1128 791 1191 858 ε’,
1224 792 1313 857 ς¹’,
1347 790 1413 855 ζ’,
1445 793 1517 853 η’.

159 896 381 950 ΚΕΦΔΛ.
403 895 477 949 B'.
504 926 573 939 —
590 892 804 957 Ποίους
822 888 915 942 δεῖ
932 887 1190 951 κανόνας
1211 882 1475 952 κρατεῖν.

388 1069 612 1124 Συνόδου
642 1066 984 1139 Χαλκηδόνος
1016 1067 1196 1120 κανὼν
1224 1071 1293 1119 α’.

159 1174 216 1219 α’.
240 1166 368 1230 Τοὺς
404 1164 556 1236 παρὰ
585 1163 692 1216 τῶν
739 1162 911 1230 ἁγίων
942 1159 1202 1231 Πατέρων
1238 1158 1359 1212 καθ’
1391 1155 1625 1223 ἑκάστην

106 1260 283 1313 σύνοδον
324 1261 445 1329 ἄχρι
478 1257 573 1312 τοῦ
602 1255 698 1312 νῦν
736 1253 1053 1317 ὲκτεθέντας
1100 1251 1357 1317 κανόνας,
1406 1251 1629 1321 κρατεῖν

106 1352 477 1421 ὲδικαιώσαμεν.

343 1442 607 1498 Συνόδου
640 1436 1055 1509 Καρθαγέννης
1082 1435 1282 1491 κανὼν
1313 1440 1381 1490 α’.

162 1534 217 1589 α’.
257 1535 431 1587 Ταῦτα
488 1532 663 1596 οὕτως
702 1534 832 1602 παρ’
870 1532 1000 1601 ἡμῖν
1034 1528 1225 1600 ἔχοντα
1275 1528 1345 1581 τὰ
1381 1524 1472 1579 ῐσα
1521 1524 1631 1578 τῶν

106 1628 406 1699 όρισθέντων,
433 1626 577 1697 ἅπερ
629 1625 750 1678 τότε
780 1627 826 1677 οἱ
868 1624 1110 1693 Πατέρες
1151 1621 1307 1692 ήμῶν
1338 1622 1403 1673 ὲκ
1439 1619 1539 1690 τῆς
1573 1620 1631 1672 ὲν

107 1722 273 1792 Nimia
292 1721 501 1773 συνόδου
538 1719 656 1791 μεθ’
695 1716 906 1772 ἑαυτῶν
943 1717 1256 1786 κατήγαγον
1275 1729 1289 1745 ⁸
1322 1708 1392 1787 ἦς
1419 1713 1511 1766 τὸν
1534 1711 1632 1764 τύ-

110 1831 188 1863 τῖον
225 1810 549 1879 φυλάττοντα
599 1810 665 1863 τὰ
723 1807 967 1878 ἑπόμενα
1014 1806 1110 1861 καὶ
1165 1803 1457 1878 ὁρισθέντα
1501 1801 1630 1875 παρ’

109 1905 252 1974 ἡμῶν,
285 1902 647 1973 βεϐαιωθέντα
677 1899 1044 1971 φυλαχθῶσιν.

280 1996 547 2049 Σιννόδου
578 1992 995 2062 οίκουμεγικῆς
1029 1997 1104 2059 ς’,
1133 1990 1333 2046 κανὼν
1363 1988 1427 2060 β’.

164 2086 395 2158 β’.Ἐδοξε
431 2089 489 2141 δὲ
522 2088 620 2141 καὶ
644 2087 801 2140 τοῦτο
833 2089 899 2158 τῇ
923 2087 1055 2158 ἁγίᾳ
1082 2085 1253 2157 ταύτῃ
1283 2083 1485 2151 συνόδῳ
1510 2078 1643 2135 κάλ-

109 2182 235 2235 λιστά
261 2199 313 2234 τε
358 2181 451 2234 καὶ
504 2180 924 2242 σπουδαιότατα,
955 2176 1095 2233 ῶστε
1155 2177 1335 2249 μένειν
1389 2174 1482 2229 καὶ
1535 2172 1644 2228 ἀπὸ

110 2273 184 2326 τοῦ
210 2274 291 2327 νύν
332 2273 582 2343 βεϐαίους
631 2274 727 2326 καὶ
755 2272 1044 2341 ἀσφαλεῖς,
1082 2270 1220 2341 πρὸς
1247 2267 1434 2339 ψυχῶν
1479 2264 1643 2336 θερα-

112 2367 239 2418 πεῐαν
267 2366 354 2417 καὶ
385 2366 629 2437 ἰατρείαν
674 2363 889 2426 παθῶν,
916 2363 1041 2425 τοὺς
1083 2360 1189 2414 ὑπὸ
1218 2360 1328 2412 τῶν
1356 2359 1461 2429 πρὸ
1489 2357 1647 2429 ήμῶν

117 2452 251 2519 ἁγίων
282 2454 366 2505 καὶ
394 2452 685 2524 μακαρίων
727 2453 986 2522 Πατέρων
1013 2449 1301 2521 λεχθέντας
1331 2449 1425 2502 καὶ
1464 2464 1649 2518 κυρω-

116 2545 289 2610 θέντας,
328 2545 459 2600 ἀλλὰ
508 2544 621 2617 μὴν
647 2543 745 2598 καὶ
793 2542 1196 2614 παραδοθέντας
1238 2543 1389 2612 ἡμῖν,
1425 2540 1649 2609 ὀνόματι

116 2636 204 2690 τῶν
244 2636 397 2705 ἁγίων
442 2637 541 2691 καὶ
604 2634 831 2700 ἐνδόξων
873 2633 1186 2689 ἀποστόλων
1205 2672 1220 2699 ,
1256 2632 1342 2686 πε¹
1392 2630 1646 2695 κανόνας.

131 2728 312 2801 Ἐπειδὴ
335 2731 388 2784 δὲ
410 2732 470 2784 ὲν
493 2728 708 2792 τούτοις
744 2728 857 2792 τοῖς
886 2728 1105 2782 κανόσιν
1140 2724 1474 2789 ὶντέταλται,
1498 2722 1651 2792 δέχε·

122 2819 220 2872 σθαι
241 2823 373 2891 ἡμᾶς
397 2822 495 2886 τὰς
516 2820 629 2875 τῶν
655 2820 836 2874 αὐτῶν
862 2820 1030 2889 ἁγίων
1057 2818 1370 2873 ἀποστόλων
1391 2816 1480 2871 διὰ
1507 2816 1654 2886 Κλή-

124 2928 276 2979 μεντος
296 2912 583 2979 διατάξεις,
600 2909 804 2966 αἷστισι
853 2911 1019 2966 πάλαι
1048 2910 1153 2964 ὑπὸ
1180 2909 1289 2963 τῶν
1309 2909 1651 2980 ἑτεροδόξων,

124 3002 194 3055 is!
216 3003 343 3077 λύμῃ
371 3008 467 3077 τῆς
504 3004 860 3076 Ἐκκλησίας,
890 3004 1020 3057 νόθα
1048 3002 1170 3056 τινὰ
1207 3002 1332 3066 ξένα
1374 3002 1471 3071 τῆς
1495 3001 1651 3053 εὐσε-

122 3093 244 3157 ϐείας
270 3097 723 3167 παρενετέθησαν,
746 3097 806 3150 τὸ
835 3096 1109 3169 εὐπρεπὲς
1137 3096 1331 3159 κάλλος
1360 3095 1465 3148 τῶν
1496 3094 1654 3147 θείων

123 3184 361 3255 δογμάτων
386 3191 516 3259 ἡμῖν
542 3189 966 3260 ἀμαυρώσαντα,
991 3192 1089 3259 τὴν
1117 3189 1223 3241 τῶν
1256 3187 1511 3242 τοιούτων
1534 3186 1646 3239 δια·
1678 3205 1726 3270 c

121 3277 291 3355 τάξεων
319 3280 946 3355 προσφόρως-ἁποὸολὴν
988 3278 1337 3355 πεποιήμεθα
1377 3278 1511 3355 πρὸς
1550 3278 1648 3355 τὴν

122 3346 195 3398 τοῦ
259 3346 764 3418 χριστιανικωτάτου
854 3346 1104 3420 ποιμνίου
1176 3346 1473 3419 ὀἰκοδομήν
1560 3346 1652 3400 καὶ

124 3438 413 3504 ἀσφάλειαν,
480 3442 737 3511 οὐδαμῶς
807 3440 1153 3511 ἐγκρίνοντες
1224 3439 1292 3493 τά
1344 3439 1442 3507 τῆς
1504 3438 1657 3508 αἱρε-

125 3529 249 3598 τικῆς
293 3531 634 3603 ψευδολογίας
689 3533 964 3603 κυήματα,
1019 3534 1113 3587 καὶ
1170 3534 1237 3603 τῇ
1286 3532 1485 3603 γνησίᾳ
1548 3530 1658 3584 τῶν

125 3620 391 3677 ἀποστόλων
426 3626 517 3678 καὶ
549 3625 828 3696 ὁλοκλήρῳ
848 3624 1033 3694 διδαχῇ
1062 3624 1493 3695 παρενείροντες.
1511 3624 1659 3676 Ἐπι-

128 3716 454 3785 σφραγίζομεν
492 3716 550 3770 δὲ
595 3716 689 3770 καὶ
753 3717 887 3780 τοὺς-
926 3716 1142 3778 λοιποὺς
1199 3717 1404 3779 πάντας
1482 3714 1658 3786 ἱεροὺς

128 3802 338 3870 κανόνας,
387 3805 490 3858 ὑπὸ
534 3804 645 3857 τῶν
704 3805 873 3873 ἁγίων
921 3806 1016 3858 καὶ
1064 3805 1351 3877 μακαρίων
1403 3805 1660 3873 Πατέρων

130 3893 255 3961 ἡμῶν
300 3897 651 3961 ίκτεθέντας,
689 3898 932 3973 τουτέστι
969 3898 1076 3951 τῶν
1105 3915 1164 3951 τε
1212 3900 1270 3951 έν
1299 3898 1501 3966 Nimia
1533 3914 1659 3949 συν-

130 3986 476 4055 αθροισθέντων
492 3990 604 4061 τιη¹
622 3990 790 4057 ἁγίων
802 3991 1080 4060 Πατέρων,
1099 3989 1312 4044 καὶτῶν
1328 3991 1386 4042 ὲν
1400 3989 1664 4061 Ἀγκύρᾳ,

131 4074 292 4145 ίτιμὴν
306 4081 393 4133 καὶ
406 4080 512 4134 τῶν
534 4083 596 4135 ὲν
617 4082 1034 4151 Νεοκαισαρείᾳ,
1074 4081 1333 4144 ὡσαύτως
1358 4081 1451 4133 καὶ
1472 4080 1581 4133 τῶν
1604 4081 1661 4132 ὲν

132 4162 161 4213 Γ
164 4163 386 4237 ἁγγραις,
413 4171 549 4241 πρὸς
574 4170 631 4223 δὲ
652 4171 745 4223 καὶ
772 4171 880 4224 τῶν
900 4172 957 4224 ιν
998 4170 1298 4241 Ἀντιοχείᾳ
1320 4170 1417 4240 τῆς
1438 4170 1658 4240 Συρίας,

134 4254 242 4308 ἀλλὰ
262 4261 359 4328 μὴν
379 4263 602 4314 καὶτῶν
625 4263 680 4314 ἐν
700 4261 989 4331 Λαοδικείᾳ.
1008 4261 1108 4330 τῆς
1127 4262 1385 4333 Φρυγίας,
1402 4261 1663 4325 ὡσαύτως

134 4349 205 4400 καὶ
226 4350 321 4405 τῶν
346 4354 399 4405 ὲν
426 4354 685 4425 Σαρδικῇ,
712 4355 791 4407 ἔτι
823 4353 928 4425 μὴν
954 4354 1048 4409 καὶ
1070 4355 1177 4409 τῶν
1203 4356 1259 4409 ὲν
1282 4355 1660 4426 Καρθαγέννῃ,

138 4440 320 4507 προσέτι
353 4446 443 4497 καὶ
490 4445 603 4497 τῶν
636 4442 715 4515 ρν¹
748 4443 857 4498 τῶν
889 4446 945 4497 ὲν
986 4445 1159 4515 ταύτῃ
1202 4448 1268 4516 τῇ
1317 4446 1663 4516 θεοφυλάκτῳ

1732 593 1819 650 vel
1850 591 2179 656 monachus,
2211 584 2505 657 segregari.

1906 779 2069 835 Liber
2100 777 2141 843 Ι,
2170 777 2253 831 ιίι.
2287 791 2348 840 ιι,
2379 771 2698 829 constitutio
2735 772 2787 835 i,
2826 770 2879 835 5,
2913 770 2967 837 6,
2992 772 3043 832 7,
3078 769 3132 824 8.

1803 873 1958 927 CAP.
1992 870 2059 925 ll.
2091 900 2151 909 —
2196 868 2393 934 Quales
2427 882 2649 920 canones
2685 872 2920 930 oporteat
2940 862 3316 915 auctoritatem

1733 968 1974 1021 retinere.

2031 1054 2477 1112 Chalcedonensis
2521 1049 2730 1106 concilii
2758 1063 2929 1101 canon
2961 1047 3013 1101 1.

1807 1152 1859 1206 1.
1893 1149 2053 1217 Quia
2095 1148 2299 1205 sanctis
2364 1145 2612 1200 Patribus
2637 1143 2689 1196 in
2741 1153 3069 1209 unaquaque
3109 1136 3317 1209 synodo

1735 1245 2023 1312 hucusque
2047 1239 2282 1309 expositi
2314 1234 2464 1301 sunt,
2509 1232 2793 1291 observari
2823 1245 3067 1287 canones
3097 1244 3314 1300 aequum

1736 1336 2073 1393 censuimus.

2032 1425 2259 1481 Concilii
2305 1421 2733 1493 Carthaginiensis
2774 1435 2943 1473 canon
2973 1417 3023 1471 Ι.
3074 1476 3087 1495 β

1809 1516 1860 1571 1.
1894 1515 2137 1570 Aurelius
2173 1515 2441 1583 episcopus
2475 1511 2609 1564 dixit
2642 1509 2751 1579 (3*)
2781 1526 2794 1563 :
2824 1510 2881 1578 8
2910 1505 3032 1561 Ilaec
3067 1506 3140 1559 ita
3174 1502 3317 1573 apud

1741 1624 1841 1666 nos
1865 1609 2137 1663 habentur
2162 1604 2494 1675 exemplaria
2530 1611 2881 1664 statutorum,
2911 1614 3033 1669 qua:
3059 1605 3187 1651 tunc
3216 1595 3318 1649 Pa-

1740 1710 1847 1756 tres
1878 1700 2048 1755 nostri
2074 1700 2142 1754 de
2177 1697 2411 1754 concilio
2468 1694 2688 1749 Nicaano
2721 1707 2907 1748 secum
2955 1690 3269 1746 detulerunt
3299 1700 3316 1740 :

1738 1794 1897 1863 cujus
1936 1793 2163 1846 formam
2203 1797 2507 1853 servantes,
2548 1787 2663 1841 haec
2700 1801 2821 1855 qua:
2845 1791 3150 1854 sequuntur
3184 1795 3319 1836 con-

1658 1865 1707 1927 Β
1745 1886 1940 1943 stituta
1966 1925 1981 1951 ,
2023 1886 2237 1939 tirmata
2264 1896 2292 1935 a
2328 1880 2487 1935 nobis
2526 1876 2927 1933 custodientur.

2043 1973 2272 2030 Concilii
2298 1971 2601 2026 wcumenici
2632 1985 2710 2034 vr,
2742 1984 2911 2021 canon
2941 1966 2999 2019 2.

1808 2072 1862 2125 2.
1901 2069 2015 2125 Hoc
2062 2080 2279 2138 quoque
2313 2066 2442 2120 huic
2473 2071 2677 2119 sanctae
2719 2059 2927 2131 synodo
2958 2053 3321 2126 pulcherrime

1740 2172 1793 2217 et
1824 2160 2215 2216 honestissime
2271 2156 2495 2227 placuit,
2537 2163 2597 2208 ut
2656 2152 2727 2206 ab
2765 2152 2869 2204 hoc
2897 2164 3045 2204 nunc
3078 2157 3321 2217 tempore

1742 2253 1999 2320 deinceps
2021 2251 2087 2304 ad
2123 2248 2432 2303 animarum
2475 2245 2740 2300 medelam
2772 2253 2824 2297 et
2845 2240 3319 2312 perturbationum

1744 2346 2080 2400 curationem
2112 2341 2253 2394 tirmi
2275 2338 2611 2405 stabileSque
2639 2342 2915 2399 maneant,
2942 2333 3035 2402 qui
3067 2347 3096 2384 a
3117 2329 3321 2385 sanctis

1746 2436 2005 2491 Patribus
2034 2434 2125 2504 qui
2163 2448 2267 2507 nos
2298 2436 2721 2500 praecesserunt,
2755 2424 2994 2494 suscepti
3029 2439 3093 2477 ac
3122 2421 3321 2476 contir-

1748 2528 2039 2591 Inati'sunt,
2055 2536 2217 2594 atque
2231 2524 2366 2578 adeo
2386 2521 2543 2575 nobis
2556 2520 2716 2572 etiam
2736 2517 2914 2571 traditi
2934 2523 3082 2580 sunt,
3099 2521 3323 2568 sanctoo

1747 2634 1874 2674 rum
1903 2627 1956 2674 et
1985 2616 2344 2688 gloriosorum
2398 2611 2764 2682 apostolorum
2797 2608 3018 2662 nomine
3046 2606 3319 2674 octoginta

1749 2711 1992 2781 quinque
2014 2722 2270 2763 canones.
2299 2704 2569 2771 Quoniam
2591 2712 2770 2757 autem
2796 2701 2851 2754 in
2870 2700 2954 2753 his
2970 2698 3129 2752 nobis
3156 2710 3321 2751 cano-

1751 2804 1911 2858 nibus
1925 2812 2255 2872 praeceptum
2269 2808 2436 2865 est,ut
2449 2796 2763 2851 eorumdem
2779 2802 3091 2848 sanctorum
3110 2798 3319 2859 aposto«

1752 2896 1926 2950 lorum
1969 2910 2059 2964 per
2080 2892 2412 2948 Clementem
2451 2888 2874 2944 constitutiones
2918 2884 3325 2952 susciperemus

1752 2984 1956 3055 quibus
1993 2983 2104 3053 jam
2138 2981 2269 3036 olim
2321 2978 2483 3034 abiis
2518 2976 2611 3048 qui
2642 2976 2747 3030 ﬁde
2787 2974 2961 3029 aliena
2993 2972 3234 3027 sentiunt
3258 2968 3326 3023 ad

1753 3078 1928 3132 labem
1966 3073 2222 3129 Ecclesiae
2258 3070 2682 3142 aspergendam,
2735 3065 3038 3122 adulterina
3081 3064 3326 3133 quzedam

1757 3177 1811 3224 et
1847 3185 1874 3219 a
1903 3169 2103 3238 pietate
2142 3166 2320 3219 aliena
2351 3162 2659 3217 introducta
2698 3169 2844 3222 sunt,
2872 3172 2991 3226 qua:
3021 3156 3327 3209 divinorum

1761 3260 1921 3314 nobis
1960 3260 2308 3313 decretorum
2341 3256 2640 3323 elegantem
2688 3266 2750 3305 ac
2795 3251 3047 3305 decoram
3095 3247 3327 3317 speciem

1758 3353 2154 3411 obscurarum,
2210 3350 2309 3401 has
2339 3344 2755 3400 constitutiones
2778 3342 2844 3396 ad
2891 3334 3331 3395 christianissimi

1759 3442 1936 3515 gregis
1965 3440 2380 3496 :editicationem
2427 3450 2490 3491 ac
2524 3435 2873 3490 securitatem
2916 3430 3333 3486 conducibiliter

1759 3534 2086 3604 rejecimus,
2143 3528 2408 3585 haereticze
2464 3525 2721 3581 falsitatis
2780 3523 2920 3577 fetus
2985 3532 3331 3588 nequaquam

1766 3624 2130 3678 admittentes
2161 3662 2177 3688 ,
2207 3629 2261 3674 et
2288 3633 2561 3691 germanae
2590 3631 2653 3670 ac
2697 3615 2916 3681 integra:
2962 3609 3333 3680 apostolorum

1762 3716 2026 3770 doctrinae
2066 3714 2389 3768 inserentes.
2457 3710 2822 3779 Obsignamus
2870 3706 3031 3779 etiam
3096 3702 3334 3771 reliquos

1762 3816 1955 3855 omnes
1985 3815 2246 3865 canones,
2279 3798 2374 3869 qui
2413 3813 2443 3852 a
2479 3778 2682 3852 sanctis
2708 3804 2761 3849 et
2792 3778 3200 3849 beatis‘nostris
3230 3789 3334 3843 Pa-

1763 3892 1939 3946 tribus
1971 3890 2205 3960 expositi
2232 3896 2395 3954 sunt,
2434 3888 2486 3942 id
2530 3895 2637 3952 est,
2667 3901 2699 3939 a
2743 3882 2997 3939 trecentis
3046 3881 3232 3934 decem
3280 3887 3334 3933 et

1762 3992 1887 4037 octo
1917 3982 2128 4038 sanctis
2158 3997 2221 4037 ac
2268 3979 2495 4035 deiferis
2528 3976 2808 4042 Patrihus,
2842 3976 2934 4045 qui
2971 3973 3161 4027 Nicaeae
3198 3985 3336 4025 con-

1765 4087 2067 4142 venerunt;
2101 4076 2275 4146 iisque
2304 4073 2396 4145 qui
2426 4074 2688 4143 Ancyrm;
2721 4078 2775 4124 et
2804 4068 2871 4123 iis
2895 4068 3057 4122 etiam
3085 4066 3174 4134 qui
3197 4063 3337 4117 Neo-

1765 4186 2055 4237 caesareae;
2089 4170 2340 4225 similiter
2366 4177 2418 4222 et
2446 4167 2540 4236 qui
2577 4162 2849 4233 Gangris;
2885 4170 3146 4230 praeterea
3185 4164 3238 4209 et
3271 4155 3336 4209 iis

1763 4265 1856 4335 qui
1889 4265 1941 4317 in
1974 4262 2262 4316 Antiochia
2296 4259 2497 4330 Syriae;
2534 4267 2697 4325 atque
2722 4255 2787 4308 iis
2819 4253 2979 4307 etiam
2998 4249 3091 4320 qui
3119 4248 3172 4302 in
3197 4246 3337 4301 Lan-

1764 4358 1920 4412 dicea
1955 4354 2200 4425 Phrygia:
2233 4371 2247 4407 :
2281 4360 2537 4422 prazterea
2568 4346 2820 4416 autem9
2850 4353 2903 4398 et
2929 4349 3147 4397 centum
3176 4339 3337 4425 quin-

1766 4450 2020 4518 quaginta
2049 4445 2302 4499 Patribus
2327 4482 2341 4507 ,
2383 4443 2475 4513 qui
2516 4442 2569 4495 in
2610 4441 2713 4494 hac
2752 4455 2783 4493 a
2822 4437 2932 4491 Deo
2961 4416 3335 4490 conservanda

139 4534 210 4586 καὶ
235 4535 443 4605 βασιλίδι
482 4539 844 4593 συνελθόντων
882 4540 1054 4606 πόλει,
1096 4542 1188 4593 ἐπὶ
1216 4541 1520 4610 Νεκταρίου
1567 4540 1660 4593 τοῦ

1768 4551 1820 4595 et
1848 4538 2114 4609 imperiali
2144 4536 2362 4591 civitate
2392 4542 2798 4595 convenerunt;
2847 4539 2901 4584 et
2928 4529 3199 4593 ducentis,
3240 4526 3335 4597 qui

138 4625 212 4693 τῆς
232 4628 479 4697 βασιλίδος
499 4632 705 4701 ταύτης
730 4632 937 4694 πόλεως
964 4632 1247 4703 προέδρου,
1274 4634 1369 4684 καὶ
1390 4632 1656 4703 Τιμοθέου

139 4716 209 4769 τεῦ
235 4723 507 4792 γενομένου
562 4723 969 4795 Ἀλεξανδρείας
1015 4725 1480 4796 ἀρχιεπισκόπουο
1522 4724 1659 4781 ἀλλὰ

144 4807 342 4905 μῂνκαὶ
391 4814 516 4878 τοὺς
556 4816 831 4869 Διονυσίου
881 4815 1307 4887 ἀρχιεπισκόπου
1365 4815 1656 4886 γενομένου

142 4900 216 4967 τῆς
249 4900 624 4977 Ἀλεξανδρέων
653 4907 1085 4978 μεγαλοπόλεως,
1119 4910 1213 4962 καὶ
1265 4908 1472 4979 Πέτρου
1498 4910 1659 4980 ἁρχι-

143 4995 393 5049 επισκόπου
436 5000 535 5068 τῆς
582 5001 753 5072 αὐτῆς
799 5000 1189 5073 Ἀλεξανδρέων
1234 5001 1326 5056 καὶ
1363 5002 1660 5074 μάρτυρος,

144 5078 172 5127 Γ
177 5086 399 5155 ρηγορίου
422 5090 723 5144 ἐπισκόπου
767 5094 1066 5162 γενομένου
1099 5094 1529 5165 Νεοκαισαρείας
1567 5096 1661 5149 τοῦ

144 5170 545 5274 θαυμτουργοῦ,
588 5183 902 5239 Ἀθανασίου
944 5186 1373 5256 ἀρχιεπισκόπου
1415 5185 1663 5251 ’Δλεξαν-

144 5266 597 5363 ίΞρεξοιεάὶςιιειίλείου
617 5276 1046 5347 ἁρχιεπισκόπου
1071 5278 1404 5351 Καισαρείας
1426 5280 1665 5333 Καππα-

143 5356 310 5423 δοκίας,
338 5364 630 5435 Γρηγορίου
658 5369 956 5423 ἐπισκόπου
974 5370 1213 5441 Νύσσης,
1243 5371 1543 5442 Γρηγορίου
1566 5372 1661 5425 τοῦ

147 5441 397 5518 Θεολόγου,
442 5456 788 5529 Ἀμφιλοχίου
839 5458 931 5512 τοῦ
974 5461 1214 5527 Ἰκονίου,
1244 5461 1506 5531 Τιμοθέου
1558 5464 1660 5535 ἀρ-

147 5542 459 5601 χιεπισκόπου
497 5550 787 5620 γενομένου
828 5547 1228 5617 Ἀλεξανδρείας
1250 5547 1342 5601 τοῦ
1369 5550 1659 5622 προτέρου,

1765 4630 1817 4683 in
1846 4627 2203 4696 Ephesiorum
2231 4622 2517 4692 metropoli
2555 4622 2705 4691 prius
2736 4620 2912 4674 coacti
2945 4628 3106 4686 sunt;
3131 4627 3183 4673 et
3210 4634 3335 4673 sex-

1766 4719 1940 4774 centis
1970 4719 2190 4788 triginta
2221 4716 2427 4772 sanctis
2465 4722 2518 4768 ct
2541 4714 2712 4768 beatis
2741 4713 3013 4778 Patrihus,
3039 4712 3131 4782 qui
3168 4709 3336 4766 Chal-

1765 4813 2009 4867 cedone:
2047 4810 2299 4866 similiter
2328 4818 2381 4863 et
2418 4808 2484 4861 iis
2521 4806 2614 4876 qui
2640 4804 2879 4859 Sardica:
2913 4820 2927 4859 :
2963 4814 3019 4859 et
3070 4806 3165 4874 qui
3197 4804 3334 4858 Car—

1770 4903 2009 4973 thagine,
2035 4911 2085 4956 et
2114 4900 2207 4971 qui
2234 4914 2427 4954 rursus
2472 4898 2527 4951 in
2565 4898 2667 4951 hac
2695 4894 2789 4949 Dei
2823 4894 3047 4950 cultrice
3078 4902 3133 4948 et
3163 4893 3336 4962 impe-

1766 4996 1966 5050 ratrice
1986 4993 2116 5047 urbe
2134 4999 2503 5047 convenerunt
2525 4990 2628 5045 sub
2644 4988 2919 5052 Nectario,
2934 4986 3027 5056 qui
3048 4983 3335 5055 imperanti

1770 5090 1901 5143 huic
1953 5086 2160 5142 civitati
2214 5083 2584 5156 praesidebat;
2642 5091 2696 5136 et
2742 5080 3044 5149 Theophilo
3092 5079 3183 5148 qui
3233 5076 3336 5130 fuit

1769 5178 2108 5234 Alexandria:
2160 5175 2626 5245 archiepisc0pus.
2690 5172 2831 5238 Quin
2885 5172 3049 5226 etiam
3098 5182 3337 5223 canones

1771 5269 2041 5340 Dionysii,
2093 5267 2184 5338 qui
2241 5265 2344 5319 fuit
2377 5263 2822 5332 archiepiscopus
2856 5272 3065 5328 magna:
3096 5255 3337 5309 Alexan-

1768 5365 2052 5419 drinorum
2092 5360 2368 5417 civitatis:
2403 5369 2456 5413 et
2503 5356 2669 5422 Petri,
2713 5354 2807 5425 qui
2866 5352 2966 5406 fuit
2994 5347 3336 5405 Alexandriae

1769 5456 2212 5525 archiepiscopus
2270 5462 2325 5506 et
2372 5461 2578 5521 martyr
2615 5466 2630 5502 :
2671 5445 2916 5517 Gregorii
2969 5442 3336 5498 Neoczesareze

1769 5550 2011 5619 episcopi
2042 5541 2439 5613 Thaumaturgi
2470 5562 2480 5596 :
2512 5538 2799 5595 Athanasii
2841 5534 3191 5593 Alexandrini
3246 5547 3336 5586 ar-

1651 5668 1886 5726 NOTAE.

204 5755 293 5821 (3“)
322 5756 372 5810 In
400 5773 479 5814 ms
509 5760 773 5814 Aurelius.
