3908 6296
625 361 725 425 451

1790 355 2050 418 ΡΗΟΤΙΙ
2084 354 2213 414 PA'I

2318 347 2589 412 ARCIL‘E
2623 347 2735 408 ΕΡ.
3754 347 3841 414 452

628 475 1003 550 chiepiscopi;
1040 475 1227 532 Basilii
1255 470 1653 544 archiepiscopi
1686 471 1950 527 (Ζῶσαι-θαι
1987 469 2205 539 Cappa-

2317 462 2589 533 Βεοφίλου,
2622 455 3058 532 ἀρχιεπισκόπου
3079 454 3180 525 τῆς
3223 452 3616 523 Ἀλεξανδρέων
3648 462 3841 527 μεγαλα.

628 569 1099 640 docizc:.Gregorii
1130 569 1370 639 episcopi
1401 569 1609 639 Nyssaa,
1639 563 1886 634 Gregorii
1918 560 2205 632 Theologi,

630 663 997 734 Amphilochii
1027 661 1216 724 lconii,
1243 659 1512 714 'l‘imothei
1545 658 1742 728 prioris
1766 697 1781 722 ,
1812 652 2205 725 archiepiscopi

628 754 1042 820 Alexandriam;
1134 750 1423 821 Theophili
1488 747 1880 819 archiepiscopi
1960 745 2206 815 ejusdem

628 847 972 903 Alexandriae
1000 865 1015 901 :
1040 842 1228 915 Cyrilli
1282 841 1531 910 eiusdem
1563 840 1904 896 Alexandrize
1937 835 2210 904 archiepi-

632 941 818 1010 scopi,
850 948 904 993 et
936 935 1223 1001 Gennadii,
1252 935 1344 1005 qui
1374 934 1476 989 fuit
1505 933 1811 1004 patriarcha
1844 931 2009 1001 hujus
2037 944 2068 984 a
2097 927 2208 983 Deo

630 1032 913 1087 servandas
945 1040 1000 1085 et
1045 1028 1367 1099 imperantis
1397 1026 1658 1082 civitatis.
1704 1023 1971 1079 Praeterea
1994 1035 2126 1075 vero
2156 1027 2210 1074 et

632 1140 662 1178 a
687 1124 984 1195 Cypriauo,
1011 1122 1103 1191 qui
1135 1120 1394 1175 Afrorum
1429 1119 1669 1190 regionis
1712 1117 1816 1171 fuit
1841 1115 2209 1185 archiepisco-

631 1229 733 1283 pus
761 1220 815 1267 et
845 1220 1071 1283 martyr,
1105 1219 1158 1266 et
1197 1209 1406 1280 synodo
1455 1224 1577 1278 qua:
1607 1208 1708 1264 sub
1733 1207 1852 1277 ipso
1883 1206 2008 1268 fuit,
2038 1204 2208 1259 emis-

632 1322 753 1360 sum
783 1319 1071 1369 canonem,
1098 1303 1191 1374 qui
1236 1304 1294 1358 in
1332 1302 1717 1373 praedictorum
1749 1299 2043 1371 praesulum
2076 1295 2208 1351 locis

632 1399 825 1463 solus',
865 1398 1168 1453 secundum
1195 1397 1451 1453 traditam
1481 1396 1561 1451 eis
1594 1392 2067 1455 consuetudinem,
2094 1404 2210 1445 ser-

632 1502 792 1547 vatus
818 1501 923 1546 est.
961 1489 1028 1544 Et
1058 1491 1191 1545 nulli
1238 1490 1404 1545 licere
1435 1488 1588 1559 prius
1618 1486 1925 1541 declaratos
1969 1496 2210 1536 canones

631 1583 961 1648 adulterare,
993 1583 1080 1636 vel
1120 1597 1229 1636 non
1262 1580 1568 1645 admittere,
1602 1577 1688 1632 vel
1724 1576 1861 1630 alios
1899 1585 2094 1643 praeter
2122 1573 2210 1626 hic

632 1676 947 1745 propositos
992 1674 1238 1743 recipere
1286 1686 1567 1737 canones,
1615 1685 1645 1724 a
1695 1666 2023 1739 quihusdam
2070 1664 2209 1719 falsa

632 1767 841 1835 adjecta
873 1768 1235 1836 inscriptione
1263 1764 1623 1834 compositos,
1647 1762 1739 1831 qui
1772 1760 2049 1814 veritatem
2074 1771 2211 1811 cau-

2308 555 2543 620 πόλεως,
2586 553 2684 607 καὶ⁵
2734 548 3029 622 Κυρίλλου,
3063 547 3158 600 καὶ
3214 546 3496 600 Γενναδίου
3546 550 3842 621 πατριάρχου

2307 648 2599 718 γενομένου
2649 645 2748 715 τῆς
2793 640 3163 711 θεοφυλάκτου
3208 639 3412 708 ταύτης
3467 640 3559 691 καὶ
3616 640 3845 709 βασιλίδος

2308 741 2536 806 πόλεως,
2570 738 2649 792 ἐτι
2679 737 2785 808 μὴν
2819 730 2915 789 καὶ
2954 734 3047 789 τὸν
3090 734 3199 789 ὑπὸ
3237 730 3556 804 Κυπριανοῠ
3582 732 3675 784 ,τοῦ
3721 750 3846 803 γενο-

2311 836 2479 907 μένου
2516 830 2946 905 ἀρχιεπισκόπου
2993 829 3093 898 τῆς
3139 826 3357 895 Ἀφρῶν
3403 822 3587 896 χώρας
3627 825 3713 878 καὶ
3736 827 3847 896 μάρ-

2308 943 2492 999 τυρος,
2519 926 2726 994 καὶτῆς
2761 922 3061 978 κατάύτὸν
3080 920 3296 974 συνόδου
3324 916 3613 971 ἐκτεθέντα
3644 919 3815 971 κανόνα
3833 937 3846 952 ·

2308 1019 2368 1084 ὃς
2398 1021 2455 1072 ἐν
2481 1021 2593 1082 τοῖς
2622 1017 2730 1071 τῶν
2783 1012 3197 1088 προειρημένων
3238 1010 3517 1081 προέδρων
3559 1008 3735 1073 τόποις
3775 1013 3849 1063 καὶ

2313 1112 2493 1183 μόνον,
2529 1109 2670 1164 κατά
2701 1108 2763 1162 τὸ
2793 1106 3096 1179 παραδοθὲν
3119 1106 3304 1167 αὐτοῖς
3336 1102 3457 1166 έθος
3484 1101 3756 1171 ἐκράτησε,
3776 1104 3851 1155 καὶ

2313 1205 2503 1277 μηδενὶ
2551 1202 2752 1268 ἐξεῖναι
2800 1202 2927 1264 τοὺς
2956 1196 3408 1270 προδηλωθέντας
3449 1194 3851 1265 παραχαράττειν

2311 1296 2544 1359 κανόνας
2575 1296 2609 1366 ἢ
2644 1286 2884 1359 ἀθετεῖν,
2920 1292 2953 1364 ἢ
2981 1288 3205 1363 ἐτέρους
3232 1287 3384 1360 παρά
3425 1287 3553 1350 τοὺς
3582 1288 3853 1358 προκειμέ-

2309 1404 2433 1453 νους
2492 1384 2897 1458 παραδέχεσθαι
2963 1382 3233 1447 κανόνας,
3285 1378 3730 1450 ψευδεπιγράφως
3770 1378 3855 1431 ὑπό

2308 1493 2473 1531 τινων
2518 1476 2904 1540 συντεθέντας,
2954 1489 3066 1526 των
3106 1470 3207 1542 τὴν
3257 1469 3517 1538 ἀλήθειαν
3558 1466 3855 1535 καπηλεύειν

2310 1568 2799 1640 ἐπιχειρησάντων.
2828 1566 2891 1619 Ei
2922 1564 2978 1618 δέ
3002 1581 3084 1627 τις
3110 1561 3222 1632 ἁλῷ
3242 1561 3444 1615 κανόνα
3476 1560 3598 1613 τινὰ
3615 1558 3717 1612 τῶν
3736 1560 3857 1628 είρη-

2315 1664 2493 1736 μένων
2530 1660 2896 1731 καινοτομῶν,
2934 1659 2969 1730 ἢ
3008 1657 3337 1726 ἀνατρέπειν
3371 1653 3682 1725 ἐπιχειρῶν,
3714 1653 3853 1707 ὑπεύ-

2314 1756 2473 1819 θυνος
2506 1754 2659 1809 ἔσται
2702 1752 2847 1808 κατά
2893 1751 2985 1806 τὸν
3039 1748 3279 1804 τοιοῦτον
3325 1747 3527 1800 κανόνα
3560 1762 3573 1776 ο
3614 1745 3685 1808 ὠς
3725 1744 3856 1807 αὐτὸς

630 1832 824 1930 po'nari
850 1861 1029 1914 conati
1051 1832 1205 1915 sunt.
1239 1857 1295 1913 Si
1328 1832 1451 1928 quis
1483 1864 1691 1922 autem,
1738 1853 1883 1924 quod
1920 1851 2206 1922 praediolo-

2317 1848 2650 1919 διαγορεύει,
2697 1846 2797 1918 τὴν
2843 1843 3129 1915 ἐπιτιμίαν
3159 1841 3470 1912 δεχόμενος,
3506 1838 3601 1892 καὶ
3632 1838 3692 1891 δι’
3722 1836 3854 1889 αὐτοῦ

632 1967 755 2005 rum
802 1967 1072 2007 canonum
1135 1951 1373 2019 aliquem
1432 1950 1697 2003 innovare
1756 1946 1839 2001 vel
1894 1944 2209 1999 subvertere

2315 1942 2374 1995 ἐν
2415 1934 2569 2019 ᾧπερ
2595 1939 2778 1994 πταίει
2807 1937 3262 2009 θεραπευόμενος.

631 2056 880 2109 conetur,
917 2044 1201 2099 convictus
1234 2043 1418 2109 fuerit,
1444 2057 1570 2097 reus
1608 2040 1711 2095 erit
1746 2038 2049 2095 secundum
2081 2050 2205 2091 eum
2236 2050 2525 2100 canonem,
2555 2042 2616 2090 ut
2662 2034 2781 2105 ipso
2835 2031 3161 2104 pronuntiat
3206 2042 3404 2093 canon,
3447 2038 3663 2096 pmuam
3715 2022 3855 2084 luens,

630 2145 685 2190 et
713 2152 809 2206 per
854 2135 1032 2202 ipsum
1088 2134 1142 2189 iu
1207 2149 1292 2199 eo,
1327 2134 1410 2199 {in
1465 2147 1573 2203 quo
1608 2131 1857 2195 offendit,
1911 2129 2182 2185 medelam
2218 2128 2546 2199 suscipiens.

844 2223 1071 2279 Concilii
1102 2222 1310 2277 Nicazni
1346 2231 1407 2277 ἰι
1448 2238 1673 2275 canones
1711 2220 1758 2285 Ι,
1793 2218 1850 2278 2.

703 2316 757 2369 1.
798 2314 870 2370 lis
897 2315 991 2385 qui
1042 2313 1441 2370 sacerdotalem
1482 2313 1799 2383 dignitatem
1846 2310 2025 2366 sortiti
2057 2317 2207 2376 sunt,

631 2407 943 2462 testimonia
1010 2415 1066 2461 et
1126 2406 1195 2460 ad
1268 2416 1415 2461 recte
1477 2419 1538 2460 se
1597 2405 1893 2476 gerendum
1960 2402 2210 2457 instituta

630 2506 760 2553 sunt
827 2497 1220 2552 canonicarum
1278 2495 1733 2550 constitutionum
1792 2492 2210 2564 descriptiones.

634 2590 739 2659 lo
760 2588 909 2656 Quas
936 2604 1058 2642 cum
1095 2586 1436 2657 diviniloquo
1467 2587 1636 2642 David
1667 2587 1918 2641 lubenter
1948 2585 2214 2655 recipien-

634 2692 747 2746 tes,
811 2680 879 2735 ad
937 2680 1231 2734 Dominum
1291 2690 1621 2745 cantamus,
1676 2674 2069 2733 dicentes:1n
2126 2676 2213 2731 via

632 2773 1009 2826 mandatorum
1039 2782 1249 2825 tuorum
1273 2770 1483 2825 lwtatus
1508 2787 1646 2832 sum,
1679 2779 1933 2839 tanquam
1956 2768 2012 2821 in
2040 2769 2213 2821 omni-

635 2862 729 2915 bus
756 2862 958 2917 divitiis
984 2863 1004 2893 ¹
1040 2882 1053 2916 :
1086 2870 1160 2927 et,
1188 2860 1460 2916 Mandasti
1481 2860 1759 2930 justitiam
1791 2858 2091 2912 testimonia
2120 2868 2212 2912 tua

634 2953 690 3007 iu
734 2953 989 3008 swculum
1013 2954 1033 2984 ³
1063 2972 1077 3007 :
1107 2984 1177 2994 ——
1206 2953 1539 3008 Intellectum
1574 2953 1645 3005 da
1688 2949 1840 3016 mihi,
1890 2958 1940 3003 et
1984 2950 2146 3003 vitam
2166 2949 2210 3004 δ.

635 3045 704 3101 Et
740 3046 785 3101 si
822 3047 876 3100 in
920 3047 1181 3101 saeculum
1228 3046 1509 3115 nosjubet
1556 3060 1659 3099 vox
1694 3042 2015 3115 prophetica
2056 3041 2213 3098 testi-

635 3140 817 3195 mOuia
845 3139 937 3193 Dei
970 3155 1211 3206 scrvare,
1264 3147 1319 3195 et
1353 3140 1407 3193 in
1449 3138 1531 3193 eis
1562 3137 1767 3201 vivere,
1806 3138 1976 3209 liquet
2010 3150 2072 3190 ea
2119 3149 2215 3188 ne-

635 3247 913 3302 quaquam
969 3230 1366 3295 coucutienda,
1416 3230 1678 3299 nullaque
1738 3229 1955 3283 ratione
2014 3222 2217 3281 labefa-

636 3324 831 3380 ctanda
862 3336 1185 3393 permanere
1219 3341 1233 3377 :
1268 3337 1394 3376 nam
1423 3330 1477 3376 et
1504 3321 1851 3376 venerandus
1892 3318 2106 3390 Moyses
2135 3316 2217 3371 sic

636 3416 714 3471 ait
743 3434 756 3469 :
792 3414 885 3469 Eis
925 3431 1027 3467 non
1057 3413 1175 3467 licet
1221 3413 1434 3478 addere,
1484 3428 1575 3467 nec
1603 3413 1678 3467 eis
1715 3412 1832 3466 licet
1875 3410 2212 3465 detrahere".

2390 2217 2663 2274 Συνόδου
2687 2216 2938 2281 Νικαίας
2964 2215 3031 2269 τὸ
3070 2212 3374 2281 δεύτερον,
3418 2206 3621 2261 κανὼν
3656 2205 3720 2270 α’,
3750 2204 3804 2275 β’.

2382 2314 2431 2362 α’
2457 2308 2584 2372 Τοῖς
2611 2307 2710 2379 τὴν
2745 2303 3025 2377 ἱερατικὴν
3053 2299 3312 2372 λαχοῦσιν
3343 2297 3525 2362 ἀξίαν,
3559 2294 3856 2365 μαρτύριάτε

2314 2402 2409 2457 καὶ
2439 2399 2865 2473 κατορθώματα,
2891 2398 2946 2453 αί
2985 2395 3094 2449 τῶν
3113 2391 3414 2448 κανονικῶν
3443 2386 3733 2453 διατάξεων
3764 2387 3858 2440 ὑπο-

2311 2493 2585 2557 τυπώσεις
2629 2492 2769 2546 εἰσίν
2794 2508 2808 2524 ·
2853 2489 2921 2553 ἃς
2960 2488 3241 2559 δεχόμενοι
3273 2484 3556 2554 ἀσμένως,
3619 2480 3749 2552 μετὰ
3786 2477 3858 2531 τοῦ

2314 2587 2672 2656 θεοφάντορος
2725 2583 2891 2641 Δαϐὶδ
2944 2582 3143 2654 ᾄδομεν
3173 2578 3311 2651 πρὸς
3336 2577 3428 2631 τὸν
3452 2577 3725 2644 Δεσπότην
3752 2573 3860 2626 Θεὸν

2312 2678 2370 2733 λέ
2378 2679 2689 2748 γοντεςοἘν
2702 2674 2775 2744 τῇ
2788 2674 2905 2741 ὁδῷ
2919 2673 3038 2728 τῶν
3046 2672 3387 2744 μαρτυρίων
3397 2686 3514 2724 σου
3526 2667 3793 2736 ἐτέρφθην
3804 2666 3861 2731 ὡς

2312 2771 2411 2825 ἐπὶ
2432 2770 2608 2824 παντὶ
2631 2769 2890 2833 πλούτῳ·
2913 2769 3030 2831 καὶ,
3051 2764 3363 2821 Ἐνετείλω
3388 2761 3484 2815 καί
3508 2759 3859 2823 δικαιοσύνην⁹

2314 2862 2386 2916 τὰ
2403 2859 2701 2930 μαρτύριὰ
2728 2874 2846 2913 σου
2871 2860 2959 2925 εἰς
2989 2857 3097 2912 τὸν
3112 2853 3318 2910 αἰῶνα.
3356 2851 3689 2907 Συνέτισόν
3708 2866 3772 2918 με
3790 2848 3861 2902 καί

2314 2954 2503 3024 ζῆσόν
2524 2970 2614 3022 με·
2630 2953 2724 3008 καὶ
2738 2970 2761 3006 ε
2772 2954 2818 3016 ίς
2832 2951 2923 3005 τὸν
2939 2950 3113 3006 αἰῶνα
3127 2951 3161 3020 ἡ
3180 2946 3497 3020 προφητικὴ
3510 2942 3660 3014 φωνὴ
3676 2942 3865 2996 ἐντέλλε-

2312 3064 2406 3103 ται
2441 3048 2576 3117 ὴμῖν
2603 3045 2898 3114 φυλάττειν
2930 3041 2999 3096 τὰ
3031 3039 3308 3113 μαρτύρια
3325 3038 3415 3091 τοῦ
3439 3035 3703 3101 Θεοῦ,καὶ
3726 3034 3807 3104 ζῇν
3824 3036 3864 3084 ὲν

2315 3141 2521 3203 αὐτοῖς,
2554 3138 2710 3208 δῆλον
2748 3136 3062 3210 ἀκράδαντα
3092 3133 3185 3188 καὶ
3216 3130 3493 3186 ἀσάλευτα
3523 3127 3860 3197 διαμένουσιν·

2314 3233 2397 3287 ὅτι
2428 3231 2525 3285 καὶ
2551 3232 2579 3285 ὁ
2610 3230 2850 3298 θεόπτης
2881 3225 3126 3295 Μωῦσῆς
3152 3222 3297 3277 οὕτω
3324 3220 3491 3292 φησίν
3515 3235 3531 3250 ο
3589 3218 3681 3270 Ἐν
3702 3214 3865 3279 αὐτοῖς

2317 3325 2430 3377 οὐκ
2456 3320 2589 3375 ἐστι
2618 3318 2991 3390 προσθεῖναι,
3050 3314 3150 3370 καὶ
3196 3311 3296 3368 ἀπ’
3345 3309 3551 3366 αὐτῶν
3588 3311 3696 3363 οὐκ
3731 3307 3861 3359 ἐστιν

2319 3414 2631 3486 ἀφαιρεῖν·
2678 3413 2771 3467 καὶ
2800 3414 2829 3467 ό
2875 3411 3020 3474 θεῖος
3064 3407 3366 3470 ἀπόστολος
3405 3405 3616 3474 Πέτρος
3641 3403 3695 3454 ἐν
3723 3400 3867 3458 αὐτοῖς

637 3510 706 3563 Et
734 3508 954 3562 divinus
987 3506 1268 3576 apostolus
1302 3506 1499 3560 Petrus
1542 3505 1596 3559 in
1654 3505 1721 3559 iis
1752 3504 1998 3573 glorians
2027 3502 2211 3557 excla-

2321 3485 2740 3576 ἐγκαυχὼμενος
2792 3503 2930 3575 βοᾷ·
2984 3502 3090 3567 Εἰς
3123 3499 3163 3554 ἆ
3211 3496 3620 3566 ἐπιθυμοῦσιν
3669 3493 3866 3560 ἄγγελοί

640 3606 754 3653 mat
789 3616 802 3651 :
838 3598 918 3651 Ad
955 3613 1073 3668 qua:
1122 3596 1296 3667 angeli
1337 3596 1604 3650 declinare
1632 3596 1936 3648 desiderant
1961 3595 2001 3647 °.
2041 3594 2220 3662 Atque

636 3688 805 3744 etiam
828 3688 1210 3757 dicitPaulus:
1239 3687 1467 3741 Etiamsi
1492 3702 1585 3740 nos
1606 3688 1683 3740 vel
1706 3684 1923 3755 angelus
1943 3683 2221 3737 annuntiet

639 3785 783 3837 vobis
832 3782 1003 3848 aliud,
1048 3798 1211 3853 quam
1261 3781 1401 3835 vobis
1456 3779 1909 3843 annuntiavimus,
1963 3777 2033 3830 sit
2086 3790 2222 3828 ana-

643 3877 875 3932 thema".
926 3875 1062 3930 Cum
1106 3874 1222 3929 haec
1276 3887 1407 3943 ergo
1458 3872 1533 3926 ita
1586 3887 1645 3927 se
1689 3870 1948 3935 habeant,
2010 3876 2065 3921 et
2110 3866 2221 3920 sint

641 3968 801 4024 nobis
857 3976 1076 4032 testata,
1136 3967 1203 4021 iis
1254 3963 1617 4029 exsultantes,
1677 3970 1737 4017 ut
1785 3962 1829 4016 si
1864 3961 1987 4030 quis
2047 3958 2219 4012 multa

638 4061 816 4132 spolia
870 4058 1158 4122 invenerit,
1191 4058 1409 4112 divinos
1455 4068 1697 4110 canones
1732 4053 1966 4107 libenter
2014 4049 2220 4120 ample-

640 4153 865 4220 ctimur,
897 4166 1199 4221 eorumque
1221 4148 1673 4205 constitutionem
1706 4145 1974 4215 integram
2010 4151 2066 4197 et
2097 4142 2222 4197 illa-

641 4245 1023 4303 befactabilem
1069 4243 1488 4307 conﬁrmamus,
1540 4254 1664 4310 qua:
1716 4238 1863 4292 edita
1916 4235 2136 4291 fuerunt
2189 4250 2219 4289 a

637 4340 818 4398 sancti
856 4337 1095 4408 Spiritus
1140 4336 1309 4401 tubis,
1355 4334 1505 4390 omni
1563 4349 1630 4389 ex
1666 4342 1823 4401 parte
1878 4327 2221 4384 celebrandis

636 4432 939 4504 apostolis,
994 4437 1049 4485 et
1094 4445 1189 4485 sex
1247 4428 1455 4485 sanctis
1502 4424 1911 4481 universalihus
1962 4422 2218 4493 synodis,

640 4526 819 4593 iisque
863 4537 987 4592 quae
1039 4520 1105 4576 ad
1154 4519 1429 4591 ejusmodi
1476 4518 1824 4573 decretorum
1872 4514 2218 4569 traditionem

634 4615 1021 4687 provinciatim
1077 4621 1279 4667 coactae
1327 4611 1583 4674 fuerunt,
1638 4617 1694 4664 et
1746 4607 1954 4663 nostris
2013 4604 2222 4661 sanctis

635 4706 914 4763 Patribus.
952 4704 1030 4759 Ex
1086 4719 1198 4758 uno
1244 4703 1390 4757 enim
1427 4714 1620 4756 omnes
1661 4700 1967 4770 eodemque
2012 4697 2220 4768 Spiritu

631 4798 956 4864 illuminati,
1000 4811 1123 4867 quae
1165 4804 1323 4850 erant
1373 4793 1526 4848 utilia
1559 4793 1959 4847 decreverunt:
1989 4800 2042 4844 et
2074 4804 2216 4860 quos
2248 4830 2292 4885 Ι)

630 4890 973 4949 anathemati
1000 4888 1224 4959 quidem
1257 4886 1658 4951 transmittunt,
1689 4899 1788 4938 nos
1818 4897 2037 4954 quoque
2067 4897 2211 4935 ana-

630 4983 1058 5040 thematizamus
1088 4999 1101 5036 :
1134 4995 1274 5051 quos
1312 4993 1441 5034 vero
1469 4977 1819 5048 depositioni,
1853 4991 1953 5031 nos
1983 4988 2212 5045 quoque

629 5074 959 5144 deponimus
988 5090 1002 5128 :
1035 5087 1175 5143 quos
1212 5080 1392 5125 autem
1428 5066 1813 5140 segregatioui,
1864 5080 1964 5121 nos
2018 5065 2208 5120 itidem

630 5183 989 5240 aegregamus
1017 5185 1031 5221 :
1057 5180 1199 5237 quos
1233 5176 1414 5219 autem
1449 5178 1622 5236 pcenaa
1652 5163 1896 5226 tradunt,
1929 5175 2032 5215 nos
2064 5173 2209 5231 quo-

2321 3600 2707 3669 παρακύψαν
2754 3596 2850 3651 καὶ
2896 3596 2925 3648 ό
2972 3592 3188 3655 nam;
3243 3605 3422 3660 φησι·
3465 3586 3597 3642 Κᾶν
3647 3583 3798 3653 ἡμεῖς
3838 3580 3866 3647 ἡ

2321 3696 2579 3766 ἄγγελος
2616 3687 3061 3761 εὐαγγελίζηται
3103 3683 3245 3754 ὑμῖν
3261 3682 3399 3750 παρ’
3444 3679 3477 3734 ὃ
3529 3675 3865 3746 παρελάϐετε,

2321 3786 2587 3855 ἀνάθεμα
2605 3785 2782 3839 ἔστω.
2809 3780 3028 3835 Τούτων
3056 3778 3150 3832 οὖν
3174 3775 3346 3838 οὕτως
3368 3773 3541 3827 όντων
3568 3772 3660 3823 καὶ
3677 3770 3867 3835 διαμαρ-

2320 3879 2635 3950 τυρομένων
2658 3878 2814 3948 ἡμῖν,
2842 3871 3243 3943 ἀγαλλιώμενοι
3277 3867 3363 3922 ἐπ’
3386 3865 3596 3929 αὐτοῖς,
3627 3862 3699 3924 ὡς
3737 3860 3860 3950 ein;

2322 3945 2907 4040 εὔροισκύ).α”πολλὰ,
2940 3958 3224 4022 ἀσπασίως
3273 3956 3403 4017 τοὺς
3457 3951 3640 4014 θείους
3680 3945 3865 4003 κανόνας

2322 4035 2802 4131 ἐνστερνιζόμεθα,
2839 4057 2934 4108 καὶ
2968 4051 3264 4121 ὀλόκληρον
3288 4047 3388 4117 τὴν
3439 4043 3621 4099 αὐτῶν
3653 4035 3865 4131 Sta-cavi}?

2321 4154 2417 4204 καὶ
2458 4149 2756 4203 ἀσάλευτον
2779 4138 3295 4217 κρατύνομεν,·τῶν
3322 4152 3382 4190 τε
3432 4130 3752 4187 ἐκτεθέντων
3787 4122 3865 4176 ὑπὸ

2320 4243 2428 4297 τῶν
2458 4242 2627 4311 ἁγίων
2653 4239 2972 4306 σαλπίγγων
3020 4231 3119 4287 τοῦ
3173 4228 3499 4299 Πνεύματος
3540 4220 3863 4289 πανευφήμων

2322 4310 2662 4398 ἀποστόλων,
2695 4332 2804 4385 τῶν
2831 4347 2893 4385 τε
2933 4329 2991 4396 ἐξ
3019 4326 3192 4397 ἁγίων
3217 4318 3620 4391 οίκουμενικῶν
3656 4310 3861 4369 συνόδων,

2322 4430 2419 4483 καὶ
2468 4427 2578 4480 τῶν
2630 4422 2870 4486 τοπικῶς
2940 4414 3440 4489 συναθροισθεισῶν
3524 4411 3618 4465 ἐπὶ
3695 4402 3860 4458 ἐκδόσει

2321 4518 2581 4574 τοιούτων
2654 4514 3069 4585 διαταγμάτων,
3098 4511 3194 4565 καὶ
3242 4508 3355 4563 τῶν
3414 4505 3591 4575 ἀγίων
3649 4496 3862 4567 Πατέρων

2321 4610 2481 4683 ἡμῶν
2503 4627 2517 4642 ο
2545 4609 2604 4675 ἐξ
2635 4608 2757 4671 ἐνὸς
2781 4606 2891 4676 γὰρ
2920 4604 3160 4665 ἅπαντες
3180 4600 3275 4654 καὶ
3300 4598 3393 4653 τοῦ
3411 4596 3579 4652 αὐτοῦ
3598 4591 3863 4683 Πνεύματνς

2324 4676 2713 4770 αύγασθέντες,
2770 4696 2979 4767 ῶρισαν
3018 4692 3087 4747 τὰ
3138 4690 3512 4761 συμφέροντα.
3540 4684 3647 4740 Καὶ
3680 4681 3759 4743 οὓς
3788 4676 3862 4770 μὲγ

2322 4768 2729 4865 τῷήάναθέματι
2772 4788 3227 4859 παραπέμπουσι,
3258 4784 3353 4836 καὶ
3382 4782 3551 4851 ἡμεῖς
3592 4768 3865 4865 ἀναθεματί-

2322 4862 2487 4957 ζόμεν
2515 4902 2530 4917 ⁹
2560 4884 2654 4948 οὓς
2691 4884 2749 4937 δὲ
2805 4885 2872 4955 τῇ
2913 4879 3255 4952 καθαιρέσει,
3286 4878 3382 4930 καὶ
3421 4876 3585 4945 ἡμεῖς
3615 4862 3861 4936 καθαιροῦο

2326 4996 2426 5050 μεν
2450 4994 2465 5008 ο
2497 4977 2593 5040 οὓς
2620 4976 2677 5030 δὲ
2714 4973 2793 5045 τῷ
2823 4971 3141 5045 ἀφορισμῷ,
3194 4968 3290 5024 καὶ
3323 4968 3489 5038 ἡμεῖς
3530 4960 3863 5050 ἀφορίζομεν.

2321 5048 2415 5135 οὓς
2446 5070 2505 5124 δὲ
2556 5068 2819 5139 ἐπιτιμίῳ
2860 5064 3241 5137 παραδιδόασι,
3298 5060 3393 5115 καὶ
3431 5060 3596 5130 ἡμεῖς
3649 5048 3863 5107 ὡσαύτως

2322 5159 2722 5231 ύποϐάλλομεν.
2762 5155 3199 5228 Ἀφιλάργυρος
3226 5153 3337 5224 γὰρ
3363 5155 3397 5207 ό
3424 5150 3667 5219 τρόπος,
3684 5143 3864 5212 ἀρκού·

632 5278 744 5331 que
777 5259 1029 5315 similiter
1066 5256 1413 5328 subjicimus.
1452 5235 1536 5311 Ἁὺ
1558 5256 1787 5310 avaritia
1838 5253 1986 5309 enim
2043 5250 2207 5306 alieni

2317 5271 2484 5327 μενοι
2511 5253 2633 5319 τοῖς
2658 5251 2978 5321 παροῦσιν,
3001 5251 3029 5302 ὁ
3062 5244 3307 5319 βεϐηκὼς
3341 5244 3422 5306 είς
3450 5241 3636 5314 τρίτον
3656 5235 3862 5308 οὐρανὸν,

632 5367 808 5406 mores
857 5351 996 5416 sint,
1031 5349 1379 5420 praesentibus
1430 5349 1659 5403 contenti
1681 5347 1728 5413 ³,
1761 5347 1809 5403 is
1844 5345 1937 5416 qui
1993 5344 2210 5399 tertium

632 5443 833 5499 coelum
872 5442 1212 5507 conscendit,
1241 5448 1294 5495 et
1320 5455 1521 5496 arcana
1550 5440 1713 5495 verba
1741 5438 1973 5502 audivit,
2008 5435 2211 5492 Paulus

632 5535 850 5592 divinus
887 5534 1167 5605 apostolus
1197 5541 1386 5603 aperte
1422 5529 1780 5587 vociferatur.

2321 5347 2414 5400 καὶ
2453 5346 2693 5406 ἀκούσας
2736 5342 2955 5415 ἄρρητα
2986 5340 3230 5412 ῥήματα,
3261 5336 3475 5401 Παῦλος
3515 5335 3544 5388 ό
3589 5333 3723 5393 θεῖος
3760 5329 3865 5381 ἀπέ-

2322 5436 2528 5501 στολος,
2575 5434 2871 5506 διαρρήδην
2905 5432 3022 5503 βοᾷ.

702 5735 888 5795 'Psal.
924 5753 1114 5805 cxvut,
1150 5735 1237 5791 M.
1299 5732 1467 5791 ’ihid.
1500 5730 1621 5788 158.
1686 5728 1858 5787 ‘ibid.
1900 5728 2017 5785 in.
2100 5728 2117 5758 ⁵
2145 5726 2213 5783 De

2335 5741 2406 5789 tv,
2443 5724 2497 5778 2.
2573 5723 2631 5777 °l
2661 5720 2804 5779 Pctr.
2836 5735 2873 5789 I,
2918 5729 2983 5776 12
3020 5718 3066 5767 ι’
3088 5716 3265 5774 Galat.
3304 5731 3347 5781 ι,
3378 5716 3429 5769 8.
3500 5712 3521 5743 ⁸
3546 5710 3700 5768 Ilebr.
3730 5704 3854 5767 sunl

634 5825 753 5875 seq.
