3994 6406
145 398 230 462 £53
956 381 1357 448 SYNTAGMA
1381 377 1527 440 CAN
1543 374 1697 438 ONU

1829 396 1902 410 --
1934 374 2084 434 ΤΙΤ.
2126 372 2174 433 Ι.
2210 371 2367 433 CAP.
2397 370 2482 430 ΙΙ.

3243 365 3351 430 454

146 511 244 564 Ὀτι
268 504 353 561 δεῖ
392 503 496 559 τὸν
519 501 1045 573 χειροτονούμενον
1099 497 1437 573 ἐπίσκοποτς
1461 490 1678 573 ,ἀσφα-

1809 490 1883 558 [ι
1919 488 2072 573 Quod
2120 484 2447 540 ordinandus
2487 482 2757 573 episcopus
2824 488 2967 562 certo
3008 478 3191 561 debeat
3226 496 3354 551 pro-

338 559 808 637 συντᾶὂνοῖεσυαι,
856 559 1287 643 ἰοὺς-κανόνας
1313 559 1640 633 φυλάττειν
1662 574 1678 590 ο

198 653 242 703 εί
263 640 321 700 δὲ
342 644 421 716 μή
457 660 543 713 γε,
575 643 661 713 μὴ
701 640 1188 712 χειροτονεῖσθαι.

201 761 258 831 β’.
272 757 582 827 Ἐπειδήπερ
602 752 894 825 ψάλλοντες
926 742 1330 815 σνντασσόμεθα
1341 737 1685 812 τῷΘεῷ,Ἕν

144 851 245 915 τοῖς
274 845 614 917 δικαιώμασί
658 858 774 897 σου
805 839 1144 912 μελετήσω,
1169 838 1282 890 οὐκ
1316 832 1685 899 ἐπιλήσομαι

142 943 240 1000 τῶν
264 946 449 1011 λόγων
475 955 610 995 σου·
642 938 853 1000 πάντας
880 934 983 1007 μὲν
1012 929 1369 1005 Χριστιανοὺς
1399 924 1558 980 τοῦτο
1585 940 1686 992 φυ-

142 1037 322 1089 λάττειν
340 1032 621 1103 σωτήριον,
641 1032 763 1084 κατ’
784 1028 1062 1099 ἐξαίρετον
1075 1024 1133 1078 δὲ
1147 1022 1271 1085 τοὺς
1286 1021 1383 1092 τὴν
1401 1014 1685 1089 ἱερατικὴν

142 1128 518 1202 ἀμπεχομένους
584 1122 765 1188 ἀξίαν.
823 1119 988 1172 Ὅθεν
1039 1113 1296 1187 ὁρίζομεν
1357 1111 1535 1164 πάντα
1593 1108 1685 1162 τὸν

143 1198 442 1290 προάγεσθαι
467 1214 728 1287 μέλλοντα
758 1212 838 1274 είς
866 1208 958 1263 τὸν
994 1207 1094 1277 τῆς
1127 1200 1434 1271 ἐπισκοπῆς
1469 1198 1683 1270 θρόνον,

142 1314 325 1374 πάντως
348 1308 598 1378 ψαλτῆρα
629 1303 918 1374 γινώσκειν
950 1316 967 1333 ο
1002 1299 1093 1353 ἴνα
1135 1298 1211 1361 ώς
1246 1297 1312 1347 ὲκ
1345 1291 1561 1353 τούτου,
1591 1288 1687 1342 καὶ

144 1406 294 1458 πάντα
354 1404 441 1454 τὸν
510 1399 631 1454 κατ’
699 1396 862 1450 αὐτὸν
942 1393 1183 1464 κλῆρον,
1245 1388 1388 1441 οὕτω
1457 1382 1685 1452 νουθετῇ

145 1493 362 1565 μυεῖσθαι
387 1509 399 1522 ’
432 1486 894 1560 ἀνακρίνεσθαιδὲ
920 1481 1177 1553 ἀσφαλῶς
1213 1478 1318 1532 ὑπὸ
1350 1473 1445 1529 τοῦ
1481 1488 1689 1545 μητρο-

144 1574 327 1639 πολίτου
350 1625 365 1647 ,
414 1583 464 1635 εί
516 1579 813 1653 προθύμως
844 1578 959 1648 ἔχει
989 1570 1411 1642 ἀναγινώσκειν,
1464 1568 1689 1637 ὲρευνη-

143 1679 279 1741 τικῶς
306 1676 392 1730 καὶ
423 1674 481 1727 ού
514 1670 939 1742 παροδευτικῶς,
964 1665 1092 1730 τούς
1119 1681 1180 1719 τε
1208 1663 1389 1735 ἱεροὺς
1427 1657 1688 1721 κανόνας,

142 1772 192 1823 τὸ
234 1770 373 1837 ἆγιον
403 1764 751 1834 Εύαγγέλιον,
782 1763 883 1831 τήν
931 1776 991 1811 τε
1018 1757 1114 1811 τοῦ
1166 1755 1318 1810 θείου
1366 1747 1688 1805 ’Δποστόλου

1857 552 2062 612 initiare
2109 573 2161 609 se
2213 570 2435 609 canones
2475 562 2844 619 servaturum,
2894 552 2975 605 sin
3028 553 3200 604 minus
3252 568 3357 606 non

1857 636 2247 699 promoveatur.

1851 738 1907 793 2.
1947 737 2217 805 Quoniam
2262 733 2559 806 psallentes
2599 730 2711 787 Deo
2759 729 3097 801 spondemus
3128 747 3141 784 :
3172 727 3239 782 In
3260 727 3357 799 ju-

1784 827 2196 899 stiﬁcationibus
2228 827 2333 879 tuis
2362 821 2674 889 meditabor,
2707 838 2809 876 non
2846 820 3129 875 obliviscar
3159 836 3361 873 sermo-

1784 936 1875 975 nes
1932 919 2118 972 tuos”
2149 933 2162 970 :
2196 930 2388 970 omnes
2444 914 2667 984 quidem
2718 910 3066 965 Christianos
3118 909 3360 964 salutare

1784 1022 1869 1067 εει
1894 1010 1997 1065 hoc
2031 1024 2270 1072 servare,
2306 1022 2402 1062 eos
2448 1015 2631 1061 autem
2668 1004 2942 1073 praecipue
2978 1003 3073 1073 qui
3103 1002 3361 1058 sacerdo-

1788 1106 1949 1160 talem
2001 1104 2321 1175 dignitatem
2374 1098 2644 1153 obtinent.
2696 1095 3066 1163 Quamobrem
3114 1095 3361 1149 decerni-

1786 1213 1910 1253 mus
1964 1194 2278 1264 quemlibet,
2330 1191 2424 1262 qui
2474 1189 2542 1244 ad
2587 1187 2949 1258 episcopalem
3001 1186 3229 1256 gradum
3278 1193 3363 1238 est

1785 1288 2186 1361 proveltendus,
2231 1284 2554 1354 psalterium
2605 1280 2829 1335 omnino
2873 1294 3056 1343 nosse,
3094 1286 3155 1331 ut
3202 1292 3270 1331 ex
3297 1293 3362 1330 eo

1787 1396 2006 1437 omnem
2051 1394 2269 1449 quoque
2315 1391 2478 1431 suum
2533 1374 2790 1430 clericum
2842 1371 2917 1425 ita
2966 1369 3183 1426 institui
3238 1383 3363 1423 mo-

1790 1481 1933 1528 neat.
1974 1473 2021 1525 A
2056 1469 2481 1540 metropolitano
2525 1474 2710 1521 autem
2739 1466 2877 1519 bene
2915 1461 3250 1525 examinari,
3290 1476 3361 1514 an

1789 1568 1855 1621 ad
1905 1581 2093 1621 sacros
2137 1577 2376 1619 canones
2424 1560 2734 1630 diligenter,
2774 1573 2839 1613 ac
2878 1572 3005 1612 cum
3050 1565 3364 1627 perscruta-

1791 1659 1976 1724 tione,
2034 1672 2142 1711 non
2210 1664 2395 1710 autem
2458 1654 2636 1709 obiter
2697 1651 3014 1721 cursimque
3066 1647 3360 1718 legendos,

1791 1760 2042 1820 prompto
2094 1757 2397 1818 paratoque
2456 1747 2529 1802 sit
2581 1746 2787 1810 animo,
2828 1753 2883 1799 et
2933 1756 3151 1798 sacrum
3198 1740 3363 1795 etiam

146 1859 322 1931 βίόλον,
351 1858 442 1911 καὶ⁵
487 1858 670 1910 πᾶσαν
713 1854 813 1924 τὴν
839 1851 992 1905 θείαν
1023 1847 1281 1918 Γραφήν·
1324 1843 1421 1898 καὶ
1449 1839 1594 1895 κατὰ
1619 1838 1690 1891 τὰ

1809 1841 2172 1911 Ξνιιηεειίυιιι,
2203 1849 2258 1895 et
2285 1840 2487 1894 librum
2521 1837 2693 1893 divini
2732 1837 3006 1907 Apostoli,
3034 1847 3365 1903 omnemque

144 1930 240 2004 θεῖα
278 1949 580 2019 ἐντάλματα
635 1942 1095 2014 ἀναστρέφεσθαι,
1142 1938 1235 1991 καὶ
1271 1935 1546 1989 διδάσκειν
1592 1930 1683 1983 τὸν

144 2046 241 2097 κατ’
264 2043 415 2097 αὐτὸν
442 2033 592 2095 λαόν.
623 2041 795 2093 Οὐσία
822 2037 932 2106 γὰρ
953 2034 1054 2105 τῆς
1086 2030 1211 2086 καθ’
1230 2029 1376 2100 ἡμᾶς
1402 2024 1685 2097 ίεραρχίας

143 2138 238 2191 ἐστὶ
285 2137 347 2190 τὰ
395 2132 770 2203 Θεοπαράδοτα
832 2129 1010 2195 λόγια,
1073 2125 1243 2196 ἧγουν
1292 2122 1326 2192 ἡ
1376 2118 1486 2171 τῶν
1524 2117 1685 2169 θείων

142 2228 339 2298 Γραφῶν
360 2225 587 2298 ἀληθινὴ
626 2222 930 2291 ἐπιστήμη,
969 2215 1152 2278 καθὼς
1186 2215 1215 2266 ὁ
1266 2212 1439 2283 μέγας
1468 2207 1688 2298 ἀπεφή-

144 2296 551 2379 νατοΔιονύσιος.
583 2316 647 2368 El
677 2312 733 2367 δὲ
766 2306 1141 2381 ἁμφισδητοίη
1171 2303 1268 2357 καὶ
1295 2300 1373 2372 μὴ
1401 2296 1687 2368 ἀσμενίζοι

144 2411 261 2465 οὓτω
295 2413 457 2463 ποιεῖν
511 2424 575 2461 τε
630 2409 723 2458 καί
767 2401 1061 2460 διδάσκειν,
1098 2393 1173 2466 μὴ
1214 2386 1644 2464 χειροτονεῖσθαι
1672 2397 1688 2415 ο

146 2505 230 2574 ἔφη
252 2504 350 2574 γὰρ
378 2497 734 2573 προφητικῶς
754 2498 782 2549 ὁ
801 2492 934 2555 Θεός
961 2506 975 2520 ’
1006 2488 1089 2543 Σὺ
1105 2487 1432 2555 ἐπίγνωσιν
1450 2478 1690 2543 ἀπώσω,

148 2595 280 2663 κάγὼ
307 2590 617 2661 ἀπώσομαι
660 2603 737 2643 σε
767 2583 872 2640 τοῦ
888 2581 974 2655 μὴ
1000 2577 1329 2650 ίερατεύειν
1346 2589 1472 2645 μοι.

206 2821 422 2878 Canones
470 2821 526 2876 hi
557 2819 662 2873 duo
700 2819 755 2872 in
804 2813 1044 2884 margine
1087 2810 1282 2875 adiecti

1789 1936 2030 1991 divinam
2078 1933 2443 2003 Scripturam,
2474 1938 2529 1985 et
2570 1931 2626 1985 in
2657 1930 2859 1985 divinis
2906 1927 3193 2001 praeceptis
3235 1940 3364 1979 ver-

1791 2028 1924 2091 sari,
1984 2035 2041 2081 et
2109 2025 2373 2096 p0pulum
2428 2037 2593 2078 suum
2664 2023 2882 2077 docere.
2944 2020 3157 2075 Nostrae
3215 2017 3365 2071 enim

1794 2119 2123 2175 ltierarchiae
2166 2118 2473 2172 substantia
2512 2123 2643 2170 sunt
2685 2116 2899 2185 eloquia
2949 2112 3213 2167 divinitus
3263 2120 3368 2163 tra-

1792 2215 1924 2280 dita,
1950 2213 2259 2276 divinarum
2287 2210 2497 2265 scilicet
2520 2207 2933 2277 Scripturarum
2958 2219 3082 2259 vera
3112 2204 3365 2265 scientia,

1794 2305 1940 2361 sicut
1979 2317 2212 2372 magnus
2256 2303 2333 2355 ait
2363 2299 2660 2369 Dionysius
2684 2297 2750 2351 ”.
2789 2295 2846 2350 Si
2878 2300 3004 2365 quis
3052 2306 3232 2348 autem
3262 2293 3368 2346 du-

1793 2398 1918 2453 bius
1956 2394 2124 2449 animi
2197 2391 2383 2457 fuerit,
2427 2400 2482 2446 et
2525 2405 2637 2445 non
2684 2388 2933 2442 lubenter
2963 2387 3076 2440 haec
3107 2386 3286 2439 facere
3313 2393 3370 2437 et

1793 2491 1992 2543 docere
2039 2484 2296 2547 voluerit,
2350 2497 2461 2536 non
2509 2481 2817 2535 ordinetur.
2861 2477 3184 2547 Propltetice
3220 2477 3367 2529 enim

1792 2582 1927 2639 dicit
1959 2580 2104 2635 Deus
2134 2594 2150 2631 :
2185 2575 2265 2631 Tu
2306 2573 2547 2644 repulisti
2584 2572 2884 2634 scientiam,
2908 2578 2955 2622 et
2990 2584 3082 2638 ego
3115 2579 3165 2622 te
3197 2568 3368 2636 repel-

1795 2674 1923 2740 lam,
1952 2688 2013 2726 ne
2036 2652 2110 2725 sis
2139 2668 2270 2723 mihi
2302 2664 2549 2722 sacerdos
2574 2664 2641 2717 “.

1307 2814 1458 2863 erant
1487 2821 1520 2858 a
1564 2794 1851 2856 recentiore
1890 2802 2076 2851 manu,
2108 2783 2208 2838 etsi
2247 2781 2309 2835 ob
2342 2788 2612 2833 attonsam
2642 2773 3003 2830 membranam
3031 2773 3370 2840 aliquantum

150 2864 448 2972 mtililijgos
470 2864 1070 2969 nuncvresiituintilse—x
1100 2864 1421 2961 Leunclavia
1444 2898 1563 2954 Jur.
1595 2892 1692 2951 Gr.
1724 2889 1886 2943 Rom.
1922 2878 2186 2937 108-109.
2219 2876 2308 2931 ubi
2348 2875 2522 2944 iacent
2555 2873 2609 2925 in
2636 2884 2851 2939 corpore
2874 2866 3069 2921 decreti
3099 2864 3371 2934 synodalis

153 3011 258 3080 περὶ
283 3010 541 3070 ὲνώσεως.

325 3123 593 3178 Συνόδου
642 3118 745 3189 τῆς
795 3119 1065 3182 ὲνώσεως
1093 3110 1294 3168 κανὼν
1320 3106 1383 3175 δ’,
1417 3106 1485 3172 ξ’.

205 3213 258 3267 δ’.
291 3214 532 3269 ’Δπαντα
554 3213 624 3265 τὰ
673 3212 825 3281 παρὰ
865 3210 963 3280 τὴν
1017 3201 1479 3274 ὲκκλησιαστικὴν
1519 3195 1699 3267 παρά-

151 3304 271 3357 δοσιν
319 3309 407 3360 καὶ
464 3308 567 3378 τὴν
611 3302 964 3358 διδασκαλίαν
1023 3299 1120 3352 καὶ
1192 3293 1540 3350 ὑποτύπωσιν
1588 3289 1698 3342 τῶν

154 3398 295 3466 ἁγίων
324 3401 411 3453 καὶ
464 3398 754 3468 μακαρίων
792 3394 1051 3465 Πατέρων
1094 3385 1557 3458 καινοτομηθέντα
1603 3382 1697 3434 καὶ

154 3488 428 3556 πραχθέντα
475 3486 509 3557 ἢ
572 3485 711 3558 μετὰ
782 3483 943 3538 τοῦτο
1018 3478 1451 3553 πραχθησόμενα
1480 3512 1496 3540 ,
1559 3472 1692 3525 ἀνά·
1718 3502 1763 3564 C

156 3581 291 3652 θεμα.

210 3693 266 3756 ζ’.
291 3695 403 3757 Τοῖς
428 3696 485 3747 ὲν
500 3692 907 3763 καταφρονήσει
928 3687 1232 3752 τιθεμένοις
1255 3683 1381 3746 τοὺς
1405 3679 1583 3753 ἱεροὺς
1606 3676 1701 3731 καὶ

157 3783 305 3848 θείους
334 3787 559 3849 κανόνας
587 3785 695 3839 τῶν
724 3782 1012 3853 μακαρίων
1047 3778 1305 3848 Πατέρων
1336 3772 1492 3844 ἡμῶν
1524 3768 1574 3823 οἳ
1608 3768 1703 3820 καὶ

154 3876 233 3945 τὴν
261 3880 408 3944 ἁγίαν
447 3878 774 3948 Ἐκκλησίαν
799 3873 1162 3947 ὑπερείδουσι,
1190 3870 1283 3922 κοιλ⁵
1310 3865 1440 3936 ὅλην
1453 3862 1547 3935 τὴν
1570 3862 1706 3930 Χρι-

159 3970 407 4041 στιανικὴν
434 3970 713 4023 πολιτείαν
731 3966 1062 4038 κοσμοῦντες
1079 3962 1217 4034 πρὸς
1239 3959 1387 4013 θείαν
1414 3954 1699 4027 ὁδηγοῦσιν

158 4056 425 4125 εὐλάϐειαν,
454 4059 725 4129 ἀνάθεμα.

2158 3060 2377 3119 Concilii
2404 3058 2612 3112 unionis
2635 3070 2863 3109 canones
2893 3054 2947 3118 4,
2975 3053 3028 3106 7.

1868 3159 1924 3215 4.
1960 3159 2314 3224 Quaecunque
2362 3160 2552 3206 contra
2578 3147 2930 3203 traditionem
2962 3143 3242 3206 Ecclesiae,
3274 3142 3377 3196 do-

1798 3253 2033 3307 ctrinam
2074 3256 2131 3302 et
2185 3244 2450 3300 formulas
2496 3252 2814 3297 sanctorum
2853 3253 2917 3292 ac
2958 3238 3242 3292 beatorum
3279 3234 3378 3287 l’a-

1802 3356 1947 3401 trum
1995 3341 2403 3397 innovabantur
2448 3338 2535 3391 vel
2565 3351 2759 3406 reapse
2792 3349 2891 3405 per
2932 3331 3048 3387 sive
3076 3340 3164 3386 est
3207 3330 3377 3383 citum

1799 3438 2077 3494 habebant
2106 3432 2400 3488 anathema
2433 3430 2526 3484 sit.

1870 3644 1925 3696 7.
1949 3640 2278 3708 Quicunque
2311 3649 2498 3691 sacros
2522 3649 2587 3689 ac
2621 3631 2841 3687 diuinos
2867 3642 3108 3684 canones
3138 3643 3166 3682 a
3205 3626 3381 3680 beatis

1804 3734 2059 3792 Patribus
2105 3730 2459 3786 transmissos
2503 3730 3059 3796 spernat,negantcs
3104 3721 3224 3773 illos
3257 3733 3379 3773 esse

1804 3828 1978 3883 fulcra
2009 3833 2209 3880 sancta:
2235 3821 2494 3877 Ecclesiae
2526 3827 2581 3873 et
2617 3818 2786 3873 duces
2837 3813 3272 3870 Christianorum
3312 3809 3381 3863 ad

1811 3921 1906 3976 Dei
1940 3920 2218 3981 timorem,
2255 3913 2549 3969 anathema
2580 3911 2672 3965 sit.

217 4170 293 4225 Ita
319 4171 649 4225 concluditur
668 4169 1024 4239 fragmentum
1052 4182 1085 4218 a
1116 4161 1437 4218 Leunclavio
1469 4158 1571 4214 loc.
1596 4156 1733 4211 dict.
1756 4151 2058 4207 recitatum.
2090 4144 2153 4200 In
2183 4144 2364 4199 codice
2393 4151 2573 4196 autem
2607 4137 2729 4193 Vat.
2758 4137 2996 4207 sequitur
3018 4137 3206 4206 synodi
3229 4140 3379 4192 clau-

159 4267 258 4321 sula
283 4268 475 4320 inedita
508 4279 629 4335 qua:
659 4264 737 4317 ita
768 4278 823 4316 se
861 4261 1036 4314 habet.

212 4381 410 4436 Τούτων
445 4382 624 4445 οὕτως
678 4381 1048 4451 διωρισμένων
1081 4378 1216 4448 πρὸς
1266 4375 1564 4446 ἀσφάλειαν
1603 4372 1704 4441 τῆς

159 4471 291 4540 ἁγίας
337 4473 699 4543 Ἐκκλησίας,
750 4471 845 4524 τοῦ
880 4470 1148 4540 ἀμέτοχον
1198 4464 1337 4520 εἶναι
1388 4466 1450 4519 τὸ
1482 4464 1703 4528 εὐσεϐὲς

158 4563 248 4617 τῶν
288 4563 622 4635 Χριστιανῶν
677 4561 948 4631 πλήρωμα
979 4560 1089 4611 τῶν
1112 4558 1170 4625 ἐξ
1192 4556 1465 4628 ἀθεμίτων
1506 4556 1701 4626 γάμων

162 4657 336 4725 ρύτιων,
364 4659 594 4731 δεόμεθα
621 4660 720 4730 τῆς
754 4659 853 4728 σῆς
881 4654 1236 4726 ἀγαθότητος,
1263 4655 1467 4725 Χριστὲ
1501 4654 1531 4705 ό
1569 4652 1704 4716 Θεὸς

164 4750 312 4819 ἡμῶν,
342 4753 418 4806 ἔτι
451 4754 547 4806 καὶ
572 4750 862 4813 διαπαντὸς
896 4751 1006 4803 πᾶν
1038 4746 1356 4811 σκάνδαλον,
1386 4748 1563 4800 πᾶσαν
1584 4746 1705 4799 δια-

168 4844 403 4913 μερισμοῦ
425 4844 625 4911 αἰτίαν,
642 4842 743 4913 τῆς
769 4842 867 4910 σῆς
897 4840 1203 4907 ἐξελαύνειν
1238 4840 1584 4909 Ἐκκλησίας,
1610 4836 1707 4891 καὶ

168 4938 416 5005 συντηρεῖν
471 4935 612 5004 αὐτῇ
660 4934 762 5003 τὴν
807 4931 1086 5003 είρηναίαν
1150 4931 1515 4995 κατάστασιν,
1570 4947 1703 4999 πρε-

170 5024 342 5089 σόείαις
364 5025 461 5097 τῆς
506 5024 801 5093 Δεσποίνης
857 5024 1014 5095 ἡμῶν
1044 5024 1138 5077 καὶ
1176 5022 1442 5094 ἀχράντου
1472 5021 1714 5092 Μητρὸς,

1881 4361 2095 4430 Quibus
2142 4360 2217 4413 ita
2252 4356 2491 4412 deﬁnitis
2538 4354 2605 4409 ad
2642 4353 2995 4408 securitatem
3043 4361 3247 4409 sanctae
3276 4354 3386 4410 Ec-

1810 4455 2011 4519 clesiae,
2042 4461 2097 4507 et
2143 4458 2205 4505 ut
2236 4449 2451 4521 pietatis
2494 4445 2827 4517 perfectione
2862 4453 3115 4499 arceatur
3145 4447 3381 4515 nequitia

1810 4547 2133 4619 nuptialium
2189 4542 2472 4607 sordium;
2526 4554 2817 4610 precamur
2865 4538 3165 4593 bonitatem
3207 4548 3382 4605 tuam,

1809 4639 2028 4696 Christe
2089 4639 2232 4691 Deus
2280 4643 2486 4697 noster,
2538 4641 2597 4686 ut
2640 4631 2896 4701 deinceps
2941 4645 3104 4686 omne
3156 4648 3386 4702 prorsus

1808 4730 2151 4794 scandalum,
2174 4742 2501 4795 omnemque
2539 4725 3004 4780 dissidiicausam
3041 4725 3110 4779 ab
3140 4724 3384 4781 Ecclesia

1812 4832 1909 4879 tua
1947 4822 2132 4886 tollas,
2169 4830 2226 4874 et
2268 4831 2565 4873 conserves
2615 4816 2690 4869 illi
2722 4816 3004 4886 paciﬁcam
3039 4819 3387 4874 constitutio-

1816 4927 1964 4975 nem,
2000 4910 2366 4965 intercedente
2393 4908 2793 4979 gloriosissima
2819 4907 3052 4964 Domina
3089 4920 3275 4965 nostra
3336 4922 3389 4966 et

1820 5003 2043 5061 sublimi
2072 5001 2243 5057 Matre
2276 5010 2390 5069 tua,
2425 5016 2490 5057 ac
2518 5000 2909 5057 sacratissimis
2937 5002 3224 5072 discipulis
3279 5005 3390 5058 tuis

168 5114 257 5168 τῶν
283 5118 546 5185 πανιέρων
590 5131 684 5168 σου
729 5116 985 5187 μαθητῶν
1025 5117 1119 5168 καὶ
1180 5113 1517 5177 ἀποστόλων,
1541 5112 1608 5166 δι’
1637 5104 1697 5166 ὧι

1815 5106 1869 5152 et
1902 5095 2185 5166 apostolis,
2224 5109 2318 5164 per
2346 5108 2487 5163 quos
2524 5094 2578 5147 in
2628 5095 2777 5148 omni
2808 5102 2958 5149 terra
2999 5110 3192 5163 pacem
3236 5102 3386 5149 tuam

170 5205 216 5259 ἐν
239 5210 375 5280 πάσῃ
420 5212 487 5279 τῇ
527 5211 822 5282 οἰκουμένῃ
854 5209 951 5280 τὴν
983 5207 1080 5278 σὴν
1110 5205 1524 5274 κατεφύτευσας
1560 5205 1713 5276 εἰρή-

1818 5188 2176 5261 implantasti,
2213 5203 2337 5243 cum
2366 5186 2620 5241 omnibus
2654 5188 2862 5243 sanctis
2917 5189 3049 5254 illis,
3099 5190 3154 5244 in
3187 5190 3393 5261 quibus

171 5313 287 5367 νην,
325 5278 415 5354 καὶ
460 5278 697 5354 πάντων⁷
735 5278 821 5364 οἷς
874 5278 934 5365 ἐξ
986 5297 1181 5361 αἰῶνος
1254 5295 1697 5366 εύαρεστούμενος

1820 5297 1852 5337 a
1882 5282 2097 5339 saeculis
2138 5280 2290 5337 visus
2318 5294 2379 5337 es
2415 5278 2513 5334 tibi
2544 5278 2960 5349 complacuisse.
2995 5280 3195 5337 Anien.

173 5386 335 5460 ὤφθης
368 5390 563 5460 ἁγίοις.
596 5392 788 5461 Ἀμήν.

240 5502 300 5556 Ἦ
324 5506 481 5576 τρίτη
502 5503 745 5569 διάταξις
772 5502 865 5555 τοῦ
890 5499 934 5572 β’
967 5501 1147 5555 τίτλου
1177 5500 1288 5554 τῶν
1319 5498 1568 5571 Νεαρῶν,
1591 5500 1717 5564 τοὺς

176 5591 265 5646 τῶν
296 5595 564 5667 τεσσάρων
594 5594 820 5651 συνόδων
852 5591 1079 5654 κανόνας
1100 5590 1241 5651 θέλει
1262 5591 1513 5661 κρατεῖν,
1534 5589 1629 5643 καὶ
1650 5590 1718 5643 τὰ

178 5683 396 5756 δόγματα
434 5685 631 5752 αὐτῶν,
670 5684 746 5747 ῶς
772 5685 870 5747 τὰς
901 5683 1053 5746 θείας
1089 5682 1332 5754 Γραφάς.
1367 5683 1455 5736 Ἐν
1488 5682 1542 5735 δὲ
1574 5682 1649 5753 τῷ
1671 5681 1716 5752 β’

236 5799 273 5828 ⁶“
308 5798 446 5855 Psal.

1899 5500 2113 5557 Teutas.
2145 5500 2481 5557 Constitutio
2508 5499 2563 5565 5,
2600 5500 2685 5555 tit.
2722 5500 2781 5565 2,
2841 5497 3219 5569 Novellarum,
3275 5518 3398 5573 sep-

1828 5606 1935 5652 tem
1975 5593 2333 5650 conciliorum
2387 5606 2648 5657 canones,
2672 5606 2976 5661 eorumque
3023 5592 3242 5662 placita,
3276 5602 3398 5648 tan-

1825 5698 1987 5751 quam
2056 5699 2243 5740 sacras
2292 5680 2605 5751 Scripturas
2655 5680 2771 5738 vult
2830 5681 3030 5735 valere.
3092 5679 3288 5737 Verum
3343 5683 3398 5736 in

537 5802 602 5852 ιι.
630 5798 703 5855 De
738 5798 919 5854 ecclcs.
954 5797 1102 5852 Hier.
1135 5814 1258 5869 cap.
1294 5802 1342 5855 ι.
1423 5796 1626 5856 "Osee
1665 5814 1737 5865 tv,
1775 5801 1825 5854 6.
