3908 6296
568 375 674 440 455

1742 362 2001 432 ΡΗΟΤῘΙ
2041 360 2158 423 PA'l

2268 360 2546 424 ἈΒΟΗᾸΞ
2574 364 2682 427 CP.
3715 382 3802 447 456

570 499 605 551 2
626 498 721 553 lib.
746 493 995 561 Codicis,
1026 495 1111 551 tit.
1135 496 1196 562 3,
1231 493 1451 552 constit.
1489 490 1577 555 u,
1601 496 1655 545 et
1684 487 1741 542 in
1768 502 1783 540 ι
1818 483 1922 539 eti
1945 478 2157 537 consti-

2268 474 2452 546 βιϐλίῳ
2475 476 2571 530 τοῦ
2596 477 2862 547 Κώδικος,
2882 480 2989 537 τίτ.
3011 488 3082 551 γ’,
3114 483 3355 552 διατάξει
3395 485 3455 540 ιδ’
3484 487 3624 559 καὶὴ
3652 499 3696 547 α’
3726 501 3805 550 καὶ

571 592 801 655 tutione,
824 591 910 646 tit.
942 590 994 653 1,
1020 589 1387 651 Novellarum,
1419 584 1617 655 partim
1660 593 1896 634 canones
1921 585 1980 629 ut
2012 574 2157 642 leges

572 686 774 748 valere,
804 682 1002 754 partim
1034 683 1180 752 leges
1241 681 1395 751 sequi
1443 689 1683 733 canones
1737 668 2061 744 [traditur].
2092 666 2158 722 Et

576 778 671 833 lib.
709 779 761 839 1,
795 777 877 832 tit.
907 776 964 844 2,
998 784 1177 831 const.
1211 773 1297 839 12,
1331 768 1695 842 pragmaticas
1750 764 1976 831 formas,
2034 775 2158 833 quae

575 869 886 925 canonibus
909 869 1297 932 adversantur,
1317 864 1501 921 irritas
1530 876 1650 918 esse
1680 857 1901 933 [habet].

652 1043 755 1112 12
786 1042 938 1098 CAP.
969 1040 1059 1095 lll.
1094 1071 1164 1084 —
1201 1039 1357 1105 Quod
1389 1038 1748 1094 ecclesiastica
1799 1033 2151 1095 consuetudo,

576 1136 795 1190 etiamsi
834 1150 938 1189 non
992 1135 1213 1203 scripta,
1265 1133 1438 1186 instar
1485 1132 1613 1202 legis
1661 1130 1919 1185 servanda
1964 1131 2073 1194 sit;
2108 1134 2157 1181 et

577 1228 717 1299 quod
775 1228 989 1281 minime
1056 1241 1262 1282 necesse
1325 1227 1392 1280 sit
1449 1224 1744 1279 Masaicam
1805 1224 1970 1295 legem
2027 1223 2157 1277 reti-

578 1335 719 1374 nere.

832 1409 1053 1467 Concilii
1117 1412 1421 1466 mcumenici
1468 1426 1525 1466 vr
1577 1427 1742 1465 canon
1802 1409 1889 1464 8‘2.

649 1523 742 1579 82.
770 1522 829 1578 In
855 1524 1132 1579 nonnullis
1153 1525 1541 1579 venerabilium
1581 1525 1877 1594 imaginum
1906 1523 2156 1594 picturis,

579 1631 754 1686 agnus
820 1618 912 1686 qui
975 1617 1145 1687 digito
1208 1616 1574 1671 Prtecursoris
1635 1624 1997 1680 monstratur,
2063 1614 2159 1669 de-

578 1707 844 1777 pingitur,
895 1708 988 1776 qui
1044 1708 1111 1761 ad
1161 1708 1349 1777 gratiae
1407 1707 1635 1776 figuram
1688 1718 2004 1776 assumptus
2052 1714 2154 1769 est,

2257 565 2295 631 ὴ
2316 564 2357 617 δ’
2376 564 2619 631 διάταξις
2639 568 2733 619 τοῦ
2763 569 3008 623 α’τίτλου
3037 570 3143 624 τῶν
3176 574 3405 643 Νεαρῶν
3430 591 3445 606 ⁸
3483 577 3559 648 πῆ
3598 579 3709 648 μὲν,
3737 584 3806 639 ὅτι

2256 656 2307 709 οἱ
2337 658 2560 721 κανόνες
2588 658 2664 722 ὡς
2686 660 2840 729 νόμοι
2867 662 3150 733 κρατοῦσι,
3178 665 3347 735 πῆδὲ,
3376 667 3459 720 ὃτι
3487 673 3595 732 τοῖς
3612 674 3807 729 κανόσιν

2257 748 2307 801 οἱ
2336 748 2488 818 νόμοι
2519 750 2875 805 ἀκολουθοῦσι
2904 768 2920 782 ⁶
2949 757 3043 808 καὶ
3075 755 3265 828 βιϐλίῳ
3311 766 3383 825 α’,
3412 759 3575 830 τίτλῳ
3609 760 3671 830 β’,
3707 765 3807 818 δια-

2257 841 2406 906 τάξει
2438 842 2504 912 ιβ¹
2538 843 2619 896 ὅτι
2641 845 2688 897 οἱ
2718 847 2831 908 τοῖς
2868 848 3090 902 κανόσιν
3120 850 3523 923 ἐναντιούμενοι
3576 872 3810 927 πραγμα-

2258 936 2417 999 τικοὶ,
2452 936 2644 1007 ἄκυροι
2666 939 2824 993 είσιν.

2329 1027 2580 1079 ΚΕΦΑΛ.
2606 1029 2754 1081 Γ’.-
2772 1030 2913 1098 Περὶ
2930 1031 3037 1084 τοῦ
3055 1032 3463 1101 φυλάττεσθαι
3484 1033 3549 1086 τὸ
3565 1033 3812 1104 ἄγραφον

2256 1119 2772 1187 ἐκκλησιαστικὸν
2820 1123 2993 1190 ἔθος,
3054 1125 3135 1191 ὡς
3174 1128 3363 1194 νόμον
3392 1140 3408 1156 ο
3443 1126 3540 1179 καὶ
3590 1127 3675 1180 ὅτι
3716 1130 3811 1181 οὐκ

2256 1213 2477 1281 ἔχομεν
2530 1214 2810 1286 ἀνάγκην
2866 1217 3196 1285 φῡλάττειν
3237 1219 3309 1273 τὰ
3354 1218 3460 1273 τοῦ
3512 1223 3812 1277 Μωσαϊκοῦ

2258 1311 2463 1378 νόμου.

2434 1402 2706 1457 Συνόδου
2750 1404 3171 1474 οικουμενικῆς
3204 1412 3257 1471 ς’
3320 1406 3524 1460 κανὼν
3550 1407 3657 1477 πβ⁹.

2327 1516 2425 1587 πβ.
2460 1518 2559 1572 ’Ἑν
2594 1536 2703 1571 τισι
2738 1520 2848 1572 τῶν
2878 1520 3092 1575 σεπτῶν
3121 1522 3346 1577 εἰκόνων
3367 1527 3626 1596 γραφαῖς,
3664 1527 3816 1597 ἀμνῖς

2258 1606 2507 1679 δακτύλῳ
2552 1608 2647 1663 τοῦ
2683 1612 3001 1683 Προδρόμου
3043 1612 3389 1685 δεικνύμενος
3417 1618 3816 1685 ὲγχαράττεται,

2257 1700 2315 1763 ὃς
2346 1702 2425 1765 είς
2452 1702 2621 1755 τύπον
2667 1704 2990 1777 παρελήφθη
3018 1707 3119 1777 τῆς
3168 1709 3389 1779 χάριτος
3409 1749 3423 1773 ,
3459 1709 3550 1761 τὸν
3588 1709 3819 1781 ἀληθινὸν

578 1817 766 1855 verum
801 1800 959 1855 nobis
1023 1816 1223 1871 agnum
1278 1816 1373 1870 per
1416 1800 1588 1871 legem
1648 1800 1930 1854 Christum
1987 1800 2156 1853 Deum

2268 1794 2396 1863 ἡμῖν
2442 1793 2532 1846 διὰ
2582 1795 2748 1865 νόμου
2784 1800 3205 1867 προῦποφαίνων
3234 1800 3445 1870 ἀμνὸν,
3484 1803 3713 1872 Χριστὸν
3740 1804 3820 1856 τὸν

580 1902 831 1948 nostrum
872 1905 1321 1963 praemonstrans.
1360 1894 1627 1963 Antiquas
1680 1908 1810 1962 ergo
1856 1893 2058 1961 ﬁguras
2101 1899 2156 1946 et

2268 1885 2395 1940 Θεὸν
2462 1887 2640 1957 ἡμῶν.
2702 1889 2841 1952 Τοὺς
2884 1889 2976 1944 οῦν
3018 1891 3287 1955 παλαιοὺς
3338 1892 3542 1957 τύπους
3597 1894 3690 1947 καὶ
3734 1897 3819 1959 τὰς

579 1987 825 2053 umbras,
859 1996 920 2041 ut
964 1988 1209 2042 veritatis
1253 1988 1407 2057 signa
1442 1998 1495 2043 et
1525 1988 1869 2041 characteres
1895 1984 2156 2040 Ecclesiae

582 2078 828 2145 traditos,
875 2080 1283 2148 amplectentes,
1335 2083 1566 2149 gratiam
1604 2090 1659 2135 et
1690 2078 1972 2133 veritatem
2019 2093 2158 2149 prte-

581 2170 860 2239 ponimus,
893 2186 1013 2225 eam
1051 2181 1110 2225 ut
1148 2172 1283 2241 legis
1324 2173 1729 2242 impletneutum
1769 2172 2152 2240 suscipientes.

587 2260 653 2314 Ut
686 2277 815 2330 ergo
846 2262 989 2330 quod
1039 2262 1336 2331 perfectum
1369 2273 1472 2328 est,
1524 2263 1605 2316 vel
1656 2262 1903 2317 colorum
1933 2275 2159 2329 expres-

579 2354 830 2409 sionibus
865 2356 1112 2409 omnium
1148 2356 1323 2410 oculis
1359 2356 1708 2425 subjiciatur,
1740 2354 1863 2424 ejus
1891 2354 1986 2424 qui
2020 2353 2158 2408 tollit

581 2457 804 2518 peccata
848 2449 1061 2512 mundi,
1092 2448 1298 2503 Christi
1335 2447 1428 2502 Dei
1479 2448 1653 2502 nostri
1691 2448 1930 2501 humana
1980 2444 2156 2499 forma

580 2542 953 2596 characterem
984 2542 1146 2596 etiam
1193 2543 1244 2595 in
1280 2542 1612 2612 imaginibus
1646 2541 1903 2611 deinceps
1932 2557 2031 2611 pro
2063 2555 2158 2595 ve—

582 2634 683 2687 teri
715 2649 857 2704 agno
890 2635 1025 2704 erigi
1067 2649 1131 2688 ac
1159 2634 1375 2703 depingi
1408 2634 1667 2704 jubemus
1698 2652 1712 2688 :
1753 2643 1812 2688 ut
1838 2648 1931 2703 per
1974 2634 2155 2703 ipsum

582 2723 674 2778 Dei
707 2723 869 2779 Verbi
919 2726 1314 2780 liumiliationis
1367 2726 1744 2779 celsitudinem
1792 2735 1973 2779 mente
2005 2740 2157 2779 com-

582 2817 1005 2886 prehendentes,
1047 2817 1116 2870 ad
1154 2802 1473 2869 memoriam
1507 2832 1724 2885 quoque
1755 2815 1874 2883 ejus
1909 2815 1960 2867 in
1992 2828 2159 2868 carne

581 2909 1038 2973 conversationis,
1072 2908 1303 2978 ejusque
1343 2910 1614 2977 passionis
1644 2918 1697 2961 et
1726 2908 1986 2963 salutaris
2012 2924 2160 2960 mor-

583 3001 656 3056 tis
683 3000 1039 3068 deducantur,
1072 3001 1301 3070 ejusque
1322 3017 1441 3070 quae
1475 3016 1543 3054 ex
1570 3016 1634 3054 eo
1669 3000 1810 3055 facta
1836 3008 1919 3054 est
1950 3000 2157 3054 mundo

584 3092 999 3163 redemptionis.

585 3317 775 3395 δανισιὶ
820 3318 1017 3373 Basilii
1055 3322 1125 3395 ad
1164 3321 1457 3375 Diodorum
1500 3322 1809 3376 Tarsensem
1847 3323 2034 3395 dehis
2066 3325 2157 3395 qui

656 3391 791 3464 duas
831 3408 1037 3445 sorores
1092 3394 1311 3458 ducunt,
1338 3396 1413 3447 vel
1440 3395 1503 3448 de
1526 3396 1635 3447 illis
1660 3412 1776 3464 qua:
1806 3393 2007 3448 duobus
2039 3391 2158 3463 [ru-

657 3461 826 3514 tribus
854 3464 1193 3515 matrimonio
1215 3464 1534 3534 junguntur.

656 3574 937 3629 Venerunt
957 3576 1117 3631 nobis
1139 3576 1332 3632 littera:
1366 3579 1587 3633 nomine
1614 3578 1832 3633 Diodori
1861 3580 2155 3648 inscripta,

581 3676 639 3723 at
668 3669 720 3722 in
750 3669 975 3739 reliquis
1013 3672 1261 3740 quemvis
1292 3673 1459 3726 alium
1487 3674 1670 3742 p0tius
1700 3674 1953 3727 decentes
1992 3687 2156 3741 quam

582 3756 906 3811 Diodorum.
947 3756 1174 3812 Videtur
1215 3762 1360 3814 enim
1396 3768 1612 3815 astutus
1642 3761 1841 3829 aliquis
1866 3775 2157 3830 personam

584 3860 735 3906 tuam
776 3852 877 3921 13
924 3853 1182 3915 induens,
1225 3853 1303 3908 sic
1334 3854 1440 3909 sibi
1488 3855 1729 3909 voluisse
1775 3856 2157 3910 auctoritatem

583 3942 730 4013 apud
762 3944 1040 3998 auditores
1069 3948 1433 4014 :comparare.
1484 3944 1586 4011 Qui
1619 3947 1839 4015 quidem
1877 3948 1945 4002 ab
1977 3948 2160 4017 aliquo

586 4035 980 4104 interrogatus,
1006 4051 1074 4089 an
1105 4036 1209 4091 sibi
1230 4037 1417 4091 liceret
1447 4047 1677 4092 mortua:
1699 4038 1886 4094 uxoris
1915 4053 2159 4094 sororem

587 4126 641 4179 in
678 4127 1090 4181 matrimonium
1124 4128 1346 4193 ducere,
1385 4128 1870 4198 interrogationem
1896 4145 2003 4184 non
2034 4146 2158 4200 per-

586 4217 823 4283 horruit,
846 4219 939 4273 sed
966 4218 1174 4288 placide
1204 4220 1367 4275 etiam
1399 4220 1629 4287 audivit,
1661 4236 1726 4275 ac
1756 4222 2013 4276 laseivam
2043 4223 2136 4277 libi

584 4309 769 4365 dinem
800 4309 1015 4365 fortiter
1045 4327 1270 4381 prorsus
1299 4324 1353 4367 et
1381 4314 1702 4388 pugnaciter
1744 4314 1975 4384 adjuvit.
2006 4314 2163 4381 Quod

587 4405 635 4461 si
678 4404 936 4460 adessent
977 4406 1189 4473 litterae,
1225 4423 1319 4463 eas
1357 4409 1424 4462 ad
1470 4418 1521 4461 te
1570 4409 1867 4474 misissem,
1920 4411 2163 4481 satisque

2266 1978 2447 2044 σκιὰς,
2502 1980 2576 2042 ώς
2611 1980 2711 2051 τῆς
2757 1981 3013 2052 ἀληθείας
3075 1982 3321 2053 σύμϐολα
3363 1992 3424 2037 τε
3476 1986 3573 2038 καὶ
3636 2004 3820 2057 προχα-

2266 2071 2525 2142 ράγματα
2554 2076 2620 2144 τῇ
2660 2072 2954 2146 Ἐκκλησία
2990 2076 3459 2148 παραδεδομένους
3488 2080 3819 2143 κατασπαζό·

2268 2182 2439 2234 μενοι,
2477 2165 2576 2236 τὴν
2612 2168 2771 2237 χάριν
2808 2170 3164 2240 προτιμῶμεν
3192 2173 3288 2224 καὶ
3325 2172 3426 2242 τὴν
3456 2172 3730 2243 ἀλήθειαν,
3759 2174 3823 2237 ὡς

2266 2256 2545 2327 πλήρωμα
2605 2259 2771 2329 νόμου
2815 2261 3019 2332 ταύτην
3066 2262 3480 2335 ὑποδεξάμενοι.
3527 2266 3614 2329 Ὠς
3659 2267 3720 2320 ἂν
3745 2266 3822 2319 οὖν

2263 2349 2471 2404 τέλειον
2500 2353 2601 2406 κάν
2631 2354 2755 2417 ταῖς
2809 2358 3293 2429 χρωματουργίαις
3343 2359 3401 2412 ὲν
3426 2361 3553 2422 ταῖς
3590 2360 3821 2414 ἁπάντων

2264 2439 2451 2508 ὄψεσιν
2484 2442 2887 2513 ὑπογράφηται,
2920 2445 3010 2499 τὸν
3034 2446 3129 2499 τοῦ
3165 2448 3411 2519 αἴροντος
3443 2450 3545 2520 τὴν
3574 2451 3821 2521 ἁμαρτίαν

2264 2532 2356 2585 τοῦ
2388 2534 2594 2605 κόσμου
2640 2537 2815 2605 ἀμνοῦ
2850 2538 3088 2608 Χριστοῦ
3116 2539 3250 2592 Θεοῦ
3277 2540 3434 2612 ήμῶν
3474 2544 3617 2596 κατὰ
3642 2544 3726 2595 τὸν
3746 2546 3820 2596 ἀν·

2266 2626 2538 2697 θρώπινον
2568 2630 2915 2700 χαρακτῆρα,
2962 2633 3057 2685 καὶ
3100 2633 3157 2685 ἐν
3196 2637 3316 2697 ταῖς
3360 2634 3569 2688 είκόσιν
3590 2636 3694 2689 ἀπὸ
3740 2635 3819 2688 τοῦ

2264 2720 2359 2772 νῦν
2392 2720 2514 2773 ἀντί
2550 2721 2642 2773 τοῦ
2680 2722 2913 2776 παλαιοῦ
2948 2724 3143 2795 ἀμνοῦ,
3179 2726 3616 2797 ἀναστηλοῦσθαι
3663 2730 3819 2799 ὁρίζο-

2268 2832 2399 2886 μεν·
2433 2815 2501 2870 δι’
2540 2816 2703 2869 αὐτοῦ
2738 2817 2798 2870 τὸ
2837 2822 2935 2888 τῆς
2977 2820 3361 2885 ταπεινώσεως
3402 2822 3538 2893 ὕψος
3577 2823 3665 2876 τοῦ
3705 2824 3819 2877 Θεοῦ

2263 2909 2439 2978 Λόγου
2472 2910 2884 2974 κατανοοῦντες,
2923 2912 3018 2965 καὶ
3044 2914 3177 2983 πρὸς
3200 2914 3420 2984 μνήμην
3445 2917 3548 2984 τῆς
3580 2915 3819 2987 ὲνσάρκου

2266 3004 2561 3069 πολιτείας,
2612 3003 2705 3056 τοῦ
2760 3022 2822 3057 τε
2855 3005 3060 3071 πάθους
3095 3006 3259 3060 αὑτοῦ
3291 3008 3385 3061 τοῦ
3438 3009 3535 3061 καὶ
3578 3009 3819 3080 σωτηρίου

2266 3095 2498 3150 θανάτου
2548 3098 3073 3168 χειραγωγούμενοι,
3121 3100 3216 3153 καὶ
3252 3102 3353 3172 τῆς
3397 3101 3649 3155 ἐντεῦθεν
3691 3119 3820 3170 γενο-

2187 3191 2232 3252 c
2268 3187 2438 3258 μένης
2462 3187 2538 3257 τῷ
2571 3188 2761 3259 κόσμῳ
2788 3189 3238 3261 ἀπολυτρώσεως.

2266 3300 2377 3354 Τοῦ
2405 3301 2578 3379 ἀγίορ
2601 3305 2926 3379 Βᾳσιλξζου
2967 3306 3120 3373 πρὸς
3152 3307 3444 3379 Διόδωρον
3472 3312 3586 3364 τὸν
3614 3309 3817 3379 Ταρσοῦ

2330 3373 2483 3451 κατά
2506 3372 2623 3425 τῶν
2661 3374 2768 3451 δύο
2789 3372 3059 3447 ἀδελφὰς
3092 3372 3459 3448 γαμούντων,
3487 3382 3531 3450 ἢ
3561 3372 3820 3451 ἀδελφοῖς

2328 3440 2469 3495 δυσὶ
2500 3446 2904 3514 γαμουμένων.

2344 3558 2596 3626 Ἀφίκετο
2632 3563 2763 3631 ἡμῖν
2792 3563 3097 3633 γράμματα
3138 3566 3240 3636 τὴν
3284 3567 3602 3640 ἐπιγραφὴν
3654 3569 3818 3639 ἔχοντα

2260 3652 2550 3723 Διοδώρου,
2592 3656 2659 3708 τὰ
2692 3656 2736 3708 δ’
2763 3658 2961 3729 ἑφεξῆς
2992 3660 3154 3713 ἄλλου
3201 3662 3346 3727 τινὸς
3378 3664 3660 3735 πρέποντα
3700 3662 3818 3718 εἶναι

2265 3746 2487 3816 μᾶλλον,
2528 3750 2561 3821 ἢ
2605 3750 2892 3821 Διοδώρου.
2941 3756 3100 3808 Δοκεῖ
3119 3756 3226 3827 γάρ
3260 3756 3351 3827 μοί
3385 3774 3469 3820 τις
3518 3760 3627 3812 τῶν
3666 3776 3819 3827 τεχνι-

2261 3840 2395 3902 κῶν,
2428 3842 2489 3893 τὺ
2520 3842 2611 3894 σὸν
2654 3845 2946 3914 πρόσωπον
2984 3847 3207 3914 ὑποδὺς,
3254 3848 3429 3913 οὕτως
3461 3850 3655 3904 ἑαυτὸν
3690 3850 3817 3913 d526-

2262 3948 2455 3986 πιστον
2505 3934 2758 4006 ἐθελῆσαι
2810 3939 3037 4009 ποιῆσαι
3069 3944 3181 4004 τοῖς
3225 3941 3605 4011 ἀκροωμένοις
3632 3958 3646 3975 ⁸
3684 3945 3737 4007 ὅς
3763 3959 3815 4011 γε

2262 4027 2560 4098 ἐρωτηθεὶς
2606 4031 2710 4084 ὑπό
2757 4049 2922 4095 τινος,
2961 4035 3010 4086 εί
3042 4033 3262 4103 θεμιτὸν
3297 4036 3462 4090 αὐτὸν
3491 4038 3630 4109 πρὸς
3665 4040 3815 4107 γάμον

2262 4121 2567 4189 ἀγαγέσθαι
2593 4124 2694 4193 τῆς
2726 4126 2985 4199 γυναικὸς
3023 4127 3427 4200 τελευτησάσης
3451 4132 3557 4202 τὴν
3587 4131 3814 4201 ἀδελφὴν,

2262 4214 2362 4268 οὐκ
2389 4214 2575 4286 ἔφριξε
2613 4216 2712 4288 τὴν
2768 4217 3057 4289 ἐρώτησιν,
3090 4221 3225 4274 ἀλλά
3270 4222 3363 4275 καὶ
3418 4225 3613 4294 πράως
3645 4226 3813 4294 ηνεγκε

2262 4308 2362 4379 τὴν
2396 4311 2587 4380 ἀκοὴν,
2644 4313 2740 4365 καὶ
2784 4313 2844 4365 τὸ
2893 4314 3124 4383 ἀσελγὲς
3181 4316 3510 4387 ἐπιθύμημα
3548 4320 3815 4384 πάνυ.γεν-

2263 4401 2430 4463 ναίως
2482 4401 2631 4472 αὐτῷ
2680 4404 2774 4456 καὶ
2835 4405 3210 4470 ἀγωνιστικῶς
3261 4410 3725 4479 συγκατέπραξεν.
3766 4410 3813 4461 El

588 4495 820 4551 haberes
848 4495 1123 4553 facultatis
1152 4510 1205 4553 et
1230 4501 1297 4553 ad
1328 4510 1475 4554 tuam
1497 4510 1550 4554 et
1577 4500 1645 4554 ad
1684 4501 1928 4556 veritatis
1977 4501 2158 4557 defen-

2269 4493 2369 4563 μὲν
2401 4491 2493 4549 οῦν
2524 4498 2703 4567 παρῆν
2738 4514 2827 4567 μοι
2853 4499 2913 4550 τὸ
2945 4500 3200 4570 γράμμα,
3232 4503 3364 4556 αὐτὸ
3414 4504 3479 4557 ἂν
3528 4503 3815 4567 ἀπέστειλα,

586 4588 816 4642 sionem.
851 4585 955 4642 Sed
989 4589 1116 4658 quia
1159 4590 1250 4659 qui
1280 4590 1399 4645 illas
1434 4593 1766 4658 ostenderat,
1795 4608 1988 4648 rursus
2038 4595 2162 4650 abs-

589 4679 735 4742 tulit,
773 4687 828 4734 et
875 4690 1064 4735 contra
1100 4696 1221 4745 nos,
1253 4684 1346 4752 qtti
1383 4683 1435 4737 id
1476 4685 1543 4738 ab
1574 4684 1729 4739 initio
1758 4687 2159 4753 prohibuimus,

587 4770 738 4824 velut
764 4778 1024 4839 tropaeum
1077 4774 1348 4842 quoddam
1404 4774 1757 4841 circumtulit,
1792 4778 2065 4832 licentiam
2101 4794 2160 4835 se

591 4863 790 4918 habere
850 4865 1108 4920 dictitans
1149 4868 1357 4935 scripto
1407 4868 1755 4935 mandatam;
1803 4888 1948 4926 nunc
1987 4872 2052 4926 ad
2110 4882 2163 4929 te

589 4954 807 5024 scripsi,
850 4964 911 5010 ut
936 4956 1141 5026 duplici
1180 4973 1346 5011 manu
1395 4960 1637 5027 spuriam
1684 4961 1831 5015 illam
1872 4965 2161 5032 epistolam

588 5058 1001 5113 oppugnemus;
1048 5060 1149 5100 nec
1176 5045 1482 5115 quidquam
1514 5047 1563 5103 ei
1614 5048 1831 5103 roboris
1880 5049 2161 5118 relinqua-

587 5150 734 5202 mus,
774 5150 842 5190 ne
883 5135 1044 5191 facile
1076 5138 1253 5207 possit
1296 5139 1599 5210 legentibus
1649 5155 1867 5195 nocere.
1916 5140 2161 5196 Primum

588 5228 796 5298 itaque,
849 5232 996 5299 quod
1054 5230 1109 5284 in
1160 5230 1433 5298 ejusmodi
1497 5232 1664 5288 rebus
1725 5235 2023 5289 maximum
2057 5243 2160 5301 est,

590 5335 797 5374 morem
848 5331 1100 5377 nostrum
1145 5323 1383 5393 objicere
1423 5339 1736 5396 possumus,
1774 5335 1835 5381 ut
1880 5327 1989 5380 vim
2028 5327 2164 5398 legis

589 5413 901 5477 habentem,
948 5429 1015 5470 eo
1064 5416 1209 5485 quod
1251 5418 1408 5473 nobis
1454 5433 1485 5473 a
1513 5418 1646 5474 viris
1697 5419 1902 5475 sanctis
1952 5420 2164 5475 traditae

589 5507 698 5560 sint
727 5507 947 5577 regulae.
984 5508 1099 5564 Mos
1121 5520 1301 5564 autem
1335 5511 1423 5565 ille
1439 5520 1522 5567 est
1550 5512 1844 5580 ejusmodi,
1873 5522 1930 5567 ut
1961 5514 2007 5567 si
2038 5514 2162 5584 quis

589 5596 918 5665 impuritatis
949 5599 1083 5655 vitio
1123 5600 1417 5669 aliquando
1448 5602 1628 5658 victus
1663 5604 1716 5656 in
1751 5604 1996 5659 illicitam
2027 5606 2165 5660 dua-

589 5703 708 5741 rum
768 5704 1020 5746 sororum
1084 5695 1527 5763 conjunctionem
1577 5695 1853 5763 inciderit,
1904 5713 2081 5767 neque
2110 5698 2162 5753 id

586 5780 995 5841 matrimonium
1016 5785 1559 5859 existimetur,nequc
1576 5789 1801 5846 omnino
1824 5790 1879 5845 in
1909 5788 2163 5850 Ecclesia:

2268 4589 2362 4641 καὶ
2390 4588 2645 4660 ἐξήρκεις
2674 4592 2739 4645 ἀν
2780 4593 2963 4663 σαυτῷ
2991 4612 3051 4647 τε
3081 4595 3285 4665 ἀμῦναι
3331 4598 3426 4651 καὶ
3469 4602 3537 4669 τῇ
3592 4596 3813 4668 ἀληθείᾳ.

2276 4680 2427 4734 Ἐπεὶ
2474 4680 2531 4734 δὲ
2578 4684 2607 4735 ὁ
2657 4684 2839 4749 δείξας
2892 4685 3051 4739 πάλιν
3100 4687 3370 4757 ἀφείλετο,
3422 4692 3517 4744 καὶ
3558 4690 3735 4759 ῶσπερ
3771 4705 3814 4740 τι

2261 4776 2520 4843 τρόπαιον
2555 4775 2676 4830 καθ’
2733 4778 2891 4848 ἡμῶν
2946 4780 3238 4851 περιέφερε
3281 4781 3667 4835 κεκωλυκότων
3687 4779 3741 4831 τὸ
3768 4777 3814 4841 ἐξ

2262 4866 2436 4937 ἀρχῆς
2445 4908 2459 4931 ο
2479 4867 2756 4939 ἔγγραφον
2778 4868 2923 4938 ἔχειν
2946 4870 3117 4937 λέγων
3142 4874 3240 4941 τὴν
3261 4872 3531 4937 ἐξουσίαν,
3558 4870 3815 4925 ἐπέστειλα

2258 4957 2358 5021 ,νῦν
2395 4975 2497 5011 σοι.
2536 4959 2695 5012 Ὥστε
2739 4960 2898 5031 διπλῇ
2928 4963 2994 5031 τῇ
3035 4963 3178 5031 χειρὶ
3210 4964 3355 5031 ἡμᾶς
3395 4964 3574 5015 ἐλθεῖν
3609 4964 3694 5015 ἐπὶ
3739 4962 3813 5013 τὸν

2262 5047 2639 5103 νῦθονὲκεῖνον
2668 5050 2843 5120 λόγον,
2881 5052 2973 5104 καὶ
3010 5052 3283 5122 μηδεμίαν
3313 5053 3461 5124 αὐτῷ
3498 5056 3648 5124 ἰσχὺν
3678 5068 3817 5106 κατα-

2260 5138 2439 5194 λιπεῖν
2470 5158 2484 5174 ·
2519 5143 2606 5196 ἵνα
2634 5144 2709 5213 μὴ
2752 5144 2848 5217 ἔχῃ
2892 5144 3151 5214 βλάπτειν
3180 5146 3381 5216 ῥᾳδίως
3410 5146 3537 5209 τοὺς
3584 5143 3816 5213 ἐντυγχά-

2262 5250 2453 5299 νοντας
2473 5249 2487 5263 ⁵
2522 5235 2737 5304 πρῶτον
2766 5237 2866 5306 μὲν
2895 5236 2988 5291 οὖν
3018 5238 3046 5291 ὃ
3069 5239 3324 5308 μέγιστον
3356 5239 3449 5291 ἐπὶ
3470 5236 3815 5291 τῶντοιούτων

2264 5327 2404 5391 ἐστὶ,
2445 5326 2505 5379 τὸ
2537 5329 2668 5398 παρ’
2703 5330 2832 5399 ἡμῖν
2857 5328 2978 5393 ἔθος
3007 5329 3036 5382 ὃ
3074 5330 3271 5399 ἔχομεν
3299 5331 3645 5399 προϐάλλειν,
3673 5327 3814 5395 νόμου

2262 5418 2492 5487 δύναμιν
2518 5417 2660 5487 ἕχον,
2691 5419 2777 5472 διά
2809 5420 2869 5474 τὸ
2901 5422 2989 5491 ὑφ’
3012 5424 3183 5490 ἁγίων
3212 5422 3420 5491 ἀνδρῶν
3452 5423 3578 5483 τοὺς
3609 5418 3816 5489 θεσμοὺς

2264 5512 2396 5581 ἡμῖν
2432 5512 2821 5583 παραδοθῆναι.
2861 5513 3031 5567 Τοῦτο
3061 5514 3118 5567 δὲ
3152 5513 3395 5568 τοιοῦτόν
3433 5516 3601 5577 ἐστιν,
3633 5513 3719 5563 ἐάν
3746 5523 3816 5568 τις

2264 5606 2427 5660 πάθει
2453 5606 2799 5679 ἀκαθαρσίας
2823 5607 2952 5659 ποτὲ
2988 5607 3279 5679 κρατηθεὶς
3306 5606 3509 5676 ἐκπέσῃ
3540 5605 3672 5671 πρὸς
3695 5601 3815 5653 δυοῖν

2263 5697 2509 5767 ἀδελφῶν
2544 5698 2779 5767 ἄθεσμον
2832 5700 3155 5767 κοινωνίαν,
3193 5700 3330 5770 μήτε
3379 5698 3554 5769 γάμον
3592 5692 3815 5765 ἡγεῖσθαι

2262 5788 2440 5859 τοῦτο,
2469 5790 2596 5861 μήθ’
2623 5791 2759 5854 ὅλως
2797 5792 2876 5856 είς
2918 5791 3242 5860 Ἐκκλησίας
3290 5791 3561 5857 πλήρωμα
3606 5785 3815 5852 παραδέ-
