3994 6402
96 396 176 458 ιδτ

914 386 1312 446 SYNTAGMA
1353 384 1742 446 CANONUM.
1779 409 1848 417 -
1880 385 2028 445 TlT.
2069 384 2117 456 I,
2155 384 2312 442 CAP.
2356 383 2470 443 IlI.

3170 381 3279 444 458

95 505 245 577 χεσθαι
272 499 554 570 πρότερον
605 498 638 569 ἢ
673 495 920 552 διαλῦσαι
959 499 1155 561 αὐτοὺς
1205 499 1298 552 ἀπ’
1340 497 1606 567 ἀλλήλων,

1721 506 1914 552 ccetum
1953 495 2340 556 admittantur,
2382 494 2698 564 priusquam
2732 504 2758 542 a
2789 504 2848 545 se
2874 490 3103 545 invicem
3141 490 3276 544 diri-

93 595 199 646 ὥστε
225 593 270 643 εἰ
291 591 379 643 καὶ
406 587 567 658 μηδὲν
587 586 772 657 ἕτερον
802 589 978 640 εἰπεῖν
1013 585 1102 658 ἦν,
1143 587 1368 658 ἐξήρκει
1399 587 1460 640 τὸ
1486 587 1607 650 ἔθος

92 686 196 754 πρὸς
222 682 308 752 τὴν
346 679 436 732 τοῦ
489 679 664 733 κακοῦ
699 680 965 750 φυλακήν.
1010 681 1163 734 Ἐπεὶ
1193 681 1250 734 δὲ
1287 683 1314 734 ό
1346 681 1446 751 τὴν
1481 681 1606 734 ἐπι-

92 774 241 845 στολὴν
260 773 486 843 γράψας,
517 773 909 842 ἐπιχειρήματι
931 772 1164 843 κιϐδήλῳ
1173 773 1342 826 κακὸν
1357 772 1610 826 τοσοῦτον

90 863 306 936 ἐπειράθη
333 863 405 933 τῷ
424 862 870 934 βίῳὲπαγαγεῖν,
901 864 1111 936 ἀνάγκη
1153 865 1288 935 μηδὲ
1329 868 1476 936 ἡμᾶς
1513 867 1611 938 τῆς

89 961 136 1011 ὲκ
154 960 244 1010 τῶν
259 955 524 1026 λογισμῶν
563 955 814 1027 βοηθείας
843 956 1094 1025 ὑφέσθαι.
1134 957 1242 1012 Καί
1283 960 1369 1011 τοί
1399 975 1465 1028 γε
1514 959 1610 1012 ἐπὶ

88 1051 169 1102 τῶν
191 1049 374 1120 σφόδρα
410 1048 672 1119 ἐναργῶν,
703 1048 903 1120 μείζων
931 1049 1052 1102 ἐστὶ
1079 1049 1172 1102 τοῦ
1205 1049 1364 1118 λόγου
1393 1052 1427 1121 ἡ
1479 1050 1609 1120 παρ’

87 1144 259 1211 ἑκάστῳ
347 1142 636 1211 πρόληψις.
711 1143 1064 1213 Γέγραπται,
1115 1144 1318 1214 φησὶν,
1403 1146 1462 1198 ὲν
1531 1143 1610 1215 τῷ

88 1232 312 1301 Λευῖτικῷ
336 1250 350 1264 ⁸
381 1233 649 1286 Γυναῖκα
688 1233 782 1286 ἐπ’
812 1233 1049 1304 ἀδελφῇ
1080 1234 1270 1303 αὐτῆς
1302 1236 1374 1290 οὐ
1399 1235 1606 1304 λήψῃ·

85 1322 350 1389 ἀντίζηλον
376 1323 764 1393 ἀποκαλύψαι
790 1325 906 1394 τὴν
942 1327 1388 1396 ἀσχημοσύνην
1419 1327 1611 1396 αὐτῆς

84 1413 329 1481 ἐειάῠτῇ,
368 1414 455 1468 ἔτι
501 1415 692 1484 ζώσης
742 1415 948 1484 αὐτῆς.
983 1419 1156 1488 Δῆλον
1197 1419 1254 1472 δὲ
1297 1421 1364 1474 ὲκ
1417 1419 1610 1473 τούτου

85 1501 193 1558 εἶναι
222 1507 392 1575 φησὶν,
446 1508 528 1560 ὅτι
573 1510 938 1578 συγχωρεῖται
1000 1508 1301 1586 λαμϐάνειν
1351 1510 1610 1580 τελευτη-

88 1600 241 1668 σάσης.
276 1600 412 1670 Πρὸς
441 1600 506 1669 δὴ
547 1599 709 1654 τοῦτο
738 1601 952 1670 πρῶτον
999 1602 1098 1673 μὲν
1132 1605 1308 1656 ἐκεῖνο
1346 1604 1480 1674 ἐρῶ,
1527 1603 1610 1657 ὅτι

87 1691 163 1744 ὅσα
187 1691 210 1742 ὁ
234 1689 380 1759 νόμος
407 1691 576 1760 λέγει,
604 1695 716 1754 τοῖς
737 1695 796 1745 ὲν
815 1692 892 1762 τῷ
912 1693 1062 1763 νόμῳ
1087 1692 1236 1761 λέγει
1269 1709 1284 1723 ·
1319 1695 1439 1747 ἐπεὶ
1468 1693 1610 1748 οὕτω

86 1796 135 1845 γε
157 1781 233 1832 καὶ
260 1784 514 1853 περιτομῇ
548 1783 643 1837 καὶ⁵
678 1783 934 1854 σαϐϐάτῳ
963 1785 1058 1836 καὶ
1092 1785 1270 1855 ἀποχῇ
1306 1784 1610 1855 βρωμάτων

88 1871 454 1942 ύποκεισόμεθα.
491 1872 570 1926 Οὐ
600 1873 708 1944 γάρ
739 1874 804 1944 δὴ
835 1875 930 1927 ἐὰν
975 1875 1074 1946 μέν
1097 1893 1151 1928 τι
1200 1875 1450 1947 εὕρωμεν
1483 1893 1610 1930 συν-

87 1964 239 2033 τρέχον
262 1964 408 2034 ἡμῶν
438 1969 562 2028 ταῖς
590 1967 822 2035 ἡδοναῖς,
854 1968 931 2036 τῷ
953 1967 1102 2038 ζυγῷ
1123 1969 1224 2038 τῆς
1251 1969 1494 2034 δουλείας
1517 1971 1610 2024 τοῦ

89 2055 220 2124 νόμον
244 2055 450 2120 ἑαυτοὺς
489 2057 852 2129 ὑποθήσομεν.
901 2060 1027 2112 Ἐάν
1073 2060 1130 2112 δέ
1186 2078 1240 2112 τι
1290 2064 1432 2132 φανῇ
1472 2061 1610 2132 βαρὺ

88 2147 170 2199 τῶν
191 2147 430 2216 νομίμων,
471 2149 598 2202 τότε
638 2150 773 2220 πρὸς
802 2150 899 2220 τὴν
929 2154 986 2204 ὲν
1037 2152 1257 2222 Χριστῷ
1302 2153 1613 2226 ἐλευθερίαν

87 2239 518 2310 ἐποδραμούμεθα.
587 2243 983 2314 Ἦρωτήθημεν
1019 2246 1068 2296 εἰ
1109 2246 1422 2316 γέγραπται
1467 2244 1611 2316 λαμ-

90 2332 234 2384 ίάνειν
259 2334 482 2398 γυναῖκα
507 2335 596 2386 ἐπ’
627 2334 831 2406 ἀδελφῇ
859 2352 871 2363 ·
905 2336 1133 2405 εἴπομεν
1181 2337 1322 2408 ὅπερ
1374 2337 1614 2406 ἀσφαλὲς

90 2424 191 2489 ἡμῖν
203 2423 285 2476 καὶ
307 2424 519 2494 ἀληθὲς,
556 2426 638 2479 ὅτι
665 2427 728 2479 οὐ
763 2427 1096 2497 γέγραπται.
1125 2427 1197 2481 Τὸ
1225 2429 1282 2481 δὲ
1307 2430 1372 2481 ὲκ
1396 2429 1498 2497 τῆς
1519 2427 1615 2480 τοῦ

91 2513 332 2567 ἀκολούθου
383 2516 660 2586 ἐπιφορᾶς
711 2519 772 2571 τὸ
831 2521 1108 2591 σιωπηθὲν
1183 2520 1612 2589 συλλογίζεσθαι,

92 2603 446 2671 νομοθετοῦντος
509 2609 686 2671 ἐστὶν,
741 2608 802 2660 οὐ
852 2609 923 2664 τά
953 2610 1048 2663 τοῦ
1099 2610 1268 2681 νόμου
1323 2609 1611 2679 λέγοντος·

92 2697 354 2761 ὲπεὶοῦτως
385 2718 447 2766 γε
478 2700 700 2765 ἐξέσται
734 2702 812 2773 τῷ
842 2704 1149 2776 βουλομένῳ
1182 2706 1614 2776 κατατολμῆσαι,

93 2789 165 2840 καὶ
186 2789 250 2842 ἔτι
271 2791 439 2862 ζώσης
463 2795 567 2863 τῆς
592 2796 868 2862 γυναικὸς,
897 2797 1192 2866 λαμϐάνειν
1222 2797 1320 2869 τὴν
1358 2799 1614 2869 ἀδελφήν.

94 2879 149 2931 Τὸ
169 2883 257 2952 γὰρ
278 2884 399 2937 αὐτὸ
419 2875 584 2939 τοῦτο
610 2887 869 2958 σόφισμα,
898 2891 991 2942 καὶ
1019 2890 1106 2942 ἐπ’
1137 2891 1346 2942 ἐκείνου
1367 2890 1614 2961 ἁρμόζει.

97 2972 350 3043 Γέγραπται
404 2978 535 3048 γὰρ,
580 2980 764 3050 φησὶν,
807 2983 889 3034 Οὐ
913 2981 1084 3050 λήψῃ
1130 2981 1447 3049 ἀντίζηλον
1481 3000 1494 3013 ·
1543 2983 1619 3046 ὡς

95 3064 169 3132 τήν
189 3082 241 3131 γε
261 3067 355 3133 ἔξω
380 3069 470 3122 τοῦ
498 3070 690 3140 ζήλου,
747 3071 936 3124 λαϐεῖν
989 3074 1092 3126 οὐκ
1147 3072 1382 3127 ἐκώλυεν
1412 3091 1426 3103 θ
1473 3076 1500 3126 ό
1553 3075 1617 3142 δὴ

1715 598 1956 644 mantur.
1984 587 2165 654 Quare
2191 587 2406 642 etiamsi
2437 584 2568 639 nihil
2599 583 2745 637 aliud
2776 581 2882 636 dici
2917 591 3120 652 posset,
3146 581 3278 636 satis

1711 691 1858 736 esset
1887 680 2002 750 ipsa
2025 679 2364 734 consuetudo
2393 677 2462 732 ad
2493 675 2621 732 boni
2655 674 2978 729 custodiam.
3015 671 3119 728 Sed
3151 673 3280 742 quia

1711 772 1804 842 qui
1831 771 1973 825 hanc
2014 769 2232 840 scripsit
2262 768 2570 838 epistolam,
2626 764 2930 820 adulterino
2961 770 3281 831 argumento

1713 865 1918 918 malum
1952 872 2161 917 tantum
2196 870 2426 916 conatus
2457 867 2541 915 est
2573 859 2627 913 in
2660 871 2839 912 mores
2878 855 3160 910 hominum
3194 855 3280 908 in-

1712 957 1934 1017 ducere,
1980 968 2203 1009 necesse
2240 962 2343 1016 est,
2396 960 2460 1006 ut
2503 965 2607 1006 nec
2641 947 3119 1004 ratiocinationum
3147 946 3279 1002 sub-

1712 1047 1913 1103 sidium
1954 1045 2289 1109 omittamus,
2314 1057 2651 1112 quanquam,
2685 1041 2740 1094 in
2771 1040 2934 1095 rebus
2964 1039 3120 1094 valde
3151 1052 3282 1093 con-

1713 1138 1936 1208 spicuis,
1978 1135 2453 1206 argumentatione
2505 1134 2683 1204 potior
2715 1140 2804 1188 est
2849 1131 3284 1200 uniuscujusque

1713 1232 1998 1302 praenotio.
2026 1229 2298 1298 Scriptum
2322 1238 2425 1291 est,
2445 1226 2640 1296 inquit,
2669 1225 2720 1279 in
2748 1223 3021 1302 Levitico:
3053 1221 3282 1276 Uxorem

1712 1342 1870 1392 super
1899 1339 2078 1378 sorore
2105 1322 2241 1390 ejus.
2260 1337 2362 1374 non
2401 1319 2624 1389 accipies
2648 1301 2916 1381 cumulata,
2944 1316 3013 1368 ad
3047 1314 3283 1368 revelan-

1717 1418 1837 1472 dam
1890 1414 2270 1486 turpitudinem
2318 1411 2431 1480 ejus
2479 1425 2632 1478 super
2688 1424 2826 1470 eam,
2869 1407 3042 1460 adhuc
3088 1406 3283 1459 vivente

1712 1525 1774 1563 ea
1798 1508 1864 1562 ".
1902 1507 2030 1562 Inde
2056 1505 2221 1576 igitur
2249 1501 2598 1558 manifestum
2630 1514 2748 1555 esse
2779 1498 2909 1552 dicit
2943 1505 3170 1551 mortuae
3198 1509 3285 1549 so-

1711 1613 1892 1653 rorem
1925 1597 2168 1666 accipere
2199 1595 2381 1650 licere.
2419 1591 2523 1663 14
2550 1592 2628 1645 Ad
2660 1592 2764 1646 hoc
2790 1591 3028 1659 primum
3063 1586 3283 1656 quidem

1712 1691 1913 1758 dicam,
1962 1702 2302 1759 quaecunque
2339 1687 2423 1740 lex
2461 1684 2620 1747 dicit,
2656 1682 2723 1737 iis
2756 1681 2852 1750 qui
2906 1681 2959 1734 in
3003 1679 3120 1747 lege
3157 1684 3286 1733 sunt

1714 1785 1938 1849 dicere;
1975 1780 2197 1850 alioqui
2235 1779 2318 1834 sic
2359 1788 2412 1832 et
2441 1773 2844 1832 circumcisioni
2886 1781 2939 1826 et
2969 1771 3208 1826 Sabbato
3233 1777 3288 1823 et

1713 1876 2053 1932 abstinentiae
2104 1874 2347 1929 ciborum
2393 1851 2765 1940 subjicie'mur.
2816 1864 2998 1934 Neque
3035 1863 3181 1918 enim
3238 1861 3286 1916 si

1712 1968 1843 2039 quid
1899 1967 2241 2021 inveniamus
2287 1962 2596 2034 appositum
2645 1957 2862 2014 nostris
2891 1955 3282 2026 voluptatibus.

1710 2061 1845 2132 jugo
1874 2059 2153 2116 servitutis
2205 2057 2340 2127 legis
2369 2071 2472 2110 nos
2503 2054 2607 2124 ipsi
2641 2051 2996 2119 subjiciemus
3025 2067 3036 2102 :
3067 2048 3113 2104 si
3154 2046 3286 2118 quid

1716 2159 1898 2205 autem
1925 2149 2102 2204 visum
2135 2146 2298 2201 fuerit
2327 2159 2489 2215 grave
2537 2144 2591 2197 in
2632 2139 2918 2212 legalibus,
2960 2148 3089 2192 tunc
3121 2136 3186 2188 ad
3222 2135 3286 2187 li-

1717 2243 2003 2304 bertatem,
2028 2254 2148 2308 quae
2184 2239 2238 2291 in
2267 2235 2488 2291 Christo
2529 2242 2632 2298 est,
2673 2229 3071 2300 conl‘ugiemus.
3113 2227 3287 2281 Inter-

1717 2334 1891 2406 rogati
1937 2347 2126 2387 sumus
2169 2345 2236 2384 an
2286 2329 2547 2397 scriptum
2585 2327 2676 2388 sit,
2719 2333 2779 2379 ut
2819 2321 3121 2392 accipiatur
3149 2332 3288 2372 uxor

1717 2438 1843 2498 post
1878 2425 2051 2496 ipsius
2093 2436 2358 2478 sororem.
2409 2419 2671 2480 Dicimus,
2723 2413 2868 2486 quod
2901 2423 3076 2468 tutum
3127 2409 3286 2464 nobis

1717 2526 1800 2572 est
1833 2525 1886 2570 et
1911 2530 2122 2578 verum,
2165 2513 2267 2567 hoc
2300 2509 2563 2580 scriptum
2591 2522 2697 2561 non
2742 2521 2881 2561 esse.
2913 2503 3067 2569 Quod
3104 2509 3286 2555 autem

1718 2611 1938 2665 silentio
1998 2607 2425 2679 praetermissum
2471 2611 2576 2663 est,
2633 2600 2688 2654 id
2739 2615 2834 2670 per
2887 2594 3287 2652 consecutionis

1721 2703 2019 2757 illationem
2082 2697 2356 2765 colligere,
2416 2691 2744 2764 legislatoris
2801 2698 2905 2754 est,
2956 2702 3067 2742 non
3113 2685 3284 2751 legem

1721 2791 2043 2857 recitantis;
2088 2788 2352 2858 siquidem
2388 2785 2488 2839 hoc
2523 2793 2684 2854 pacto
2712 2779 2897 2836 licebit
2923 2777 3122 2832 volenti
3152 2772 3288 2827 faci-

1719 2903 1824 2942 nus
1853 2883 2096 2956 aggredi,
2148 2882 2310 2936 etiam
2347 2879 2526 2934 adhuc
2557 2875 2788 2930 viventis
2820 2871 3011 2926 uxoris
3039 2867 3289 2938 accipere

1719 2993 1984 3035 sororem.
2015 2975 2147 3029 Nam
2180 2973 2359 3043 ipsum
2399 2969 2530 3024 illud
2561 2967 2841 3037 sophisma
2867 2963 3034 3018 etiam
3068 2959 3135 3015 ad
3165 2973 3284 3013 eam

1719 3088 1833 3128 rem
1874 3069 2177 3140 appositum
2217 3075 2319 3121 est.
2353 3063 2627 3132 Scriptum
2651 3067 2755 3126 est,
2784 3056 2984 3127 inquit,
3021 3051 3145 3106 Non
3193 3067 3286 3104 ac-

96 3161 358 3250 συνηγορῶν
380 3161 454 3231 τῷ
475 3163 670 3227 πάθει,
698 3163 1039 3233 ἀζηλότυπον
1077 3161 1216 3218 εἶναι
1252 3166 1533 3237 διοριεῖται
1561 3167 1621 3219 τὸ

1726 3165 1882 3235 cipias
1915 3161 2162 3217 wmulam
2183 3175 2205 3212 :
2258 3155 2485 3227 proinde
2524 3151 2695 3222 accipi
2729 3164 2847 3205 eam
2883 3157 3034 3202 extra
3065 3143 3292 3199 acutula-

93 3243 193 3315 ἦθος
215 3251 308 3304 τῶν
331 3253 596 3324 ἀδελφῶν.
638 3257 1014 3328 Ἀνῃρημένης
1051 3256 1144 3310 οὖν
1171 3258 1268 3326 τῆς
1316 3259 1518 3321 αἰτίας.
1553 3258 1621 3310 δι’

93 3341 144 3408 ἣν
178 3345 496 3417 ἀπηγόρευσε
541 3348 644 3417 τὴν
697 3350 1025 3420 ἀμφοτέρων
1073 3351 1421 3418 συνοίκησιν,
1458 3351 1510 3402 τί
1559 3350 1622 3402 τὸ

96 3433 260 3488 δωλῦον
289 3437 428 3491 ἔσται
473 3438 777 3509 λαμϐάνειν
821 3441 922 3503 τὰς
949 3439 1214 3508 ἀδελφάς;
1257 3439 1397 3492 Ἀλλ’
1428 3439 1488 3492 οὐ
1525 3439 1619 3506 γέο

97 3539 289 3592 γραπται
317 3529 503 3593 ταῦτα,
539 3532 789 3601 φήσομεν
815 3546 830 3560 ·
854 3532 968 3585 ἀλλ’
993 3532 1115 3585 οὐδὲ
1146 3533 1327 3584 ἐκεῖνα
1354 3531 1583 3602 ὥρισται
1603 3549 1617 3562 ·

96 3614 188 3680 ἡδὲ
217 3616 372 3671 ἔννοια
397 3619 492 3672 τοῦ
543 3620 842 3674 ,ἀκολούθου
894 3621 1096 3689 ὁμοίως
1137 3622 1468 3692 ἀμφοτέροις
1521 3622 1620 3691 τὴν

99 3704 241 3759 ἄδειαν
266 3709 483 3764 δίδωσιν.
525 3711 679 3764 Ἔδει
703 3712 760 3766 δὲ
791 3714 983 3783 μικρὸν
1022 3715 1113 3766 ἐπὶ
1147 3715 1216 3768 τά
1247 3715 1478 3767 κατόπιν
1520 3715 1621 3782 τῆς

99 3798 360 3864 νομοθεσίας
386 3803 863 3873 ὲπαναδραμόντα,
882 3804 1224 3875 ἀπηλλάχθαι
1251 3807 1614 3877 πραγμάτων·

100 3881 209 3937 ἔοικε
233 3888 326 3959 γὰρ
347 3893 404 3943 οὐ
433 3895 546 3944 πᾶν
575 3890 714 3954 εἶδος
743 3891 1153 3961 ἁμαρτημάτων
1185 3891 1613 3962 περιλαμϐάνειν

101 3974 414 4052 ὁνομοθέτης,
449 3984 570 4038 ἀλλ’
604 3984 750 4048 ἰδίως
786 3984 1147 4055 ἀπαγορεύειν
1188 3984 1256 4037 τά
1316 3983 1425 4036 τῶν
1457 3985 1622 4051 Αἰγυ-

102 4069 372 4133 πτίων,ὅθεν
401 4076 616 4146 ἀπῆρεν
635 4078 662 4127 ό
685 4074 917 4146 Ἰσραὴλ,
949 4074 1131 4128 καὶτὰ
1153 4075 1260 4128 τῶν
1281 4076 1617 4140 Χαναναίων,

104 4162 205 4231 πρὸς
226 4164 306 4228 οὓς
339 4168 655 4236 μεθίσταται
679 4185 694 4200 ο
731 4169 842 4238 ἔχει
873 4169 982 4240 γάρ
1005 4167 1176 4230 οὕτως
1210 4171 1241 4238 ἠ
1270 4167 1433 4233 λέξις
1462 4168 1621 4222 Κατὰ

103 4254 156 4303 τὰ
175 4252 584 4326 ἐπιτηδεύματα
622 4257 732 4326 τῆς
752 4259 1074 4327 Αἰγύπτου,
1089 4258 1160 4310 ἐν
1170 4253 1208 4329 ᾖ
1223 4258 1620 4325 παρῳκήσατε

101 4339 368 4413 ἐπάὑτῆς,
396 4349 764 4414 οὐποιήσετε
789 4369 801 4379 ·
830 4350 1018 4403 καὶτὰ
1040 4350 1476 4420 ἐπιτηδεύματα
1506 4350 1618 4418 γῆς

107 4433 296 4488 Χαναὰν
318 4441 399 4504 εἰς
416 4439 493 4506 ἣν
505 4439 624 4509 ἐγὼ
647 4440 867 4504 εἰσάξω
882 4441 1035 4509 ὑμᾶς
1050 4440 1194 4507 ἐκεῖ,
1213 4443 1284 4495 οὐ
1311 4441 1616 4508 ποιήσετε,

1730 3233 1931 3310 tionem
1963 3266 2071 3307 non
2107 3248 2403 3320 prohibuit.
2439 3244 2542 3311 Qui
2593 3250 2771 3296 autem
2814 3236 3024 3293 libidini
3055 3233 3292 3305 patroci-

1727 3346 1970 3410 nabitur,
2009 3339 2378 3412 aemulationis
2407 3343 2681 3406 expertem
2731 3345 2852 3386 esse
2883 3326 3172 3383 aliirmahit
3205 3325 3291 3378 in-

1727 3436 1904 3490 dolem
1952 3448 2224 3490 sororum.
2277 3430 2455 3496 Quare
2503 3424 2714 3480 sublata
2769 3435 2954 3484 causa,
3010 3417 3079 3470 ob
3126 3429 3292 3485 quam

1727 3619 1907 3672 minus
1955 3628 2174 3670 sorores
2218 3606 2591 3678 accipiantur?
2639 3602 2744 3658 Sed
2797 3601 2913 3654 lucc
2941 3597 3141 3666 scripta
3182 3609 3293 3648 non

1726 3722 1877 3774 sunt,
1904 3711 2167 3765 dicemus.
2203 3704 2308 3760 Sed
2344 3717 2519 3772 neque
2547 3700 2634 3754 illa
2674 3702 2877 3752 statuta
2906 3699 3054 3747 sunt.
3085 3687 3294 3744 Conse-

1727 3803 1962 3859 cutionis
2004 3809 2184 3855 autem
2217 3793 2568 3865 intelligentia
2595 3790 2798 3861 pariter
2819 3783 3084 3840 ambabus
3121 3779 3290 3834 licen-

1727 3897 1861 3951 tiam
1895 3893 2102 3949 tribuit.
2134 3891 2334 3946 Verum
2371 3883 2658 3956 oportebat
2685 3877 2960 3950 paulisper
2987 3873 3052 3929 ad
3079 3886 3140 3927 ea
3172 3885 3294 3940 qua:

1728 3992 1899 4061 legem
1949 3985 2262 4057 praecedunt
2300 3977 2653 4040 recurrendo,
2703 3970 3017 4029 dillicultate
3050 3963 3290 4020 liberari.

1729 4081 1953 4136 Videtur
2005 4076 2149 4132 enim
2195 4089 2304 4128 non
2345 4085 2506 4128 omne
2544 4073 2891 4137 peccatorum
2944 4071 3114 4126 genus
3143 4067 3294 4109 com-

1727 4168 2062 4242 prehendere
2089 4164 2364 4235 legislator
2385 4202 2400 4228 ,
2430 4159 2523 4215 sed
2546 4153 2888 4226 peculiariter
2913 4144 3294 4216 Egyptiorum

1729 4267 1873 4322 unde
1898 4263 2058 4320 Israel
2071 4263 2298 4325 exierat,
2322 4267 2377 4311 et
2399 4255 2830 4311 Chananaeornm
2863 4243 2928 4298 ad
2953 4255 3093 4312 quos
3114 4247 3294 4293 trans-

1729 4357 2029 4418 ferebatur,
2071 4366 2251 4407 mores
2293 4345 2635 4402 interdicere.
2683 4337 2775 4392 Sic
2809 4335 2954 4390 enim
3008 4330 3170 4385 habet
3223 4326 3291 4381 ad

1726 4449 1954 4504 verbum
1977 4464 2009 4500 :-
2034 4443 2338 4499 Secundum
2373 4439 2618 4490 instituta
2651 4443 2807 4484 terra:
2836 4423 3078 4494 Egypti,
3102 4422 3158 4474 in
3189 4434 3295 4488 qua

105 4524 177 4576 xui
199 4526 308 4592 τοῖς
359 4531 630 4599 νομίμοις
692 4531 888 4585 αὐτῶν
937 4533 1009 4584 οὐ
1075 4533 1400 4598 πορεύεσθε
1427 4549 1441 4563 ο
1481 4533 1622 4586 ὥστε

1727 4542 1980 4598 habitatis
2019 4539 2076 4592 in
2112 4553 2195 4602 ea,
2230 4548 2333 4587 non
2364 4526 2607 4597 lacictis:
2634 4532 2683 4576 et
2723 4517 3006 4574 secundum
3045 4511 3295 4566 instituta

105 4613 225 4712 τοῦτο
248 4620 380 4712 είκός
419 4640 520 4675 που
570 4622 630 4674 τὸ
669 4617 808 4684 εἶδος
842 4622 942 4691 τῆς
983 4624 1276 4692 ἁμαρτίας,
1327 4626 1401 4694 μὴ
1449 4627 1621 4696 ἐμπο-

107 4706 357 4808 λιτεύεσθαι
380 4711 496 4765 τότε
530 4712 684 4782 ποιρά
711 4715 824 4774 τοῖς
853 4713 1053 4767 ἔθνεσι.
1096 4714 1188 4766 Διὸ
1229 4715 1364 4784 μηδὲ
1400 4718 1502 4785 τῆς
1533 4718 1620 4769 ἐπ’

109 4801 220 4894 αὐτῷ
247 4801 482 4894 φυλακῆς
535 4803 937 4873 προσδεηθῆναι
994 4805 1086 4857 τὸν
1128 4805 1446 4875 νομοθέτην,
1507 4807 1622 4860 ἀλλ’

110 4891 387 4959 αρκεσθῆναι
419 4895 498 4964 τῷ
525 4894 798 4965 άδιδάκτῳ
823 4894 955 4961 ἔθει,
993 4896 1128 4964 πρὸς
1158 4895 1254 4967 τὴν
1289 4898 1383 4950 τοῦ
1421 4897 1624 4966 μύσους

108 4974 324 5051 διαϐολήν.
357 4988 475 5049 Πῶς
506 4986 600 5039 οὖν
637 4988 698 5039 τὸ
731 4987 914 5056 μεῖζον
945 4989 1348 5058 ἀπαγορεύσας,
1378 4992 1438 5044 τὸ
1469 4991 1625 5046 ἔλατ-

110 5083 176 5122 τον
198 5074 479 5147 ἐσιώπησεν
502 5097 516 5144 ;
559 5079 681 5133 ’Ὀτι
698 5079 875 5134 ἐδόκει
899 5080 1125 5143 πολλοὺς
1149 5080 1258 5135 τῶν
1283 5083 1626 5155 φιλοσάρκων

111 5163 286 5257 τὸ
315 5167 510 5232 ζώσαις
559 5171 815 5239 ἀδελφαῖς
871 5174 1160 5234 συνοικεῖν,
1218 5172 1280 5225 τὸ
1324 5173 1627 5242 ὑπόδειγμα

109 5247 320 5313 βλάπτειν
346 5257 438 5310 τοῦ
466 5260 828 5329 πατριάρχου.
874 5259 1052 5329 Ἢμᾶς
1089 5259 1146 5311 δὲ
1184 5258 1238 5310 τί
1271 5259 1374 5329 χρὴ
1419 5262 1622 5324 ποιεῖν;

108 5341 505 5418 τὰγεγραμμένα
543 5352 743 5418 λέγειν,
770 5351 804 5420 ἢ
840 5351 908 5403 τά
947 5349 1292 5419 σιωπηθέντα
1326 5352 1629 5421 προσεργά-

109 5429 293 5500 (tollat;
336 5439 540 5493 Αὐτίκα
595 5443 657 5494 τὸ
687 5442 762 5511 μὴ
793 5441 902 5494 δεῖν
935 5443 1033 5511 μιᾷ
1080 5441 1273 5512 ἑταίρᾳ
1327 5441 1628 5513 κεχρῆσθαι

110 5526 286 5596 πατέρα
314 5531 403 5582 καὶ
428 5533 563 5596 υίὺν,
596 5535 654 5585 ἐν
691 5533 791 5602 μὲν
829 5536 944 5596 τοῖς
975 5534 1158 5603 νόμοις
1193 5534 1400 5597 τούτοις
1442 5536 1504 5588 οὐ
1540 5537 1630 5602 γε·

1728 4647 1884 4690 terrw
1905 4630 2188 4690 Chanaan,
2211 4627 2268 4678 in
2297 4636 2457 4692 quam
2479 4632 2572 4688 ego
2604 4613 2848 4669 inducam
2884 4623 2970 4662 vos
3004 4604 3155 4666 illuc,
3190 4615 3294 4654 non

1726 4727 1958 4796 facietis,
2007 4736 2168 4790 neque
2213 4718 2268 4770 in
2313 4711 2561 4783 legitimis
2607 4721 2785 4762 eorum
2829 4696 3168 4757 ambulabitis
3223 4692 3292 4746 ".

1728 4788 2037 4874 'Verisimile
2083 4788 2165 4867 est
2217 4811 2320 4864 hoc
2356 4804 2458 4875 15
2505 4800 2710 4872 peccati
2762 4811 2931 4866 genus
2971 4801 3102 4844 tunc
3149 4788 3293 4875 inter

1727 4916 1913 4978 gentes
1952 4918 2058 4957 non
2105 4873 2740 4966 viguisseiQuapropter
2769 4899 2906 4952 opus
2934 4894 3040 4932 non
3082 4875 3183 4928 fuit
3210 4873 3292 4926 Ie-

1729 4966 1992 5069 gislatori,
2025 5003 2084 5048 ut
2120 4989 2251 5045 illud
2297 4985 2600 5042 cavendum
2641 4984 2899 5034 curaret:
2937 4969 3030 5024 sed
3066 4967 3200 5022 satis
3240 4966 3294 5020 ci

1731 5090 1831 5143 l'nit
1875 5100 1995 5140 mos
2025 5099 2133 5137 non
2170 5080 2363 5135 doctus
2413 5074 2482 5130 ad
2531 5070 2754 5128 sceleris
2793 5057 3290 5134 reprehensionem.

1729 5178 2014 5244 Quomodo
2043 5173 2208 5243 igitur
2235 5169 2439 5238 majore
2487 5164 2670 5224 vetito,
2700 5160 2879 5212 minus
2911 5146 3294 5221 praetermisit?

1730 5269 1866 5334 Qnia
1890 5265 2176 5320 videbatur
2223 5261 2408 5315 multis
2443 5255 2596 5312 carni
2629 5247 3054 5319 indulgentibus,
3081 5249 3140 5295 ut
3169 5255 3294 5294 cum

1733 5354 2018 5412 sororibus
2041 5352 2217 5406 adhuc
2245 5341 2902 5401 viventibushabitarent,
2931 5331 3149 5386 noxium
3173 5340 3297 5381 esse

1730 5446 2036 5516 exemplum
2113 5439 2468 5512 patriarchae.-
2513 5436 2623 5490 Nos
2686 5439 2863 5485 autem
2927 5422 3055 5494 quid
3115 5419 3297 5474 facere

1736 5509 1994 5609 oportet?
2027 5509 2159 5600 Qua:
2192 5532 2393 5601 scripta
2427 5536 2555 5584 sunt
2582 5526 2783 5586 dicere,
2825 5535 2891 5574 an
2932 5509 3296 5608 prmtermissa

112 5631 311 5683 γραπται
333 5639 348 5655 ·
374 5625 527 5696 παρὰ
543 5595 596 5680 δὲ
739 5630 993 5700 προφήτῃ
1021 5595 1284 5698 μεγίστης
1299 5595 1631 5702 κατηγορίας

1740 5629 2049 5686 accuratius
2108 5623 2384 5681 scrutari?
2437 5620 2711 5680 Protinus,
2761 5627 2868 5666 non
2915 5612 3164 5676 oportere
3213 5595 3294 5695 uti

105 5705 304 5781 ﬁdem:
336 5730 350 5744 ο
386 5683 516 5780 ride
568 5683 696 5785 γὰρέ
733 5683 886 5786 φῆσίι
1095 5683 1289 5788 ἔτατθῶ
1326 5683 1631 5787 πρίζὲ’.τῖί;

1737 5683 1841 5773 una
1882 5716 2072 5787 pellice
2123 5723 2328 5784 patrem
2372 5720 2424 5766 et
2459 5710 2648 5771 lilium,
2697 5705 2750 5756 in
2796 5700 2881 5753 his
2916 5693 3123 5764 legibus
3155 5683 3292 5741 scri-

171 5798 209 5829 "
237 5800 398 5858 Levit.
430 5823 580 5872 xvtu,
624 5809 707 5862 18.
781 5809 826 5840 ³⁸
859 5810 989 5866 ibid.
1018 5811 1070 5865 5.

368 5899 628 5962 Ριτιιοι..
661 5905 777 5961 (in.
803 5902 956 5966 CIV.

2765 5885 2835 5950 l5.
