3908 6296
613 355 617 359 ’
671 353 774 417 459

1821 353 2078 414 ΡΗΟΤΙΙ
2110 355 2245 415 ΡΑΤ

2349 356 2614 418 ARCH/E
2652 359 2758 422 cr.
3790 373 3874 440 ιω

672 485 824 542 ptum
846 485 951 524 non
975 475 1076 533 est,
1114 468 1206 524 sed
1240 467 1378 537 apud
1421 467 1736 538 prepbetam
1777 467 1990 521 crimini
2018 468 2245 523 maxime

2359 471 2556 538 αὐτὴν
2611 473 2939 540 παιδίσκην
2995 475 3469 544 εἰσεπορεύοντο.
3511 477 3654 534 Πόσα
3703 483 3750 535 δὲ
3785 489 3873 561 εἴδη

672 565 853 618 datur.
895 561 1069 618 Filius
1120 563 1281 626 enim,
1339 560 1536 629 inquit,
1596 567 1646 612 et
1692 568 1842 628 paler
1892 560 1962 612 ad
2008 561 2246 614 eamdem

674 655 908 726 puellam
952 654 1383 725 ingrediebantur
1413 653 1478 706 ⁸⁵.
1517 650 1660 718 Quot
1681 662 1858 706 autem
1897 652 2000 706 alia
2030 652 2244 722 cupidi-

675 755 849 800 tatum
903 745 1238 814 impurarum
1267 757 1462 813 genera
1511 742 1817 796 daemonum
1873 743 2092 812 quidem
2150 743 2248 798 do-

677 839 849 894 ctrina
881 837 1229 905 excogitavit,
1251 835 1421 890 tacuit
1449 849 1579 889 vero
1613 835 1794 889 divina
1827 833 2127 904 Scriptura,
2149 835 2248 888 ho-

677 937 944 984 nestatem
1012 943 1166 982 suam
1240 926 1733 997 rerum'turpium
1791 925 2245 995 appellationibus

676 1022 883 1078 fuedare
913 1023 1125 1088 nolens,
1175 1021 1270 1076 sed
1315 1020 1614 1091 generatim
1665 1019 2004 1087 impuritates
2037 1018 2248 1088 vitupe-

674 1114 844 1168 ravit!
897 1112 1050 1165 Sit-ut
1101 1118 1151 1164 et
1202 1111 1485 1180 apostolus
1528 1107 1729 1162 Paulus
1772 1108 1850 1160 ait
1886 1124 1898 1158 :
1938 1105 2244 1159 Foruicatio

675 1213 852 1257 autent
877 1213 922 1256 et
955 1201 1122 1254 omnis
1155 1201 1495 1254 immunditia
1534 1216 1597 1253 ne
1620 1200 1918 1252 nominetur
1943 1198 2155 1267 quidem
2189 1197 2246 1250 in

671 1296 836 1358 vobis,
890 1295 1025 1348 sicut
1078 1292 1218 1346 decet
1254 1304 1465 1347 sanctos
1498 1293 1574 1346 *σε
1622 1291 1982 1345 immunditiat
2025 1288 2246 1344 nomine

673 1396 791 1442 tum
816 1388 1058 1442 virorum
1091 1395 1204 1439 tum
1230 1386 1517 1440 mulierum
1541 1385 1801 1439 obscaena
1826 1382 2065 1438 facittora
2094 1396 2245 1436 com-

670 1480 1038 1550 prehenderis.
1069 1478 1250 1545 Quare
1269 1493 1377 1532 non
1408 1475 1632 1532 omnino
1659 1475 1933 1529 silentium
1970 1473 2244 1528 licentiam

669 1573 765 1626 dat
805 1571 1151 1640 voluptariis.
1207 1569 1318 1639 Ego
1372 1576 1553 1625 autem
1604 1581 1782 1635 neque
1836 1566 2055 1620 tacitam
2098 1565 2244 1618 illaut

671 1673 883 1734 partem
915 1662 1083 1716 fuisse
1117 1661 1276 1716 dico:
1328 1659 1440 1713 imo
1472 1659 1636 1712 etiam
1670 1675 1699 1711 a
1728 1657 2042 1728 legislatore
2084 1657 2248 1711 vehe-

671 1763 884 1807 menter
925 1751 1218 1805 admodum
1271 1750 1438 1804 fuisse
1489 1748 1840 1819 prohibitam.
1889 1747 2025 1800 lllttd
2073 1748 2244 1811 enim,

2346 563 2456 616 τῶν
2485 565 2820 635 ἀκαθάρτων
2852 566 3040 620 παθῶν
3073 568 3228 636 ἄλλα,
3282 569 3344 622 τὸ
3386 568 3486 639 μὲν
3522 571 3626 625 τῶν
3655 574 3877 646 δαιμίνωι

2345 654 2712 710 διδασκαλεῖον
2735 657 2975 730 ἐξεῦρεν,
3009 663 3042 731 ἡ
3070 661 3128 714 δὲ
3159 661 3277 714 θεία
3312 661 3504 732 Γραφὴ
3551 665 3876 741 ἀπεσιώπησε,

2345 746 2407 800 τὸ
2440 749 2638 818 σεμνὸν
2681 751 2880 821 ἑαυτῆς
2909 754 3030 816 ταῖς
3069 753 3177 806 τῶν
3207 754 3451 824 αἰσχρῶν
3488 756 3782 824 ὀνομασίαις
3797 780 3876 814 κα-

2344 842 2733 912 ταρρυπαίνειν
2763 845 2861 914 οὐχ
2889 845 3188 916 αἱρουμένη
3210 887 3224 909 ,
3253 847 3390 900 ἀλλὰ
3422 851 3654 915 γενικοίς
3689 852 3876 921 ὀνόμασι

2345 932 2444 994 τὰς
2466 933 2809 1001 ἀκαθαρσίας
2859 935 3107 990 διέϐαλεν
3131 955 3144 968 ·
3171 937 3246 1001 ὡς
3270 939 3364 992 καὶ
3399 939 3427 991 ὁ
3465 939 3748 1003 ἀπόστολος
3771 947 3883 997 [Ιαῦ-

2344 1019 2436 1085 λος
2490 1025 2642 1093 φησὶ,
2677 1027 2935 1092 Πορνεία
2964 1025 3033 1079 δὲ
3073 1029 3167 1080 καὶ
3201 1029 3536 1096 ἀκαθαρσία
3575 1029 3734 1085 πᾶσα
3763 1034 3884 1102 μηδέ

2348 1110 2723 1180 ὀνομαζέσθω
2755 1113 2920 1182 ὑμῖν,
2961 1116 3156 1182 καθὼς
3189 1117 3402 1185 πρέπει
3446 1118 3658 1187 ἁγίοις,
3691 1121 3760 1191 τῷ
3805 1125 3880 1192 τῆς

2346 1204 2688 1275 ἀκαθαρσίας
2743 1206 2970 1277 ὀνόματι
3016 1208 3116 1272 τάς
3160 1226 3220 1261 τε
3256 1209 3366 1262 τῶν
3413 1211 3658 1281 ἀρρένων
3684 1213 3882 1282 ἀρρητο-

2347 1296 2529 1359 mihi;
2560 1300 2656 1351 καὶ
2679 1298 2780 1361 τὰς
2797 1299 2902 1351 τῶν
2941 1299 3172 1368 θηλειῶν
3205 1300 3652 1371 περιλαμϐάνων.
3678 1303 3820 1356 Ὥστε
3838 1309 3882 1358 οὑ

2347 1384 2564 1447 πάντως
2603 1387 2634 1454 ἡ
2667 1385 2844 1456 σιωπὴ
2869 1386 3051 1440 ἄδειαν
3082 1387 3237 1457 φέρει
3276 1392 3388 1451 τοίς
3414 1389 3730 1459 φιληδόνοις.
3774 1392 3887 1459 Ἐγὼ

2345 1471 2545 1526 δὲοὺδὲ
2568 1475 2948 1545 σεσιωπὴσθαι
2977 1476 3036 1528 τὸ
3074 1477 3240 1547 μέρος
3283 1478 3440 1530 τοῦτο
3479 1480 3645 1548 φημὶ,
3684 1479 3804 1532 ἀλλὰ
3822 1486 3889 1536 καὶ

2345 1564 2486 1618 πάνυ
2514 1565 2757 1636 σφοδρῶς
2790 1567 3231 1637 ἁπηγορευκέναι
3256 1571 3346 1622 τὸν
3381 1571 3694 1642 νομοθέτην·
3716 1574 3769 1627 τὸ
3786 1579 3883 1644 γὰρ,

2348 1653 2465 1712 Οὐκ
2509 1659 2832 1725 είσελεύσῃ
2855 1660 3007 1728 πρὸς
3045 1659 3246 1714 πάντα
3290 1662 3514 1717 οἰκεῖον
3551 1669 3767 1733 σαρκός
3802 1685 3887 1723 σου

2345 1748 2738 1817 ἀποκαλύψαι
2771 1751 3223 1820 ἀσχημοσύνην
3261 1753 3483 1818 αὐτῶν,
3514 1757 3886 1826 ἐμπεριεκτιχὸν

675 1843 797 1898 Non
839 1843 1145 1914 ingredieris
1176 1842 1246 1895 ad
1301 1857 1506 1895 onmem
1555 1842 1732 1894 carnis
1771 1853 1877 1894 tua:
1929 1842 2130 1909 amnem
2171 1839 2240 1894 ad

2351 1840 2466 1893 ἐστι
2491 1842 2586 1894 καὶ
2608 1841 2797 1896 τούτου
2819 1843 2914 1896 τοῦ
2943 1844 3118 1907 εἴδους
3146 1849 3246 1916 τῆς
3269 1847 3622 1918 οἰκειότητος.
3648 1849 3709 1902 Τί
3731 1853 3822 1922 γὰρ
3843 1856 3887 1906 ἂν

671 1937 1006 1991 revelandam
1070 1951 1251 1989 eorum
1315 1933 1696 2004 turpitudinem
1752 1932 1815 1996 ³⁷,
1873 1933 2013 1987 hanc
2075 1932 2239 1988 etiam

671 2029 954 2084 afﬁnitatis
988 2031 1225 2100 speciem
1270 2027 1668 2096 complectitur.
1719 2025 1928 2080 Etenim
1963 2023 2094 2092 quid
2127 2024 2244 2079 viro

674 2120 842 2174 afﬁne
883 2120 1055 2189 magis
1087 2126 1169 2172 est
1215 2131 1378 2187 quam
1412 2131 1510 2169 sua
1547 2116 1720 2185 ipsius
1751 2128 1911 2178 uxor,
1945 2113 2054 2167 imo
2075 2129 2238 2182 quam

671 2226 769 2266 sua
801 2211 973 2280 ipsius
1007 2209 1170 2264 caro?
1197 2207 1314 2262 Non
1363 2208 1509 2263 enim
1549 2207 1784 2277 aniplius
1816 2205 1939 2259 duae
1968 2215 2117 2267 sunt,
2148 2205 2244 2258 sed

673 2317 780 2356 una
814 2319 968 2357 caro.
1011 2302 1199 2370 Itaque
1241 2313 1338 2368 per
1385 2312 1610 2350 uxorem
1642 2311 1798 2352 soror
1823 2296 1889 2350 ad
1932 2295 2035 2348 viri
2066 2293 2246 2348 aitiui-

674 2405 836 2449 tatem
872 2393 1088 2447 transit.
1123 2390 1589 2457 Quemadmodum
1623 2388 1767 2442 enim
1797 2397 2025 2442 matrem
2055 2386 2244 2441 uxoris

671 2504 779 2541 non
834 2495 1098 2547 assumet,
1142 2498 1317 2552 neque
1365 2482 1529 2536 ﬁliam
1561 2482 1666 2552 16
1701 2480 1910 2544 uxoris,
1959 2487 2244 2549 prepterea

668 2577 809 2646 quod
859 2591 1034 2646 neque
1085 2589 1241 2628 suam
1303 2574 1477 2643 ipsius
1529 2585 1781 2635 matrem,
1849 2586 2026 2640 neque
2087 2585 2242 2628 suam

670 2670 844 2739 ipsius
893 2667 1097 2731 ﬁliam;
1139 2666 1211 2720 ita
1259 2679 1362 2720 nec
1415 2665 1603 2718 uxoris
1631 2679 1900 2728 sororem,
1956 2672 2242 2732 propterea

669 2759 813 2828 quod
846 2771 1025 2827 neque
1077 2770 1232 2810 suam
1287 2755 1460 2824 ipsius
1497 2768 1762 2809 sororem.
1807 2751 1869 2806 Et
1907 2753 2026 2808 vice
2065 2767 2242 2815 versa,

670 2867 846 2919 neque
877 2848 1030 2902 uxori
1078 2847 1259 2901 licebit
1289 2861 1408 2900 sese
1435 2845 1534 2901 viri
1589 2843 1850 2900 afﬁnibus
1881 2845 2233 2914 conjungere.

673 2943 815 2994 Sunt
844 2942 988 2995 enim
1016 2940 1270 3009 utrinque
1297 2939 1612 2992 communia
1645 2935 1932 2992 affinitatis
1958 2936 2102 3005 jura.
2136 2934 2247 3004 Ego

672 3050 834 3103 porro
861 3033 1080 3088 cuilibet
1113 3032 1179 3086 de
1211 3031 1414 3100 nuptiis
1444 3030 1753 3086 consulenti
1792 3029 2075 3094 teStiﬁcor,
2101 3045 2244 3098 pra:-

672 3127 838 3180 tcrire
871 3127 1097 3194 ﬁguram
1133 3123 1300 3193 hujus
1331 3123 1544 3188 mundi,
1580 3132 1635 3177 et
1669 3130 1886 3192 tempus
1913 3122 2076 3176 breve
2097 3136 2240 3186 esse,

2348 1930 2554 1996 γένοιτο
2575 1932 2901 2004 οἰκειότερον
2921 1933 3075 2005 ἀνδρὶ
3093 1934 3193 2004 τῆς
3215 1935 3407 1988 ἑαυτοῦ
3427 1940 3677 2005 γυναικός
3695 1957 3709 2004 ;
3736 1944 3888 2012 μᾶλλον

2354 2022 2408 2076 δὲ
2425 2021 2521 2090 τῆς
2553 2023 2746 2076 ἑαυτοῦ
2776 2026 2974 2091 σαρκός
2997 2044 3012 2093 ;
3047 2028 3121 2080 Οὐ
3139 2027 3248 2098 γὰρ
3264 2029 3344 2081 ἔτι
3373 2031 3480 2082 εἰσὶ
3507 2031 3620 2094 δύο,
3639 2033 3764 2088 ἀλλὰ
3791 2040 3888 2109 σὰρξ

2348 2112 2446 2183 μία
2478 2130 2490 2142 °
2521 2114 2661 2168 ὥστε
2690 2115 2776 2168 διὰ
2803 2117 2901 2186 τῆς
2933 2119 3190 2186 γυναικὸς
3232 2121 3264 2188 ἠ
3298 2119 3504 2193 ἀδελφὴ
3537 2123 3671 2194 πρὸς
3706 2127 3790 2194 τὴν
3813 2131 3879 2181 τοῦ

2344 2201 2536 2272 ἀνδρὸς
2600 2204 2906 2273 οἰκειότητα
2984 2207 3318 2277 μεταϐαίνει.
3400 2209 3490 2272 Ὠς
3555 2211 3662 2282 γὰρ
3728 2215 3889 2285 μητέρα

2344 2295 2600 2362 γυναικὸς
2630 2297 2692 2348 οὐ
2733 2295 2984 2368 λήψεται,
3041 2299 3179 2367 οὐδὲ,
3207 2300 3489 2372 θυγατέρα
3520 2304 3619 2373 τῆς
3655 2309 3884 2372 γυναικὸς,

2344 2385 2477 2438 διότι
2514 2387 2646 2458 μηδὲ
2703 2388 2802 2458 τὴν
2865 2389 3061 2444 ἑαυτοῦ
3119 2394 3356 2462 μητέρα,
3411 2394 3550 2465 μηδὲ
3592 2397 3689 2468 τὴν
3735 2399 3886 2453 ἑαυτοῦ

2346 2476 2640 2550 θυγατέρα,
2673 2478 2846 2543 οὕτως
2881 2481 3000 2536 οὐδὲ
3029 2481 3263 2553 ἀδελφὴν
3313 2486 3594 2551 γυναικὸς,
3646 2488 3770 2542 διότι
3806 2508 3884 2560 μη.

2345 2568 2404 2622 δὲ
2447 2570 2681 2641 ἀδελφὴν
2739 2571 2972 2626 ἑαυτοῦο
3029 2574 3122 2628 καὶ
3162 2573 3320 2628 τοῦτο
3348 2577 3641 2642 ἀνάπαλιν,
3690 2580 3796 2632 οὐδὲ
3838 2585 3883 2654 τῇ

2346 2663 2566 2730 γυναικὶ
2603 2663 2817 2727 ἐξέσται
2843 2666 2956 2728 τοῖς
2988 2666 3210 2730 οἰκείοις
3257 2667 3351 2720 τοῦ
3405 2669 3604 2738 ἀνδρὸς
3647 2677 3884 2735 συνοικεῖν,

2349 2756 2500 2819 κοινὰ
2533 2755 2640 2825 γὰρ
2672 2756 2758 2808 ἐπ’
2793 2757 3123 2826 ἀμφοτέροις
3156 2759 3256 2828 τῆς
3278 2761 3606 2828 συγγενείας
3633 2762 3699 2816 τὰ
3725 2764 3882 2817 δίκαιαί

2349 2845 2459 2914 ἐγὼ
2487 2847 2542 2899 δὲ
2577 2847 2741 2900 παντὶ
2787 2848 2865 2920 τῷ
2902 2849 3031 2921 περὶ
3075 2850 3256 2922 γάμου
3293 2851 3610 2924 βουλομένῳ
3633 2854 3885 2926 διαμαρτύ-

2352 2952 2535 3007 ρομαι,
2569 2939 2651 2992 ὅτι
2714 2941 2948 3010 παράγει
3003 2941 3063 2994 τὸ
3116 2942 3304 3012 σχῆμα
3329 2942 3423 2996 τοῦ
3480 2944 3682 3014 κόσμου
3721 2946 3887 3010 τούτου,

2351 3032 2446 3082 καὶ
2500 3031 2530 3082 ό
2578 3031 2768 3102 καιρὸς
2829 3033 3254 3104 συνεσταλμένος
3314 3035 3506 3088 ἐστίν’
3567 3036 3696 3091 ἰνα
3744 3039 3884 3090 καίοι

2351 3118 2918 3191 ἑχοντεςγξυναῖκας,
2945 3124 3025 3190 ὠς
3039 3125 3126 3193 μὴ
3143 3125 3389 3194 ἔχοντες
3415 3125 3594 3181 ὦσιν.
3619 3127 3744 3182 Ἐὰν
3761 3129 3807 3180 δέ
3826 3145 3887 3198 μοι

677 3217 744 3272 Ut
781 3191 1075 3288 quiia—aberit
1106 3191 1300 3270 uxores
1349 3223 1600 3283 tanquam
1639 3231 1744 3267 non
1782 3191 2026 3267 habentes
2050 3213 2154 3267 sint
2177 3215 2240 3269 μ’.

2349 3213 2809 3286 παραναγινώσκῃ
2852 3215 2941 3281 τὸ,
2981 3191 3331 3279 Αὖξάιέέσθε
3367 3191 3487 3272 atat
3535 3191 3887 3285 πληθύνεσθε,

672 3310 829 3377 Quod
863 3309 908 3364 si
935 3309 1065 3362 mihi
1098 3321 1381 3378 perperam
1415 3307 1555 3376 legat
1586 3307 1715 3360 illud
1742 3324 1754 3361 :
1787 3305 2015 3361 Crescite
2037 3315 2087 3360 et
2112 3306 2245 3358 mul-

2349 3303 2632 3373 καταγελῶ
2678 3307 2769 3360 τοῦ
2795 3307 2904 3362 τῶν
2927 3307 3259 3378 νομοθεσιῶν
3283 3310 3411 3373 τοὺς
3443 3313 3671 3382 καιροὺς
3711 3313 3776 3383 μὴ
3800 3311 3888 3364 διε-

673 3403 987 3472 tiplicamini
1039 3402 1124 3455 ¹⁹ι
1169 3401 1319 3454 rideo
1355 3399 1534 3470 legum
1575 3407 1819 3468 tempora
1868 3414 1980 3452 non
2038 3397 2245 3452 discer-

2349 3397 2642 3466 κρίνοντος.
2690 3398 2951 3470 Πορνείας
2993 3400 3315 3471 παραμυθία
3362 3404 3391 3455 ὁ
3417 3401 3671 3472 δεύτερος
3718 3404 3888 3472 γάμος,

671 3505 915 3548 ncntem.
955 3491 1360 3547 Fornieationis
1395 3489 1698 3545 remedium
1732 3489 1935 3558 nuptiae
1965 3488 2244 3549 secundae.

2354 3490 2477 3559 οὐχὶ
2505 3489 2715 3558 ἐφόδιον
2776 3493 2857 3554 είς
2907 3492 3215 3560 ἀσέλγειαν.
3255 3494 3318 3547 Ei
3350 3495 3452 3547 οὐκ
3488 3495 3887 3566 ἐγκρατεύονται,

672 3600 781 3640 non
810 3584 1027 3640 occasio
1057 3583 1314 3638 lasciviae.
1353 3581 1409 3635 Si
1443 3596 1503 3636 se
1533 3595 1640 3635 non
1671 3581 1976 3644 continent,
2011 3582 2245 3642 nubant,

2349 3583 2774 3652 γαμησάτωσαν,
2824 3584 3010 3653 φησὶν,
3066 3585 3188 3654 οὐχὶ
3230 3585 3287 3639 δὲ
3339 3586 3652 3657 γαμοῦντες
3693 3604 3887 3658 παρανο-

676 3677 853 3746 iuquit
878 3676 948 3744 ὀ,
982 3689 1086 3729 nou
1117 3690 1248 3729 vero
1271 3682 1325 3730 et
1361 3674 1634 3728 nubentes
1669 3674 1839 3744 legem
1889 3673 2111 3728 violent.
2154 3669 2245 3729 Isti

2351 3672 2641 3741 μείτωσαν.
2673 3676 2735 3728 Οἱ
2768 3674 2825 3733 δὲ
2850 3675 2970 3728 οὐδὲ
2993 3675 3128 3745 πρὸς
3161 3677 3259 3747 τὴν
3302 3677 3467 3746 φύσιν
3513 3679 3885 3739 ἀποὸλέπουσιν,

672 3778 877 3835 autem,
925 3783 1160 3838 quorum
1209 3767 1428 3821 animus
1472 3766 1607 3820 vitio
1654 3764 2012 3834 turpitudinis
2067 3762 2245 3832 lippus

2349 3765 2395 3816 οἱ
2417 3765 2513 3834 τὴν
2540 3765 2718 3838 ψυχὴν
2745 3766 3028 3836 λημῶντες
3058 3766 3135 3836 τῷ
3163 3766 3326 3821 πάθει
3356 3768 3460 3838 τῆς
3489 3771 3710 3840 ἀτιμίας
3730 3769 3888 3832 ,πάλαι

671 3871 777 3928 est,
815 3877 880 3915 ne
919 3861 984 3914 ad
1034 3870 1286 3914 naturam
1339 3859 1561 3929 quidem
1618 3858 1939 3927 respiciunt,
1976 3871 2098 3925 qua:
2131 3856 2245 3925 jam

2349 3854 2700 3926 διακρίνασαν
2725 3859 2825 3922 τὰς
2857 3859 2950 3911 τοῦ
2982 3858 3171 3927 γένους
3197 3861 3603 3931 προσηγορίας.
3649 3862 3735 3914 Ἐκ
3768 3859 3888 3920 ποίας

672 3954 798 4007 olim
823 3951 1038 4023 generis
1065 3951 1288 4006 nomina
1315 3951 1591 4006 discrevit.
1626 3950 1704 4002 Ex
1731 3964 1836 4017 qua
1868 3948 2014 4002 enim
2049 3962 2245 4016 cogna-

2350 3950 2667 4018 συγγενείας
2733 3951 2861 4014 τοὺς
2932 3953 3295 4024 γεννηθέντας
3362 3957 3886 4027 προσαγορεύσουσιν,

673 4048 821 4102 tione
870 4053 1028 4100 natos
1058 4043 1451 4114 appellabunt?
1493 4040 1806 4106 Fratresne,
1849 4055 1918 4095 an
1963 4039 2245 4096 consobri-

2350 4041 2614 4109 ἀδελφοὺς
2653 4044 2849 4105 αὐτοὺς
2875 4045 3123 4114 ἀλλήλων
3144 4087 3157 4110 ,
3189 4047 3222 4117 ἢ
3259 4048 3519 4117 ἀνεψιοὺς
3550 4045 3885 4119 προσεροῦσιν;

674 4156 775 4194 nos
813 4137 1126 4192 vocabunt?
1177 4137 1448 4206 siquidem
1501 4149 1700 4191 nomen
1733 4143 2031 4203 utrumque
2058 4134 2139 4188 eis
2178 4133 2245 4188 ob

2349 4134 2635 4203 ἀμφότερα
2687 4134 2795 4204 γὰρ
2847 4137 3034 4202 αὐτοῖς
3086 4140 3466 4210 προσαρμόσει
3524 4139 3615 4192 διὰ
3661 4139 3751 4208 τὴν
3789 4136 3889 4202 an.

669 4229 1047 4284 confusionem
1076 4229 1350 4298 congruit.
1379 4226 1459 4282 Ne
1491 4226 1684 4291 iacias,
1729 4241 1763 4280 ο
1790 4226 1975 4289 homo,
2025 4225 2245 4283 amitam

2350 4243 2527 4296 χυσιν.
2559 4227 2650 4296 Μὴ
2684 4229 2944 4298 ποιήσῃς,
2977 4223 3021 4282 ὦ
3052 4230 3308 4301 ἄνθρωπε
3335 4271 3350 4295 ,
3376 4233 3476 4302 τὴν
3503 4231 3658 4286 θείαν
3689 4227 3889 4299 μητρυὰν

675 4337 965 4378 novercam
1017 4321 1346 4389 infantium;
1389 4335 1492 4375 nec
1513 4335 1637 4390 quae
1677 4319 1731 4372 in
1764 4318 1955 4373 matris
2002 4317 2128 4373 loco
2171 4315 2245 4371 fo-

2349 4320 2460 4374 τῶν
2493 4321 2723 4390 νηπίων,
2762 4323 2902 4392 μήτε
2927 4323 2987 4376 δὲ
3025 4323 3124 4393 τὴν
3155 4326 3362 4395 μητρὸς
3389 4325 3546 4390 τάξει
3584 4325 3888 4395 περιθὰλπειν

671 4429 800 4468 vere
826 4414 1004 4478 debet,
1039 4428 1161 4468 eam
1186 4411 1536 4466 aemulatione
1563 4409 1891 4479 implacabili
1923 4409 2244 4466 armaveris.

2350 4413 2694 4482 ὀφείλουσαν,
2723 4413 2928 4484 ταύτην
2955 4416 3254 4488 ὲφοπλίσῃς
3278 4421 3399 4480 ταῖς
3425 4418 3750 4488 ἁμειλίκτοις
3766 4414 3888 4482 ζηλο-

672 4504 806 4560 Nam
835 4505 1010 4560 solum
1041 4517 1402 4559 novercarum
1444 4515 1616 4570 genus
1645 4501 1811 4558 etiam
1843 4508 1966 4569 post
2014 4507 2244 4559 mortem

2350 4507 2589 4570 τυπίαις.
2646 4506 2822 4562 Μόνον
2860 4510 2966 4582 γὰρ
3020 4510 3082 4562 τὸ
3143 4513 3297 4582 μῖσος
3352 4511 3464 4565 τῶν
3515 4511 3776 4583 μητρυῶν,
3821 4508 3889 4561 καὶ

673 4597 856 4652 odium
900 4612 965 4652 ac
1018 4595 1364 4651 inimicitiam
1417 4591 1681 4648 extendit.
1727 4592 1842 4647 lmo
1892 4591 1985 4646 alii
2033 4590 2245 4648 inimici

2355 4599 2492 4668 μετὰ
2525 4599 2757 4654 θάνατον
2787 4600 3001 4656 ἐλαύνει
3028 4600 3128 4672 τὴν
3157 4600 3382 4672 ἔχθραν,
3429 4603 3636 4671 μᾶλλον
3657 4601 3710 4654 δὲ
3737 4600 3780 4652 oi
3815 4599 3888 4667 μὲν

674 4690 910 4744 mortuis
947 4689 1400 4753 reconciliantur;
1455 4699 1700 4740 noverca:
1757 4684 1882 4739 odia
1924 4692 2049 4754 post
2102 4698 2245 4738 mor-

2350 4690 2526 4754 ᾶλλως
2575 4690 2845 4761 πολέμιοι,
2896 4692 3008 4755 τοῖς
3043 4690 3332 4761 τεθνηκόσι
3368 4692 3721 4746 σπένδονται·
3767 4688 3814 4742 αἱ
3848 4685 3890 4738 δὲ

676 4790 783 4836 tem
813 4781 1102 4850 incipiunt.
1135 4778 1359 4833 Summa
1408 4778 1682 4832 dictorum
1715 4776 1830 4832 haec
1871 4783 1995 4830 est:
2034 4774 2094 4830 Si
2122 4774 2245 4843 quis

2355 4784 2614 4854 μητρυιαὶ
2643 4781 2737 4836 τοῦ
2785 4782 2976 4852 μίσους
2995 4784 3135 4852 μετὰ
3171 4781 3404 4837 θάνατον
3437 4784 3713 4856 ἄρχονται.
3743 4778 3888 4846 Κεφά-

673 4875 914 4947 legitime
963 4873 1186 4941 nuptias
1220 4871 1450 4942 appetit,
1499 4877 1648 4926 totus
1677 4869 1826 4924 orbis
1851 4877 2122 4923 terrarum
2151 4882 2245 4937 pa-

2351 4874 2500 4927 λαιον
2531 4874 2589 4927 δὲ
2617 4875 2733 4927 τῶν
2761 4875 3090 4945 εἰρημένων,
3132 4875 3182 4927 εί
3206 4875 3305 4945 μὲν
3333 4874 3487 4946 νόμῳ
3526 4875 3752 4946 ὁρμᾶται
3787 4867 3890 4938 πρὸς

675 4978 786 5025 tet;
821 4970 906 5023 sin
938 4965 1164 5020 libidine
1193 4963 1506 5034 impellitur,
1548 4962 1618 5017 ob
1651 4961 1703 5015 id
1746 4961 1920 5030 magis
1955 4959 2119 5012 etiam
2149 4973 2245 5012 ex-

2350 4966 2444 5019 τὺν
2469 4966 2668 5036 γάμον,
2700 4965 2948 5035 ἦνοικται
2976 4967 3126 5019 πᾶσα
3165 4967 3198 5037 ἡ
3229 4967 3550 5037 οἰκουμένη.
3584 4968 3645 5020 Et
3670 4965 3722 5022 δὲ
3752 4965 3891 5030 ipsa.

672 5061 949 5125 cludatur,
995 5055 1256 5110 Utdiscat
1305 5072 1394 5110 vas
1437 5070 1590 5107 suum
1615 5053 1877 5123 possidere
1910 5052 1963 5104 in
2004 5049 2249 5119 sanctiﬁ-

673 5153 879 5208 catione
909 5159 959 5206 et
1001 5151 1218 5215 honore,
1255 5164 1357 5200 non
1403 5148 1455 5200 in
1486 5147 1728 5216 passione
1774 5144 2117 5197 desiderii“.
2170 5142 2253 5196 lle

674 5246 833 5315 plura
879 5244 1059 5297 dicere
1134 5247 1413 5309 parantem
1470 5238 1665 5291 modus
1717 5235 1957 5305 epistolae
2005 5233 2248 5288 cohibet.

676 5337 881 5391 Precor
908 5345 1112 5397 autem,
1152 5341 1210 5386 ut
1253 5331 1354 5401 17
1387 5332 1477 5386 vel
1508 5339 1694 5382 nostra
1725 5327 2027 5382 admonitio
2057 5326 2249 5379 vitium

677 5438 922 5500 superet,
961 5427 1043 5482 vel
1073 5443 1178 5480 non
1233 5435 1418 5494 serpat
1449 5424 1501 5476 in
1547 5435 1793 5475 nostram
1838 5420 2111 5489 regionem
2150 5419 2253 5472 hoc

675 5520 995 5590 piaculum;
1034 5517 1128 5572 sed
1178 5517 1230 5570 in
1264 5515 1467 5586 quibus
1511 5513 1810 5568 admissum
1849 5520 1935 5566 est
1989 5509 2144 5573 locis,
2194 5509 2250 5562 in

682 5611 767 5665 his
800 5620 1134 5681 permaneat.

2359 5057 2494 5129 σθὴς
2520 5058 2670 5128 αὑτῷ
2699 5061 2730 5128 ἠ
2770 5058 2973 5129 σπουδὴ
2995 5097 3010 5120 ,
3042 5058 3131 5112 διὰ
3165 5059 3324 5114 τοῦτο
3355 5061 3451 5113 καὶ
3497 5060 3659 5112 πλέον
3684 5053 3890 5111 ἀποκλει-

2359 5149 2544 5221 σθήτω
2565 5166 2579 5182 ο
2637 5149 2770 5205 Ἵνα
2804 5151 2961 5219 μάθῃ
2986 5151 3054 5204 τὸ
3091 5151 3314 5206 ἑαυτοῦ
3344 5152 3570 5219 σκεῦος
3594 5151 3817 5205 κτᾶσθαι
3843 5145 3893 5196 ἐν

2359 5243 2659 5313 ἁγιασμῷ,
2712 5243 2799 5312 μὴ
2861 5244 2932 5297 ἐν
2975 5242 3150 5297 πάθει
3199 5245 3542 5315 ἐπιθυμίας.
3603 5240 3809 5299 Πλείονά
3845 5252 3893 5306 με

2360 5335 2542 5403 λέγειν
2572 5335 2924 5406 ὡρμημένον,
2956 5337 3018 5388 τὸ
3049 5335 3251 5408 μέτρον
3281 5339 3468 5407 ἐπέχει
3503 5335 3605 5405 τῆς
3631 5330 3893 5396 ἐπιστολῆς-

2360 5427 2603 5498 Εῠχομαι
2637 5427 2729 5493 δὲ,
2789 5426 2953 5498 ἢτὴν
3002 5428 3329 5498 παραίνεσιν
3385 5427 3546 5497 ἡμῶν
3593 5420 3900 5496 ἱσχυροτέρτν

2359 5519 2452 5572 τοῦ
2504 5519 2714 5583 πάθους
2785 5518 3171 5590 ἀποδειχθῆναι
3200 5535 3216 5551 θ
3259 5519 3293 5589 ἢ
3356 5521 3428 5591 μὴ
3481 5517 3802 5588 ἐπιδημῆσαι
3842 5509 3890 5576 τῇ

2358 5612 2605 5683 ἡμετέρα
2633 5611 2693 5663 τὸ
2717 5611 2848 5679 ἄγος
2864 5610 3042 5680 τοῦτο,
3063 5613 3178 5665 ἀλλ’
3199 5613 3258 5666 ἐν
3276 5606 3355 5675 οἷς
3379 5610 3443 5664 ἂν
3467 5607 3732 5680 ἐτολμήθη
3749 5602 3892 5658 τόποις

2359 5705 2528 5758 ὲναπο
2535 5706 2732 5773 μεῖναι.

755 5818 796 5850 ’³
828 5817 991 5872 Atrea
1019 5832 1078 5873 ιι.
1111 5815 1164 5869 7.
1244 5817 1286 5846 ¹⁶
1318 5813 1517 5880 Ephcs.
1552 5826 1606 5877 v,
1644 5810 1696 5864 5.
1781 5811 1822 5840 ’⁷
1853 5806 2026 5863 chit.
2067 5821 2245 5868 XVIII,‘

2376 5804 2417 5834 ’⁸
2449 5803 2468 5857 1
2503 5801 2629 5856 Cor.
2675 5816 2772 5866 vn,
2815 5800 2904 5857 ἓξ).
2986 5802 3027 5836 ¹⁹
3057 5801 3192 5857 Gen.
3225 5816 3266 5865 ι,
3311 5799 3402 5866 28;
3436 5812 3512 5862 Ix,
3548 5794 3600 5848 1.
3675 5791 3718 5824 ³⁸
3748 5785 3885 5841 lCor.

683 5905 776 5956 vn,
806 5893 860 5946 υ.
934 5890 974 5920 ³⁸
1011 5887 1028 5942 Ι
1056 5886 1246 5942 Thess.
1279 5903 1351 5949 tv,
1387 5886 1440 5940 4.
