3994 6470
161 475 237 541 ίϐί

906 458 1306 522 SYNTAG'MA
1341 449 1728 516 CANONUM-
1772 471 1841 483 -
1877 444 2022 504 TIT.
2066 443 2113 515 Ι,
2157 441 2313 501 CAP.
2353 438 2468 497 IIl.

3241 425 3346 490 462

272 582 436 641 αὐτοῦ
461 581 527 636 ἐκ
566 578 672 634 τοῦ
718 576 799 643 κζ’
850 574 1184 648 κεφαλαίου
1213 569 1336 648 τῶν
1383 565 1520 648 περὶ
1560 563 1667 648 (of)
1698 566 1721 623 ,Α

1811 558 2029 629 .‘jusdem
2057 571 2121 648 ea;
2145 553 2314 648 capite
2338 549 2422 648 2¹1Δ
2444 562 2624 648 ear-luti):
2661 560 2777 648 ριιαι
2820 543 2883 596 de
2925 539 3131 648 Spiritu
3171 551 3353 595 sancto

209 636 359 728 ἇγῖᾰιὶ
375 636 733 728 ’ἡγεύματος
753 636 900 716 πρὸς
924 636 1038 699 τὸν
1064 642 1360 713 μακάριον
1393 636 1669 707 Ἀμφιλό-

211 721 326 797 χὶον
358 721 788 795 γεγραμμένων.

208 821 310 874 Τῶν
330 820 381 871 ἐν
406 818 468 887 τῇ
522 810 816 881 Ἐκκλησία
862 804 1296 876 πεφυλαγμένων
1353 798 1667 867 δογμάτων,

158 914 211 967 τὰ
238 910 321 980 μέν
350 910 407 962 ἐκ
453 906 547 976 τῆς
599 902 879 973 ἐγγράφου
938 896 1289 957 διδασκαλίας
1343 891 1541 962 ἔχομεν
1564 903 1578 919 ·
1607 887 1675 940 τὸ.

154 1003 197 1056 δὲ
220 1004 273 1054 ὲκ
296 997 392 1052 τῶν
413 992 722 1049 ἀποστόλων
753 988 1103 1061 παραδόσεως
1140 983 1451 1039 διαδοθέντα
1479 982 1534 1034 ἐν
1570 995 1675 1047 μυ-

156 1091 324 1161 στηρίῳ
368 1082 772 1158 παρεδεξάμεθα
794 1100 809 1113 θ
841 1080 985 1150 ἅπερ
1019 1078 1308 1149 ἀμφότερα
1344 1074 1445 1145 τὴν
1503 1074 1676 1145 αὐτὴν

159 1184 281 1252 ἰσχὺν
313 1181 415 1249 ἔχει
448 1178 579 1250 πρὸς
628 1176 726 1246 τὴν
767 1172 1073 1227 εὐσέϐειαν.
1105 1171 1215 1224 Καὶ
1256 1167 1468 1230 τούτοις
1500 1167 1676 1230 οὐδεὶς

154 1273 424 1344 ἀντερεῐ,ὂ;
450 1271 530 1334 τίς
581 1286 667 1337 γε,
705 1267 808 1321 κᾶν
872 1266 1015 1320 κατά
1066 1264 1257 1334 μικρὸν
1290 1262 1419 1330 γοῦν
1460 1259 1677 1329 θεσμῶν

153 1362 576 1434 ἐκκλησιαπικῶν
616 1361 967 1430 πεπείραται.
1001 1359 1064 1411 Εἰ
1093 1358 1200 1427 γὰρ
1225 1354 1678 1426 ἐπιχειρήσαιμεν

154 1458 208 1510 τὰ
246 1456 449 1526 ἀγραφα
481 1453 589 1506 τῶν
623 1452 787 1517 ἐθῶν,
819 1451 895 1514 ώς
952 1450 1025 1520 μὴ
1063 1448 1307 1519 μεγάλην
1355 1446 1548 1516 ἔχοντα
1580 1444 1678 1515 τὴν

153 1547 345 1617 δύναμιν
394 1542 823 1615 παραιτεῖσθαι,
876 1541 1138 1610 λάθοιμεν
1172 1538 1237 1592 ἂν
1283 1538 1362 1600 είς
1418 1537 1555 1589 αύτά
1609 1533 1679 1587 τὰ

156 1640 312 1711 καίρια
377 1636 693 1709 ζημιοῦντες
731 1635 793 1689 τὸ
848 1633 1178 1702 Εὐαγγέλιον
1209 1673 1224 1698 ,
1262 1630 1475 1700 ’μᾶλλον
1502 1628 1560 1681 δὲ
1601 1629 1682 1691 είς

157 1732 295 1803 ὄνομα
344 1732 492 1801 ψιλὸν
534 1727 923 1801 περιϊστῶντες
960 1726 1024 1780 τὸ
1078 1726 1339 1796 κήρυγμα
1370 1738 1383 1752 ·
1414 1718 1547 1787 οἷον,
1586 1721 1675 1774 ἴνα

156 1824 230 1877 τοῦ
278 1823 478 1894 πρώτου
540 1822 635 1877 καὶ
691 1818 1003 1873 κοινοτάτου
1052 1816 1274 1889 πρῶτον
1322 1811 1568 1885 μνησθῶ,
1601 1811 1680 1882 τῷ

156 1915 283 1984 τύπῳ
302 1914 387 1967 τοῦ
412 1911 645 1983 σταυροῦ
662 1910 787 1974 τοὺς
807 1911 885 1973 είς
914 1910 975 1962 τὸ
999 1910 1169 1977 ὄνομα
1189 1906 1280 1960 τοῦ
1303 1904 1507 1976 Κυρίου
1527 1902 1685 1974 ἡμῶν
1716 1910 1757 1966 Β

164 2006 310 2075 Ἰησοῦ
353 2004 586 2076 Χριστοῦ
641 2003 941 2073 ἡλπικότας
968 1997 1497 2070 κατασημαίνεσθαι,
1527 1994 1613 2059 τίς
1658 1996 1688 2048 ὁ

157 2097 538 2168 διὰγράμματος
568 2096 783 2160 διδάξας
804 2114 818 2161 ;
839 2094 913 2148 Τὸ
931 2093 1069 2166 πρὸς
1096 2091 1360 2154 ἀνατολὰς
1384 2090 1686 2160 τετράφθαι

159 2189 274 2243 κατὰ
300 2190 389 2260 τὴν
428 2186 739 2259 προσευχὴν
762 2230 778 2252 ,
810 2189 961 2240 ποῖον
994 2185 1142 2256 ἡμᾶς
1172 2182 1381 2255 ἐδίδαξε
1416 2182 1685 2252 γράμμα;

158 2278 227 2332 Τά
261 2279 346 2348 τῆς
384 2279 721 2349 ἐπικλήσεως
760 2276 978 2347 ῥήματα
1010 2274 1104 2328 ἐπὶ
1152 2275 1220 2343 τῇ
1280 2271 1548 2338 ἀναδείξει
1594 2270 1689 2324 τοῦ

158 2368 293 2440 ἄρτου
317 2370 409 2439 τῆς
451 2369 803 2441 εὐχαριστίας
851 2367 947 2421 καὶ
975 2365 1070 2420 τοῦ
1113 2364 1378 2435 ποτηρίου
1405 2364 1503 2434 τῆς
1539 2362 1692 2414 εὐλο-

159 2459 276 2528 γίας,
300 2460 377 2524 τίς
402 2460 507 2513 τῶν
533 2459 704 2528 ἁγίων
736 2458 1026 2529 ἐγγράφως
1073 2458 1207 2527 ἡμῖν
1258 2454 1644 2509 καταλέλοιπεν
1674 2470 1688 2517 ;

159 2549 219 2603 Ού
248 2551 344 2624 γὰρ
376 2551 439 2623 δὴ
469 2551 683 2615 τούτοις
718 2547 1062 2622 ἀρκούμεθα,
1094 2542 1171 2603 ὧν
1216 2550 1245 2602 ὁ
1300 2545 1626 2609 Ἀπόστολος
1654 2544 1688 2617 ἢ

160 2640 208 2693 τὺ
233 2642 543 2710 Εύαγγέλιον
576 2641 911 2714 ἐπεμνήσθη,
942 2640 1077 2696 ἀλλά
1107 2639 1201 2693 καὶ
1228 2638 1564 2710 προλέγομεν
1599 2638 1694 2691 καὶ

160 2734 441 2806 ἐπιλέγομεν
481 2736 668 2805 ἔτερα,
696 2733 772 2798 ὡς
790 2732 1032 2805 μεγάλην
1083 2732 1274 2803 ἔχοντα
1321 2732 1458 2802 πρὸς
1498 2731 1561 2784 τὸ
1592 2748 1694 2802 μυ-

164 2828 350 2897 στήριον
404 2828 500 2899 τὴν
543 2828 719 2895 ἰσχὺν,
769 2826 834 2878 ἐκ
876 2826 976 2895 τῆς
1035 2824 1282 2895 ἀγράφου
1339 2823 1689 2885 διδασκαλίας

163 2920 553 2989 παραλαϐόντες.
585 2917 925 2989 Εύλογοῦμεν
956 2916 1013 2970 δέ
1042 2915 1103 2970 τδ
1151 2913 1297 2987 ὕδωρ
1340 2915 1433 2967 τοῦ
1470 2913 1697 2984 βαπτίσ-

168 3028 326 3081 ματος,
346 3016 435 3066 καὶ
468 3014 531 3068 τὸ
576 3011 755 3065 ἔλαιον
790 3012 890 3080 τῆς
916 3010 1171 3081 κρίσεως,
1202 3008 1297 3062 καὶ
1341 3005 1567 3077 προσέτι
1598 3006 1697 3059 αύ-

165 3104 237 3156 τδν
269 3104 350 3158 τὸν
380 3104 774 3175 βαπτιζόμενον
803 3119 820 3135 ο
871 3103 980 3156 ἀπὸ
1025 3102 1196 3155 ποίων
1238 3101 1567 3170 ἐγγράφων;
1598 3099 1699 3152 οὐκ

167 3196 254 3248 ἀπὸ
271 3196 360 3265 τῆς
391 3199 757 3266 σιωπωμένης
789 3195 885 3248 καὶ⁹
935 3194 1203 3264 μυστικῆς
1236 3191 1584 3263 παραδόσεως
1608 3207 1623 3257 ;
1646 3189 1699 3243 τί

165 3264 416 3358 δέ;αύτὴν
440 3289 535 3341 τοῦ
572 3264 753 3340 ἐλαίου
785 3286 884 3356 τὴν
936 3285 1117 3355 χρίσιν
1150 3284 1235 3347 τίς
1270 3283 1427 3351 λόγος
1456 3299 1705 3353 γεγραμ-
1730 3264 1773 3321 C

171 3376 304 3442 μένος
325 3378 521 3443 ἐδίδαξε
545 3395 562 3442 ;
597 3376 656 3429 τὸ
680 3376 736 3429 δὲ
758 3377 879 3445 τρὶς
903 3374 1265 3445 βαπτίζεσθαι
1290 3372 1381 3426 τὸν
1417 3371 1706 3442 ἄνθρωπον

168 3465 306 3520 πόθεν
332 3484 346 3532 ;
373 3469 504 3525 ἀλλα
538 3468 602 3521 δέ
630 3468 729 3521 ὅσα
749 3467 878 3537 περὶ
899 3465 960 3518 τὺ
979 3464 1279 3536 βάπτισμα,
1303 3462 1709 3519 ἀποτάσσεσθαι

169 3559 231 3629 τῷ
262 3562 463 3634 Σατανᾷ
499 3562 601 3616 καὶ
649 3563 762 3623 τοῖς
804 3559 1057 3628 ἀγγέλοις
1089 3557 1277 3624 αὑτοῦ,
1302 3560 1365 3610 ἐκ
1400 3555 1561 3619 ποίας
1593 3556 1711 3608 ἐστὶ⁵

169 3657 385 3726 γραφῆς
419 3658 518 3711 ούκ
558 3659 625 3711 ἐκ
651 3656 751 3727 τῆς
767 3653 1161 3727 ἀδημοσιεύτου
1190 3654 1395 3724 ταύτης
1421 3655 1515 3706 καὶ
1541 3653 1712 3725 ἀπορο

173 3747 311 3814 ρήτου
362 3746 712 3811 διδασκαλίας
737 3788 751 3813 ,
808 3746 875 3817 ἢν
921 3746 978 3798 ἐν
1021 3745 1570 3815 ἀπολυπραγμονήτῳ
1616 3745 1712 3798 καὶ

172 3836 561 3910 ἀπεριεργάστῳ
594 3840 720 3909 σιγῇ
750 3840 799 3891 οἱ
833 3837 1067 3907 πατέρες
1088 3838 1243 3908 ὴμῶν
1268 3836 1541 3906 ἐφύλαξαν
1566 3854 1581 3903 ;
1614 3854 1710 3891 κα-

170 3926 257 3990 λῶς
283 3930 446 3983 ἐκεῖνο
493 3929 891 3999 δεδιδαγμένοι,
925 3929 1037 3982 τῶν
1082 3929 1395 3999 μυστηρίων
1434 3930 1503 3982 τά
1538 3930 1711 3999 σεμνά

174 4022 324 4090 σιωπῇ
365 4020 727 4086 διασώζεσθαι
759 4036 774 4050 ’
811 4020 848 4074 ἀ
888 4021 996 4091 γὰρ
1036 4020 1157 4074 οὐδὲ
1186 4018 1507 4074 ἐποπτεύειν
1534 4022 1709 4089 ἔξεστι

2051 625 2121 679 ad
2149 613 2355 677 beatum
2387 613 2807 687 Amphilochium
2834 613 3070 682 scripsit.

1845 780 1925 834 Ex
1964 775 2266 834 asservatis
2312 774 2369 827 in
2403 770 2640 828 Ecclesna
2674 768 3024 838 dogmatibus
3053 776 3114 823 et
3152 765 3357 838 pradi-

1775 867 2105 927 cationibus,
2142 863 2247 918 alia
2277 860 2495 931 quidem
2542 859 2810 913 habemus
2855 871 2888 911 e
2933 856 3189 911 doctrina
3216 854 3358 910 scri-

1775 968 1869 1030 pto
1914 957 2161 1028 prodita;
2217 952 2325 1008 alia
2379 965 2510 1006 vero
2564 949 2804 1005 nobisin
2843 946 3103 1019 mysterio
3155 946 3358 1001 tradita

1777 1046 2089 1116 recepimus
2146 1057 2214 1096 ex
2264 1039 2561 1095 traditione
2632 1036 3047 1108 apostolorum:
3122 1046 3361 1104 quorum

1777 1146 2010 1206 utraque
2048 1135 2157 1189 vim
2196 1130 2443 1188 eamdem
2490 1129 2694 1184 habent
2722 1128 2790 1183 ad
2825 1127 3079 1197 pietatem
3109 1143 3124 1187 ;
3160 1141 3263 1180 nec
3292 1123 3361 1181 iis

1783 1224 2079 1294 quisquam
2109 1219 2489 1277 eontradicet:
2532 1217 2717 1273 nullus
2758 1223 2928 1280 certe,
2959 1214 3053 1284 qui
3089 1214 3171 1268 vel
3214 1214 3365 1267 tenui

1781 1308 2120 1381 experientia
2171 1306 2385 1362 noverit
2444 1319 2564 1375 quae
2616 1304 2727 1359 sint
2776 1302 3033 1359 Ecclesiae
3087 1302 3360 1358 instituta.

1780 1402 1917 1458 Nam
1977 1401 2023 1458 si
2076 1398 2503 1455 consuetudines
2542 1412 2664 1466 quae
2716 1394 2922 1466 script’o
2972 1394 3204 1464 prodita:
3251 1408 3365 1448 non

1782 1502 1931 1554 sunt.
1962 1502 2221 1560 tanquam
2249 1491 2392 1545 haud
2424 1490 2657 1543 multum
2691 1486 2953 1542 habentes
2986 1484 3248 1541 momenti
3273 1500 3366 1552 ag-

1782 1586 2098 1657 grediamur
2148 1584 2396 1654 rejicere,
2459 1581 2834 1650 imprudentes
2885 1577 3237 1645 Evangelium
3304 1577 3361 1629 in

1780 1676 1916 1745 ipsis
1952 1675 2120 1729 rebus
2152 1673 2442 1743 praecipuis
2489 1672 2768 1733 laudemus,
2817 1670 2925 1723 imo
2958 1668 3141 1738 ponius
3179 1665 3366 1735 praedi.

1782 1768 2053 1822 cationem
2102 1766 2170 1820 ad
2222 1766 2429 1820 nudum
2474 1779 2670 1819 nomen
2732 1762 3147 1819 contrahemus.
3196 1752 3363 1815 Verbi

1786 1856 1983 1926 gratia,
2014 1862 2076 1907 ut
2109 1853 2230 1923 ejus
2273 1852 2419 1923 quod
2453 1852 2687 1921 primum
2734 1860 2815 1906 est
2841 1859 2895 1906 et
2926 1848 3366 1917 vulgatissimum

1793 1944 1972 2014 primo
2018 1944 2140 1999 loco
2184 1958 2606 1998 commemorem
2633 1961 2645 1996 :
2689 1952 2745 1996 ut
2777 1941 2934 2010 signo
2964 1941 3145 1996 crucis
3173 1954 3239 1993 eo
3272 1938 3366 2007 qui

1795 2050 1946 2106 spem
1995 2036 2268 2090 collocant
2317 2035 2371 2089 in
2403 2033 2630 2089 Christo
2665 2020 2967 2105 signemus.
3010 2032 3136 2103 quis
3163 2031 3367 2101 scripto

1795 2123 2015 2179 docuit?
2062 2122 2131 2178 Ut
2164 2124 2230 2177 ad
2271 2124 2535 2179 orientem
2574 2122 2717 2177 versi
2774 2135 3079 2191 precemur,
3116 2134 3238 2189 quae
3267 2132 3366 2172 nos

1795 2214 1980 2269 docuit
2006 2214 2288 2282 Scriptura
2310 2213 2333 2267 ?
2356 2211 2722 2268 luvocationis
2745 2212 2910 2267 verba
2935 2226 3060 2266 cum
3081 2209 3368 2265 coniicitur

1797 2306 1953 2379 panis
2003 2305 2367 2362 Eucharistiae
2397 2315 2451 2361 et
2498 2305 2752 2375 poculum
2788 2301 3203 2367 benedictionis,
3242 2299 3368 2370 quis

1797 2406 2110 2452 sanctorum
2137 2396 2190 2450 in
2239 2397 2447 2465 scripto
2489 2394 2643 2450 nobis
2668 2393 2923 2464 reliquit?
2951 2392 3063 2448 Nec
3103 2393 3249 2446 enim
3283 2390 3370 2445 his

1798 2487 2037 2542 contenti
2090 2502 2304 2553 sumus,
2350 2502 2472 2556 quae
2514 2493 2906 2541 commemorat
2934 2484 3226 2555 Apostolus
3276 2491 3373 2536 aut

1799 2577 2178 2648 Evangelium,
2208 2592 2395 2631 verum
2422 2578 2527 2631 alia
2566 2591 2785 2647 quoque
2818 2587 2871 2630 et
2898 2584 3026 2629 ante
3064 2583 3118 2629 et
3146 2582 3267 2643 post
3288 2572 3373 2626 di-

1801 2672 1997 2734 cimus,
2026 2680 2283 2741 tanquam
2324 2670 2555 2725 multum
2582 2668 2831 2723 habentia
2865 2666 3123 2721 momenti
3161 2665 3229 2720 ad
3254 2680 3373 2734 my-

1806 2762 2052 2828 sterium,
2101 2777 2222 2832 quae
2249 2777 2315 2815 ex
2356 2761 2648 2815 traditione
2678 2774 2784 2814 non
2813 2760 3010 2828 scripta
3041 2758 3373 2827 accepimus.

1805 2849 2181 2928 Benedicimus
2208 2857 2387 2904 autem
2420 2857 2474 2904 et
2499 2863 2696 2918 aquam
2727 2845 3083 2916 baptismatis,
3115 2854 3169 2898 ct
3195 2844 3377 2899 oleum

1806 2938 2099 3002 unctionis,
2150 2937 2261 2991 imo
2306 2937 2485 3006 ipsum
2532 2940 2696 2990 etiam
2728 2933 2819 3004 qui
2869 2932 3199 3001 baptismum
3230 2930 3379 2987 acci-

1805 3025 1904 3096 pit.
1936 3024 2015 3078 Ex
2045 3024 2245 3093 quibus
2303 3023 2557 3094 scriptis?
2589 3022 2776 3077 Nonne
2802 3036 2831 3075 a
2869 3021 3030 3075 tacita
3063 3029 3382 3088 secretaque

1812 3117 1919 3187 18
1960 3115 2295 3171 traditione?
2342 3114 2518 3185 ipsam
2562 3130 2691 3170 vero
2719 3114 2825 3169 olei
2877 3114 3210 3176 unctionem,
3258 3111 3384 3181 quis

1808 3223 1991 3264 sermo
2040 3210 2242 3281 scripto
2291 3210 2543 3279 proditus
2575 3207 2800 3262 docuit?
2837 3206 2955 3261 iam
3001 3215 3083 3260 ter
3135 3204 3385 3272 immergi

1813 3301 2112 3369 hominem,
2142 3302 2288 3357 unde
2310 3301 2612 3358 haustum?
2642 3300 2870 3371 Reliqua
2898 3308 3079 3353 autem
3099 3312 3221 3367 qua:
3248 3295 3388 3350 ﬁunt

1813 3392 1868 3447 in
1900 3393 2196 3463 baptismo,
2234 3395 2399 3450 veluti
2464 3394 2782 3448 renuntiare
2828 3391 3043 3445 Satanae
3083 3399 3137 3445 et
3181 3389 3389 3457 angelis

1814 3483 1957 3552 ejus,
1987 3498 2049 3537 ex
2075 3498 2184 3553 qua
2214 3485 2483 3553 scriptura
2518 3482 2824 3537 habemus?
2850 3481 3045 3535 Nonne
3064 3494 3128 3534 ex
3163 3478 3391 3532 minime

1816 3573 2093 3641 publicata
2120 3583 2175 3627 et
2212 3589 2410 3628 arcana
2445 3575 2546 3627 hac
2577 3571 2851 3636 doctrina,
2874 3586 3038 3641 quam
3073 3580 3257 3639 patres
3289 3584 3390 3623 no-

1815 3664 1912 3718 stri
1944 3664 2162 3718 silentio
2189 3664 2374 3733 quieto
2407 3663 2739 3732 minimeque
2783 3662 3006 3718 curioso
3059 3659 3392 3715 servarunt?

1826 3753 2040 3825 Quippe
2083 3752 2215 3811 illud
2244 3757 2413 3826 probe
2452 3755 2776 3819 didicerant,
2810 3753 3197 3827 mysteriorum
3236 3768 3393 3806 reve-

1818 3847 2049 3901 rentiam
2106 3847 2323 3903 silentio
2364 3846 2701 3903 conservari.
2729 3845 2862 3900 Nam
2892 3860 3014 3916 qua:
3067 3858 3166 3897 nec
3196 3843 3395 3896 intueri

1820 3937 1903 3993 fas
1925 3948 2010 3995 est
2043 3955 2150 3995 non
2181 3939 2433 4005 initiatis,
2462 3939 2554 4009 qui
2579 3938 2938 3994 conveniebat
2960 3938 3156 3992 borum
3195 3933 3398 3989 doctri-

1818 4047 1943 4085 nam
1974 4032 2197 4103 scriptis
2229 4016 2433 4104 v'ulgari
2456 4029 2479 4084 ?

174 4115 267 4176 τοῖς
298 4117 581 4187 ἀμυήτοις,
618 4114 822 4169 τούτων
850 4116 966 4179 πῶς
988 4115 1054 4169 ἂν
1082 4111 1149 4186 ἦν
1180 4116 1326 4180 εἰκὸς
1341 4117 1438 4187 τὴν
1461 4117 1809 4177 διδασκαλίαν
1837 4125 2192 4195 θριαμϐεύειν
2216 4131 2271 4183 ἐν
2301 4129 2624 4199 γράμμασιν
2647 4145 2662 4192 ;

676 4208 784 4263 Kal
828 4206 957 4277 μεθ’
996 4206 1185 4275 ἕτερα.

233 4293 387 4366 Οὗτος
432 4304 460 4357 δ
487 4302 649 4370 λόγος
673 4302 774 4372 τῆς
819 4300 926 4353 τῶν
950 4300 1216 4371 ἀγράφων
1249 4302 1623 4373 παραδόσεως,
1642 4306 1718 4371 ὡς

179 4392 241 4464 μὴ
288 4396 758 4467 καταμεληθεῖσαν
797 4393 908 4447 τῶν
939 4393 1226 4465 δογμάτων
1259 4395 1360 4464 τὴν
1398 4396 1602 4464 γνῶσιν
1632 4399 1721 4451 εύ-

2398 4219 2465 4273 Et
2519 4228 2636 4290 post
2700 4218 2831 4272 alia.

1896 4310 2022 4366 llaec
2052 4319 2139 4366 est
2178 4309 2335 4374 ratio,
2370 4325 2469 4365 cur
2510 4308 2760 4379 quaedam
2813 4306 2950 4362 citra
2981 4306 3248 4377 scriptum
3286 4313 3398 4359 tra-

1826 4400 1939 4455 dita
1972 4400 2105 4465 sint,
2148 4415 2217 4454 ne
2261 4398 2572 4470 dOgmatum
2619 4399 2808 4452 nclitia
2860 4397 3125 4469 neglecta,
3178 4405 3403 4466 propter

178 4488 560 4559 καταφρόνητον
582 4489 700 4549 τοῖς
728 4484 942 4548 πολλοῖς
985 4484 1239 4553 γενέσθαι
1275 4485 1364 4539 διὰ
1416 4487 1721 4557 συνήθειαν.

1831 4490 2239 4546 assuetudinem
2282 4490 2445 4559 vulgo
2479 4490 2689 4544 veniret
2727 4490 2779 4542 in
2815 4498 3207 4558 contemptum.
3240 4487 3403 4542 Aliud

182 4576 321 4630 ’Δλλο
368 4579 475 4649 γὰρ
515 4579 697 4649 δόγμα
735 4577 830 4631 καὶ
872 4577 1001 4631 ἄλλο
1049 4578 1344 4649 κήρυγμα·
1376 4578 1445 4631 τὰ
1486 4580 1582 4649 μὲν
1614 4582 1721 4652 γὰρ

178 4666 397 4739 δόγματα
445 4672 745 4735 σιωπᾶται,
781 4668 851 4722 τά
882 4669 938 4721 δὲ
959 4668 1293 4740 κηρύγματα
1321 4670 1725 4740 δημοσιεύεται.

182 4758 372 4832 Σιωπῆς
409 4763 465 4816 δὲ
498 4758 641 4825 εἶδος
680 4762 775 4815 καὶ
808 4762 842 4832 ἡ
870 4761 1132 4830 ἀσάφεια,
1227 4761 1480 4832 χρῆταιὴ
1515 4763 1727 4834 Γραφὴ,

180 4848 531 4925 δυσθεώρητον
582 4854 1075 4918 κατασκευάζουσα
1140 4853 1249 4906 τῶν
1305 4853 1593 4924 δογμάτων
1638 4857 1729 4907 τὸν

183 4939 306 5007 νοῦν,
332 4946 466 5017 πρὸς
500 4946 561 4999 τὸ
611 4946 720 4998 τῶν
744 4945 1214 5017 ξέντυγχανόντων
1262 4945 1563 5008 λυσιτελές.
1594 4946 1731 4999 Τού-

183 5048 261 5087 του
300 5038 457 5109 χάριν
518 5038 722 5101 πάντες
756 5038 854 5108 μὲν
901 5036 1117 5107 ὁρῶμεν
1148 5036 1270 5091 κατ’
1316 5036 1580 5100 ἀνατολὰς
1638 5037 1733 5090 ἐπὶ

186 5116 275 5179 τῶν
316 5131 636 5202 προσευχῶν
671 5147 685 5162 ο
722 5130 896 5201 ὀλίγοι
933 5130 990 5184 δὲ
1023 5129 1201 5201 ίσμεν,
1231 5130 1313 5184 ὅτι
1352 5131 1449 5203 τὴν
1499 5131 1732 5203 ἀρχαίαν

185 5218 530 5293 ἐπιζητοῦμεν
570 5223 805 5294 πατρίδα
836 5221 928 5276 τὸν
961 5221 1313 5293 παράδεισον,
1344 5222 1404 5276 ὃν
1433 5224 1733 5293 ἐφύτευσεν

184 5309 345 5375 ὁΘεδς
377 5316 434 5367 ἐν
479 5314 645 5385 Ἐδέμ
667 5314 808 5369 κατά
831 5314 1119 5378 ἀνατολάς.
1144 5315 1256 5367 Καὶ
1285 5314 1436 5386 ὀρθοὶ
1472 5314 1572 5385 μὲν
1597 5314 1735 5385 πλη-

188 5401 366 5473 ροῦμεν
397 5407 499 5470 τὰς
544 5407 709 5477 εύχάς
737 5409 793 5460 ἐν
831 5409 899 5478 τῇ
932 5408 1031 5478 μιᾷ
1061 5407 1157 5461 τοῦ
1212 5407 1511 5472 σαϐϐάτου,
1536 5408 1628 5461 τὸν
1679 5407 1735 5460 δέ

185 5490 323 5561 λόγον
361 5497 421 5549 ού
455 5499 656 5562 πάντες
707 5499 948 5569 οἴδαμεν.
991 5499 1067 5552 Οὐ
1113 5498 1223 5571 γὰρ
1272 5500 1432 5570 μόνον
1474 5498 1551 5562 ὡς
1610 5516 1737 5551 συν·

186 5589 498 5655 αναστάντες
528 5592 768 5664 Χριστῷ,
784 5594 879 5648 καὶ
894 5592 961 5647 τὰ
981 5593 1093 5648 ἀνω
1120 5593 1304 5666 ζητεῖν
1332 5593 1658 5661 ὀφείλοντες,
1682 5594 1739 5647 ἐν

187 5677 245 5745 τῇ
294 5681 644 5755 ἀναστασίμῳ
674 5684 858 5757 ἡμέρᾳ
885 5685 989 5754 τῆς
1023 5686 1315 5758 δεδομένης
1343 5687 1474 5755 ἡμῖν
1497 5687 1739 5755 χάριτθς,

189 5764 263 5820 διὰ
276 5770 370 5839 τῆς
383 5774 527 5826 κατὰ
540 5776 635 5843 τὴν
649 5776 958 5849 προσευχὴν
995 5775 1257 5844 στάσεως,
1280 5778 1503 5841 ἑαυτοὺς
1539 5776 1741 5847 ύπομιο

253 5886 293 5917 ¹²
326 5888 461 5943 Gen.
497 5905 562 5955 ιι,
593 5909 644 5947 x.

1829 4582 2015 4653 utique
2057 4588 2142 4637 est
2171 4582 2388 4651 dogma,
2429 4580 2575 4635 aliud
2614 4580 2944 4646 praedicatio.
2976 4578 3113 4635 Nam
3147 4580 3405 4651 dogmata

1829 4674 2081 4738 silentur,
2113 4671 2535 4743 praedicationes
2571 4687 2703 4727 vero
2751 4672 3121 4741 publicantur.
3160 4670 3257 4728 Est
3308 4687 3405 4726 au-

1829 4772 1937 4819 tem
1990 4764 2194 4820 silentii
2245 4765 2460 4833 species
2505 4763 2670 4817 etiam
2717 4762 3028 4819 obscuritas
3074 4779 3181 4835 qua
3235 4764 3407 4819 utitur

1831 4853 2138 4926 Scriptura,
2213 4854 2486 4909 intellectu
2551 4855 2828 4910 difficilem
2885 4854 3120 4911 reddens
3184 4855 3408 4927 dogma-

1833 4955 1946 5002 tum
1996 4946 2348 5009 sententiam,
2406 4947 2569 5017 idque
2620 4945 2687 5001 ad
2746 4948 3039 5019 legentium
3093 4948 3404 5002 utilitatem.

1832 5036 1987 5093 Hanc
2034 5037 2106 5092 ob
2159 5052 2384 5093 causam
2425 5051 2615 5092 omnes
2656 5046 2969 5107 spectamus
3002 5035 3068 5091 ad
3099 5038 3362 5092 orientem
3392 5076 3406 5098 .

1833 5146 1957 5188 cum
2006 5145 2316 5202 precamur,
2380 5130 2539 5200 pauci
2597 5138 2778 5184 tamen
2827 5130 3101 5192 novimus,
3157 5131 3302 5200 quod
3355 5130 3409 5182 id

1835 5222 2101 5279 facientes
2142 5222 2425 5293 antiquam
2483 5222 2821 5293 requirimus
2860 5222 3113 5294 patriam,
3162 5222 3415 5278 videlicet

1836 5315 2173 5385 paradisum,
2200 5330 2359 5383 quem
2388 5315 2652 5386 plantavit
2680 5313 2825 5369 Deus
2852 5317 2905 5370 in
2935 5314 3081 5371 Edcn
3122 5315 3187 5370 ad
3234 5315 3416 5371 orien-

1838 5418 1944 5464 tem
1993 5409 2060 5461 ".
2100 5408 2278 5463 Erecti
2329 5408 2511 5462 itidem
2554 5408 2871 5479 perﬁcimns
2921 5408 3329 5478 deprecationcs
3360 5409 3413 5462 in

1841 5516 1948 5556 una
1983 5500 2231 5566 Sahbati,
2283 5500 2377 5554 sed
2429 5500 2695 5555 rationem
2750 5515 2857 5555 non
2891 5516 3085 5556 omnes
3142 5500 3414 5555 novimus.

1841 5592 1960 5646 Non
2016 5592 2161 5646 enim
2217 5590 2393 5646 solum
2445 5591 2590 5661 quod
2624 5592 2787 5646 veluti
2828 5592 2992 5648 simul
3045 5607 3171 5647 cum
3201 5590 3422 5646 Christo

1844 5684 2177 5746 resuscitati,
2213 5698 2334 5753 quae
2381 5699 2600 5739 sorsum
2645 5693 2773 5739 sunt
2824 5700 3070 5755 querere
3098 5685 3417 5748 debeamus,

1848 5776 1901 5830 in
1962 5775 2051 5831 die
2110 5774 2529 5830 resurrectionis
2583 5776 2723 5831 data:
2773 5778 2927 5834 nobis
2985 5780 3173 5849 gratia:
3228 5777 3423 5832 stando
