3908 6296
609 379 716 444 463

1755 379 2014 441 ΡΗΟΤΙῙ
2049 381 2175 442 ΡΛἸ

2281 379 2552 471 sacrm:
2576 380 2684 440 CP.
3729 391 3808 456 τοι

611 497 895 560 precantes
926 488 1292 561 nosmetipsos
1318 488 1873 552 commonefacimns.
1915 491 2007 546 sed
2041 492 2175 562 quod

2297 489 2638 560 μνήσκομεν,
2671 485 2783 540 ἀλλ’
2827 485 2909 540 ὅτι
2965 487 3112 541 δοκεῖ
3143 505 3258 553 πως
3285 489 3378 543 τοῦ
3415 491 3811 566 προσδοκωμένου

612 585 659 638 is
684 581 801 638 dies
860 581 1106 637 videatur
1133 582 1315 652 aliquo
1338 582 1497 636 modo
1535 582 1713 650 imago
1742 583 1952 636 venturi
1982 583 2187 637 saeculi.

621 675 805 741 quue
848 688 974 727 cum
1009 673 1080 727 sit
1118 673 1447 742 principium
1480 674 1715 740 dierum,
1754 689 1864 727 non
1899 675 2109 742 primus
2158 690 2185 727 a

611 768 814 837 Moyse,
849 767 943 822 sed
970 780 1112 819 unus
1138 765 1440 834 appellatus
1471 773 1573 818 est.
1608 762 1778 816 Facta
1803 774 1879 817 est
1905 764 2062 830 enim,
2108 764 2190 816 in-

609 862 749 931 quit,
767 875 1000 928 vespera,
1027 867 1074 912 et
1096 858 1294 927 factum
1312 865 1389 910 est
1413 856 1518 926 19
1542 873 1712 919 mane,
1733 856 1842 909 dies
1875 873 2011 909 unus
2031 855 2183 909 "-‘3:

611 961 870 1022 tanquam
911 950 1004 1021 qui
1056 964 1201 1019 saepe
1236 958 1505 1004 recurrat.
1547 947 1717 1017 Igitur
1742 964 1882 1003 unus
1911 957 1996 1004 est
2044 947 2185 1002 idem

610 1052 666 1098 ct
690 1052 937 1105 octavus,
975 1056 1140 1096 unum
1191 1040 1343 1093 illum
1397 1042 1728 1110 singularem
1760 1056 1826 1095 ac
1864 1056 2056 1094 verum
2101 1055 2188 1094 oc-

609 1145 816 1201 tavum,
861 1134 1020 1203 cujus
1053 1144 1107 1188 et
1164 1133 1444 1202 psalmista
1496 1133 1548 1186 in
1580 1133 1904 1202 quibusdam
1949 1133 2186 1202 psalmo-

609 1243 728 1283 rum
761 1225 1214 1296 inscriptionibus
1247 1224 1499 1278 meminit
1529 1226 1602 1288 ”,
1629 1239 1724 1293 per
1756 1239 1814 1279 sc
1846 1224 2182 1293 signiﬁcans,

608 1327 804 1373 statum
884 1317 1139 1372 videlicet
1204 1317 1308 1372 hoc
1379 1327 1593 1386 tempus
1646 1325 1986 1377 secuturum,
2041 1316 2184 1370 diem

610 1427 720 1465 non
767 1410 1096 1473 desiturum,
1140 1424 1379 1476 vesperae
1411 1409 1678 1473 nescium,
1732 1407 2068 1462 successoris
2090 1422 2187 1461 ex-

607 1507 837 1568 pertem,
882 1513 1056 1552 aevum
1107 1496 1238 1550 illud
1282 1511 1560 1566 nunquam
1600 1495 1897 1549 finiendum
1950 1510 2050 1550 nec
2086 1511 2186 1548 uu-

607 1607 771 1662 quam
804 1605 1120 1646 senescens.
1170 1589 1494 1645 Necessario
1525 1589 1687 1658 igitur
1719 1588 1771 1642 in
1805 1589 1908 1642 hoc
1945 1587 2032 1641 die
2084 1585 2186 1641 Ec-

607 1681 771 1738 clesia
824 1697 954 1738 suos
1010 1683 1262 1736 alumnos
1315 1682 1474 1735 docet
1523 1697 1712 1752 preces
1795 1696 1923 1734 snas
1988 1679 2185 1736 stando

608 1776 913 1837 absolvere,
965 1785 1045 1839 ut,
1087 1775 1310 1830 assidua
1366 1775 1792 1828 commonitione
1847 1774 1969 1828 vitze
2039 1774 2186 1828 illius

609 1885 886 1938 nunquam
919 1868 1195 1936 desiturae,
1238 1883 1347 1922 non
1380 1868 1717 1936 negligamus
1749 1869 1813 1920 ad
1855 1883 1973 1921 eam
2009 1868 2181 1920 demi-

607 1963 908 2032 grationem
970 1976 1164 2031 parare
1213 1960 1494 2014 viaticum.
1536 1959 1678 2026 Quin
1730 1971 1782 2013 et
1839 1970 2008 2014 totum
2050 1960 2180 2013 illud

606 2053 1002 2124 quinquaginta
1056 2052 1264 2105 dierum
1307 2059 1522 2119 tempus
1554 2050 1858 2105 admonitio
1887 2060 1972 2104 est
2000 2065 2183 2104 resur-

609 2145 886 2208 rectiOnis,
945 2160 1107 2214 quam
1171 2145 1222 2197 in
1284 2145 1456 2198 altero
1525 2143 1725 2197 sarculo
1779 2153 2180 2211 exspectamus.

606 2237 721 2290 5am
772 2252 913 2292 unus
942 2236 1030 2290 ille
1061 2245 1118 2290 et
1157 2236 1368 2306 primus
1391 2236 1507 2290 dies
1540 2235 1740 2305 septies
1767 2236 2179 2303 multiplicatus,

605 2337 810 2398 septem
859 2343 1030 2383 sacra:
1113 2336 1457 2398 pentecostes
1510 2328 1877 2382 hebdomadas
1927 2327 2178 2381 absolvit.

604 2424 648 2474 Α
677 2421 853 2491 primo
887 2421 1031 2475 enim
1071 2419 1359 2488 incipiens,
1415 2419 1468 2472 in
1511 2420 1761 2474 eumdem
1823 2420 2043 2484 desinit,
2087 2435 2182 2489 per

604 2513 834 2574 similes,
876 2514 968 2582 qui
995 2515 1051 2565 in
1103 2511 1281 2566 medio
1333 2512 1697 2575 intercedunt,
1750 2511 1868 2565 dies
1907 2510 2178 2580 quinqua-

602 2607 718 2676 gies
763 2606 1035 2660 evolutus.
1096 2605 1250 2658 Unde
1307 2612 1362 2657 et
1416 2604 1773 2657 aiternitatem
1829 2603 2182 2658 similitudine

603 2698 785 2762 refert,
814 2699 944 2752 dum
979 2697 1125 2750 velut
1159 2696 1211 2748 in
1247 2705 1396 2749 motu
1421 2695 1701 2759 circulari,
1752 2696 1822 2750 ab
1861 2696 2051 2750 iisdem
2085 2711 2178 2748 or-

602 2807 698 2846 sus
729 2791 901 2861 signis
944 2790 998 2843 in
1034 2787 1224 2843 eadem
1275 2787 1494 2841 desinit.
1543 2788 1663 2853 Quo
1697 2789 1748 2841 in
1792 2788 1901 2853 die,
1938 2789 2180 2859 corporis

599 2892 783 2937 erecto
851 2881 1034 2935 habitu
1084 2881 1294 2950 precari
1350 2881 1530 2949 patius
1585 2897 1685 2933 nos
1734 2881 1988 2934 Ecclesia:
2045 2881 2180 2936 ritus

599 2977 929 3038 docuerunt,
989 2973 1247 3026 nimirum
1300 2987 1397 3040 per
1441 2971 1744 3026 evidentem
1793 2973 2180 3026 coinmonitio-

601 3083 722 3120 nem
753 3066 909 3135 quasi
938 3062 1332 3120 transferentes
1359 3073 1595 3117 mentem
1622 3071 1860 3116 nostram
1883 3079 1912 3117 a
1946 3079 2181 3132 praesen-

2292 582 2487 644 αἰῶνος
2510 579 2646 634 εἶναι
2672 579 2855 634 εἰκών.
2887 579 2977 633 Διὸ
3010 581 3105 634 καὶ
3138 583 3280 654 ἀρχὴ
3313 578 3448 636 οὖσα
3470 584 3692 654 ἡμερῶν,
3718 594 3813 663 οὐχὶ

2292 673 2481 747 πρώτη
2503 675 2653 746 παρά
2675 674 3112 740 Μωῦσέως,ἀλλά
3136 676 3231 744 μία
3248 675 3582 746 ὠνόμασται.
3599 679 3815 750 Ἐγένετο

2290 767 2422 837 γὰρ.
2480 767 2668 838 φησιν,
2723 767 2972 836 ἑσπέρα,
3025 769 3122 822 καὶ
3169 768 3405 838 ἐγένετο
3447 769 3610 836 πρωϊ,
3665 775 3816 844 ἡμέρα

2283 859 2415 927 μία,
2461 859 2538 922 ὡς
2576 859 2678 929 τῆς
2707 861 2873 930 αὐτῆς
2913 859 3392 930 ἀνακυκλουμένης
3435 859 3697 926 πολλάκις.
3732 868 3817 920 Καὶ

2291 952 2392 1021 μία
2419 952 2600 1006 τοίνυν
2617 954 2651 1023 ή
2682 953 2817 1020 αὑτὴ
2843 957 2936 1006 καὶ
2965 952 3148 1023 ὀγδόη,
3169 953 3267 1023 τὴν
3294 953 3426 1022 μίαν
3453 953 3618 1015 ὅντως
3638 957 3818 1029 ἐκείνην

2289 1045 2384 1097 καὶ
2409 1043 2665 1116 ἀληθινὴν
2695 1043 2908 1115 ὀγδόην,
2937 1039 3003 1116 ἦς
3033 1045 3126 1098 καὶ
3143 1048 3170 1097 ὁ
3194 1044 3487 1116 ψαλμῳδὸς
3508 1043 3563 1095 ἕν
3583 1050 3818 1102 τισινὲπι-

2288 1138 2528 1205 γραφαῖς
2567 1136 2674 1189 τῶν
2709 1136 2941 1206 ψαλμῶν
2972 1136 3291 1207 ἐπεμνήσθη
3325 1153 3338 1166 ·
3369 1137 3436 1189 δι’
3467 1137 3657 1206 ἑαυτῆς
3675 1140 3821 1208 ὲμτα-

2291 1227 2514 1291 νίζουσα
2535 1226 2635 1295 τὴν
2663 1228 2802 1298 μετά
2829 1227 2920 1282 τὸν
2944 1228 3134 1298 χρόνον
3161 1228 3350 1280 τοῦτον
3384 1226 3721 1290 κατάστασιν,
3743 1233 3821 1302 τὴν

2287 1316 2566 1370 ἄπαυστον
2597 1318 2829 1387 ἡμέραν,
2861 1318 2959 1388 τὴν
2983 1318 3305 1390 ἀνέσπερον,
3329 1317 3426 1389 τὴν
3448 1317 3729 1388 ἀδιάδοχον,
3751 1323 3824 1375 τὸν

2287 1408 2520 1478 ἄληκτον
2570 1409 2779 1462 ἐκεῖνον
2817 1410 2912 1463 καὶ
2956 1410 3152 1481 ἀγήρω
3188 1411 3398 1464 αἰῶναο
3433 1411 3728 1477 ἀναγκαίως
3751 1407 3824 1465 οὖν

2286 1501 2385 1563 τὰς
2413 1502 2469 1552 ἐν
2502 1501 2640 1572 αὐτῇ
2687 1503 2996 1572 προσευχὰς
3043 1501 3282 1564 ἑστῶτας
3336 1501 3826 1577 ἀποπληροῦντοὺς

2288 1593 2486 1663 ἑαυτῆς
2545 1595 2849 1664 τροφίμους
2899 1596 2932 1662 ἡ
2979 1594 3278 1664 Ἐκκλησία
3340 1592 3605 1656 παιδεύει,
3647 1594 3725 1646 ἵνα
3769 1599 3822 1665 τῇ

2289 1687 2505 1755 συνεχεῖ
2527 1685 2827 1755 ὑπομνήσει
2855 1685 2955 1754 τῆς
2986 1685 3341 1756 ἀτελευτήτου
3370 1684 3537 1754 ζωῆς,
3565 1684 3668 1737 τῶν
3713 1689 3824 1756 πρὸς

2286 1778 2384 1849 τὴν
2422 1778 2755 1848 μετάστασιν
2780 1778 2995 1848 ἐκείνην
3027 1778 3253 1846 ἐφοδίων
3297 1777 3372 1849 μὴ
3397 1777 3684 1848 ἀμελῶμεν
3709 1793 3720 1806 ⁸
3749 1782 3824 1831 καὶ

2288 1871 2434 1923 πᾶσα
2457 1871 2564 1941 δὲή
2594 1871 2934 1941 πεντηκοστὴ
2960 1871 3058 1940 τῆς
3084 1872 3138 1922 ἐν
3184 1871 3260 1940 τῷ
3289 1871 3445 1923 αἰῶνι
3471 1870 3825 1940 προσδοκωμέ-

2283 1983 2378 2032 νης
2421 1965 2789 2028 ἀναστάσεως,
2817 1965 3029 2034 ἀληθῶς
3067 1966 3214 2016 ἐστιν
3259 1964 3582 2034 ὑπόμνημα.
3641 1963 3700 2015 ἹΙ
3739 1963 3825 2031 γὰρ

2287 2057 2382 2126 μία
2410 2057 2593 2125 ἐκείνη
2632 2057 2727 2108 καὶ
2751 2055 2942 2126 πρώτη
2971 2056 3152 2126 ἡμέρα
3181 2056 3410 2117 ἑπτάκις
3484 2055 3826 2108 ὲπταπλασια-

2285 2148 2492 2212 σθεῖσα,
2529 2147 2627 2210 τὰς
2660 2148 2800 2201 ἑπτὰ
2830 2147 2929 2216 τῆς
2961 2148 3110 2216 ἱερᾶς
3140 2147 3515 2217 πεντηκοστῆς
3565 2147 3826 2216 ἑϐδομάδας

2283 2239 2554 2292 ἀποτελεῖ.
2597 2239 2691 2291 Ἐκ
2723 2240 2945 2310 πρώτης
2977 2240 3085 2310 γὰρ
3127 2239 3425 2310 ἀρχομένη,
3451 2240 3532 2302 είς
3559 2238 3651 2307 τὴν
3686 2239 3826 2308 αὐτὴν

2283 2332 2604 2403 καταλήγει,
2655 2331 2722 2384 δι’
2772 2331 2973 2401 ὁμοίων
3025 2331 3132 2384 τῶν
3197 2333 3254 2382 ἐν
3292 2330 3565 2401 τιξημέσῳ
3594 2330 3824 2393 ἐξελιττο-

2285 2426 2420 2495 μὲνη
2467 2425 2928 2494 πεντηκοντάκις·
2983 2423 3062 2476 διὸ
3108 2425 3201 2476 καὶ
3258 2423 3428 2475 αἰῶνα
3485 2426 3727 2492 μιμεῖται
3772 2425 3824 2492 τῇ

2280 2517 2579 2587 ὁμοιότητι,
2609 2516 2797 2586 ὥσπερ
2819 2517 2877 2569 ἐν
2902 2516 3132 2588 κυκλικῇ
3172 2514 3382 2584 κινήσει
3401 2510 3523 2568 ἀπο
3540 2515 3644 2567 τῶν
3677 2514 3825 2566 αὐτῶν

2280 2609 2556 2681 ἀρχομένη
2596 2609 2860 2678 σημείων,
2898 2610 2990 2662 καὶ
3031 2610 3110 2674 είς
3151 2608 3220 2662 τὰ
3271 2608 3410 2660 αὐτὰ
3446 2608 3824 2677 καταλήγουσα.

2294 2701 2382 2753 Ἐν
2480 2701 2539 2753 τὸ
2589 2700 2770 2770 ὄρθιον
2826 2701 3011 2771 σχῆμα
3071 2701 3169 2770 τῆς
3231 2700 3543 2770 προσευχῆς
3589 2699 3825 2768 προτιμᾷν

2279 2795 2328 2847 οἱ
2350 2793 2541 2862 οεσμο“ι
2563 2794 2660 2863 τῆς
2706 2793 3033 2864 Ἐκκλησίας
3060 2794 3210 2862 ἡμᾶς
3230 2793 3643 2858 ἐξεπαίδευσαν,
3673 2793 3730 2843 ἐκ
3747 2791 3826 2858 τῆς

2280 2883 2541 2954 ἐναργοῦς
2574 2885 2929 2954 ὑπομνήσεως
2955 2885 3117 2937 οἱονεὶ
3150 2885 3556 2953 μετοικίζοντες
3587 2882 3732 2954 ἡμῶν
3754 2883 3825 2932 τὶν

2279 2976 2405 3031 νοῦν
2438 2977 2544 3030 ἀπὸ
2560 2978 2666 3030 τῶν
2699 2978 2988 3048 παρόντων
3018 2980 3109 3030 ἐπὶ
3139 2977 3209 3030 τὰ
3242 2976 3516 3047 μέλλοντα
3551 2992 3563 3003 ³
3597 2976 3688 3028 καὶ
3725 2971 3824 3025 καθ’

2281 3068 2519 3138 ἑκάστην
2544 3068 2600 3120 δὲ
2643 3067 2992 3135 γονυκλισίαν
3024 3067 3117 3119 καὶ
3163 3066 3520 3119 διανὰστασιν
3550 3064 3691 3137 ἔργῳ
3738 3061 3825 3116 δεί-

599 3162 746 3215 tibns
777 3159 842 3213 ad
873 3157 1072 3212 futura.
1107 3155 1336 3226 Insuper
1363 3165 1415 3209 et.
1445 3156 1661 3225 quoties
1689 3171 1861 3225 genua
1885 3156 2173 3222 ﬂectimus,

2282 3175 2510 3225 κνυμεν,
2537 3157 2617 3209 ὅτι
2641 3159 2734 3210 καὶ
2756 3155 2841 3208 διὰ
2871 3156 2971 3227 τῆς
3007 3156 3280 3228 ἁμαρτίας
3303 3157 3381 3216 είς
3411 3156 3516 3225 γῆν
3554 3151 3826 3224 κατερρύη-

598 3263 652 3308 ct
695 3267 888 3306 rursus
934 3250 1214 3318 erigimur,
1267 3250 1385 3317 ipso
1435 3247 1580 3300 facto
1619 3247 1977 3314 ostendimus,
2028 3248 2174 3318 quod

598 3346 669 3401 ob
708 3352 987 3413 peccatum
1043 3343 1094 3396 in
1149 3351 1348 3396 terram
1385 3341 1594 3409 delapsi
1626 3356 1835 3404 sumus,
1862 3352 1914 3394 et
1939 3356 2034 3410 per
2070 3341 2176 3394 hu-

599 3439 915 3492 manitatem
948 3436 1066 3505 ejus
1093 3435 1183 3503 qui
1220 3434 1424 3489 creavit
1473 3449 1572 3488 nos
1605 3433 1658 3486 in
1703 3433 1904 3487 cmlum
1937 3433 2174 3487 ιὀνοοςιιὶ

598 3545 808 3584 sumus.
845 3526 1066 3582 Deficiet
1096 3541 1182 3581 me
1227 3526 1366 3589 dies,
1413 3525 1460 3579 si
1498 3523 1756 3580 Ecclesia:
1804 3525 2061 3596 mysteria
2097 3525 2175 3579 ci-

595 3631 678 3676 tra
740 3620 1004 3690 scriptum
1064 3618 1255 3673 tradita
1315 3633 1540 3688 pergam
1597 3632 1904 3673 recensere.
1969 3616 2173 3672 Omitto

594 3721 830 3767 czctera:
864 3711 1034 3781 ipsam
1065 3709 1188 3764 ﬁdei
1227 3709 1620 3780 professionem
1654 3710 1709 3764 in
1737 3708 1975 3774 Patrem,
1996 3718 2049 3765 et
2082 3709 2172 3763 Fi-

593 3805 821 3869 lium,et
851 3804 1116 3873 Spiritum
1149 3811 1422 3869 sanctum,
1456 3817 1487 3858 e
1524 3803 1724 3872 quibus
1753 3803 2016 3858 habemus
2043 3803 2174 3858 scri-

592 3896 742 3965 ptis?
788 3897 1001 3951 Etenim
1053 3896 1096 3950 si
1144 3895 1403 3964 quoniam
1461 3909 1524 3948 ex
1579 3894 1835 3965 baptismi
1885 3895 2173 3950 traditione

589 3990 744 4060 juxta
788 3989 1004 4059 pietatis
1039 3988 1149 4058 20
1195 3988 1665 4053 consecutionem,
1719 3995 1778 4041 ut
1807 3987 2167 4057 baptizamur,

592 4083 666 4137 ita
705 4092 760 4136 et
788 4083 1010 4136 credere
1055 4081 1342 4146 debemus,
1380 4079 1615 4134 similem
1657 4079 1928 4149 baptismo
1964 4080 2173 4150 profes-

593 4176 805 4230 sionem
867 4173 1238 4229 exhibemuso:
1289 4172 1592 4227 concedant
1647 4171 1812 4226 etiam
1870 4172 2051 4238 nobis,
2109 4181 2171 4226 ut

589 4267 742 4339 juxta
775 4265 1021 4319 eamdem
1066 4264 1514 4335 consequentiam
1557 4263 2006 4334 gloriticationem
2045 4264 2167 4320 fidei

592 4356 933 4412 consimilem
975 4357 1375 4426 persolvamus.
1412 4355 1567 4422 Quod
1593 4357 1638 4410 si
1671 4355 2012 4426 gloriﬁcandi
2049 4372 2169 4410 mo-

591 4452 720 4506 dum
761 4451 926 4507 veluti
973 4449 1160 4519 scripti
1206 4464 1314 4502 non
1360 4447 1620 4502 traditum
1673 4447 1949 4516 rejiciunt,
1987 4446 2168 4517 profc-

587 4551 713 4596 rant
748 4541 906 4596 nobis
941 4549 995 4595 et
1035 4538 1395 4609 professionis
1427 4537 1552 4592 lidei
1593 4548 1644 4592 et
1692 4548 2014 4593 cmterorum
2046 4555 2167 4610 qua:
2202 4530 2245 4586 ἰ)

587 4629 1138 4688 commemoravimus
1161 4628 1540 4698 probationem
1562 4645 1591 4681 e
1613 4628 1931 4697 Scripturis.
1955 4629 2033 4683 Ad
2054 4630 2167 4685 haec

584 4739 712 4780 cum
745 4731 852 4777 tam
882 4722 1052 4775 multa
1083 4721 1192 4775 sint
1218 4735 1337 4789 qua:
1374 4720 1578 4789 scripto
1628 4719 1839 4790 prodita
1875 4737 1981 4774 non
2015 4734 2163 4788 sunt,

584 4824 642 4870 et
681 4825 889 4870 tantum
934 4815 1136 4871 habent
1166 4813 1426 4868 momenti
1460 4813 1527 4868 ad
1580 4815 1796 4884 pictatis
1821 4818 2162 4885 mysterium,

584 4908 805 4962 unicam
835 4907 1229 4963 dictiuneulam
1260 4922 1380 4977 quae
1428 4920 1458 4958 a
1495 4906 1794 4975 majoribus
1841 4907 1908 4960 ad
1939 4922 2040 4961 nos
2066 4908 2161 4961 de-

585 5003 753 5067 venit,
782 5018 887 5054 non
912 4999 1235 5065 concedent,
1264 5013 1429 5068 quam
1463 5013 1564 5052 nos
1588 5014 1654 5052 ex
1687 4997 1996 5053 inaffectata
2030 5015 2162 5054 con-

583 5095 876 5150 suetudine
915 5094 968 5148 in
1020 5091 1297 5158 Ecclesiis,
1343 5107 1466 5161 qua:
1504 5107 1777 5162 perversae
1803 5103 1856 5147 et
1888 5103 2163 5162 corrupta:

583 5203 694 5241 non
738 5198 883 5252 sunt,
922 5194 1326 5256 permanentem
1373 5184 1703 5250 invenimus,
1747 5185 1890 5240 haud
1951 5189 2162 5240 medio-

583 5294 731 5333 crcm
787 5279 1049 5332 rationem
1099 5277 1408 5338 habentem,
1464 5294 1642 5347 neque
1677 5278 2152 5348 mediocre-adju-

583 5379 827 5426 mcntum
861 5370 926 5424 ad
961 5370 1202 5441 mysterii
1231 5370 1337 5423 vim
1373 5369 1687 5424 alfcrentem
1715 5369 1736 5421 ἳ

711 5488 967 5558 Ejusdem
998 5505 1061 5543 ex
1088 5489 1256 5559 capite
1284 5487 1354 5542 29
1382 5487 1445 5541 de
1471 5487 1652 5541 cadent
1689 5494 2022 5555 argumento.

649 5649 800 5707 Sane
825 5659 1016 5708 contra
1039 5649 1090 5704 id
1123 5646 1266 5720 quod
1311 5647 1522 5713 dicunt,
1550 5644 2000 5716 glorificationcm
2032 5663 2150 5700 cum

650 5831 773 5865 ’ωε
801 5831 933 5887 Gen.
979 5830 1094 5898 1,5.
1176 5831 1221 5861 ’θ
1251 5829 1396 5883 Ρεοῖ.
1424 5845 1473 5883 vt
1508 5838 1560 5884 et
1591 5845 1683 5884 xu.

2283 3266 2403 3319 μεν,
2440 3249 2533 3301 καὶ
2585 3248 2673 3300 διὰ
2703 3248 2800 3315 τῆς
2835 3249 3176 3319 ἀναμαρτίας
3209 3246 3301 3299 τοῦ
3359 3245 3647 3307 κτίσαντος
3683 3245 3823 3313 ἡμᾶς,

2277 3344 2356 3404 είς
2393 3340 2615 3410 οὐρανὸν
2655 3339 3057 3410 ἀνεκλήθημεν.
3104 3337 3402 3408 Ἐπιλείψει
3459 3355 3529 3406 με
3647 3335 3822 3405 ἡμέρα,

2276 3431 2343 3486 τὰ
2373 3431 2593 3501 ἄγραφα
2620 3432 2716 3502 τῆς
2760 3431 3088 3500 Ἑκκλησίας
3126 3430 3403 3500 μυστήρια
3451 3411 3822 3497 διηγούμενον·

2275 3524 2348 3576 ἐῶ
2381 3523 2549 3578 τᾶλλα
2579 3539 2592 3551 ·
2629 3521 2797 3595 αὐτὴν
2818 3524 2874 3576 δὲ
2910 3523 3009 3593 τήν
3036 3522 3329 3590 ὁμολογίαν
3352 3521 3452 3589 τῆς
3477 3521 3730 3581 πίστεως,
3754 3533 3824 3568 πι-

2276 3616 2487 3672 στεύειν
2525 3619 2603 3682 είς
2633 3619 2873 3688 Πατέρα,
2898 3616 2990 3672 καὶ
3023 3616 3169 3681 Υἱὸν,
3193 3617 3286 3668 καὶ
3323 3615 3476 3683 ἅγιον
3511 3613 3744 3682 Πνεῦμα,
3775 3613 3825 3662 ὲκ

2281 3715 2448 3772 ποίων
2496 3710 2838 3781 γραμμάτων
2871 3708 3065 3780 ἔχομεν
3090 3724 3104 3772 ;
3129 3707 3191 3760 El
3230 3707 3330 3776 μὲν
3369 3706 3479 3776 γὰρ
3529 3707 3595 3758 ὲκ
3631 3704 3720 3774 τῆς
3747 3700 3824 3754 τοῦ

2277 3807 2650 3882 βαπτίσματος
2674 3802 3048 3873 παραδόσεως,
3072 3801 3214 3854 κατά
3232 3800 3291 3852 τὸ
3317 3799 3412 3867 τῆς
3433 3796 3827 3858 εὐσεϐείαςάκό-

2273 3901 2481 3965 λουθον,
2509 3900 2582 3962 ὡς
2615 3895 3008 3969 βαπτιζόμεθα,
3027 3892 3170 3946 οὕτω
3191 3893 3282 3945 καὶ
3316 3893 3599 3945 πιστεύειν
3617 3887 3825 3958 ἐφείλον-

2271 4010 2383 4058 τες,
2419 3991 2612 4061 ὁμοίαν
2654 3988 2731 4058 τῷ
2778 3987 3117 4058 βαπτίσματι
3151 3983 3248 4053 τὴν
3279 3983 3576 4054 ὁμολογίαν
3629 3997 3825 4034 κατατι·

2273 4082 2499 4154 θέμεοα,
2536 4080 3046 4150 συγχωρησάτωσαν
3073 4078 3204 4147 ἡμῖν
3249 4079 3312 4129 ὲκ
3353 4076 3453 4145 τῆς
3493 4075 3664 4142 αὐτῆς
3717 4075 3824 4125 ἁκο-

2271 4175 2506 4238 λουθίας,
2535 4173 2724 4243 ὁμοίαν
2759 4175 2826 4241 τῇ
2867 4169 3047 4222 πίστει
3082 4169 3180 4238 τὴν
3227 4166 3384 4230 δόξαν
3426 4165 3750 4219 ἀποδιδόναι.
3774 4161 3825 4212 Εἰ

2270 4268 2327 4321 δὲ
2355 4268 2446 4320 τὸν
2480 4265 2680 4336 τρόπον
2728 4264 2828 4332 τῆς
2886 4260 3196 4330 δοξολογίας
3247 4259 3322 4321 ὡς
3360 4258 3617 4328 ἄγραφον
3649 4271 3824 4325 παραι-

2270 4358 2508 4424 τοῦνται,
2542 4357 2781 4409 δότωσαν
2811 4356 2942 4424 ήμῖν
2971 4354 3070 4420 τῆς
3092 4369 3152 4404 τε
3190 4351 3333 4404 κατά
3367 4353 3466 4420 τὴν
3500 4350 3684 4405 πίστιν
3712 4349 3823 4415 ὁμο-

2270 4451 2476 4520 λογίας,
2507 4451 2600 4503 καὶ
2626 4448 2732 4500 τῶν
2757 4447 2960 4499 λοιπῶν
2987 4438 3060 4498 ὧν
3087 4443 3625 4516 ἁπηριῦμησάμεθα,
3652 4440 3826 4508 ἐγγρά-

2272 4561 2406 4613 φους
2431 4542 2529 4604 τὰς
2548 4539 2870 4605 ἀποδείξεις.
2909 4534 3041 4591 Εἶτα
3059 4536 3328 4591 τοσούτων
3365 4535 3539 4588 ὄντων
3563 4533 3824 4602 ἀγράφων,

2273 4635 2368 4688 καὶ
2419 4631 2687 4700 τοσαύτην
2738 4629 2968 4700 ἐχόντων
3021 4629 3171 4697 ἰσχὺν
3206 4627 3284 4690 είς
3327 4627 3388 4678 τὸ
3422 4627 3524 4696 τῆς
3567 4621 3826 4679 εὐσεϐείας

2276 4725 2594 4797 μυστήριον,
2633 4723 2760 4792 μίαν
2800 4720 2945 4787 λέξιν
2994 4721 3126 4790 ἡμῖν
3169 4721 3234 4772 ὲκ
3283 4718 3548 4787 Πατέρων
3586 4719 3664 4779 είς
3701 4714 3825 4783 ἡμᾶς

2271 4818 2530 4872 ἐλθοῦσαν
2572 4817 2630 4870 οὐ
2682 4815 3153 4884 συγχωρήσουσιν,
3188 4813 3253 4882 ἢν
3289 4813 3452 4882 ἡμεῖς
3505 4812 3572 4863 ἐκ
3605 4810 3698 4877 τῆς
3748 4809 3828 4858 ἀν-

2271 4907 2621 4979 επιτηδεύτου
2636 4905 2921 4976 συνηθείας
2938 4907 3054 4967 ταῖς
3083 4901 3464 4971 ἀδιαστρόφοις
3488 4899 3597 4953 τῶν
3616 4896 3825 4964 Ἐκκληο

2272 5000 2402 5053 σιῶν
2453 4997 2884 5069 ὲναπομείνασαν
2904 4995 3160 5067 εὖρομεν,
3192 4993 3252 5047 οὐ
3306 4993 3503 5064 μικρὸν
3546 4992 3642 5045 τὸν
3686 4988 3826 5054 λόγον

2270 5093 2496 5164 ἔχουσαν
2522 5091 2642 5145 οὐδὲ
2686 5091 2943 5162 βραχεῖαν
2981 5088 3314 5152 συντέλειαν,
3346 5089 3427 5149 εἰς
3457 5084 3557 5156 τὴν
3602 5081 3694 5137 τοῦ
3738 5096 3828 5151 p.0-

2271 5182 2490 5255 στηρίου
2517 5183 2742 5250 δύναμιν
2793 5179 3220 5251 είσφερομένην;

2272 5489 2381 5544 Τοῦ
2427 5489 2614 5544 αὑτοῦ
2655 5490 2724 5543 ἐκ
2769 5488 2876 5543 τοῦ
2919 5491 3005 5542 κθ¹
3038 5488 3148 5556 τῆς
3205 5488 3397 5556 αὐτῆς
3434 5482 3826 5556 πραγματείας

2878 5561 3232 5629 κεφαλαίου.

2336 5652 2480 5724 Πρός
2510 5669 2578 5740 γε
2609 5651 2714 5745 μὴν
2739 5651 2802 5732 τὸ
2829 5650 3144 5741 ἀμάρτυρον
3174 5649 3538 5738 και-ἄγραφον
3563 5645 3704 5702 εἶναι
3733 5643 3821 5712 τήν
