3994 6400
175 366 267 436 465
989 370 1389 434 SYNTAGMA
1425 369 1816 435 CANONUM-
1851 393 1922 405 —
1957 371 2105 432 TIT-
2149 371 2398 446 I,'CAP-
2438 372 2536 434 1v.
3285 355 3403 432 tas

178 491 261 539 σὺν
301 482 372 554 τῷ
410 483 684 553 Πνεύματι
730 483 1060 554 δοξολογίαν,
1105 489 1280 542 ἐκεῖνο
1319 489 1554 561 λέγομεν
1586 505 1600 520 °
1632 491 1745 546 ὅτι.

1852 487 2018 554 lpiritu
2049 504 2236 545 carere
2258 489 2590 550 testimonio,
2618 501 2715 540 nec
2749 483 2803 539 in
2832 482 3128 554 Scripturis
3152 495 3390 547 exstare,

177 578 326 645 εἰμὲν
359 576 518 645 μηδὲν
551 577 736 647 ἕτερον
781 578 1048 648 ἄγραφον,
1089 581 1220 650 μηδὲ
1273 580 1432 635 τοῦτο
1468 583 1709 653 παραδε-

1852 582 1950 636 .lud
1993 583 2267 637 dicimus:
2302 583 2346 636 si
2381 581 2513 634 nihil
2553 578 2698 632 aliud
2735 585 2819 633 est
2869 585 3145 645 receptum
3190 575 3396 643 absque

177 671 369 739 χοήτω·
395 670 444 720 εξ
485 667 540 720 δὲ
582 668 651 722 τὰ
707 670 930 724 πλεῖστα
982 671 1091 725 τῶν
1147 674 1424 740 μυστικῶν
1451 675 1714 745 ἀγράφως

1852 674 2144 742 lcripturis,
2174 687 2240 727 ne
2277 674 2375 726 hoc
2397 671 2613 741 quidem
2653 667 2979 736 recipiatur;
3026 667 3110 718 sin
3161 665 3393 734 plurima

176 764 288 831 ἡμῖν
308 760 735 829 ἐμπολιτεύεται,
772 763 908 832 μετὰ
941 763 1152 818 πολλῶν
1179 765 1380 837 ἑτέρων
1410 768 1506 820 καλ⁸
1557 766 1716 820 τοῦτο

1858 781 2018 819 rcana
2043 767 2178 818 citra
2204 765 2467 833 scriptum
2507 770 2721 830 recepta
2755 769 2882 814 sunt
2921 758 3098 817 nobis,
3126 771 3250 811 cum
3276 755 3397 808 aliis

176 851 594 922 καταδεξὼμεθα.
631 853 1010 909 Ἀποστολικὸν
1052 858 1108 910 δὲ
1159 855 1311 928 οἶμαι
1358 862 1453 912 καὶ
1497 860 1557 912 τὸ
1598 862 1720 924 ταῖς

1852 857 2068 911 ιιιιτὶὺιιε
2101 867 2154 910 et
2208 859 2308 910 hoc
2338 856 2685 923 recipiemus.
2729 848 2977 906 Arbitror
3022 859 3202 903 autem
3265 863 3397 915 apo-

175 943 419 1011 ἁγράφοις
472 943 804 1007 παραδόσεσι
855 948 1212 1017 παραμένειν.
1273 949 1534 1004 Ἐπαινῶ
1583 950 1716 1020 γὰρ,

1857 950 2075 1003 tolicum
2107 962 2251 1008 esse.
2273 947 2434 999 etiam
2463 963 2566 998 mm
2593 945 2812 1013 scriptis
2873 941 3261 996 traditionibus
3316 940 3398 992 in-

176 1034 338 1101 φησὶν,
365 1033 537 1100 ὑμᾶς,
562 1034 652 1087 ὅτι
684 1035 878 1090 πάντα
893 1057 1012 1106 μου
1037 1039 1368 1109 μέμνησθε,
1401 1043 1498 1096 καὶ
1525 1043 1721 1108 καθὼς

1852 1038 2251 1095 nerere.Laudo
2293 1039 2454 1100 enim,
2493 1037 2691 1104 inquit,
2738 1053 2846 1099 vox,
2893 1034 3029 1102 quod
3061 1033 3238 1086 omnia
3282 1045 3398 1082 mea

174 1125 461 1193 παρέδωκα
491 1127 633 1195 ὑμῖν
656 1127 761 1193 τὰς
782 1129 1145 1197 παραδόσεις
1173 1132 1451 1202 κατέχετε
1474 1153 1488 1167 ο
1527 1135 1619 1188 καὶ
1639 1134 1720 1198 τὸ,

1852 1129 2156 1191 meministis,
2204 1137 2253 1180 et
2301 1125 2738 1195 quemadmodum
2774 1124 2974 1177 tradidi
3009 1123 3175 1185 vobis,
3227 1119 3398 1173 tradi-

178 1217 434 1284 Kpatet'ze
461 1218 568 1284 τὰς
598 1220 956 1288 παραδόσεις
981 1222 1052 1287 (ἲς
1072 1225 1456 1290 παρελάϐετε,
1479 1226 1598 1279 εἴτε
1627 1224 1725 1277 διὰ

1852 1221 1988 1273 iones
2041 1219 2226 1272 tenetis
2275 1217 2338 1270 '°.
2371 1215 2440 1270 Et
2477 1216 2631 1279 illud,
2688 1214 2875 1268 Tenete
2909 1214 3219 1266 traditiones
3268 1224 3399 1279 quas

175 1313 364 1378 λόγου,
381 1311 499 1363 εἴτε
529 1311 601 1364 δι’
627 1312 974 1380 ἐπιστολῆς·
1004 1309 1078 1366 ὧν
1101 1316 1334 1386 μάλιστα
1363 1317 1462 1386 μία
1487 1317 1604 1370 ἐστὶ
1626 1318 1725 1371 καὶ

1852 1311 2244 1380 ιεεερὶδιίε,δὶυε
2277 1326 2368 1378 per
2395 1324 2704 1370 sermonem,
2736 1308 2841 1361 sive
2883 1321 2973 1375 per
3009 1302 3283 1373 epistolam
3316 1302 3395 1356 ³¹ς

176 1404 202 1470 ὴ
231 1403 468 1472 παροῦσα
504 1403 667 1473 αὕτη,
700 1405 766 1475 ἢν
793 1408 843 1458 οἱ
872 1407 928 1472 ἐξ
953 1409 1126 1476 ἀρχῆς
1157 1399 1542 1477 διαταξάμενοι
1599 1429 1677 1463 πα
1699 1440 1720 1452 ο

181 1494 464 1564 ραδιδόντες
490 1498 604 1557 τοῖς
632 1497 849 1566 ἐφεξῆς,
885 1500 1294 1569 ωμπροῖούσης
1321 1504 1408 1555 ἀεὶ
1440 1503 1516 1572 τῷ
1547 1504 1723 1574 χρόνῳ

178 1593 262 1658 τῆς
288 1592 551 1662 χρήσεως,
582 1591 672 1644 διὰ
699 1595 916 1663 μακρᾶς
940 1595 1040 1663 τῆς
1091 1597 1379 1666 συνηθείας
1429 1601 1550 1662 ταῖς
1601 1600 1727 1652 Ἐκ-

179 1683 406 1750 κλησίαις
457 1684 968 1757 ὲγκατεῤῥίζωσανο
995 1681 1083 1758 ἆρ’
1127 1685 1240 1750 οὖν,
1271 1691 1320 1742 εί
1354 1689 1430 1751 ὡς
1478 1693 1535 1743 ὲν
1582 1691 1732 1744 δικα-

184 1775 366 1845 στηρίῳ
396 1776 496 1845 τῆς
530 1777 620 1830 διὰ
640 1777 748 1830 τῶν
780 1780 1074 1848 ἐγγράφων
1099 1781 1428 1846 ἀποδείξεως
1454 1784 1726 1855 ἀποροῦν-

182 1883 276 1931 τες,
303 1866 592 1938 μαρτύρων
625 1869 752 1938 ὑμῖν
782 1869 984 1936 πλῆοος
1019 1872 1506 1941 παρεστησόῳεθα,
1532 1874 1633 1927 οὐκ
1661 1873 1728 1928 ἂν

181 1958 264 2025 τῆς
283 1959 524 2028 ἀφιείσης
561 1961 692 2031 παρ’
724 1961 878 2030 ὑμῶν
910 1962 1093 2032 ψήφου
1127 1962 1424 2034 τύχοιμενς
1467 1965 1608 2034 Ἐγὼ
1632 1967 1732 2036 μὲν

182 2050 330 2116 οὓτως
349 2049 500 2123 οἶμαι
535 2070 549 2085 °
585 2055 678 2108 ἐπὶ
709 2055 978 2125 στόματος
1021 2058 1129 2129 γὰρ
1163 2059 1255 2112 δύο
1283 2061 1373 2112 κα)⁸
1394 2060 1564 2131 τριῶν
1589 2079 1730 2131 μαρ-

185 2145 342 2212 τύρων
392 2144 725 2214 σταθήσεται
770 2147 880 2198 πᾶν
912 2147 1082 2218 ῥῆμα.
1114 2149 1176 2201 Ei
1219 2148 1276 2201 δὲ
1305 2151 1399 2202 καὶ
1447 2151 1537 2202 τὸν
1565 2150 1733 2202 πολὺν

183 2232 349 2301 χρόνον
376 2234 512 2302 πρὸς
545 2235 703 2303 ἡμῶν
733 2235 865 2289 ὄντα
894 2237 1142 2308 ἐναργῶς
1169 2237 1298 2308 ὑμῖν
1323 2238 1732 2309 ἐπεδείκνυμεν,

185 2323 269 2375 οὐκ
297 2323 358 2376 ἂν
395 2324 655 2393 ἐδόξαμεν
696 2326 825 2395 ὑμῖν
872 2327 1058 2380 εἰκότα
1087 2327 1286 2396 λέγειν,
1325 2328 1397 2397 μὴ
1433 2324 1573 2382 εἶναι
1613 2328 1736 2382 καθ’

187 2413 321 2481 ἡμῶν
367 2416 462 2484 τὴν
505 2417 665 2486 δίκην
711 2418 1084 2488 εἰσαγώγιμον
1117 2419 1739 2489 ταύτην;δυσωπητικὰ

187 2505 277 2573 γὰρ
302 2505 408 2568 πῶς
435 2507 501 2559 τὰ
529 2507 736 2560 παλαιὰ
765 2508 872 2560 τῶν
913 2507 1221 2576 δογμάτων,
1251 2510 1414 2562 οἱονεὶ
1445 2509 1608 2581 πολιᾷ
1633 2527 1739 2563 τινι

189 2598 242 2666 τῇ
265 2597 578 2669 ἀρχαιότητι
608 2601 669 2652 τὸ
701 2600 982 2670 αἰδέσιμον
1009 2600 1222 2671 ἔχοντα.

250 2778 348 2832 Καὶ
371 2781 462 2831 ἐπὶ
494 2780 593 2833 τοῦ
639 2782 918 2836 πολιτικοῦ
953 2784 1122 2855 νόμου
1166 2783 1228 2837 τὸ
1260 2785 1402 2852 ἔθος,
1440 2787 1515 2851 ὠς
1568 2788 1742 2858 ἄγρα-

192 2885 274 2937 φος
299 2871 452 2939 νόμος
483 2871 681 2941 ἰσχύει,
711 2873 800 2926 ὅτε
826 2877 881 2926 ἐν
922 2877 1252 2948 δικαστηρίῳ
1273 2881 1306 2949 ἠ
1352 2881 1608 2951 συνήθεια
1649 2881 1740 2951 βεο

192 2959 398 3033 δαιωθῇ,
427 2965 521 3016 καὶ
553 2965 644 3019 ὅτε
686 2966 760 3038 μὴ
790 2968 1051 3040 ἐγγράφῳ
1094 2971 1244 3041 νόμῳ
1288 2972 1650 3027 ἐναντιοῦται.
1682 2975 1743 3027 Ei

191 3050 240 3104 δὲ
263 3053 312 3106 ἐν
354 3072 460 3110 τισι
491 3058 700 3121 τόποις,
739 3060 872 3130 μήτε
924 3063 1216 3132 συνήθειαν
1263 3063 1358 3116 τοῦ
1407 3064 1741 3136 ζητουμένου

1827 1419 2057 1474 quarum
2087 1419 2192 1456 una
2224 1413 2307 1457 est
2344 1411 2398 1454 et
2429 1401 2543 1455 hate
2565 1400 2630 1454 de
2657 1415 2767 1468 qua
2804 1414 2949 1452 nunc
2967 1397 3202 1467 agimus,
3233 1409 3396 1462 quam

1828 1495 1922 1566 qui
1950 1497 2018 1548 ab
2045 1493 2199 1548 initio
2237 1494 2711 1563 praescripserunt,
2744 1490 3195 1554 tradideruntque
3221 1496 3400 1555 poste-

1829 1587 1928 1652 ris,
1963 1603 2062 1640 nsu
2103 1603 2319 1655 semper
2356 1585 2520 1640 simul
2556 1600 2681 1640 cum
2717 1592 2959 1652 tempore
2999 1579 3395 1651 progrediente,

1831 1678 2005 1748 ipsam
2039 1677 2194 1746 longa
2223 1678 2622 1730 consuetudine
2645 1676 2696 1729 in
2730 1672 2988 1728 Ecclesiis
3013 1672 3398 1725 irradicarunt.

1835 1773 1977 1840 Ergo
1998 1771 2041 1824 si
2078 1773 2224 1824 velut
2268 1771 2320 1823 in
2355 1769 2635 1830 tribunali,
2693 1765 3105 1835 probationibus
3138 1779 3168 1817 e
3200 1764 3404 1831 scripto

1835 1864 2099 1928 destituti,
2132 1863 2334 1916 multos
2373 1862 2526 1915 vobis
2564 1870 2731 1915 testes
2782 1861 3170 1928 producamus,
3221 1867 3405 1908 nonne

1835 1955 1938 2024 2],
1965 1956 2288 2011 sententiam
2319 1955 2687 2010 absolventem
2720 1967 2751 2006 a
2784 1950 2938 2004 vobis
2961 1944 3408 2016 consequemur?

1835 2047 1947 2118 Ego
1981 2047 2200 2118 quidem
2241 2047 2511 2102 arbitror:
2564 2044 2628 2098 In
2658 2060 2746 2098 ore
2787 2040 3045 2112 siquidem
3069 2040 3292 2092 duorum
3344 2052 3408 2089 ac

1838 2145 2001 2196 trium
2032 2143 2242 2196 testium
2269 2142 2425 2194 stabit
2456 2154 2606 2193 omne
2631 2138 2844 2192 verbum
2871 2137 2938 2189 “.
2972 2133 3129 2201 Quod
3169 2131 3212 2186 si
3243 2131 3406 2185 etiam

1839 2235 2098 2302 temporis
2139 2233 2552 2286 diuturnitatem
2612 2245 2710 2299 pro
2737 2229 2893 2284 nobis
2933 2225 3224 2282 facientem
3256 2222 3410 2276 vobis

1837 2330 2116 2383 evidenter
2143 2329 2515 2390 ostendamus,
2546 2340 2727 2378 annon
2763 2324 3068 2378 videbimur
3100 2320 3254 2375 vobis
3285 2332 3412 2386 pro-

1839 2421 2038 2476 habilia
2088 2421 2290 2482 dicere,
2343 2433 2449 2470 non
2502 2432 2662 2486 posse
2698 2416 2844 2470 litem
2897 2415 3054 2467 istam
3094 2414 3218 2482 jure
3251 2409 3410 2464 nobis

1839 2501 2077 2567 intendi?
2107 2509 2422 2564 Veneranda
2450 2509 2596 2562 enim
2624 2517 2754 2561 sunt
2775 2504 3175 2576 quodammodo
3201 2509 3407 2555 vetusta

1841 2607 2117 2677 dogmata,
2189 2619 2308 2672 quae
2393 2603 2464 2656 ob
2519 2600 2927 2669 antiquitatem,
2993 2613 3092 2652 ccu
3151 2593 3407 2648 canitiem

1843 2698 2155 2771 quamdam,
2186 2697 2382 2750 habent
2411 2695 2668 2764 quiddam
2702 2691 3078 2747 reverendum.

1916 2789 2130 2844 Textus.
2164 2787 2227 2841 Et
2273 2787 2326 2840 in
2378 2786 2500 2856 jure
2558 2784 2702 2838 civili
2739 2781 3079 2837 consuetudo
3115 2776 3332 2847 quando
3360 2777 3411 2828 in

1837 2881 2044 2951 judicio
2106 2881 2426 2935 conﬁrmata
2455 2887 2558 2942 est,
2602 2889 2703 2930 nec
2735 2874 2952 2942 scripta:
2980 2873 3080 2940 legi
3131 2876 3411 2938 repugnat,

1843 2984 1904 3028 ut
1940 2975 2022 3029 lex
2057 2987 2163 3027 non
2193 2973 2393 3042 scripta
2419 2970 2580 3024 valet.
2615 2969 2689 3022 Ac
2713 2982 2840 3020 vero
2872 2964 3048 3020 sicubi
3074 2957 3414 3034 [preposith

1845 3063 2164 3133 quaestionis
2195 3062 2531 3117 consuetudo
2561 3074 2666 3111 non
2695 3057 2996 3117 invenitur,
3031 3065 3160 3106 tunc
3191 3065 3374 3102 consu:
3395 3079 3418 3087 -

193 3143 319 3198 ἔστιν
353 3150 555 3219 εὑρεῖν.
590 3152 712 3204 τότε
741 3152 817 3222 τῷ
843 3153 954 3206 ἔθει
1006 3154 1226 3225 Ῥώμης
1261 3155 1486 3211 ἕπεσθαι
1531 3158 1631 3224 δεῖ,
1661 3158 1738 3222 ὡς

1852 3156 2087 3209 tudinem
2113 3153 2314 3224 [urbis]
2333 3151 2511 3204 Roma:
2532 3151 2684 3218 sequi
2709 3155 2938 3216 oportet,
2963 3140 3416 3213 quemadmodum

191 3237 284 3289 τῶν
311 3241 580 3308 Διγὲστων
617 3243 758 3312 βιϐλ.
791 3251 838 3297 α’
883 3246 989 3299 τίτ.
1018 3255 1065 3315 γ’
1094 3249 1312 3316 Διγέστ.
1347 3249 1423 3320 λβ⁹
1454 3251 1534 3319 λγ¹
1566 3251 1638 3304 λδ¹
1667 3251 1739 3304 λε’

194 3327 267 3394 λς·
295 3330 368 3394 λς’
396 3333 497 3401 λη’,
536 3335 632 3388 καὶ
687 3336 826 3406 βιϐλ.
860 3343 908 3406 η’
950 3321 1043 3390 τοῦ
1070 3340 1226 3401 κώδ..
1256 3357 1363 3396 τιτ.
1393 3340 1471 3410 νβ’
1513 3342 1654 3398 διατ.
1695 3339 1742 3394 α’

197 3420 234 3526 ξ’
393 3427 612 3497 εἴρηται
645 3428 701 3481 δὲ
744 3429 838 3482 καὶ
875 3430 1016 3500 βιϐλ.
1050 3437 1114 3494 ν’,
1149 3433 1254 3486 τίτ.
1287 3434 1349 3497 ιζ’
1373 3433 1580 3502 διγέστ.
1619 3435 1742 3506 ρπβ⁹

195 3515 264 3566 ὅτι
287 3515 553 3588 δυσχερῶς
578 3519 696 3589 μὲν,
731 3521 882 3591 ὅμως
902 3523 958 3576 δὲ
991 3522 1087 3576 τοῦ
1116 3523 1325 3580 δικαίου
1360 3515 1747 3592 ἀπαιτοῦντος,

198 3607 590 3681 παραϐαίνομεν
636 3612 1079 3684 τὴνσυνήθειαν.

258 3700 490 3757 ΚΕΦΑΛ.
511 3702 795 3759 Δ¹.-”Οτι
824 3709 936 3775 οὐχ
952 3709 1052 3777 ὑφ’
1073 3709 1212 3776 ἐνὸς
1232 3711 1588 3779 ἐπισκόπου,
1611 3713 1751 3768 ἀλλ’

197 3789 300 3845 ἀπὸ
351 3795 457 3864 τῆς
487 3799 839 3865 κοινότητος
864 3803 919 3853 οι
950 3802 1203 3869 κανόνες
1248 3803 1598 3860 ἐκτίθενται.

601 3917 922 3970 Βασιλείου
965 3917 1166 3970 κανὼν
1215 3917 1324 3989 μζθ.

282 4005 621 4076 Ἐγκρατῖται
666 4009 759 4062 καὶ
815 4011 1151 4080 Σακκοφόροι
1209 4013 1304 4065 καὶ
1348 4013 1752 4080 Ἀποτακτῖται,

202 4097 418 4170 τῷαύτῷ
443 4103 761 4155 ὑπόκεινται
783 4102 926 4172 λόγῳ
949 4095 994 4170 ᾧ
1025 4105 1115 4156 καὶ
1130 4104 1461 4160 Ναυατιανοί
1490 4123 1502 4136 ·
1522 4108 1601 4160 ὅτι
1627 4108 1756 4177 περὶ

206 4189 291 4257 μὲν
329 4192 571 4258 ἐκείνων,
605 4193 784 4246 κανὼν
841 4195 1181 4267 ἐξεφωνήοη,
1231 4199 1278 4249 εξ
1332 4199 1426 4251 καὶ
1476 4198 1752 4268 διάφορος,

204 4281 263 4334 τὰ
289 4283 339 4336 δὲ
366 4287 501 4338 κατᾶ
551 4285 772 4348 τούτους
804 4288 1280 4359 ἀποσεσιώπηται.
1313 4291 1505 4361 Ἡμεῖς
1544 4292 1754 4361 μέντοι,

206 4372 276 4425 ἑνὶ
296 4374 429 4446 λόγῳ
471 4377 917 4449 ἀναϐαπτίζομεν
954 4381 1081 4444 τοὺς
1111 4381 1406 4446 τοιούτους.
1434 4385 1495 4436 Ei
1533 4383 1590 4437 δὲ
1623 4382 1757 4453 παρ’

1849 3247 1978 3300 lib.t
2011 3246 2210 3316 Digest.
2263 3245 2342 3298 tit.
2382 3245 2436 3307 5,
2471 3240 2672 3311 Digest.
2739 3241 2790 3300 4,
2840 3235 2928 3301 5-2,
2959 3235 3048 3298 55,
3089 3233 3177 3296 54,
3209 3231 3297 3294 55,
3328 3228 3418 3294 56,

1848 3340 1936 3403 57,
1973 3338 2060 3391 38.
2095 3345 2150 3389 et
2199 3337 2292 3388 lib.
2348 3349 2441 3386 vui
2500 3331 2623 3386 Cod.
2670 3330 2752 3383 tit.
2810 3327 2900 3390 52,
2964 3332 3142 3380 const.
3186 3322 3237 3386 1,
3265 3321 3320 3387 2,
3351 3321 3405 3382 5,

1850 3425 2165 3498 [proditum
2189 3421 2324 3493 est].
2373 3421 2585 3475 Dictum
2625 3430 2709 3472 est
2758 3417 2922 3469 etiam
2954 3415 3062 3468 lib.
3110 3429 3163 3478 1.,
3215 3413 3297 3466 tit.
3333 3411 3418 3471 17.

1851 3517 2052 3587 Digest.
2087 3515 2209 3578 102,
2245 3513 2390 3584 quod
2415 3528 2555 3583 aegre
2591 3509 2847 3578 aequitate
2888 3519 3066 3559 tamen
3091 3502 3421 3574 postulante.

1851 3608 2297 3666 consuetudinem
2330 3602 2780 3672 transgredimnr.

1923 3701 2073 3756 CAP.
2111 3697 2198 3753 ιν.
2231 3729 2300 3739 -
2327 3697 2477 3762 Quod
2506 3713 2606 3749 non
2647 3694 2709 3747 ab
2745 3710 2846 3747 uno
2877 3691 3138 3761 episcopo,
3167 3687 3255 3740 sed
3275 3700 3422 3738 com-

1853 3797 1998 3848 muni
2027 3793 2328 3847 antistitum
2363 3788 2588 3842 concilio
2623 3802 2846 3841 canones
2881 3783 3131 3838 eduntur.

2363 3906 2553 3961 Basilii
2603 3922 2771 3959 canon
2812 3904 2899 3957 47.

1927 4004 2211 4060 Encratitrc
2247 4043 2260 4064 .
2306 4011 2358 4054 et
2419 4000 2749 4068 Saecophori
2813 4007 2866 4051 et
2912 3993 3231 4064 Apotactita:
3297 3990 3428 4045 sub-

1853 4102 2117 4172 jiciuntur
2179 4095 2352 4150 eidem
2417 4092 2636 4156 rationi,
2691 4090 2780 4144 cui
2847 4097 2901 4142 et
2941 4085 3248 4151 Novatiani,
3302 4083 3428 4152 quia

1859 4194 1926 4248 de
1955 4192 2059 4245 illis
2091 4189 2272 4244 editus
2305 4200 2504 4246 canon,
2550 4183 2654 4238 etsi
2688 4181 2910 4246 varius;
2967 4195 3088 4248 quae
3133 4185 3315 4230 autem
3361 4174 3428 4227 ad

1861 4287 1996 4340 istos
2027 4283 2316 4354 pertinent,
2350 4278 2572 4333 silentio
2604 4285 2732 4330 sunt
2765 4272 3153 4343 praetermissa.
3190 4267 3300 4322 Nos
3330 4281 3430 4321 au-

1862 4386 1967 4431 tem
2007 4390 2113 4428 una
2141 4373 2352 4426 ratione
2401 4370 2534 4424 tales
2569 4368 2991 4436 rebaptizamus.
3024 4362 3178 4428 Quod
3205 4360 3251 4416 si
3288 4359 3432 4426 apud

207 4466 320 4535 ὑμῖν
350 4472 722 4542 ἀπηγόρευται
761 4473 822 4524 τὸ
851 4471 948 4526 τοῦ
983 4474 1420 4545 ἀναϐαπτισμοῦ,
1443 4475 1632 4548 ὥσπερ
1663 4452 1745 4531 odi

1863 4487 1960 4525 vos
1993 4467 2264 4538 prohibita
2307 4475 2392 4520 est
2433 4462 2806 4531 rebaptizatio,
2855 4459 2997 4513 sicut
3038 4466 3092 4511 ct
3124 4454 3266 4525 apud
3321 4452 3434 4507 Ro-

207 4559 288 4612 καὶ
307 4563 450 4632 παρὰ
489 4565 782 4634 Ῥωμαίοις
814 4567 1127 4635 οἰκονομίας
1169 4567 1313 4630 τινὸς
1353 4569 1515 4621 ἕνεκα
1549 4570 1756 4624 ἀθετεῖ-

205 4666 284 4704 ται
301 4655 356 4705 τὸ
387 4654 670 4726 βάπτισμα
695 4657 896 4720 αὐτῶν,
921 4657 1035 4711 ἀλλ’
1064 4660 1092 4711 ὁ
1109 4658 1374 4730 ἡμέτερος
1397 4660 1555 4729 λόγος
1606 4663 1756 4731 ἰσχὺν

207 4745 388 4813 ἐχέτωο
416 4751 495 4803 ὅτι
536 4750 725 4820 ἐπειδὴ
753 4749 941 4822 ὥσπερ
972 4751 1402 4821 Μαρκιωνιστῶν
1447 4755 1593 4807 ἐστὶν
1622 4757 1758 4808 ἁπο-

211 4838 476 4910 6>.ἀστημα
510 4844 543 4913 ή
575 4845 693 4896 κατ’
721 4844 917 4906 αὐτοὺς
940 4843 1176 4914 αἵρεσις,
1200 4843 1636 4914 βδελυσσομένων
1666 4846 1758 4899 τὸν

209 4928 364 4998 γάμον
397 4935 489 4986 καὶ
515 4934 1010 5003 ἀποστρεφομένων
1040 4935 1131 4986 τὸν
1158 4930 1320 4999 οἶνον,
1349 4935 1440 4988 καί
1463 4935 1560 5008 τὴν
1582 4936 1759 4990 κτίσιν

210 5021 291 5072 τοῦ
327 5023 456 5076 Θεοῦ
490 5027 870 5097 μεμιασμένην
901 5023 1041 5080 εἶναι
1073 5026 1360 5096 λεγόντων,
1388 5029 1447 5080 οὗ
1495 5028 1762 5100 δεχόμεθα

211 5113 388 5179 αὐτοὺς
419 5119 497 5180 εἰς
527 5119 622 5188 τὴν
664 5119 1012 5190 Ἐκκλησίαν,
1039 5120 1136 5173 ἐὰν
1167 5119 1240 5192 μὴ
1285 5120 1659 5190 βαπτισθῶσιν
1684 5123 1764 5184 εἰς

212 5201 264 5254 τὸ
284 5203 544 5275 ἡμέτερον
587 5207 896 5278 βάπτισμα·
935 5211 1008 5279 μὴ
1054 5211 1162 5279 γὰρ
1216 5212 1520 5277 λεγέτωσαν
1548 5213 1634 5266 ὃτι
1662 5215 1766 5278 Εἰς

216 5291 443 5361 Πατέρα,
458 5297 554 5348 καὶ
581 5296 838 5360 Tibi-nm}
859 5297 1030 5367 ἅγιον
1045 5300 1287 5369 Πνεῦμα
1301 5302 1763 5370 ἐϐαπτίσθημεν,

217 5382 262 5434 οἷ
304 5401 364 5449 γε
414 5388 602 5440 κακῶν
642 5389 869 5460 ποιητὴν
915 5390 1295 5460 ὑποτιθέμενοι
1328 5392 1417 5443 τὸν
1462 5392 1616 5456 Θεὸν,
1669 5394 1764 5460 ἐφ-

219 5475 441 5542 αμίλλως
482 5478 560 5547 τῷ
592 5479 877 5547 Μαρκίωνι
907 5481 1001 5533 καὶ
1025 5483 1146 5543 ταῖς
1183 5482 1396 5544 λοιπαῖς
1444 5482 1720 5550 αἱρέσεσιν
1750 5501 1762 5512 ·

218 5561 341 5618 ὥστε
392 5567 484 5620 ἐὰν
513 5569 687 5641 ἀρέσῃ
716 5569 892 5635 τοῦτο,
917 5570 997 5622 δεῖ
1044 5569 1295 5634 πλείονας
1350 5571 1683 5634 ἐπισκόπους
1710 5573 1768 5623 ὲν

285 5787 364 5846 ³⁸1
389 5790 511 5847 Cor.
547 5809 621 5862 ιι,
660 5796 713 5850 2.
832 5798 871 5829 ³³
910 5795 953 5851 ll
987 5795 1183 5852 Thess.
1227 5813 1284 5862 ιι,
1317 5796 1398 5850 Η.

1863 4577 2077 4624 manos,
2127 4557 2452 4615 mconomiae
2490 4553 2727 4624 alicujus
2755 4552 2951 4623 gratia,
3010 4559 3198 4604 nostra
3251 4555 3430 4601 tamen

1861 4658 2003 4715 ratio
2057 4655 2166 4708 vim
2212 4652 2476 4706 obtineat.
2527 4648 2798 4716 Quoniam
2831 4645 2976 4700 enim
3010 4642 3173 4697 veluti
3205 4653 3433 4710 germen

1861 4746 2306 4806 Marcionitarum
2342 4751 2426 4798 est
2455 4757 2644 4796 eorum
2682 4740 2786 4809 22
2826 4736 3070 4800 haeresis,
3105 4743 3162 4788 ut
3193 4732 3284 4803 qui
3334 4747 3437 4785 nu-

1863 4844 2004 4914 ptias
2036 4840 2387 4900 abhorreant,
2432 4843 2488 4890 et
2529 4835 2719 4886 vinum
2770 4837 3111 4892 aversentur,
3162 4841 3226 4879 ac
3252 4824 3436 4879 dicant

1864 4912 1961 4988 hei
1989 4939 2297 4987 creaturam
2343 4925 2684 4996 inquinatam
2737 4937 2878 4985 esse,
2929 4919 3132 4973 idcirco
3175 4916 3322 4985 ipsos
3378 4912 3434 4967 in

1863 5024 2158 5080 Ecclesiam
2192 5037 2298 5074 non
2325 5018 2685 5081 admittimus;
2719 5013 2827 5068 nisi
2881 5013 2936 5065 in
2985 5017 3229 5063 nostrum
3263 5005 3436 5072 bapti-

1861 5130 1976 5170 sma
2005 5111 2206 5166 fuerint
2235 5108 2514 5178 baptizati.
2537 5106 2746 5160 Etenim
2770 5101 3031 5157 nedieant
3056 5115 3067 5150 :
3101 5095 3162 5148 In
3195 5093 3432 5153 Patrem,

1862 5214 1907 5259 et
1931 5201 2156 5267 Filium,
2177 5209 2224 5255 et
2249 5198 2511 5267 Spiritum
2536 5203 2778 5247 sanctum
2803 5187 3060 5258 baptizati
3089 5199 3272 5239 sumus
3298 5221 3313 5245 ,
3341 5181 3435 5251 qui

1867 5295 2118 5349 videlicet
2164 5292 2332 5347 Deum
2383 5305 2504 5344 esse
2559 5286 2826 5340 malorum
2886 5281 3198 5334 emet-iorem
3246 5276 3438 5331 existi-

1870 5397 2038 5451 mant,
2073 5384 2324 5454 exemplo
2361 5379 2651 5436 Mari-iouis
2677 5383 2731 5430 et
2769 5374 3103 5443 reliquarum
3138 5371 3430 5425 haeresum.

1867 5477 2260 5544 Quamobrem,
2306 5475 2350 5530 si
2410 5474 2511 5527 hoc
2556 5467 2838 5540 placuerit,
2884 5471 3100 5536 σβυς-ιρι
3147 5463 3432 5530 episcopos

1867 5573 2049 5641 plures
2078 5570 2132 5624 in
2160 5582 2328 5624 unum
2368 5562 2681 5628 convenire,
2715 5568 2770 5615 et
2809 5558 2883 5612 ita
2904 5558 3121 5612 demum
3167 5565 3433 5608 canonem

1508 5797 1553 5828 ³²
1607 5796 1763 5852 Deut.
1801 5812 1915 5860 xu,
1953 5793 2038 5850 l5.
