3908 6296
586 346 690 412 46'!

1744 357 2001 418 PHOTII
2041 359 2540 421 PATRIARCH/E
2573 362 2678 422 CP.
3707 366 3793 434 468

588 464 773 528 clere,
830 471 892 518 ut
935 471 987 519 et
1025 462 1072 519 is
1100 464 1193 534 qui
1242 465 1372 537 agit,
1430 465 1672 534 periculo
1722 475 1927 537 careat,
1971 478 2026 525 et
2067 486 2133 540 qu

2263 470 2444 541 ταυτῷ
2461 469 2719 539 γενέσθαι
2746 485 2759 499 ⁸
2794 468 2888 523 καὶ
2907 467 3082 532 οὕτως
3107 467 3363 522 ἐκθέσθαι
3388 469 3479 521 τὸν
3500 468 3698 536 κανόνα,
3719 476 3792 531 ἶνα

585 556 900 626 respondet,
927 556 980 610 in
1005 564 1156 613 tanto
1188 558 1457 629 ejusmodi
1475 559 1870 629 quaestionibus
1892 576 2156 632 responso

587 648 962 704 auctoritatem
998 649 1211 705 habeat.

656 825 807 879 (ΣΑΡ.
834 825 972 880 V.—
988 826 1061 880 De
1088 826 1428 896 patriarcltir,
1458 837 1506 880 et
1537 829 1974 897 metropolitonis,
2009 837 2059 883 et
2091 829 2154 884 de

589 917 656 970 iis
691 917 782 986 qui
818 916 1069 970 dicuntur
1092 916 1341 985 primates
1372 916 1425 968 in
1452 915 1659 985 Africa.

1024 1008 1393 1076 Apostolorum
1418 1024 1587 1061 canon
1617 1007 1704 1062 54.

652 1098 861 1171 ὅᾼβὸ]
915 1099 1208 1170 Episcopos
1265 1098 1699 1168 uniuscujusque
1762 1095 1935 1167 gentis
1990 1112 2154 1153 nosse

581 1199 795 1262 oportet
819 1206 941 1247 eum
971 1192 1064 1262 qui
1102 1192 1153 1245 in
1183 1192 1263 1247 eis
1292 1200 1377 1246 est
1403 1191 1636 1260 primus,
1668 1198 1721 1243 et
1753 1188 2066 1244 existimare
2094 1199 2155 1244 ut

580 1293 779 1352 caput:
811 1295 865 1340 et
898 1283 1034 1338 nihil
1068 1283 1268 1348 facere,
1307 1283 1455 1352 quod
1487 1284 1559 1337 sit
1584 1283 1815 1337 arduum
1845 1296 1941 1339 aut
1970 1283 2151 1352 magni

585 1375 871 1441 momenti,
909 1386 1104 1444 praeter
1146 1374 1295 1428 illius
1333 1374 1693 1428 sententiam:
1727 1375 1815 1428 illa
1850 1384 2033 1429 autem
2068 1374 2150 1429 fa-

574 1479 699 1520 cere
731 1480 1199 1535 unumquemque,
1228 1480 1350 1534 qua:
1385 1465 1451 1519 ad
1487 1480 1643 1520 suam
1674 1466 1987 1534 parochiam
2025 1482 2150 1535 per-

573 1557 771 1621 tinent,
801 1566 858 1612 et
898 1574 1068 1628 pagos
1098 1557 1190 1627 qui
1237 1557 1286 1611 ei
1326 1557 1583 1612 subsunt.
1618 1557 1724 1611 Sed
1758 1573 1859 1612 nec
1898 1558 1991 1612 ille
2021 1558 2149 1613 abs-

574 1662 681 1717 que
703 1647 947 1701 omnium
977 1646 1247 1702 sententia
1296 1645 1504 1714 aliquid
1550 1653 1695 1717 agat.
1730 1646 1820 1701 Sic
1855 1648 2001 1701 enim
2046 1646 2151 1701 erit

572 1738 888 1803 concordia,
948 1748 1003 1793 et
1056 1737 1450 1808 gloriﬁeabitur
1503 1736 1647 1793 Deus
1702 1753 1797 1807 per
1851 1737 2144 1794 Dominum

570 1826 754 1883 Jcsum
793 1829 1091 1885 Christum.

856 1941 1081 1996 Concilii
1116 1940 1324 1996 Nirreni
1352 1959 1575 1996 canones
1623 1943 1677 2006 ό,
1711 1942 1765 2008 6,
1807 1942 1859 1996 7.

641 2034 698 2087 4.
725 2032 1050 2105 Episcopum
1083 2034 1128 2067 "
1156 2044 1368 2103 oportet
1397 2035 1633 2089 maxime
1674 2034 1890 2104 quidem
1930 2035 1998 2090 ab
2028 2049 2146 2088 om-

570 2127 735 2183 nibus
788 2127 883 2195 qui
931 2135 1060 2181 sunt
1096 2126 1149 2179 in
1185 2126 1486 2195 provincia,
1542 2126 1820 2181 constitui.
1853 2127 1910 2182 Si
1960 2136 2143 2182 autem

570 2221 643 2275 sit
674 2221 777 2274 hoc
798 2218 1035 2281 dillicile,
1070 2218 1155 2273 vel
1184 2229 1404 2287 propter
1434 2226 1712 2287 urgentem
1743 2219 2142 2286 necessitatem,

566 2310 652 2365 vel
669 2311 768 2365 via:
794 2309 1208 2380 longitudinem,
1233 2317 1341 2363 tres
1362 2308 1586 2363 omnino
1602 2309 1849 2364 eumdem
1880 2310 1934 2363 in
1964 2311 2143 2367 locum

565 2410 944 2473 congregatos,
997 2400 1314 2456 absentibus
1348 2414 1567 2471 quoque
1596 2398 1912 2468 suﬂragium
1965 2400 2145 2455 feren-

566 2493 732 2560 tibus,
767 2493 1095 2563 scriptisque
1125 2492 1575 2559 assentientibus,
1609 2501 1737 2547 tunc
1766 2491 1873 2562 23
1908 2493 2144 2549 electio-

564 2601 689 2642 nem
724 2586 860 2649 ticri,
892 2601 1081 2640 eorum
1122 2592 1305 2639 autem
1338 2599 1459 2655 qua:
1482 2584 1638 2651 tiunt,
1674 2585 2141 2641 conﬁrmationem

571 2681 625 2734 in
658 2695 987 2749 unaquaque
1012 2677 1291 2749 provincia
1330 2693 1358 2732 a
1393 2678 1814 2747 metropolitano
1844 2677 1979 2733 ﬁeri.

634 2771 689 2827 6.
722 2772 945 2841 Antiqui
965 2786 1143 2825 mores
1161 2777 1448 2825 serventur
1476 2771 1540 2834 ³⁸,
1559 2768 1651 2839 qui
1672 2769 1867 2823 suntin
1885 2769 2139 2841 Egypto,

564 2875 619 2921 et
640 2863 831 2935 Libya.
863 2875 914 2917 ct
962 2862 1264 2932 Pentapoli,
1299 2872 1358 2917 ut
1401 2862 1804 2918 Alexandrinus
1852 2866 2140 2934 cpiscopus

568 2958 765 3012 horum
798 2956 1045 3010 omnium
1081 2955 1275 3009 habeat
1324 2964 1665 3025 potestatem,
1699 2957 2137 3027 quandoquidem

561 3060 618 3104 et
642 3050 898 3119 episcopo
932 3048 1180 3103 Romano
1215 3049 1318 3103 hoc
1366 3057 1447 3102 est
1499 3060 1843 3103 consuetum.
1878 3048 2138 3105 Similiter

560 3149 614 3194 et
649 3141 701 3193 in
739 3139 1050 3205 Antiochia,
1081 3148 1134 3193 et
1159 3139 1214 3193 in
1244 3139 1367 3193 aliis
1402 3139 1697 3208 provinciis
1723 3154 1821 3195 sua
1858 3141 2133 3211 privilegia
2163 3178 2206 3233 ο

560 3248 623 3287 ac
650 3248 763 3287 sure
808 3233 1101 3303 dignitates
1136 3243 1193 3299 et,
1215 3234 1570 3288 auctoritates
1608 3233 1867 3289 Ecclesiis
1900 3249 2125 3288 serven-

560 3331 667 3377 tur.
708 3322 845 3377 Illud
872 3331 1055 3379 autem
1104 3332 1187 3378 est
1226 3322 1451 3379 omnino
1481 3322 1855 3392 manifestum,
1896 3326 2038 3396 quod
2089 3328 2135 3382 si

558 3415 685 3485 quis
712 3416 919 3486 absque
954 3416 1359 3487 metropolitani
1389 3418 1656 3471 sententia
1689 3418 1861 3473 factus
1915 3419 1986 3473 sit
2016 3421 2132 3489 cpi-

558 3523 779 3580 scOpus,
830 3523 955 3564 eum
1015 3524 1210 3579 magna
1257 3508 1503 3580 synodus
1549 3509 1793 3565 deﬁnivit
1847 3527 1957 3565 non
2012 3528 2135 3568 esse

556 3603 891 3673 episcopum.
932 3603 1086 3670 Quod
1123 3603 1167 3635 ³³
1198 3603 1245 3658 si
1285 3602 1504 3672 quidem
1561 3604 1839 3658 communi
1884 3606 2132 3660 omnium

556 3694 833 3758 elcctioni,
865 3710 988 3764 qua:
1015 3702 1068 3749 et
1100 3695 1297 3750 rationi
1335 3705 1729 3761 consentanea,
1757 3707 1809 3750 et
1837 3712 1904 3751 ex
1944 3698 2132 3767 regula

556 3786 927 3841 ecclesiastica
958 3785 1101 3841 facta
1150 3794 1254 3852 est,
1292 3785 1400 3839 duo
1436 3785 1517 3838 vel
1564 3797 1672 3839 tres
1702 3794 1921 3855 propter
1952 3802 2131 3855 suam,

557 3893 663 3947 qua
711 3878 1072 3941 delectantur,
1118 3878 1522 3932 contentionem
1561 3877 1960 3947 contradicunt,
2014 3881 2133 3934 vin-

555 3981 682 4026 cant
708 3970 944 4038 plurium
985 3970 1266 4040 sutiragia.

620 4066 674 4119 7.
705 4063 975 4131 Quoniam
1007 4065 1244 4120 obtinuit
1284 4068 1625 4122 consuetudo
1665 4078 1721 4122 et
1763 4072 1987 4140 antiqua
2018 4080 2131 4124 tra-

555 4156 713 4220 ditio,
752 4167 811 4211 ut
854 4157 949 4227 qui
988 4167 1071 4212 est
1117 4158 1170 4211 in
1207 4155 1353 4212 IElia
1400 4159 1717 4229 episcopus,
1772 4162 2071 4217 honoretur
2113 4179 2126 4214 :

554 4248 754 4303 habeat
796 4247 1020 4303 honoris
1050 4250 1528 4318 consequentiam,
1574 4252 1860 4321 metr0poli
1912 4254 2129 4323 propria

552 4337 815 4409 dignitate
851 4349 1088 4395 servata.

906 4429 1130 4484 Concilii
1162 4432 1477 4486 Antiocheni
1520 4450 1688 4488 canon
1723 4435 1777 4490 9.

2260 561 2355 614 καὶ
2384 560 2464 626 τῷ
2490 561 2782 630 ποιήσαντι
2814 559 2876 613 τὸ
2930 553 3260 633 ἀκίνδυνονῇ
3290 575 3305 590 ·
3333 560 3426 612 καὶ
3467 560 3497 611 ὁ
3529 562 3791 633 ἀποκρινό.

2261 669 2419 722 μενος
2451 695 2466 718 ,
2508 653 2569 706 τὸ
2629 653 2941 719 ἀξιόπιστον
3003 650 3102 725 ἔχῃ
3153 652 3214 705 ἐν
3271 653 3335 722 τῇ
3396 651 3525 719 περὶ
3563 654 3790 713 τοιούτων

2256 743 2567 811 ἀποκρίσει.

2326 832 2577 887 ΚΕΦΑΛ.
2602 834 2763 888 E'.--
2779 833 2915 902 Περὶ
2941 830 3322 902 πατριαρχῶν
3342 833 3440 887 καί
3464 841 3794 904 μητροπολι-

2256 921 2393 990 τῶν,
2412 926 2510 979 καὶ
2548 924 2661 980 τῶν
2697 926 2767 979 ἐν
2798 926 3035 995 Ἀφρικῇ
3058 925 3400 995 λεγομένων
3418 927 3723 997 πριμὰτων.

2664 1018 3049 1072 Ἀποστόλων
3082 1019 3284 1073 κανὼν
3303 1020 3399 1074 λδ’.

2321 1109 2387 1162 δ’.
2419 1108 2558 1173 Τοὺς
2591 1109 2925 1173 ἐπισκόπους
2963 1108 3194 1164 ἑκάστου
3224 1110 3412 1173 ἔθνους
3430 1149 3445 1175 ι
3476 1111 3667 1167 σίδέναι
3709 1117 3796 1187 Χρῆ

2251 1199 2345 1253 τὸν
2367 1201 2426 1253 ἐν
2442 1201 2624 1263 αὐτοῖς
2644 1201 2878 1271 πρῶτον,
2903 1202 2997 1255 καὶ
3013 1200 3440 1272 ἡγεῖσθαιαύτὸν
3462 1208 3537 1266 ὡς
3554 1207 3793 1277 κεφαλὴν,

2252 1293 2343 1344 καὶ
2366 1292 2531 1363 μηδέν
2568 1309 2620 1345 τι
2668 1293 2927 1362 πράττειν
2976 1294 3230 1365 περιττὸν
3270 1294 3402 1349 ἄνευ
3455 1296 3556 1365 τῆς
3608 1299 3796 1351 ἐκείνου

2251 1384 2498 1454 γνώμης,
2534 1385 2717 1437 ἐκεῖνα
2744 1385 2802 1438 δὲ
2847 1386 2985 1455 μόνα
3025 1387 3287 1457 πράττειν
3334 1389 3586 1455 ἕκαστον,
3610 1390 3704 1443 ὅσα
3740 1395 3795 1464 τῇ

2250 1474 2415 1528 αὐτοῦ
2438 1476 2698 1547 παροικίᾳ
2723 1475 3001 1530 ἐπιϐάλλει
3030 1478 3125 1532 καὶ
3141 1482 3261 1542 ταῖς
3288 1479 3380 1532 ὑπ’
3400 1481 3570 1551 αὐτὴν
3591 1481 3797 1552 χώραις.

2262 1567 2423 1621 Ἀλλά
2457 1569 2593 1638 μηδὲ
2622 1570 2827 1633 ἐκεῖνος
2847 1570 2975 1623 ἄνευ
2997 1572 3095 1641 τῆς
3124 1572 3343 1625 πάντων
3359 1571 3585 1643 γνώμης
3601 1574 3800 1627 ποιείτω

2247 1675 2335 1711 τι·
2377 1657 2520 1711 οὕτω
2573 1658 2681 1730 γὰρ
2727 1658 2950 1729 ὁμόνοια
3001 1659 3173 1725 ἔσται,
3212 1662 3307 1714 καὶ
3357 1662 3734 1734 δοξασθήσεται
3776 1666 3800 1717 ό

2256 1751 2469 1821 Πατὴρ,
2504 1751 2532 1803 ό
2559 1750 2705 1817 Υἱὸς,
2734 1750 2911 1804 καὶτὸ
2940 1752 3092 1819 ἅγιον
3122 1751 3364 1822 Πνεῦμα.

2536 1924 2803 1978 Συνόδου
2830 1924 3077 1991 Νικαίας
3098 1926 3298 1979 κανὼν
3333 1923 3375 1978 δ’
3410 1925 3465 1990 ς’
3488 1924 3555 1989 ζ’.

2313 2015 2355 2067 δ’
2405 2014 2734 2069 Ἐπίσκοπον
2775 2017 3041 2088 προσήκει
3075 2017 3308 2087 μάλιστα
3339 2018 3438 2088 μὲν
3471 2017 3575 2070 ὑπὸ
3603 2021 3798 2074 πάντων

2245 2111 2354 2165 τῶν
2403 2114 2462 2165 ἐν
2508 2115 2574 2183 τῇ
2636 2113 2872 2184 ἐπαρχίᾳ
2928 2113 3305 2168 καθίστασθαι.
3337 2113 3398 2167 El
3448 2114 3507 2167 δὲ
3562 2114 3798 2185 δυσχερὲς

2247 2206 2333 2274 εἴη
2376 2204 2436 2257 τὸ
2468 2205 2732 2269 τοιοῦτον,
2762 2206 2795 2273 ἦ
2847 2206 2937 2259 διά
2988 2207 3449 2275 κατεπείγουσανν
3481 2206 3740 2277 ἀνάγκην,
3767 2209 3795 2279 ἦ

2243 2295 2331 2349 διὰ
2382 2296 2559 2366 μῆκος
2594 2297 2714 2350 ὁδοῦ
2748 2296 3047 2362 ἐξάπαντος
3074 2300 3224 2368 τρεῖς
3253 2299 3347 2351 ἐπὶ
3378 2299 3440 2351 τὸ
3471 2299 3605 2352 αὑτὸ
3654 2316 3796 2352 συνα-

2243 2390 2530 2460 γομένους,
2564 2391 2872 2462 συμψήφων
2918 2391 3219 2463 γινομένων
3254 2393 3347 2445 καὶ
3382 2392 3492 2445 τῶν
3536 2393 3783 2455 ἀπόντων,

2243 2484 2337 2537 καὶ
2361 2483 2755 2553 συντιθεμένων
2782 2484 2868 2537 διὰ
2893 2486 3260 2555 γραμμάτων,
3287 2485 3406 2538 τότε
3431 2484 3532 2556 τὴν
3577 2503 3794 2555 χειροτε-

2242 2576 2362 2630 νίαν
2402 2578 2671 2630 ποιεῖσθαι
2702 2593 2715 2608 ο
2745 2576 2807 2631 τὸ
2834 2577 2889 2631 δὲ
2914 2577 3079 2649 κῦρος
3106 2577 3342 2631 δίδοσθαι
3368 2579 3480 2632 τῶν
3508 2578 3789 2651 γινομένων

2242 2670 2362 2723 καθ’
2397 2670 2635 2741 ἑκάστην
2663 2670 3025 2741 ἐπαρχίαντῷ
3059 2672 3457 2743 μητροπολίτῃ.

2313 2767 2388 2826 ς’.
2430 2762 2511 2816 Τὰ
2532 2762 2735 2832 ἀρχαῖα
2768 2761 2863 2833 ἔθη
2905 2764 3197 2832 κρατείτω,
3232 2762 3301 2816 τὰ
3335 2764 3394 2815 ἐν
3435 2760 3695 2831 Αἰγύπτῳ
3717 2760 3795 2813 καὶ

2241 2851 2416 2923 Λιϐύῃ
2455 2852 2549 2904 καὶ
2584 2853 2939 2916 Πενταπόλει,
2970 2852 3111 2905 ὥστε
3165 2853 3257 2907 τὸν
3310 2855 3369 2907 ἐν
3435 2852 3793 2924 Ἀλεξανδρείᾳ

2239 2945 2540 2998 ἐπίσκοπον
2574 2984 2590 3010 ,
2642 2946 2863 2999 πάντων
2923 2946 3128 2999 τούτων
3177 2947 3320 3017 ἔχειν
3374 2948 3475 3018 τὴν
3523 2946 3791 3013 ἐξουσίαν,

2240 3036 2429 3107 ἐπειδὴ
2479 3036 2684 3106 καὶτῷ
2728 3038 2786 3090 ἐν
2830 3039 2894 3109 τῇ
2952 3037 3137 3109 Ῥώμῃ
3183 3040 3469 3109 ἐπισκόπῳ
3494 3038 3652 3092 τοῦτο
3687 3038 3794 3091 σύν-

2240 3130 2370 3201 ηθές
2423 3132 2569 3183 ἐστιν
2594 3147 2608 3161 ·
2637 3129 2838 3201 ὁμοίως
2875 3132 2932 3185 δὲ
2990 3133 3085 3185 καὶ
3122 3132 3199 3203 τῷ
3260 3134 3401 3187 κατά
3442 3133 3543 3204 τὴν
3592 3126 3789 3186 νἈντιόο

2238 3238 2390 3292 χειαν
2418 3225 2550 3289 ,καὶ
2597 3226 2655 3277 ἐν
2710 3227 2833 3288 ταῖς
2865 3225 3056 3289 ἄλλαις
3102 3226 3502 3295 ὲπαρχίαις,τὰ
3554 3224 3792 3297 πρεσϐεῖα

2238 3314 2503 3380 σώζεσθαι
2546 3319 2664 3380 ταῖς
2688 3316 3071 3388 Ἐκκλησίαις·
3139 3316 3366 3370 καθόλου
3434 3316 3495 3370 δὲ
3552 3315 3792 3387 πρόδηλον

2236 3408 2429 3471 ἐκεῖνο,
2460 3408 2544 3460 ὅτι
2573 3408 2626 3459 εί
2669 3425 2751 3471 τις
2778 3408 2948 3479 χωρὶς
2980 3407 3204 3479 γνώμης
3258 3408 3350 3461 τοῦ
3403 3408 3785 3479 μητροπολίτου

2238 3498 2451 3565 γένοιτο
2494 3498 2813 3562 ἐπίσκοπος,
2867 3499 2956 3551 τὸν
2994 3499 3235 3552 τοιοῦτον
3275 3501 3307 3570 ἡ
3361 3499 3575 3570 μεγάλη
3599 3499 3791 3561 σύνοδος

2235 3591 2402 3660 ὥρισε
2435 3592 2509 3661 μὴ
2534 3590 2641 3642 δεῖν
2658 3587 2797 3642 εἶναι
2815 3589 3133 3646 ἐπίσκοπον.
3170 3591 3296 3643 Ἐὰν
3324 3592 3426 3661 μέν
3461 3609 3546 3643 τοι
3566 3595 3629 3661 τῇ
3654 3592 3786 3661 κοινῇ

2236 3680 2455 3733 πάντων
2503 3678 2668 3750 ψήφῳ
2697 3679 2904 3750 εὐλόγῳ
2932 3678 2990 3732 οὗ
3001 3696 3069 3751 σῃ
3092 3681 3189 3733 καὶ
3212 3682 3353 3733 κατὰ
3386 3681 3592 3733 κανόνα
3613 3683 3788 3747 ὲκκλη⁴

2237 3768 2535 3833 σιαστικὸν,
2565 3767 2709 3838 δύοῆ
2744 3771 2893 3839 τρεῖς
2927 3767 2995 3820 δι’
3025 3767 3232 3822 οίκείαν
3254 3769 3588 3838 φιλονεικίαν
3606 3770 3790 3823 ἀντιλέ-

2234 3877 2395 3928 γωσι,
2427 3860 2699 3932 κρατείτω
2724 3862 2757 3929 ἡ
2785 3860 2896 3913 τῶν
2945 3859 3207 3914 πλειόνων
3251 3861 3454 3932 ψῆφος.

2305 4081 2370 4144 ζ’.
2411 4080 2626 4150 Ἐπειδὴ
2652 4081 2908 4151 συνήθεια
2931 4083 3242 4155 κεκράτηκε
3274 4085 3368 4138 καὶ
3388 4084 3685 4154 παράδοσις
3702 4085 3785 4155 ἀρ-

2233 4175 2383 4244 χαία,
2412 4172 2551 4226 ὥστε
2577 4174 2667 4226 τὸν
2711 4174 2770 4226 ἐν
2808 4174 2969 4246 Allia}
2992 4176 3290 4230 ἐπίσκοπον
3322 4180 3612 4248 τιμᾶσθαι,
3639 4180 3785 4248 ἐχέτω

2230 4266 2328 4338 τὴν
2354 4265 2676 4320 ἀκολουθίαν
2710 4267 2807 4337 τῆς
2832 4269 3019 4338 τιμῆς,
3046 4272 3111 4339 τῇ
3138 4271 3474 4341 μητροπόλει
3498 4272 3783 4342 σωζομένου

2233 4358 2324 4412 τοῦ
2347 4359 2545 4412 οἰκείου
2576 4357 2902 4426 ἀξιώματος.

2513 4451 2782 4505 Συνόδου
2821 4453 3176 4523 Ἀντιοχείας
3216 4454 3422 4508 κανὼν
3452 4456 3519 4510 θ’.

623 4523 677 4577 9.
715 4520 1011 4594 Episcopos
1043 4524 1138 4594 qui
1178 4534 1308 4580 sunt
1355 4525 1407 4578 in
1451 4543 1779 4597 unaquaque
1822 4529 2123 4599 provincia,

2300 4543 2520 4607 θ’.Τοὺς
2555 4545 2675 4597 καθ’
2710 4545 2945 4616 ἑκάστην
2965 4514 3233 4618 ἐπαρχίαν
3254 4550 3586 4613 ἐπισκόπους
3612 4549 3783 4603 είδέναι

552 4615 694 4669 scire
744 4626 959 4685 oportet
1019 4618 1361 4687 episcopum,
1417 4619 1511 4687 qui
1567 4631 1762 4689 praeest
1813 4623 2124 4693 metropoli,

550 4706 715 4760 etiam
765 4723 953 4763 curam
1001 4709 1280 4778 suscipere
1334 4709 1500 4765 totius
1538 4713 1854 4781 provinciae,
1886 4731 1951 4770 eo
1981 4717 2125 4785 quod

553 4800 607 4852 in
646 4801 988 4870 metropolim
1027 4805 1391 4871 undequaque
1438 4816 1773 4859 concurrunt
1812 4822 2007 4863 omnes
2033 4810 2126 4879 qui

551 4891 754 4945 habent
783 4891 1014 4960 negotia.
1041 4890 1195 4947 Unde
1216 4893 1393 4949 visqu
1420 4904 1505 4950 est
1529 4911 1650 4949 cum
1674 4912 1891 4969 quoque
1920 4905 2127 4959 honore

550 4984 887 5051 praecedere:
938 4984 1177 5052 reliquos
1231 4996 1409 5039 autem
1452 4987 1743 5057 episcopos
1768 4991 1903 5044 nihil
1938 4995 2118 5059 magni

551 5076 810 5129 momenti
842 5076 1062 5144 aggredi
1115 5077 1236 5130 sine
1270 5078 1406 5145 ipso,
1441 5086 1500 5131 ut
1539 5078 1673 5144 vult,
1703 5081 1794 5149 qui
1838 5083 1907 5136 ab
1939 5084 2116 5151 initio,

548 5167 810 5230 obtinuit,
862 5167 1083 5222 Patrum
1118 5186 1293 5225 canon
1321 5188 1334 5226 :
1366 5175 1450 5227 vel
1486 5174 1621 5240 sola,
1674 5190 1797 5245 qua:
1825 5178 1893 5230 atl
1922 5179 2117 5233 unius-

550 5257 823 5327 cujusque
854 5261 1167 5329 parochiam
1190 5264 1504 5331 conferunt,
1535 5277 1589 5322 ct
1640 5270 1888 5339 regiones
1919 5288 2042 5340 quae
2068 5273 2120 5327 ei

550 5350 803 5407 subsunt.
850 5351 1304 5427 Unumquemque
1354 5358 1499 5412 enim
1554 5362 1869 5430 episcopum
1924 5363 2121 5417 habere

549 5459 663 5497 sua:
692 5446 963 5512 parochiu:
1001 5458 1343 5516 potestatem,
1369 5462 1421 5505 et
1449 5451 1834 5507 administrare
1872 5468 1968 5522 pro
1999 5455 2120 5509 uni-

550 5536 750 5602 cuique
802 5540 1163 5595 conveniente
1214 5542 1497 5612 religione,
1549 5552 1604 5598 et
1657 5544 1823 5599 totius
1881 5547 2119 5614 regionis

550 5644 741 5683 curam
785 5648 992 5701 gerere,
1029 5649 1147 5701 qua:
1174 5649 1285 5689 sua:
1310 5636 1429 5690 urbi
1458 5637 1671 5692 subest.
1718 5636 1785 5691 Ut
1834 5640 1993 5693 etiam
2026 5657 2117 5695 or-

620 5745 665 5824 3}
692 5751 875 5824 Apost.
916 5752 985 5824 t_;
1034 5749 1201 5824 Lami.
1262 5750 1359 5824 19.;
1396 5752 1649 5824 Antioch.
1690 5752 1785 5824 lt);
1815 5754 1981 5809 Afric.
2012 5756 2111 5824 16;
2156 5757 2328 5815 Tolct.
2365 5759 2445 5813 19.

547 5814 589 5845 ⁸⁵
622 5817 894 5889 Antioch,
928 5821 1022 5885 18;
1076 5821 1254 5876 lnnoc.
1298 5822 1370 5888 8;
1413 5822 1584 5878 lionil.
1626 5824 1684 5887 4;
1732 5814 1925 5879 ligonis
1964 5827 2039 5879 lfi.

2229 4633 2335 4705 χρὴ
2384 4634 2476 4686 τὸν
2512 4636 2568 4687 ἐν
2598 4636 2664 4704 τῇ
2716 4635 3045 4705 μητροπόλει
3107 4638 3424 4707 προεστῶτα
3490 4639 3780 4696 ἐπίσκοπον.

2236 4727 2332 4779 καὶ
2382 4725 2483 4796 τὴν
2531 4726 2789 4794 φροντίδα
2851 4727 3203 4798 ἀναδέχεσθαι
3262 4730 3443 4801 πάσης
3498 4731 3595 4801 τῆς
3641 4732 3785 4798 ἐπαρ-

2228 4814 2373 4886 χίας,
2395 4814 2483 4868 διὰ
2510 4815 2571 4867 τὸ
2586 4817 2643 4868 ἐν
2666 4817 2731 4886 τῇ
2762 4819 3094 4886 μητροπόλει
3125 4820 3467 4890 πανταχόθεν
3491 4820 3781 4889 συντρέχειν

2230 4907 2439 4968 πάντας
2471 4906 2595 4969 τοὺς
2626 4904 2696 4957 τά
2730 4906 3034 4976 πράγματα
3068 4909 3294 4977 ἔχοντας
3324 4924 3337 4937 ·
3369 4909 3493 4963 ὅθεν
3528 4908 3669 4972 ἔδοξε
3701 4906 3781 4959 καὶ

2227 5004 2291 5073 τῇ
2326 5003 2458 5072 τιμῇ
2489 5000 2850 5072 προηγεῖσθαι
2897 5001 3058 5053 αὐτὸν
3078 5042 3092 5063 ,
3134 5002 3299 5072 μηδὲν
3334 5020 3391 5055 τε
3421 5004 3676 5073 πράττειν
3701 5015 3783 5051 πει-

2232 5096 2408 5165 ριττδν
2429 5094 2554 5157 τοὺς
2583 5093 2801 5157 λοιποὺς
2827 5092 3155 5158 ἐπισκόπους
3181 5096 3308 5149 ἄνευ
3338 5095 3528 5159 αὑτοῦ,
3553 5093 3688 5147 κατὰ
3704 5090 3781 5144 τὸν

2229 5188 2453 5258 ἀρχαῖον
2483 5187 2833 5257 κρατήσαντα
2856 5189 2919 5240 ἐκ
2942 5185 3047 5239 τῶν
3090 5188 3350 5256 Πατὲρων
3380 5188 3412 5256 ἡ
3422 5186 3538 5253 μῶν
3563 5184 3746 5238 κανόνα
3766 5197 3778 5210 ·

2228 5279 2261 5348 ἢ
2294 5277 2470 5332 ταῦτα
2507 5278 2663 5347 μόνα,
2687 5279 2787 5332 ὅσα
2826 5281 2891 5349 τῇ
2936 5279 3167 5332 ἑκάστου
3209 5278 3490 5331 ἐπιϐάλλει
3516 5274 3779 5344 παροικίᾳ,

2228 5369 2322 5421 καὶ
2345 5369 2465 5430 ταῖς
2490 5368 2578 5419 ὑπ’
2598 5369 2768 5437 αὐτὴν
2796 5368 3022 5439 χώραις.
3050 5370 3324 5422 Ἔκαστον
3361 5368 3469 5436 γὰρ
3502 5368 3779 5420 ἐπίσκοπον

2226 5460 2477 5527 ἐξουσίαν
2504 5460 2647 5530 ἔχειν
2666 5462 2763 5530 τῆς
2784 5461 2981 5514 ἑαυτοῦ
3010 5462 3320 5531 παροικίας,
3343 5461 3565 5514 διοικεῖν
3580 5478 3633 5513 τε
3658 5456 3781 5513 κατὰ

2224 5552 2323 5623 τὴν
2368 5552 2584 5623 ἑκάστῳ
2618 5552 3015 5606 ἐπιϐάλλουσαν
3067 5551 3495 5616 εὐλάϐειαν,καὶ
3544 5550 3780 5620 πρόνοιαν

2225 5644 2494 5698 ποιεῖσθαι
2520 5644 2698 5715 πάσης
2746 5646 2846 5715 τῆς
2872 5644 3051 5716 χώρας
3073 5647 3171 5715 τῆς
3197 5645 3301 5697 ὑπὸ
3338 5643 3433 5715 τὴν
3453 5640 3619 5695 αὐτοῦ
3646 5640 3779 5693 πόλιν

2559 5758 2603 5790 ³³
2649 5759 2841 5830 Apost.
2913 5759 3013 5828 '55;
3070 5758 3324 5816 Antioch.
3362 5761 3431 5828 9;
3484 5760 3671 5816 Const.
3729 5754 3777 5805 9-
