3908 6296
610 311 717 386 ’471

1774 330 2037 397 PHOTII
2076 315 2581 401 Immunem
2624 343 2735 406 cr.
2779 413 2787 418 _

3761 357 3846 422 479.

616 445 743 507 soli,
769 452 1027 514 prmterea
1050 443 1290 514 episc0pi
1335 443 1714 515 praedictarum
1748 445 2046 503 dioecesum
2082 464 2165 519 qu:

2275 506 2276 511 η
2305 450 2407 505 λίδι
2449 451 2658 526 Ῥώμῃ,
2700 455 2794 507 καὶ
2817 455 2875 508 ἐν
2907 456 3018 520 τοῖς
3049 455 3541 526 ἐκκλησιαστικοῖς,
3571 458 3637 522 ὡς
3660 464 3846 536 ἐκείνην

616 546 748 592 sunt
776 535 916 590 inter
950 535 1239 602 Barbaros,
1265 553 1293 590 a
1323 539 1580 607 praedicto
1605 539 1813 594 throno
1839 542 2200 597 sanctissima:

616 628 1237 700 Constantitwpolitanm
1262 630 1515 684 Ecclesiae
1544 632 1868 686 ordinentur
1896 651 1909 688 :
1944 647 2200 701 unoquo-

616 735 724 787 que
755 720 960 774 scilicet
999 721 1384 788 praedictarum
1431 721 1732 777 dimcesum
1779 724 2196 793 metmpolitano

615 829 741 869 cum
772 816 1069 885 provincia:
1109 817 1381 886 episcopis
1412 818 1702 886 provinciae
1725 819 2015 888 episcOpos
2045 820 2195 873 ordi-

611 913 799 966 nante,
839 903 1298 976 quemadmodum
1329 905 1528 960 divinis
1555 907 1856 962 canonibus
1894 917 1977 962 est
2008 907 2151 962 tradi
2174 935 2186 951 ε

609 1004 749 1051 tum.
772 994 1021 1050 Ordinari
1045 1007 1245 1062 autem,
1275 997 1416 1052 sicut
1440 998 1645 1052 dictum
1665 1007 1771 1063 est,
1805 985 2189 1066 praedictarum

609 1088 908 1144 dimcesum
934 1089 1386 1158 metropolitanos
1429 1105 1459 1144 a
1481 1090 2085 1160 Constantinopolitano
2103 1106 2191 1144 ar-

609 1179 984 1248 chiepiscopo,
1017 1179 1472 1235 convenientibus
1502 1179 1568 1235 de
1592 1196 1745 1235 more
1779 1180 1937 1236 factis
1963 1181 2191 1234 electio-

609 1270 794 1334 nibus,
826 1280 879 1324 et
913 1271 979 1325 ad
1006 1270 1184 1340 ipsum
1217 1273 1426 1326 relatis.

2307 545 2709 614 μεγαλύνεσθαι
2731 547 3042 618 πράγμασι,
3066 548 3321 620 δευτέραν
3349 551 3465 620 μετ’
3481 549 3686 623 ἐκείνην
3699 555 3848 629 ὑπάρ-

2301 651 2501 703 χουσαν
2523 653 2536 666 ·
2555 635 2648 688 καὶ
2666 631 2806 689 ὥστε
2839 637 2966 701 τοὺς
2987 638 3084 706 τῆς
3102 640 3366 709 Ποντικῆς
3387 642 3482 694 καὶ
3507 641 3607 710 τῆς
3630 643 3848 718 ’Δσιανῆς

2299 725 2394 778 καὶ
2421 725 2518 795 τῆς
2546 725 2825 798 Θρᾳκικῆς
2861 727 3184 798 διοικήσεως
3231 731 3632 801 μητροπολίτας
3662 737 3846 805 μόνους,

2298 813 2379 868 ἐτι
2411 816 2468 869 δὲ
2502 819 2596 870 καὶ
2628 821 2754 882 τοὺς
2771 822 2829 872 ἐν
2869 821 2982 883 τοῖς
3016 820 3373 894 βαρϐαρικοῖς
3403 825 3726 894 ἐπισκόπους
3754 834 3844 887 τῶν

2296 908 2712 978 προειρημένων
2791 911 3116 981 διοικήσεων
3150 917 3576 984 χειροτονεῖσθαι
3629 921 3727 974 ὑπὸ
3771 926 3847 979 τοῦ

2303 997 2707 1067 προειρημένου
2747 999 3050 1067 άγιωτάτου
3080 1001 3268 1072 θρόνου
3302 1008 3400 1074 τῆς
3430 1011 3572 1060 κατὰ
3587 1004 3848 1064 Κώνσταν.

2298 1087 2604 1140 τινούπολιν
2631 1089 2942 1164 ἁγιωτάτης
3009 1094 3336 1164 Ἐκκλησίας
3370 1115 3381 1129 ο
3407 1097 3608 1170 δηλαδὴ
3642 1100 3848 1157 ἑκάστου

2302 1181 2701 1250 μητροπολίτου
2737 1184 2845 1236 τῶν
2893 1187 3310 1256 προειρημένων
3353 1187 3672 1260 διοικήσεων
3733 1198 3849 1262 μετὰ

2297 1271 2406 1322 τῶν
2453 1271 2552 1341 τῆς
2589 1274 2856 1344 ἐπαρχίας
2909 1279 3228 1330 ἐπισκόπων
3270 1283 3702 1350 χειροτονοῦντος
3743 1289 3850 1351 τοὺς

606 1361 710 1429 τῆς
797 1361 1065 1433 ἐπαρχίας
1140 1364 1471 1427 ἐπισκόπους
1512 1404 1529 1430 ,
1575 1363 1758 1427 καθὼς
1827 1365 1940 1426 τοῖς
2016 1362 2185 1424 θείοις
2223 1361 2413 1414 κανόσι
2441 1362 2790 1435 διηγόρευται
2825 1384 2838 1397 ο
2882 1372 3302 1438 χειροτονεῖσθαι
3350 1373 3406 1426 δὲ
3464 1375 3650 1438 καθὼς
3722 1381 3850 1449 εἴρη-

602 1467 694 1506 ται
736 1453 865 1517 τοὺς
914 1454 1315 1525 μητροπολίτας
1359 1454 1466 1509 τῶν
1506 1456 1920 1526 προειρημένων
1963 1454 2307 1522 διοικήσεων,
2378 1453 2526 1523 παρὰ
2583 1455 2675 1508 τοῦ
2739 1459 3363 1526 Κωνσταντινουπόλεως
3412 1465 3846 1537 ἀρχιεπισκόπου,

601 1546 970 1618 ψηφισμάτων
1015 1549 1321 1618 συμφώνων
1375 1551 1516 1604 κατᾶ
1571 1551 1632 1604 τὸ
1678 1549 1797 1613 ἔθος
1848 1549 2172 1618 γινομένων,
2213 1547 2310 1602 καὶ
2336 1549 2424 1600 ἐπ’
2459 1550 2620 1602 αὐτὸν
2647 1552 3091 1624 ἀναφερομένων.

829 1635 1052 1692 Concilii
1081 1637 1410 1696 Sardicensis
1443 1658 1665 1698 canones
1696 1646 1750 1709 5,
1783 1645 1839 1708 4,
1872 1644 1926 1698 5.

665 1729 722 1784 3.
751 1726 917 1786 Osius
949 1732 1238 1801 episcopus
1261 1734 1397 1788 dixit
1434 1751 1448 1787 :
1492 1734 1607 1790 lioc
1631 1751 1849 1805 quoque
1870 1737 2183 1791 necessario

2497 1644 2767 1699 Συνόδου
2819 1647 3117 1716 Σιιρὸικῆς
3177 1652 3378 1704 κανὼν
3411 1651 3459 1720 γ’
3495 1653 3536 1705 δ’
3571 1661 3637 1706 ε’.

2359 1739 2426 1798 γ’.
2470 1734 2652 1796 Ὅσιος
2683 1736 2978 1802 ἐπίσκοπος
3010 1735 3162 1792 εἶπεν
3184 1756 3198 1771 ο
3233 1742 3530 1810 ἀναγκαῖον
3572 1746 3669 1798 καὶ
3709 1746 3846 1800 τοῦτο

601 1831 686 1876 est
717 1820 1126 1892 adjiciendum,
1182 1834 1243 1879 ut
1286 1826 1469 1882 nullus
1519 1830 1901 1897 episc0porum
1963 1831 2165 1882 ex'suz

2288 1824 2674 1894 προστεθῆναι,
2715 1827 2800 1878 ἵνα
2824 1829 3013 1898 μηδεὶς
3047 1833 3364 1886 ἐπισκόπων
3398 1835 3505 1888 άπὸ
3532 1837 3634 1907 τῆς
3669 1838 3841 1894 ἑαυτοῦ

601 1913 889 1980 provincia
924 1912 978 1967 in
1008 1914 1169 1968 aliam
1203 1915 1564 1984 provinciam,
1615 1915 1668 1968 in
1726 1932 1830 1984 qua
1889 1925 2016 1970 sunt
2062 1916 2178 1986 epi-

603 2003 778 2072 scopi,
813 2012 1087 2071 transeat;
1129 2005 1231 2059 nisi
1265 2007 1454 2074 utique
1493 2021 1522 2058 a
1562 2008 1675 2060 suis
1725 2005 1989 2060 fratribus
2017 2021 2178 2060 voce-

601 2105 722 2162 tur;
761 2112 827 2150 ne
850 2095 1136 2151 videantur
1180 2097 1488 2152 dilectionis
1540 2097 1682 2152 fores
1737 2099 2008 2153 claudere.
2065 2097 2178 2154 Hoc

600 2196 784 2241 autem
819 2188 984 2242 etiam
1021 2189 1279 2244 similiter
1310 2191 1704 2258 providendum
1741 2199 1848 2256 est,
1901 2200 1959 2244 ut
2024 2192 2068 2244 si
2122 2191 2174 2243 in

599 2279 782 2350 aliqua
834 2282 1112 2350 provincia
1153 2282 1533 2351 episcoporum
1584 2283 1851 2353 quispiam
1912 2285 2176 2340 adversus

596 2370 823 2426 fratrem
859 2389 1020 2429 suum
1071 2382 1125 2428 et
1183 2376 1565 2444 coepiscopum
1613 2378 1891 2446 negotium
1957 2377 2172 2444 habeat,

597 2474 792 2517 neuter
817 2479 1006 2518 eorum
1039 2462 1130 2537 [ne
1161 2480 1304 2520 unus
1333 2481 1362 2520 e
1392 2465 1631 2539 duobus]
1662 2484 1729 2522 ex
1754 2468 1859 2523 alia
1891 2469 2174 2538 provincia

597 2555 889 2624 episcopos
918 2557 1226 2625 cognitores
1254 2568 1466 2613 evocet.
1495 2558 1551 2613 Si
1576 2561 1700 2630 quis
1737 2570 1920 2615 autem
1961 2563 2174 2632 episco-

595 2663 789 2717 porum
809 2650 860 2702 in
881 2649 1065 2718 aliquo
1096 2653 1315 2719 negotio
1341 2651 1792 2708 condemnandus
1809 2654 1962 2710 visus
1985 2654 2169 2719 fuerit,

595 2750 650 2794 et
685 2741 962 2796 existimet
995 2758 1054 2796 se
1105 2758 1214 2797 non
1260 2745 1485 2808 malam,
1549 2745 1643 2799 sed
1695 2746 1892 2800 bonam
1949 2762 2168 2801 causam

595 2831 818 2895 habere,
847 2841 908 2885 ut
945 2833 1109 2886 etiam
1164 2849 1357 2888 rursus
1411 2834 1680 2902 judicium
1743 2845 2080 2891 renovetur:
2123 2835 2171 2892 si

595 2933 790 2978 vestrm
819 2924 1095 2979 dilectioni
1131 2925 1364 2988 videtur,
1396 2925 1538 2981 Petri
1573 2927 1804 2997 apostoli
1851 2929 2167 2984 memoriam

595 3016 948 3081 honoremus,
983 3026 1044 3071 ut
1074 3018 1142 3072 ab
1193 3018 1259 3073 iis
1304 3021 1395 3088 qui
1434 3019 1840 3088 judicaveruut,
1894 3024 2172 3077 scribatur

590 3108 736 3162 .lulio
782 3109 1156 3165 Romanorum
1216 3112 1506 3182 episcopo;
1558 3125 1611 3168 et
1675 3130 1772 3184 per
1831 3115 2167 3185 propinquos

2286 1915 2557 1986 ἐπαρχίας
2581 1919 2658 1979 είς
2677 1919 2869 1985 ἑτέραν
2891 1923 3181 1992 ἐπαρχίαν,
3213 1926 3269 1977 ἐν
3344 1929 3703 1997 τυγχάνουσιν
3716 1930 3843 1995 ὄντες

2284 2007 2594 2071 ἐπίσκοποι,
2621 2007 2907 2062 διαϐαίνοι’
2927 2013 2975 2063 εἱ
2990 2015 3062 2082 μή
3083 2031 3163 2067 τοι
3187 2017 3337 2087 παρὰ
3351 2016 3460 2069 τῶν
3483 2017 3730 2086 ἀδελφῶν
3752 2020 3843 2075 τῶν

2282 2095 2476 2149 ἑαυτοῦ
2512 2097 2762 2169 κληθείη,
2791 2099 2879 2153 διὰ
2901 2100 2961 2154 τὸ
2993 2104 3066 2174 μὴ
3086 2106 3262 2158 δοκεῖν
3301 2108 3448 2178 ἡμᾶς
3473 2109 3573 2173 τὰς
3603 2111 3701 2180 τῆς
3728 2112 3844 2179 ἀγά-

2282 2205 2387 2258 πης
2403 2190 2714 2244 ἀποκλείειν
2740 2192 2913 2257 πύλας
2940 2212 2953 2226 ·
2972 2197 3238 2251 καὶτοῦτο
3261 2200 3316 2252 δέ
3344 2200 3607 2265 ὡσαύτως
3634 2220 3843 2275 προνοη-

2278 2281 2421 2347 τέον,
2452 2281 2593 2335 ὥστε
2647 2284 2744 2337 ἐάν
2784 2303 2888 2338 τινι
2925 2289 3164 2362 ἐπαρχίᾳ
3212 2293 3529 2348 ἐπισκόπων
3574 2313 3662 2359 τις
3713 2298 3842 2349 άντιη

2279 2389 2415 2441 κρυς
2438 2372 2665 2441 ἀδελφοῦ
2702 2376 2896 2429 ἑαυτοῦ
2936 2383 3332 2437 συνεπισκόπου
3385 2389 3623 2457 πρᾶγμα
3685 2389 3839 2459 σχοίη,

2281 2462 2484 2532 μηδένα
2541 2464 2727 2534 ἕτερον
2793 2468 2858 2520 ἐκ
2929 2469 3132 2524 τούτων
3180 2474 3288 2527 ἀπὸ
3336 2476 3527 2549 ἐτέρας
3597 2480 3842 2550 ἐπαρχίας

2278 2555 2610 2619 ἐπισκόπους
2658 2559 3042 2630 ἐπιγνώμονας
3091 2565 3485 2622 ἐπικαλεῖσθαι.
3538 2571 3602 2622 Ei
3642 2572 3702 2624 δέ
3753 2573 3842 2643 ἄρα

2275 2660 2359 2707 τις
2406 2647 2719 2701 ἐπισκόπων
2767 2649 2823 2702 ἐν
2874 2669 2979 2704 τινι
3035 2655 3317 2724 πράγματι
3365 2657 3504 2724 δόξει
3542 2663 3842 2731 κατακρίνει

2277 2739 2442 2803 σθαι,
2501 2739 2598 2792 καὶ
2655 2742 3028 2812 ὑπολαμϐάνει
3093 2748 3283 2800 ἐαυτὸν
3341 2750 3415 2820 μή
3476 2751 3683 2823 σαθρὶν
3724 2754 3838 2806 ἀλλὰ

2274 2829 2438 2883 καλὸν
2461 2829 2606 2901 ἔχειν
2641 2833 2700 2885 τὸ
2729 2836 2985 2905 πρᾶγμα,
3013 2837 3099 2892 ἵνα
3132 2839 3227 2891 καὶ
3255 2837 3411 2905 αὖθις
3443 2844 3475 2912 ἡ
3517 2844 3703 2914 κρίσις
3726 2847 3838 2897 ἀνα-

2273 2921 2474 2992 νεωθῇ,
2511 2924 2558 2976 εί
2589 2923 2737 2978 δοκεῖ
2774 2927 2928 2996 ὑμῶν
2989 2931 3054 2999 τῇ
3085 2929 3295 3002 ἀγάπῃ,
3330 2933 3538 3004 Πέτρου
3578 2935 3673 2987 τοῦ
3725 2936 3839 2988 ἀπο·

2273 3013 2462 3066 στόλου
2483 3015 2582 3084 τήν
2623 3019 2844 3088 μνήμην
2877 3021 3200 3091 τιμήσωμεν
3228 3040 3240 3053 ο
3268 3025 3361 3076 καὶ
3393 3027 3675 3096 γραφῆναι
3706 3030 3836 3098 παρὰ

2272 3104 2478 3160 τούτων
2512 3106 2622 3160 τῶν
2657 3109 2962 3178 κρινάντων
3017 3111 3222 3186 Ἰουλίῳ
3261 3115 3337 3186 τῷ
3385 3117 3676 3184 ἐπισκόπῳ
3721 3118 3837 3170 Ῥὡο

593 3203 886 3270 provincize
914 3204 1222 3272 episcopos,
1269 3205 1313 3258 si
1352 3220 1490 3274 opus
1538 3207 1629 3270 sit,
1687 3206 1954 3276 judicium
2003 3224 2165 3263 reno-

2275 3218 2377 3271 μης
2406 3219 2420 3233 ⁸
2450 3202 2592 3256 ὥστε
2613 3204 2703 3257 διὰ
2725 3204 2833 3259 τῶν
2872 3208 3229 3274 γειτνιώντων
3259 3214 3324 3281 τῇ
3358 3212 3598 3283 ἐπαρχία
3623 3211 3834 3266 ἐπισκό⁹

591 3300 778 3359 vetur;
812 3303 865 3346 et
893 3295 1202 3363 cognitores
1230 3296 1343 3365 ipse
1369 3297 1624 3365 praebeat.
1655 3296 1710 3352 Si
1735 3308 1916 3353 autem
1946 3302 2164 3369 probari

590 3398 698 3437 non
741 3391 916 3453 potest
969 3400 1188 3439 causam
1223 3387 1341 3456 ejus
1373 3403 1495 3442 esse
1567 3389 1726 3442 talem
1775 3399 1832 3444 ut
1887 3406 2005 3445 eam
2058 3393 2165 3462 27

589 3477 1030 3545 rursusjudicari
1065 3493 1203 3547 opus
1229 3481 1334 3540 sit,
1363 3496 1484 3549 quae
1536 3483 1702 3536 semel
1753 3492 1881 3538 sunt
1921 3485 2164 3553 judicata

587 3580 696 3619 non
728 3564 1089 3631 iﬂﬁl'll'lcnltll‘,
1121 3569 1214 3624 sed
1251 3577 1366 3624 rata
1398 3571 1470 3623 sit
1512 3571 1617 3624 lata
1651 3574 1942 3627 sententia.

657 3745 710 3795 4.
745 3742 1085 3798 Gaudentius
1127 3745 1415 3816 episcopus
1474 3748 1657 3802 dixit:
1691 3749 1746 3802 Si
1797 3750 2010 3806 videtur
2067 3769 2161 3808 ne-

584 3848 737 3888 cesse
766 3849 888 3888 esse
913 3835 1072 3905 adjici
1105 3836 1234 3890 huic
1267 3839 1572 3903 sententize,
1614 3856 1781 3909 quam
1827 3843 2038 3897 sincera
2073 3843 2160 3897 di-

583 3923 818 3978 lecrioue
859 3925 1075 3994 plenam
1131 3929 1430 3996 protulisti,
1487 3940 1545 3984 ut
1591 3933 1635 3986 si
1686 3935 1810 4001 quis
1868 3937 2160 4006 episcopus

581 4015 750 4070 fuerit
776 4016 1056 4086 depositus
1087 4019 1295 4088 judicio
1337 4022 1713 4092 episcoporum
1779 4028 1872 4094 qui
1920 4038 2048 4082 sunt
2105 4029 2158 4084 in

580 4105 804 4171 vicinia,
839 4116 892 4160 et
927 4108 1076 4161 dicat
1106 4124 1298 4164 rursus
1337 4111 1440 4165 sibi
1484 4112 1820 4169 defensionis
1879 4119 2155 4186 negotium

580 4211 929 4267 competere;
964 4215 1070 4253 non
1104 4201 1255 4269 prius
1292 4202 1343 4256 in
1386 4206 1702 4259 cathedram
1755 4209 1896 4263 alius
1955 4211 2158 4266 substi-

577 4296 784 4353 tttatur,
834 4304 997 4357 quam
1048 4288 1327 4348 Romanus
1385 4295 1675 4366 ρρίεοονυε
1719 4315 1883 4354 causa
1937 4305 2154 4373 cognita

579 4381 902 4436 sententiam
933 4385 1138 4440 tulerit.

653 4561 706 4617 5.
732 4558 894 4614 Osius
933 4563 1224 4632 episcopus
1275 4567 1411 4622 dixit
1471 4587 1482 4622 :
1535 4570 1764 4636 Placuit,
1820 4583 1879 4627 ut
1931 4574 1976 4628 si
2027 4577 2150 4644 quis

575 4651 867 4722 episcopus
901 4654 1115 4710 delatus
1143 4655 1325 4736 fuerit,
1365 4669 1420 4714 et
1444 4667 1756 4732 congregati
1787 4666 2032 4734 ejusdem
2061 4683 2149 4722 re-

575 4743 756 4810 gionis
785 4746 1024 4824 epist-Opi
1055 4763 1180 4801 eum
1217 4751 1386 4820 gradu
1420 4756 1719 4824 moverint;
1767 4767 1821 4811 et
1858 4758 2018 4813 veluti
2050 4775 2147 4828 ap-

572 4832 783 4901 pellans
825 4838 1135 4905 conlugerit
1177 4841 1242 4893 ad
1306 4843 1682 4898 beatissimum
1735 4846 1991 4902 Romanae
2048 4849 2149 4904 Ec-

573 4923 752 4978 clesiae
784 4927 1124 4998 episcopum,
1168 4941 1221 4986 et
1254 4935 1380 4988 vrllt
1418 4935 1593 5006 ipsqu
1617 4939 1827 5003 audire,
1863 4943 2145 5011 etjustum

569 5031 693 5071 esse
716 5018 1116 5075 existimaverit
1168 5024 1288 5093 ejus
1345 5028 1417 5080 rei
1467 5029 1930 5086 examinationem
1988 5050 2149 5088 reno-

568 5110 722 5174 vari;
755 5112 1094 5182 coepiscopis
1123 5115 1360 5171 scribere
1382 5118 1655 5188 dignetur,
1703 5122 1796 5192 qui
1829 5131 1962 5177 sunt
2017 5142 2146 5196 pro-

567 5201 760 5270 pinqui
791 5204 1109 5272 provinciae,
1141 5215 1201 5260 ut
1229 5207 1327 5276 ipsi
1361 5207 1652 5278 diligenter
1676 5221 1730 5268 et
1753 5224 2010 5270 accurate
2033 5217 2147 5271 sin-

569 5293 693 5362 gula
725 5305 1163 5363 perscruteutur,
1189 5308 1243 5352 et
1268 5315 1330 5354 ex
1364 5301 1612 5357 veritatis
1645 5304 1748 5360 ﬁde
1790 5307 1858 5362 de
1913 5325 1971 5363 re
2023 5325 2147 5364 sen-

567 5387 792 5440 tentiam
826 5386 1017 5441 ferant.
1051 5389 1105 5442 Si
1140 5391 1266 5459 quis
1290 5405 1470 5445 autem
1506 5399 1743 5462 postulet
1779 5414 1940 5453 suum
1990 5418 2147 5472 nego-

570 5483 703 5534 tium
747 5498 940 5536 rursus
984 5485 1183 5546 audiri,
1245 5496 1299 5540 et
1347 5489 1416 5541 ad
1477 5504 1631 5544 suam
1691 5495 2142 5563 supplicationem

566 5570 685 5625 Πολ
715 5589 946 5629 auorum
978 5579 1292 5647 episcopum
1340 5580 1592 5648 judicare
1649 5581 1912 5656 [movere]
1967 5590 2140 5644 visum

567 5667 752 5733 inerit,
797 5682 850 5726 ut
881 5674 1154 5745 aproprin
1182 5676 1350 5732 latere
1398 5681 1746 5752 presbyteros
1796 5686 1973 5739 mittat
2027 5706 2039 5740 :
2090 5695 2142 5742 et

569 5761 639 5814 sit
699 5762 752 5816 iu
806 5776 1066 5835 potestate
1110 5770 1277 5841 ipsius
1329 5776 1694 5847 quodcunque
1746 5787 1890 5834 recte
1943 5779 2142 5835 hahcer

2271 3315 2408 3364 πων,
2443 3301 2491 3351 εἰ
2525 3300 2634 3354 δέοι
2680 3302 3076 3373 ἅνανεωθῆναι,
3112 3305 3173 3358 τὸ
3206 3305 3562 3378 δικαστήριον
3597 3310 3698 3362 καὶ
3722 3309 3828 3361 ἐπι-

2267 3391 2552 3462 γνώμονας
2605 3394 2768 3458 αὐτὺς
2839 3399 3151 3467 παράσχοι·
3214 3402 3261 3452 εἰ
3318 3400 3374 3452 δὲ
3432 3401 3510 3472 μὴ
3586 3403 3832 3471 συστῆναι

2267 3480 2515 3548 δύναται,
2548 3485 2790 3540 τοιοῦτον
2823 3488 2986 3541 αὑτοῦ
3009 3485 3150 3542 εἶναι
3171 3490 3232 3542 τὸ
3266 3494 3508 3562 πρᾶγμα
3530 3494 3607 3556 ώς
3649 3495 3829 3547 παλιν-

2266 3573 2446 3638 δικίας
2496 3576 2737 3647 χρῄζειν,
2760 3579 2829 3631 τὰ
2869 3581 3015 3646 ἅπαξ
3049 3585 3352 3652 κεκριμένα
3386 3585 3461 3656 μὴ
3493 3587 3827 3651 ἀναλύεσθαι,

2265 3667 2332 3718 τά
2361 3666 2416 3718 δὲ
2451 3667 2579 3720 ὄντα
2605 3668 2798 3738 βέϐαια
2823 3673 3136 3742 τυγχάνειν.

2332 3759 2393 3813 δ’.
2422 3761 2739 3826 Γαυδέντιος
2770 3763 3069 3828 ἐπίσκοπος
3091 3761 3245 3820 εἶπεν
3266 3783 3280 3797 ·
3315 3787 3332 3819 ι
3384 3770 3445 3822 Et
3479 3771 3629 3824 δοκεῖ
3676 3775 3828 3841 ἀναγ-

2264 3853 2415 3904 καῖον
2435 3853 2798 3922 προστεθῆναι
2822 3854 2996 3929 ταύτῃ
3023 3860 3087 3928 τῇ
3127 3860 3424 3928 ἀποφάσει,
3447 3863 3515 3932 ἦν
3546 3881 3666 3917 τινα
3702 3867 3823 3932 ἀγάο

2263 3959 2372 4012 πης
2413 3943 2769 4016 εἰλικρινοῦς
2797 3947 2978 4019 πλήρη
3012 3950 3358 4022 ἐξενήνοχας,
3417 3954 3558 4008 ὥστε
3624 3959 3717 4014 ἐάν
3750 3975 3826 4019 τις

2261 4037 2557 4100 ἐπίσκοπος
2581 4038 2884 4111 καθαιρεθῇ
2917 4045 2980 4112 τῇ
3033 4043 3210 4114 κρίσει
3233 4045 3438 4099 τούτων
3473 4050 3581 4100 τῶν
3617 4051 3821 4102 ἐπισκό-

2261 4145 2378 4180 πων
2399 4129 2507 4182 τῶν
2551 4130 2608 4181 ἐν
2645 4130 2858 4202 γειτνίᾳ
2887 4136 3288 4203 τυγχανόντων,
3313 4141 3407 4190 καὶ
3434 4139 3620 4211 φάσκῃ
3671 4141 3818 4193 πάλιν

2261 4219 2444 4301 ἐαυτῷ
2475 4221 2776 4289 ἀπολογίας
2817 4225 3047 4294 πρᾶγμα
3087 4227 3421 4292 ἐπιϐάλλειν,
3455 4231 3530 4301 μὴ
3571 4234 3820 4301 πρότερον

2261 4313 2343 4375 είς
2382 4313 2480 4382 τὴν
2522 4313 2792 4384 καθέδραν
2823 4317 2988 4370 αὑτοῦ
3028 4318 3216 4389 ἓτερον
3247 4321 3706 4393 ὑποκαταστῆναι,
3729 4325 3814 4378 ἐὰν

2262 4403 2337 4472 μὴ
2389 4404 2418 4455 ὁ
2453 4408 2556 4474 τῆς
2593 4405 2879 4476 Ῥωμαίων
2898 4409 3193 4474 ἐπίσκοπος
3230 4414 3508 4481 ἐπιγνοὺς,
3544 4418 3672 4488 περὶ
3702 4415 3788 4470 τού

2185 4533 2229 4590 D
2256 4511 2349 4547 του
2375 4496 2497 4566 ὅρον
2525 4498 2805 4570 ἐξενέγκῃ.
2849 4521 2867 4552 ι

2328 4593 2390 4643 ε’.
2430 4587 2615 4652 Ὅσιος
2635 4590 2934 4654 ἐπίσκοπος
2967 4590 3120 4648 εἶπεν
3142 4612 3156 4628 ο
3200 4617 3218 4648 ι
3253 4599 3511 4667 Ἵῐρεσεηι,
3539 4601 3606 4653 ἶν’
3652 4601 3702 4653 εί
3737 4616 3815 4660 τις

2255 4677 2554 4741 ἐπίσκοπος
2613 4683 3039 4755 καταγγελθείη,
3102 4688 3198 4740 καὶ
3251 4689 3728 4761 συναθροισθέντες
3768 4690 3814 4742 οἱ

2253 4769 2544 4824 ἐπίσκοποι
2565 4772 2665 4842 τῆς
2691 4775 2904 4847 ἐνορίας
2933 4778 3030 4846 τῆς
3061 4779 3252 4849 αὐτῆς,
3281 4780 3375 4833 τοῦ
3411 4782 3621 4853 βαθμοῦ
3667 4783 3814 4835 αὐτὸν

2251 4864 2651 4935 ἀποκινήσωσι,
2687 4867 2784 4920 καὶ
2817 4869 2875 4930 ὃς
2901 4886 3007 4940 περ
3044 4871 3486 4942 ἐκκαλεσάμενος
3535 4874 3810 4944 καταφύγῃ

2251 4957 2344 5008 ἐπὶ
2391 4956 2482 5009 τὸν
2547 4959 2962 5030 μακαριώτατον
3023 4963 3124 5031 τῆς
3187 4965 3810 5037 ῬωμαίωνἘκκλησίας

2251 5049 2569 5115 ἐπίσκοπον,
2605 5051 2700 5105 καὶ
2734 5052 3022 5126 βουληθείη
3055 5056 3223 5109 αὐτοῦ
3271 5058 3582 5123 διακοῦσαι,
3615 5060 3808 5113 δίκαιόν

2249 5159 2308 5194 τε
2340 5137 2480 5195 εἶναι
2512 5143 2708 5214 νομίσῃ
2744 5144 3155 5201 ἀνανεώσασθαι
3207 5149 3374 5203 αὑτοῦ
3430 5153 3531 5220 τὴν
3580 5153 3808 5219 ἐξέτασιν

2248 5229 2342 5285 τοῦ
2395 5234 2741 5303 πράγματος,
2803 5236 3034 5306 γράφειν
3080 5238 3294 5304 τούτοις
3347 5245 3460 5307 τοῖς
3505 5245 3808 5307 ἐπισκόποις

2250 5326 2563 5398 καταξιώσῃ
2599 5330 2711 5392 τοῖς
2737 5329 3122 5399 ἀγχιστεύουσι
3147 5338 3214 5406 τῇ
3245 5337 3505 5408 ἐπαρχίᾳ,
3544 5339 3630 5392 ἵνα
3666 5339 3806 5391 αὐτοὶ

2247 5419 2522 5488 ἐπιμελῶς
2544 5422 2638 5473 καὶ
2661 5425 2800 5491 μετὰ
2831 5423 3134 5494 ἀκριόείας,
3165 5428 3372 5481 ἕκαστα
3395 5430 3802 5501 διερευνήσωσι·

2247 5511 2340 5562 καὶ
2367 5511 2509 5565 κατὰ
2537 5513 2634 5582 τὴν
2663 5512 2763 5582 τῆς
2789 5515 3045 5585 ἀληθείας
3097 5519 3299 5582 πίστιν,
3333 5520 3511 5589 ψῆφον
3551 5523 3676 5592 περὶ
3717 5520 3801 5573 τοῦ

2247 5602 2573 5672 πράγματος
2611 5605 2992 5673 ἐξενέγκωσιν.
3035 5610 3096 5661 Εἰ
3127 5611 3182 5663 δέ
3212 5629 3294 5674 τις
3327 5612 3495 5676 ἀξιῶν
3533 5616 3626 5668 καὶ
3653 5614 3798 5666 πάλιν

2250 5693 2414 5746 αὑτοῦ
2469 5695 2529 5748 τὸ
2593 5699 2823 5769 πρᾶγμα
2861 5699 3217 5770 ἀκουσθῆναι,
3269 5704 3364 5757 καὶ
3415 5708 3481 5776 τῇ
3529 5706 3705 5777 δεήσει
3736 5704 3798 5771 τῇ

2248 5783 2442 5839 ἑαυτοῦ
2473 5787 2564 5840 τὸν
2596 5787 2883 5861 Ῥωμαίων
2921 5791 3218 5846 ἐπίσκοπον
3267 5797 3472 5865 κρίνειν
3500 5797 3658 5864 δόξει,
3703 5793 3798 5849 ἀπὸ
