3908 6296
574 334 679 400 475

1731 353 1991 416 ΡΗΟΤΙΙ
2032 355 2152 419 PA’]

2264 358 2535 420 ARCHE
2567 361 2657 423 (ΣΡ
3695 373 3779 437 476

573 452 831 508 omnibus
868 452 1356 528 Hellespontiorum
1384 466 1673 535 provinciae
1698 472 1990 544 episcopis,
2021 485 2075 532 et
2105 489 2137 529 ιι

2264 477 2753 544 ῖταντινουπόλεως,
2777 478 2869 531 καὶ
2903 477 2991 532 τὸν
3026 478 3113 533 ἐπ’
3129 480 3264 551 αὐτῇ
3292 479 3667 549 καθιστάμενον
3687 486 3782 542 θεο-
3832 529 3844 542 .

575 543 692 599 suis
734 545 1008 618 episcopis
1052 551 1285 623 eligatur
1329 570 1396 610 ex
1452 560 1675 628 antiqua
1726 543 2145 630 consuetudine.

574 632 754 693 Mures
785 641 954 707 enim,
983 643 1078 711 qui
1112 655 1240 700 sunt
1260 647 1311 701 in
1344 664 1669 721 unaquaque
1698 653 2146 720 Ecclesia.divini

575 728 740 783 etiam
776 734 949 785 nostri
1000 734 1187 790 Patres
1238 740 1536 794 servandos
1594 758 1951 815 consuerunt,
1988 751 2147 825 Cyzi-

574 834 836 876 cenorum
867 824 1111 881 civitatis
1144 829 1399 899 episcopo
1432 836 1653 900 praesuli
1696 839 1854 895 dicta:
1882 841 2148 901 Justinia-

575 914 840 981 nopoleos
918 917 1166 986 subjecto
1247 922 1593 992 exsistente,
1666 929 1731 982 ad
1790 932 2145 992 imitationem

580 1006 923 1076 reliquorum
987 1011 1231 1066 omnium
1288 1017 1713 1088 episcoporum,
1770 1026 1865 1095 qui
1915 1028 2149 1085 subsunt

574 1098 836 1164 praedicto
866 1099 957 1153 Dei
992 1103 1375 1160 amantissimo
1420 1112 1642 1177 praesuli
1672 1111 1910 1180 Joauni;
1950 1133 1978 1171 a
2015 1134 2145 1188 quo,

575 1198 701 1236 cum
734 1200 866 1239 usus
911 1189 1287 1257 postulaverit,
1320 1195 1485 1249 etiam
1544 1198 1723 1269 ipsius
1751 1200 2147 1271 Cyzicenorum

573 1273 811 1331 civitatis
837 1278 1127 1349 episcopus
1152 1283 1516 1341 ordinabitur.

650 1542 863 1599 Textus.
901 1543 975 1600 De
1000 1546 1190 1603 ordine
1222 1550 1682 1619 patriarcharum,
1706 1561 1759 1607 et
1795 1568 1918 1623 quae
1940 1556 2009 1609 ab
2044 1555 2153 1613 illis

572 1637 910 1707 reliquisque
948 1643 1218 1713 episcopis
1266 1659 1367 1714 pro
1397 1644 1743 1701 ordinatione
1776 1648 1974 1701 dentur
2006 1667 2019 1703 :
2055 1650 2153 1705 de-

574 1729 739 1800 nique
765 1731 908 1800 quod
935 1733 1178 1787 omnium
1207 1732 1570 1789 Ecclesiarum
1595 1745 1760 1807 caput
1782 1738 1853 1792 sit
1879 1737 2152 1793 Constan-

2251 569 2570 638 φιλέστατον
2604 570 2920 637 ἐπίσκοπον,
2964 573 3182 626 πάντων
3206 573 3555 643 προεδρεύειν
3580 575 3677 628 τῶν
3697 581 3780 649 τῆς

2261 660 2690 730 Ἑλλησποντίων
2707 663 2811 714 ἐπα
2820 662 2995 732 ρχίας’
3022 665 3115 717 καὶ
3133 665 3236 716 ὑπὸ
3249 664 3356 715 τῶν
3370 664 3578 717 οίκείων
3592 667 3784 722 ἐπισκό-

2251 768 2372 805 πων
2394 754 2814 824 χειροτονεῖσθαι
2843 754 2983 807 κατά
3000 755 3095 825 τὴν
3123 756 3356 824 ἀρχαίαν
3388 756 3683 826 συνήθειαν.
3718 763 3785 816 Τὰ

2250 844 2361 914 γάρ
2400 846 2458 898 ἐν
2490 847 2693 917 ἑκάστῃ
2724 846 3021 917 Ἐκκλησία
3052 846 3146 917 ἔθη
3179 848 3273 900 καὶ
3314 849 3363 899 oi
3387 847 3627 917 θεοφόροι
3656 852 3787 920 ἡμῶν

2250 937 2494 1008 Πατέρες
2557 938 3079 1009 παραφυλάττεσθαι
3129 938 3488 1006 διεγνώκασιο
3556 940 3645 992 τοῦ
3703 943 3788 1011 τῆς

2252 1028 2574 1100 Κυζικηνῶν
2645 1028 2852 1092 πόλεως
2912 1028 3256 1093 ἐπισκόπου,
3312 1029 3667 1098 ὑποκειμένου
3722 1033 3788 1102 τῷ

2252 1119 2503 1191 προέδρῳ
2523 1121 2622 1190 τῆς
2639 1120 2933 1191 εἰρημένης
2960 1121 3567 1185 Ἰουστινιανουπόλεως,
3592 1124 3794 1192 μιμήσει

2250 1210 2358 1263 τῶν
2384 1209 2583 1264 λοιπῶν
2629 1212 2885 1265 ἁπάντων
2928 1211 3245 1266 ἐπισκόπων
3294 1214 3403 1265 τῶν
3444 1212 3549 1265 ὑπὸ
3601 1213 3687 1265 τὸν
3715 1214 3793 1266 λε-

2252 1300 2446 1371 χθέντα
2477 1301 2885 1369 θεοφιλέστατον
2953 1305 3217 1376 πρόεδρον
3276 1305 3550 1374 Ἰωάννην,
3611 1305 3696 1374 ὑφ’
3743 1301 3794 1361 οὗ

2253 1392 2439 1462 χρείας
2473 1393 2764 1463 καλούσης,
2797 1395 2888 1447 καὶ
2935 1396 2963 1447 ὁ
2994 1396 3091 1462 τῆς
3145 1393 3317 1463 αὐτῆς
3352 1395 3673 1465 Κυζικηνῶν
3705 1396 3793 1448 πό-

2252 1484 2388 1546 λεως
2421 1484 2719 1549 ἐπίσκοπος
2750 1486 3285 1556 χειροτονηθήσεται.

2326 1576 2462 1644 Περὶ
2507 1575 2565 1628 δέ
2616 1576 2716 1642 τῆς
2769 1577 2975 1641 τάξεως
3023 1580 3133 1629 τῶν
3166 1574 3545 1645 πατριαρχῶν,
3580 1577 3671 1630 καὶ
3704 1578 3799 1630 τῶν

2256 1667 2386 1736 παρ’
2411 1666 2612 1732 αὐτῶν,
2639 1668 2733 1721 καὶ
2780 1667 2888 1719 τῶν
2936 1667 3142 1721 λοιπῶν
3175 1670 3515 1726 ἐπισκόπων.
3560 1669 3693 1738 ὑπὲρ
3717 1671 3801 1739 τῆς

2257 1756 2435 1809 αὐτῶν
2458 1756 2795 1826 χειροτονίας
2842 1756 3162 1826 διδομένων,
3195 1758 3291 1810 καὶ
3336 1759 3422 1809 ὅτι
3471 1756 3664 1808 πασῶν
3697 1757 3802 1809 Ἐκ-

574 1822 857 1891 tinopolis,
884 1822 999 1892 lege
1026 1825 1117 1879 lib.
1154 1840 1169 1878 ι
1212 1826 1360 1889 cod.,
1393 1827 1472 1881 tit.
1513 1827 1564 1890 1,
1601 1838 1776 1882 const.
1810 1829 1864 1896 7,
1890 1839 1943 1884 et
1969 1830 2052 1885 tit.
2093 1830 2146 1897 2,

2264 1815 2492 1915 κλησιῶν
2549 1815 2787 1914 ’κεφαλήῖ
2861 1815 3013 1899 ἐστιν
3086 1848 3119 1915 ἡ
3150 1815 3803 1911 Κωνσταντινουπόλεως,

576 1923 755 1967 const.
783 1911 836 1977 6,
875 1913 964 1978 20,
1000 1914 1103 1980 24;
1156 1927 1210 1969 et
1239 1916 1318 1968 tit.
1357 1917 1381 1969 1
1417 1914 1759 1971 Novellarum
1790 1960 1804 1984 ,
1838 1922 2059 1974 constit.
2093 1920 2147 1987 2,

575 2014 632 2059 et
659 2004 738 2058 tit.
766 2004 822 2068 2,
855 2014 1030 2059 const.
1063 2006 1115 2060 5.
1142 2004 1332 2061 Const.
1367 2021 1494 2062 vero
1519 2008 1606 2074 16,
1640 2009 1721 2063 tit.
1750 2009 1803 2071 2,
1854 2010 1890 2065 l.
1922 2027 1960 2065 ι.
1997 2011 2148 2080 dicit,

576 2098 721 2166 quod
781 2097 1415 2167 Constantinopolitanus
1475 2098 1681 2172 [supra]
1750 2103 1890 2157 alios
1950 2105 2153 2159 habeat

576 2183 1059 2252 praeerninentiam.
1089 2184 1153 2239 Et
1189 2198 1365 2241 const.
1412 2187 1478 2252 8,
1523 2188 1605 2243 tit.
1646 2190 1671 2242 1
1707 2189 2075 2257 Novellarum,
2098 2204 2151 2248 et

575 2274 631 2356 5,
663 2274 745 2328 tit.
769 2275 823 2338 2,
854 2274 1059 2329 faciunt
1082 2277 1269 2345 prima:
1300 2277 1621 2334 Justinianae
1658 2284 2148 2355 archiepiscopum,

576 2379 642 2419 ac
675 2363 941 2437 [habent],
975 2368 1120 2437 quod
1157 2371 1332 2439 major
1363 2372 1436 2426 sit
1457 2374 1898 2445 metropolitano,
1925 2385 1978 2430 et
2003 2379 2148 2447 quod

576 2474 607 2511 a
659 2473 757 2513 sua
818 2460 1027 2529 synodo
1059 2471 1279 2517 creetur
1319 2480 1334 2518 :
1381 2464 1637 2532 denioue,
1668 2480 1806 2522 ouas
1835 2470 2147 2532 provincias

576 2543 700 2617 [sub
729 2544 811 2617 se]
844 2546 1060 2602 habeat.

644 2745 754 2815 30
769 2745 920 2800 CAP.
942 2746 1332 2814 VL—Quinam
1350 2768 1605 2821 quosnam
1634 2768 1680 2811 et
1697 2758 1785 2812 ubi
1812 2770 1861 2812 ct
1889 2766 2147 2830 quomodo

574 2840 841 2907 episcopos
892 2850 983 2893 aut
1042 2842 1256 2895 clericos
1312 2845 1569 2901 ordinent.
1629 2848 1769 2914 Quid
1821 2869 1937 2908 vero
1971 2858 2017 2909 si
2048 2857 2154 2912 ele—

577 2940 694 2985 ctus
727 2942 921 2986 recuset
952 2933 1126 2987 oblato
1160 2934 1338 2990 libello
1362 2940 1719 3009 episcopatum
1743 2944 1769 2996 .’

883 3108 1256 3175 Apostolorum
1290 3127 1512 3166 canones
1552 3115 1602 3180 1,
1634 3114 1688 3181 2,
1718 3116 1805 3173 55.

2253 1935 2527 2003 ἀνάγνωθι
2564 1934 2767 2006 βιϐλίον
2804 1940 2853 1987 α’
2896 1933 2990 1987 τοῦ
3048 1935 3306 2002 κώδικος,
3340 1933 3445 1988 τίτ.
3482 1934 3555 1999 α’,
3613 1934 3800 1999 διάταξ.

2252 2026 2296 2092 ζ’
2325 2028 2420 2080 καὶ
2450 2028 2554 2080 τίτ.
2590 2027 2656 2097 β’,
2681 2025 2820 2079 διάτ.
2852 2032 2905 2090 ς’
2944 2024 3045 2089 κδ’,
3079 2028 3173 2079 καὶ
3200 2027 3305 2080 τίτ.
3335 2024 3382 2079 α’
3410 2026 3521 2079 τῶν
3575 2026 3801 2097 νεαρῶν,

2250 2120 2392 2174 διάτ.
2424 2119 2489 2189 β’,
2523 2119 2614 2172 καὶ
2630 2117 2738 2172 τίτ.
2772 2117 2836 2189 β’.
2870 2117 3011 2184 διάτ,
3038 2124 3086 2187 γ’
3108 2135 3122 2149 ·
3154 2118 3263 2187 ἡδὲ
3312 2125 3388 2183 ις’
3440 2119 3585 2171 διάτ,
3635 2117 3722 2170 τοῦ
3767 2119 3803 2187 β,

2250 2213 2358 2266 τίτ.
2393 2209 2487 2264 τοῦ
2524 2216 2572 2264 α’
2620 2208 2730 2280 βιϐ.
2783 2210 2970 2279 φησὶν,
3024 2211 3106 2263 ὅτι
3139 2211 3167 2263 ὁ
3195 2209 3805 2274 Κωνσταντινουπόλεως

2253 2305 2366 2375 ἔχει
2388 2303 2497 2357 τῶν
2531 2303 2707 2358 ἄλλων
2731 2303 3044 2373 προεδρίαν,
3084 2303 3228 2373 καὶὴ
3257 2309 3305 2374 η’
3335 2303 3475 2355 διάτ.
3517 2301 3612 2355 τοῦ
3644 2309 3688 2354 α’
3714 2303 3803 2356 τίτ.

2251 2400 2359 2453 τῶν
2393 2397 2624 2468 νεαρῶν,
2662 2399 2756 2452 καὶ
2784 2400 2817 2467 ἡ
2845 2395 2893 2465 γ’
2926 2397 3017 2449 τοῦ
3056 2395 3099 2466 β’
3136 2396 3266 2459 τίτ.,
3300 2396 3526 2449 ποιοῦσι.
3558 2396 3652 2449 τὸν
3697 2395 3806 2465 πρί-

2256 2508 2363 2563 μας
2403 2489 2789 2559 ἰουστινιανῆς
2837 2490 3269 2559 ἀρχιεπίσκοπον
3293 2506 3306 2519 ⁸
3359 2492 3455 2541 καὶ
3496 2489 3583 2541 δτι
3615 2486 3800 2557 μείζων

2254 2583 2370 2635 ἐστὶ
2406 2579 2498 2635 τοῦ
2562 2579 2983 2652 μητροπολίτου,
3034 2578 3132 2632 καὶ
3183 2579 3266 2632 ὅτι
3308 2577 3413 2631 ὑπὸ
3462 2578 3564 2647 τῆς
3609 2575 3804 2629 συνόδου

2252 2672 2418 2727 αὐτοῦ
2449 2674 2851 2743 χειροτονεῖται,
2887 2671 2980 2723 καὶ
3013 2671 3171 2734 ποίας
3198 2671 3469 2740 ἐπαρχίας
3494 2669 3629 2739 ἔχει.

2322 2765 2576 2818 ΚΕΦΑΛ.
2614 2766 2799 2830 ςα-
2830 2762 2996 2828 Τίνες
3036 2763 3206 2828 τίνας
3254 2761 3352 2815 καὶ
3394 2759 3516 2815 ποῦ
3566 2762 3662 2815 καί
3699 2763 3806 2830 πῶς

2251 2856 2700 2924 χειροτονοῦσιν
2764 2855 3134 2919 ἐπισκόπους
3210 2852 3248 2921 ἢ
3306 2853 3669 2919 κληρικοὺς,
3718 2857 3801 2909 καί

2251 2949 2360 3002 ἐὰν
2401 2951 2433 3001 ό
2478 2947 2912 3015 χειροτονηθεὶς
2958 2946 3055 3000 διὰ
3096 2945 3403 3009 λιϐἐλλου,
3467 2946 3800 3016 παραιτῆται

2255 3037 2367 3105 τὴν
2392 3036 2753 3104 ἐπισκοπὴν.

2582 3131 2959 3184 Ἀποστόλων
2988 3131 3187 3186 κανὼν
3220 3140 3290 3198 α’,
3317 3135 3383 3204 β’,
3422 3135 3519 3189 λε’.

649 3198 703 3251 1.
743 3197 1045 3268 Episc0pus
1075 3214 1107 3253 a
1137 3200 1352 3257 duobus
1388 3204 1467 3257 vel
1498 3206 1673 3261 tribus
1699 3209 1967 3281 episc0pis
1999 3208 2152 3269 ordi-

2325 3218 2393 3273 at'.
2433 3220 2760 3285 Ἐπίσκοπος
2789 3222 3204 3292 χειροτονείσθω
3237 3224 3343 3276 ὑπὸ
3383 3222 3696 3277 ἐπισκόπων
3732 3222 3809 3274 δύο

577 3297 759 3343 netur.

642 3382 696 3434 Ξ.
733 3380 1021 3451 Presbyter
1063 3382 1133 3437 ab
1172 3399 1283 3438 uno
1308 3384 1565 3457 episcopo
1599 3390 1909 3461 ordinetur,
1945 3404 1998 3451 et
2031 3397 2155 3453 dia-

578 3486 771 3536 conus,
804 3482 858 3525 et
893 3473 1089 3543 reliqui
1122 3474 1331 3530 clerici.

646 3562 718 3616 55
755 3561 890 3634 [54].
922 3563 1223 3635 Episcopus
1251 3568 1293 3600 “
1324 3583 1390 3623 ne
1425 3572 1623 3627 audeat
1657 3582 1810 3629 extra
1844 3591 1976 3633 suos
2019 3580 2157 3636 lines

577 3652 760 3707 facere
812 3654 1185 3711 ordinationes
1247 3657 1303 3711 in
1364 3660 1589 3716 urbibus
1637 3671 1692 3717 et
1740 3666 1894 3736 pagis
1947 3685 2054 3723 non
2106 3668 2155 3724 ei

578 3740 860 3809 subjectis.
900 3742 993 3795 Sin
1035 3753 1213 3798 autem
1258 3745 1359 3799 hoc
1412 3745 1606 3802 fecisse
1665 3753 1951 3809 convictus
1997 3754 2158 3809 fuerit

583 3841 781 3901 printer
833 3848 1021 3887 eorum
1088 3838 1411 3891 sententiam
1463 3840 1555 3908 qui
1592 3851 1775 3895 tenent
1818 3860 1985 3915 pagos
2034 3846 2155 3904 illos

580 3925 662 3979 vel
696 3925 981 3991 civitates,
1019 3927 1319 3997 deponatur
1375 3940 1429 3984 et
1477 3932 1591 4000 ipse
1629 3943 1679 3987 ct
1744 3934 1783 3987 ii
1826 3951 1964 4006 quos
2007 3939 2157 3993 οι·ἀί-

580 4016 748 4071 navit.

769 4109 996 4165 Concilii
1027 4112 1339 4167 Antioclteni
1369 4130 1593 4170 canones
1627 4117 1716 4184 l3,
1761 4118 1847 4185 19,
1889 4120 1980 4175 2‘2.

650 4200 738 4256 15.
770 4202 959 4260 Nullus
990 4207 1281 4276 episcopus
1310 4208 1506 4262 audeat
1551 4210 1621 4262 ab
1651 4224 1756 4264 una
1791 4214 2067 4280 provincia
2103 4215 2155 4270 in

583 4295 743 4348 aliam
772 4299 1023 4364 transire,
1076 4310 1127 4354 et
1152 4301 1361 4370 aliquos
1396 4303 1449 4355 in
1486 4299 1745 4358 Ecclesiis
1777 4306 2038 4361 ordinare
2089 4307 2155 4363 ad

584 4400 865 4441 sacrorum
895 4390 1334 4456 celebrationem,
1360 4410 1458 4448 nec
1486 4395 1529 4449 si
1557 4396 1694 4451 alios
1724 4414 1828 4453 una
1860 4414 2044 4454 secum
2078 4401 2158 4454 in-

583 4475 769 4540 ducat,
808 4477 911 4531 nisi
948 4481 1156 4533 venerit
1180 4481 1374 4537 litteris
1407 4487 1704 4541 accersitus
1732 4490 2155 4558 metropolitani,

2327 3328 2515 3381 τριων.

2400 3328 2515 3363 ιων.

2459 3403 2844 3475 Πρεσϐύτερος
2907 3406 3010 3458 ὑπὸ
3064 3405 3182 3469 ἐνὸς
3231 3406 3539 3459 ἐπισκόπου
3592 3421 3811 3475 χειροτο-

2255 3493 2477 3560 νείσθω,
2505 3496 2600 3549 καὶ
2638 3496 2901 3561 διάκονος,
2934 3497 3029 3550 καὶ
3066 3498 3116 3549 οί
3149 3497 3330 3550 λοιποὶ
3371 3496 3648 3568 κληρικοί.

2325 3584 2418 3638 λε’.
2470 3586 2801 3640 Ἐπίσκοπον
2844 3588 2917 3658 μὴ
2939 3588 3145 3657 τολμᾷν
3170 3587 3273 3651 ἔξω
3306 3587 3414 3640 τῶν
3434 3588 3634 3641 ἑαυτοῦ
3670 3589 3810 3656 ὅρων,

2256 3679 2587 3747 χειροτονίας
2620 3679 2893 3733 ποιεῖσθαι
2925 3681 3006 3741 εἰς
3058 3679 3156 3742 τὰς
3182 3679 3255 3748 μὴ
3286 3679 3657 3749 ὑποκειμένας
3687 3679 3811 3745 αὐτῷ

2256 3770 2440 3833 πόλεις
2474 3771 2564 3823 καὶ
2584 3770 2771 3841 χώρας
2797 3788 2809 3802 ⁸
2834 3773 2883 3823 εί
2906 3771 2961 3823 δὲ
2979 3770 3260 3839 ἐλεγχθείη
3292 3769 3451 3822 τοῦτο
3498 3769 3813 3839 πεπιοιηκὼς

2258 3860 2409 3929 παρὰ
2439 3862 2533 3932 τὴν
2566 3860 2674 3914 τῶν
2708 3864 3047 3932 κατεχόντων
3100 3861 3197 3923 τὰς
3223 3861 3405 3924 πόλεις
3432 3862 3649 3924 ἐκείνας
3674 3862 3703 3931 ἢ
3731 3861 3809 3921 τὰς

2260 3951 2445 4023 χώρας
2493 3953 2741 4025 γνώμην,
2795 3954 3163 4026 καθαιρείσθω
3221 3955 3315 4008 καὶ
3376 3955 3543 4017 αὐτὸς
3597 3955 3687 4007 καὶ
3736 3952 3812 4014 οὓς

2260 4045 2348 4115 ὲχε
2361 4062 2374 4096 ι
2383 4046 2691 4115 ροτόνησεν.

2412 4137 2683 4192 Συνόδου
2728 4140 3090 4208 Ἀντιοχείας
3116 4141 3316 4195 κανὼν
3350 4143 3441 4211 ιγ’,
3479 4141 3572 4206 ιθ’,
3609 4140 3708 4211 κβ’.

2333 4226 2423 4294 ιγ’.
2454 4229 2675 4297 Μηδένα
2701 4232 2999 4286 ἐπίσκοπον
3043 4235 3250 4304 τολμᾷν
3283 4236 3377 4305 ἀφ’
3421 4234 3617 4304 ἐτέρας
3663 4235 3811 4299 ἐπειρι

2259 4317 2380 4389 χίας
2437 4322 2516 4383 είς
2547 4322 2737 4390 ἑτέραν
2763 4324 3106 4392 μεταϐαίνειν
3137 4326 3233 4378 καὶ
3271 4328 3598 4396 χειροτονεῖν
3627 4325 3681 4375 ὲν
3710 4321 3813 4374 Ἐκ·

2261 4407 2458 4479 κλησίᾳ
2487 4410 2639 4473 τινὰς
2677 4414 2758 4474 εἰς
2812 4416 3142 4484 προαγωγὴν
3180 4419 3553 4486 λειτουργίας,
3598 4414 3721 4485 μηδὲ
3770 4412 3812 4465 εί

2266 4498 2626 4568 συνεπάγοιτο
2687 4502 2863 4572 ἐαυτῴ
2922 4504 3166 4573 ἐτέρους,
3224 4507 3272 4557 εί
3328 4505 3404 4575 μὴ
3459 4502 3812 4575 παρακληθεὶς

582 4577 639 4621 et
666 4569 1045 4638 episcoporum
1078 4573 1173 4641 qui
1201 4582 1329 4627 sunt
1360 4591 1484 4629 cum
1519 4578 1635 4647 ipso
1662 4619 1676 4644 ,
1715 4581 1769 4634 in
1798 4598 2033 4650 quorum
2068 4600 2152 4639 re-

2264 4562 2518 4658 ἅφίκοιτο
2567 4592 2656 4657 διά
2685 4562 3034 4663 γραμμάτων
3062 4562 3164 4648 rei},
3203 4614 3263 4649 τε
3308 4562 3711 4668 μητροπολίτου
3736 4592 3815 4646 καὶ

583 4660 800 4729 gionem
833 4664 1058 4717 accedit.
1085 4664 1139 4717 Si
1172 4674 1351 4719 autem
1378 4668 1527 4723 nullo
1558 4682 1812 4739 vocante,
1842 4675 1909 4728 ad
1939 4676 2157 4745 aliquo-

586 4769 706 4807 rnm
733 4757 1135 4811 ordinationem
1169 4769 1224 4813 et
1249 4760 1747 4818 ecclesiasticarum
1781 4782 1963 4820 rerum
2000 4768 2067 4822 ad
2102 4784 2160 4824 se

585 4862 694 4899 non
744 4848 1130 4916 pertinentium
1167 4852 1612 4907 constitutionem
1656 4855 1969 4912 inordinate
2000 4858 2150 4914 inso-

582 4936 862 5009 lenterque
892 4943 1253 5009 processerit,
1308 4946 1418 4998 sint
1448 4946 1665 5014 quidem
1719 4948 1871 5002 irrita
1920 4967 2040 5021 qua'
2089 4951 2158 5007 ab

584 5029 703 5097 ipso
734 5042 1019 5099 geruntur,
1052 5033 1166 5103 ipse
1189 5044 1368 5089 autem
1406 5052 1518 5090 sua:
1551 5037 1853 5095 insolentia:
1883 5052 1937 5096 et
1966 5053 2160 5113 praeter

584 5120 847 5174 rationem
888 5121 1043 5177 facta:
1094 5126 1462 5194 aggressionis
1506 5128 1596 5183 det
1634 5145 1843 5201 pmnas,
1885 5149 1916 5188 a
1969 5146 2155 5191 sancta

584 5212 791 5267 scilicet
833 5216 1038 5284 synodo
1060 5219 1255 5272 exinde
1288 5217 1569 5287 depositus

652 5390 741 5445 19.
766 5391 1068 5465 Episcopus
1093 5412 1159 5452 ne
1180 5399 1463 5456 ordinetur
1484 5404 1692 5474 absque
1714 5404 1924 5475 synodo
1947 5414 2001 5459 et
2022 5421 2157 5474 pra:-

584 5484 758 5538 sentia
787 5490 1186 5557 metropolitani
1215 5495 1527 5561 provinciae.
1565 5497 1643 5552 Eo
1673 5508 1854 5552 autem
1882 5498 1985 5568 31
2022 5515 2160 5567 prae-

584 5586 758 5642 sente,
785 5580 1009 5636 omnino
1034 5583 1235 5639 melius
1261 5596 1343 5641 est
1363 5603 1556 5644 omnes
1578 5606 1680 5644 una
1713 5606 1836 5645 cum
1860 5607 1925 5646 eo
1946 5592 2158 5658 adesse,

585 5669 677 5737 qui
714 5680 843 5725 sunt
895 5672 949 5726 in
1003 5675 1283 5743 provincia
1323 5679 1566 5750 ejusdem
1603 5684 1848 5740 muneris
1883 5684 2152 5758 olliciique

655 5761 698 5792 “
731 5763 986 5821 Antioch.
1016 5782 1139 5822 can.
1172 5770 1223 5824 9.

2262 4683 2369 4736 τῶν
2409 4685 2504 4737 σὺν
2539 4684 2687 4755 αὐτῷ
2708 4688 3027 4740 ἐπισκόπων
3053 4681 3127 4741 ὧν
3161 4690 3240 4751 εἰς
3266 4690 3366 4759 τὴν
3411 4687 3596 4759 χώραν
3629 4686 3814 4756 παρέρ-

2263 4795 2427 4849 χοιτο.
2455 4778 2515 4833 Εἰ
2543 4782 2601 4835 δὲ
2653 4782 2883 4853 μηδενὸς
2908 4783 3200 4847 καλοῦντος
3223 4784 3447 4837 ἀπέλθοι
3476 4784 3722 4842 ἀτάκτως
3740 4780 3816 4832 ἐπὶ

2262 4870 2570 4941 χειροθεσίᾳ
2627 4873 2809 4936 τινῶν,
2860 4874 2954 4927 καὶ
3002 4874 3331 4929 καταστάσει
3401 4873 3510 4927 τῶν
3544 4874 3815 4941 ἐκκλησια-

2263 4960 2465 5013 στικῶν
2506 4963 2847 5033 πραγμάτων
2898 4966 2973 5036 μὴ
3003 4967 3388 5037 προσηκόντων
3452 4964 3623 5035 αὐτῷ,
3658 4965 3816 5031 ἄκυρα

2269 5056 2367 5125 μὲν
2398 5056 2466 5107 τὰ
2496 5057 2587 5109 ὑπ’
2616 5058 2781 5110 αὐτοῦ
2818 5060 3169 5129 πραττόμενα
3205 5061 3487 5131 τυγχάνει,
3543 5061 3637 5113 καὶ
3674 5057 3816 5110 αὑτὸν

2262 5146 2319 5199 δὲ
2358 5147 2581 5217 ὑπέχειν
2604 5148 2702 5218 τῆς
2736 5151 2963 5216 ἀταξίας
3004 5150 3190 5213 αὐτοῦ,
3219 5152 3314 5204 καὶ
3383 5153 3483 5221 τῆς
3527 5148 3817 5220 παραλόγου

2262 5239 2679 5310 ἐπιχειρήσεως,
2714 5240 2811 5311 τὴν
2849 5244 3237 5312 προσήκουσαν
3273 5243 3452 5313 δίκην,
3504 5236 3807 5313 καθῃρημὲο

2261 5345 2351 5381 νον
2380 5331 2628 5384 ἐντεῦθεν
2657 5332 2756 5403 ἥδη
2786 5333 2890 5387 ὑπὸ
2916 5335 3015 5403 τῆς
3048 5336 3211 5402 ἁγίας
3238 5335 3483 5387 συνόδου.
3628 5331 3631 5333 ’

2335 5419 2421 5475 ιϐ’.
2473 5423 2798 5477 Ἐπίσκοπον
2853 5426 2929 5496 μὴ
2968 5426 3390 5497 χειροτονεῖσθαι
3447 5426 3572 5494 δίχα
3621 5420 3814 5475 συνόδου

2263 5513 2359 5565 καὶ
2386 5515 2686 5583 παρουσίας
2713 5517 2806 5569 τοῦ
2839 5518 2897 5569 ἐν
2928 5521 2995 5588 τῇ
3031 5518 3365 5589 μητροπόλει
3392 5517 3488 5585 τῆς
3519 5512 3779 5583 ἐπαρχίας
3801 5526 3812 5540 ’

2264 5604 2455 5657 τούτου
2477 5606 2534 5659 δέ
2566 5608 2833 5679 παρόντος
2867 5610 3189 5676 ἐξάπαντος,
3228 5609 3437 5678 βέλτιον
3468 5608 3568 5678 μὲν
3596 5605 3815 5659 συνεῖναι

2265 5696 2415 5768 αὑτῷ
2449 5700 2653 5763 πάντας
2687 5702 2811 5765 τοὺς
2844 5704 2902 5755 ἐν
2948 5704 3016 5773 τῇ
3066 5704 3306 5772 ἐπαρχίᾳ
3366 5694 3814 5768 συλλειτουργοὺς.
