3994 6400
90 393 175 456 m
913 403 1314 467 SYNTAGMA
1351 407 1636 497 cANONI

1781 437 1850 450 -
1887 410 2034 476 TIT.
2076 415 2126 490 ι,
2167 415 2326 476 CAP-
2367 419 2466 479 vr.

3204 423 3312 490 478

92 507 168 571 οὒς
197 505 281 560 καὶ
316 508 581 578 προσήκει
629 509 698 564 δι’
729 511 1046 582 ἐπιστολῆς,
1081 516 1173 571 τὸν
1222 519 1284 570 ἐν
1328 520 1393 588 τῇ
1432 535 1634 591 μητρο-

1749 523 1870 578 socii
1895 525 2414 595 (συλλειτουργοὺς),
2448 535 2503 580 et
2533 535 2748 596 oportet
2776 543 2877 598 per
2893 529 3174 600 epistolam
3199 549 3315 588 me-

93 601 218 653 πόλει
246 601 537 668 συγκαλεῖν
558 618 574 633 ⁸
605 602 701 656 καὶ
730 605 780 656 εἰ
833 604 934 674 μὲν
963 607 1256 660 ἀπαντοῐεν
1303 610 1355 662 οἱ
1407 611 1630 676 πάντες,

89 695 291 765 βέλτιον.
321 693 384 748 El
413 695 470 748 δὲ
497 697 757 769 δυσχερὲς
801 698 890 770 εἴη
922 700 1101 765 τοῦτο,
1135 703 1262 767 τούς
1303 719 1368 772 γε
1415 703 1634 768 πλείους

85 789 356 854 ἐξάπαντος
379 790 639 860 παρεῖναι
682 789 797 843 δεῖ·
831 793 866 862 ἢ
915 791 1004 845 διὰ
1035 794 1378 864 γραμμάτων
1424 794 1634 866 ὁμοψὴ-

86 896 199 947 φους
227 879 476 946 γενέσθαι
502 896 517 911 ·
565 882 660 935 καὶ
703 881 850 936 οὕτω
887 884 1028 953 μετὰ
1085 889 1184 956 τῆς
1235 886 1345 940 τῶν
1374 887 1636 940 πλειόνων

85 970 184 1040 ἢτοι
214 971 513 1039 παρουσίας
545 973 578 1044 ἢ
611 973 1086 1046 ψήφου,γίνεσθαι
1129 979 1229 1048 τὴν
1277 982 1634 1034 κατάστασιν.

87 1061 139 1113 El
184 1061 238 1113 δὲ
268 1061 441 1126 ἄλλως
489 1063 643 1134 παρὰ
683 1066 754 1118 τὰ
803 1064 1087 1135 ὡρισμένα
1137 1067 1413 1136 γίγνοιτο,
1471 1069 1638 1140 μηδὲν

90 1150 270 1220 ίσχύειν
299 1153 396 1222 τὴν
427 1152 763 1223 χειροτονίαν
787 1171 800 1185 υ
831 1158 880 1208 εί
911 1155 970 1209 δὲ
1019 1157 1164 1211 κατὰ
1210 1159 1305 1211 τὸν
1334 1158 1640 1229 ὡρισμένον

86 1242 263 1296 κανόνα
289 1242 532 1310 γίγνοιτο
563 1246 597 1314 ἡ
630 1246 990 1314 κατάστασις.
1027 1249 1367 1319 ἀντιλέγοιεν
1383 1251 1440 1304 δέ
1495 1268 1641 1314 τινες

87 1334 142 1386 δι’
170 1334 368 1388 οίκείαν
400 1334 758 1404 φιλονεικίαν,
804 1345 1028 1412 κρατεῖν
1078 1342 1186 1396 τῶν
1234 1341 1499 1395 πλειόνων
1543 1341 1641 1413 τὴν

86 1425 262 1496 ψῆφον.

147 1519 244 1590 κβ’.
288 1521 616 1576 Ἐπίσκοπον
648 1522 724 1594 μὴ
749 1521 1050 1577 ὲπιὸαίνειν
1080 1523 1339 1596 ἀλλοτρίᾳ
1370 1524 1523 1578 πόλει
1563 1525 1631 1596 τῇ

92 1611 156 1681 μὴ
191 1611 518 1685 ὑποκειμένῃ
553 1613 724 1684 αὐτῷ,
762 1614 895 1686 μηδὲ
925 1613 1077 1685 χώρᾳ
1104 1617 1170 1686 τῇ
1218 1615 1370 1686 αὑτῷ
1423 1616 1498 1687 μὴ
1525 1614 1642 1668 δια-

89 1702 324 1773 φερούσῃ,
352 1704 444 1756 ἐπὶ
473 1705 779 1776 χειροτονίᾳ
799 1706 964 1769 τινὸς,
999 1706 1136 1776 μηδὲ
1169 1706 1437 1778 καθιστᾷν
1465 1723 1642 1779 πρεσ-

89 1793 323 1864 ϐυτέρους
361 1795 707 1864 ῆδιακὸνους
753 1799 834 1860 είς
887 1797 1086 1860 τόπους
1133 1797 1306 1869 ἑτέρῳ
1358 1800 1644 1872 ἑπισκόπῳ

89 1883 482 1954 ὑποκειμένους,
514 1887 665 1954 εἰμὴ
697 1886 806 1958 ἄρα
841 1887 980 1957 μετὰ
1024 1887 1252 1959 γνώμης
1297 1890 1393 1944 τοῦ
1431 1892 1639 1946 οἰκείου

87 1979 175 2044 τῆς
199 1976 369 2048 χώρας
393 1979 720 2036 ἐπισκόπου.
758 1981 822 2033 Εἰ
847 1980 904 2034 δὲ
928 1982 1221 2054 τολμήσειέ
1251 2001 1337 2048 τις
1370 1984 1636 2052 τοιοῦτον,

88 2067 268 2138 ἄκυρον
291 2065 428 2122 εἶναι
469 2072 570 2142 τὴν
603 2071 968 2143 χειροθεσίαν,
1001 2075 1098 2128 καὶ
1145 2075 1306 2130 αὑτὸν
1356 2076 1641 2148 ἐπιτιμίας

90 2161 180 2215 ὑπὸ
197 2162 289 2233 τῆς
312 2164 530 2217 συνόδου
567 2164 879 2234 τυγχάνειν.

295 2303 567 2357 Συνόδου
595 2303 946 2371 Λαοδικείας
977 2305 1178 2362 κανὼν
1198 2313 1260 2374 ε’,
1305 2307 1398 2379 ιβ’.

145 2399 200 2447 ε’.
222 2394 351 2466 Περὶ
377 2394 473 2448 τοῦ
500 2397 576 2467 μὴ
604 2396 716 2449 δεῖν
738 2398 836 2460 τὰς
866 2399 1197 2470 χειροτονίας
1230 2402 1324 2456 ἐπὶ
1362 2401 1640 2475 παρουσίᾳ

88 2488 428 2558 ἀκροωμένων
458 2491 729 2558 γίνεσθαι.

147 2579 226 2647 ιβ’.
258 2582 386 2651 Περὶ
411 2582 507 2634 τοῦ
531 2585 660 2647 τοὺς
683 2585 1020 2650 ἐπισκόπους
1061 2587 1243 2655 κρίσει
1291 2589 1385 2642 τοῦ
1433 2607 1637 2661 μητρο-

90 2668 283 2724 πολίτου
311 2673 402 2726 καὶ
439 2673 551 2726 τῶν
583 2674 745 2746 πέριξ
773 2676 1107 2740 ἐπισκόπων,
1152 2678 1515 2733 καθίστασθαι
1553 2683 1634 2745 είς

89 2759 170 2829 τὴν
193 2763 644 2837 ὲκκλησιαστικὴν
671 2767 868 2838 ἀρχὴν,
895 2768 1057 2832 ὄντας
1086 2771 1150 2823 ἐκ
1180 2771 1375 2824 πολλοῦ
1429 2773 1635 2826 δεδοκι-

94 2855 372 2924 μασμένους
389 2873 402 2886 ·
429 2856 489 2910 ἐν
513 2875 571 2911 τε
591 2857 670 2928 τῷ
691 2858 835 2930 λόγῳ
855 2859 955 2930 τῆς
995 2859 1255 2928 πίστεως,
1285 2863 1382 2916 καὶ
1420 2866 1488 2936 τῇ
1539 2864 1635 2918 τοῦ

91 2945 266 3011 εὐθέως
287 2948 445 3017 λόγου
479 2951 747 3024 πολιτείᾳ.

92 3079 328 3137 Συνόὼυ
369 3083 622 3164 Ἐρέσου
654 3086 863 3164 κανὼν
888 3094 961 3164 η’,
1000 3089 1097 3164 καί
1136 3089 1433 3164 ἐπιστολὴ
1483 3093 1636 3164 πρὸς

401 3154 519 3223 τὴν
542 3156 612 3208 ἐν
643 3154 970 3228 Παμφυλίᾳ
1005 3160 1296 3216 σύνοδον.

1736 617 2129 687 tropolitanum
2156 632 2252 674 eos
2281 633 2584 674 convocare
2607 661 2622 686 ,
2658 630 2711 676 et
2765 622 2812 677 si
2851 635 3044 680 omnes
3093 625 3312 695 quidem

1735 707 2090 773 accesserint,
2123 709 2260 764 bene
2281 719 2385 776 est;
2421 711 2507 765 sin
2537 722 2718 766 autem
2753 712 2856 768 hoc
2880 712 3046 769 fuerit
3072 715 3312 783 difficile,

1737 802 1927 871 plures
1947 803 2171 857 omnin-0
2196 802 2392 858 adesse
2421 813 2658 873 oportet,
2692 806 2774 860 vel
2817 806 3028 862 litteras
3052 825 3158 864 una
3191 826 3313 865 cum

1738 893 1850 947 illis
1876 893 2196 964 suﬂ‘ragium
2237 893 2400 958 ferre,
2429 904 2484 950 et
2511 895 2592 951 sic
2631 913 2756 952 cum
2797 899 3036 968 plurium
3070 911 3313 970 praesen-

1739 986 1814 1040 tia
1864 986 1952 1041 vel
1995 987 2264 1043 electione
2313 988 2428 1043 fieri
2472 991 2939 1047 constitutionem.
2995 991 3100 1047 Sirr
3134 1003 3314 1048 autem

1739 1079 1900 1134 aliter
1933 1091 2130 1148 praeter
2146 1081 2260 1136 haec
2281 1097 2402 1151 quae
2426 1082 2641 1138 decreta
2676 1094 2824 1150 sunt,
2859 1084 2974 1148 flat,
3005 1101 3112 1140 non
3142 1086 3319 1140 valeat

1739 1169 2034 1223 ordinatio.
2078 1168 2175 1224 Sin
2223 1179 2406 1226 autem
2455 1186 2522 1225 ex
2591 1173 2858 1242 praeﬁnito
2912 1189 3123 1230 canone
3174 1173 3317 1230 facta

1742 1262 1909 1316 fuerit
1932 1263 2286 1329 constitutio,
2315 1264 2482 1334 aliqui
2525 1275 2707 1319 autem
2743 1273 2966 1335 prepter
2995 1279 3160 1322 suum
3183 1283 3319 1324 con-

1743 1352 2006 1407 tentionis
2049 1353 2294 1408 studium
2364 1354 2786 1421 contradicunt,
2836 1355 3020 1411 vincat
3079 1355 3318 1427 plurium

1742 1445 2087 1516 sull'raglom.

1810 1539 1905 1594 22.
1951 1538 2254 1609 Episcopus
2283 1537 2336 1592 in
2364 1539 2596 1593 alienant
2626 1540 2923 1606 civitatem,
2958 1555 3081 1610 quae
3108 1541 3159 1596 ei
3189 1541 3322 1596 sub-

1739 1627 1879 1698 jecta
1928 1638 2149 1683 nonest
2190 1642 2296 1681 non
2330 1627 2610 1693 ascendat,
2658 1644 2759 1683 nec
2793 1627 2847 1682 in
2896 1629 3169 1700 regionem
3200 1642 3322 1698 qua:

1745 1722 1813 1776 ad
1862 1737 1988 1778 cum
2041 1737 2148 1776 non
2192 1721 2449 1790 pertinet,
2501 1721 2568 1774 ad
2615 1721 2849 1791 alien-jus
2894 1721 3318 1786 ordinationem,

1749 1829 1849 1868 nec
1879 1815 2256 1884 presbyterum
2301 1811 2383 1866 vel
2427 1812 2718 1866 diaconum
2751 1813 3052 1867 constituat
3098 1811 3152 1866 in
3185 1811 3322 1866 locis

1745 1907 1838 1961 alii
1873 1906 2132 1976 episcopo
2177 1905 2462 1974 subjectis,
2500 1903 2605 1958 nisi
2649 1920 2774 1960 cum
2809 1904 3091 1960 voluntate
3117 1902 3320 1974 proprii

1744 2000 1891 2055 illius
1937 2001 2176 2069 regionis
2225 1999 2491 2070 episcopi.
2547 1999 2605 2053 Si
2655 1999 2782 2068 quis
2815 2007 2998 2053 autem
3037 1998 3147 2052 tale
3193 1995 3322 2067 quid

1743 2109 1910 2148 ausus
1938 2093 2118 2157 fuerit,
2152 2093 2367 2148 infirma
2398 2093 2470 2149 sit
2500 2092 2794 2160 ordinatio,
2823 2100 2880 2148 et
2912 2092 3027 2162 ipse
3051 2106 3082 2145 a
3113 2089 3323 2162 synodo

1743 2185 2020 2254 puniatur.

2023 2313 2249 2370 Concilii
2289 2313 2574 2368 Laodiceni
2606 2329 2833 2367 canones
2863 2312 2919 2377 5,
2951 2312 3041 2369 l2.

1811 2405 1865 2460 5.
1906 2403 2021 2459 Non
2069 2415 2324 2476 oportere
2369 2406 2747 2460 ordinationes
2779 2405 2895 2460 fieri
2940 2405 2994 2459 in
3033 2393 3321 2474 praesentia

1739 2515 1930 2554 eorum
1960 2499 2052 2568 qui
2079 2499 2335 2554 audiunt.

1812 2593 1898 2648 12.
1943 2590 2013 2647 Ut
2042 2593 2282 2662 episc0pi
2317 2592 2861 2661 metropolitanorum
2893 2597 2950 2644 et
2979 2603 3192 2652 eorum,
3227 2585 3320 2655 qui

1739 2698 1868 2741 sunt
1915 2687 2298 2752 circumcirca,
2348 2687 2731 2756 episcoporum
2759 2682 2994 2754 judicio,
3044 2681 3098 2735 in
3141 2681 3319 2735 eccle-

1737 2778 1960 2834 siastico
2011 2781 2331 2849 magistratu
2378 2779 2800 2842 constituantur,
2845 2776 2938 2830 diu
2978 2773 3272 2830 examinati
3301 2812 3316 2836 ,

1736 2879 1789 2924 et
1837 2869 1890 2923 in
1923 2870 2138 2925 ratione
2178 2870 2333 2937 ﬁdei,
2378 2883 2432 2927 et
2466 2871 2521 2925 in
2553 2879 2718 2925 rectae
2766 2866 3000 2923 rationis
3034 2864 3321 2936 dispensa-

1740 2964 1909 3020 tione.

1737 3104 1966 3162 Concilii
2010 3105 2265 3178 Ephesini
2308 3122 2483 3160 canon
2513 3099 2900 3178 8,et_-_epistola
2945 3099 3016 3153 ad
3063 3094 3324 3168 synodum

2293 3181 2348 3233 in
2378 3174 2714 3245 Pamphylia.

144 3249 207 3314 η’.
230 3244 363 3310 Τοὺς
389 3246 444 3300 δὲ
473 3248 789 3318 τολμῶντας
817 3251 849 3322 ἢ
881 3251 1183 3308 συντιθέναι
1203 3256 1394 3316 ,πίστιν
1423 3257 1634 3328 ἑτέραν,

1817 3269 1873 3326 8.
1897 3272 1999 3339 Qui
2030 3287 2158 3326 vero
2182 3270 2298 3326 ausi
2323 3269 2525 3324 fuerint
2553 3277 2646 3321 aut
2660 3277 2990 3334 componere
3005 3260 3162 3316 ﬁdem
3185 3260 3324 3315 alte-

90 3333 234 3404 ἤγουν
275 3339 624 3410 προκομίζειν
655 3342 688 3412 ἢ
721 3342 1021 3416 προφέρειν
1068 3349 1181 3408 τοῖς
1228 3346 1474 3401 θέλουσιν
1520 3350 1640 3401 ὲπι-

92 3429 315 3496 στρέφειν
344 3431 423 3493 είς
477 3433 774 3500 ἐπίγνωσιν
795 3435 893 3505 τῆς
921 3436 1201 3507 ἀληθείας,
1237 3437 1269 3510 ἢ
1318 3438 1378 3506 ὲξ
1431 3441 1640 3514 ἑλληνι-

93 3520 207 3586 σμοῦ
255 3521 292 3592 ἦ
324 3523 380 3588 ἐξ
417 3525 732 3596 ίουδαῖσμοῦ
756 3567 770 3591 ,
803 3529 970 3599 ἤγουν
1016 3529 1076 3595 ἐξ
1122 3532 1384 3603 αἱρέσεως
1423 3535 1640 3606 οίασδη-

91 3612 282 3676 ποτοῦν,
313 3614 556 3682 τούτους,
590 3622 637 3670 εἰ
693 3619 791 3690 μὲν
844 3618 953 3674 εἷεν
993 3621 1283 3677 ἐπίσκοποι
1307 3625 1339 3696 ἦ
1365 3625 1637 3697 κληρικοὶ,

93 3702 368 3776 ἀλλοτρίους
393 3707 532 3763 εἶναι
560 3711 686 3771 τοὺς
711 3713 1043 3777 ἐπισκόπους
1070 3716 1168 3787 τῆς
1185 3718 1514 3790 ἐπισκοπῆς,
1545 3722 1642 3773 καὶ

93 3795 196 3859 τοὺς
218 3799 504 3869 κληρικοῦς
533 3801 629 3855 τοῦ
653 3804 856 3874 κλήρου
882 3821 896 3835 °
927 3807 977 3858 εί
1030 3807 1087 3860 δὲ
1129 3809 1309 3863 λαῖκοὶ
1338 3805 1469 3874 εἷεν,
1512 3813 1639 3865 ἁνα-

97 3885 470 3958 θεματίζεσθαι,
504 3895 646 3949 κατὰ
674 3896 768 3951 τὸν
815 3897 929 3950 ἴσον
976 3899 1034 3953 δὲ
1090 3901 1295 3971 τρόπον
1349 3904 1400 3955 εἰ
1445 3921 1638 3974 φωρα-

98 3979 211 4032 οείέν
247 4000 410 4050 τινες,
486 3988 598 4040 εἴτε
665 3990 974 4056 ἐπίσκοποι,
1029 3993 1140 4047 εἴτε
1195 3995 1487 4067 κληρικοὶ,
1527 3998 1639 4051 εἴτε

98 4067 261 4137 ὶαῐκοὶ,
296 4074 330 4145 ἢ
362 4076 691 4146 φρονοῦντες
725 4079 758 4150 ἦ
792 4081 1140 4147 διδάσκοντες
1191 4084 1262 4138 τὰ
1293 4087 1352 4138 ὲν
1401 4089 1468 4158 τῇ
1503 4105 1640 4158 προ-

99 4165 384 4243 κομισθείσῃ
410 4171 626 4225 ἐκθέσει
644 4176 795 4244 παρὰ
818 4176 1083 4246 Χαρισίου
1119 4177 1215 4230 τοῦ
1241 4178 1636 4250 πρεσϐυτέρου,

99 4258 318 4331 περὶτῆς
352 4262 822 4337 ὲνανθρωπήσεως
849 4267 944 4322 τοῦ
994 4271 1322 4339 μονογενοῦς
1375 4272 1471 4325 τοῦ
1497 4273 1634 4326 Θεοῦ

101 4346 224 4417 lio-3,
252 4355 420 4424 ἢγουν
448 4357 517 4410 τὰ
548 4358 722 4428 μιαρὰ
752 4359 847 4413 καὶ
876 4360 1288 4433 διεστραμμένα
1339 4364 1637 4435 Νεστορίου

97 4440 324 4512 δόγματα,
377 4448 414 4502 ἃ.
485 4451 581 4502 καὶ⁵
630 4451 1018 4519 ὑποτέτακται,
1085 4453 1504 4509 ὑποκείσθωσαν
1567 4458 1635 4526 τῇ

1743 3381 1882 3429 ram,
1914 3370 2008 3417 aut
2058 3359 2326 3430 proferre,
2352 3359 2438 3414 vel
2473 3357 2670 3412 offerre
2719 3353 2962 3410 converti
3008 3349 3322 3405 volentibus

1742 3456 1848 3526 32
1888 3454 1956 3508 ad
2003 3451 2340 3522 agnitionem
2391 3435 2683 3512 ‘veritatis,
2725 3447 2839 3500 sive
2881 3461 2944 3498 ex
3001 3441 3322 3511 gentilitate,

1745 3543 2102 3618 [pagattitate]
2127 3544 2241 3597 sive
2270 3557 2335 3595 ex
2363 3540 2663 3612 judaismo,
2693 3538 2807 3592 sive
2846 3552 2914 3591 ex
2955 3534 3326 3605 qualicunque

1745 3639 1974 3705 haeresi;
2019 3638 2122 3692 hos
2159 3634 2401 3705 quidem,
2441 3634 2489 3690 si
2535 3639 2663 3687 sunt
2709 3629 2950 3702 episc0pi
2994 3635 3089 3682 aut
3115 3623 3325 3698 clerici,

1742 3733 1948 3787 alienos
1978 3745 2101 3785 esse
2132 3730 2422 3798 episcopos
2465 3725 2534 3780 ab
2569 3724 2908 3794 episcopatu,
2948 3729 3004 3774 et
3033 3717 3264 3774 clericos
3289 3731 3322 3771 ιι

1741 3824 2000 3880 clericatu
2030 3821 2307 3876 decrevit:
2347 3821 2390 3874 si
2416 3832 2544 3871 vero
2577 3815 2700 3870 laici
2725 3814 2947 3877 fuerint,
2987 3807 3323 3865 anathemati

1741 3918 1960 3988 subjici.
2009 3915 2183 3970 Simili
2218 3914 2383 3969 etiam
2426 3912 2588 3966 modo
2623 3911 2667 3964 si
2696 3909 2786 3977 qui
2834 3907 3041 3961 inventi
3079 3903 3320 3967 fuerint,

1741 4011 1825 4066 vel
1847 4008 2108 4080 episcopi,
2145 4006 2228 4060 vel
2257 4004 2466 4068 clerici,
2495 4003 2577 4058 vel
2610 4001 2754 4064 laici,
2805 4000 2917 4054 sive
2951 3999 3178 4058 sentire,
3207 3995 3324 4050 sive

1740 4103 1938 4158 docere
1976 4114 2038 4154 ea
2088 4113 2210 4168 quae
2256 4097 2608 4151 continentur
2655 4093 2712 4146 in
2749 4091 2930 4146 oblata
2979 4087 3322 4158 expositione

1739 4208 1768 4247 a
1797 4191 2046 4248 Charisio
2089 4188 2408 4260 presbytero
2447 4187 2514 4240 de
2559 4182 2820 4255 unigeniti
2852 4180 2976 4234 Filii
3009 4179 3100 4234 Dei
3133 4178 3319 4232 incar-

1742 4283 1982 4346 natione,
2001 4280 2116 4336 sive
2144 4279 2410 4334 scelerata
2438 4285 2492 4330 et
2513 4289 2762 4344 perversa
2788 4270 3024 4326 Nestorii
3043 4269 3319 4338 dogmata,

1739 4389 1861 4444 qua:
1885 4383 1938 4428 et
1967 4373 2212 4428 subnexa
2243 4379 2392 4434 sunt,
2445 4367 2764 4436 sulajaceant
2795 4364 3081 4420 sententia:
3115 4371 3324 4417 sancta:

1740 4465 1905 4535 hujus
1930 4473 1986 4519 et
2018 4463 2344 4518 universalis
2377 4459 2568 4532 synodi
2603 4477 2618 4514 :
2657 4469 2716 4513 ut
2748 4458 3002 4512 videlicet
3025 4456 3323 4525 episcopus

99 4532 326 4636 fractiset
348 4540 448 4608 τῆς
481 4541 644 4610 ἁγίας
669 4543 871 4615 ταύτης
905 4547 998 4598 καὶ
1042 4547 1438 4619 οίκουμενικῆς
1471 4548 1624 4601 συνόσ

1749 4532 1960 4628 quidem
1992 4563 2336 4612 removeatur
2360 4554 2429 4608 ab
2446 4553 2786 4622 episcopatu,
2819 4561 2874 4605 et
2906 4549 2980 4604 sit
3006 4546 3318 4616 depositus;

98 4621 201 4676 δου-
240 4629 375 4684 ὦστε
417 4633 685 4704 δηλονότι,
728 4635 820 4690 τὸν
872 4638 974 4707 μὲν
1033 4639 1336 4696 ἐπίσκοπον
1388 4641 1633 4696 ἀπαλλο-

97 4719 455 4798 τριοῦσοαιτῆς
494 4728 825 4801 ἐπισκοπῆς,
871 4735 964 4786 καὶ
1022 4731 1162 4788 είναι
1207 4734 1630 4806 καθῃρημένον’

97 4810 167 4861 τὸν
191 4813 239 4866 δὲ
271 4818 549 4890 κληρικὸν,
593 4821 797 4892 ὁμοίως
847 4823 1140 4878 ἐκπίπτειν
1180 4827 1273 4881 τοῦ
1311 4827 1541 4899 κλήρου.
1568 4829 1630 4881 Ei

99 4899 141 4952 δὲ
182 4903 347 4972 λαίκὸς
399 4912 512 4982 εἴη,
570 4915 666 4966 καὶ
715 4907 870 4980 οὗτος
928 4917 1408 4989 ἁναθεματιζέσθω
1436 4962 1451 4984 ,
1486 4921 1629 4975 καθὰ

99 4999 396 5070 προείρηται.

109 5102 390 5195 ἐπιςτολῂ
407 5116 521 5195 τῆς
540 5118 726 5195 αὐτῆς
760 5119 836 5195 ἐν.
871 5121 1102 5195 Ἐφέσῳ
1124 5123 1300 5191 ἁγίας
1339 5127 1630 5195 συνόδου,

153 5183 280 5267 ξξρὸς
309 5187 422 5267 τῂιν
447 5183 521 5240 ἐν
553 5183 876 5267 ιζιιμέρυλίᾳ
906 5183 1098 5267 ε’ὐαγῆ
1137 5183 1429 5267 σύνοδον,
1494 5183 1629 5264 περί

149 5249 458 5375 ξὲἕταθίου
507 5261 613 5315 τοῦ
638 5249 982 5330 ’γενομένου
1025 5249 1228 5319 ὶιύτῶν
1258 5249 1630 5335 μητροπολῗζ

152 5433 290 5488 Μετὰ
310 5438 548 5510 ,ϐουλῆς
573 5441 769 5497 πάντα
801 5448 956 5501 ποίει
981 5447 1083 5516 τῆς
1132 5446 1493 5503 θεοπνεύστου
1544 5450 1632 5504 λε-

100 5524 268 5613 γούσης
308 5530 548 5606 Γρωρῆς,
623 5535 728 5607 χρὴ
790 5537 854 5607 δὴ
920 5539 1152 5609 μάλιστα
1198 5542 1326 5607 τοὺς
1377 5543 1627 5613 ίερᾶσθαι

101 5610 326 5686 λαχόντας
357 5627 491 5694 μετὰ
525 5629 707 5700 πάσης
732 5631 1019 5703 ἀκριϐείας
1051 5633 1147 5707 τὴν
1191 5635 1280 5707 ἐφ’
1311 5610 1485 5691 ἅπασι
1524 5637 1636 5701 τοῖς

159 5818 196 5848 ⁸⁸
215 5819 364 5883 Eccli.
404 5844 568 5896 um,
605 5831 696 5887 ‘28.

1745 4653 1977 4708 clericus
2007 4667 2137 4706 vero
2179 4648 2436 4704 similiter
2463 4645 2682 4701 excidat
2719 4661 2750 4698 a
2773 4643 3034 4699 clericatu
3068 4658 3080 4690 :
3113 4638 3159 4693 si
3193 4652 3322 4692 vero

1743 4745 1917 4801 laicus
1942 4744 2067 4814 quis
2109 4742 2201 4808 sit,
2233 4749 2289 4796 et
2334 4739 2451 4810 ipse
2480 4736 2999 4800 anathematizetur,
3049 4732 3197 4790 sicut
3224 4745 3322 4786 su-

1742 4840 1928 4909 perius
1965 4836 2171 4892 dictum
2200 4841 2302 4888 est.

1744 5121 2000 5194 Ejusdem
2041 5132 2241 5202 sanetae
2287 5121 2579 5202 Ephesium
2617 5121 2807 5202 synodi
2847 5116 3191 5202 epistola-Ind
3236 5132 3319 5200 ea:

1812 5210 1960 5248 cram
1989 5194 2250 5263 synodum
2293 5187 2347 5246 in
2391 5187 2729 5261 Pamphylia,
2773 5192 2838 5246 de
2875 5187 3196 5254 ’Eustathio,
3225 5188 3316 5258 qui

1812 5266 2047 5336 ipsorum
2080 5265 2411 5334 metropolita
2436 5265 2636 5334 fuerat.

1811 5443 1946 5497 Cum
1993 5443 2257 5499 divinitus
2306 5444 2572 5513 inspirata
2620 5441 2903 5512 Scriptura
2961 5439 3154 5494 dicat:
3192 5437 3318 5493 Sine

1742 5537 1962 5592 consilio
2015 5537 2148 5591 nihil
2192 5538 2364 5607 facias
2388 5537 2432 5568 δ’
2461 5555 2473 5590 :
2505 5552 2600 5591 ros
2635 5535 2687 5588 in
2745 5533 2957 5604 primis,
3006 5531 3099 5601 qui
3154 5544 3316 5584 sacro

1742 5632 1927 5703 aliquo
1949 5631 2004 5687 in
2034 5646 2263 5688 munere
2297 5630 2504 5688 versari
2545 5628 2756 5694 volunt,
2793 5641 2990 5698 magna
3018 5619 3328 5694 diligentia,
