3908 6296
653 347 760 413 479

1828 352 2091 413 PHO'I‘II
2128 353 2634 413 PATRIARCHIE
2661 353 2771 415 (ΣΡ.

3767 363 3844 432 illi)

655 463 917 534 omnique
962 464 1145 521 studio
1186 465 1239 520 in
1295 465 1345 520 id
1395 465 1716 522 incumbere
1771 475 2007 536 oportet,
2059 474 2120 520 ut
2182 465 2236 520 in

2348 467 2638 537 πρακτέοις
2663 466 2935 521 ποιεῖσθαι
2963 465 3249 536 διάσκεψιν
3268 484 3279 497 ·
3307 465 3546 520 διαϐιοῦν
3585 469 3678 542 γὰρ
3714 477 3844 546 οὕτως

655 557 914 612 omnibus
943 559 1108 614 rebus
1159 559 1612 615 administrandis
1659 559 1994 630 agendisque
2021 574 2236 614 summa

656 649 986 704 adhibeatur
1046 649 1438 704 consideratio.
1494 647 1629 704 Nam
1681 651 1749 705 iis
1790 651 2004 720 quisic
2055 651 2238 706 vivere

655 741 869 807 volunt,
922 740 978 796 in
1039 742 1246 810 optima
1297 757 1391 811 spe
1441 757 1529 797 res
1569 758 1758 798 eorum
1808 743 1943 798 sitas
1992 758 2136 809 esse,
2183 751 2238 798 et

657 834 824 887 veluti
859 834 1102 888 secundo
1135 850 1322 898 cursu,
1367 850 1488 902 qua!
1527 844 1737 904 Optant,
1770 835 2064 891 succedere
2104 850 2238 890 con-

657 926 838 995 tingit.
879 926 944 980 Et
969 941 1104 980 sane
1136 927 1248 980 haec
1278 943 1383 979 non
1415 943 1606 992 parum
1640 927 1837 981 rationi
1867 939 2236 982 consentanea

656 1026 741 1070 est
771 1017 966 1070 oratio.
1009 1015 1203 1070 Verum
1237 1018 1454 1070 interim
1488 1019 1628 1072 solet
1664 1018 1908 1073 incidere
1938 1019 2236 1088 aliquando

657 1123 820 1176 asper
846 1125 910 1162 ac
946 1109 1323 1163 intolerandus
1345 1111 1520 1175 dolor,
1546 1112 1637 1180 qui
1671 1121 1904 1166 mentem
1941 1113 2236 1166 humanam

657 1203 840 1257 subito
871 1204 1056 1272 aliquo
1088 1206 1345 1271 percellat
1372 1207 1598 1273 impetu,
1644 1207 1827 1274 itaque
1872 1223 1991 1261 eam
2025 1218 2240 1277 pertur-

656 1295 838 1349 batam
865 1311 1289 1365 pcrvcrsamque
1317 1299 1530 1363 reddat,
1560 1308 1618 1351 ut
1643 1306 1698 1352 et
1729 1300 1796 1353 ab
1823 1301 2036 1354 utilium
2072 1301 2238 1356 hone-

656 1396 980 1456 storumque
1034 1388 1380 1459 indagatione
1431 1390 1756 1455 abducatur,
1793 1403 1844 1446 et
1890 1393 1956 1446 ad
2002 1408 2085 1454 ca,
2117 1407 2238 1461 qua:

590 1474 596 1479 ⁷
655 1487 852 1532 natura
889 1479 956 1534 ad
1009 1480 1310 1536 hedendum
1339 1490 1466 1536 sunt
1516 1495 1852 1552 comparata,
1881 1486 2059 1554 specie
2081 1487 2238 1540 boni-

656 1576 786 1629 tatis
820 1578 1192 1646 perseqnemla
1237 1579 1565 1646 impcllatur.
1621 1580 1752 1634 Tale
1796 1582 2054 1650 quiddam
2107 1599 2236 1636 san-

656 1662 904 1716 ctissimo
959 1668 1076 1717 viro
1132 1665 1419 1720 Eustathio
1483 1669 1778 1738 contigisse
1859 1671 2234 1740 cognovimus.

656 1751 764 1820 33
804 1750 926 1806 l’tite
970 1754 1116 1806 cnim
1155 1769 1219 1809 ac
1263 1758 1564 1810 secundum
1603 1773 1864 1823 canones,
1899 1769 1956 1814 ut
1995 1761 2234 1814 omniurn

658 1843 977 1897 testimonio
1021 1846 1305 1913 probatur,
1357 1848 1645 1903 ordinatus
1701 1859 1802 1904 est.
1849 1849 2042 1906 Postea
2088 1868 2238 1916 vero,
2276 1831 2318 1888 Β

658 1947 786 1988 cum
818 1935 870 1989 in
909 1937 1200 1992 tumultum
1242 1953 1274 1992 a
1299 1941 1603 2005 nonnullis,
1634 1950 1694 1995 ut
1731 1943 1886 2006 dicit,
1919 1953 2234 2013 pertractus

660 2037 830 2091 esset,
871 2029 1178 2098 subitisque
1223 2046 1288 2085 ac
1341 2032 1632 2102 insperatis
1665 2034 1906 2102 umlique
1940 2036 2098 2088 malis
2131 2037 2241 2088 cir-

659 2129 978 2188 cumseptus
1002 2121 1147 2190 (cum
1185 2137 1343 2176 usum
1374 2123 1426 2177 in
1465 2123 1626 2180 rebus
1658 2127 1908 2195 gerendis
1939 2127 2236 2180 admodum

658 2211 918 2282 exiguum
973 2212 1221 2280 haberet)
1275 2215 1548 2269 sustinere
1594 2225 1701 2268 tam
1750 2217 1969 2283 multas,
2021 2227 2241 2288 tamque

658 2319 875 2373 graves,
899 2320 1022 2374 qua:
1047 2305 1096 2359 ci
1138 2305 1546 2371 incumbebant,
1585 2322 1746 2362 curas
1779 2323 1884 2361 non
1924 2309 2102 2374 vellet,
2137 2325 2238 2364 nec

660 2393 901 2450 refutare
945 2412 1162 2462 eorum,
1191 2397 1282 2466 qui
1317 2395 1491 2464 ipsum
1542 2397 1909 2463 adorirentur,
1949 2399 2238 2454 maledicta

659 2502 784 2540 cum
834 2497 1054 2556 posset;
1110 2489 1478 2544 recusationis
1535 2498 1588 2542 et
1640 2489 2004 2546 abdicationis
2043 2492 2240 2546 obtulit

659 2580 846 2634 nescio
879 2596 987 2650 quo
1015 2590 1178 2650 pacto
1223 2581 1464 2634 libellum
1497 2600 1510 2636 :
1545 2599 1668 2636 cum
1707 2593 1896 2637 contra
1929 2585 2236 2654 oportebat,

656 2687 801 2736 eam,
846 2689 1010 2742 quam
1057 2674 1220 2727 semel
1270 2672 1388 2728 ﬁdei
1438 2689 1551 2728 suae
1608 2677 2000 2729 sacci-(letalem
2049 2693 2238 2734 curam

659 2766 1014 2819 commissam
1063 2766 1351 2832 habuerat,
1393 2766 1715 2820 fortitudine
1762 2767 1992 2836 Spiritali
2032 2776 2238 2830 tenere,

663 2855 876 2912 labores
943 2857 1247 2922 subirc,ac
1317 2859 1500 2911 animo
1572 2859 1773 2911 volenti
1846 2859 2124 2925 sudorem,
2154 2859 2240 2912 cui

663 2967 876 3005 merces
931 2952 1207 3019 proposita
1263 2961 1368 3015 est,
1423 2951 1719 3005 sustinere.
1773 2951 1904 3018 Quae
1961 2952 2241 3021 diligentia

661 3041 918 3109 quoniam
954 3043 1008 3094 in
1065 3043 1169 3096 hoc
1211 3052 1398 3111 aperte
1441 3043 1745 3097 desiderata
1791 3044 1912 3108 fuit,
1953 3043 2004 3097 id
2037 3045 2240 3110 (tamen

661 3147 726 3186 ex
769 3136 966 3202 exiguo
1017 3149 1196 3187 rerum
1260 3151 1359 3189 usu
1419 3136 1623 3200 potius,
1680 3151 1842 3204 quam
1895 3152 1958 3189 ex
2015 3136 2243 3205 ignavia:

663 3225 996 3295 desidiaeque
1049 3227 1200 3297 vitio)
1235 3228 1560 3282 necessitate
1604 3230 1797 3282 adacta
1843 3239 2018 3283 vestra
2070 3231 2245 3300 pietas

660 3324 763 3378 est,
814 3325 1174 3370 memoratum
1226 3315 1320 3371 Dei
1367 3319 1804 3373 amantissimum
1874 3319 2095 3376 fratrem
2151 3338 2248 3375 no-

662 3418 861 3475 strum,
896 3425 960 3464 ac
1011 3411 1064 3462 in
1099 3411 1395 3480 episcopali
1432 3413 1694 3482 dignitate
1727 3413 2016 3484 collegam,
2067 3413 2248 3469 Theo-

661 3501 854 3556 dorum
903 3502 1086 3572 elegit.
1133 3503 1227 3571 qui
1281 3519 1469 3556 curam
1501 3503 1758 3559 Ecclesia:
1811 3507 2041 3562 subiret.
2101 3507 2247 3562 ludi-

661 3609 830 3662 gnum
869 3597 1069 3664 quippe
1106 3594 1320 3659 luisset,
1378 3595 1595 3649 Viduam
1647 3611 1868 3650 manere
1896 3597 2241 3665 Ecclesiam;

663 3685 969 3753 insignum,
1011 3698 1231 3755 pastore
1259 3703 1450 3742 carere
1487 3687 1792 3743 Salvator-is
1845 3691 2018 3745 nostri
2054 3692 2286 3745 ovilia.‘

663 3775 934 3842 Quoniam
989 3794 1120 3846 ergo
1185 3777 1319 3832 ﬂens
1382 3789 1632 3848 rogatum
1681 3782 1832 3833 venit
1888 3780 2243 3846 Eustathius,

661 3887 786 3925 cum
822 3874 1168 3927 sanctissimo
1205 3872 1499 3926 Theodoro
1539 3874 1818 3942 episcopo,
1865 3890 1972 3927 non
2004 3875 2070 3928 de
2115 3875 2250 3928 civi—

663 3973 773 4017 tate
801 3965 1133 4033 rccipienda,
1193 3981 1300 4019 non
1360 3968 1423 4018 de
1499 3961 1742 4019 Ecclesia
1794 3966 2101 4030 decertans,
2151 3967 2244 4021 sed

662 4057 842 4111 solum
869 4058 1200 4127 episcopalis
1231 4058 1470 4112 nominis
1508 4059 1772 4112 honorem
1812 4074 1876 4112 ac
1903 4061 2246 4114 vocationem

662 4159 923 4219 expetens
958 4170 970 4204 :
1004 4151 1240 4204 hominis
1295 4167 1400 4205 nos
1453 4161 1712 4204 senectus
1765 4167 1896 4205 sane
1952 4154 2248 4207 commovit

663 4242 975 4303 universos,
1015 4258 1114 4296 nec
1150 4252 1208 4295 ut
1247 4243 1488 4310 privatas
1518 4240 1638 4310 ejus
1668 4242 1960 4312 Iacrymas,
1998 4243 2092 4298 sed
2127 4254 2245 4298 tau-

665 4347 830 4400 quam
863 4347 1185 4388 cemtnunes
1213 4341 1552 4401 reputantes,
1597 4333 1877 4402 inquirere
1908 4335 2242 4400 studuimus,

665 4423 1040 4493 legitimamne
1062 4441 1256 4494 passus
1282 4433 1427 4480 esset
1457 4433 1793 4479 memoratus
1832 4425 1914 4478 vir
1947 4425 2244 4495 depositio-

665 4531 816 4580 nem,
853 4531 920 4569 an
955 4517 1166 4571 scilicet
1195 4518 1260 4572 de
1305 4517 1562 4572 absurdis
1590 4517 1751 4572 factis
1785 4517 2014 4573 dictisve
2059 4519 2247 4572 convi-
2280 4547 2322 4600 ι)

666 4619 789 4664 ctus
815 4620 964 4665 esset
1007 4611 1442 4666 obtrectantibus
1467 4612 1747 4666 nonnullis
1776 4612 2040 4666 adversus
2073 4612 2243 4681 ipsius

665 4701 1150 4758 existimationem.
1213 4703 1401 4772 Itaque
1437 4704 1761 4773 reperimus,
1795 4704 2073 4757 hominem
2112 4703 2248 4758 nihil

664 4795 935 4866 ejusmodi
977 4807 1342 4865 perpetrasse,
1387 4796 1482 4850 scd
1517 4797 1704 4866 potius
1755 4796 1832 4850 illi
1869 4812 1966 4866 pro
2011 4797 2250 4852 crimine

669 4897 1076 4942 recusationem
1101 4887 1260 4942 cilicii
1285 4887 1419 4941 vitio
1443 4886 1626 4940 datam
1655 4887 1847 4943 fuisse.
1883 4887 2041 4944 Unde
2073 4905 2252 4959 neque

669 4977 758 5045 pio
787 4985 968 5030 vestro
995 4975 1179 5031 studio
1209 4977 1647 5041 succcnsuimus,
1675 4991 1786 5046 quo
1815 4977 1870 5030 in
1895 4977 2041 5030 illius
2067 4976 2246 5031 locum

667 5069 1056 5123 convenienter
1095 5069 1391 5137 praedictus
1428 5068 1922 5124 reverendissimus
1959 5069 2251 5138 episcopus

669 5161 992 5216 Theodorus
1037 5161 1302 5216 suli‘cctus
1343 5171 1427 5216 est
1456 5160 1587 5216 :scd
1631 5163 1764 5231 quia
1821 5161 2085 5218 adversus
2129 5163 2250 5232 ejus

671 5253 918 5308 animum
950 5269 982 5308 a
1021 5255 1257 5324 negotiis
1289 5255 1542 5325 gerendis
1581 5264 1856 5309 remotum
1913 5272 2021 5309 non
2063 5255 2252 5309 admo-

671 5349 801 5405 dum
839 5348 1123 5404 decertare
1167 5349 1444 5418 oportuit,
1472 5347 1581 5420 34
1606 5349 1700 5404 sed
1765 5348 2014 5402 miserari
2069 5348 2248 5418 potius

674 5457 885 5503 senem,
917 5443 1010 5511 qui
1043 5442 1234 5510 procul
1271 5441 1339 5495 ab
1372 5443 1506 5496 urbe
1539 5443 1591 5495 in
1634 5456 1738 5511 qua
1771 5452 1930 5497 natus
1962 5440 2163 5508 fuerat,
2197 5450 2253 5497 et

674 5550 704 5588 a
739 5536 930 5604 patriis
957 5535 1168 5590 tedibus
1203 5535 1389 5590 tandiu
1431 5533 1729 5602 abfuisset;
1761 5533 1972 5604 justum
2005 5547 2252 5590 rectum-

675 5644 782 5698 que
835 5643 956 5684 csse
997 5629 1368 5693 defiuivimus,
1422 5639 1481 5682 ut
1527 5629 1737 5699 absque
1788 5630 1934 5683 onmi
1983 5629 2253 5684 contradi-

2344 557 2642 625 ἐθέλουσιν,
2675 563 2734 613 ἐν
2757 559 2910 631 καλῷ
2943 563 3044 629 τῆς
3070 559 3284 623 ἐλπίδος
3318 559 3527 612 κεῖσθαί
3567 578 3620 613 τε
3653 565 3712 618 τὰ
3751 574 3843 624 κατ’

2343 648 2582 713 αὐτούς·
2647 653 2742 704 καὶ
2795 647 2906 704 οἷον
2933 653 2992 718 ἐξ
3046 651 3259 722 οὐρίας.
3311 653 3370 704 ὲν
3414 653 3528 714 τοῖς
3575 657 3679 706 κατ’
3722 661 3846 732 εὐχὴν

2331 741 2719 811 ἀποφέρεσθαι
2755 742 3083 812 συμϐαίνειο
3127 744 3222 795 καὶ
3271 743 3406 796 πολὺ
3462 743 3523 794 τό
3571 760 3628 812 γε
3669 748 3849 815 είκος,6

2345 831 2503 900 λόγος
2560 833 2703 902 ἔχει’
2742 835 2856 888 ἀλλ’
2897 831 3032 888 οἶδεν
3075 835 3188 888 ἔσθ’
3247 837 3336 888 ὅτε
3393 836 3605 906 δριμεῖα
3638 841 3718 892 καὶ
3748 845 3850 910 d326-

2347 943 2509 996 ρητος
2558 926 2705 997 λύπη
2761 928 3164 996 κατασκήψασα
3218 927 3364 990 νοῦν,
3425 929 3766 984 καταθολῶσαί
3811 954 3853 989 τε

2343 1017 2532 1081 δεινῶς
2585 1019 2770 1082 αὑτὸν,
2825 1019 2920 1071 καὶ
2974 1020 3072 1088 τῆς
3116 1021 3226 1073 τῶν
3251 1020 3483 1073 δεόντων
3511 1019 3668 1090 θήρας
3699 1023 3854 1078 dmito-

2348 1111 2523 1180 μίσαι,
2561 1111 2857 1165 ἀναπεῖσαί
2888 1129 2946 1164 τε
2971 1113 3031 1164 τὸ
3064 1111 3307 1180 πεφυκὸς
3354 1112 3579 1177 ἀδικεῖν,
3618 1113 3685 1176 ῶς
3710 1132 3751 1166 τι
3777 1119 3857 1169 τῶν

2343 1204 2684 1274 όνησιφόρων
2714 1203 2840 1257 ἰδεῖν
2864 1221 2876 1233 ·
2909 1203 3148 1257 τοιοῦτόν
3177 1222 3228 1256 τι
3259 1203 3566 1273 τεθεάμεθα
3608 1208 3856 1262 πεπονθότα

2343 1295 2434 1349 τὸν
2483 1293 2876 1346 εὐλαϐέστατον
2956 1295 3051 1346 καὶ
3118 1292 3533 1345 θεοσεϐέστατον
3594 1294 3857 1362 Εὑστὰθιον,

2345 1385 2782 1455 κεχειροτόνηται
2823 1385 2922 1454 μέν
2969 1384 3078 1454 γάρ
3123 1383 3197 1445 ὡς
3233 1383 3649 1453 μεμαρτύρηται
3687 1405 3857 1441 κανονι-

2344 1477 2476 1540 κῶς,
2525 1477 2987 1547 τεθορυϐημέναις
3013 1476 3091 1539 δὲ,
3126 1475 3200 1537 ὥς
3225 1492 3380 1544 φησι,
3440 1476 3587 1544 παρὰ
3626 1495 3766 1530 τινων
3794 1483 3860 1534 καὶ

2345 1567 2628 1636 ἀδοκήτοις
2662 1567 3054 1638 περιστάσεσιν
3088 1565 3444 1636 ἐμϐεϐηκῶςο
3483 1559 3599 1617 εἶτα
3629 1567 3686 1618 ὲκ
3709 1568 3860 1637 mili;

2345 1660 2484 1728 ἄγαν
2507 1659 2962 1730 ἀπραγμοσύνης,
3005 1657 3328 1728 ἀπειρηκὼς
3353 1658 3448 1724 τὴν
3475 1659 3767 1712 ἀντίστασιν
3785 1662 3861 1713 τῶν

2346 1752 2796 1822 ἐπενηνεγμένων
2850 1750 2998 1821 αὐτῷ
3032 1752 3350 1821 φροντίδων,
3397 1752 3493 1803 καὶ
3537 1750 3861 1820 διακρούεσθαι

2347 1846 2445 1905 τὰς
2483 1847 2635 1914 παρά
2676 1844 2784 1896 τῶν
2839 1844 3218 1914 ἐπιφυομένων
3269 1842 3420 1913 αύτῷ
3478 1843 3770 1912 δυσφημίας
3797 1847 3863 1915 ’μὴ

2343 1937 2661 2006 δυνάμενος,
2694 1937 3081 2007 παραιτήσεως
3119 1936 3220 1988 οὐκ
3259 1935 3421 2005 ἴσμεν
3451 1935 3602 1998 ὅπως
3645 1937 3864 2005 προσεκό-

2347 2048 2472 2098 μισε
2512 2029 2734 2100 βιϐλίον.
2763 2029 2912 2081 Ἔδει
2953 2029 3084 2098 γὰρ,
3119 2027 3192 2090 ὡς
3226 2027 3376 2091 ἆπαξ
3429 2027 3863 2096 ἐγκεχειρισμένον

2346 2121 2629 2192 ἱερατικὴν
2656 2120 2934 2191 φροντίδα,
2974 2119 3180 2189 ταύτης
3201 2119 3422 2189 ἔχεσθαι
3461 2120 3582 2189 μετ’
3615 2119 3865 2188 εὖρωστίας

2344 2214 2742 2283 πνευματικῆς,
2776 2215 2870 2266 καὶ
2908 2206 3019 2266 οἷον
3074 2211 3509 2264 ἀνταποδύεσθαι
3557 2213 3666 2273 τοῖς
3695 2212 3860 2274 πόνοις,

2349 2308 2444 2359 καὶ
2499 2306 2701 2375 ίδρῶτα
2757 2305 2852 2358 τὸν
2912 2303 3184 2374 ἔμμισθον
3244 2302 3534 2374 ἐθελοντὴν
3601 2303 3863 2372 ὑπομεῖναι.

2359 2386 2580 2470 Ἐπειδὴ
2607 2399 2662 2453 δὲ
2688 2398 2835 2463 ἀπαξ
2877 2399 3157 2469 ὀλιγώρως
3196 2398 3389 2468 ἔχοντα
3444 2398 3751 2468 παρέδειξεν
3778 2400 3868 2450 ἐαυ-

2345 2494 2454 2558 τὸν,
2487 2493 2644 2547 τοῦτο
2674 2492 2862 2546 παθὼν
2893 2493 2950 2558 ἐξ
2982 2493 3416 2562 ἀπραγμοσύνης
3450 2491 3652 2561 μᾶλλον
3683 2491 3711 2560 ἢ
3739 2492 3862 2544 οκνοο

2345 2591 2437 2641 καὶ
2471 2587 2766 2658 ῥᾳθυμίας,
2801 2584 3250 2654 κεχειροτόνηκεν
3278 2583 3600 2651 ἀναγκαίως
3624 2586 3656 2652 ἡ
3679 2583 3870 2651 ὑμετέρα

2345 2679 2624 2735 θεοσέϐεια
2689 2679 2781 2732 τὸν
2845 2677 3245 2730 εὑλαϐέστατον
3322 2678 3418 2729 καὶ
3503 2675 3872 2728 Θεσσεϐἐστατον

2344 2769 2574 2840 ἀδελφὸν
2624 2770 2780 2839 ἡμῶν
2831 2769 2927 2821 καὶ
2972 2767 3374 2820 συνεπίσκοπον
3415 2766 3687 2834 Θεόδωρον
3753 2781 3873 2833 φρον-

2344 2863 2566 2916 τιοῦντα
2627 2861 2728 2931 τῆς
2797 2859 3146 2928 Ἑκκλησίας.
3203 2860 3278 2912 Ού
3337 2859 3446 2928 γὰρ
3508 2854 3578 2928 ἦν
3630 2856 3872 2909 ἀκόλουθον

2345 2955 2601 3026 χηρεύειν
2631 2953 2824 3023 αὐτὴν,
2877 2953 2975 3005 καὶ
3008 2951 3301 3004 ἐπιστάτου
3337 2951 3462 3020 δίχα
3519 2948 3767 3001 διατελεῖν
3806 2944 3873 2998 τοῦ

2347 3047 2595 3118 Σωτῆρος
2628 3046 2698 3097 τὰ
2729 3043 2977 3114 ποίμνια.
3016 3043 3238 3112 Ἐπειδὴ
3272 3042 3331 3094 δὲ
3385 3041 3664 3112 προσῆλθε
3695 3037 3875 3101 κλαίων,

2347 3140 2408 3192 ού
2441 3143 2570 3209 περὶ
2604 3140 2704 3208 τῆς
2738 3137 2968 3200 πόλεως,
3021 3136 3143 3190 ούδέ
3193 3135 3292 3205 τῆς
3335 3132 3666 3202 Ἐκκλησίας
3694 3133 3874 3201 φιλονει-

2349 3230 2462 3283 κῶν
2516 3229 2595 3301 τῷ
2657 3228 3090 3300 μνπξμονευθέντι
3175 3225 3590 3294 θεοσεϐεστάτῳ
3649 3224 3878 3290 ἐπισκόπῳ

2349 3321 2631 3393 Θεοδώρῳ,
2665 3321 2896 3386 ἐξαιτῶν
2917 3321 2973 3374 δὲ
3007 3321 3145 3384 τέως
3172 3319 3271 3390 τὴν
3298 3318 3392 3372 τοῦ
3431 3318 3728 3372 ἐπισκόπου
3753 3315 3878 3385 τιμὴν

2349 3415 2444 3470 καὶ
2473 3415 2688 3484 κλῆσιν,
2723 3415 3038 3484 συνηλγήσα
3054 3431 3155 3484 μεν
3186 3414 3428 3476 ᾶπαντες
3475 3417 3557 3482 τῷ
3608 3410 3878 3481 πρεσϐύτῃ·

2349 3508 2445 3561 καὶ
2509 3505 2688 3559 κοινὸν
2729 3501 2868 3558 εἶναι
2924 3504 3278 3574 λογισάμενοι
3311 3503 3372 3556 τὸ
3442 3501 3611 3555 αὑτοῦ
3670 3501 3878 3568 δάκρυον,

2349 3599 2684 3669 ἐσπεύδομεν
2727 3598 2918 3668 μαθεῖν
2951 3601 2998 3650 εἰ
3033 3597 3354 3668 καθαίρεσιν
3381 3597 3612 3665 ἔννομον
3656 3594 3885 3660 ὑπομεμε-

2348 3706 2514 3760 νηκεν
2570 3691 2597 3741 ό
2640 3687 3054 3759 μνημονευθεὶς,
3095 3688 3262 3756 ἤγουν
3297 3688 3343 3738 εἰ
3379 3685 3471 3736 ἐπί
3529 3702 3637 3736 τισι
3668 3683 3764 3734 τῶν
3789 3680 3881 3732 i=6-

2349 3799 2466 3833 πων
2514 3779 2846 3848 ἐλήλεγκται
2896 3780 3047 3848 παρά
3115 3795 3299 3842 τινων,
3353 3773 3884 3844 καταφλυαρησάντων

2349 3872 2514 3924 αύτοῦ
2541 3871 2636 3941 τῆς
2675 3871 3018 3940 ὑπολήψεως.
3051 3870 3160 3922 Καὶ
3189 3869 3254 3938 δὴ
3285 3868 3574 3938 ἐμάθομεν
3615 3864 3880 3932 πεπράχτλει

2353 3965 2452 4036 μὲν
2487 3964 2731 4017 τοιοῦτον
2757 3963 2936 4026 οὐδὲν,
2975 3959 3232 4030 γενέσθαι.
3269 3961 3328 4013 δέ
3362 3959 3571 4030 μᾶλλον
3612 3958 3687 4027 τῷ
3717 3972 3884 4026 μνημο-

2349 4056 2592 4110 νευθέντι
2674 4055 2796 4108 ἀντὶ
2849 4055 3197 4124 ἐγκλήματος
3251 4053 3350 4122 τὴν
3400 4051 3761 4121 παραίτησινο
3793 4047 3885 4098 ὅθεν

2347 4151 2468 4202 οὐδὲ
2513 4151 2580 4220 τῇ
2622 4149 2868 4218 ὑμετέρα
2921 4145 3205 4215 θεοσεϐείᾳ
3247 4142 3647 4214 ἐμεμψάμεθα,
3690 4155 3887 4212 χειροτο-

2347 4244 2558 4314 νησάσῃ
2596 4241 2824 4303 δεόντως
2858 4241 2938 4302 είς
2967 4239 3057 4292 τὸν
3089 4237 3254 4291 αὐτοῦ
3291 4237 3458 4289 τόπον
3498 4236 3593 4288 τὸν
3627 4247 3887 4304 μνημονευο

2349 4335 2510 4388 θέντα
2569 4333 2964 4386 εύλαϐἑστατον
3019 4331 3320 4384 ἐπίσκοπον
3357 4329 3657 4400 Θεόδωρον.
3710 4320 3886 4390 Ἐπειδὴ

2349 4428 2404 4480 δὲ
2437 4429 2503 4497 τῇ
2548 4424 2951 4495 ἀπραγμοσύνῃ
2979 4423 3071 4475 τοῦ
3109 4421 3306 4492 ἀνδρὸς
3339 4421 3400 4473 ού
3453 4421 3662 4490 σφόδρα
3703 4417 3888 4484 φιλονεισ

2351 4519 2468 4570 κεῖν
2502 4516 2815 4578 ἀκόλουθον,
2856 4513 2965 4566 ἔδει
2999 4513 3054 4564 δὲ
3099 4512 3301 4581 μᾶλλον
3333 4512 3560 4580 ἐλεῆσαι
3619 4507 3888 4580 πρεσϐύτην

2350 4608 2455 4672 ἔξω
2485 4608 2578 4660 καὶ
2605 4607 2809 4669 πόλεως
2839 4605 2939 4673 τῆς
2961 4603 3292 4674 ἐνεγκούσης
3317 4605 3482 4657 αὑτὸν
3532 4607 3629 4657 καὶ
3666 4599 3888 4670 πατρῴων

2350 4699 2785 4768 ἐνδιαιτημάτων
2821 4699 2879 4750 ἐν
2920 4700 3151 4768 μακροῖς
3193 4696 3336 4748 οὕτω
3386 4696 3653 4764 γεγονότα
3697 4693 3888 4763 χρόνῦις,

2352 4791 2756 4861 ἐδικαιῶσαμεν
2777 4790 2871 4842 καὶ
2900 4790 3182 4859 ῶρίσαμεν
3217 4788 3341 4857 δίχα
3394 4788 3582 4858 πάσης
3628 4783 3888 4847 ἀντιλογίας

2351 4884 2498 4955 ἔχειν
2527 4883 2713 4947 αὑτὸν,
2737 4881 2800 4934 τό
2827 4898 2888 4934 τε
2915 4881 3014 4951 τῆς
3061 4881 3369 4948 ἐπισκοπῆς
3421 4879 3622 4948 ὄνομα,
3685 4875 3771 4929 καὶ
3821 4869 3887 4938 τηε.

2355 4973 2542 5044 τιμὴν,
2582 4973 2675 5026 καὶ
2705 4973 2803 5042 τὴν
2832 4971 3139 5025 κοινωνίαν.
3172 4969 3330 5024 Οὕτω
3375 4971 3474 5040 μέν
3518 4986 3625 5034 τοι,
3677 4967 3803 5019 ὥστε
3841 4959 3888 5030 μὶ

2356 5065 2682 5136 χειροτονεῖν
2729 5063 2913 5126 αὑτὸν,
2962 5064 3101 5132 μήτε
3153 5062 3260 5133 μὴν
3318 5061 3650 5130 Ἐκκλησίαν
3699 5055 3888 5113 καταλα·

2357 5159 2518 5212 ϐόντα
2555 5158 2882 5227 ἱερουργεῖν,
2919 5155 2978 5220 ἐξ
3007 5156 3144 5220 ἰδίας
3195 5154 3503 5217 αύθεντίας,
3560 5154 3677 5207 ἀλλ’
3727 5152 3756 5222 ἧ
3819 5148 3888 5215 ἀρε

2357 5249 3034 5321 σομπαραλαμϐανόμενον
3111 5249 3288 5302 εῖτουν
3352 5247 3801 5318 ἐπιτρεπόμενον,
3862 5256 3882 5291 ε

2355 5347 2507 5417 τύχοι
2539 5342 2691 5413 παρὰ
2746 5341 2979 5410 ἁδελφοῦ
3013 5343 3106 5394 καὶ
3148 5339 3587 5400 συνεπισκόπου,
3647 5338 3782 5390 κατὰ
3815 5330 3884 5383 διά

2362 5442 2511 5495 θεσιν
2537 5438 2631 5491 καὶ¹
2661 5435 2884 5505 ἀγάπην
2910 5434 3008 5504 τὴν
3037 5436 3094 5486 ἐν
3136 5433 3385 5504 Χριστῷ·
3416 5431 3480 5485 ἂν
3516 5430 3576 5483 δέ
3625 5447 3676 5483 τι
3719 5425 3888 5498 βουλεύ·

2365 5533 2531 5604 σησθε
2551 5528 2911 5602 χρηστότερον
2941 5526 3026 5580 ἐπ’
3071 5525 3219 5596 αύτῴ
3257 5525 3290 5596 ἦ
3322 5525 3417 5577 νῦν
3471 5524 3501 5594 ῆ
3555 5525 3637 5585 εἰς
3687 5523 3744 5574 τὸ
3793 5533 3888 5589 pst:

2361 5627 2557 5690 ταῦτα,
2585 5625 2775 5695 ἀρέσει
2802 5623 2896 5676 καὶ
2930 5619 3089 5673 τοῦτο
3119 5622 3181 5688 τῇ
3209 5619 3340 5688 ἁγία
3369 5615 3592 5684 συνόδῳ.

678 5727 861 5781 ctione
887 5736 941 5781 ct
969 5742 1164 5781 nomen
1202 5727 1434 5780 retineat
1469 5725 1733 5796 cpisc0pi,
1785 5735 1838 5779 ct
1871 5727 2159 5788 honorem,
2197 5735 2250 5780 et
2283 5722 2730 5780 communionem
2763 5736 2778 5772 :
2811 5734 2871 5771 ea
2903 5728 3079 5770 tamen
3107 5715 3241 5784 lege,
3279 5725 3334 5767 ut
3402 5724 3583 5778 neque
3646 5699 3886 5796 ordinand

677 5823 795 5894 ipse
820 5823 1200 5881 auctoritatem
1234 5821 1454 5888 habeat,
1483 5792 1673 5891 neque
1697 5822 1752 5876 in
1781 5820 1887 5874 ulla
1927 5819 2169 5875 Ecclesia
2199 5835 2265 5875 ex
2307 5815 2527 5889 propria
2570 5813 2842 5870 sacrificet
2874 5807 3234 5873 auctoritate;
3284 5807 3392 5861 nisi
3440 5803 3488 5859 id
3555 5802 3665 5857 sibi
3730 5797 3801 5853 vel
3833 5792 3886 5848 ad
