3994 6400
99 405 178 471 481
883 377 1282 443 SYNTAGMA
1318 370 1702 434 CANONUM-
1744 393 1812 405 --
1848 366 1994 427 TlT-
2035 365 2086 429 Ι.
2122 364 2278 424 CAP.
2312 362 2409 424 VI-

576 503 659 560 vel
713 494 1090 556 concessionis
1131 491 1366 556 ratione,
1425 478 1618 541 affectu
1657 497 1956 552 amoreque
2023 477 2334 535 Christiano
2368 491 2397 530 a
2462 473 2631 528 fratre
2662 480 2716 528 et
2755 469 3103 540 coepiscopo,
3150 467 3193 521 si
3240 469 3311 519 ita

100 518 284 596 iuvandi
333 525 517 576 causa,

3209 349 3314 412 482

103 560 698 679 gldigeriauligraliter
724 588 1020 645 deferatur.
1060 583 1218 650 Quod
1263 581 1310 636 si
1337 593 1434 633 vos
1463 576 1532 630 de
1561 591 1627 630 eo
1666 574 1860 628 melius
1884 570 2162 643 quidpiam
2234 567 2563 639 cogitabitis,
2601 572 2696 619 aut
2741 577 2908 628 nunc,
2955 569 3051 615 aut
3090 560 3144 613 in
3213 573 3314 629 po-

103 669 311 767 sterum,
363 703 578 770 gratum
627 689 683 743 id
744 686 910 741 etiam
970 689 1372 750 acceptumque
1437 680 1640 729 sancta:
1675 672 1886 742 synodo
1919 669 2166 726 futurum
2196 675 2302 723 est.

377 806 642 866 Συνόδου
674 797 975 872 Σαρδικῆς
1005 793 1207 850 κανὼν
1235 797 1312 856 ς’.

163 931 326 990 ὐσιος
345 922 634 982 ἐπίσκοπος
694 912 865 968 εἶπενο
888 910 1016 965 Ἐὰν
1069 905 1247 978 συμϐῇ
1269 905 1328 956 ἐν
1348 902 1444 974 μιᾷ
1470 902 1642 969 ἐπαρ-

109 1025 200 1095 χίᾳ,
226 1013 332 1091 ἐνῇ
365 1016 608 1069 πλεῖστοι
651 1009 944 1063 ἐπίσκοποι
973 1002 1354 1071 τυγχάνουσιν,
1386 996 1483 1048 ἕνα
1525 991 1645 1046 ἐπί-

111 1092 279 1172 σκοπον
305 1109 614 1177 ἁπομεῖναι,
662 1101 911 1161 κάκεῖνος
944 1096 1085 1150 κατά
1113 1109 1236 1146 τινα
1264 1089 1525 1159 ἀμέλειαν
1563 1082 1639 1154 μὴ

113 1204 311 1279 βουληθῇ
368 1184 635 1254 συνελθεῖν
674 1195 768 1246 καὶ
798 1189 1110 1242 συναινέσαι
1160 1186 1229 1254 τῇ
1300 1175 1635 1234 καταστάσει

113 1272 198 1353 τῶν
231 1272 553 1350 ἐπισκόπων,
585 1286 654 1338 τὰ
675 1285 730 1336 δέ
767 1281 946 1351 πλήθη
978 1272 1433 1346 συναθροισθέντα
1463 1283 1650 1338 παρα-

116 1391 297 1445 καλοίεν
334 1381 612 1453 γίγνεσθαι
658 1375 755 1446 τὴν
802 1372 1134 1426 κατάστασιν
1169 1364 1264 1418 τοῦ
1305 1361 1434 1434 παρ’
1466 1357 1647 1416 αὐτῶν

120 1451 508 1551 ἐπιζητουγμένου
539 1471 863 1532 ἐπισκόπου,
900 1465 1006 1537 χρὴ
1039 1463 1301 1534 πρότερον
1331 1459 1536 1511 ἐκεῖνον
1563 1451 1655 1506 τὸν

120 1573 510 1644 ἐναπομείναντα
528 1566 823 1619 ἐπίσκοπον
840 1561 944 1612 ὑπο
952 1553 1354 1628 μιμνήσκεσθαι
1368 1549 1458 1602 διὰ
1484 1562 1660 1616 γραμ-

125 1637 278 1738 μάτων
299 1661 385 1714 τοῦ
414 1659 644 1729 ἐξάρχου
673 1657 771 1724 τῆς
799 1647 1088 1720 ἐπαρχίας,
1118 1645 1262 1712 λέγω
1291 1641 1356 1710 δὴ
1381 1637 1475 1691 τοῦ
1534 1639 1658 1738 ἐπι-

129 1725 301 1810 σκόπου
327 1754 420 1822 τῆς
450 1725 830 1820 μητροπόλεως
864 1742 947 1794 ὅτι
974 1738 1115 1802 ἀξιοῖ
1141 1734 1208 1788 τὰ
1234 1731 1414 1802 πλήθη
1431 1725 1663 1795 ποιμένα

127 1850 276 1908 αὐτοῖς
300 1844 533 1913 δοθῆναι,
563 1839 801 1910 ἠγοῦμαι
827 1830 1004 1892 καλῶς
1052 1829 1195 1897 ἐχειν
1226 1824 1322 1878 καὶ
1349 1820 1536 1873 τοῦτον
1566 1819 1658 1868 ἐκ·

128 1940 343 2010 δέχεσθαι
373 1908 459 1991 ἵνα
495 1908 871 2002 παραγένηται
892 1940 906 1956 °
936 1924 984 1976 εί
1012 1921 1068 1974 δὲ
1099 1920 1173 1991 μὴ
1205 1916 1294 2010 διὰ
1324 1908 1666 2010 γραμμάτων

131 2033 342 2100 ἀξιωθεὶς
403 2025 802 2097 παραγένηται,
858 2018 994 2088 μήτε
1047 2012 1151 2084 μὴν
1200 2003 1552 2076 ἀντιγράφων
1605 1998 1667 2050 τδ

136 2127 286 2179 ἱκανὸν
330 2126 387 2191 τῇ
422 2118 585 2190 βουλῇ

133 2218 179 2269 δὲ
211 2216 292 2268 καὶ
332 2207 752 2284 μετακαλείσθαι
792 2205 887 2258 καὶ
915 2201 1042 2262 τοὺς
1076 2197 1182 2250 ἀπὸ
1233 2192 1333 2263 τῆς
1359 2185 1670 2257 πλησιοχώ-

139 2327 214 2379 ρου
259 2305 516 2376 ἐπαρχίας
573 2297 902 2357 ἐπισκόπους
959 2291 1095 2362 πρὸς
1150 2288 1250 2356 τὴν
1328 2281 1668 2336 κατάστασιν

138 2369 211 2452 τοῦ
263 2369 786 2467 τῆςνμητροπόλεως
836 2384 1166 2440 ἐπισκόπουο
1237 2377 1312 2448 μὴ
1373 2373 1573 2467 ἐξεῖναι
1615 2369 1676 2467 et

141 2489 292 2552 ἁπλῶς
327 2486 591 2556 καθιστᾷν
638 2482 934 2535 ἐπίσκοπον
982 2474 1143 2544 κώμῃ
1187 2472 1292 2524 τινί
1341 2467 1374 2536 ἢ
1436 2461 1667 2534 βραχείᾳ.

143 2582 283 2646 πόλει,
416 2596 526 2630 τινι
561 2577 662 2628 ,καὶ
687 2567 766 2633 εἷς
802 2571 960 2641 μόνος
1010 2565 1378 2637 πρεσϐύτερος
1423 2556 1676 2625 ἐπαρκεῖ.

146 2676 236 2726 Οὔκ
255 2673 537 2740 ἀναγκαῖον
573 2670 682 2737 γὰρ
719 2664 1050 2722 ἐπισκόπους
1073 2659 1251 2710 ἐκεῖσε
1282 2647 1673 2708 καθίστασθαι,

148 2766 217 2816 ἵνα
247 2765 311 2832 μὴ
342 2759 790 2826 κατευτελίζηται
812 2755 870 2806 τὸ
914 2751 1008 2804 τοῦ
1041 2747 1342 2802 ἐπισκόπου
1393 2745 1564 2809 ονομα
1589 2737 1685 2790 καὶ

146 2855 456 2927 ἡαύθεντίαο
520 2853 640 2907 ἀλλ’
694 2851 744 2901 oi.
792 2848 890 2916 τῆς
937 2841 1228 2912 ἐπαρχίας,
1267 2837 1340 2899 ὡς
1398 2834 1684 2902 προεῖπον,

151 2951 418 3010 ἐπίσκοποι,
451 2949 509 3000 ἐν
560 2944 784 3005 ταύταις
828 2941 947 2999 ταῖς
989 2935 1176 2988 πόλεσι
1246 2928 1510 2994 καθιστᾷν
1567 2925 1688 2974 ἐπι-

162 3041 366 3102 σκόπους
410 3036 743 3105 ὀφείλουσιν,
777 3029 904 3082 ἔνθα
953 3027 1046 3080 καὶ
1091 3024 1350 3094 πρότερον
1399 3016 1692 3084 ἐτύγχανον

154 3132 398 3199 γεγονότες
428 3129 754 3181 ἐπίσκοποι·
787 3124 836 3174 εἰ
884 3120 941 3172 δὲ
971 3117 1284 3188 εὑρίσκοιτο
1335 3109 1510 3167 οὕτως
1544 3105 1686 3172 πλη·

2096 779 2323 837 Concilii
2356 775 2685 833 Sardicensis
2716 789 2885 828 canon
2910 773 2966 828 6.

1811 896 1972 952 Osius
2011 894 2298 965 episcopus
2348 889 2517 945 dixit:
2549 887 2608 942 Si
2663 887 2948 956 contigerit
2982 884 3034 938 in
3072 900 3178 938 una
3198 899 3322 953 pro-

1743 989 1945 1050 vincia,
1972 987 2026 1041 in
2055 1001 2161 1053 qua
2192 991 2322 1039 sunt
2349 979 2572 1052 plurimi
2605 979 2876 1048 episeOpi,
2913 992 3081 1031 unum
3107 977 3322 1044 episeo-

1747 1097 1874 1152 pum
1910 1076 2202 1135 conventui
2229 1090 2335 1130 non
2364 1074 2649 1137 interesse,
2678 1080 2733 1126 et
2760 1071 2855 1124 ille
2893 1084 2987 1137 per
3025 1066 3322 1136 quamdam

1749 1172 2132 1242 negligentiam
2167 1167 2301 1222 nolit
2332 1166 2650 1227 convenire,
2677 1172 2731 1217 et
2757 1163 3140 1232 episcoporum
3166 1157 3326 1212 iusti-

1752 1264 1952 1321 tutioni
1975 1272 2030 1317 et
2049 1260 2306 1318 electioni
2337 1257 2630 1321 assentire,
2657 1264 2982 1325 congregata
3019 1261 3199 1306 autem
3232 1265 3331 1318 po-

1752 1358 1868 1429 puli
1899 1354 2192 1412 multitudo
2224 1353 2409 1414 instet,
2442 1361 2501 1403 ut
2532 1349 2622 1402 liat
2646 1347 2918 1402 institutio
2941 1343 3207 1414 episcopi,
3233 1343 3329 1411 qui

1756 1451 1826 1505 ab
1858 1451 1938 1504 eis
1969 1447 2296 1518 postulatur,
2324 1450 2539 1514 oportet
2569 1441 2721 1494 illum
2762 1440 2937 1508 prius,
2965 1436 3059 1506 qui
3092 1450 3198 1490 non
3236 1434 3331 1488 ad-

1761 1540 1941 1604 fuerit,
1972 1538 2290 1607 episcopum
2329 1531 2615 1590 adtnoneri
2681 1546 2775 1600 per
2831 1530 3038 1582 litteras
3091 1523 3338 1595 primatis

1762 1631 2092 1704 provinciae,
2157 1643 2353 1696 nempe
2407 1623 2653 1696 episcopi
2703 1620 3137 1690 metropolitani,
3191 1617 3338 1687 quod

1765 1734 1920 1794 rogat
1951 1723 2184 1792 populus
2208 1720 2312 1776 sibi
2338 1727 2610 1788 pastorem
2639 1715 2756 1770 dari
2798 1733 2810 1769 :
2843 1722 2897 1767 et
2918 1712 3173 1768 existimo
3196 1718 3342 1764 recte

1767 1813 1968 1866 habere
2001 1811 2146 1864 hunc
2178 1823 2399 1878 quoque
2427 1805 2756 1874 exspectari,
2787 1812 2847 1857 ut
2879 1802 3042 1856 adsit.
3072 1799 3127 1854 Si
3155 1809 3342 1854 autem

1750 1905 1964 1958 litteris
2000 1913 2222 1972 rogatus
2275 1917 2380 1955 non
2428 1897 2694 1961 adfuerit,
2753 1910 2819 1950 ae
2882 1909 2949 1948 ne
3004 1893 3349 1960 rescripserit

1771 1997 2014 2066 quidem,
2054 1996 2239 2066 populi
2271 1985 2537 2048 voluntati
2588 1989 2841 2046 satisﬁat.
2893 1987 3119 2057 Oportet
3167 1994 3350 2038 autem

645 2075 737 2168 τοῦ
789 2075 1179 2182 ἰττλιίιθουίχρὴ
1233 2075 1513 2170 γενέσθαι.
1543 2092 1667 2164 Χρὴ

1798 2107 1838 2144 εχ
1870 2090 2045 2144 vicina
2079 2104 2294 2158 quoque
2343 2087 2622 2157 provincia
2669 2081 2928 2137 accersiri
2970 2080 3255 2149 episcopos
3286 2075 3351 2130 ad

1777 2181 2175 2250 metropolitani
2229 2178 2470 2247 episcopi
2534 2175 2957 2244 institutionem.
3018 2171 3135 2224 Non
3193 2171 3354 2223 licere

1780 2281 1956 2325 autem
2004 2269 2328 2338 simpliciter
2376 2269 2697 2336 episcopum
2750 2264 3088 2320 constituere
3140 2261 3247 2332 35
3301 2261 3356 2315 in

1780 2364 1962 2433 aliquo
1988 2377 2124 2432 pago
2163 2361 2245 2415 vel
2277 2376 2442 2432 parva
2479 2361 2632 2424 urbe,
2665 2360 2754 2413 cui
2782 2358 2870 2412 vel
2898 2372 3042 2410 unus
3074 2355 3360 2426 presbyter

1784 2456 1981 2511 sullicit
2016 2475 2030 2509 :
2070 2471 2177 2509 non
2237 2469 2463 2508 necesse
2517 2462 2605 2507 est
2660 2451 2807 2505 enim
2860 2450 2974 2504 illic
3041 2449 3358 2518 episcopum

1784 2548 2063 2613 constitui,
2098 2563 2166 2601 ne
2196 2547 2431 2616 episcopi
2464 2560 2664 2599 nomen
2701 2553 2756 2598 et
2798 2544 3102 2597 auctoritas
3130 2541 3361 2610 vilipen-

1787 2639 1967 2694 datur.
2008 2638 2111 2692 Sed
2150 2637 2444 2706 provincia:
2479 2635 2562 2707 (ut
2595 2635 2748 2705 prius
2790 2633 2922 2703 dixi)
2969 2631 3211 2703 episcOpi
3261 2630 3359 2685 de-

1787 2732 1915 2786 bent
1949 2733 2002 2785 in
2027 2731 2094 2783 iis
2123 2729 2346 2783 urbibus
2379 2728 2664 2796 episcopos
2696 2727 3052 2790 constituere,
3075 2723 3169 2778 ubi
3197 2723 3362 2776 etiam

1787 2823 1942 2892 prius
1969 2821 2210 2891 episcopi
2265 2819 2507 2875 fuerunt.
2546 2818 2600 2873 Si
2639 2827 2821 2873 autem
2876 2817 3186 2870 inveniatur
3235 2815 3366 2869 urbs

1791 2915 1994 2983 aliqua,
2035 2928 2156 2982 quae
2186 2912 2320 2966 adeo
2349 2911 2610 2980 populosa
2640 2910 2854 2971 evadat,
2896 2916 2956 2961 ut
3005 2909 3121 2976 ipsa
3155 2905 3371 2975 episco-

1799 3013 1930 3073 patu
1983 3003 2142 3071 digna
2182 3001 2480 3071 iudicetur,
2525 2999 2776 3068 accipiat.
2834 3001 2916 3051 An
2959 2998 3064 3052 ltoc
3113 2996 3372 3050 omnibus

1804 3092 2016 3164 placet?
2041 3092 2457 3162 Responderunt
2495 3105 2690 3145 omnes
2723 3109 2736 3144 :
2772 3090 2978 3143 Placet.

156 3226 355 3280 θύνουσά
376 3244 454 3289 τις
480 3227 540 3276 ἐν
569 3220 748 3291 πολλῷ
788 3214 1004 3288 ἀριθμῷ
1043 3209 1173 3266 λαοῦ
1213 3207 1387 3270 πόλις,
1425 3204 1499 3266 ὼς
1537 3199 1692 3264 ἀξίαν
1729 3194 1897 3267 αὐτὴν
1938 3192 2247 3260 ἐπισκοπῆς
2319 3185 2662 3259 νομίζεσθαι,
2711 3185 3057 3255 λαμϐανέτω,
3091 3184 3140 3238 εἰ
3209 3185 3374 3236 πᾶσιν

158 3319 348 3386 ἀρέσκει
382 3318 564 3369 τοῦτο.

161 3414 390 3468 Evt-680v
422 3408 849 3480 Κιιρθαγέννης
875 3401 1083 3456 κανὼν
1122 3404 1187 3465 ιγ’
1247 3395 1310 3464 ιη’
1341 3394 1424 3464 μθ¹

165 3507 278 3570 Περὶ
320 3505 418 3558 τοῦ
464 3503 551 3573 μὴ
608 3499 833 3573 ἐξεῖναι
887 3491 1381 3573 ἐπίσκοπονηεὶ,
1430 3483 1516 3553 μὴ
1577 3480 1697 3573 iam)

218 3553 970 3642 ἦολξιιίν,Γὶεῳοτονεῖσραι
993 3581 1005 3593 ·
1055 3565 1106 3642 εί
1154 3561 1221 3612 δὲ
1268 3553 1706 3642 mammia,

221 3661 317 3708 tat,
347 3626 460 3697 κᾶν
487 3626 610 3697 ὗῖτῦ
666 3639 841 3694 τοιὼν
877 3633 1247 3694 ἐπισκόπων,
1294 3630 1326 3681 ὀ
1375 3626 1706 3684 ἐπίσκοπος

222 3714 667 3782 χειροτονηθείη.

227 3825 302 3894 ιγ’.
321 3826 580 3897 Αὐρήλιος
603 3822 895 3880 ἐπίσκοπος
919 3813 1070 3869 εἶπεν
1094 3831 1107 3844 ο
1129 3812 1193 3865 Τί
1218 3809 1352 3880 πρὸς
1369 3805 1540 3861 ταῦτα
1560 3801 1710 3870 λέγει

172 3918 200 3988 ἡ
240 3919 458 3988 ὑμετέρα
504 3911 820 3983 ἁγιωσύνης
889 3908 1022 3962 Ἀπὸ
1078 3907 1296 3960 πάντων
1343 3900 1452 3954 τῶν
1495 3895 1713 3949 ἐπισκό-

173 3985 268 4063 πων
297 3985 507 4080 ἐλέχθη·
548 4005 784 4076 ὐιρείλει
802 4004 895 4056 καὶ
913 4001 1040 4070 παρ’
1075 3999 1232 4070 ἡμῶν
1251 3996 1318 4047 τὰ
1338 3991 1622 4064 ὁρισθέντα
1648 3990 1713 4039 ἐκ
1761 3985 1766 3991 ’

175 4102 263 4153 τῶν
285 4104 380 4173 πρὸ
406 4101 564 4172 ἡμῶν
585 4096 943 4168 φυλαχθῆναι,
963 4088 1035 4145 ὦν
1057 4107 1215 4143 τινων
1245 4086 1320 4148 ὡς
1346 4086 1532 4153 ἔτυχεν
1552 4077 1714 4134 ἀϐού-

177 4193 262 4258 λως
282 4198 324 4248 οἱ
355 4193 724 4266 πρωτεύοντες
768 4189 865 4258 τῆς
897 4186 1219 4254 οἱασδηποτε
1246 4177 1532 4248 ἐπαρχίας,
1573 4175 1713 4244 ἀμε-

177 4285 267 4338 λεῖν
291 4285 658 4356 naturalia.th
681 4300 694 4314 ·
717 4280 898 4334 πολλοὶ
921 4277 1011 4330 οὖν
1026 4276 1311 4329 ἐπίσκοποι
1340 4267 1717 4338 συναχθέντες,

180 4379 443 4432 ἐπίσκοπον
489 4377 965 4450 χειροτονήσουσιν
991 4387 1004 4398 ·
1033 4370 1080 4421 εἰ
1114 4368 1170 4420 δὲ
1218 4366 1430 4433 ἀνάγκη
1466 4362 1713 4430 γένηται,

183 4471 307 4536 τρεῖς
335 4469 617 4520 ἐπίσκοποι
646 4467 702 4516 ἐν
731 4461 1027 4533 οἱῳδηποτε
1061 4457 1125 4508 ἂν
1166 4454 1314 4522 τόπῳ
1345 4445 1468 4515 ὦσι,
1507 4449 1584 4517 τῷ
1623 4446 1718 4499 τοῦ

186 4559 520 4630 πρωτεύοντος
545 4555 994 4626 παραγγέλματι,
1029 4547 1462 4620 χειροτονήσουσι
1491 4543 1581 4595 τὸν
1606 4540 1722 4592 ἐπί·

190 4666 392 4703 σκοπον·
443 4654 536 4705 καὶ⁴
595 4650 690 4703 ἐάν
734 4664 817 4708 τις
871 4645 928 4696 ἐν
979 4660 1085 4695 τινι
1137 4635 1432 4704 ἐναντιωθῇ
1493 4637 1558 4704 τῇ
1617 4631 1724 4701 ἰδία

1475 3390 1548 3444 νε’
1586 3387 1687 3459 νη’.

1831 3380 2056 3438 Concilii
2085 3371 2509 3442 Carthaginensis
2532 3386 2754 3424 canones
2787 3371 2870 3434 l3,
2903 3368 2988 3432 18,
3016 3368 3106 3434 49,
3134 3369 3222 3430 δε,
3243 3370 3333 3424 58.

1808 3474 1876 3530 Ut
1926 3488 2031 3526 non
2076 3470 2230 3522 liceat
2279 3467 2573 3534 episcopum
2615 3465 2719 3517 nisi
2753 3480 2785 3516 a
2813 3464 3056 3531 plurimis
3084 3463 3374 3516 ordinari:

1878 3551 1967 3626 sed
2027 3541 2407 3622 si'necessitas
2461 3535 2645 3606 fuerit,
2685 3535 2761 3588 vel
2804 3551 2836 3586 a
2885 3536 3051 3587 tribus
3105 3535 3382 3588 ordinetur

1878 3627 2153 3685 epuwpts.

1885 3813 1972 3866 15.
2000 3809 2251 3863 Aurelius
2277 3807 2563 3876 episcopus
2593 3803 2732 3858 dixit
2752 3803 2796 3834 ⁸³
2827 3801 3002 3869 :Quid
3020 3802 3087 3856 ad
3117 3803 3231 3857 haec
3255 3803 3388 3860 dicit

1815 3904 2070 3960 sanctitas
2091 3899 2300 3954 vestra?
2330 3899 2410 3952 Ab
2437 3897 2707 3952 universis
2728 3897 2998 3966 episcopis
3023 3896 3224 3951 dictum
3255 3908 3348 3958 est,
3373 3913 3388 3950 :

1816 3998 1856 4048 A
1897 3993 2053 4046 nobis
2083 4000 2322 4044 veterum
2355 3997 2557 4042 statuta
2584 3987 2780 4041 debere
2827 3987 3055 4047 servari,
3107 3988 3266 4042 sicuti
3333 3997 3388 4043 et

1819 4085 2129 4140 inconsulto
2159 4083 2386 4152 primate
2423 4080 2716 4149 cujuslibet
2747 4080 3058 4149 provinciae,
3093 4089 3202 4134 tam
3236 4081 3394 4136 facile

1821 4194 1925 4232 non
1959 4183 2290 4247 praesumant
2347 4173 2497 4226 multi
2529 4172 2838 4241 congregati
2884 4170 3126 4239 episcopi
3177 4171 3394 4240 episco-

1820 4287 1947 4341 pum
1979 4269 2229 4323 ordinare
2259 4285 2272 4320 :
2307 4265 2410 4320 nisi
2467 4264 2512 4317 si
2549 4261 2616 4334 [si
2657 4278 2804 4324 vero,
2835 4263 2910 4315 ita
2941 4270 2994 4314 rt
3022 4260 3178 4333 I.uc.]
3209 4277 3398 4318 neces-

1824 4364 1959 4416 sitas
1993 4361 2174 4423 fuerit,
2205 4366 2314 4412 tres
2341 4357 2598 4426 episcopi,
2640 4356 2692 4408 in
2728 4370 3076 4425 quocumque
3115 4355 3235 4409 loco
3266 4356 3397 4418 sint,

1824 4454 1945 4523 ejus
1986 4462 2254 4522 przcccpto
2281 4450 2533 4503 ordinare
2568 4448 2841 4502 debebunt
2871 4449 3187 4518 episcopum
3224 4467 3236 4502 :
3277 4458 3330 4503 et
3355 4451 3400 4502 si

1827 4546 1953 4615 quis
1978 4554 2163 4598 contra
2206 4557 2360 4596 suam
2390 4540 2786 4612 professionem
2826 4541 2908 4593 vel
2942 4540 3401 4609 subscriptionem

1829 4635 2040 4689 venerit
2074 4635 2126 4687 in
2160 4632 2366 4701 aliquo,
2407 4631 2522 4699 ipse
2566 4645 2626 4685 se
2677 4631 2886 4684 honore
2936 4629 3187 4698 privabit.
3247 4627 3402 4700 [Μδδ.

188 4741 412 4815 ὁμολογία
462 4744 497 4815 ἢ
556 4744 623 4812 τῇ
665 4739 978 4807 ὑπογραφῇ,
1019 4734 1181 4786 αὐτὸν
1223 4728 1586 4797 ἀποστερήσει
1626 4724 1687 4792 τῆ

1798 4724 1946 4792 ,inse
1979 4721 2186 4774 honore
2223 4715 2567 4789 privabitur.]

190 4835 347 4905 τιμῆς.

257 4946 385 4999 Ἐάν
410 4965 500 5014 τις
534 4944 821 5013 κληρικὸς
867 4936 1296 5011 χειροτονῆται,
1328 4931 1554 5001 ὀφείλει
1581 4930 1732 4982 ὑπο-

192 5039 604 5104 μιμνήσκεσθαι
635 5035 778 5102 τοὺς
804 5035 980 5102 ὅρους
1002 5029 1347 5100 φυλάττειν,
1370 5024 1466 5079 καὶ
1490 5024 1588 5076 ἵνα
1612 5020 1737 5085 τοῖς

194 5131 400 5201 σώμασι
422 5135 538 5189 τῶν
568 5135 996 5189 ἀποθανόντων
1017 5123 1409 5195 εὐχαριστίαν
1462 5117 1548 5188 μὴ
1571 5115 1738 5169 δίδω-

196 5239 294 5288 ται,
311 5228 448 5294 μηδὲ
481 5226 817 5293 ,ϐἀπτισμιιο
845 5220 942 5274 καί
974 5220 1075 5272 ἵνα
1097 5216 1224 5270 καθ’
1247 5214 1506 5267 ἕκαστον
1534 5209 1736 5261 ἐνιαυ-

198 5315 289 5368 τὸν
315 5320 396 5383 εἰς
440 5318 641 5383 πάσας
689 5316 796 5379 τὰς
847 5311 1137 5379 ἐπαρχίας
1189 5306 1340 5375 πρὸς
1384 5300 1650 5358 σύνοδον
1681 5299 1736 5352 οἱ

198 5409 592 5476 μητροπολῐται
623 5409 928 5476 ἕρχωνται.

259 5546 300 5579 ⁸³
335 5549 581 5620 Carthag.
612 5565 672 5615 ιι,
700 5556 821 5616 cap.
855 5544 944 5598 ll.

279 5803 364 5871 (δ’)
393 5803 488 5868 Ms.
519 5801 998 5872 metropolitanum.

1905 4937 2015 5007 36
2040 4934 2100 4991 Si
2128 4936 2243 5006 quis
2271 4935 2486 4989 clericus
2511 4933 2808 4990 ordinatus.
2829 4933 3029 4985 moneri
3046 4931 3190 4983 debet
3221 4931 3410 4982 consli-

1839 5038 1955 5083 tuta
1983 5045 2188 5082 servare
2218 5043 2237 5080 :
2273 5037 2321 5082 et
2365 5037 2420 5079 ut
2471 5027 2776 5095 corporibus
2813 5025 3179 5092 defunctorum
3210 5023 3412 5075 eucha-

1841 5122 1995 5174 ristia
2036 5137 2138 5174 non
2171 5121 2342 5184 detur,
2390 5136 2480 5172 nec
2539 5119 2838 5186 baptisma:
2868 5125 2915 5168 et
2948 5127 3003 5168 ut
3051 5131 3143 5184 per
3183 5115 3416 5184 singulos

1839 5231 2006 5267 annos
2039 5230 2130 5284 per
2154 5229 2330 5267 omnes
2367 5211 2659 5281 provincias
2695 5208 2763 5261 ad
2791 5208 3070 5260 concilium
3099 5207 3198 5279 (8°)
3227 5215 3416 5260 metro-

1839 5307 2062 5376 politani
2090 5307 2429 5360 conveniatur
2462 5299 2837 5376 [conveniant].

1751 5665 1991 5724 NOTAE.
