3908 6296
137 345 216 409 485
893 331 1288 395 SYNTAGMA
1327 329 1678 392 CANONUM

1787 353 1820 364 -
1855 327 2005 388 TIT-
2046 326 2097 400 Ι,
2138 325 2298 386 CAP.
2336 323 2437 386 VI.
3220 315 3328 380 486

138 454 408 530 ὁρισθέντιυν
456 447 662 512 τούτοις
717 446 942 516 ἐπομαι,
972 446 1113 500 ὥστε
1167 445 1437 503 συνελθεῖν
1470 463 1537 517 με
1574 444 1654 516 τῷ

1787 442 1809 496 il
1841 455 2062 510 sequor,
2102 448 2162 494 ut
2190 436 2510 494 conveniam
2543 432 2857 504 episcopum
2904 430 3044 501 eius,
3075 439 3240 503 atque
3275 435 3325 488 ei

135 545 369 614 ἐπισκόπῳ
399 539 556 595 αὐτοῦ
577 539 671 594 τοῦ
702 537 1035 609 ζητουμένου
1055 537 1340 612 κληρικοῦ,
1364 539 1457 591 καὶ
1479 536 1653 591 ταῦτα

1787 534 2056 598 οειιιοοιη,
2088 529 2234 601 quod
2278 528 2401 598 ejus
2434 525 2668 582 clericus
2711 539 2741 578 a
2790 523 3033 594 qualibet
3087 522 3328 578 Ecclesia

133 637 239 694 αὐτὰ
279 632 555 703 ἐμφανίσαι
602 630 684 682 ὅτι
730 628 988 698 κληρικὸν
1039 627 1206 680 αὐτοῦ
1255 626 1538 682 αἰτοῦνται
1602 625 1653 677 ot

1787 625 1985 694 agenda
2023 622 2330 694 postuletur
2367 639 2381 674 :
2412 619 2505 675 sed
2548 615 2690 672 forte
2717 615 2772 670 in
2806 614 3070 670 hodierno
3089 629 3196 668 non
3245 629 3332 668 re-

131 725 206 794 τῆς
234 720 530 790 οἱασδήποτε
589 716 931 786 Ἐκκλησίας.
976 716 1104 770 Ἰδοὺ
1133 715 1226 770 οῦν
1267 717 1361 785 ἐπὶ
1389 715 1481 768 τοῦ
1509 730 1654 784 παρ-

1787 719 1942 773 aetati
1968 724 2117 781 sunt,
2157 723 2302 770 etne
2332 710 2552 782 quando
2574 708 2853 778 contingat
2887 716 2946 760 ut
2975 707 3331 772 reluctcntur,

130 821 251 877 ὄντος
288 814 380 866 οὐκ
409 810 772 878 ἀντιλέγουσι,
796 810 885 863 διὰ
920 809 979 864 δέ
1021 809 1082 861 τὸ
1127 810 1266 878 μήτε
1307 808 1446 877 μετὰ
1481 807 1654 860 ταῦτα

1790 827 1878 866 um
1909 809 2113 864 fuerint
2149 823 2180 862 a
2214 821 2300 860 me
2342 805 2397 860 in
2463 804 2566 858 hac
2613 816 2780 855 causa
2834 799 3111 869 postulati,
3167 813 3329 867 quem

130 905 375 977 συμϐῆναι,
403 901 678 955 τουτέστιν
716 899 1102 968 ἐναντιωθῆναί
1126 915 1218 968 μοι
1238 897 1362 961 τοὺς
1389 899 1447 950 ἐν
1480 898 1655 965 τούτῳ

130 996 188 1065 τῷ
221 993 486 1067 πράγματι
531 991 662 1062 παρ’
690 990 824 1060 ἐμοῦ
857 991 1231 1057 αἰτουμένους,
1253 990 1441 1058 ἐπειδὴ
1476 988 1655 1043 οίδατε

131 1085 302 1141 πολλῶν
356 1083 657 1154 ἐκκλησιῶν
721 1083 816 1136 καὶ
868 1081 1214 1152 χειροτονιῶν
1276 1081 1532 1152 φροντίδα
1591 1097 1658 1148 με

131 1176 396 1250 βαστάζειν,
425 1169 468 1242 ᾧ
489 1193 596 1228 τινι
626 1175 825 1244 δήποτε
864 1175 975 1228 τῶν
1018 1173 1208 1244 ἱερέων
1240 1172 1482 1226 συνέλθω
1517 1171 1658 1242 μετὰ

128 1268 198 1322 δύο
222 1267 249 1336 ἤ
275 1265 429 1336 τριῶν
457 1266 747 1336 μαρτύρων
761 1266 856 1334 τῆς
878 1265 1155 1334 ἡμετέρας
1183 1263 1479 1334 συγκληρώ
1492 1279 1656 1324 σεως,

128 1361 201 1413 ἐὰν
226 1358 578 1421 ἀκαθοσίωτος
621 1357 867 1430 εὑρεθείη
895 1398 910 1420 ,
942 1357 1148 1412 δίκαιόν
1191 1359 1308 1410 ἐστι
1348 1360 1528 1427 κρῖναι
1566 1354 1662 1421 τὴν

129 1450 358 1522 ὑμετέραν
385 1448 626 1518 ἀγάπην,
646 1450 694 1500 τί
717 1449 797 1501 δεῖ
816 1450 1056 1518 ποιῆσαι.
1094 1447 1234 1516 Ἐγὼ
1259 1448 1366 1518 γὰρ
1388 1486 1403 1508 ο
1435 1447 1508 1509 ὼς
1527 1445 1662 1509 ἴστεο

129 1544 326 1606 cia-claci,
358 1545 496 1594 κατὰ
531 1541 874 1611 συγχώρησιν
913 1541 1068 1603 Θεοῦ,
1099 1539 1305 1594 πολλῶν
1331 1538 1666 1607 Ἐκκλησιῶν

131 1633 364 1704 φροντίδος
395 1632 786 1700 ἀντέχομαι.-
806 1631 1108 1700 Νουμήδιος
1157 1631 1452 1691 ἐπίσκοπος
1492 1623 1664 1682 εἶπεν·

139 1727 224 1779 Ἀεὶ
257 1724 486 1793 ὑπῆρξεν
517 1726 550 1793 ἡ
583 1725 836 1778 αύθεντία
860 1726 938 1794 τῷ
967 1725 1142 1796 θρόνῳ
1190 1724 1383 1794 τούτῳ,
1417 1724 1505 1778 ἵνα
1545 1723 1666 1776 ὅθεν

129 1817 254 1887 lli-0515
281 1791 512 1886 καὶπερὶ
535 1791 847 1885 οίουδήποτε
863 1791 1185 1888 προετράπη
1203 1791 1490 1887 ὀνόματος,
1518 1817 1659 1870 κατὰ

1787 1791 2099 1887 :piscoptttn.
2123 1841 2193 1854 -
2230 1811 2530 1882 Epigouius
2550 1809 2838 1880 episcopus
2864 1807 3002 1860 dixit
3057 1822 3071 1859 :

128 1905 201 1974 τὴν
227 1904 507 1973 ἐπιθυμίαν
539 1906 778 1974 ἑκάστης
821 1907 1145 1976 Ἐκκλησίας
1193 1909 1516 1977 ἐχειροτόνει
1543 1909 1664 1962 ἐπί-

131 2013 377 2050 σιοπον.--
395 1997 700 2064 Ἐπιγόνιος
727 1997 1024 2062 ἐπίσκοπος
1047 1997 1216 2052 εἶπενο
1236 2000 1297 2052 Ἡ
1313 1999 1665 2066 ἀγαθοθέλεια

133 2086 317 2156 μεσάζει
339 2088 436 2154 τὴν
471 2087 753 2153 ἐξουσίαν’
788 2084 949 2160 ἦττον
977 2090 1085 2159 γὰρ
1118 2091 1320 2160 τολμᾷς
1341 2091 1484 2160 ἤπερ
1509 2090 1662 2162 δύνῃ,

133 2176 308 2242 ἀδελφέ,
331 2176 385 2227 ἐν
406 2175 484 2245 τῷ
515 2178 684 2231 πᾶσιν
708 2177 896 2230 ἑαυτὸν
924 2180 1298 2233 ἀποδεικνύειν
1332 2180 1533 2248 ἀγαθὸν
1570 2182 1664 2234 καὶ

133 2265 494 2335 φιλάνθρωπον.
536 2268 724 2338 Ἔχεις
767 2269 876 2340 γὰρ
920 2273 1078 2322 τοῦτο
1117 2274 1174 2324 ἐν
1224 2274 1290 2342 τῇ
1322 2273 1502 2344 κρίσει
1551 2289 1670 2338 σου,

131 2357 176 2409 τὸ
205 2358 640 2426 ἀποθεραπεῦσαι
679 2360 796 2425 ἐνὸς
830 2363 1060 2416 ἑκάστου
1092 2365 1393 2420 ἐπισκόπου
1413 2367 1475 2420 τὸ
1499 2367 1670 2436 πρόσ-

131 2468 278 2504 ωπον·
314 2454 368 2504 ἐν
407 2452 605 2526 πρώτῃ
643 2453 702 2506 δὲ
741 2456 836 2508 καὶ
895 2458 1029 2527 μόνῃ
1087 2459 1417 2522 συνελεύσει,
1459 2461 1506 2513 εἰ
1552 2477 1674 2511 συν-

136 2543 250 2608 ίδοις,
285 2545 341 2597 τὸ
373 2543 458 2597 ἐπ’
489 2545 747 2610 ἐξουσίας
783 2548 956 2620 ταύτῃ
983 2553 1049 2620 τῇ
1088 2551 1333 2623 καθέδρᾳ
1361 2551 1499 2605 εἶναι
1523 2553 1670 2605 ἐκδι-

131 2637 307 2705 κητέον,
365 2639 561 2708 ἐπειδὴ
613 2639 857 2710 ἀνάγκην
928 2643 1072 2711 ἔχεις
1127 2643 1290 2705 αὐτὸς
1341 2645 1520 2708 πάσας
1574 2647 1672 2708 τὰς

133 2728 414 2797 Ἐκκλησίας
463 2730 878 2801 ύποστηρίζειν.
914 2733 1077 2787 Ὅθεν
1120 2734 1365 2799 ἐξουσίαν
1400 2753 1482 2788 σοι
1515 2738 1675 2806 ἡμεῖς

131 2820 176 2872 ού
223 2821 490 2892 διδοῦμεν,
571 2822 685 2875 ἀλλ’
725 2825 1194 2896 ἐπισφραγίζομεν
1239 2826 1444 2897 ταύτην
1495 2830 1559 2898 τῇ
1607 2831 1676 2898 σῇ

133 2914 438 2984 προαιρέσει,
471 2916 622 2968 ὥστε
681 2917 879 2982 ἐξεῖναι
927 2921 1146 2989 κρατεῖν
1176 2917 1234 2971 ὃν
1264 2919 1328 2973 ἂν
1361 2919 1519 2990 θέλῃς
1539 2959 1553 2981 ,
1585 2919 1679 2972 καὶ

135 3007 540 3077 προχειρίζεσθαι
555 3009 898 3079 προεστῶτας
917 3015 1032 3072 ταῖς
1050 3010 1419 3080 Ἑκκλησίαις.
1441 3013 1534 3064 καὶ
1560 3015 1679 3076 ταῖς

134 3096 304 3162 λοιπαῖς
335 3101 455 3162 τοὺς
486 3099 859 3170 ζητουμένους
881 3141 898 3165 ,
931 3104 1023 3156 καὶ
1047 3102 1168 3157 ὃθεν
1200 3104 1452 3168 συνίδοις.
1484 3136 1552 3146 --
1578 3106 1656 3158 Ilo

138 3191 489 3259 στουμητιανὸς
531 3193 830 3255 ἐπίσκοπος
855 3187 1026 3244 εἶπενο
1066 3190 1196 3244 Εἶτα
1225 3193 1318 3245 ἐὰν
1347 3210 1430 3255 τις
1463 3194 1558 3247 ἐνα
1594 3194 1688 3248 καὶ

140 3280 266 3348 μόνον
290 3286 385 3352 σχῇ
411 3284 811 3354 πρεσϐύτερον.
848 3285 924 3354 μὴ
957 3285 1159 3353 ὀφείλει
1181 3286 1274 3338 καὶ
1290 3286 1449 3348 αὐτὸς
1475 3287 1502 3339 ό
1530 3280 1610 3348 εἷς
1631 3285 1690 3350 ἐξ

141 3371 270 3426 αὑτοῦ
286 3375 652 3446 ἀφαιρεθῆναι
667 3377 832 3442 ;-Αύ
843 3375 1020 3445 ρὴλιος
1036 3376 1334 3437 ἐπίσκοπος
1344 3372 1514 3430 εἶπεν·
1537 3377 1692 3430 Κατὰ

141 3466 444 3536 συγχώρησιν
499 3466 664 3528 Θεοῦ,
695 3467 914 3520 δύναται
943 3467 970 3519 ὁ
993 3462 1075 3529 εἷς
1117 3465 1414 3530 ἐπίσκοπος
1464 3465 1692 3528 πολλοὺς

138 3561 418 3626 χειροτονεῖν
439 3557 854 3628 πρεσϐυτέρους
887 3573 900 3587 ·
923 3557 1296 3626 πρεσϐύτερος
1313 3556 1368 3612 δέ
1403 3555 1538 3626 πρὸς
1573 3557 1693 3607 ἐπι-

141 3649 309 3716 σκοπὴν
330 3649 661 3717 ἐπιτήδειος,
697 3647 974 3717 δυσχερῶς
1014 3648 1344 3718 εὑρίσκεται.
1373 3648 1463 3700 Διὸ
1486 3648 1579 3700 ἐάν
1597 3661 1682 3708 τις

141 3735 298 3810 εὑρεθῇ
328 3740 464 3809 ἔχων
488 3740 593 3792 ἕνα
626 3740 784 3809 μόνον
815 3738 1207 3810 πρεσϐύτερον,
1231 3741 1326 3793 καὶ
1353 3740 1518 3792 αὐτὸν
1563 3741 1685 3794 ἐπι-

140 3830 396 3902 τήδειοντῇ
451 3833 760 3901 ἐπισκοπῇ,
819 3831 916 3884 καὶ
967 3833 1132 3884 αὑτὸν
1184 3832 1278 3886 τὸν
1322 3832 1421 3885 ἕνα
1478 3831 1686 3899 ὀφείλει

141 3918 287 3974 δοῦναι
313 3924 445 3996 πρὸς
499 3923 1414 3996 χειροτονίαν.-Ποστουμητιανὸς
1468 3924 1689 3975 ἐπίσκο-

144 4031 218 4075 πος
249 4013 412 4070 εἷπεν’
441 4017 662 4071 Οὐκοῦν
696 4019 789 4070 ἐὰν
827 4017 983 4084 ἄλλος
1021 4019 1121 4090 ἔχῃ
1156 4017 1360 4088 πλῆθος
1389 4016 1688 4087 κληρικῶν,

144 4103 310 4170 ἀφείὶοι
355 4126 445 4178 μοι
477 4109 544 4161 τὸ
589 4111 780 4178 ἕτερον
801 4110 1002 4179 πλῆθος
1037 4110 1702 4179 συνελθεῖν-Αὐρήλιος

145 4200 400 4266 ἐπίσκοπος
458 4200 641 4256 εἶπεν’
722 4205 932 4274 Δηλαδὴ
979 4205 1038 4257 ὃν
1098 4205 1298 4278 τρόπον
1368 4205 1431 4257 σὺ

1757 902 1908 959 scitis
1960 894 2662 963 ntultarum,Eeclesiarum
2693 903 2748 948 et
2775 890 3201 946 ordinandorum
3240 906 3339 944 cu-

1758 1008 1874 1047 ram
1901 992 2194 1046 sustinere.
2231 986 2446 1041 Justum
2466 993 2724 1054 estergo,
2762 990 2816 1036 ut
2845 981 3144 1051 quemlibet
3203 995 3338 1035 con-

1761 1085 2110 1141 sacerdotum
2161 1078 2484 1135 conveniam
2525 1091 2650 1130 cum
2699 1074 2917 1128 duobus
2973 1089 3004 1128 e
3059 1072 3339 1127 consortio

1762 1185 1971 1237 nostro,
1999 1173 2088 1228 vel
2121 1171 2295 1226 tribus
2318 1169 2568 1223 testibus.
2590 1165 2684 1220 Sin
2711 1181 2839 1218 vero
2859 1165 3149 1218 imlevotus
3172 1162 3340 1216 exsti-

1763 1270 1912 1332 terit,
1937 1265 2072 1336 quid
2105 1272 2292 1318 censet
2331 1261 2574 1314 charitas
2607 1267 2784 1312 vestra
2839 1255 3190 1310 faciemlum?
3230 1255 3342 1324 Ego

1763 1361 1908 1415 enim
1957 1365 2278 1412 cunctarum
2313 1351 2700 1415 Ecclesiarum,
2748 1348 3060 1417 dignatione
3119 1345 3234 1406 Dei,
3281 1353 3342 1399 ut

1765 1451 1938 1514 scitis,
1972 1448 2186 1511 fratres,
2226 1441 2645 1499 sollicitudinem
2664 1439 2932 1494 sustineo.
2958 1465 3032 1481 -—
3056 1437 3345 1491 Nuniidius

1765 1541 2209 1614 episc0pusdixit
2238 1537 2617 1606 :Fuitscmper
2649 1536 2763 1589 hate
2791 1533 3003 1588 licentia
3034 1532 3162 1584 huic
3206 1527 3344 1589 sedi,

1769 1644 1828 1690 ut
1862 1635 2002 1688 unde
2031 1631 2142 1702 38
2172 1629 2348 1694 vellet,
2386 1636 2439 1682 et
2469 1627 2535 1680 de
2565 1625 2720 1694 cujus
2751 1623 2971 1677 nomine
2997 1619 3183 1674 fuisset
3212 1633 3348 1673 con-

1771 1735 1984 1788 ventus,
2026 1739 2124 1794 pro
2158 1721 2435 1776 desiderio
2469 1719 2740 1788 cujusque
2773 1715 3029 1769 Ecclesia:
3071 1713 3351 1766 ordinaret

3129 1801 3351 1856 Bonitas

1765 1916 2068 1980 sequestrat
2108 1905 2527 1978 possibilitatem
2565 1925 2577 1957 ;
2616 1902 2798 1955 minus
2838 1898 2985 1952 enim
3041 1893 3351 1966 praesumis,

1765 2003 1952 2067 frater,
1984 2016 2108 2056 cum
2145 2009 2197 2054 te
2229 1999 2429 2052 bonum
2472 2003 2526 2050 ct
2571 1994 2894 2048 clementem
2936 1988 3199 2042 omnibus
3231 1983 3356 2038 red-

1766 2096 1894 2149 dis:
1935 2095 2102 2148 hahes
2127 2091 2270 2146 enim
2300 2091 2405 2144 hoc
2437 2088 2489 2141 in
2526 2086 2776 2148 arbitrio,
2813 2082 2946 2135 satis
2988 2090 3074 2134 est
3122 2077 3236 2147 (l6)
3297 2084 3356 2128 ut

1769 2187 1997 2242 satisfiat
2048 2199 2294 2255 persona:
2327 2177 2760 2246 uniuscujusque
2794 2171 3031 2242 episcopi
3078 2169 3132 2222 in
3182 2167 3356 2236 prima

1771 2275 2146 2330 tantummodo
2179 2271 2558 2326 conventione.
2594 2267 2653 2320 Si
2709 2274 2888 2318 autem
2922 2263 3033 2328 (l7)
3076 2257 3360 2329 quodlibet

1775 2368 1900 2420 huic
1959 2366 2070 2420 sedi
2102 2361 2481 2417 vindicandum
2525 2359 2628 2414 sibi
2683 2332 2841 2409 fuerit
2888 2353 3222 2408 arbitratus,
3269 2363 3366 2401 ne-

1776 2475 1929 2515 cesse
1975 2459 2142 2513 habes
2193 2465 2248 2510 tu
2309 2469 2502 2510 omnes
2550 2449 2826 2505 Ecclesias
2863 2445 3142 2502 sutfulcire
3175 2459 3188 2494 :
3221 2440 3366 2495 unde.

1777 2552 1872 2610 tibi
1906 2565 2010 2604 non
2043 2557 2364 2619 potestatem
2393 2545 2608 2608 damus,
2643 2541 2735 2595 sed
2769 2549 2858 2593 tua
2900 2536 3273 2605 assignamus,
3307 2537 3368 2584 ut

1777 2631 1936 2698 liccat
1975 2640 2240 2694 voluntati
2284 2651 2391 2693 tua:
2446 2645 2501 2691 et
2534 2647 2748 2702 semper
2776 2639 2962 2685 tenere
2991 2640 3152 2697 quem
3179 2622 3328 2676 voles
3349 2661 3368 2686 ,

1782 2740 1842 2785 ut
1871 2731 2191 2800 praepositos
2236 2715 2484 2796 plebibus
2514 2721 2596 2775 vel
2629 2717 2885 2773 Ecclesiis
2913 2714 3239 2771 constituas,
3272 2709 3366 2778 qui

1778 2821 2032 2894 postulati
2065 2819 2283 2883 fuerint,
2307 2826 2362 2870 et
2394 2815 2535 2870 unde
2566 2805 3186 2866 velis.—-Pustumianus
3206 2800 3368 2874 [Pos-

1782 2912 2135 2984 tumetianus]
2179 2912 2470 2981 episcopus
2502 2905 2640 2960 dixit
2676 2921 2689 2955 :
2727 2900 2928 2955 Deinde
2951 2938 2967 2963 ,
3016 2897 3108 2967 qui
3138 2937 3152 2961 ,
3202 2909 3370 2948 unum

1793 3008 2064 3069 habuerit,
2120 3001 2366 3070 nunquid
2403 2999 2563 3054 debet
2611 2995 2687 3049 illi
2727 3007 2872 3046 unus
2921 2990 3208 3059 presbyter
3271 2999 3372 3038 au-

1794 3093 2282 3152 ferri1—Aurelius
2299 3092 2590 3159 episcopus
2611 3084 2780 3140 dixit:
2802 3079 2906 3135 Sed
2925 3078 3212 3148 episcopus
3234 3086 3374 3127 unus

1793 3206 1916 3245 esse
1941 3195 2141 3258 potest,
2178 3199 2271 3252 per
2297 3195 2459 3251 quem
2491 3177 2810 3247 dignatione
2843 3171 3028 3225 divina
3066 3163 3371 3238 presbyteri

1797 3254 1957 3334 multi
1985 3273 2244 3332 constitui
2273 3273 2515 3343 possint;
2546 3280 2689 3321 unus
2729 3273 2909 3318 autem
2954 3260 3249 3331 episcopus
3272 3254 3370 3310 dil-

1798 3373 1938 3427 iicile
1966 3368 2235 3424 invenitur
2259 3360 2694 3419 constituemlus.
2718 3359 3062 3424 Quapropter
3115 3349 3160 3403 si
3187 3362 3374 3404 ncces.

1802 3465 2008 3518 sarium
2039 3457 2376 3529 episcopatui
2410 3453 2533 3522 quis
2581 3448 2831 3503 habuerit
2879 3444 3278 3514 presbyterum,
3323 3446 3375 3491 et

1804 3570 1994 3616 unmn,
2025 3561 2084 3605 ut
2106 3549 2318 3611 dixisti,
2352 3547 2555 3607 frater,
2590 3539 2860 3602 habuerit,
2897 3537 3058 3590 etiam
3100 3534 3278 3602 ipsum
3311 3530 3375 3582 ad

1791 3647 2183 3718 promotionem
2211 3642 2340 3695 dare
2361 3631 3061 3693 debebit.—Postumianus
3089 3627 3378 3695 cpiscopus

1791 3741 1931 3794 dixit
1968 3755 1982 3791 :
2019 3736 2160 3806 Ergo
2223 3733 2271 3787 si
2341 3732 2502 3784 habet
2545 3729 2687 3782 alius
2731 3724 3071 3780 abundantes
3123 3718 3375 3780 clericos,

1793 3833 1953 3890 debet
2014 3828 2144 3881 mihi
2173 3827 2276 3879 alia
2304 3824 2455 3894 plebs
2482 3812 3123 3876 ειιὺνοιιίτθ.ι-Λιιι·ο1ἰυε
3161 3809 3378 3879 episeo-

1799 3938 1902 3992 pus
1938 3919 2068 3973 dixit
2108 3934 2122 3970 :
2165 3916 2310 3969 Sane
2335 3911 2554 3983 quando
2587 3919 2640 3964 tu
2679 3907 2930 3961 Ecclesia:
2974 3901 3132 3956 alteri
3183 3900 3379 3954 subve-

1801 4014 1970 4076 neris,
2000 4008 2420 4081 persnadebitur
2446 4005 2522 4059 illi
2554 4003 2646 4073 qui
2681 4001 2866 4070 plures
2919 3996 3082 4050 habet
3125 3993 3377 4055 clericos,

1810 4116 1868 4159 ut
1896 4119 2064 4156 unum
2095 4101 2189 4156 tibi
2227 4097 2593 4152 ordinandum
2633 4093 2911 4162 largiatur.

1503 4208 1565 4275 τῇ
1620 4202 1778 4272 ἐτέρᾳ
1828 4196 2122 4267 Ἐκκλησία
2171 4193 2468 4262 συνῆλθες,
2515 4186 2988 4259 συνωοησθήσεται
3051 4183 3146 4236 καὶ
3187 4183 3215 4235 ὁ
3255 4181 3380 4246 τοὶς

146 4295 359 4364 πλείονας
393 4299 537 4370 ἔχων
583 4300 898 4371 κληρικοῦς,
931 4300 1027 4354 ἐνα
1061 4301 1120 4366 ἐξ
1162 4301 1343 4354 αὐτῶν
1387 4302 1467 4364 εἰς
1496 4297 1829 4371 χειροτονίαν
1861 4311 1944 4347 σοι
1970 4287 2422 4362 δαψιλεύσασθαι.

146 4409 260 4477 Περὶ
292 4411 598 4465 τῶν-λαῶν
629 4412 749 4465 τῶν
767 4411 1069 4498 μηδέποτε
1097 4413 1471 4479 ἐπισκόπους
1501 4413 1684 4483 ἐσχη-

795 4500 1004 4536 κοτων.

197 4575 285 4636 νη’.
304 4570 508 4640 Ἥρεσε
535 4569 760 4623 κάκεῖνο
791 4571 876 4623 ἵνα
899 4571 946 4622 oi
967 4571 1131 4641 ὄχλοι,
1156 4573 1204 4625 οἱ
1231 4573 1497 4642 μηδέποτε
1529 4574 1694 4639 ίδίους

147 4657 405 4729 ἐσχηκότες
432 4663 793 4727 ἐπισκόπους,
831 4665 880 4716 εί
908 4665 983 4734 μὴ
1030 4667 1093 4719 ἐκ
1129 4667 1310 4737 πάσης
1342 4666 1442 4736 τῆς
1474 4668 1694 4721 συνόδου

147 4747 350 4822 ἑκάστης
407 4754 703 4824 ἐπαρχίας,
748 4754 961 4807 καὶτοῦ
1005 4756 1400 4823 πρωτεύοντος,
1439 4757 1697 4829 ψήφισμα

148 4837 359 4904 γένηται,
396 4843 659 4896 καὶκατὰ
695 4844 998 4896 συναίνεσιν
1051 4845 1285 4910 ἐκείνου,
1319 4839 1380 4900 οῦ
1411 4865 1554 4911 τινος
1595 4849 1701 4902 ὑπὸ

148 4928 227 5085 ἓξ
252 4930 512 5002 διοίκησιν
529 4931 825 4986 καθίστατο
857 4935 890 5005 ὴ
923 4931 1060 5004 αὑτὴ
1081 4933 1400 5005 Ἐκκλησία,
1435 4937 1700 5008 μηδαμῶς

219 5039 392 5077 ωνται.

219 5039 392 5077 ωνται.

277 5118 544 5172 Συνόδου
572 5119 992 5187 οῖκουμενικῆς
1029 5125 1084 5185 ς’
1111 5119 1310 5173 κανὼν
1327 5119 1431 5188 λγ’,
1458 5118 1556 5186 λζ’.

204 5205 296 5274 λγ’.
333 5210 663 5280 Ἐπειδήπερ
704 5210 952 5281 ἔγνωμεν
1001 5214 1060 5264 ἐν
1089 5214 1152 5282 τῇ
1219 5211 1517 5283 Ἀρμενίων
1548 5212 1702 5284 χώρᾳ

153 5296 318 5364 μόνους
343 5303 399 5353 ἐν
425 5302 612 5371 κλήρῳ
635 5302 761 5364 τοὺς
796 5303 858 5353 ἐκ
891 5303 1081 5370 γένους
1123 5303 1397 5373 ἱερατικοῦ
1429 5305 1698 5356 κατατάτ-

150 5391 330 5452 τεσθαι.
362 5394 648 5456 ἱουδοιῖκοῖς
678 5394 854 5446 ἔθεσιν
886 5395 1167 5465 ἑπομένων
1193 5395 1299 5447 τῶν
1329 5394 1486 5448 τοῦτο
1522 5396 1697 5466 πράτ-

153 5497 244 5534 τειν
267 5485 702 5554 ἐπιχειρούντων,
731 5485 880 5550 τινὰς
913 5487 968 5540 δὲ
1011 5487 1188 5540 αὐτῶν
1215 5488 1309 5540 καὶ¹
1375 5488 1448 5557 μὴ
1473 5487 1698 5540 ἀποκει-

157 5575 385 5642 ρομένους
413 5576 733 5648 ἱεροψάλτας
747 5577 841 5630 καὶ
868 5576 1219 5648 ἀναγνώστας
1246 5576 1339 5632 τοῦ
1365 5577 1509 5631 θείου
1532 5575 1696 5647 νόμου

213 5747 271 5781 η’
303 5752 469 5808 Cone.
505 5751 672 5808 Afric.
707 5767 828 5822 cap.
855 5751 944 5806 6'5.

1938 4407 2048 4479 39
2085 4405 2158 4459 De
2189 4401 2424 4479 plebibus
2450 4413 2584 4479 qui}:
2626 4411 2895 4479 nunquam
2943 4395 3208 4461 episcopos

2373 4466 2667 4524 habuerunt
2703 4466 2791 4518 η’.

1867 4575 1902 4628 εἰ
1918 4573 1956 4628 ζ.
1987 4567 2202 4624 Placuit
2217 4573 2269 4620 et
2286 4563 2439 4628 illud,
2465 4571 2521 4615 ut
2540 4560 2722 4630 plehcs
2737 4572 2857 4628 qua:
2877 4571 3154 4626 nunquam
3177 4553 3382 4608 habue-

1800 4677 1928 4724 runt
1960 4661 2213 4735 proprios
2239 4658 2526 4728 cpisc0pos
2585 4653 2690 4708 nisi
2738 4668 2803 4706 cx
2850 4651 3086 4706 concilio
3138 4649 3382 4720 plenario

1806 4757 2248 4823 uniuscujusque
2287 4746 2600 4821 provinciaz,
2648 4752 2702 4798 et
2746 4743 2999 4813 primatis
3048 4749 3207 4811 atque
3255 4755 3384 4794 con-

1805 4865 1970 4908 sensu
2003 4847 2146 4917 ejus,
2179 4843 2244 4898 ad
2277 4841 2436 4911 cujus
2469 4836 2756 4894 diceeesim
2787 4835 2974 4890 eadem
3001 4833 3238 4889 Ecclesia
3261 4846 3384 4902 per-

1809 4941 2037 5003 tinebat,
2069 4937 2349 4992 decretum
2382 4931 2571 4996 fuerit,
2603 4929 2829 4983 minime
2855 4925 3147 4995 accipiant.

2041 5111 2267 5167 Concilit‘
2295 5107 2599 5163 mcumenici
2628 5121 2678 5158 vr
2710 5117 2933 5157 canones
2959 5100 3049 5162 53,
3077 5099 3168 5154 57.

1878 5208 1967 5262 55.
1994 5205 2264 5272 Quoniam
2290 5201 2647 5271 cognovimus
2674 5197 2726 5250 in
2748 5194 3132 5249 Armeniorum
3165 5190 3384 5257 regione

1805 5316 1902 5355 eos
1931 5299 2106 5351 solum
2145 5296 2196 5348 in
2235 5293 2365 5347 elcri
2405 5292 2654 5345 ordinem
2686 5285 2874 5340 referri
2904 5285 2996 5354 qui
3033 5291 3160 5336 sunt
3191 5297 3257 5336 ex
3287 5298 3381 5351 ge»

1808 5407 1937 5446 nere
1971 5388 2316 5450 sacerdotali,
2365 5386 2431 5438 iis
2456 5383 2548 5452 qui
2593 5385 2693 5435 hoc
2740 5378 2916 5433 facere
2965 5375 3383 5448 aggrediuntur,

1807 5496 1988 5538 mores
2044 5479 2297 5548 judaicos
2366 5475 2767 5545 sequentibus;
2832 5469 3125 5524 nonnullos
3198 5474 3379 5519 autem

1805 5589 2018 5641 eorum,
2052 5571 2215 5628 etiam
2238 5585 2345 5625 non
2373 5577 2580 5636 tonsos,
2612 5579 2800 5622 sacros
2831 5572 3081 5618 cantores
3113 5569 3164 5616 ct
3188 5557 3384 5613 divina:
