3994 6462
554 370 661 434 487

1684 365 1944 428 ΡΗΟΤῙΙ
1985 362 2490 425 ΡΑΤΙΠΑΒΟΗΕ
2528 365 2637 425 CP.

3705 362 3798 430 £83

555 483 692 554 legis
731 483 964 538 lectores
1000 482 1305 537 constitui:
1353 481 1718 546 decernimus,
1763 491 1826 536 ut
1871 480 2118 548 deinceps

2235 475 2619 544 καθίστασθαι,
2664 479 2981 550 συνείδομεν
3010 479 3149 534 ὥστε
3179 481 3288 535 ἀπὸ
3310 481 3403 535 τοῦ
3425 482 3518 536 νῦν
3552 483 3630 551 μὴ
3670 484 3798 546 ἑξεῖ-

556 587 666 627 ιιοιι
707 570 871 625 liceat
913 571 981 626 iis
1015 571 1108 640 qui
1138 571 1328 626 volunt
1361 570 1575 640 aliquos
1605 569 1673 623 ad
1711 569 1916 623 clerum
1957 568 2128 623 addu-

555 678 703 728 cere,
725 663 791 716 ad
808 663 926 733 ejus
944 663 1031 716 cui
1059 677 1258 728 manus
1285 663 1606 732 imponitur,
1628 679 1798 730 genus
1821 664 2124 732 respicere:

555 751 651 806 sed
696 751 1073 814 examinantes
1119 767 1186 804 an
1231 751 1380 822 digni
1431 751 1540 806 sint
1582 754 1740 822 juxta
1789 754 2030 824 exposita
2071 753 2125 806 in

553 843 728 896 sacris
751 843 1054 898 rationibus
1079 843 1319 907 decreta,
1341 845 1392 898 in
1420 846 1552 900 cleri
1577 847 1883 916 catalogqu
1911 845 2122 909 referri,

555 943 614 987 ut
647 949 743 988 eos
769 935 1144 989 ecclesiastico
1172 947 1549 1004 promoveant,
1581 939 1697 992 sive
1721 939 1832 993 sint
1857 954 1921 992 ex
1955 935 2125 1004 majo-

552 1026 704 1079 ribus
739 1025 854 1080 suis
896 1026 1294 1090 sacerdotibus,
1339 1028 1452 1081 sive
1491 1045 1622 1082 non.
1678 1029 1782 1084 Sed
1823 1030 2010 1094 etiam,
2065 1035 2124 1082 ut

551 1117 684 1170 nulii
721 1133 784 1172 ex
823 1117 1079 1172 omnibus
1109 1119 1443 1186 permittunt,
1476 1120 1626 1184 juxta
1655 1121 1903 1174 ordinem
1931 1135 2121 1174 eorum

549 1206 643 1274 qui
685 1217 814 1260 sunt
861 1207 914 1260 in
951 1207 1277 1262 clericorum
1311 1211 1558 1264 ordinem
1602 1212 1776 1277 relati,
1824 1211 2026 1281 populo
2067 1212 2121 1264 in

551 1306 808 1365 suggestu
838 1297 1051 1352 divinas
1083 1297 1399 1367 Scripturas
1429 1301 1681 1364 recitare,
1719 1302 1819 1355 nisi
1847 1301 1893 1356 is
1927 1316 2120 1360 sacer-

551 1386 719 1438 dotali
759 1395 983 1440 tonsura
1017 1403 1146 1442 usus
1185 1388 1370 1453 fuerit,
1411 1400 1464 1444 et
1496 1391 1925 1445 benedictionem
1957 1409 1985 1443 a
2019 1406 2120 1445 suo

548 1484 775 1543 pastore
810 1475 1078 1530 canonice
1108 1479 1432 1546 susceperit.
1463 1477 1519 1532 Si
1551 1479 1675 1549 quis
1706 1489 1886 1533 autem
1925 1490 2120 1548 praeter

546 1565 661 1620 haec
691 1565 873 1620 facere
895 1567 1270 1636 deprehensus
1301 1568 1485 1630 fuerit.
1522 1579 1851 1638 segregetur.

615 1659 705 1712 57.
741 1657 1009 1723 Quoniam
1039 1660 1272 1716 diversis
1303 1662 1642 1730 temporibus
1683 1661 1986 1716 barbaricae
2038 1661 2120 1714 in-

545 1753 833 1805 cursiones
875 1749 1059 1814 fuere,
1101 1761 1154 1806 et
1184 1767 1248 1805 ex
1284 1767 1349 1807 eo
1398 1753 1648 1821 plurimae
1695 1753 1944 1807 civitates
1995 1753 2118 1806 inti-

544 1843 760 1898 delibus
790 1844 1088 1914 subjugatae
1139 1843 1324 1910 fuere,
1379 1855 1439 1897 ut
1485 1846 1607 1898 ideo
1647 1860 1754 1898 non
1788 1845 1960 1914 possit
1997 1844 2118 1913 ejus

541 1935 780 1989 civitatis
811 1936 1005 2003 praesul
1050 1945 1330 2004 postquam
1382 1936 1668 1990 ordinatus
1715 1936 1912 1999 fuerit,
1959 1952 2118 1989 suum

543 2026 800 2078 thronum
851 2025 1291 2093 apprehendere,
1339 2035 1390 2079 et
1453 2025 1505 2077 in
1559 2041 1624 2078 eo
1677 2025 1729 2079 in
1787 2025 2117 2080 sacerdotali

542 2115 936 2170 constitutione
966 2117 1220 2170 collocari
1247 2156 1261 2178 ,
1308 2124 1359 2170 et
1404 2117 1483 2170 sic
1515 2132 1611 2184 pro
1642 2132 1704 2170 ea
1731 2133 1852 2186 quae
1888 2117 2122 2170 invaluit

541 2208 938 2262 consuetudine
995 2207 1106 2278 40
1144 2209 1517 2263 ordinationes
1569 2218 1624 2262 et
1658 2209 1870 2274 omnia,
1900 2224 2020 2277 quae
2052 2208 2116 2262 ad

541 2301 856 2369 episcopum
888 2301 1186 2368 pertinent,
1219 2316 1378 2369 agere
1408 2310 1461 2353 et
1493 2309 1724 2355 tractare
1750 2319 1762 2355 :
1796 2317 1918 2367 nos,
1949 2300 2120 2354 hono-

540 2406 655 2444 rem
688 2407 752 2444 ac
785 2391 1194 2445 venerationem
1229 2390 1539 2444 sacerdotio
1569 2399 1875 2454 servantes,
1913 2400 1966 2445 et
1995 2406 2119 2460 gen-

541 2483 689 2538 tilem
758 2481 1015 2551 injuriam
1077 2496 1423 2550 nequaquam
1489 2482 1556 2534 ad
1617 2483 2115 2537 ecclesiastieornm

536 2575 744 2644 jurium
802 2573 1098 2642 perniciem
1160 2574 1402 2627 exerceri
1467 2574 1707 2628 volentes
1734 2614 1748 2637 ,
1792 2590 1886 2628 eos
1915 2574 2006 2642 qui
2040 2575 2120 2628 sic

539 2667 775 2721 ordinati
808 2675 966 2732 sunt,
999 2676 1053 2720 et
1079 2676 1296 2734 prepter
1322 2667 1630 2734 prmdictam
1666 2681 1886 2720 causam
1921 2668 1972 2719 in
2003 2667 2119 2721 suis

539 2774 649 2812 non
697 2771 825 2813 sunt
856 2759 1140 2813 constituti
1171 2799 1184 2821 ,
1223 2770 1281 2811 ut
1318 2759 1527 2826 absque
1562 2757 1673 2810 ullo
1701 2774 1764 2810 ex
1798 2773 1860 2810 ea
1891 2773 1948 2811 re
1980 2774 2118 2827 pra:-

536 2848 743 2919 judicio
774 2857 1188 2911 conserventur,
1221 2847 1592 2913 decrevimus;
1623 2856 1679 2900 ut
1705 2858 1758 2900 et
1782 2848 2117 2901 diversorum

539 2939 868 2994 clericorum
909 2937 1283 2990 ordinationes
1313 2938 1577 2990 canonice
1616 2936 1858 2998 faciant,
1891 2946 1944 2990 et
1977 2952 2117 3006 prat-

541 3028 788 3083 sideutire
843 3026 1166 3081 auctoritate
1219 3026 1519 3081 secundum
1571 3029 1847 3097 preprium
1910 3039 2114 3082 statum

542 3127 797 3180 utantur,
830 3127 885 3170 et
915 3119 984 3171 sit
1027 3117 1178 3170 tirina
1216 3133 1279 3170 ac
1314 3117 1552 3187 legitima
1577 3133 1914 3187 quaecunque
1939 3120 2008 3172 ab
2037 3118 2118 3171 eis

541 3209 788 3280 procedit
808 3209 1234 3263 administratio.
1264 3206 1383 3262 Non
1415 3210 1560 3263 enim
1594 3226 1623 3264 a
1654 3221 1898 3279 tempore
1929 3225 2118 3264 neces-

542 3303 722 3357 sitatis
771 3309 961 3354 exacta
1011 3299 1154 3368 juris
1211 3301 1595 3356 observatione
1662 3301 2117 3370 circumscripta,

541 3393 968 3464 dispensationis
999 3391 1266 3446 terminus
1295 3393 1798 3449 circumscribetur.

545 3664 746 3736 Synodi
805 3663 1410 3736 Constantinopolitanw
1443 3679 1559 3736 quo:
1616 3662 1812 3736 dicitur
1849 3662 2022 3730 prima
2069 3670 2120 3714 et

553 3733 840 3789 Vsccuuda
866 3736 919 3786 in
942 3736 1130 3798 tempto
1164 3733 1481 3787 Sanctorum
1509 3733 1877 3802 Apostolorum
1903 3747 2121 3799 congre-

615 3818 764 3876 gata,
801 3821 966 3857 runou
1013 3805 1097 3858 16.

617 3920 702 3974 16.
748 3921 974 3986 Propter
1013 3919 1390 3973 contentiones
1411 3927 1462 3971 ct
1493 3919 1775 3980 tumultus,
1811 3918 1902 3986 qui
1940 3919 1994 3971 in
2029 3916 2120 3972 Dei

543 4013 787 4068 Ecclesia
810 4013 1156 4080 contingunt,
1183 4011 1288 4065 hoc
1317 4027 1534 4080 quoque
1562 4022 1643 4064 est
1675 4011 1899 4065 delinire
1929 4025 2120 4063 neces-

546 4109 777 4172 sarium,
818 4115 877 4160 ut
921 4108 1212 4174 episcopus
1256 4103 1406 4156 nullo
1450 4104 1612 4157 modo
1659 4104 2024 4158 constituatur
2065 4103 2119 4155 in

544 4201 808 4266 Ecclesia,
847 4200 930 4254 cui
971 4199 1064 4267 qui
1102 4203 1298 4266 prmest
1351 4195 1530 4248 adhuc
1561 4194 1710 4257 vivit,
1743 4204 1796 4248 et
1820 4202 1903 4247 est
1943 4195 2120 4247 adhuc

545 4296 600 4351 in
633 4296 851 4366 proprio
880 4294 1091 4346 honore
1125 4289 1480 4349 constitutus,
1516 4289 1618 4341 nisi
1658 4287 1991 4356 cpisc0patui
2020 4302 2117 4340 sua

544 4398 740 4458 sponte
784 4383 1202 4440 renuntiaverit.
1250 4382 1475 4450 Oportet
1513 4381 1659 4432 enim
1708 4393 1927 4432 causam
1975 4377 2113 4446 ejus,

545 4479 640 4548 qui
676 4484 757 4530 est
786 4475 1103 4544 episc0patu
1137 4471 1511 4539 expellendus.
1543 4468 1806 4522 canonice
1836 4467 2117 4521 exaniina-

550 4577 657 4621 tam
694 4567 758 4620 ad
790 4566 946 4618 tinem
975 4564 1124 4632 prius
1153 4561 1345 4615 deduci
1386 4577 1400 4613 :
1438 4559 1633 4612 deinde
1657 4569 1777 4626 post
1805 4559 1924 4627 ejus
1951 4560 2116 4626 depo-

543 4660 824 4719 sitiouem,
857 4659 1086 4710 aiteium
1121 4656 1173 4707 in
1222 4655 1340 4721 ejus
1369 4653 1738 4721 episcopatum
1779 4651 2019 4720 provehi.
2060 4649 2117 4704 Si

545 4748 670 4820 quis
692 4757 870 4800 autem
895 4748 1184 4810 episcopus
1207 4742 1259 4793 in
1289 4738 1513 4809 proprio
1538 4738 1743 4790 honore
1766 4738 2114 4799 constitutus,

544 4857 645 4896 nec
686 4841 803 4894 vult
840 4839 1175 4898 renuntiare,
1223 4848 1322 4886 nec
1363 4832 1640 4902 proprium
1698 4831 1954 4900 populum
2000 4845 2119 4899 pas-

541 4945 688 4992 cere,
725 4928 820 4980 sed
853 4942 881 4977 a
908 4940 1007 4977 suo
1041 4923 1355 4990 episcopatu
1387 4918 1665 4982 recedens,
1700 4919 1983 4987 plusquam
2022 4933 2116 4972 sex

543 5019 828 5074 mensibus
860 5017 910 5069 in
943 5017 1050 5068 alio
1081 5015 1201 5067 loco
1229 5012 1407 5080 degat,
1443 5027 1541 5064 uec
1567 5012 1716 5076 regio
1741 5010 1900 5078 jussu
1931 5012 2117 5064 deten-

546 5122 653 5174 tus,
675 5125 773 5164 uec
802 5109 884 5163 sui
907 5105 1228 5177 patriarchae
1249 5101 1550 5157 ministerio
1578 5102 1911 5164 deserviens,
1941 5117 2116 5170 neque

542 5219 571 5257 a
605 5204 754 5271 gravi
783 5201 995 5260 morbo,
1027 5209 1081 5253 et
1111 5199 1203 5267 qui
1239 5203 1295 5250 ut
1326 5196 1550 5249 omnino
1577 5193 1781 5247 moveri
1813 5207 1919 5245 non
1946 5192 2118 5260 possit

541 5294 754 5356 emciat,
789 5300 1050 5353 retentus,
1089 5291 1133 5342 is
1165 5289 1306 5342 nulla
1337 5304 1403 5341 ex
1437 5302 1600 5355 supra
1631 5284 1736 5356 41
1770 5283 1926 5337 dictis
1952 5297 2116 5335 causa

543 5387 871 5457 prohibitus,
899 5395 952 5439 et
978 5401 1008 5438 a
1042 5398 1142 5438 suo
1167 5383 1483 5453 episcopatu
1514 5379 1735 5441 absens,
1769 5384 1822 5430 et
1855 5374 1996 5426 ultra
2027 5388 2114 5426 se-

541 5488 743 5532 mestre
775 5487 986 5547 tempus
1019 5477 1073 5531 in
1105 5475 1213 5530 alio
1253 5475 1373 5529 loco
1404 5471 1626 5540 degens,
1657 5469 1726 5521 ab
1762 5464 2002 5534 episc0pi
2032 5463 2116 5516 di-

541 5569 744 5639 gnitate
781 5577 834 5622 et
870 5569 1075 5623 honore
1110 5569 1334 5622 omnino
1388 5561 1735 5618 alienabitur.
1785 5555 1921 5608 Eum
1968 5553 2112 5605 cnim

538 5661 630 5728 qui
656 5659 768 5715 sure
796 5661 913 5717 ﬁdei
945 5662 1308 5718 commissum
1341 5671 1556 5729 gregem
1595 5649 1817 5720 negligit
1849 5658 1902 5701 et
1924 5647 1978 5700 in
2007 5645 2114 5698 alio

539 5753 658 5810 lico
690 5771 852 5826 supra
895 5764 1158 5813 semestre
1197 5765 1413 5824 tempus
1461 5748 1610 5817 degit
1636 5785 1651 5812 ι
1691 5741 1879 5798 διίιίυίι
1922 5747 2110 5792 δίιπείδ

2237 587 2324 624 ναι
2351 574 2464 634 τοῖς
2495 573 2574 635 είς
2603 571 2804 644 κλῆρον
2843 571 3187 642 βουλομένοις
3235 574 3495 644 προάγειν
3522 575 3700 637 τινὰς,
3727 580 3801 638 είς

2231 661 2294 714 τὸ
2337 664 2491 731 γένος
2533 665 2946 729 ἀποϐλέποντας
2993 665 3088 718 τοῦ
3122 665 3633 737 προχειριζομένου,
3675 667 3801 722 ἀλλὰ

2227 749 2619 819 δοκιμάζοντας
2646 756 2693 805 εξ
2711 752 2851 820 ἄξιοι
2879 749 2988 806 εἷεν
3015 754 3155 807 κατὰ
3183 757 3310 817 τοὺς
3336 758 3594 820 τεθέντας
3618 757 3676 812 ὲν
3699 761 3802 823 τοῖς

2230 841 2396 910 ίεροῖς
2417 843 2648 896 κανόσιν
2677 846 2832 914 ὄρους
2861 846 2920 897 ὲν
2953 846 3140 916 κλήρῳ
3169 847 3560 918 καταλεγῆναι,
3591 849 3803 913 τούτους

2227 933 2694 1004 ὲκκλησιαστικῶς
2719 937 3183 1008 προχειρίζεσθαι,
3217 939 3322 992 εἴτε
3375 940 3472 993 καὶ
3503 941 3574 994 ὲκ
3611 943 3801 1012 προγό-

2224 1043 2332 1079 νων
2353 1027 2640 1094 γεγόνασιν
2677 1029 2885 1100 ίερέων,
2919 1030 3026 1082 εἴτε
3080 1030 3172 1082 καὶ
3215 1033 3320 1100 μήθ
3349 1030 3486 1083 ἀλλὰ
3517 1032 3658 1101 μηδέ
3693 1050 3804 1086 τινα

2223 1117 2331 1172 τῶν
2364 1119 2618 1172 ἁπάντων
2646 1122 2947 1189 συγχωρεῖν
2994 1119 3080 1171 ἐπ’
3115 1121 3368 1190 άμόωνος
3390 1124 3532 1175 κατὰ
3572 1124 3675 1192 τὴν
3705 1123 3804 1177 τῶν

2223 1214 2282 1265 ὲν
2309 1210 2494 1281 κλήρῳ
2527 1209 2976 1281 καταλεγομένων
3018 1211 3172 1275 τάξιν
3201 1213 3326 1275 τοὺς
3353 1213 3531 1276 θείους
3584 1214 3666 1282 τῷ
3695 1213 3803 1283 λαῷ

2221 1304 2411 1370 λόγους
2439 1304 2764 1372 ὑποφωνεῖν,
2793 1305 2842 1355 εί
2867 1305 2940 1372 μή
2973 1319 3025 1355 τι
3067 1303 3134 1356 ἂν
3171 1304 3419 1374 ίερατικῇ
3453 1308 3634 1376 κουρᾷ
3666 1309 3797 1378 χρή-

2223 1413 2387 1466 σηται
2429 1399 2457 1449 ό
2487 1395 2750 1461 τοιοῦτος,
2790 1397 2884 1448 καὶ
2919 1397 3017 1467 τὴν
3054 1397 3307 1464 εὐλογίαν
3349 1398 3452 1450 ὑπὸ
3474 1399 3572 1451 τοῦ
3605 1402 3800 1452 οἰκείου

2220 1489 2478 1557 ποιμένος
2539 1489 2848 1556 κανονικῶς,
2891 1487 3218 1557 ύποδέξηται
3251 1505 3265 1518 ·
3289 1489 3337 1540 εί
3373 1489 3430 1542 δέ
3487 1507 3576 1551 τις
3617 1505 3800 1559 φωρα-

2225 1578 2344 1648 θείη
2399 1579 2549 1649 παρὰ
2594 1579 2663 1632 τὰ
2712 1579 3168 1650 προστεταγμένα
3207 1579 3398 1643 ποιῶν,
3432 1579 3798 1649 ἀφοριςέσθω.

2289 1669 2390 1732 λζ’.
2442 1670 2658 1739 Ἐπειδὴ
2698 1670 2840 1722 κατὰ
2871 1668 3164 1739 διαφόρους
3207 1671 3432 1740 καιροὺς
3465 1669 3798 1742 βαρϐαρικαὶ

2219 1762 2506 1830 γεγόνασιν
2523 1762 2721 1831 ἔφοδοι,
2750 1763 2844 1816 καὶ
2877 1761 3126 1815 πλεῖσται
3159 1761 3340 1824 πόλεις
3374 1761 3633 1815 ἐντεῦθεν
3672 1764 3799 1816 ἰπο-

2222 1855 2416 1925 χείριοι
2459 1857 2572 1917 τοῖς
2600 1855 2822 1924 ἀνόμοις
2878 1855 3244 1921 κατέστησαν,
3289 1855 3364 1917 ὡς
3421 1855 3682 1907 ἐντεῦθεν
3729 1857 3797 1925 ,ιὴ

2221 1947 2515 2017 δυνηθῆναι
2546 1948 2637 2000 τὸν
2664 1948 2762 2016 τῆς
2793 1947 3051 2016 τοιαύτης
3107 1948 3315 2009 πόλεως
3347 1947 3618 2018 πρόεδρον
3666 1949 3794 2017 μετὰ

2220 2039 2318 2109 τὴν
2350 2038 2436 2090 ἐπ’
2466 2038 2612 2108 αὐτῷ
2647 2038 2998 2108 χειροτονίαν,
3041 2037 3132 2090 τὸν
3164 2039 3362 2091 οἰκεῖον
3392 2038 3590 2108 θρόνον
3635 2057 3791 2090 κατα-

2219 2129 2437 2193 λαϐεῖν,
2473 2131 2566 2182 καὶ
2595 2131 2653 2180 ὲν
2704 2128 2853 2198 αὐτῷ
2906 2130 3148 2200 ίερατικῇ
3185 2130 3522 2182 καταστάσει
3558 2130 3792 2199 ὲνιδρυνο

2221 2221 2402 2290 θῆναι,
2437 2224 2530 2274 καὶ
2583 2221 2724 2274 οὕτω
2771 2221 2914 2273 κατὰ
2941 2221 2999 2272 τὸ
3024 2221 3308 2291 κρατῆσαν
3347 2221 3468 2281 ἔθος
3496 2223 3601 2283 τὰς
3629 2238 3792 2290 χειρο-

2219 2316 2422 2377 τονίας,
2449 2316 2542 2368 καὶ
2572 2315 2749 2368 πάντα
2778 2314 2813 2368 ά
2854 2315 2930 2383 τῷ
2961 2313 3246 2382 ὲπισκόπῳ
3303 2314 3500 2383 ἀνήκει
3538 2313 3791 2385 πράττειν

2219 2423 2278 2460 τε
2305 2407 2398 2460 καὶ
2431 2406 2924 2475 μεταχειρίζεσθαι,
2957 2407 3118 2475 ἡμεῖς
3145 2404 3205 2456 τὺ
3254 2405 3434 2474 τίμιεν
3489 2407 3589 2457 καὶ
3645 2405 3792 2457 σεϐά-

2223 2516 2381 2568 σμιον
2414 2503 2478 2569 τῇ
2510 2499 2778 2569 ἱερωσύνῃ
2829 2498 3205 2566 φυλάττοντες,
3245 2499 3338 2550 καὶ
3371 2497 3648 2568 μηδαμῶς
3671 2498 3791 2565 πρὸς

2220 2589 2396 2658 λύμην
2460 2589 2567 2641 τῶν
2615 2589 3085 2657 ἐκκλησιαστικῶν
3134 2589 3377 2650 δικαίων,
3423 2591 3529 2658 τὴν
3585 2588 3791 2657 ὲθνικὴν

2221 2683 2482 2749 ἐπήρειαν
2517 2679 2855 2749 ἐνεργεῖσθαι
2888 2680 3228 2750 βουλόμενοι,
3261 2684 3373 2744 τοῖς
3435 2681 3584 2734 οὕτω
3631 2698 3790 2750 χείρο-

2219 2773 2506 2842 τονηθεῖσι,
2540 2773 2632 2825 καὶ
2659 2772 2746 2826 διὰ
2777 2773 2875 2840 τὴν
2931 2773 3307 2844 προκειμένην
3361 2772 3550 2825 αἰτίαν
3591 2773 3648 2825 ὲν
3689 2775 3788 2832 τοῖς

2222 2865 2431 2918 ἑαυτῶν
2459 2864 2538 2932 μὴ
2580 2863 2949 2930 ὲγκαταστᾶσι
2993 2864 3223 2929 θρόνοις.
3255 2866 3321 2916 τὸ
3371 2864 3674 2933 ἀπόκριτον
3700 2879 3787 2931 τη·

2224 2959 2432 3028 ρεῖσθαι
2464 2955 2887 3025 συνεωράκαμεν
2925 2970 2939 2985 ⁶
2975 2955 3114 3008 ὥστε
3162 2958 3258 3010 καὶ
3295 2957 3636 3027 χειροτονίας
3672 2957 3788 3026 κλη-

2223 3049 2390 3119 ρικῶν
2417 3046 2688 3114 διαφόρων
2724 3047 3026 3109 κανονικῶς
3072 3050 3264 3113 ποιεῖν,
3308 3048 3402 3101 καὶ
3434 3051 3506 3119 τῇ
3543 3049 3640 3117 τῆς
3671 3063 3789 3117 προ-

2146 3155 2189 3214 c
2223 3137 2401 3206 εδρίας
2426 3135 2680 3205 αύθεντίᾳ
2712 3135 2853 3189 κατὰ
2890 3135 2982 3188 τὸν
3011 3137 3141 3190 ἴδιον
3171 3139 3294 3208 ὅρον
3327 3137 3656 3210 κεχρῆσθαι,
3705 3137 3788 3189 καὶ

2225 3229 2448 3299 βεϐαίαν
2508 3230 2602 3282 καὶ
2655 3229 3052 3302 νενομισμένην
3097 3226 3236 3282 εἶναι
3277 3231 3460 3282 πᾶσαν
3496 3231 3588 3282 ὑπ’
3625 3228 3786 3282 αὐτῶν

2224 3323 2522 3393 προϊοῦσαν
2567 3325 2851 3394 διοίκησιν.
2905 3324 2979 3376 Ού
3023 3322 3132 3393 γὰρ
3165 3322 3270 3375 ὑπὸ
3295 3321 3388 3374 τοῦ
3419 3320 3524 3392 τῆς
3562 3321 3785 3388 ἀνάγκης

2227 3416 2421 3483 καιροῦ
2452 3417 2888 3488 περιγραφείσης
2921 3417 3020 3485 τῆς
3057 3415 3365 3485 ἀκριϐείας,
3399 3416 3429 3469 ὁ
3467 3415 3568 3484 τῆς
3598 3415 3782 3469 οἰκονο-

2228 3510 2360 3580 μίας
2381 3510 2504 3580 ὅρος
2527 3509 3026 3580 περιορισθήσεται.

2222 3648 2494 3704 Συνόδου
2527 3655 2577 3700 α’
2624 3645 2720 3699 καί
2741 3646 2804 3710 β’
2830 3643 3345 3714 συγνιροτηθείσης
3381 3643 3454 3714 ἐν
3485 3645 3781 3714 Κωνσταν·

2294 3719 2633 3804 τινογπόλει
2661 3717 2730 3768 ἐν
2747 3715 2826 3781 τῷ
2853 3713 2993 3784 {mea
3035 3713 3153 3768 τῶν
3187 3713 3781 3782 ἈτιωνἈποστό.ίων

2293 3794 2496 3841 κανὼν
2527 3794 2624 3852 ις’.

2298 3919 2381 3965 ις.
2419 3898 2629 3960 Διὰτὰς
2656 3897 2985 3966 φιλονεικίας
3009 3912 3068 3948 τε
3099 3896 3193 3948 καὶ
3214 3894 3480 3966 ταραχὰς,
3507 3895 3606 3958 τάς
3642 3897 3695 3948 ἐν
3721 3896 3777 3962 τῇ

2221 3993 2315 4047 τοῦ
2354 3991 2487 4045 Θεοῦ
2530 3989 2827 4058 Ἐκκλησία
2851 3987 3272 4057 συμΰαινούσας,
3297 3987 3391 4039 καὶ
3419 3987 3583 4039 τοῦτο
3619 3986 3773 4056 ὁρίσαι

2221 4083 2518 4154 ἀναγκαῖόν
2554 4083 2670 4133 ἐστι
2696 4096 2712 4111 ο
2746 4080 2838 4132 τοῦ
2867 4078 3055 4149 μηδενὶ
3076 4079 3262 4150 τρόπῳ
3299 4079 3601 4131 ἐπίσκοπον
3627 4095 3774 4130 κατα-ν

2223 4183 2412 4252 στῆναι
2440 4181 2494 4230 ὲν
2533 4182 2599 4249 τῇ
2629 4176 2946 4246 Ἐκκλησία,
2979 4170 3046 4245 ἧς
3077 4175 3155 4226 ἔτι
3185 4174 3212 4224 ὁ
3243 4173 3528 4244 προεστὼς
3574 4173 3657 4242 ζῇ,
3695 4172 3772 4223 καὶ

2221 4276 2279 4327 ὲν
2301 4277 2365 4343 τῇ
2404 4273 2510 4343 ἰδία
2540 4271 2853 4323 συνίσταται
2889 4269 3045 4338 τιμῇ,
3073 4266 3149 4336 μὴ
3178 4266 3338 4326 αύτὺς
3370 4265 3514 4318 ἑκὼν
3541 4265 3635 4335 τὴν
3671 4264 3771 4315 ἑπι-

2223 4366 2430 4433 σκοπὴν
2463 4363 2857 4433 παραιτήσεται
2887 4376 2901 4388 ·
2934 4358 3039 4428 χρὴ
3055 4357 3164 4426 γὰρ
3192 4357 3459 4427 πρότερον
3489 4356 3588 4426 τὴν
3617 4353 3770 4407 αἰτίαν

2149 4487 2191 4540 D
2218 4455 2312 4508 τοῦ
2346 4455 2627 4524 μέλλοντος
2658 4454 2756 4521 τῆς
2810 4448 3116 4517 ἐπισκοπῆς
3161 4447 3549 4509 ὲκδιὼκεσθαι,
3580 4458 3768 4498 κανονι-

2220 4548 2330 4610 κῶς
2373 4545 2764 4614 ἐξεταζομένην
2807 4545 2885 4604 είς
2934 4541 3106 4610 πέρας
3159 4539 3387 4606 ἄγεσθαι
3424 4555 3438 4569 ⁸
3483 4535 3582 4591 εἷθ’
3619 4535 3769 4592 οὕτως

2221 4639 2362 4709 μετὰ
2393 4640 2490 4707 τὴν
2527 4636 2692 4689 αὑτοῦ
2744 4633 3085 4703 καθαίρεσιν,
3125 4632 3312 4700 ἕτερον
3368 4630 3487 4682 ἀντ’
3515 4626 3673 4682 αὐτοῦ
3701 4625 3766 4682 είς

2215 4734 2313 4803 τὴν
2363 4729 2665 4798 ἐπισκοπὴν
2713 4724 3158 4798 προϐιϐάζεσθαι.
3197 4724 3260 4775 Εἰ
3300 4723 3355 4776 δέ
3379 4740 3465 4783 τις
3525 4721 3628 4774 τῶν
3669 4720 3767 4770 ἐπι-

2221 4825 2437 4876 σκόπων
2479 4824 2535 4875 ὲν
2563 4823 2630 4891 τῇ
2667 4821 2772 4892 ίδίᾳ
2805 4820 3189 4886 συνιστάμενος
3223 4817 3375 4886 τιμῇ,
3417 4817 3553 4885 μήτε
3596 4825 3765 4879 παραι-

2215 4911 2422 4963 τεῖσθαι
2452 4909 2712 4979 βούλοιτο,
2751 4907 2890 4976 μήτε
2939 4907 3031 4958 τὸν
3088 4907 3288 4957 οἰκεῖον
3330 4904 3508 4955 ἐθέλοι
3570 4899 3764 4968 ποιμαί-

2217 5021 2328 5057 νειν
2368 5003 2517 5063 λαὸν,
2560 5001 2692 5054 ἀλλὰ
2750 5001 2847 5069 τῆς
2917 4997 3123 5060 οἰκείας
3185 4996 3426 5056 ἀποστὰς
3467 4990 3761 5048 ἐπισκοπῆς,

2217 5096 2360 5166 ὑπὲρ
2398 5094 2458 5146 τὸ
2491 5093 2759 5163 ἑξάμηνον
2806 5093 2864 5144 ὲν
2917 5091 3088 5160 ἑτέρῳ
3142 5089 3405 5158 διατρίϐοι
3442 5088 3610 5155 τόπῳ,
3648 5083 3760 5152 μήτε

2214 5190 2334 5249 ταῖς
2389 5183 2483 5237 τοῦ
2528 5183 2726 5236 οἰκείου
2782 5181 3124 5253 πατριάρχου
3180 5181 3546 5248 λειτουργίαις
3588 5178 3762 5242 ὑπηρε-

2215 5278 2496 5346 τούμενος,
2543 5275 2680 5346 μήτε
2713 5277 2818 5344 μὴν
2851 5273 2954 5325 ὑπὸ
2989 5274 3149 5325 νόσου
3178 5271 3432 5343 χαλεπῶς
3465 5287 3520 5323 τε
3554 5268 3640 5320 καὶ
3667 5267 3761 5318 ἀκι-

2216 5370 2407 5438 νησίαν
2428 5365 2760 5436 ἐμποιούσης
2801 5364 3040 5435 παντελῆ
3076 5365 3434 5433 συνεχόμενος
3457 5403 3471 5423 ,
3506 5363 3532 5413 ό
3554 5355 3760 5412 τοιοῦτος

2216 5457 2307 5514 οὖν
2335 5461 2362 5512 ὁ
2394 5458 2532 5511 κατὰ
2563 5457 2833 5528 μηδεμίαν
2858 5453 2969 5508 τῶν
3005 5455 3309 5526 εἰρημένων
3339 5452 3653 5524 προφάσεων
3677 5459 3760 5496 κω·

2199 5551 2494 5619 λυόμενος,
2524 5549 2626 5617 τῆς
2677 5546 2887 5608 οἰκείας
2929 5548 3296 5616 ἀφιστάμενος
3344 5542 3654 5610 ἐπισκοπῆς,
3681 5533 3757 5587 καὶ

2219 5638 2374 5712 inti-29°
2403 5642 2494 5694 τὸν
2541 5641 2899 5710 ἑξαμηνιαῖον
2950 5640 3139 5712 χρόνον
3170 5640 3228 5691 ὲν
3282 5637 3452 5707 ἑτέρῳ
3505 5626 3756 5698 διατρίὃων

2217 5735 2393 5805 τύπῳ,
2424 5734 2522 5804 τῆς
2562 5732 2655 5787 τοῦ
2687 5733 2990 5788 ἐπισκόπου
3020 5733 3186 5805 τιμῆς
3230 5750 3290 5786 τε
3323 5732 3418 5787 καὶ
3448 5727 3592 5794 ἀξίας
3621 5715 3746 5776 ﬁn"
