3908 6296
620 356 721 424 ιιι

764 466 949 539 Cyrilli
984 482 1046 521 ex
1072 465 1292 535 cpistola
1324 466 1391 518 ad
1420 463 1679 517 Dentium
1724 477 1946 515 canones
1978 459 2026 524 Ι,
2047 458 2101 513 ’5.

698 627 749 681 1.
771 625 1120 697 Unaquaeque
1150 639 1238 681 res
1263 631 1471 686 nostra,
1490 619 1710 692 quando
1724 619 1913 673 ordine
1926 615 2191 674 canonico

623 729 771 773 recta
797 718 1064 788 procedit,
1099 717 1307 771 nullum
1338 714 1556 784 quidem
1589 713 1644 766 in
1702 712 1863 767 nobis
1897 710 2186 764 tumultum

622 809 929 880 ingenera',
964 816 1017 863 et
1044 823 1074 862 a
1120 806 1511 862 nonnullorum
1549 803 1926 859 maledicentia
1968 802 2185 866 liberat,

622 902 709 954 vel
766 899 948 969 potius
984 897 1091 970 43
1143 912 1331 952 eorum
1382 896 1475 966 qui
1521 898 1741 964 sapiunt
1778 895 1990 949 luudein
2031 895 2190 950 nobis

611 992 898 1047 conciliat.
927 989 1058 1056 Quis
1090 988 1233 1042 enim
1258 1002 1365 1042 non
1402 988 1598 1051 obviis,
1624 996 1686 1039 ut
1719 986 1894 1051 aiunt,
1930 985 2073 1039 ulnis
2094 999 2190 1038 ex-

625 1086 791 1154 cipiat
819 1083 886 1137 de
916 1080 1193 1149 aliquibus
1220 1078 1489 1149 prolatam
1540 1077 1890 1142 sententiam,
1924 1090 2044 1144 qua:
2091 1088 2190 1128 nec

622 1176 727 1229 huc
756 1188 855 1227 nec
893 1170 1020 1225 illnc
1052 1168 1383 1224 inclinetur?
1430 1166 1525 1221 Vel
1552 1165 1826 1236 quomodo
1865 1180 1969 1217 non
2003 1165 2075 1218 sit
2119 1164 2188 1216 ab

608 1267 767 1320 omni
840 1262 1267 1334 reprehensione
1342 1260 1620 1323 alienum,
1675 1256 1759 1311 vel
1835 1255 2015 1325 potius
2073 1271 2189 1308 ma-

605 1372 855 1430 :gquere
913 1352 1271 1419 laudandum,
1320 1353 1367 1406 si
1418 1360 1565 1405 recte
1619 1346 1845 1418 etjuste
1874 1345 2190 1416 judicetur?

619 1450 686 1504 Et
741 1455 855 1502 haec
911 1445 1133 1516 quidem
1194 1458 1344 1498 nunc
1396 1441 1578 1496 scribo
1635 1440 1701 1493 ad
1756 1439 2012 1509 pietatem
2043 1445 2187 1491 luunt

608 1557 739 1610 qua:
793 1538 846 1592 in
915 1535 1108 1590 litteris
1174 1534 1239 1588 ad
1297 1547 1384 1587 me
1441 1540 1495 1586 et
1540 1528 2008 1600 religiosissimum
2074 1526 2186 1581 fia-

608 1641 757 1686 1rem
795 1639 1045 1684 nostrum
1104 1635 1159 1680 et
1209 1626 1593 1694 coepiscopum
1676 1619 1927 1674 PrOclum
1982 1619 2185 1683 missis,

617 1723 934 1792 episcOpum
997 1720 1217 1791 quidem
1277 1716 1544 1779 nominet,
1606 1712 1872 1782 imprimis
1913 1716 2059 1781 pium
2123 1724 2187 1763 ac

614 1814 930 1884 religiosum
973 1810 1193 1866 Petrum
1229 1827 1244 1863 :
1276 1822 1403 1863 cum
1458 1806 1580 1875 ipse
1626 1804 1971 1865 lamentetur,
2024 1816 2191 1870 seque
2218 1799 2265 1857 B

619 1901 689 1956 ab
717 1899 960 1956 Ecclesia
988 1899 1091 1955 sibi
1119 1896 1381 1953 attributa
1408 1904 1603 1964 praeter
1631 1891 1898 1946 rationein
1949 1889 2186 1959 ejectum

622 2006 750 2047 esse
779 1992 943 2048 dicat.
980 1990 1109 2044 Erat
1135 1998 1315 2043 autem
1344 1994 1777 2042 consentaneum
1807 1991 1865 2036 ut
1885 1981 1965 2035 vel
2004 1995 2190 2036 sacer-

619 2083 755 2140 dotii
786 2098 985 2139 nomen
1010 2098 1133 2137 cum
1161 2096 1217 2134 re
1240 2079 1483 2143 haberet,
1516 2075 1619 2139 vel,
1650 2076 1694 2131 si
1728 2088 1837 2127 non
1858 2071 2189 2140 eratdignus

621 2183 680 2233 ut
707 2174 869 2230 altari
898 2181 1184 2244 prmesset,
1215 2184 1313 2224 nec
1345 2170 1461 2239 ipsa
1493 2166 1710 2237 quidem
1766 2164 2059 2234 episcopus
2093 2177 2188 2215 vo-

620 2269 835 2323 catione
861 2266 1059 2336 dignus
1091 2265 1403 2318 haberetur.
1438 2258 1542 2314 Sed
1576 2257 1629 2312 id
1665 2256 1897 2310 fortasse
1930 2254 2074 2325 quod
2102 2253 2186 2307 di-

621 2375 708 2428 co,
739 2359 937 2414 durum
964 2371 1084 2411 esse
1105 2363 1158 2408 et
1189 2352 1475 2407 churitatis
1518 2365 1713 2419 expers
1751 2346 2044 2402 videbitur.
2083 2343 2189 2399 Res

621 2459 803 2504 autem
845 2460 1035 2502 revera
1090 2459 1198 2498 non
1242 2444 1317 2497 ita
1349 2457 1409 2495 se
1465 2440 1644 2493 habet.
1695 2436 1808 2492 Nos
1843 2436 1986 2490 enim
2024 2433 2188 2499 senis

624 2544 811 2612 utique
849 2537 1096 2594 misereri
1137 2547 1415 2607 putamus,
1453 2535 1497 2588 si
1523 2531 1698 2586 solum
1757 2529 1805 2583 ei
1836 2544 2030 2582 nomen
2065 2525 2190 2579 reli-

626 2628 1069 2703 querimus;sed
1122 2625 1295 2681 multo
1354 2623 1546 2678 melius
1602 2631 1719 2675 erat
1770 2620 1912 2673 aliud
1972 2630 2190 2687 quoque

624 2724 995 2780 considerare.
1048 2718 1194 2774 Dicit
1229 2720 1373 2772 enim
1432 2733 1491 2769 se
1539 2728 1695 2769 suam
1753 2711 1974 2780 quidem
2031 2722 2192 2778 posse

625 2830 845 2870 causam
889 2812 1142 2884 probare,
1188 2816 1244 2863 at
1281 2805 1612 2862 defensionis
1668 2814 1879 2870 tempus
1913 2799 2019 2853 sibi
2084 2812 2191 2851 non

629 2921 752 2962 esse
784 2907 992 2967 datum,
1026 2915 1127 2955 nec
1168 2897 1502 2953 auditionem
1538 2893 1855 2949 canonicam
1892 2889 1995 2943 sibi
2026 2888 2195 2942 fuisse

633 3009 973 3053 concessam.
1006 2993 1104 3047 Sin
1128 3000 1312 3046 autem
1343 2988 1447 3042 tale
1473 2987 1599 3057 quid
1630 2984 1833 3040 factum
1878 2990 2042 3048 esset,
2078 2981 2194 3050 ipsa

629 3096 879 3142 actorum
918 3081 1202 3155 productio
1227 3094 1352 3136 eum
1387 3076 1715 3133 convicisset
1778 3088 1931 3128 reum
1968 3071 2194 3140 imposi-

1769 349 2026 415 PHUTll
2073 348 2574 410 PATRIARCHE
2604 348 2712 409 CP.
3738 357 3818 421 493

2227 475 2270 520 Α
2300 456 2599 525 Κυρίλλου
2645 457 2712 509 ἐκ
2753 452 2863 521 τῆς
2905 454 3056 522 πρὸς
3092 455 3322 522 Δόμνον
3371 455 3684 530 ἐπιστολῆς
3735 484 3817 519 κα-

2936 550 3059 599 rd)?
3073 553 3122 599 α’
3162 553 3213 615 γ’

2364 644 2411 690 α’
2434 636 2683 691 Ἕκαστα
2705 636 2811 689 τῶν
2851 636 2971 690 καθ’
3004 639 3148 707 ἡμᾶς
3174 640 3538 709 πραγμάτων,
3567 640 3685 695 ὅταν
3713 645 3818 701 εὐθὺ

2295 731 2569 801 φέρωνται
2593 729 2883 799 κανονικῆς
2909 730 3186 795 εὐταξίας.
3211 730 3405 784 οὐδένα
3439 730 3537 800 μὲν
3560 733 3680 803 ἡμῖν
3699 738 3818 791 ἐντί-

2292 840 2410 876 κτει
2432 822 2678 903 θόρυϐον,
2706 822 3036 875 ἀπαλλάττει
3056 822 3112 876 δὲ
3137 825 3227 877 καὶ
3252 826 3352 894 τῆς
3381 826 3532 895 παρά
3558 843 3706 881 τινων
3725 830 3825 883 δυσ-

2292 916 2524 986 φημίας,
2566 914 2765 984 μᾶλλον
2787 914 2844 968 δὲ
2871 916 2963 968 καὶ
2992 914 3090 979 τὰς
3120 916 3268 987 παρά
3299 916 3407 971 τῶν
3442 913 3502 970 εὖ
3532 920 3825 989 φρονούντων

2290 1006 2565 1077 εὐφημίας
2591 1007 2720 1077 ἡμῖν
2751 1004 3020 1076 προξενεῖ.
3053 1006 3149 1069 Τίς
3181 1007 3289 1077 γὰρ
3317 1008 3416 1061 οὐκ
3443 1008 3509 1062 ἂν
3552 1010 3826 1075 ἀποδέξαιτο

2289 1101 2467 1169 ψῆφον
2488 1099 2841 1167 ἀπροσκλινῆο
2859 1099 3001 1171 ἥπερ
3023 1099 3089 1152 ἂν
3118 1099 3328 1163 γένοιτο
3348 1099 3475 1169 περί
3495 1117 3647 1154 τινων
3665 1097 3826 1171 ςῆπῶξ

2288 1188 2350 1241 τὸ
2370 1188 2572 1258 κρίνειν
2588 1187 2761 1256 ὀρθῶς
2784 1191 2878 1240 καὶ
2894 1189 3132 1257 ἐννόμως
3158 1188 3259 1241 οὐκ
3273 1188 3666 1257 ἀνεπίπληκτον
3683 1191 3825 1260 ἔσται,

2293 1279 2492 1347 μᾶλλον
2513 1277 2569 1331 δὲ
2590 1278 2790 1340 παντὸς
2809 1278 3032 1332 ἐπαίνου
3065 1278 3288 1348 μεστόν.
3315 1279 3425 1331 Kal
3449 1280 3617 1333 ταῦτα
3661 1285 3827 1352 γράφω

2289 1368 2446 1422 vovi"
2478 1368 2576 1438 τῆς
2608 1367 2711 1438 σῆς
2763 1366 3071 1431 θεοσεϐείας
3093 1369 3150 1420 ἐν
3180 1370 3292 1431 τοῖς
3344 1368 3537 1420 ἑαυτοῦ
3578 1372 3829 1440 γράμμασι

2288 1461 2401 1523 τοῖς
2435 1460 2677 1513 σταλεῖσι
2709 1458 2843 1529 πρὸς
2876 1459 2976 1528 ἐμέ
3025 1475 3085 1511 τε
3120 1462 3216 1511 καὶ
3236 1459 3330 1514 τὸν
3366 1460 3652 1514 ὁσιώτατόν
3674 1479 3727 1514 τε
3746 1466 3824 1516 καὶ

2290 1550 2696 1618 θεοφιλέστατον
2740 1550 2964 1618 ἀδελφὸν
2984 1549 3141 1621 ἡμῶν
3169 1551 3265 1603 καὶ
3308 1549 3692 1606 συνεπίσκοπον
3709 1554 3826 1623 Πρό-

2289 1641 2435 1702 κλον,
2464 1640 2760 1692 ἐπίσκοπον
2811 1639 2913 1708 μὲν
2943 1637 3339 1707 ὀνομαςούσης,
3368 1637 3459 1690 τὸν
3481 1637 3831 1693 εὐλαϐέστατον

2292 1731 2387 1782 καὶ
2419 1728 2843 1780 θεοσεϐέστατον
2890 1727 3094 1796 Πέτρον
3120 1743 3134 1756 ο
3159 1726 3323 1780 αὐτοῦ
3358 1726 3414 1779 δὲ
3446 1726 3729 1793 κλαίοντος,
3757 1732 3828 1782 καὶ

2292 1823 2389 1891 τῆς
2411 1819 2804 1890 ὲκνεμηθείσης
2832 1818 3156 1888 Ἐκκλησίας
3187 1817 3333 1888 αὑτῷ
3357 1817 3677 1887 παραλόγως
3708 1835 3834 1888 κεκιο,

2294 1913 2488 1983 νῆσθαι
2521 1914 2791 1980 λέγοντος.
2819 1906 2927 1964 Ἦν
2948 1910 2992 1962 δ’
3015 1909 3327 1974 ἀκόλουθον,
3356 1908 3391 1979 ἢ
3419 1909 3478 1962 τὸ
3510 1909 3606 1979 τῆς
3639 1910 3827 1979 ίερωσιίο

2294 2029 2387 2082 νης
2419 2011 2593 2079 ὄνομα
2626 2007 2765 2078 μετὰ
2795 2007 2890 2060 τοῦ
2916 2008 3239 2079 πράγματος
3263 2005 3406 2076 ἔχειν
3449 2006 3631 2069 αὑτὸν,
3662 2006 3693 2075 ἢ
3725 2006 3829 2073 γοῦν

2294 2104 2452 2172 εἴπερ
2483 2097 2551 2171 ἦν
2581 2101 2731 2165 ἄξιος
2770 2099 2863 2152 τοῦ
2915 2100 2989 2168 μὴ
3027 2099 3356 2169 προεστάναι
3385 2095 3532 2148 θείου
3581 2094 3830 2166 θυσιαστηο

2301 2192 2439 2264 ρίου,
2470 2192 2590 2261 μηδ’
2617 2191 2752 2261 αὐτῇ
2782 2189 3045 2258 τιμᾶσθαι
3082 2192 3146 2259 τῇ
3176 2188 3365 2258 κλήσει
3392 2187 3491 2256 τῆς
3514 2186 3825 2255 ἐπισκοπῆς·

2296 2284 2408 2340 ἀλλ’
2440 2285 2567 2347 ῐσως
2606 2284 2806 2349 δόξειεν
2842 2284 2907 2335 ἂν
2933 2284 2998 2354 τῇ
3030 2284 3096 2351 σῇ
3125 2278 3428 2348 θεοσεϐείᾳ,
3459 2276 3691 2346 σκληρὸς
3716 2272 3830 2329 εἶναί

2294 2394 2378 2440 τις
2401 2376 2498 2431 καὶ
2532 2374 2891 2445 ἀφιλάλληλος
2914 2376 2942 2428 ὁ
2976 2370 3262 2443 παρ’ἐμοῦ
3288 2370 3465 2436 λόγος.
3493 2370 3660 2439 Ἔχει⁸
3682 2369 3733 2422 δὲ
3753 2371 3830 2439 οὐχ

2295 2469 2437 2523 οὕτω
2459 2469 2601 2523 κατὰ
2624 2467 2685 2520 τὸ
2716 2466 2938 2536 ἀληθές.
2983 2466 3231 2534 Ἐλεῆσαι
3263 2463 3371 2533 γὰρ
3400 2460 3545 2531 τάχα
3572 2477 3674 2513 που
3703 2461 3830 2529 νομί-

2297 2560 2462 2631 ζομεν
2491 2559 2582 2612 τὸν
2618 2557 2951 2628 πρεσϐύτην,
2988 2556 3157 2627 μόνην
3189 2553 3457 2624 αὐτῷτὴν
3492 2551 3680 2621 κλῆσιν
3696 2551 3831 2617 ἀφέν-

2297 2670 2388 2716 τες
2421 2670 2435 2685 ο
2476 2652 2670 2722 μακρῴ
2701 2650 2759 2703 δὲ
2782 2646 2850 2720 ἦν
2884 2648 3108 2719 ἄμεινον
3142 2646 3394 2716 ἐννοῆσαι
3427 2646 3526 2697 καὶ
3554 2641 3615 2695 τὸ
3634 2642 3825 2712 ἕτερον·

2299 2746 2498 2814 φάσκει
2520 2744 2651 2812 γὰρ,
2682 2740 2943 2795 δύνασθαι
2988 2738 3087 2810 μὲν
3124 2737 3388 2807 συστῆναι
3413 2738 3484 2807 τῇ
3516 2733 3690 2804 οἰκείᾳ.
3721 2734 3832 2786 ὑπο·

2298 2836 2479 2907 λήψει,
2515 2835 2575 2888 οὐ
2596 2833 2777 2887 λαϐεῖν
2797 2834 2853 2886 δὲ
2882 2831 3071 2901 καιρὸν
3102 2828 3400 2898 ἀπολογίας
3427 2844 3443 2857 ·
3470 2825 3599 2882 οὔτε
3624 2825 3724 2896 μὴν
3761 2825 3833 2875 ἀκ-

2304 2931 2486 3001 ρόασιν
2516 2926 2664 2997 αὐτῷ
2710 2924 3053 2994 προτεθεῖναι
3100 2920 3410 2991 κανονικήν.
3449 2919 3518 2971 El
3547 2918 3604 2970 δὲ
3628 2915 3833 2985 ἐγεγόνει

2299 3037 2352 3073 τι
2373 3016 2631 3084 τοιοῦτον,
2656 3015 2793 3086 αὑτὴ
2816 3015 2926 3068 τῶν
2952 3012 3361 3085 ὑπομνημάτων
3398 3010 3433 3081 ἡ
3488 3023 3737 3069 συστασις
3771 3006 3834 3058 δι-

2306 3107 2534 3180 ήλεγξεν
2573 3106 2637 3162 ἂν
2671 3106 2854 3171 αὑτὸν,
2886 3105 2919 3176 ἢ
2953 3104 3149 3159 ἁλόντα
3195 3104 3309 3167 τοῖς
3340 3101 3659 3170 αἰτιάμασιν
3688 3099 3836 3167 ἔνοχον

632 3190 810 3234 torum
839 3176 944 3248 ipsi
999 3173 1317 3233 criminum,
1353 3185 1448 3225 nec
1499 3176 1641 3223 esset
1674 3165 1818 3235 quod
1874 3179 1931 3219 se
1994 3162 2193 3232 injuria

2313 3156 2526 3180 ἰτ-τιν’*
2574 3156 2629 3162 *ν
2675 3156 2854 3171 τίτί-τι
2894 3156 2919 3176 τι
2960 3156 2971 3159 τ
3026 3156 3129 3159 ’νίν
3289 3156 3307 3167 υ
3497 3156 3512 3170 υ
3763 3156 3790 3167 η

2302 3196 2781 3267 ἀποπεφασμένον,
2812 3197 2906 3248 καὶ
2943 3193 3095 3247 οὐδὲν
3118 3192 3313 3264 ἔχοντα
3355 3191 3547 3244 λοιπὸν
3587 3190 3748 3243 εἰπεῖν
3776 3188 3835 3250 ὡς

2454 3227 2781 3251 ῧυυιυμοςνυνι
2815 3227 2906 3248 λιιι
2943 3227 3095 3247 Ullus!
3118 3227 3313 3251 ειννιιρ
3356 3227 3545 3244 Λνοηνυ
3587 3227 3745 3243 sua“:
3776 3227 3833 3250 ψ’

632 3269 889 3326 allectum
920 3272 1239 3338 quereretur
1264 3261 1381 3330 ;ve|
1416 3267 1562 3315 certe
1592 3256 1902 3311 absolutum
1941 3268 2064 3307 cum
2098 3250 2195 3304 de-

633 3364 875 3425 clarans,
903 3372 1096 3413 rursus
1148 3355 1470 3411 concederet
1528 3358 1586 3405 ut
1632 3358 1888 3420 praeesset
1940 3343 2198 3398 Ecclesiae

632 3468 755 3522 quae
780 3451 855 3505 illi
888 3449 1129 3518 subjecta
1158 3444 1280 3519 fuit.
1308 3440 1443 3499 Cum
1476 3450 1656 3497 autem
1705 3438 1842 3493 nihil
1875 3434 2074 3491 factum
2129 3433 2200 3487 sit

636 3541 924 3611 ejusmodi,
956 3542 1023 3596 de
1049 3555 1105 3593 re
1124 3538 1338 3607 quidem
1369 3537 1474 3589 a'ta
1509 3548 1637 3588 voce
1664 3531 1930 3600 queritur,
1957 3535 2011 3580 et
2057 3527 2201 3578 intu«

632 3636 918 3694 lembilem
980 3634 1231 3704 injuriam
1280 3645 1340 3684 se
1393 3627 1527 3682 dicit
1576 3624 1875 3694 accepisse,
1914 3629 1969 3674 et
2013 3619 2198 3686 inique

619 3729 865 3797 ejectum
930 3739 1073 3788 esse,
1129 3721 1389 3791 adjiciens
1454 3730 1568 3770 rem
1608 3728 1823 3769 onmem
1878 3709 2196 3764 familiarem

631 3833 791 3876 suam
825 3817 1131 3885 ademptam
1163 3812 1266 3867 sibi
1299 3810 1491 3864 fuisse.
1533 3804 1650 3860 Tua
1681 3805 1863 3872 itaque
1911 3802 2195 3860 sanctitas,

626 3904 990 3960 considerans
1019 3910 1072 3956 et
1101 3901 1243 3969 quod
1275 3895 1385 3969 44
1425 3894 1625 3950 divinis
1672 3891 1972 3946 canonibus
2023 3889 2200 3943 Sanci-

635 4010 748 4055 tum
769 4006 873 4062 est,
897 3995 1115 4066 etquod
1155 3992 1413 4046 Ecclesiae
1445 3985 1722 4049 convenit,
1758 3985 1933 4053 iisque
1963 3983 2053 4051 qui
2074 3988 2199 4033 sunt

634 4093 688 4145 in
719 4104 881 4146 sacro
920 4084 1227 4142 ministerio
1251 4081 1473 4142 initiati,
1514 4088 1567 4132 et
1601 4086 1913 4131 nostrarum
1940 4086 2198 4143 praeterea

631 4182 937 4239 litterarum
967 4178 1234 4233 rationem
1263 4173 1490 4233 ducens,
1520 4170 1681 4225 sistat
1716 4167 1863 4222 senis
1892 4166 2195 4234 Iacrymas;

630 4283 688 4329 et
709 4277 755 4329 si
781 4273 909 4327 velit
966 4269 1182 4341 quidem
1240 4281 1364 4319 cum
1395 4263 1462 4318 iis
1491 4261 1697 4332 judicio
1748 4255 2077 4313 contendere
2107 4254 2198 4321 qui

632 4366 865 4423 crimina
895 4363 1093 4418 ineunt
1118 4360 1436 4421 intendunt,
1477 4354 1615 4424 apud
1652 4350 1998 4407 sanctitatem
2050 4357 2195 4400 tuam

637 4471 735 4526 pro
772 4469 927 4509 more
956 4453 1147 4523 litiget,
1192 4465 1303 4504 una
1330 4447 1537 4503 scilicet
1562 4440 1942 4499 assistentibus
1967 4438 2059 4509 qui
2105 4437 2196 4491 tibi

633 4550 870 4605 subsunt
922 4543 1197 4616 episcopis
1268 4540 1372 4595 nisi
1413 4538 1553 4592 forte
1612 4536 1824 4604 aliquos
1876 4537 2093 4586 recusat
2141 4540 2196 4582 ut

633 4644 943 4706 suspector.
971 4629 1191 4684 Nullum
1222 4628 1367 4682 enim
1403 4622 1941 4694 religiosissimorum
1982 4619 2190 4687 episco«

633 4738 827 4796 porum
878 4724 932 4777 in
991 4722 1215 4774 fratrem
1263 4714 1487 4769 inimico
1518 4727 1644 4768 esse
1683 4712 1866 4765 animo
1898 4707 2195 4762 credimus.

634 4812 714 4869 Ne
746 4821 931 4867 autem
961 4809 1048 4864 hic
1095 4814 1387 4879 prmtextus
1434 4803 1677 4857 futurum
1733 4801 1800 4854 de
1836 4814 1902 4852 eo
1931 4797 2198 4867 judicium

634 4906 920 4970 dissolvat,
952 4911 1014 4958 ut
1062 4915 1170 4955 nou
1208 4898 1328 4969 jure
1359 4892 1559 4951 factum
1592 4880 1725 4948 esse)
1768 4890 2036 4952 videatur,
2090 4901 2197 4939 non

636 5012 797 5069 grave
828 5004 911 5051 est
958 5012 988 5048 a
1042 5005 1305 5048 consessu
1362 4989 1556 5043 abesse
1596 5001 1785 5042 eorum
1827 4983 1921 5056 qui
1962 4979 2197 5052 suspecti

638 5096 765 5144 sunt
800 5087 1033 5156 aliquos.

709 5249 765 5303 ’5.
786 5241 1419 5301 Renuntiationisautcm
1438 5235 1647 5291 libellos
1675 5248 1782 5288 non
1806 5246 1902 5286 sua
1925 5228 2202 5283 voluntate

640 5339 739 5395 sed
770 5337 933 5391 veluti
965 5335 1015 5389 vi
1047 5350 1110 5388 ac
1146 5340 1316 5397 metu,
1355 5338 1411 5383 et
1453 5328 1758 5396 aliquorum
1808 5321 2051 5377 miuisse
2089 5333 2200 5372 tra-

639 5431 848 5486 didisse
877 5426 1027 5482 dicit.
1055 5423 1175 5480 Jaui
1212 5438 1341 5478 vero
1362 5421 1468 5474 alia
1487 5433 1704 5490 quoque
1731 5431 1821 5470 res
1848 5423 2086 5481 est.quae
2108 5428 2199 5465 ec-

638 5519 960 5579 clesiasticae
988 5515 1373 5574 consuetudini
1418 5529 1526 5567 non
1559 5512 1753 5580 placet,
1794 5507 1989 5562 oll‘erre
2019 5521 2199 5559 sacer-

635 5611 792 5666 dotes
826 5608 1040 5678 aliquos
1096 5600 1516 5660 renuntiationis
1546 5598 1780 5653 libellos.
1830 5594 1962 5649 Nam
1995 5592 2040 5647 si
2074 5601 2202 5645 sunt

634 5698 785 5769 digni
813 5697 905 5767 qui
955 5707 1110 5751 sacra
1155 5690 1418 5762 mysteria
1450 5687 1670 5748 obeant,
1697 5685 1751 5739 in
1802 5684 1870 5738 iis
1902 5696 2198 5743 maneant;

634 5791 719 5845 sin
739 5799 917 5844 autem
945 5784 1177 5857 indigni,
1201 5795 1302 5839 nec
1335 5795 1432 5852 per
1486 5775 1943 5835 rcnuutiationcm
1978 5772 2198 5843 quidem

2299 3290 2623 3359 ἠδικημένον
2651 3304 2665 3319 ο
2693 3290 2726 3359 ἢ
2758 3286 2888 3354 γοῦν
2908 3284 3192 3355 ἐλεύθερον
3231 3283 3583 3352 ἀποφήνασα,
3613 3279 3685 3343 ὡς
3706 3279 3838 3331 πάλιν

2300 3382 2471 3435 ἐδίδου
2519 3379 2580 3432 τὸ
2623 3378 2954 3449 προεστάναι
3003 3376 3102 3445 τῆς
3158 3374 3512 3443 Ἐκκλησίας,
3545 3372 3581 3441 ἡ
3633 3372 3720 3424 καὶ
3756 3368 3838 3421 ὑπὸ

2298 3475 2458 3543 χεῖρα
2511 3471 2701 3539 γέγονε
2754 3468 2853 3537 τὴν
2896 3466 3060 3520 αὑτοῦ
3108 3482 3123 3495 ο
3178 3464 3390 3527 οὐδενὸς
3434 3463 3498 3516 δὲ
3548 3458 3838 3531 πεπραγμέ-

2232 3588 2239 3597 ι
2299 3580 2390 3616 νου
2408 3559 2647 3614 τοιούτου
2680 3598 2697 3625 ,
2763 3557 3006 3627 καταϐοᾷ
3066 3554 3160 3608 τοῦ
3229 3554 3561 3625 πράγματος
3597 3592 3613 3619 ,
3659 3550 3838 3604 ἀδικίαν

2298 3654 2569 3724 ἀφόρητον
2607 3648 2902 3720 ὑποστῆναί
2957 3663 3111 3719 φησι,
3161 3646 3257 3700 καὶ
3304 3646 3565 3711 ἀθέσμως
3615 3640 3839 3708 ἐκϐεϐλῆ-

2303 3747 2473 3810 σθαι,
2517 3742 2878 3814 προσεπάγων
2943 3741 3024 3794 ὅτι
3089 3740 3183 3793 καὶ
3238 3736 3502 3810 ἡρπάσθη
3567 3735 3734 3789 πάντα
3784 3732 3839 3785 τά

2301 3836 2452 3906 αὐτῷ
2493 3833 2842 3905 προσήκοντα
2868 3832 3150 3902 χρήματα.
3182 3831 3249 3883 Ἦ
3278 3830 3345 3900 σὴ
3393 3827 3683 3897 τοιγαροῦν
3720 3825 3837 3878 ὁσιό-

2297 3943 2397 3998 της
2447 3924 2699 3979 ἐννοοῦσα
2729 3922 2909 3976 καὶτὸ
2939 3923 3051 3984 τοῖς
3104 3919 3269 3981 θείοις
3315 3917 3508 3972 κανόσι
3549 3915 3744 3978 δοκοῦν,
3765 3913 3837 3964 nl

2297 4020 2359 4072 τὸ
2388 4018 2598 4088 πρέπον
2652 4013 2948 4084 Ἐκκλησία
2973 4011 3067 4065 καὶ
3100 4012 3211 4072 τοῖς
3234 4008 3590 4079 τεταγμένοις
3619 4009 3693 4069 εἰς
3718 4003 3837 4074 ἱερὰν

2298 4109 2663 4178 λειτουργίαν,
2690 4104 2771 4157 ἔτι
2799 4120 2859 4156 τε
2900 4102 3035 4172 πρὶς
3075 4099 3286 4162 τούτοις
3318 4102 3413 4151 καὶ
3441 4100 3511 4152 τὰ
3545 4097 3672 4169 παρ’
3708 4094 3835 4166 ἡμῶν

2297 4202 2678 4273 δυσωπηθεῖσα
2734 4199 3057 4270 γράμματα,
3110 4194 3362 4265 στησάτω
3411 4193 3511 4247 τοῦ
3566 4190 3834 4264 πρεσϐύτου

2297 4299 2359 4353 τὸ
2380 4299 2631 4369 δάκρυον.
2672 4296 2783 4348 Καὶ
2808 4295 2857 4346 εἰ
2892 4292 2988 4363 μὲν
3015 4291 3189 4344 ἕλοιτο
3218 4287 3550 4343 δικάσασθαι
3586 4286 3713 4359 πρὸς
3736 4284 3835 4344 τοὺς

2300 4390 2606 4456 ἐπάγοντας
2632 4384 2782 4456 αὑτῷ
2809 4385 2905 4447 τὰς
2929 4381 3128 4444 αἰτίας,
3163 4379 3467 4442 δικαζέσθω
3493 4379 3636 4433 κατά
3656 4378 3709 4430 τὸ
3734 4376 3835 4427 εἰω-

2229 4494 2274 4550 D
2304 4480 2392 4542 θὸς
2425 4479 2520 4531 ἐπὶ
2544 4478 2640 4547 τῆς
2669 4478 2767 4545 σῆς
2820 4473 3149 4536 θεοσεϐείας,
3200 4471 3601 4542 συμπαρόντων
3631 4465 3833 4539 δηλονότι

2297 4570 2404 4625 τῶν
2429 4570 2533 4623 ὑπὸ
2552 4570 2651 4639 τὴν
2677 4568 2845 4638 αὐτῆς
2869 4568 3029 4637 χεῖρα
3050 4563 3495 4617 θεοσεϐεστάτων
3514 4558 3803 4613 ἐπισκόπων
3822 4568 3833 4582 ⁸

2299 4663 2478 4728 ἐκτὸς,
2515 4664 2565 4715 εἰ
2597 4661 2672 4732 μὴ
2697 4658 3014 4729 παραιτοῐτό
3041 4673 3193 4719 τινας
3221 4653 3297 4718 ὡς
3327 4654 3608 4714 ὑπόπτους
3643 4666 3658 4682 ν
3681 4646 3836 4700 οὐδένα

2304 4755 2404 4826 μὲν
2436 4754 2545 4826 γὰρ
2585 4753 2692 4805 τῶν
2714 4750 3146 4804 θεοσεϐεστάτων
3182 4746 3500 4801 ἐπισκόπων
3534 4740 3697 4814 ἐχθρά
3732 4753 3837 4807 φρο-

2299 4850 2410 4901 νεῖν
2445 4843 2659 4915 ἀδελφῷ
2689 4841 3038 4913 πιστεύομεν.
3065 4840 3184 4894 Ἰνα
3223 4839 3280 4892 δὲ
3307 4838 3383 4908 μὴ
3413 4836 3682 4908 πρόφασις
3723 4828 3836 4895 αὕτη

2300 4939 2526 5008 γένηται
2563 4936 2660 5005 τὴν
2685 4933 2951 5004 ἐσομένην
2975 4932 3062 4985 ἐπ’
3090 4931 3240 5001 αὐτῷ
3274 4930 3456 5001 κρίσιν
3488 4923 3837 4998 παραλύουσα,

2301 5029 2439 5103 πρὸς
2470 5029 2530 5082 τὸ
2561 5028 2638 5099 μὴ
2669 5028 2727 5081 ὲν
2766 5026 2890 5095 δίκῃ
2922 5022 3253 5091 πεποιῆσθαι
3301 5021 3505 5084 δοκεῖν,
3554 5016 3700 5071 οὐδέν
3743 5016 3836 5067 ἐστι

2300 5124 2364 5177 τὸ
2386 5118 2589 5175 λυποῦν
2612 5120 2832 5173 ἀπεῖναι
2850 5115 2943 5169 τοῦ
2967 5114 3241 5182 συνεδρίου
3259 5113 3371 5166 τῶν
3391 5114 3449 5165 ἐν
3470 5108 3677 5179 ὑποψίᾳ
3695 5104 3837 5164 τινάς.

2370 5220 2417 5283 γ’
2454 5214 2595 5275 Τοὺς
2639 5210 2696 5264 δὲ
2727 5210 2827 5279 τῆς
2870 5208 3255 5277 παραιτήσεως
3283 5201 3584 5267 λιϐἐλλους,
3614 5199 3671 5251 οὐ
3722 5193 3841 5249 κατὰ

2300 5305 2619 5377 προαίρεσιν
2648 5301 2875 5366 οἰκείαν,
2920 5298 3034 5353 ἀλλ’
3075 5298 3151 5360 ὡς
3186 5297 3245 5363 ἐξ
3292 5294 3539 5363 ἀνάγκης
3566 5290 3658 5345 καὶ
3702 5284 3839 5359 φόϐου

2300 5399 2398 5453 καὶ
2417 5397 2515 5467 τῆς
2547 5413 2705 5449 τινων
2726 5393 2985 5461 ἀπειλῆς,
3015 5387 3288 5443 ἐπιδοῦναί
3324 5402 3458 5456 φησι
3487 5398 3501 5413 ο
3535 5382 3632 5436 καὶ
3669 5378 3841 5445 ἑτέρως

2299 5493 2382 5556 δὲ,
2412 5479 2647 5562 πρᾶγμά
2670 5489 2817 5540 ἐστιν
2835 5485 2961 5539 οὔτε
2996 5486 3108 5546 τοῖς
3133 5482 3233 5552 τῆς
3277 5474 3604 5547 Ἐκκλησία;
3637 5470 3841 5543 ἀρέσκον

2301 5584 2542 5654 θεσμοῖς,
2575 5581 2637 5634 τὸ
2664 5578 2941 5640 λιϐἐλλους
2976 5576 3363 5645 παραιτήσεως
3387 5566 3685 5639 προσάγειν
3709 5558 3841 5615 τινὰς

2299 5652 2414 5728 τῶν
2432 5669 2752 5744 ίερουργῶν.
2778 5668 2843 5723 Ei
2883 5667 2992 5737 γάρ
3019 5668 3154 5720 εἰσιν
3181 5664 3323 5731 ἄξιοι
3377 5658 3468 5716 τοῦ
3509 5652 3840 5725 λειτουργεῖν,

2302 5769 2543 5822 ἔστωσαν
2573 5766 2630 5818 ἐν
2656 5762 2830 5833 τούτῳ
2859 5775 2874 5792 ο
2913 5763 2961 5813 εί
2996 5760 3054 5813 δὲ
3099 5756 3307 5821 ἀνάξιοι
3340 5755 3414 5827 μὴ
3451 5752 3561 5807 ἀπὸ
3599 5744 3842 5818 παραιτὴ-
