3994 6400
137 285 223 348 493
842 283 1245 343 SYNTAGMA
1283 283 1760 344 CANONUM.-—
1798 281 1945 345 TIT.
1978 285 2026 358 Ι,
2064 285 2220 345 CAP.
2265 286 2362 359 VI,
2405 283 2536 347 VII.

3244 285 3350 352 494

138 413 252 459 σεως
281 393 554 460 ἐξίτωσαν,
580 395 1022 465 κατεγνωσμένοι
1057 397 1116 449 δὲ
1157 395 1360 468 μᾶλλον
1406 399 1500 450 ἐπὶ
1531 396 1670 468 πρά-

1808 407 1996 462 xcant,
2040 400 2132 454 sed
2169 402 2355 470 potius
2411 411 2630 470 propter
2670 412 2818 472 gesta
2875 404 3248 477 condemnati,
3283 409 3350 462 de

136 505 315 559 γμασιν
349 504 365 518 ’
394 480 470 539 ὧν
497 486 561 540 ἄν
587 504 671 549 τις
704 485 904 554 πολλὴν
937 488 1226 559 ποιήσαιτο
1256 489 1356 559 τὴν
1383 487 1678 559 καταβοὴν,

131 583 193 644 ὡς
218 581 310 644 ἔξω
339 581 638 649 τρεχόντων
672 578 851 645 πάσης
887 579 1231 643 ἀκολουθίας.
1279 579 1550 650 Πρόσειπε
1580 579 1680 650 τὴν

131 671 256 740 παρὰ
284 671 364 722 σοὶ
389 670 743 740 ἀδελφότητα·
775 672 832 722 σε
855 671 888 741 ἡ
910 669 1007 722 σὺν
1036 672 1168 740 ἡμῖν
1197 673 1256 724 ἐν
1283 670 1472 742 Κυρίῳ
1507 685 1678 740 προσ-

131 763 335 834 αγορεύε
346 781 381 817 ι.

136 856 224 908 Τοῦ
274 853 458 907 αὐτοῦ
502 853 570 906 ἐκ
626 850 734 919 τῆς
777 851 924 918 πρὸς
967 851 1036 904 ὲν
1082 852 1265 918 Λιϐύῃ
1318 851 1413 903 καὶ
1457 855 1678 904 Πεντα-

215 933 778 1010 πόλειίὲπισκόπους
809 943 1164 1012 ἐπιστολῆς.
1203 944 1404 997 κανὼν
1451 951 1498 996 α’
1523 953 1572 1012 γ’

110 1048 120 1058 '
186 1046 247 1092 α’.
285 1039 495 1090 Νεωστί
538 1039 922 1112 γεγαμηκότες
955 1036 1121 1100 τινὲς,
1156 1036 1248 1088 καί
1271 1031 1383 1088 οἷον
1409 1035 1468 1100 ἐξ
1498 1037 1676 1091 αὐτῶν

124 1129 432 1193 καταϐάντες
467 1129 572 1184 τῶν
596 1130 920 1200 νυμφώνων,
947 1127 1354 1197 συναρπάζουσί
1387 1145 1539 1190 τινας
1573 1128 1679 1180 τῶν

125 1224 526 1289 θεοφιλεστάτων
554 1224 894 1286 ἐπισκόπων,
929 1221 1023 1272 καὶ
1061 1219 1275 1282 οὐδενὸς
1305 1220 1446 1289 τάχα
1478 1237 1580 1272 που
1612 1222 1681 1274 τὰ

125 1316 228 1367 κατ’
274 1316 469 1378 αὐτοὺς
520 1316 986 1384 ἀπαγγέλλοντος.
1022 1311 1454 1384 χειροτονοῦνται
1491 1313 1678 1384 κληρι·

125 1410 195 1459 κοὶ
224 1409 383 1477 ἤγουν
406 1407 798 1478 πρεσϐύτεροι.

183 1507 243 1566 γ’.
278 1500 493 1570 Ἐπειδὴ
529 1502 712 1552 τοίνυν
759 1501 894 1572 πρὸς
932 1498 1240 1568 οῖκοδομὴν,
1268 1496 1343 1562 ὡς
1378 1497 1534 1569 ἔφην,
1571 1498 1680 1550 τῶν

124 1593 248 1645 λαῶν
273 1595 447 1646 πάντα
481 1595 585 1664 χρὴ
617 1593 954 1662 πράττεσθαι
983 1593 1113 1661 παρ’
1145 1592 1322 1661 ἡμῶν,
1352 1591 1680 1662 ἐπιτηρείτω

124 1683 273 1736 ταῦτα
306 1685 338 1754 ἡ
367 1684 649 1737 θεοσέϐεια
685 1685 858 1752 ὑμῶν,
891 1685 984 1736 καὶ
1017 1685 1066 1736 εἰ
1106 1684 1291 1754 μέλλοι
1322 1701 1404 1746 τις
1438 1701 1680 1754 χειροτο-

126 1777 306 1829 νεῖσθαι
350 1777 636 1846 κληρικὸς,
689 1775 1140 1846 περιεργαζέσθω
1184 1775 1276 1828 τὸν
1319 1775 1432 1846 βίον
1491 1776 1676 1840 αὑτοῦ,

129 1870 207 1918 καὶ
232 1867 451 1938 πότερόν
487 1885 617 1920 ποτε
647 1869 895 1937 γαμετὴν
921 1868 1085 1939 ἔχειῆ
1115 1865 1200 1932 οὒ,
1226 1868 1317 1919 καὶ
1344 1869 1458 1930 πῶς
1486 1869 1518 1938 ἢ
1552 1869 1679 1920 πότε

126 1960 352 2028 ἠγάγετο,
372 1959 468 2012 καὶ
499 1961 547 2012 εἰ
571 1961 862 2029 ἀπέσχετο,
892 1961 986 2012 καὶ
1016 1961 1064 2012 εἰ
1101 1960 1176 2029 μή
1205 1975 1287 2020 τις
1315 1959 1435 2010 ἐστὶ
1459 1959 1564 2012 τῶν
1593 1961 1683 2012 ἐκ·

125 2051 470 2123 ϐεϐλημένων,
513 2052 546 2123 ἢ
584 2054 715 2122 παρ’
751 2054 941 2122 ἐτέρου
994 2050 1420 2104 θεοσεϐεστάτου
1457 2053 1679 2105 ἐπισκό-

127 2146 293 2218 που,ἦ
342 2146 406 2199 ἐκ
470 2146 855 2216 μοναστηρίων
889 2162 900 2174 ⁸
956 2145 1053 2199 καὶ
1101 2144 1223 2198 τότε
1286 2144 1684 2214 χειροτονείτω,

126 2239 417 2310 ἀδιάδλητον
452 2239 772 2309 εὑρεθέντα.
809 2237 1154 2309 Τηρὴσωμεν
1185 2234 1294 2305 γὰρ
1322 2233 1466 2288 οὕτω
1512 2237 1682 2290 καθα-

129 2329 304 2398 ρὸνκαῖ
330 2331 386 2382 τὸ
415 2329 628 2382 ἑαυτῶν
655 2329 914 2392 συνειδὸς,
943 2328 1039 2382 καὶ
1059 2325 1386 2397 ἀδιάϐλητον
1410 2327 1508 2396 τὴν
1537 2327 1685 2397 ἱερὰν

129 2422 204 2473 καὶ
232 2421 423 2492 σεπτὴν
450 2422 823 2492 λειτουργίαν.

209 2535 487 2601 Θεοφίλου
529 2533 598 2587 ἐκ
632 2533 738 2588 τοῦ
774 2535 1234 2604 ὐποιινηστικοῦ
1281 2533 1485 2590 κανὼν
1514 2541 1588 2598 ς’.

188 2623 251 2688 ς’.
281 2625 409 2690 Περὶ
468 2625 582 2677 τῶν
639 2625 969 2694 ὀφειλόντων
1022 2629 1483 2698 χειροτονεῖσθαι,
1534 2619 1688 2688 οὗτος

130 2717 246 2769 ἔστω
275 2718 435 2782 τύπος
456 2733 471 2748 ⁸
505 2718 584 2782 ὥς
621 2735 682 2771 τε
715 2721 822 2772 πᾶν
852 2719 914 2772 τὸ
957 2719 1220 2790 ίερατεῖον
1252 2720 1562 2790 συμφωνεῖν
1599 2719 1691 2770 καὶ

132 2810 392 2877 αἱρεῖσθαι,
433 2811 532 2864 καὶ
567 2811 689 2864 τότε
743 2813 835 2866 τὸν
884 2811 1184 2866 ἐπίσκοπον
1220 2812 1568 2882 δοκιμάζειν·
1597 2811 1691 2863 καὶ¹

132 2903 474 2966 σίναινοῦντος
530 2903 682 2974 αὐτῷ
744 2904 839 2958 τοῦ
902 2906 1208 2976 ίερατείου,
1254 2906 1579 2976 χειροτονεῖν
1633 2905 1692 2956 ἐν

135 2993 253 3065 μέσῃ
286 2999 348 3065 τῇ
394 2995 687 3066 ἐκκλησίᾳ,
721 2994 992 3064 παρόντος
1019 2995 1114 3048 τοῦ
1145 2995 1276 3048 λαοῦ
1306 2997 1400 3049 καὶ
1430 3011 1691 3066 προσφω-

1784 490 1985 558 quibus
2012 491 2302 560 quisquam
2326 501 2661 560 conquestus
2696 491 2858 546 fuerit
2908 493 2981 546 uti
3015 508 3044 547 a
3079 504 3228 550 recto
3262 512 3354 549 or-

1783 585 1912 639 dine
1948 585 2352 641 aberrantibus.
2391 585 2576 641 Saluta
2617 585 3012 641 fraternitatem
3046 605 3168 657 qua:
3209 587 3354 660 apud

1782 682 1834 729 te
1884 684 1968 730 est
2010 694 2024 744 ;
2066 692 2188 746 qua:
2227 686 2310 732 est
2364 679 2504 748 apud
2566 693 2689 745 nos,
2733 688 2784 733 te
2821 679 2877 733 in
2920 679 3149 734 Domino
3210 681 3358 736 salue

1783 775 1882 822 tat.

1786 858 2043 928 Ejusdem
2071 861 2308 928 epistolm
2342 861 2410 914 ad
2445 861 2712 930 episcopos
2743 862 2832 930 qni
2872 871 2993 914 sunt
3016 862 3071 915 in
3099 861 3266 932 Libya
3309 871 3359 917 et

2220 955 2524 1023 Pentapoli.
2551 971 2776 1008 canones
2811 957 2861 1020 1,
2895 956 2948 1009 5.
3071 966 3074 970 ’

1854 1047 1905 1101 1.
1943 1047 2174 1113 Quidam
2204 1048 2299 1116 qui
2342 1062 2541 1100 uxores
2571 1057 2815 1101 recenter
2849 1048 3138 1112 duxerunt,
3175 1056 3229 1101 et
3293 1061 3360 1102 ex

1785 1139 1922 1209 ipsis
1953 1139 2118 1192 veluti
2181 1138 2440 1193 thalamis
2481 1139 2710 1210 egressi,
2739 1135 2954 1208 aliquos
2978 1153 3045 1193 ex
3073 1140 3361 1194 sanctissi-

1783 1231 1886 1284 mis
1911 1231 2184 1299 episcopis
2219 1230 2512 1298 arripiunt,
2562 1239 2616 1283 et
2653 1229 2801 1282 nullo
2831 1232 2896 1283 de
2921 1229 3002 1283 eis
3055 1230 3244 1298 utique
3269 1245 3360 1286 re—

1784 1325 2092 1385 nuntiante,
2128 1321 2456 1376 ordiuantur
2489 1319 2677 1396 clerici
2709 1335 2803 1375 seu
2845 1320 3146 1391 presbyteri

1854 1496 1903 1550 1.
1927 1497 2194 1563 Quoniam
2227 1513 2359 1568 ergo
2390 1497 2456 1552 ad
2484 1497 2923 1562 mdilicationem,
2943 1498 3155 1561 utdixi,
3192 1514 3362 1568 popu-

1781 1589 1983 1656 lorum,
2010 1591 2190 1643 omnia
2223 1589 2380 1662 45³
2417 1590 2577 1646 nobis
2621 1590 2866 1645 facienda
2902 1599 3063 1650 sunt.
3100 1592 3215 1645 haec
3267 1607 3360 1643 ve-

1783 1694 1894 1735 stra
1931 1684 2185 1737 observet
2213 1685 2407 1752 pictas,
2443 1693 2498 1739 et
2536 1684 2583 1738 si
2641 1692 2726 1738 est
2756 1683 2972 1752 quidem
3029 1682 3362 1736 ordinandus

1785 1776 2039 1841 rlcricus,
2065 1777 2133 1830 de
2164 1777 2270 1831 vita
2296 1777 2416 1846 ejus
2470 1776 2729 1845 inquirat,
2766 1784 2822 1829 et
2856 1791 2924 1828 an
2977 1790 3200 1828 uxorem
3261 1775 3361 1830 ha-

1785 1869 1926 1933 beat,
1958 1885 2165 1932 annon,
2215 1879 2268 1923 et
2317 1884 2556 1938 quonam
2582 1869 2744 1922 modo
2773 1868 2948 1930 duxit,
2981 1878 3033 1921 et
3074 1867 3358 1930 abstinuit,

1783 1966 1836 2011 et
1861 1958 1908 2011 si
1937 1973 2044 2012 non
2070 1967 2154 2012 est
2181 1958 2381 2027 aliquis
2411 1973 2476 2012 ex
2503 1959 2569 2013 iis
2599 1958 2691 2028 qui
2711 1958 2868 2027 ejecti
2895 1969 3020 2012 sunt
3058 1973 3088 2012 a
3118 1957 3356 2012 sanctis-

1783 2047 1924 2102 simo
1955 2047 2218 2117 episcopo
2274 2048 2357 2101 vel
2407 2063 2472 2102 ex
2505 2048 2840 2102 monasterio
2885 2065 2898 2102 :
2935 2058 3064 2103 tunc
3088 2049 3135 2102 si
3185 2047 3362 2102 incul-

1784 2147 1942 2208 patus
1978 2140 2234 2196 inventus
2262 2140 2448 2207 fuerit,
2484 2141 2719 2196 ordinet.
2760 2142 2835 2195 Ita
2859 2142 3004 2195 enim
3039 2151 3091 2196 et
3116 2150 3361 2196 nostram

1786 2231 2178 2285 conscientiam
2216 2248 2409 2302 puram
2435 2233 2910 2296 conservabimus,
2944 2242 2997 2286 et
3029 2233 3364 2302 inculpatum

1787 2339 2004 2378 sacrum
2037 2340 2104 2379 ac
2133 2325 2450 2380 venerabile
2477 2329 2827 2396 mysterium.

2100 2522 2375 2592 Theophili
2405 2526 2792 2580 commonitorii
2812 2541 2982 2578 canon
3009 2525 3058 2578 6.

1865 2613 1916 2667 6.
1952 2613 2023 2667 De
2051 2614 2120 2669 iis
2147 2617 2235 2684 qui
2267 2617 2564 2672 ordinandi
2597 2627 2724 2672 sunt
2746 2618 2860 2671 haec
2887 2617 2992 2670 erit
3033 2615 3210 2668 forma
3243 2633 3257 2669 :
3294 2613 3366 2669 Ut

1792 2707 2054 2776 quidquid
2083 2716 2166 2761 est
2215 2709 2572 2762 sacerdotalis
2610 2708 2822 2762 ordinis
2854 2709 3159 2762 consentiat
3189 2715 3242 2760 et
3267 2705 3372 2758 eli-

1795 2807 1914 2867 gat;
1952 2808 2004 2850 et
2035 2806 2164 2851 tunc
2186 2798 2476 2867 episc0pns
2495 2800 2788 2860 examinet,
2814 2798 2895 2852 vel
2918 2796 2967 2851 ei
2991 2798 3154 2850 etiam
3180 2811 3372 2850 assen-

1797 2891 1962 2943 tiente
1981 2891 2305 2943 sacerdmali
2335 2891 2528 2944 ordine
2577 2893 2628 2944 in
2663 2891 2836 2943 media
2864 2891 3096 2945 ecclesia
3133 2891 3371 2953 ordinet,

1796 2994 2060 3051 preesente
2105 2982 2322 3050 populo,
2357 2983 2405 3035 el
2438 2983 2698 3051 episcOpo
2727 2983 3060 3051 alloquente,
3090 2998 3158 3036 an
3199 2984 3366 3035 etiam

133 3085 316 3150 νοῦντος
362 3088 455 3141 τοῦ
507 3089 838 3152 ἐπισκόπου,
867 3090 915 3142 εἰ
945 3089 1041 3142 καὶ
1070 3088 1100 3140 ό
1135 3087 1263 3150 λαὸς
1283 3087 1506 3142 δύναται
1542 3085 1689 3156 αὑτῷ

1805 3075 1969 3144 possit
1995 3076 2041 3129 ei
2075 3077 2310 3144 populus
2342 3076 2483 3130 ferre
2515 3077 2910 3130 testimonium.
2959 3074 3244 3131 Ordinatio
3271 3091 3374 3129 au-

136 3183 402 3251 μαρτυρεῖν
442 3181 757 3252 χειροτονία
791 3182 846 3234 δὲ
878 3181 1151 3253 λαθραίως
1185 3181 1260 3252 μὴ
1298 3180 1530 3249 γινέσθω
1552 3197 1564 3210 ·
1593 3180 1691 3247 τῆς

134 3272 224 3342 γὰρ
262 3271 587 3344 Ἐκκλησίας
639 3275 863 3344 εἰρήνην
918 3273 1181 3342 ἐχούσης,
1216 3273 1418 3343 πρέπει
1472 3273 1692 3325 πάντων

133 3360 222 3412 τῶν
248 3363 405 3430 ἁγίων
441 3365 545 3426 τὰς
583 3365 918 3434 χειροτονίας
947 3365 1040 3416 ἐπὶ
1067 3363 1166 3433 τῆς
1212 3363 1507 3434 ἐκκλησίας
1549 3363 1698 3430 γίνε-

137 3453 257 3508 σθαι.
307 3456 391 3508 Ἐν
435 3456 493 3509 δὲ
541 3459 610 3527 τῇ
658 3457 864 3526 ἐνορίᾳ,
891 3457 940 3508 εί
986 3456 1084 3526 μὲν
1116 3455 1550 3525 κοινωνήσαντες
1585 3453 1694 3505 εἰσί

136 3561 254 3609 τινες
283 3552 394 3610 ταῖς
433 3547 547 3600 τῶν
599 3547 1046 3617 κοινωνησάντων
1107 3545 1378 3616 γνώμαις,
1426 3546 1502 3616 μὴ
1546 3545 1696 3598 ἄλλοι

137 3640 644 3706 χειροτονείσθωσαν,
676 3637 813 3692 ἀλλὰ
851 3638 961 3692 τῶν
987 3637 1204 3709 ἀληθῶς
1228 3636 1526 3708 όρθοδόξων
1559 3636 1693 3706 κλη-

138 3732 280 3795 ρικῶν
321 3733 758 3803 ῶγματιζὸντων
782 3772 796 3793 ,
832 3731 1098 3801 παρόντος
1142 3731 1304 3784 πάλιν
1335 3729 1430 3782 τοῦ
1471 3727 1698 3781 ἐπισκό-

140 3839 241 3884 που,
268 3826 353 3878 καὶ
383 3823 838 3897 προσφωνοῦντος
876 3821 1144 3892 παρόντος
1175 3820 1272 3873 τοῦ
1317 3819 1447 3875 λαοῦ
1487 3819 1648 3888 μόνον
1679 3858 1694 3884 ,

141 3913 209 3966 ἵνα
232 3917 296 3984 μὴ
335 3917 645 3988 περιδρομή
679 3931 762 3978 τις
792 3914 1030 3985 γίνηται.

198 4006 388 4059 Βιϐλίον
433 4013 504 4062 α’.
550 4008 658 4060 τίτ.
689 4004 761 4074 γ’.
789 4004 928 4059 διάτ.
971 4005 1060 4076 ιβ’,
1095 4004 1138 4058 λ’
1187 4005 1296 4076 μβ’,
1329 4005 1436 4075 μζ’.
1471 4004 1570 4076 νβ’.
1603 4005 1696 4056 καὶ

140 4083 224 4137 τίς.
250 4084 292 4136 α’
334 4087 437 4138 τῶν
471 4085 711 4157 νεαρῶν,
753 4085 895 4139 διάτ.
924 4082 992 4150 α’,
1027 4086 1094 4154 β’,
1133 4084 1218 4149 ιζ’.
1255 4085 1424 4157 νεαρὰ
1456 4091 1531 4148 ς’,
1564 4081 1695 4154 ρλζ’.

196 4177 316 4245 Περὶ
371 4179 464 4230 τοῦ
532 4180 610 4249 μὴ
655 4179 851 4250 χρῆναι
892 4180 1003 4241 τοῖς
1032 4176 1208 4247 ὄχλοις
1235 4175 1550 4247 ἐπιτρέπειν
1587 4175 1697 4228 τῶν

143 4267 300 4336 ἱερέων
331 4271 611 4343 ἐπιλογήν.

198 4362 425 4417 ΚΕΦΑΑ.
459 4363 534 4418 Z'.
574 4393 641 4404 -—-
681 4362 952 4417 Συνόδου
991 4359 1343 4426 Λαοδικείας
1369 4361 1572 4414 κανὼν
1600 4366 1693 4427 ιγ’.

1803 3175 1907 3220 tem
1945 3183 2050 3221 non
2091 3168 2183 3221 ﬁat
2212 3168 2545 3222 clanculum.
2575 3169 2815 3224 Ecclesia
2849 3169 2995 3224 enim
3049 3183 3238 3238 pacem
3273 3169 3376 3222 ha-

1800 3261 1962 3314 bente
2006 3263 2160 3314 ιιεοιι,
2196 3261 2564 3329 praesentibus
2592 3263 2797 3316 sanctis
2841 3262 3216 3316 ordinationes
3261 3260 3376 3314 ﬁeri

1799 3353 1851 3406 in
1883 3352 2150 3406 ecclesiis.
2177 3352 2236 3405 In
2271 3353 2491 3421 regione
2518 3363 2699 3406 autem
2739 3354 2784 3408 si
2814 3354 2906 3420 qui
2939 3355 3070 3415 sint,
3098 3354 3192 3423 qui
3228 3367 3380 3406 com-

1799 3443 2195 3497 municantium
2228 3443 2426 3497 animis
2460 3443 3029 3507 communicaverint;
3063 3459 3170 3496 non
3221 3443 3380 3497 aliter

1796 3536 2142 3596 ordinentur,
2165 3550 2329 3604 quam
2365 3535 2455 3594 iis.
2483 3535 2574 3603 qui
2607 3543 2750 3588 sunt
2772 3551 2894 3588 vere
2927 3535 3218 3587 orthodoxi
3265 3535 3380 3588 cle-

1799 3629 1920 3694 rici,
1950 3628 2417 3690 cxaminantibus,
2447 3635 2716 3695 przesente
2769 3641 2959 3680 rursus
2980 3626 3262 3693 episcopo,
3323 3631 3380 3678 et

1801 3731 2130 3791 prmsentcm
2162 3721 2420 3790 populum
2452 3721 2786 3790 alloquente,
2829 3733 2896 3773 ne
2932 3719 3231 3773 intercedat
3274 3715 3380 3770 ali-

1799 3831 1904 3885 qua
1938 3813 2358 3869 circumventio.

1876 3994 2089 4048 Textus.
2152 3993 2272 4047 Lib.
2339 3993 2464 4048 cod.
2496 3992 2547 4052 1.
2579 3992 2664 4047 tit.
2717 3993 2772 4055 5,
2805 3989 3026 4046 constit.
3061 3989 3147 4053 I2,
3175 3986 3266 4050 '50,
3288 3985 3380 4054 42,

1801 4084 1890 4146 47,
1924 4083 2026 4144 52,
2067 4091 2118 4135 et
2156 4084 2240 4135 tit.
2293 4081 2315 4135 1
2355 4081 2700 4135 Novellarum
2729 4078 2954 4134 constit.
2980 4078 3034 4139 1,
3071 4075 3106 4129 2
3134 4086 3186 4131 et
3221 4075 3305 4129 17.

1873 4174 2204 4227 Electionem
2238 4172 2582 4227 sacerdotum
2617 4171 2946 4240 promiscua:
2987 4167 3124 4236 plebi
3158 4165 3385 4236 permit-

1802 4265 2017 4320 tendam
2063 4282 2168 4318 non
2201 4279 2343 4318 esse.

1854 4356 1966 4428 46
1991 4357 2142 4412 CAP.
2196 4355 2310 4410 Vll.
2339 4385 2407 4394 ——
2439 4353 2666 4409 Concilii
2712 4351 2998 4406 Lnodiceni
3043 4367 3212 4404 canon
3248 4350 3334 4404 15.

145 4461 214 4520 ιγ.
271 4457 403 4526 Περὶ
452 4455 564 4510 τοῦ
609 4455 695 4526 μὴ
758 4455 882 4521 τοῖς
941 4454 1150 4524 ὄχλοις
1195 4451 1536 4520 ἐπιτρέπειν
1594 4452 1689 4517 τὰς

1805 4450 1890 4503 15.
1937 4447 2126 4500 Turbis
2177 4463 2279 4499 non
2315 4462 2425 4499 esse
2469 4442 2898 4514 permittendum,
2936 4458 3114 4495 eorum
3139 4442 3228 4510 qui
3261 4448 3383 4494 sunt

138 4547 361 4617 ἐκλογὰς
425 4549 728 4604 ποιεῖσθαι
803 4547 924 4601 τῶν
1003 4547 1357 4616 μελλόντων
1419 4545 1698 4600 καθίστα-

139 4643 252 4693 σθαι
280 4646 359 4708 εἰς
379 4644 695 4711 ἱερατείαν.

228 4733 483 4786 Συνόδου
529 4732 780 4797 Νικαίας
818 4729 882 4782 τὸ
922 4729 1203 4797 δεύτερον
1249 4727 1451 4782 κανὼν
1491 4733 1560 4795 γ’.

196 4824 255 4883 γ’.
287 4821 466 4873 Πᾶσαν
497 4821 682 4889 ψῆφον
712 4819 1006 4890 γινομένην
1047 4819 1199 4888 παρὰ
1247 4819 1544 4889 ἀρχόντων.
1574 4820 1696 4870 ἐπι-

143 4908 335 4974 σκόπου,
377 4912 410 4980 ἢ
461 4912 860 4982 πρεσϐυτέρου,
894 4911 926 4980 ἢ
969 4911 1239 4976 διακόνου,
1272 4911 1475 4981 ἄκυρον
1513 4909 1699 4979 μένειν

143 5004 255 5054 κατὰ
293 5005 379 5055 τὸν
429 5005 636 5057 κανόνα
665 5004 754 5056 τὸν
787 5003 1048 5071 λέγονταο
1083 5003 1147 5055 Εἰ
1175 5019 1258 5065 τις
1280 5001 1578 5062 ἐπίσκοπος
1610 5017 1702 5052 κο-

144 5097 325 5158 σμικοῖς
371 5095 604 5166 ἄρχουσι
653 5097 1020 5166 χρησάμενος,
1061 5093 1128 5146 δι’
1171 5092 1353 5147 αὐτῶν
1397 5090 1698 5162 ἐκκλησίας

143 5180 370 5251 γένηται,
414 5184 820 5256 καθαιρείσθωο
855 5186 950 5237 καὶ
996 5183 1442 5254 ἀφοριζέσθωσαν
1501 5181 1594 5233 καὶ
1650 5180 1697 5232 οἱ

142 5277 493 5341 κοινωνοῦντες
541 5276 691 5348 αὑτῷ
743 5277 965 5338 πάντες.
1002 5277 1094 5328 Δεῖ
1139 5275 1248 5344 γὰρ
1293 5273 1383 5326 τὸν
1436 5271 1700 5343 μέλλοντα

145 5368 538 5433 προὸιὸαζεσθαι
568 5372 648 5434 είς
674 5370 1000 5440 ἐπισκοπὴν,
1039 5367 1144 5421 ὑπὸ
1179 5367 1496 5419 ἐπισκόπων
1530 5363 1698 5433 ψηφεο

144 5455 338 5523 ζετθαι,
389 5461 574 5524 καθὼς
627 5463 778 5532 παρὰ
818 5461 930 5514 τῶν
970 5461 1142 5529 ἁγίων
1191 5458 1450 5529 Πατέρων
1500 5455 1610 5509 τῶν
1641 5458 1698 5506 ἐν

144 5546 322 5622 Νικαία
351 5553 582 5624 ὥρισται
613 5555 670 5607 ἐν
701 5552 780 5623 τῷ
812 5552 996 5605 κανόνι
1033 5549 1112 5622 τῷ
1139 5551 1389 5619 λέγοντι,
1441 5547 1692 5600 Ἐπίσκοο

145 5651 228 5692 κεν
251 5646 532 5715 προσήκει,
565 5664 618 5700 κ.
643 5663 693 5699 τ.
725 5645 776 5700 λ.

201 5747 243 5778 ⁸³
275 5749 405 5807 Cau.
442 5755 504 5808 ’51
543 5757 770 5824 apostol.
861 5756 904 5786 "
947 5753 1082 5810 Can.
1112 5755 1165 5808 4.

1805 4544 1858 4595 in
1883 4541 2178 4595 sacerdotio
2217 4539 2569 4594 constituendi
2604 4536 2909 4590 electionem
2941 4535 3133 4604 facere.

2163 4714 2389 4769 Concilii
2436 4711 2644 4765 Nicwni
2682 4727 2743 4774 ιι,
2778 4728 2946 4764 canon
2976 4711 3032 4766 3.

1879 4808 1930 4860 5.
1974 4807 2204 4861 Omnem
2253 4801 2572 4856 electionem
2604 4818 2726 4871 qua:
2764 4804 2823 4854 tit
2870 4817 2899 4854 a
2952 4799 3384 4870 magistratibus,

1810 4898 2076 4968 episc0pi,
2109 4896 2192 4950 vel
2248 4895 2570 4966 presbyteri,
2609 4894 2692 4947 vel
2725 4893 2965 4959 diaconi,
3014 4894 3220 4947 irritam
3267 4907 3388 4945 ma-

1813 5005 1965 5051 nere,
2020 5005 2084 5042 ex
2145 5003 2356 5042 canone
2411 4987 2625 5041 dicente
2673 5003 2688 5040 :
2745 4987 2800 5040 Si
2842 4986 2968 5055 quis
3034 4983 3386 5054 episcopus”

1813 5081 2172 5135 saecularibus
2199 5079 2621 5150 magistratibus
2657 5093 2810 5143 usus,
2841 5093 2935 5147 per
2963 5092 3059 5132 eos
3097 5074 3384 5130 ecclesiam

1812 5169 2135 5234 obtinuerit,
2196 5169 2506 5238 deponatur
2562 5175 2618 5221 et
2674 5177 3010 5236 segregetur,
3075 5174 3130 5218 et
3194 5177 3388 5218 omnes

1808 5264 1903 5333 qui
1938 5279 2063 5318 cum
2112 5278 2176 5317 eo
2207 5261 2636 5317 communicant.
2674 5258 2900 5331 Oportet
2948 5258 3095 5313 enim
3135 5272 3259 5311 eum
3295 5272 3386 5325 qui

1805 5367 1889 5411 est
1945 5355 2354 5427 promovendus
2421 5355 2487 5408 ad
2543 5355 2920 5424 episc0patum
2991 5352 3058 5405 ab
3115 5350 3389 5422 episcopis

1804 5451 1950 5520 eligi,
2011 5447 2474 5518 quemadmodum
2534 5461 2565 5500 a
2620 5445 2828 5499 sanctis
2878 5443 3131 5499 Patribus
3193 5439 3388 5495 Nicaea:

1804 5541 2083 5594 decretum
2117 5548 2204 5592 est
2251 5539 2305 5592 in
2363 5552 2598 5598 canone,
2636 5536 2728 5604 qui
2779 5534 3002 5598 dicit“;
3057 5531 3381 5601 Episcopum

1807 5642 2043 5702 oportet,
2075 5642 2206 5696 etc.,
2243 5641 2296 5683 ut
2328 5647 2449 5701 pag.
2483 5629 2605 5683 467.
