3908 6296
574 299 681 365 495

1732 289 1990 354 ΡΗΟΤΣΙ
2028 289 2529 352 PATRIARCHIE
2570 289 2678 352 ΟΡ.

3708 293 3799 359 49ῦ

637 410 791 467 CAP.
827 409 968 477 VIII.
997 440 1067 452 ο-
1108 408 1246 476 Quid
1299 409 1344 463 si
1389 409 1609 464 exsistat
1670 407 2023 461 contradictio
2083 406 2136 457 in

2316 405 2561 478 ΚΕῨΑΛ.
2606 406 2672 460 Η.
2709 434 2775 478 —-_
2808 402 2943 478 nep}
2991 401 3102 478 τῆς
3140 401 3453 478 γινομένης
3476 405 3796 478 armaria;

563 485 793 555 episcopi
826 483 1153 536 ordinatione
1177 482 1203 535 ?

881 574 1111 630 Concilii
1144 572 1478 638 Antiocheni,
1515 586 1685 625 canon
1734 569 1823 626 19.

638 664 728 720 19.
764 662 1066 733 Episc0pus
1112 677 1181 716 ne
1218 660 1524 724 ordinetur,
1566 670 1672 715 etc.
1695 697 1711 723 ,
1753 669 1813 713 ut
1852 673 1977 730 pag.
2013 656 2140 713 475.

824 754 1049 812 Concilii
1094 752 1543 823 Carthaginensis,
1592 768 1764 806 canon
1806 751 1896 807 50.

566 848 711 917 Quot
750 848 878 901 addi
932 846 1149 901 debeant
1214 843 1443 915 episcopi
1488 858 1703 896 numero
1752 842 2144 906 ordinatorum,

638 943 685 995 si
716 941 779 994 de
816 938 1113 993 ordinando
1141 938 1380 1007 episcopo
1407 935 1566 1006 fuerit
1595 934 2001 989 contradictum.

645 1116 735 1171 50.
770 1114 875 1170 Sed
897 1124 951 1171 et
975 1113 1106 1169 illud
1127 1120 1211 1170 est
1233 1112 1578 1170 statuendum
1595 1114 1640 1145 ⁸³
1674 1110 1810 1183 (16),
1838 1119 1897 1167 ιιι
1924 1108 2148 1182 quando

568 1209 636 1264 ad
683 1206 992 1277 eligendum
1046 1206 1365 1276 episcopum
1424 1205 1890 1271 convenerimus,
1943 1203 1990 1259 si
2038 1215 2148 1273 qua

568 1297 926 1353 contradictio
960 1293 1127 1350 fuerit
1161 1295 1373 1360 oborta,
1409 1296 1537 1365 quia
1570 1294 1697 1348 talia
1749 1301 1978 1348 tractata
2020 1297 2150 1347 sunt

569 1390 715 1459 apud
748 1402 873 1453 nos,
905 1401 1015 1441 non
1046 1394 1382 1457 praesumant
1409 1385 1516 1457 47
1543 1385 1611 1439 ad
1634 1383 1979 1455 purgandum
2021 1396 2146 1438 eum

572 1480 665 1551 qui
682 1479 1020 1534 ordinandus
1037 1488 1140 1543 est,
1158 1488 1265 1534 tres
1280 1478 1519 1550 episcopi
1538 1477 1796 1532 sufﬁcere
1815 1493 1828 1530 :
1849 1475 1945 1532 sed
1966 1483 2151 1546 postu-

576 1574 717 1625 letur
745 1569 812 1624 ad
844 1584 1134 1624 numerum
1163 1567 1607 1639 supradictorum
1642 1580 1783 1619 unus
1824 1564 1908 1619 vel
1941 1564 2071 1629 duo,
2095 1569 2151 1617 et

576 1660 632 1713 in
665 1659 858 1713 eadem
906 1658 1063 1728 plebe
1111 1658 1203 1713 cui
1240 1654 1581 1711 ordinandus
1636 1662 1738 1718 est,
1788 1653 2152 1709 discutiantur

2246 475 2341 527 ἐπὶ
2371 473 2444 543 τῇ
2483 475 2814 545 χειροτονίᾳ
2842 474 2948 529 τοῦ
2977 474 3331 528 ἐπισκόπου.

2463 566 2736 621 Συνόδου
2803 567 3155 634 Ἀντιοχείας
3235 563 3441 619 κανὼν
3527 565 3614 621 ιθ’.

2321 659 2409 716 ιϐ’.
2455 659 2785 713 Ἐπισκοπον
2806 658 2883 728 μὴ
2901 655 3346 729 χειροτονεῖσθαι,
3370 674 3425 711 κ.
3455 674 3509 712 τ.
3536 657 3588 710 λ.

2316 751 2589 808 Συνόδου
2608 751 3027 821 Κῳθαγέννης
3058 749 3258 804 κανὼν
3277 768 3334 805 ν.

2245 842 2433 897 Πόσοι
2451 841 2771 896 ἐπίσκοποι
2783 840 3181 910 προστεθῆναι
3196 840 3508 910 ὀφείλουσι
3524 842 3605 907 τῷ
3617 840 3815 913 ἀριθμῷ

2318 928 2438 983 τῶν
2464 928 2988 998 χειροτονούντων,
3032 929 3140 981 ἐὰν
3180 927 3316 997 περὶ
3362 927 3469 982 τοῦ
3503 927 3815 998 μέλλοντος

2320 1017 2781 1088 χειροτονεῖσθαι
2799 1019 3136 1074 ἐπισκόπου
3153 1019 3465 1088 ἀντιλογία
3496 1018 3749 1087 γένηται.

2317 1112 2361 1165 ν’
2397 1112 2603 1165 Ἐκεῖνο
2636 1112 2693 1165 δὲ
2723 1110 2905 1183 ὁρίσαι
2925 1111 3034 1165 δεῖ’
3071 1109 3213 1164 ὥστε
3242 1112 3336 1165 ἐάν
3376 1128 3508 1165 ποτε
3556 1112 3689 1182 πρὸς
3716 1114 3821 1167 ἐπι-

2246 1204 2410 1277 λογὴν
2446 1204 2750 1258 ἐπισκόπου
2799 1202 3161 1273 συνέλθωμεν,
3210 1204 3302 1256 καὶ
3324 1204 3541 1275 ἀναφυῇ
3577 1223 3658 1268 τις
3686 1208 3819 1260 ἀντι-

2247 1296 2629 1363 λογία,ὲπειδὴ
2663 1296 2732 1349 τὰ
2759 1294 2986 1349 τοιαῦτα
3021 1297 3153 1367 παρ’
3180 1297 3314 1367 ἡμῖν
3343 1296 3818 1368 ὲτρακταῖσθησαν,

2247 1389 2515 1461 τολμηρὸν
2542 1383 2685 1443 εἶναι
2713 1388 2899 1442 λοιπὸν
2927 1391 3075 1461 τρεῖς
3128 1389 3320 1460 μόνους
3349 1389 3485 1461 πρὸς
3506 1389 3568 1440 τὸ
3600 1390 3820 1461 καθᾶραι

2246 1481 2339 1535 τὸν
2358 1480 2943 1553 χειροτονηθησόμενον
2986 1480 3277 1552 εὑρεθῆναι
3295 1496 3310 1510 ·
3342 1481 3481 1534 ἀλλὰ
3510 1480 3589 1551 τῷ
3615 1482 3821 1551 προλεχ-

2250 1573 2396 1628 θέντι
2428 1573 2650 1645 ἀριθμῷ
2667 1573 2939 1645 προστεθῇ
2953 1568 3034 1638 εἷς
3060 1574 3157 1627 καὶ
3194 1572 3307 1626 δύο·
3326 1573 3422 1626 καὶ
3436 1574 3530 1626 ἐπὶ
3547 1572 3708 1625 αὑτοῦ
3739 1575 3817 1626 τοῦ

2250 1666 2379 1720 λαοῦ
2420 1666 2586 1720 αὐτοῦ
2635 1659 2698 1719 οὗ
2747 1666 2933 1738 μέλλει
2997 1665 3459 1738 χειροτονεῖσθαι,
3506 1665 3819 1731 ὲξετασθῶσι

576 1756 754 1825 primo
788 1766 1037 1825 personae
1081 1748 1598 1805 contradicentium.
1656 1745 1940 1800 Postremo
1983 1745 2148 1797 etiam

2271 1758 2472 1829 πρῶτον
2520 1758 2589 1812 τὰ
2620 1759 2890 1829 πρόσωπα
2924 1758 3033 1813 τῶν
3077 1757 3500 1826 ἀντιλεγόντων
3530 1758 3587 1819 ἐς
3618 1756 3820 1827 ὕστερον

574 1850 664 1904 illa
686 1862 807 1917 qua:
837 1845 1192 1915 objiciuntur,
1220 1848 1621 1910 pertractentur
1655 1856 1669 1892 :
1700 1845 1755 1891 et
1800 1850 1925 1890 cum
1961 1849 2155 1905 purga-

575 1952 664 1995 tus
694 1939 863 1994 fuerit
890 1937 945 1992 in
973 1942 1270 2005 conspectu
1296 1931 1538 2002 publico,
1602 1930 1676 1983 ita
1732 1928 1955 1983 demum
2007 1924 2155 1980 ordi-

576 2042 753 2087 netur.
808 2029 867 2085 Si
914 2029 1020 2083 hoc
1059 2041 1187 2082 cum
1220 2032 1415 2080 vestrae
1443 2020 1751 2079 sanctitatis
1801 2018 1986 2072 animo
2016 2031 2154 2071 con-

574 2124 763 2181 eordat
796 2164 812 2191 ,
898 2122 1187 2179 roboretur
1256 2126 1450 2173 vestra:
1529 2110 1859 2185 dignationis
1922 2123 2153 2179 respon-

577 2222 753 2271 sione.

645 2311 728 2365 Ab
796 2308 1070 2364 universis
1129 2302 1404 2374 episcopis
1478 2302 1683 2356 dictum
1753 2313 1837 2357 est
1914 2322 1927 2357 :
2010 2301 2157 2359 Satis

578 2403 776 2472 placet.

652 2490 869 2545 Toxlus.
905 2488 1017 2544 Tit.
1054 2490 1107 2545 1.
1134 2486 1485 2546 Novellarum
1538 2497 1718 2545 const.
1746 2487 1772 2541 1
1803 2485 1840 2541 2
1862 2494 1916 2542 et
1980 2485 2068 2550 17,
2102 2486 2155 2540 in

575 2586 775 2653 quibus
800 2584 967 2637 etiam
1001 2581 1071 2638 de
1127 2582 1434 2652 objectione
1461 2583 1723 2637 adversus
1753 2578 2157 2635 ordinationem

576 2676 905 2732 clericorum
934 2684 987 2729 et
1012 2675 1304 2745 praesulum
1333 2672 1671 2747 [tractatur.]
1699 2672 1882 2727 Prima
1925 2684 2161 2739 namque

577 2778 757 2825 const.
786 2768 873 2824 tit.
910 2769 932 2823 1
972 2766 1316 2822 Novellarum
1340 2807 1356 2834 ,
1382 2767 1539 2838 jubet
1581 2766 1960 2836 episcoporum
2015 2762 2162 2818 ordi-

579 2860 829 2915 nationes
852 2874 1037 2914 coram
1068 2858 1219 2913 omni
1249 2859 1451 2928 populo
1482 2856 1729 2913 ecclesiae
1758 2856 1897 2921 ﬁeri,
1937 2854 2163 2924 insuper

579 2959 634 3006 et
661 2965 1043 3021 quemcunque
1100 2950 1509 3006 contradicendi
1570 2949 1884 3004 facultatem
1937 2946 2159 3001 habere.

581 3040 650 3095 Et
684 3043 727 3095 si
765 3040 987 3110 quidem
1043 3048 1171 3095 ante
1217 3040 1623 3095 ordinationem
1656 3037 2015 3095 contradictio
2043 3036 2157 3100 ﬁat,

2253 1850 2384 1921 γὰρ,
2420 1849 2517 1903 καὶ
2559 1850 2627 1903 τὰ
2666 1849 3065 1923 προτεθειμένα
3091 1848 3465 1919 συζευχθῶσιο
3501 1847 3597 1901 καὶ
3620 1848 3706 1901 ὅτε
3733 1868 3818 1901 κα-

2255 1939 2421 2012 θαρὸς
2479 1939 2676 2011 φανείη
2725 1941 2819 1994 ἐπὶ
2850 1938 3121 2011 δημοσίας
3167 1938 3510 2011 προσόψεως,
3553 1932 3819 2000 εῐθόὖτως

2254 2030 2696 2105 χειροτονηθείη⁶
2745 2031 2843 2084 ἐὰν
2895 2030 3056 2084 τοῦτο
3114 2029 3449 2100 ἀποδέχηται
3511 2029 3546 2100 ἡ
3606 2030 3821 2099 ὑμετέρα

2256 2123 2560 2195 ἀγιωσύνη,
2585 2125 2651 2194 τῇ
2699 2122 3028 2194 ὁμονοητικῇ
3086 2121 3374 2193 ἀποκρίσει
3429 2120 3527 2173 τοῦ
3582 2120 3821 2191 ὑμετέρου

2256 2214 2567 2284 ἀξιώματος
2605 2212 2955 2285 βεϐαιωθείη.

2340 2302 2473 2357 Ἀπὸ
2494 2304 2711 2357 πάντων
2745 2302 2853 2356 τῶν
2911 2302 3229 2357 ἐπισκόπων
3272 2300 3494 2373 ἐλέχθη,
3527 2300 3674 2356 Πάνυ
3711 2302 3821 2372 ἀρέ-

2260 2409 2405 2447 σκει.

2328 2488 2518 2552 Τίτλος
2550 2485 2597 2541 α’
2649 2486 2760 2542 τῶν
2791 2487 3031 2559 νεαρῶν,
3063 2487 3205 2541 διάτ.
3231 2492 3304 2555 α’,
3338 2484 3404 2557 β’,
3441 2484 3535 2551 ιζ’,
3558 2485 3616 2538 ὲν
3645 2481 3722 2549 οἷς
3746 2485 3823 2538 καὶ

2260 2581 2390 2653 περὶ
2440 2580 2751 2651 ἀντιλογίας
2793 2578 3128 2651 χειροτονίας
3169 2578 3452 2649 κληρικῶν
3488 2577 3584 2632 καὶ
3610 2577 3823 2648 ἡγουμέ-

2263 2689 2395 2737 νωνο
2434 2674 2468 2745 ἡ
2499 2673 2598 2741 μὲν
2635 2673 2746 2744 γὰρ
2774 2669 2823 2725 α’
2853 2670 3120 2737 διάταξις,
3148 2669 3244 2724 τοῦ
3269 2667 3317 2723 α’
3347 2670 3454 2722 τίτ⁸
3494 2669 3607 2722 τῶν
3641 2670 3823 2738 νεαρῶν

2260 2763 2701 2838 παρακελεύεται
2740 2764 2839 2827 τὰς
2868 2764 2976 2818 τῶν
3009 2761 3326 2816 ἐπισκόπων
3364 2760 3719 2832 χειροτονίας,
3747 2760 3822 2811 ἐπὶ

2262 2857 2464 2920 παντὸς
2496 2855 2591 2909 τοῦ
2629 2854 2758 2910 λαοῦ
2805 2856 2905 2926 τῆς
2944 2853 3240 2924 ἐκκλησίας
3286 2852 3561 2921 γίνεσθαι,
3604 2852 3732 2922 πρὸς
3774 2850 3852 2903 τὸ·

2262 2952 2453 3003 ἄδειαν
2482 2948 2631 3019 ἔχειν
2680 2948 2860 3003 πάντα
2900 2946 2993 3001 τὸν
3029 2945 3357 3017 βουλόμενον
3388 2943 3720 3012 ἀντιλέγεινο
3745 2946 3822 2995 καὶ

2265 3042 2315 3095 εί
2344 3057 2408 3109 γε
2439 3041 2546 3112 πρὸ
2584 3041 2684 3112 τῆς
2727 3039 3063 3111 χειροτονίας
3103 3038 3313 3107 γένοιτο
3340 3039 3373 3108 ἡ
3404 3036 3737 3108 ἀντίρρησις,
3761 3034 3822 3104 μὴ

583 3150 653 3188 ne
698 3135 849 3205 prius
894 3134 1171 3189 ordinatio
1210 3133 1491 3205 procedat,
1548 3147 1712 3203 quam
1759 3129 2161 3187 examinatione

2271 3133 2532 3203 πρότερον
2560 3129 2992 3203 χειροτονείσθω,
3019 3132 3149 3201 πρὶν
3183 3129 3251 3184 ἂν
3273 3131 3307 3200 ἡ
3333 3129 3583 3192 ἐξέτασις
3605 3126 3821 3196 γένηται,

583 3226 765 3280 habita
816 3226 1042 3280 omnino
1087 3225 1240 3279 illum
1290 3225 1634 3279 innocentem
1664 3237 1786 3277 esse
1830 3228 2060 3277 constet.
2100 3219 2159 3274 Si

584 3330 716 3371 vero
746 3325 871 3369 ante
901 3315 1364 3370 examinationem
1396 3314 1681 3368 ordinatus
1705 3310 2046 3385 [quisquam]
2071 3311 2161 3377 sit,

586 3409 633 3464 is
665 3426 771 3463 una
806 3424 931 3464 cum
960 3426 1026 3462 eo
1055 3408 1147 3478 qui
1199 3408 1498 3471 ordinavit.
1558 3409 1870 3464 sacerdotio
1923 3408 2162 3463 excidat.

584 3502 656 3556 At
697 3501 743 3555 si
785 3501 880 3570 qui
938 3508 1066 3554 ante
1113 3500 1516 3554 ordinationem
1565 3499 1919 3564 contradixit,
1962 3499 2165 3553 calum-

587 3593 776 3648 niandi
819 3594 1001 3647 animo
1030 3607 1155 3647 eum
1193 3592 1246 3647 id
1296 3591 1492 3681 fecisse
1533 3601 1811 3663 appareat,
1842 3602 1934 3647 aut
1961 3589 2163 3664 [reum]

588 3697 697 3737 non
763 3682 986 3737 damnet
1037 3696 1102 3736 ac
1153 3681 1461 3746 convincat,
1496 3681 1564 3736 ab
1591 3697 1656 3736 eo
1684 3683 1777 3751 qui
1830 3680 2167 3735 ordinationi

588 3782 808 3841 praeest,
838 3770 894 3825 in
924 3778 1245 3841 perpetuum
1293 3786 1323 3824 a
1346 3779 1537 3825 saneta
1565 3769 1953 3825 communione
1982 3784 2168 3835 segre-

590 3872 771 3936 getur,
810 3871 973 3933 atque
1002 3863 1276 3918 ordinatio
1307 3873 1619 3933 peragatur.
1654 3862 1905 3917 Secunda
1937 3860 2166 3935 [autem]

588 3965 769 4012 const.
824 3956 1069 4026 ejusdem
1114 3958 1200 4010 tit.
1258 3957 1378 4011 ait:
1428 3954 1484 4010 Si
1554 3955 1916 4011 contradictio
1971 3954 2067 4009 ﬁat
2099 3956 2170 4009 ob

592 4046 807 4122 [talem]
847 4063 1094 4113 causam,
1132 4064 1254 4119 qua;
1289 4048 1595 4103 secundum
1624 4050 1770 4120 leges
1798 4058 1890 4104 aut
1926 4063 2169 4104 canones

591 4142 997 4197 ordinationem
1056 4141 1325 4213 impedire
1356 4142 1567 4212 possit;
1616 4152 1671 4196 et
1709 4160 1723 4197 :
1755 4142 1908 4208 Quod
1942 4154 2170 4213 utraque

591 4243 746 4305 parte
790 4244 1075 4304 praesente,
1121 4244 1217 4289 aut
1248 4235 1340 4289 ubi
1376 4243 1667 4290 accusator
1696 4235 1765 4289 ad
1814 4246 1923 4291 tres
1957 4252 2172 4293 menses

592 4327 996 4381 accusationem
1027 4325 1328 4396 adimplere
1365 4326 1660 4389 distulerit,
1691 4327 2025 4382 examinatio
2056 4328 2172 4383 ﬁeri

595 4416 868 4491 [debeat];
926 4428 1023 4473 et:
1064 4419 1221 4484 Quod
1256 4419 1304 4472 si
1358 4428 1650 4472 accusator
1695 4427 1787 4472 aut
1820 4433 1927 4472 non
1956 4420 2168 4487 probet,

2265 3230 2359 3282 καὶ
2388 3231 2532 3299 φανῇ
2556 3224 2893 3296 πανταχόθεν
2911 3224 3201 3287 ἀνεύθυνος
3218 3239 3233 3253 ο
3261 3224 3309 3276 εί
3327 3222 3386 3275 δὲ
3409 3222 3526 3292 πρὸ
3549 3222 3647 3289 τῆς
3664 3219 3823 3294 εξετὰ-

2267 3333 2407 3380 σεως
2450 3317 2878 3388 χειροτονηθείη,
2921 3314 3016 3367 καὶ
3066 3314 3167 3383 τῆς
3207 3311 3487 3384 ίερατείας
3542 3313 3822 3364 ἐκπεσεῖται

2267 3410 2365 3463 σὺν
2393 3409 2541 3479 αὐτῷ
2565 3408 2643 3479 τῷ
2677 3406 3132 3483 χειροτονήσαντι.
3163 3406 3226 3458 Ei
3262 3406 3361 3476 μέν
3398 3421 3488 3457 τοι
3527 3406 3557 3458 6
3598 3403 3724 3474 πρὸς
3744 3406 3822 3471 τὴν

2268 3499 2604 3574 χειροτονίαν
2630 3498 2924 3567 ἀντειπὼν,
2965 3498 3310 3567 συκοφάντης
3333 3496 3559 3566 φανείη,
3584 3496 3618 3566 ἢ
3650 3495 3717 3565 μὴ
3738 3497 3821 3547 ἐπ-

2268 3591 2498 3659 εξέλθοι,
2522 3589 2837 3662 χωριζέσθω
2883 3589 3146 3659 διηνεκῶς
3188 3591 3288 3658 τῆς
3326 3587 3491 3655 ἁγίας
3545 3585 3821 3646 κοινωνίας,

2272 3682 2423 3753 παρά
2456 3681 2551 3735 τοῦ
2590 3681 2688 3753 τὴν
2731 3678 3065 3751 χειροτονίαν
3111 3677 3422 3739 ποιοῦντος·
3456 3677 3495 3745 ἡ
3524 3674 3582 3727 δὲ
3610 3689 3820 3744 χειροτο⁴

2271 3773 2358 3827 νία
2383 3772 2707 3844 γινέσθωοὴ
2756 3772 2815 3826 δὲ
2847 3772 2892 3843 β’
2921 3771 3163 3836 διάταξις
3200 3768 3296 3822 τοῦ
3326 3769 3497 3822 αὐτοῦ
3533 3768 3637 3822 τίτ.
3665 3768 3820 3837 φησὶν,

2269 3866 2350 3918 ὅτι
2381 3864 2476 3919 ὲάν
2511 3867 2545 3937 ἡ
2572 3864 2894 3937 ἀντίρρησις
2940 3865 3033 3918 ἐπὶ
3086 3863 3238 3936 αἰτίᾳ
3282 3862 3538 3933 γένηται,
3565 3860 3823 3931 ἐμποδίσαι

2269 3957 2335 4025 τῇ
2366 3956 2672 4027 χειροτονίᾳ
2728 3954 3004 4026 δυναμένῃ
3046 3954 3188 4009 κατά
3235 3954 3361 4017 τοὺς
3392 3952 3598 4023 νόμους
3640 3952 3672 4022 ἢ
3721 3950 3823 4012 τοὺς

2272 4048 2537 4111 κανόνας·
2568 4048 2661 4101 καὶ
2716 4050 2799 4104 ὅτι
2836 4049 3103 4121 παρόντος
3155 4049 3417 4119 ἑκατέρου
3464 4047 3681 4119 μέρους,
3710 4045 3824 4114 ὴὲξ-

2273 4138 2456 4201 έτασις
2502 4139 2709 4207 γίνεται
2762 4140 2796 4210 ἡ
2835 4139 2930 4193 τοῦ
2982 4142 3314 4211 κατηγόρου,
3354 4142 3448 4197 ἐπὶ
3488 4145 3639 4215 τρεῖς
3679 4141 3823 4213 μῆνας

2274 4230 2702 4301 ὑπερτιθεμένου
2763 4231 3049 4303 πληρῶσαι
3078 4234 3178 4305 τὴν
3228 4236 3603 4304 κατηγορίαν’
3631 4234 3718 4287 καὶ
3759 4233 3823 4284 ὅτι

2278 4323 2353 4395 μὴ
2380 4324 2595 4383 δεικνὺς
2639 4327 2667 4379 6
2712 4326 3017 4396 κατήγορος
3070 4326 3103 4397 ἢ
3153 4327 3509 4396 ἀποφεύγων,
3538 4326 3824 4381 ἐκϐάλλεται

2275 4414 2375 4482 τῆς
2429 4416 2696 4487 ἐπαρχίας
2725 4418 2781 4470 ἐν
2885 4421 3042 4473 οἰκεῖ.
3075 4420 3371 4490 Γινομένης
3403 4419 3463 4472 δὲ
3492 4420 3591 4489 τῆς
3619 4435 3823 4490 χειροτο-

594 4520 688 4564 ant
714 4510 981 4581 aufugiat,
1010 4509 1428 4580 ejiciaturextra
1454 4510 1816 4578 provinciam,
1855 4510 1907 4563 in
1937 4526 2043 4579 qua
2078 4510 2161 4565 ba-

2280 4508 2395 4572 νίας
2425 4509 2532 4581 πρὸ
2546 4511 2646 4580 τῆς
2668 4509 2986 4575 ἐξετάσεως,
3017 4510 3046 4563 6
3075 4510 3174 4580 μὲν
3205 4511 3609 4582 χειροτονηθεὶς
3634 4509 3824 4574 ἐξωθεί-

596 4603 753 4659 bitat.
803 4604 870 4657 At
901 4603 945 4657 si
975 4603 1250 4657 ordinatio
1288 4611 1415 4655 ante
1444 4602 1907 4657 examinationem
1945 4604 2056 4668 tiat,
2091 4619 2175 4658 or-

595 4695 817 4750 dinatus
883 4690 1404 4766 [sacerdotio]‘48
1462 4694 1765 4762 expellatur
1820 4711 1834 4747 ι
1894 4696 2176 4750 ordinator

597 4798 778 4845 autem
810 4789 864 4845 in
895 4803 1101 4844 annum
1128 4804 1159 4843 a
1194 4804 1353 4843 sacro
1392 4788 1692 4843 ministerio
1743 4799 2017 4852 arceatur,
2048 4790 2176 4845 uni-

596 4896 863 4951 versaque
886 4881 1062 4951 ipsius
1095 4880 1403 4936 substantia
1433 4881 1551 4951 ejus
1569 4880 1823 4936 Ecclesiae
1852 4882 2169 4951 applicetur.

599 4975 777 5045 Atque
817 4973 1005 5026 eadem
1042 4970 1203 5044 [hate]
1233 4972 1577 5036 constitutio,
1630 4973 1793 5027 etiam
1835 4974 1891 5026 in
1946 4972 2170 5027 ordina-

598 5067 748 5119 tione
809 5064 1133 5119 clericorum
1189 5064 1377 5119 eadem
1436 5064 1551 5119 vult
1596 5065 1865 5119 obtinere.
1936 5063 2166 5120 Constit.

598 5162 780 5209 autem
814 5154 880 5207 1³1
907 5153 1152 5223 ejusdem
1181 5154 1265 5211 tit.
1296 5154 1431 5209 dicit
1467 5172 1481 5208 :
1515 5152 1571 5208 Si
1595 5155 1718 5224 quis
1751 5170 2082 5225 quacunque
2108 5156 2174 5211 de

599 5260 766 5301 causa
808 5246 1170 5302 ordinandum
1202 5256 1442 5311 accuset,
1498 5247 1736 5317 primum
1781 5257 2092 5312 accusator,
2124 5247 2175 5302 si

601 5335 1038 5390 criminationem
1071 5347 1449 5405 persequetur,
1483 5337 1825 5391 examinator
1861 5355 1875 5391 :
1916 5338 1999 5392 sin
2024 5337 2171 5393 desi-

671 5474 716 5504 ⁵¹
743 5474 1047 5529 COncilinm
1076 5474 1244 5529 Afric.
1279 5490 1398 5545 cap.
1438 5475 1522 5528 l7.

2279 4617 2407 4653 ται·
2440 4604 2469 4654 6
2515 4601 2572 4656 δὲ
2635 4604 3039 4673 χειροτονήσας,
3069 4604 3160 4655 ἐπὶ
3191 4604 3435 4655 ἐνιαυτὸν
3463 4603 3721 4656 κωλύεται
3745 4600 3825 4666 τῆς

2283 4691 2434 4757 θείας
2462 4692 2824 4765 λειτουργίας,
2858 4696 2952 4749 καὶ
2982 4697 3128 4749 πᾶσα
3155 4698 3188 4767 ή
3218 4696 3379 4749 οὐσία
3419 4695 3589 4748 αὑτοῦ
3621 4709 3823 4764 προσκυα

2284 4785 2473 4856 ροῦται
2523 4789 2590 4858 τῇ
2643 4788 2766 4840 κατ’
2815 4786 2977 4841 αὑτὸν
3034 4788 3349 4857 Ἐκκλησία.
3400 4788 3463 4840 Ἡ
3494 4788 3632 4858 αὑτὴ
3660 4786 3709 4838 δὲ
3732 4785 3823 4835 διὰ-

2281 4879 2433 4943 ταξις
2478 4878 2619 4932 θέλει
2654 4880 2723 4933 τὰ
2755 4881 2895 4934 αὐτά
2944 4883 3165 4951 κρατεῖν
3218 4881 3312 4934 καὶ
3344 4883 3437 4933 ἐπὶ
3469 4884 3590 4941 ταῖς
3622 4891 3825 4949 χειροτοο

2284 4968 2424 5032 νίαις
2446 4969 2554 5022 τῶν
2589 4969 2893 5040 κληρικῶν’
2916 4972 2949 5041 ή
2976 4971 3035 5024 δὲ
3069 4971 3130 5035 ιζ’
3164 4970 3403 5035 διάταξις
3429 4970 3525 5021 τοῦ
3558 4968 3712 5022 αὑτοὺ
3739 4965 3823 5015 τίτ.

2285 5063 2471 5132 φησιν,
2493 5061 2574 5115 ὅτι
2597 5065 2739 5127 τινὸς
2766 5062 3196 5134 κατηγοροῦντος
3213 5103 3226 5126 ,
3258 5062 3340 5131 ἐφ’
3370 5062 3658 5132 οίαόήποτε
3682 5056 3823 5124 αἰτία,

2283 5153 2378 5207 τοῦ
2427 5154 2713 5223 μέλλοντος
2751 5156 3192 5226 χειροτονεῖσθαι,
3238 5155 3473 5224 γινέσθω
3516 5154 3759 5223 πρότερον
3798 5149 3823 5215 ή

2284 5244 2566 5311 ἐξέτασις,
2605 5246 2701 5299 τοῦ
2736 5248 3041 5318 κατηγόρου
3074 5247 3399 5311 ἐπεξιόντος.
3448 5248 3512 5298 Ei
3557 5246 3609 5298 δὲ
3634 5244 3823 5297 ἀπολει-

2285 5337 2473 5409 φθῇ,ἢ
2509 5337 2895 5402 ἀναϐάλλεται,
2935 5338 3157 5391 ποιείτω
3194 5339 3290 5405 τὴν
3326 5339 3552 5409 ζήτησιν
3587 5339 3614 5391 6
3647 5333 3824 5407 μέλλων

2114 5590 2343 5646 NOTAE.

680 5701 791 5772 (16)
821 5700 989 5756 Cone.
1015 5702 1270 5771 Carthag.
1307 5718 1540 5792 ακρῳ.
1582 5702 1669 5755 40.
1721 5701 1784 5757 Et
1839 5703 2149 5759 Fcrrandns
2189 5704 2398 5775 capr5,
2432 5721 2496 5759 ex
2532 5705 2703 5761 Cone.
2741 5704 3019 5777 Carthag.,
3048 5708 3129 5760 tit.
3160 5708 3211 5761 1.
