3994 6400
169 438 254 503 497

894 432 1295 498 SYNTAGMA
1332 434 1718 496 CANONUM.
1740 436 1972 496 -ΤΙΤ,
2004 437 2054 511 Ι,
2083 438 2241 499 CAP.
2272 438 2438 516 VIII,
2471 440 2580 503 XI.

3285 448 3389 514 #98

169 551 495 627 ιειροτονεῖν,’
519 548 656 605 είσω
697 548 865 619 τριῶν
904 548 1090 620 μηνῶν
1116 564 1131 579 ·
1167 548 1264 601 καὶ
1289 547 1386 601 ἐὰν
1419 546 1702 609 ἀνεύθυνος

1817 553 1943 610 stat,
2008 556 2105 604 aut
2151 549 2385 615 diﬂ‘erat,
2426 552 2784 610 ordinaturus
2841 554 2982 609 intra
3015 564 3129 614 tres
3169 575 3388 619 menses

169 650 309 718 φανῇ.
336 644 596 714 παρόντος
621 641 655 713 ἢ
682 640 1098 708 ἀπολειφθέντος
1118 638 1210 693 τοῦ
1234 636 1566 708 κατηγόρου,
1594 652 1711 706 χει-

166 737 493 813 ροτονείσθωο
526 735 620 790 καὶ
654 736 684 788 6
710 733 1033 806 κατήγορος,
1063 733 1112 786 εί
1146 730 1245 801 μὲν
1275 728 1535 801 κληρικός
1563 730 1712 783 ἐστιν

164 831 458 885 ἐκϐάλλεται
484 828 573 883 τοῦ
603 827 814 900 βαθμοῦ
852 825 1050 882 αὐτοῦ’
1085 825 1219 880 εἰδὲ
1250 824 1460 890 λα’ίκὸς,
1493 839 1711 895 σωφρο-

165 920 366 987 νίζεται.
390 921 501 991 Τῆς
521 918 579 974 δέ
595 918 925 993 χειροτονίας
939 918 1229 990 γινομένης
1261 916 1367 989 πρὸ
1385 914 1706 984 ἐξετάσεως,

162 1017 248 1085 τῆς
288 1012 578 1084 ἱερωσύνης
610 1013 639 1067 6
672 1010 1068 1083 χειροτονηθεὶς
1108 1009 1203 1063 καὶ
1248 1010 1277 1063 6
1326 1008 1710 1080 χειροτονήσας

163 1104 507 1160 ἐκϐάλλονται.
538 1103 702 1172 Λέγει
738 1104 795 1158 δὲ
822 1102 890 1157 τά
921 1101 1061 1157 αὐτὰ
1090 1103 1310 1173 κρατεῖν
1346 1101 1441 1154 καὶ
1468 1099 1560 1153 ἐπὶ
1588 1115 1705 1170 χει-

164 1195 352 1267 ροτονίᾳ
381 1197 715 1262 ἐπισκόπων,
749 1195 845 1248 καὶ
877 1194 1190 1264 κληρικῶν,
1236 1192 1332 1246 καὶ
1363 1191 1704 1262 ἡγουμένων.

214 1288 447 1343 ΚΕΦΑΔ.
478 1286 758 1355 8.-Περὶ
786 1286 893 1341 τοῦ
925 1288 1149 1356 χρόνου
1164 1280 1236 1343 οὗ
1255 1283 1427 1353 ἐντὸς
1450 1283 1543 1338 δεῖ
1564 1282 1707 1352 τοὺς

158 1380 501 1447 ἐπισκόπους
519 1378 1007 1449 χειροτονεῖσθαι.

383 1472 653 1528 Συνόδου
688 1471 1076 1538 Χαλκηδόνος
1101 1469 1302 1525 κανὼν
1328 1467 1425 1526 κε’.

212 1574 301 1621 κε’.
347 1565 674 1636 Ἐπειδήπερ
720 1563 864 1627 τινὲς
897 1563 1007 1617 τῶν
1048 1560 1464 1634 μητροπολιτῶν
1500 1560 1576 1623 ὡς
1606 1576 1704 1613 πε-

158 1656 490 1729 ριηχήθημεν,
540 1654 803 1726 ἀμελοῦσι
837 1654 944 1707 τῶν
976 1650 1471 1722 ἐγκεχειρισμένων
1521 1649 1702 1712 αὐτοῖς

155 1750 423 1820 ποιμνίων,
483 1746 583 1801 καὶ
622 1745 1014 1800 ἀναϐάλλονται
1060 1744 1160 1807 τάς
1208 1742 1544 1814 χειροτονίας
1594 1740 1703 1795 τῶν

1814 647 2081 705 praesente
2110 647 2207 694 aut
2238 641 2462 697 absente
2486 651 2808 698 accusatore
2837 655 3118 714 appareat.
3160 646 3390 725 [ipsum]

1813 726 2085 782 ordinato.
2140 728 2441 786 Accusator
2485 740 2671 786 autem
2718 733 2765 788 si
2809 734 3043 791 cleriCus
3083 737 3174 801 sit,
3217 740 3393 808 gradu

1811 815 2075 887 ejicitor:
2129 820 2175 875 si
2223 821 2417 887 laicus,
2464 823 2784 894 castigator.
2834 823 2890 880 Si
2940 828 3218 883 ordinatio
3263 840 3391 885 ante

1810 910 2271 968 examinationem
2317 914 2430 979 ﬁat,
2473 917 2779 971 sacerdotio
2807 928 2862 974 et
2903 920 3186 976 ordinator
3212 932 3266 976 et
3296 938 3389 977 or-

1809 1002 2030 1062 dinatus
2091 1004 2403 1076 ejiciuntor.
2436 1009 2615 1079 Atque
2651 1009 2790 1067 dicit
2816 1011 3003 1067 eadem
3050 1016 3299 1071 obtinere
3330 1017 3387 1073 in

1809 1098 2157 1155 ordinatione
2185 1101 2535 1170 clericorum,
2560 1103 2966 1176 episcoporum,
3005 1115 3059 1162 et
3088 1109 3385 1177 praesulnm

1810 1187 2347 1264 [monasteriorum].

1876 1281 2034 1338 CAP.
2063 1282 2152 1338 IX.
2187 1314 2257 1324 —
2286 1283 2439 1339 Intra
2460 1286 2600 1356 quod
2621 1296 2820 1359 tempus
2843 1290 3071 1360 episcopi
3098 1292 3385 1345 ordinandi

1808 1373 1942 1428 sint.

2086 1462 2315 1519 Concilii
2339 1462 2777 1522 Chalcedonensis
2802 1485 2970 1524 canou
2999 1470 3090 1526 25.

1882 1552 1974 1607 25.
2004 1552 2271 1620 Quoniam
2301 1555 2550 1611 nonnulli
2576 1556 3022 1627 metropolitani,
3053 1568 3114 1617 ut
3148 1576 3291 1631 saepe
3349 1577 3378 1616 a

1804 1643 1963 1701 nobis
1988 1645 2232 1701 auditum
2262 1656 2365 1713 est,
2406 1656 2460 1704 et
2495 1663 2690 1719 greges
2723 1651 2826 1706 sibi
2859 1653 3184 1709 commissos
3209 1655 3381 1725 negli-

1804 1748 1958 1808 gunt,
1996 1746 2051 1792 et
2080 1739 2461 1810 episcoporum
2516 1743 2889 1802 ordinationes
2951 1744 3223 1810 diﬂ'erunt.
3254 1764 3382 1805 san-

154 1841 458 1903 ἐπισκόπων,
483 1837 632 1904 ἔδοξε
654 1839 720 1908 τῇ
742 1835 877 1907 ἁγίᾳ
900 1833 1134 1903 συνόδῳ,
1160 1833 1310 1897 ἐντὸς
1331 1832 1499 1903 τριῶν
1519 1831 1702 1902 μηνῶν

1817 1840 1906 1885 ttae
1938 1830 2147 1904 synodo
2180 1832 2384 1902 placuit
2411 1841 2472 1889 ut
2500 1835 2640 1891 intra
2689 1844 2799 1892 tres
2838 1853 3053 1895 menses
3096 1841 3381 1909 episcopo-

153 1931 369 2000 γίνεσθαι
406 1930 505 1993 τάς
530 1927 866 2000 χειροτονίας
883 1926 993 1981 τῶν
1027 1925 1340 1980 ἐπισκόπων
1357 1940 1372 1956 ο
1397 1925 1445 1977 εί
1470 1928 1542 1995 μή
1572 1940 1702 1978 ποτε

1817 1935 1925 1975 ὐιη
1964 1920 2337 1978 ordinationes
2388 1923 2561 1991 fiant,
2611 1925 2721 1982 nisi
2773 1927 3129 1986 inexorabilis
3194 1930 3389 2000 utique

153 2021 245 2092 ἄρα
269 2020 639 2091 ἀπαραίτητος
664 2019 902 2090 ἀνάγκη,
930 2018 1344 2090 παρασκευάσοι
1377 2016 1702 2086 ἐπιταθῆναι

152 2112 228 2165 τὸν
262 2111 356 2177 τῆς
401 2111 675 2182 ἀναϐολῆς
718 2110 942 2181 χρόνον.
985 2110 1050 2165 Ei
1073 2108 1131 2162 δὲ
1161 2107 1236 2181 μὴ
1262 2108 1422 2163 τοῦτο
1464 2110 1700 2180 ποιήσοι,

154 2203 439 2257 ὑποκεῖσθαι
480 2203 652 2258 αὐτὸν
679 2200 1118 2274 ἐκκλησιαστικῷ
1152 2199 1432 2271 ἐπιτιμίῳ,
1460 2199 1560 2270 τὴν
1602 2200 1703 2270 μέν

151 2312 217 2348 τοι
254 2296 502 2366 πρόσοδον
539 2295 641 2365 τῆς
670 2291 1010 2367 χηρευούσης
1046 2292 1345 2364 ἐκκλησίας
1373 2289 1520 2346 σώαν
1549 2291 1701 2363 παρὰ

152 2385 215 2455 τῷ
236 2387 486 2457 οἰκονόμῳ
507 2386 610 2456 τῆς
641 2385 813 2454 αὐτῆς
838 2384 1137 2455 ἐκκλησίας
1165 2380 1559 2452 φυλάττεσθαι.

488 2477 764 2532 Συνόδοευ
794 2476 979 2543 ἕκτης
1016 2473 1217 2529 κανὼν
1248 2474 1332 2529 ιδ’.

211 2568 281 2623 ιδ’.
318 2569 374 2623 '0
395 2556 514 2622 τῶν
549 2568 722 2637 ἁγίων
754 2567 849 2621 καὶ
897 2565 1180 2637 θεοφόρων
1233 2564 1394 2636 ἡμῶν
1439 2562 1700 2635 Πατέρων

154 2659 389 2729 κρατείτω
436 2664 622 2715 κανὼν
638 2659 734 2714 καὶ
783 2659 842 2711 ἐν
886 2657 1081 2728 τούτῳ,
1137 2656 1281 2711 ὥστε
1327 2655 1701 2727 πρεσϐύτερον

153 2753 242 2822 πρὸ
260 2752 300 2806 λ’
325 2753 478 2819 ἐτῶν,
525 2752 601 2822 μὴ
632 2750 1082 2823 χειροτονεῖσθαι,
1113 2749 1217 2803 κᾶν
1247 2751 1388 2803 πάνυ
1484 2747 1633 2813 ἄξιος
1671 2749 1700 2802 ό

154 2842 1001 2915 ἀνθρωπος,ἀλλ⁹ἀποτηρετσθαι.
1024 2841 1085 2896 ’0
1118 2840 1227 2912 γὰρ
1255 2838 1461 2911 Κύριος
1493 2837 1701 2911 Ἰησοῦς

153 2935 353 3005 Χριστὸς
384 2940 439 2991 ἐν
468 2935 553 3008 τῷ
580 2934 888 3007 τριακοστῷ
935 2934 1047 2988 ἔτει
1097 2933 1425 3003 ἐϐαπτίσθη,
1458 2933 1555 2986 καὶ
1598 2932 1699 3003 ήρ-

156 3026 258 3090 ξατο
274 3029 565 3083 διδάσκεινσ
599 3028 804 3099 ὁμοίως
852 3027 991 3097 μήτε
1024 3026 1272 3080 διάκονον
1305 3026 1414 3098 πρὸ
1452 3025 1563 3079 τῶν
1620 3036 1699 3079 κε’

154 3119 284 3186 ἐτῶν,
316 3120 347 3193 ἢ
374 3121 722 3176 διακόνισσαν
752 3119 859 3187 πρὸ
898 3118 1008 3173 τῶν
1047 3125 1097 3190 μ’
1120 3119 1328 3190 χρόνων
1360 3121 1695 3190 χειροτονεῖ-

154 3212 273 3269 σθαι.

214 3308 272 3361 Ἦ
316 3309 361 3380 β’
400 3309 647 3375 διάταξις
676 3309 771 3364 τοῦ
803 3316 852 3365 α’
882 3328 990 3367 τιτ.
1033 3311 1141 3364 τῶν
1166 3308 1377 3379 νεαρῶν
1405 3325 1593 3377 φησιν,
1615 3309 1692 3361 ὅτι

155 3399 232 3453 ὲάν
268 3401 603 3473 ὺπέρθωνται
641 3406 691 3455 οί
715 3404 815 3474 τῆς
845 3402 1051 3468 πόλεως
1102 3403 1197 3457 ἐπὶ
1215 3400 1275 3467 ἓξ
1312 3402 1485 3472 μῆνας
1530 3400 1698 3469 ψηφί-

156 3495 317 3548 σασθαι
339 3496 426 3549 τὸν
449 3496 769 3560 ἐπίσκοπον,
791 3495 1013 3549 ποιείτω
1038 3496 1135 3567 τὴν
1169 3495 1504 3565 χειροτονίαν
1531 3486 1575 3560 ᾧ
1595 3509 1699 3545 τινι

154 3585 381 3655 ἁρμόζει,
416 3587 651 3660 κινδύνῳ
696 3589 797 3660 τῆς
848 3585 1045 3642 ἐαυτοῦ
1091 3586 1305 3658 ψυχῆς,
1363 3585 1474 3639 τῶν
1523 3584 1701 3639 ἄλλων

156 3676 337 3731 πάντων
363 3680 961 3753 παραφυλαττομένων.

212 3790 436 3849 ΚΕΦΔΔ.
469 3794 510 3848 ῐ.
544 3823 617 3834 -
641 3793 777 3860 Περὶ
805 3793 913 3847 τοῦ
935 3791 1023 3862 μὴ
1054 3790 1518 3862 χειροτονεῖσθαι
1565 3806 1701 3844 τινα

157 3878 452 3937 ἐπίσκοπον
486 3884 526 3953 ἣ
575 3884 980 3952 πρεσϐύτερον
1022 3882 1060 3951 ἢ
1106 3881 1408 3946 διάκονον,
1458 3880 1602 3950 πρὶν
1658 3881 1697 3950 ἢ

159 3971 351 4042 πάντας
402 3976 548 4043 τοὺς
580 3975 650 4030 ἐν
683 3975 764 4042 τῷ
825 3976 966 4043 οἴκῳ
1032 3975 1244 4041 αὐτοῦ,
1306 3971 1699 4044 Χριστιανοὺς

159 4064 478 4135 δρθοδόξους
515 4068 784 4137 ποιήσει.

376 4223 649 4279 Συνόδου
676 4223 1057 4292 Κῳθαγένης
1090 4221 1295 4276 κανὼν
1326 4220 1436 4287 λς’.

214 4330 291 4398 λς’
304 4334 458 4391 Ὥστε
488 4337 842 4399 ἐπισκόπους,
869 4338 964 4390 καὶ
997 4335 1426 4408 πρεσϐυτέρους,
1454 4336 1548 4390 καὶ
1581 4336 1699 4390 δια-

162 4424 318 4491 κόνους
343 4429 413 4500 μή
434 4429 877 4502 χειροτονεῖσθαι,
913 4430 1043 4499 πρὶν
1076 4428 1110 4499 ἢ
1145 4428 1354 4491 πάντας
1380 4429 1508 4492 τοὺς
1540 4427 1599 4481 ἐν
1619 4424 1700 4500 τῷ

163 4515 269 4586 οίκῳ
290 4520 478 4586 αὐτῶν,
513 4522 872 4594 Χριστιανοὺς
909 4520 1225 4589 ὀρθοδόξους
1255 4520 1596 4589 ποιήσουσιν.

217 4576 310 4663 Ιξαὶ
338 4612 369 4682 ή
401 4576 719 4683 ηἰδιάταξις
743 4611 836 4665 τοῦ
853 4576 905 4664 ἐ’
928 4576 1030 4665 τίτ.
1064 4576 1158 4664 τοῦ
1196 4576 1244 4665 α’
1275 4576 1501 4681 βιϐλίου,
1534 4611 1631 4666 καὶ
1655 4613 1690 4684 ή
1722 4576 1773 4636 D

161 4698 235 4750 τοῦ
298 4704 359 4755 ια’
406 4706 533 4770 τίτ.,
568 4702 936 4775 τιμωροῦνται
1014 4703 1141 4767 τοὺς
1196 4701 1544 4773 Σαμαρείτας
1596 4702 1691 4755 καὶ

162 4786 391 4861 Ἕλληνας
438 4792 859 4865 βαπτιζομένους
915 4794 1009 4847 καὶ
1045 4793 1121 4864 μὴ
1169 4794 1547 4864 προσάγοντας
1595 4792 1695 4855 τὰς

162 4884 368 4949 γαμετὰς
426 4886 605 4940 αὐτῶν
668 4887 762 4939 καὶ
802 4886 998 4949 παῖδας
1020 4884 1263 4948 καὶτοὺς
1285 4885 1343 4937 ἐν
1380 4885 1494 4946 τοῖς
1524 4883 1694 4947 οῖκοις

162 4970 328 5038 αὐτῶν,
352 4975 427 5047 τῷ
459 4978 599 5048 ἀγίῳ
625 4976 979 5049 βαπτίσματι.

219 5082 444 5140 ΚΕΦΑΛ.
468 5086 574 5142 IA’.
604 5090 747 5158 Περὶ
792 5088 911 5143 τῶν
948 5088 1068 5144 ἀπὸ
1111 5088 1338 5143 λατκῶν
1377 5087 1703 5159 γινομένων

161 5169 486 5235 ἐπισκόπων.
1058 5190 1063 5195 ‘

454 5272 726 5329 Συνόδου
757 5272 1059 5342 Σαρδικῆς
1088 5272 1289 5327 κανὼν
1322 5279 1376 5328 ι’.

219 5358 249 5411 ι’
268 5359 531 5430 Ἅπαντες
556 5365 606 5418 oi
625 5364 914 5420 ἐπίσκοποι
938 5363 1303 5437 ἀπεκρίναντο
1322 5364 1579 5437 ἀρέσκειν
1601 5364 1695 5419 αὐ-

162 5451 273 5518 τοῖς,
314 5456 404 5511 καὶ
445 5457 899 5530 πρεπωδεστάτην
934 5453 1074 5515 εῖναι
1104 5457 1202 5529 τὴν
1228 5456 1541 5529 συμϐουλὴν
1563 5456 1696 5511 ταὺο

162 5556 263 5609 την.
287 5545 463 5612 Ὀσιος
503 5550 797 5615 ἐπίσκοπος
839 5546 984 5617 εἷπε,
1041 5550 1153 5604 Καὶ
1209 5550 1369 5604 τοῦτο
1389 5550 1693 5620 ἀναγκαῖον

164 5628 279 5689 εἶναι
322 5640 552 5708 νομίζωο
590 5645 637 5697 εί
671 5642 808 5713 μετά
849 5643 1031 5714 πάσης
1073 5641 1361 5712 ἀκριϐείας
1380 5644 1473 5696 καὶ
1501 5643 1696 5712 ἐπιμε-

165 5723 289 5792 λείας
316 5729 629 5801 ἐξετάζοιτο,
661 5735 800 5791 ῶστε
822 5735 918 5791 ἐάν
945 5753 1030 5800 τις
1059 5733 1312 5797 πλούσιος
1336 5733 1370 5806 ἢ
1411 5733 1691 5805 σχολαστιο

1802 2013 2101 2069 necessitas
2132 2012 2373 2070 elfecerit
2397 2024 2459 2071 ut
2483 2016 2764 2073 dilationis
2797 2026 3013 2089 tempus
3032 2032 3378 2092 prorogetur.

1802 2104 1858 2158 Si
1890 2114 2073 2160 autem
2104 2106 2210 2162 hoc
2238 2122 2348 2162 non
2373 2107 2745 2176 fecerint,’eos
2778 2114 3166 2171 ecclesiasticae
3206 2130 3382 2185 poena:

1801 2198 2021 2265 subjici.
2055 2197 2243 2255 Vidua:
2273 2216 2404 2256 vero
2440 2203 2688 2259 ecclesiae
2737 2207 2995 2271 reditum.
3034 2209 3174 2278 apud
3207 2209 3387 2272 θυείας.

1801 2288 1896 2341 sia:
1934 2303 2282 2344 (economum
2312 2292 2524 2347 salvum
2551 2294 2842 2350 custodiri.

2013 2486 2124 2560 49
2157 2488 2382 2545 Concilii
2406 2493 2712 2548 mmenici
2743 2509 2794 2549 Vl
2844 2510 3012 2550 canon
3055 2496 3144 2551 14.

1874 2581 1959 2636 Η.
1998 2579 2323 2637 Sanctorum
2351 2583 2770 2656 divinorumque
2788 2587 3014 2642 Patrum
3057 2596 3391 2646 nostrorum:

1801 2685 1978 2725 canon
2012 2671 2066 2725 in
2099 2672 2186 2727 his
2215 2687 2434 2744 quoque
2457 2673 2656 2739 valeat,
2698 2687 2760 2731 ut
2785 2677 3070 2749 presbyter
3113 2689 3242 2734 ante
3281 2682 3380 2734 tri-

1800 2763 1948 2833 ginta
1985 2777 2160 2817 annos
2198 2778 2310 2818 non
2346 2763 2652 2831 ordinetur,
2699 2765 2912 2821 etiamsi
2940 2769 3010 2823 sit
3042 2770 3206 2825 homo
3227 2771 3380 2825 valde

1799 2853 2018 2922 dignus,
2076 2853 2172 2909 sed
2222 2863 2533 2909 reservetur
2565 2856 2634 2913 ⁸³.
2694 2855 2959 2913 Dominus
3019 2860 3165 2913 enim
3219 2859 3382 2915 Iesus

1798 2943 2049 2998 Christus
2100 2944 2377 3000 tricesimo
2408 2961 2551 3000 anno
2597 2946 2906 3017 baptizatus
2951 2958 3054 3014 est,
3108 2959 3163 3007 et
3213 2954 3381 3021 cmpit

1799 3036 2014 3091 docere.
2063 3036 2324 3092 Similiter
2370 3054 2472 3094 nec
2525 3039 2790 3098 diaconus
2835 3052 2962 3099 ante
3014 3044 3391 3115 quadraginta.

1800 3144 1975 3185 annos
1998 3129 2281 3186 ordinetur
2307 3130 2375 3185 “.

1874 3305 2090 3363 Textus.
2123 3307 2312 3364 Const.
2339 3307 2396 3375 2,
2425 3307 2509 3363 tit.
2541 3309 2567 3363 1
2614 3306 2961 3365 Novellarum
3004 3313 3120 3369 ait:
3154 3312 3212 3367 Si
3242 3313 3391 3368 civi-.

1800 3400 1929 3454 tatis
1952 3398 2165 3471 [clerici
2202 3406 2257 3455 et
2281 3398 2574 3473 primores]
2608 3400 2750 3455 ultra
2779 3416 2876 3457 sex
2912 3416 3131 3457 menses
3163 3403 3378 3472 episco-

1799 3506 1926 3562 pum
1958 3491 2255 3547 decernere
2281 3491 2554 3559 diﬂ‘erant,
2583 3491 2629 3547 is
2650 3491 2743 3563 qui
2771 3492 3059 3549 ordinandi
3077 3494 3170 3565 jus
3193 3490 3389 3560 habet.

1798 3582 2040 3653 periculo
2065 3583 2262 3638 animae
2295 3598 2411 3637 sua:
2439 3582 2809 3656 [episcopum]
2837 3584 3128 3641 ordinato:
3164 3584 3389 3658 [atque].

1799 3676 1903 3730 alia
1935 3674 2120 3729 omnia
2149 3684 2459 3731 servantur.

1869 3786 2022 3843 CAP.
2049 3787 2119 3842 Χ.
2171 3819 2217 3828 -
2247 3787 2399 3855 Quod
2432 3805 2581 3844 nemo
2606 3790 2677 3844 sit
2705 3790 2977 3859 episcopus
3003 3787 3082 3843 vel
3116 3787 3391 3858 presbyter:

1800 3879 1878 3934 vel
1948 3881 2203 3935 diaconus
2277 3880 2604 3937 ordinandus
2714 3891 2997 3953 antequam
3061 3881 3383 3936 domesticos.

1799 3989 1977 4029 omnes
2010 3973 2189 4043 fecerit
2214 3973 2555 4030 orthodoxae.

2079 4232 2308 4289 Consilii
2334 4231 2766 4303 Carthagineneis
2793 4246 2964 4284 canon
3001 4228 3092 4284 56.

1871 4326 1959 4382 56.
1995 4324 2067 4381 Ut
2091 4326 2328 4396 episc0pi
2364 4325 2432 4390 ⁸⁵,
2462 4333 2516 4381 et
2544 4323 2884 4395 presbyteri,
2928 4331 2981 4378 et
3008 4319 3227 4376 diaconi
3270 4335 3391 4377 non.

1802 4418 2125 4474 ordinentur
2156 4418 2477 4489 priusquam
2510 4431 2704 4473 omnes
2724 4416 2816 4485 qui
2842 4423 2973 4471 sunt
3003 4416 3059 4470 in
3090 4415 3257 4471 domo
3283 4430 3377 4470 eo-

1802 4525 1947 4573 rum,
1974 4509 2320 4566 Christianos
2343 4509 2639 4564 catholicos
2664 4509 2915 4564 fecerint.

1879 4601 2096 4655 Τρωίας.
2119 4599 2294 4654 Etiam
2322 4607 2501 4655 const.
2531 4599 2616 4663 18,
2647 4599 2729 4655 tit.
2754 4600 2810 4665 5,
2838 4599 2929 4654 lib.
2951 4615 2991 4663 l,
3015 4607 3071 4653 et
3089 4606 3264 4653 const.
3287 4596 3374 4659 10,

1798 4688 1882 4743 tit.
1908 4688 1967 4751 2,
1992 4686 2226 4758 puniunt
2249 4685 2621 4741 Samaritanos
2643 4695 2696 4740 et
2716 4700 2959 4757 paganos
2980 4686 3302 4755 baptizatos.
3327 4684 3375 4739 si

1797 4794 2000 4835 uxores
2032 4794 2163 4835 suas
2197 4788 2251 4834 et
2276 4778 2475 4834 liberos
2502 4792 2642 4848 quos
2660 4779 2808 4832 domi
2843 4778 3067 4844 habent,
3093 4779 3159 4831 ad
3188 4790 3376 4832 sacro-

1803 4882 2055 4927 sanctum
2082 4870 2349 4941 baptisma
2372 4884 2481 4925 non
2512 4868 2807 4923 adducant.

1877 5083 1985 5156 50
2009 5082 2161 5138 CAP.
2192 5081 2437 5138 XL—De
2465 5084 2531 5139 iis
2561 5084 2650 5154 qui
2672 5084 2733 5139 de
2750 5082 2890 5138 laica
2926 5082 3221 5138 conditione
3242 5084 3379 5152 ﬁunt

1797 5174 2048 5246 episcopi.

2139 5267 2364 5325 Concilii
2401 5265 2729 5322 Sardicensis
2762 5283 2935 5322 canon
2965 5266 3046 5321 10.

1876 5360 1962 5417 10.
1991 5358 2194 5417 Omnes
2221 5359 2462 5431 episcOpi
2505 5358 2761 5413 dixerunt
2795 5359 2874 5414 eis
2906 5358 3141 5429 placere,
3180 5369 3237 5415 et
3257 5375 3380 5415 esse

1799 5452 2376 5510 convenientissimum
2398 5453 2500 5507 hoc
2528 5450 2838 5505 consilium.
2858 5450 3057 5507 Hosius
3090 5451 3379 5522 episcopus

1798 5547 1973 5603 dixit:
2019 5544 2136 5602 Hoc
2163 5560 2380 5617 quoque
2432 5542 2798 5598 necessarium
2828 5544 3104 5608 existimo,
3159 5554 3219 5600 ut
3254 5560 3380 5600 cum

1808 5639 1955 5694 omni
1980 5653 2113 5693 cura
2162 5646 2215 5691 et
2244 5634 2521 5707 diligentia
2549 5636 2931 5703 examinetur;
2978 5644 3034 5690 ut
3065 5636 3111 5691 si
3152 5635 3277 5705 quis
3307 5651 3387 5695 ex.

1803 5732 1921 5786 loro
1969 5730 2085 5786 sive
2138 5729 2312 5794 dives,
2363 5728 2477 5783 sive
2502 5725 3218 5797 scholasticus,cpiscopus
3259 5722 3391 5783 ﬁeri.

222 5839 259 5871 "
285 5840 511 5903 Neocas.
552 5864 668 5905 can.
710 5849 795 5906 il.
871 5851 915 5884 “
945 5850 1198 5907 Chalccd.
1231 5866 1350 5908 can.
1384 5849 1466 5905 15.
1545 5850 1591 5882 ⁸³
1632 5848 1800 5907 Conc.
1829 5847 2081 5919 Carthag.
2131 5860 2191 5899 tu
2219 5882 2231 5908 ,
2262 5858 2383 5915 cap.
2418 5840 2513 5909 18',
2545 5841 2838 5898 concilium
2869 5840 3037 5901 Afris.
3081 5855 3202 5912 cap.
3234 5839 3307 5902 5.,
