3908 6296
644 476 753 542 499

1806 478 2068 537 ΡΗΟΤΙΙ
2109 478 2218 538 ΡΑἾ

2331 479 2612 539 ἈΙίΕΗθΕ
2641 480 2752 540 CP.
3767 477 3846 538 500

648 585 847 656 dignus
871 582 1155 648 habeatur,
1174 598 1287 639 non
1317 584 1468 653 prius
1489 584 1861 639 constituatur
1889 626 1904 650 ,
1932 601 2097 655 quam
2153 586 2218 640 le-

2334 585 2449 648 κὸς,
2487 586 2595 639 ἀπὸ
2616 585 2717 655 τῆς
2749 585 2955 655 ἀγορᾶς
2983 581 3188 647 ἀξιοῖτο
3217 580 3512 644 ἐπίσκοπος
3539 579 3774 650 γίνεσθαι,
3792 589 3850 659 μὴ

647 691 679 730 c
703 675 816 730 oris
853 683 907 729 et
947 674 1164 730 diaconi
1194 683 1249 728 et
1279 674 1577 745 presbyteri
1597 675 1963 730 ministerium
2005 690 2229 745 perege-

647 770 754 820 rit:
792 776 849 820 ut
877 766 931 821 in
965 781 1294 837 unoquoque
1328 767 1524 836 gradu,
1576 768 1624 823 si
1654 768 1851 838 dignus
1884 768 2231 824 existimatus

649 856 836 922 fuerit,
867 859 933 912 ad
964 859 1310 929 episcopatus
1342 858 1620 931 fastigium
1646 876 1742 930 per
1771 859 2219 930 progressionem

647 952 819 1020 possit
849 949 1166 1005 ascendere.
1206 949 1436 1006 Habebit
1462 961 1643 1006 autem
1670 951 2104 1020 uniuscujusque
2134 965 2224 1003 or-

646 1038 790 1093 dinis
815 1040 1017 1108 gradus
1040 1055 1152 1094 non
1182 1039 1394 1094 minimi
1430 1040 1642 1096 scilicet
1689 1042 1953 1109 temporis
1994 1039 2231 1109 longitu-

648 1130 849 1195 dinem,
887 1144 983 1200 per
1031 1131 1176 1200 quod
1217 1140 1273 1186 et
1318 1132 1472 1198 ﬁdes,
1516 1144 1571 1187 et
1621 1149 1833 1189 morum
1865 1133 2128 1202 probitas,
2175 1143 2230 1187 et

648 1220 978 1285 constantia,
1013 1230 1067 1273 et
1120 1222 1425 1277 moderatio
1472 1224 1645 1293 possit
1670 1224 1929 1292 cognosci
1982 1232 2079 1278 :et
2113 1224 2228 1292 ipse

646 1312 834 1366 divino
896 1313 1201 1367 sacerdotio
1246 1315 1446 1384 dignus
1498 1317 1867 1379 existimatus,
1925 1316 2223 1369 maximum

648 1403 914 1459 honorem
949 1417 1292 1476 asscquetur.
1334 1408 1522 1477 Neque
1564 1410 1710 1463 enim
1740 1410 2015 1473 convenit,
2051 1423 2227 1478 neque

647 1494 876 1551 scientia
900 1504 953 1551 et
971 1497 1138 1552 ‘boua
1158 1502 1501 1553 conversatio
1542 1500 1646 1553 hoc
1681 1498 1893 1570 recipit,
1934 1510 1992 1553 ut
2022 1508 2227 1553 temere

646 1595 701 1640 et
740 1587 930 1643 leviter
954 1589 1022 1643 ad
1076 1590 1128 1645 id
1170 1591 1482 1654 accedatur,
1536 1603 1593 1644 ut
1621 1592 1929 1661 episcopus,
1976 1592 2057 1644 vel
2102 1605 2225 1660 pre-

647 1677 856 1750 sbyter,
877 1681 962 1734 vel
988 1680 1256 1736 diaconus
1278 1693 1526 1752 prompte
1552 1698 1618 1737 ac
1644 1682 1801 1737 facile
1829 1683 2222 1736 constituatur.

650 1769 742 1824 Sic
782 1770 927 1824 enim
964 1771 1159 1830 merito
1209 1772 1520 1843 neophytus
1564 1772 1929 1837 existimetur,
1967 1773 2220 1842 quando-

645 1862 867 1931 quidem
923 1874 977 1917 et
1020 1864 1373 1922 beatissimus
1413 1864 1731 1934 Apostolus,
1782 1864 1877 1934 qui
1911 1863 2015 1918 fuit
2059 1864 2221 1918 etiam

645 1955 837 2009 doctor
881 1959 1144 2024 gentium,
1177 1958 1528 2026 prohibuisse
1563 1958 1721 2027 plane
1752 1957 1993 2022 videtur,
2035 1970 2103 2010 ne
2130 1971 2217 2011 ce-
2248 1940 2297 1998 Β

646 2047 789 2105 lercs
839 2048 973 2104 [iam
1009 2050 1383 2105 ordinationes
1427 2053 1495 2105 ⁸⁸.
1537 2049 1864 2121 Longissimi
1896 2049 2043 2103 enim
2078 2057 2215 2103 tem-

644 2140 794 2211 poris
823 2142 1076 2211 probatio
1099 2152 1153 2198 et
1177 2144 1669 2209 conversationem,
1701 2152 1756 2198 et
1780 2142 2217 2213 uniuscujusque

644 2250 826 2290 mores
855 2252 963 2290 non
997 2236 1427 2306 improbabiliter
1449 2236 1757 2307 exprimere
1783 2235 2000 2306 poterit.

641 2535 745 2606 51
773 2535 975 2610 Synodi
999 2536 1599 2610 Constantinopolitanae
1622 2542 1805 2609 primm
1825 2549 1874 2595 et
1908 2542 2147 2594 secunda:
2166 2538 2222 2591 in

716 2609 918 2733 templo]
955 2618 1259 2664 sanctorum
1306 2609 1661 2682 apostolorum
1706 2621 2069 2683 congregatae,
2130 2625 2212 2663 ca-

711 2694 815 2732 non
923 2717 939 2733 .

716 2785 803 2841 l7.
818 2784 875 2840 ln
892 2787 1297 2861 omnibusLboni
1317 2789 1670 2845 ecclesiastici
1692 2789 1899 2847 ordinis
1915 2802 2102 2843 curam
2126 2803 2217 2858 ge-

642 2888 845 2943 ieutes,
877 2882 979 2934 hoc
1012 2896 1235 2950 quoque
1264 2882 1489 2936 delinire
1528 2883 1897 2937 necessarium
1936 2880 2215 2941 duximus,

644 2981 703 3031 ut
729 2970 912 3031 nullus
946 2973 1200 3043 deinceps
1229 2975 1422 3041 laicus,
1452 2976 1535 3030 vel
1565 2979 1865 3030 monachus
1894 2984 2113 3045 repente
2147 2973 2216 3027 ad

640 3061 1002 3136 episcopalem
1048 3065 1390 3119 altitudinem
1431 3066 1775 3130 eveheretur,
1813 3066 1905 3120 sed
1943 3066 1995 3119 iu
2040 3064 2215 3118 eccle-

640 3153 873 3208 siasticis
919 3155 1180 3224 gradibus
1224 3158 1460 3226 primum
1493 3157 1858 3219 examinatus,
1888 3156 1968 3210 sic
2003 3156 2218 3224 episco-

639 3246 777 3314 palis
801 3248 1081 3317 dignitatis
1112 3250 1513 3303 ordinationem
1555 3250 1877 3318 susciperet.
1917 3248 2030 3304 Etsi
2068 3249 2213 3303 enim

2334 677 2598 747 πρότερον
2645 674 3038 740 καθίστασθαι,
3064 673 3161 727 ἐὰν
3203 672 3278 744 μὴ
3312 671 3408 725 καὶ
3437 670 3757 740 ἀναγνώστου
3781 678 3853 733 καὶ

2332 765 2582 820 διακόνου
2631 766 2727 819 καὶ
2780 763 3192 836 πρεσϐυτέρου,
3249 762 3551 833 ὑπηρεσίαν
3600 763 3851 819 ἐκτελέσοι·

2334 857 2421 911 ἵνα
2445 858 2566 912 καθ’
2594 859 2821 914 ἕκαστον
2851 857 3080 929 βαθμὸν,
3113 858 3208 911 ἐάν
3254 873 3359 926 περ
3404 854 3551 919 ἄξιος
3595 858 3854 930 νομισθείη,

2335 953 2416 1015 είς
2449 932 2549 1022 την
2584 951 2748 1022 ἁψῖδα
2779 951 2878 1021 τῆς
2908 952 3212 1021 ἐπισκοπῆς
3243 948 3381 1003 κατὰ
3411 948 3680 1020 προκοπὴν
3705 950 3858 1019 διαϐἧ-

2332 1061 2419 1097 ναι
2465 1043 2743 1114 δυνηθείη.
2774 1042 2929 1108 Ἕξει
2973 1042 3031 1096 δέ
3070 1043 3301 1095 ἑκάστου
3333 1041 3606 1112 τάγματος
3641 1042 3666 1094 ό
3694 1041 3860 1113 βαθμὺς

2328 1134 2430 1187 οὐκ
2451 1134 2731 1204 ἐλαχίστου
2761 1133 3002 1203 δηλονότι
3030 1132 3221 1203 χρόνου
3252 1131 3455 1202 μῆκος’
3487 1130 3554 1182 δι’
3581 1125 3637 1183 οὗ
3662 1133 3693 1199 ἠ
3718 1130 3861 1195 πίστις

2329 1224 2636 1288 αὐτοῦ,καὶ
2684 1227 2717 1295 ἡ
2775 1224 2882 1278 τῶν
2932 1224 3273 1294 πραγμάτων
3329 1222 3713 1290 καλοκαγαθία,
3742 1224 3862 1294 καὶὴ

2330 1319 2648 1389 στερῤότης,
2678 1318 2771 1371 καὶ
2799 1320 2831 1389 ἡ
2856 1318 3148 1384 ἐπιείκεια,
3166 1315 3443 1386 γνώριμος
3473 1314 3713 1384 γενέσθαι
3740 1314 3864 1385 δυνή-

2328 1425 2503 1474 σεται,
2535 1411 2627 1463 καὶ
2649 1410 2812 1473 αὐτὸς
2853 1409 3001 1475 ἄξιος
3039 1408 3139 1479 τῆς
3191 1408 3340 1472 θείας
3402 1406 3694 1477 ἱερωσύνης
3739 1422 3865 1475 νομι-

2330 1500 2505 1567 σθεὶς,
2527 1501 2625 1573 τῆς
2658 1501 2923 1573 μεγίστης
2948 1500 3243 1565 ἀπολαύσει
3274 1496 3614 1569 τιμῆς.οθτε
3640 1498 3739 1568 γὰρ
3760 1515 3866 1565 προ-

2330 1593 2495 1663 σῆκόν
2557 1594 2725 1656 ἐστιν,
2761 1590 2885 1646 οὔτε
2919 1594 2953 1664 η
2986 1595 3289 1664 ἐπιστήμη,
3330 1590 3456 1644 οὔτε
3486 1594 3521 1661 ἡ
3548 1590 3719 1658 ἀγαθὴ
3762 1590 3865 1643 ἁνα-

2328 1685 2558 1755 στροφὴ,
2590 1684 2898 1755 ἐπιδέχεται
2923 1685 3211 1756 τολμηρῶς
3255 1684 3352 1739 καὶ
3382 1683 3601 1752 κούφως
3633 1681 3866 1735 ἐπὶτοῦτο

2330 1775 2489 1843 ίέναι,
2522 1775 2663 1829 ῶστε
2702 1777 2734 1849 ἢ
2786 1777 3083 1831 ἐπίσκοπον
3114 1778 3147 1849 ἢ
3181 1775 3558 1847 πρεσόύτερον
3602 1773 3634 1845 ἢ
3663 1772 3866 1827 διάκονον

2326 1870 2634 1939 προχείρως
2679 1869 3059 1924 καθίστασθαι.
3093 1869 3248 1923 Οὖτω
3280 1869 3389 1939 γὰρ
3415 1868 3481 1922 ἂν
3535 1867 3747 1929 εἰκότως
3775 1868 3865 1918 v36-

2327 1978 2493 2030 φυτος
2516 1962 2826 2033 νομισθείη,
2845 1964 3032 2035 ἐπειδὴ
3065 1963 3302 2034 μάλιστα
3329 1963 3467 2016 καὶὸ
3489 1965 3867 2033 μακαριώτατος

2336 2052 2675 2119 ’Λπόστολος,
2701 2055 2758 2118 ὃς
2795 2056 2888 2108 καὶ
2912 2056 3020 2108 τῶν
3061 2055 3233 2110 ἐθνῶν
3261 2056 3558 2124 γεγένηται
3581 2051 3867 2117 διδάσκαλος,

2325 2145 2572 2215 φαίνεται
2604 2147 2851 2211 κωλύσας
2868 2147 3087 2217 ταχείας
3120 2146 3368 2215 γίνεσθαι
3392 2148 3492 2209 τὰς
3529 2143 3865 2203 καταστάσεις-

2322 2233 2429 2288 Τοῦ
2455 2235 2563 2305 γὰρ
2594 2238 2859 2307 μηκίστου
2884 2237 3078 2307 χρόνου
3105 2239 3139 2308 ή
3160 2234 3473 2307 δοκιμασία,
3526 2236 3623 2304 τὴν
3650 2234 3867 2299 ἀναστρο-

2336 2327 2441 2399 φὴν
2487 2330 2582 2382 καὶ
2611 2331 2701 2383 τὸν
2744 2331 2975 2385 ἐκαστου
3004 2331 3210 2400 τρόπον
3228 2373 3244 2398 ,
3274 2332 3373 2386 οὐκ
3405 2328 3710 2391 ἀπεικότως
3738 2329 3865 2381 ἐκτνο

2334 2419 2472 2475 ποῦν
2500 2422 2807 2493 δυνήσεται.

2399 2536 2668 2591 Συνόδοιι
2712 2538 2764 2592 α’
2795 2538 2855 2603 ,ϐ’
2879 2538 3397 2608 συγκροτηθείσης
3430 2532 3503 2591 ἔν
3524 2534 3609 2608 ,τῷ
3646 2535 3755 2603 ναῷ
3780 2535 3869 2590 τῶν

2633 2609 2820 2678 ἁγίων
2857 2610 3220 2664 ἀποστόλων
3255 2608 3458 2664 κανὼν
3492 2607 3581 2672 ιζ’.

2402 2785 2469 2849 ιζ’
2512 2786 2600 2840 Ἐν
2637 2789 2769 2841 πᾶσι
2797 2788 2898 2857 τῆς
2928 2785 3394 2858 ἐκκλησιαπικῆς
3444 2783 3696 2849 εὐταξίας
3745 2800 3867 2854 φρθν·

2323 2879 2588 2945 στίζοντες,
2626 2882 2896 2934 καὶτοῦτο
2925 2881 3108 2952 ὁρίσαι
3133 2881 3431 2948 ἀναγκαῖον
3457 2878 3697 2946 ἐθέμεθα
3716 2892 3728 2904 ⁸
3760 2876 3866 2928 ὥστε

2323 2970 2415 3023 τοῦ
2446 2970 2659 3035 λοιποῦ,
2706 2973 2914 3043 μηδένα
2937 2973 3047 3025 τῶν
3076 2971 3280 3025 λαῖκῶν
3312 2971 3345 3043 ἢ
3383 2969 3637 3041 μοναχῶν
3656 3009 3670 3032 ,
3697 2967 3865 3036 ἀθρόως

2323 3060 2405 3124 εἰς
2467 3061 2528 3113 τὸ
2568 3062 2664 3131 τῆς
2719 3062 3023 3132 ἐπισκοπῆς
3070 3061 3202 3131 ὕψος
3229 3059 3574 3128 ἀνάγεσθαι,
3609 3058 3735 3111 ἀλλὰ
3782 3059 3866 3118 τοῖς

2323 3152 2797 3222 ἐκκλησιαστικοίς
2870 3152 3102 3224 βαθμοῖς
3169 3152 3563 3222 ἐξεταζόμενον
3615 3150 3866 3220 πρότερον,

2321 3246 2465 3299 οὕτω
2512 3247 2612 3315 τῆς
2660 3248 2967 3317 ἐπισκοπῆς
3000 3249 3098 3316 τὴν
3132 3246 3469 3318 χειροτονίαν
3530 3243 3864 3314 ὑποδέχεσθαι.

641 3339 947 3408 hucusque
981 3340 1203 3408 quidam
1244 3357 1309 3394 ex
1340 3341 1624 3394 monachis
1663 3354 1718 3395 et
1754 3341 1935 3405 laicis,
1969 3341 2217 3410 exigente

2331 3337 2384 3390 Εἰ
2418 3340 2526 3409 γὰρ
2557 3338 2649 3391 καὶ
2691 3340 2854 3409 μέχρι
2884 3338 2976 3391 τοῦ
3012 3338 3127 3403 νῦν,
3157 3338 3266 3392 ἀπὸ
3295 3336 3405 3391 τῶν
3449 3335 3657 3389 λαῖκῶν
3682 3335 3711 3406 ἢ
3736 3350 3862 3403 μονι-

639 3431 994 3496 nect-ssitate,
1058 3432 1352 3502 episcopali
1399 3432 1608 3487 honore
1659 3432 1841 3487 statim
1894 3432 2042 3501 digni
2092 3430 2221 3485 l'acti

638 3532 787 3585 sunt,
817 3523 909 3592 qui
938 3531 993 3577 et
1019 3525 1215 3580 virtute
1250 3526 1535 3579 excellenti
1563 3525 1736 3589 fuere,
1776 3535 1829 3582 et
1859 3541 2013 3581 suam
2046 3525 2223 3580 eccle-

639 3614 777 3667 siam
808 3614 860 3668 iu
896 3614 1066 3669 altum
1092 3618 1440 3690 extulere,id
1479 3627 1660 3672 tamen
1688 3617 1831 3686 quod
1866 3633 1991 3672 raro
2017 3618 2218 3683 evenit,

638 3707 886 3761 ecclesiae
912 3707 1087 3777 legem
1113 3726 1458 3780 nequaquam
1489 3720 1813 3773 statuentes,
1847 3711 2217 3776 decernimus,

640 3810 698 3855 ut
730 3800 779 3855 id
813 3800 1070 3873 deinceps
1090 3803 1312 3857 tuiuime
1340 3804 1433 3857 ﬁat
1464 3804 1569 3858 nisi
1591 3803 1635 3857 is
1664 3805 1756 3873 qui
1785 3806 1885 3858 rite
1909 3803 2218 3870 ordinatur,

640 3908 735 3965 per
757 3896 960 3962 gradus
990 3896 1358 3949 sacerdotales
1398 3894 1747 3963 processerit,
1792 3895 1843 3947 in
1886 3910 2221 3966 unoquoque

637 3984 831 4049 ordine
864 3995 1076 4057 tempus
1107 3986 1475 4057 praestitutum
1502 3987 1827 4057 adimplens.

707 4168 926 4225 Textus.
951 4166 1140 4223 Const.
1159 4168 1215 4236 2,
1234 4167 1754 4233 tit.lNovcllarum,
1793 4183 1902 4222 non
1952 4168 2221 4237 permittit

634 4260 982 4317 exlaicorum
1021 4260 1216 4335 [statu]
1239 4261 1530 4317 confestim
1562 4261 1851 4335 [aliquem]
1897 4262 2215 4331 episcopum

633 4354 807 4415 creari
829 4374 842 4409 :
862 4356 953 4410 sed
980 4354 1259 4430 [requirit]
1280 4367 1339 4412 ut
1358 4358 1508 4428 prius
1535 4358 1767 4413 clericus
1794 4357 1908 4424 liat,
1942 4366 1995 4412 et
2022 4358 2087 4410 ad
2110 4368 2218 4411 tres

637 4462 851 4504 menses
878 4450 1191 4519 Scripturas
1209 4460 1263 4506 et
1297 4467 1541 4506 canones
1559 4452 1756 4506 discat.
1791 4451 1982 4507 Const.
2033 4463 2214 4506 autem

632 4537 878 4607 ejusdem
916 4540 1013 4594 lib.
1048 4548 1103 4605 et
1138 4543 1223 4597 tit.
1257 4541 1393 4606 vult,
1425 4548 1487 4595 ut
1529 4558 1635 4594 nou
1669 4542 1853 4595 minus
1884 4557 1975 4596 sex
2007 4542 2215 4596 mensi-

633 4630 737 4683 bus
762 4629 999 4685 clericus
1022 4632 1179 4701 prius
1208 4640 1306 4686 aut
1332 4632 1636 4687 monachus
1669 4631 1855 4688 fuerit.

2322 3428 2433 3499 χῶν
2484 3446 2663 3493 τινες,
2713 3430 3053 3501 ἀπαιτούσης
3109 3429 3316 3500 χρείας,
3372 3429 3686 3502 παραυτίκα
3736 3428 3865 3498 τιμῆς

2321 3517 2464 3582 ἄξιοι
2493 3519 2784 3587 γεγόνασιν
2817 3519 3147 3588 ἐπισκοπῆς,
3182 3520 3354 3593 ἀρετῇ
3384 3536 3443 3572 τε
3468 3517 3862 3589 διαπρέψαντες,

2322 3610 2416 3662 καὶ
2450 3612 2549 3679 τὴν
2579 3610 2698 3663 κατ’
2729 3611 2927 3673 αὐτοὺς
2976 3609 3272 3681 ἐκκλησίαν
3304 3609 3650 3679 ύψώσαντες,
3682 3609 3797 3661 ἀλλὰ
3819 3607 3866 3659 τό

2319 3719 2383 3769 γε
2417 3702 2644 3755 σπάνιον
2670 3701 2908 3770 οὐδαμοῦ
2934 3703 3094 3771 νόμον
3120 3701 3220 3771 τῆς
3252 3702 3585 3772 Ἐκκλησξας
3615 3701 3860 3769 τιθέμενοι,

2318 3796 2576 3865 ὁρίζομεν
2622 3795 2717 3849 τοῦ
2765 3795 2953 3850 λοιποῦ
2995 3796 3190 3866 μηκέτι
3227 3795 3386 3849 τοῦτο
3434 3795 3720 3865 γίνεσθαι’
3746 3796 3785 3845 εί
3807 3793 3863 3862 μὴ

2320 3889 2464 3943 κατὰ
2500 3890 2656 3957 λόγον
2691 3891 2718 3942 ὁ
2749 3889 3248 3961 χειροτονούμενος,
3277 3889 3369 3941 τὸν
3393 3887 3669 3958 ἱερατικὸν
3704 3884 3861 3955 προέλο

2320 3985 2403 4035 θοι
2444 3981 2687 4051 βαθμὸν,
2723 3983 2780 4035 ἐν
2828 3983 3044 4053 ἑκάστῳ
3071 3980 3315 4053 τάγματι
3368 3982 3463 4035 τὸν
3518 3979 3862 4051 νενομισμένον

2317 4075 2510 4145 χρόνον
2539 4075 2756 4145 ἁποπλη
2766 4077 2894 4147 ρῶν.

2403 4167 2466 4221 Ἦ
2501 4169 2547 4237 β’
2575 4168 2817 4233 διάταξις
2847 4170 2939 4222 τοῦ
2967 4177 3014 4223 α’
3041 4170 3148 4226 τίτ.
3180 4168 3290 4223 τῶν
3326 4168 3564 4241 νεαρῶν,
3595 4168 3652 4220 ού
3687 4182 3861 4233 συγχω-

2321 4259 2404 4325 ρεῖ
2427 4257 2534 4309 απὸ
2549 4256 2752 4309 λαῖκῶν
2773 4257 2973 4319 εὐθέως
2997 4257 3292 4309 ἐπίσκοπον
3314 4251 3860 4327 χειροτονεῖσθαι,ἁλὶὰ

2318 4348 2585 4418 πρότερον
2622 4348 2904 4418 κληρικὸν,
2936 4350 3028 4401 καὶ
3067 4349 3249 4419 μένειν
3276 4350 3367 4401 ἐπὶ
3400 4351 3555 4419 τρεῖς
3589 4346 3765 4417 μῆνας.
3786 4344 3861 4402 τὰς

2316 4440 2539 4512 Γραφὰς
2572 4440 2957 4511 διδασκόμενον
2989 4444 3080 4494 καὶ
3108 4443 3235 4504 τοὺς
3256 4442 3492 4505 κανόνας
3510 4459 3525 4473 ’
3567 4442 3599 4511 ἡ
3639 4440 3691 4492 δὲ
3718 4434 3863 4489 α’διά-

2318 4529 2471 4594 ταξις
2519 4529 2613 4582 τοῦ
2674 4529 2841 4585 αὑτοῦ
2895 4531 3000 4582 τίτ.
3039 4528 3287 4598 βούλεται
3330 4528 3495 4581 αὑτὸν
3527 4529 3627 4599 οὑχ
3658 4520 3796 4597 ἦττον

2327 4622 2513 4692 μηνῶν
2548 4622 3007 4693 προκληρωθῆναι
3039 4622 3071 4690 ἢ
3108 4624 3473 4691 προμονάσαι.

703 4716 856 4773 CAP.
886 4717 1003 4773 XII.
1039 4750 1107 4760 —
1138 4720 1413 4785 Quomodo
1450 4722 1494 4775 is
1518 4723 1607 4791 qui
1637 4737 1702 4774 ea:
1729 4724 2036 4792 paganitale
2066 4739 2213 4776 vene-

2402 4732 2657 4786 ΚΕΦΛᾹ.
2691 4729 2789 4784 1Β’.
2817 4759 2886 4769 —-
2914 4729 3045 4796 Πῶς
3067 4731 3099 4783 ό
3132 4728 3387 4796 ἐθνικὸς,
3406 4730 3444 4799 ἣ
3482 4730 3601 4785 ὀὲν
3614 4724 3859 4795 fdem,“

633 4810 725 4874 rit,
772 4810 849 4865 rel
910 4813 964 4864 in
1012 4813 1192 4865 morbo
1227 4813 1303 4866 vel
1338 4826 1566 4873 retentet
1598 4815 1897 4884 baptizatus
1933 4816 2115 4884 fuerit,
2150 4814 2226 4868 vel

648 4921 867 4975 pravam
915 4908 1078 4957 vitam
1147 4907 1394 4972 duxerit,
1457 4908 1731 4961 ordinetur
1790 4910 2061 4978 episcopus
2128 4916 2221 4960 aut

644 4996 883 5052 clericus.

1070 5088 1445 5154 Apostolorum
1471 5108 1638 5143 certon
1674 5091 1763 5147 80.

701 5176 772 5232 80
809 5175 944 5249 [79].
986 5176 1123 5252 Eum
1177 5180 1268 5249 qui
1305 5196 1369 5235 ex
1423 5184 1529 5237 vita
1580 5183 1763 5251 gentili
1819 5182 2116 5238 accesserit
2158 5190 2213 5237 et

633 5269 942 5338 baptizatus
992 5271 1175 5332 fuerit.
1214 5276 1294 5329 vel
1331 5290 1393 5327 ex
1437 5275 1682 5346 improba
1718 5276 1937 5330 vivendi
1973 5276 2208 5342 ratione,

631 5376 742 5413 non
782 5370 866 5416 est
898 5380 1112 5433 acquum
1147 5365 1251 5437 52
1288 5371 1537 5436 protinus
1573 5370 1889 5447 episcopum
1924 5368 2059 5422 ﬁeri.
2098 5368 2210 5421 lui-

630 5463 800 5517 quttm
827 5460 910 5504 est
942 5452 1113 5518 enim,
1162 5464 1218 5506 ut
1265 5456 1357 5524 qui
1399 5456 1482 5509 sui
1537 5458 1781 5511 nondum
1815 5457 2206 5529 experientiam

631 5539 953 5606 ostenderit,
998 5541 1070 5595 sit
1099 5543 1332 5596 aliorum
1363 5546 1639 5621 magister,
1676 5544 1781 5599 nisi
1824 5542 1966 5599 forte
1992 5545 2094 5598 hoc
2118 5543 2206 5597 di-

538 5632 549 5647 '
632 5630 753 5687 vina
780 5632 950 5701 gratia
980 5633 1092 5687 ﬁat.

1033 5745 1259 5801 Concilii
1286 5746 1492 5819 Nicwui
1525 5765 1696 5802 canon
1729 5748 1783 5803 2.

699 5840 752 5889 2.
784 5836 1056 5903 Quoniam
1098 5841 1292 5906 multa,
1341 5841 1427 5895 vel
1457 5841 1804 5907 necessitate,
1848 5839 1935 5895 vel
1964 5841 2206 5911 urgenti-

698 5959 743 6012 ιε
776 5955 794 6027 l
836 5955 979 6013 Tim.
1019 5959 1151 6025 tu,‘l
1199 5975 1349 6031 seqq.
1381 5976 1394 6025 ;
1423 5975 1474 6025 ν,
1497 5958 1530 6013 9
1564 5973 1716 6029 seqq.

2330 4819 2545 4872 νεωστί
2594 4816 2973 4883 βαπτισθεὶς,
3019 4816 3115 4870 καί
3142 4828 3173 4868 o
3213 4818 3281 4870 ἐκ
3311 4821 3557 4887 φαύλης
3584 4813 3856 4887 διαγωγῆς,

2328 4911 2747 4980 χειροτονεῖται
2776 4912 3111 4977 ἐπίσκοπος
3140 4910 3178 4981 ἢ
3220 4915 3530 4980 κληρικός.

2744 5090 3129 5143 Ἀποστόνιων
3153 5089 3355 5142 κανὼν
3388 5096 3468 5143 π’.

2392 5183 2467 5237 π’.
2516 5183 2621 5235 Τὸν
2670 5182 2731 5249 ἐξ
2770 5181 2987 5235 ἐθνικοῦ
3026 5182 3143 5251 βίου
3175 5181 3547 5251 προσελθόντα
3575 5183 3668 5234 καὶ
3696 5180 3860 5250 βαπτι-

2315 5271 2611 5345 σθέντα,ἢ
2663 5271 2728 5322 ἐκ
2790 5270 3001 5338 φαύλης
3058 5270 3357 5339 διαγωγῆς,
3410 5270 3475 5322 ού
3530 5270 3726 5323 δίκαιόν
3769 5270 3861 5319 ἐστι

2321 5364 2571 5436 παραυτὰ
2606 5362 3051 5433 προχειρίζεσθαι
3075 5362 3404 5415 ἐπίσκοπον·
3436 5362 3625 5415 ἄδικον
3644 5361 3760 5429 γὰρ,
3789 5358 3861 5409 τὸν

2321 5453 2547 5523 μηδέπω
2575 5457 2769 5522 πεῖραν
2793 5452 3220 5521 ἐπιδειξάμενον,
3245 5452 3449 5521 ἐτέρων
3473 5447 3613 5504 εἶναι
3640 5449 3860 5502 διδάσκι-

2316 5546 2435 5597 λον·
2473 5545 2519 5596 εί
2551 5544 2625 5614 μή
2658 5561 2761 5595 που
2790 5544 2932 5595 κατὰ
2963 5543 3113 5594 θείαν
3144 5542 3307 5612 χάριν
3324 5541 3481 5595 τοῦτο
3512 5543 3746 5610 γένηται.

2657 5743 2932 5800 Συνόδου
2962 5744 3208 5811 Νικαίας
3228 5742 3431 5798 κανὼν
3453 5743 3524 5813 β’.

2385 5839 2430 5912 β’
2502 5835 2724 5906 Ἐπειδῆ
2757 5836 2929 5890 πολλὰ
2946 5836 3066 5909 ἦτοι
3097 5836 3202 5891 ὑπὸ
3218 5830 3857 5921 ἀνάγκηςήβλλωςέπειη

1796 5957 1839 5989 ⁸⁷
1877 5955 2048 6012 Laud.
2080 5958 2147 6025 '5;
2180 5957 2332 6014 Sard.
2373 5957 2466 6021 13;
2501 5953 2719 6011 Cwlest.
2753 5953 2843 6007 2|.
