  <div class='ocr_page' id='page_1' title='image "/cluster/home/n/w/nwhite01/storage/ocr_20150623/104/hvd.32044018872853/256.png"; bbox 0 0 3994 6402; ppageno 0'>
   <div class='ocr_carea' id='block_1_1' title="bbox 175 371 1751 452">
    <p class='ocr_par' dir='ltr' id='par_1_1' title="bbox 175 371 1751 444">
     <span class='ocr_line' id='line_1_1' title="bbox 175 371 1751 444; baseline 0.006 -10"><span class='ocrx_word' id='word_1_1' title='bbox 175 371 258 435; x_wconf 73' lang='lat'><strong>501</strong></span> <span class='ocrx_word' id='word_1_2' title='bbox 891 377 1288 439; x_wconf 77' lang='lat' dir='ltr'><strong>SYNTAGMA</strong></span> <span class='ocrx_word' id='word_1_3' title='bbox 1327 382 1714 444; x_wconf 83' lang='lat' dir='ltr'><strong>CANONUM.</strong></span> <span class='ocrx_word' id='word_1_4' title='bbox 1746 411 1751 420; x_wconf 92' lang='grc'><strong>·</strong></span> 
     </span>
    </p>
   </div>
   <div class='ocr_carea' id='block_1_2' title="bbox 1872 371 3432 452">
    <p class='ocr_par' dir='ltr' id='par_1_2' title="bbox 1872 383 3432 452">
     <span class='ocr_line' id='line_1_2' title="bbox 1872 383 3432 452; baseline 0.003 -8"><span class='ocrx_word' id='word_1_5' title='bbox 1872 387 1977 446; x_wconf 83' lang='lat' dir='ltr'><strong>&#39;lT.</strong></span> <span class='ocrx_word' id='word_1_6' title='bbox 2011 386 2058 448; x_wconf 82' lang='grc' dir='ltr'>Ι.</span> <span class='ocrx_word' id='word_1_7' title='bbox 2100 387 2260 448; x_wconf 79' lang='lat' dir='ltr'><strong>CAP.</strong></span> <span class='ocrx_word' id='word_1_8' title='bbox 2294 383 2582 445; x_wconf 83' lang='grc' dir='ltr'><strong>ΧΙ-ΧΙΙῘ.</strong></span> <span class='ocrx_word' id='word_1_9' title='bbox 3320 388 3432 452; x_wconf 78' lang='lat'><strong>502&#39;</strong></span> 
     </span>
    </p>
   </div>
   <div class='ocr_carea' id='block_1_3' title="bbox 182 481 1751 560">
    <p class='ocr_par' dir='ltr' id='par_1_3' title="bbox 182 481 1727 558">
     <span class='ocr_line' id='line_1_3' title="bbox 182 481 1727 558; baseline 0.005 -23"><span class='ocrx_word' id='word_1_10' title='bbox 182 481 402 553; x_wconf 78' lang='grc' dir='ltr'>τομένων</span> <span class='ocrx_word' id='word_1_11' title='bbox 449 482 560 535; x_wconf 84' lang='grc' dir='ltr'>τῶν</span> <span class='ocrx_word' id='word_1_12' title='bbox 602 481 925 553; x_wconf 83' lang='grc' dir='ltr'>ἀνθρώπων,</span> <span class='ocrx_word' id='word_1_13' title='bbox 973 485 1372 558; x_wconf 76' lang='grc' dir='ltr'>ἐγένετο-παρὰ</span> <span class='ocrx_word' id='word_1_14' title='bbox 1404 487 1497 542; x_wconf 81' lang='grc' dir='ltr'><strong>τὸν</strong></span> <span class='ocrx_word' id='word_1_15' title='bbox 1526 501 1727 542; x_wconf 87' lang='grc' dir='ltr'>κανονα</span> 
     </span>
    </p>
   </div>
   <div class='ocr_carea' id='block_1_4' title="bbox 1872 481 3424 560">
    <p class='ocr_par' dir='ltr' id='par_1_4' title="bbox 1872 490 3424 560">
     <span class='ocr_line' id='line_1_4' title="bbox 1872 490 3424 560; baseline 0.003 -18"><span class='ocrx_word' id='word_1_16' title='bbox 1872 507 1933 545; x_wconf 90' lang='lat' dir='ltr'><strong>us</strong></span> <span class='ocrx_word' id='word_1_17' title='bbox 1957 490 2159 560; x_wconf 84' lang='lat' dir='ltr'><strong>alioqui</strong></span> <span class='ocrx_word' id='word_1_18' title='bbox 2189 490 2521 547; x_wconf 87' lang='lat' dir='ltr'><strong>hominibus.</strong></span> <span class='ocrx_word' id='word_1_19' title='bbox 2553 494 2746 558; x_wconf 74' lang='lat' dir='ltr'><strong>praeter</strong></span> <span class='ocrx_word' id='word_1_20' title='bbox 2786 502 3050 545; x_wconf 85' lang='lat' dir='ltr'><strong>canonem</strong></span> <span class='ocrx_word' id='word_1_21' title='bbox 3089 491 3424 547; x_wconf 74' lang='lat' dir='ltr'><strong>ecclesiasti—</strong></span> 
     </span>
    </p>
   </div>
   <div class='ocr_carea' id='block_1_5' title="bbox 177 572 1751 654">
    <p class='ocr_par' dir='ltr' id='par_1_5' title="bbox 177 572 1731 649">
     <span class='ocr_line' id='line_1_5' title="bbox 177 572 1731 649; baseline 0.004 -21"><span class='ocrx_word' id='word_1_22' title='bbox 177 574 252 628; x_wconf 78' lang='grc' dir='ltr'>τὸν</span> <span class='ocrx_word' id='word_1_23' title='bbox 299 572 773 646; x_wconf 74' lang='grc' dir='ltr'>ἐκκλησιαστικὸν,</span> <span class='ocrx_word' id='word_1_24' title='bbox 816 574 958 630; x_wconf 82' lang='grc' dir='ltr'>ὥστε</span> <span class='ocrx_word' id='word_1_25' title='bbox 1000 577 1322 649; x_wconf 77' lang='grc' dir='ltr'>ἀνθρώπους</span> <span class='ocrx_word' id='word_1_26' title='bbox 1374 579 1483 634; x_wconf 84' lang='grc' dir='ltr'><strong>άπδ</strong></span> <span class='ocrx_word' id='word_1_27' title='bbox 1520 580 1731 634; x_wconf 78' lang='grc' dir='ltr'>ὲθνικοῦ</span> 
     </span>
    </p>
   </div>
   <div class='ocr_carea' id='block_1_6' title="bbox 1872 572 3418 654">
    <p class='ocr_par' dir='ltr' id='par_1_6' title="bbox 1872 581 3418 654">
     <span class='ocr_line' id='line_1_6' title="bbox 1872 581 3418 654; baseline 0.002 -17"><span class='ocrx_word' id='word_1_28' title='bbox 1872 599 1955 637; x_wconf 91' lang='lat' dir='ltr'><strong>um</strong></span> <span class='ocrx_word' id='word_1_29' title='bbox 1992 582 2133 637; x_wconf 86' lang='lat' dir='ltr'><strong>facta</strong></span> <span class='ocrx_word' id='word_1_30' title='bbox 2167 590 2316 647; x_wconf 89' lang='lat' dir='ltr'><strong>sunt,</strong></span> <span class='ocrx_word' id='word_1_31' title='bbox 2353 591 2410 636; x_wconf 91' lang='lat' dir='ltr'><strong>ut</strong></span> <span class='ocrx_word' id='word_1_32' title='bbox 2454 581 2706 636; x_wconf 82' lang='lat' dir='ltr'><strong>homines</strong></span> <span class='ocrx_word' id='word_1_33' title='bbox 2767 583 2861 652; x_wconf 90' lang='lat' dir='ltr'><strong>qui</strong></span> <span class='ocrx_word' id='word_1_34' title='bbox 2888 596 2918 636; x_wconf 90' lang='lat' dir='ltr'><strong>e</strong></span> <span class='ocrx_word' id='word_1_35' title='bbox 2967 583 3076 637; x_wconf 91' lang='lat' dir='ltr'><strong>vita</strong></span> <span class='ocrx_word' id='word_1_36' title='bbox 3117 585 3306 654; x_wconf 76' lang='lat' dir='ltr'><strong>gentili</strong></span> <span class='ocrx_word' id='word_1_37' title='bbox 3350 587 3418 641; x_wconf 87' lang='lat' dir='ltr'><strong>ad</strong></span> 
     </span>
    </p>
   </div>
   <div class='ocr_carea' id='block_1_7' title="bbox 173 664 1751 747">
    <p class='ocr_par' dir='ltr' id='par_1_7' title="bbox 173 664 1734 743">
     <span class='ocr_line' id='line_1_7' title="bbox 173 664 1734 743; baseline 0.005 -26"><span class='ocrx_word' id='word_1_38' title='bbox 173 667 276 736; x_wconf 86' lang='grc' dir='ltr'>βίου</span> <span class='ocrx_word' id='word_1_39' title='bbox 320 666 448 736; x_wconf 80' lang='grc' dir='ltr'>ἄρτι</span> <span class='ocrx_word' id='word_1_40' title='bbox 501 664 898 736; x_wconf 77' lang='grc' dir='ltr'><strong>προσελθόντας</strong></span> <span class='ocrx_word' id='word_1_41' title='bbox 942 670 1008 738; x_wconf 84' lang='grc' dir='ltr'>τῇ</span> <span class='ocrx_word' id='word_1_42' title='bbox 1053 667 1270 734; x_wconf 90' lang='grc' dir='ltr'>πίστει,</span> <span class='ocrx_word' id='word_1_43' title='bbox 1307 671 1401 723; x_wconf 71' lang='grc' dir='ltr'><strong>καὶ</strong></span> <span class='ocrx_word' id='word_1_44' title='bbox 1454 673 1510 723; x_wconf 84' lang='grc' dir='ltr'>ὲν</span> <span class='ocrx_word' id='word_1_45' title='bbox 1570 671 1734 743; x_wconf 80' lang='grc' dir='ltr'>ὀλίγῳ</span> 
     </span>
    </p>
   </div>
   <div class='ocr_carea' id='block_1_8' title="bbox 1872 664 3422 747">
    <p class='ocr_par' dir='ltr' id='par_1_8' title="bbox 1876 676 3422 747">
     <span class='ocr_line' id='line_1_8' title="bbox 1876 676 3422 747; baseline 0.003 -19"><span class='ocrx_word' id='word_1_46' title='bbox 1876 677 1994 730; x_wconf 86' lang='lat' dir='ltr'><strong>dem</strong></span> <span class='ocrx_word' id='word_1_47' title='bbox 2034 691 2209 747; x_wconf 88' lang='lat' dir='ltr'><strong>nuper</strong></span> <span class='ocrx_word' id='word_1_48' title='bbox 2257 683 2630 740; x_wconf 87' lang='lat' dir='ltr'><strong>accesserunt,</strong></span> <span class='ocrx_word' id='word_1_49' title='bbox 2683 683 2736 730; x_wconf 88' lang='lat' dir='ltr'><strong>et</strong></span> <span class='ocrx_word' id='word_1_50' title='bbox 2767 676 3244 745; x_wconf 71' lang='lat' dir='ltr'><strong>exiguotempore</strong></span> <span class='ocrx_word' id='word_1_51' title='bbox 3274 687 3422 733; x_wconf 86' lang='lat' dir='ltr'><strong>cate-</strong></span> 
     </span>
    </p>
   </div>
   <div class='ocr_carea' id='block_1_9' title="bbox 173 755 1751 832">
    <p class='ocr_par' dir='ltr' id='par_1_9' title="bbox 173 755 1737 832">
     <span class='ocr_line' id='line_1_9' title="bbox 173 755 1737 832; baseline 0.006 -26"><span class='ocrx_word' id='word_1_52' title='bbox 173 755 335 826; x_wconf 70' lang='grc' dir='ltr'>χρόνῳ</span> <span class='ocrx_word' id='word_1_53' title='bbox 379 755 822 826; x_wconf 84' lang='grc' dir='ltr'>κατηχηθέντας,</span> <span class='ocrx_word' id='word_1_54' title='bbox 877 756 1041 821; x_wconf 83' lang='grc' dir='ltr'>εὐθὺς</span> <span class='ocrx_word' id='word_1_55' title='bbox 1102 758 1194 812; x_wconf 76' lang='grc' dir='ltr'>ἐπὶ</span> <span class='ocrx_word' id='word_1_56' title='bbox 1247 759 1308 812; x_wconf 84' lang='grc' dir='ltr'><strong>τὸ</strong></span> <span class='ocrx_word' id='word_1_57' title='bbox 1367 764 1737 832; x_wconf 83' lang='grc' dir='ltr'>πνευματικὸν</span> 
     </span>
    </p>
   </div>
   <div class='ocr_carea' id='block_1_10' title="bbox 1872 755 3422 832">
    <p class='ocr_par' dir='ltr' id='par_1_10' title="bbox 1873 764 3422 831">
     <span class='ocr_line' id='line_1_10' title="bbox 1873 764 3422 831; baseline 0.003 -13"><span class='ocrx_word' id='word_1_58' title='bbox 1873 765 2119 831; x_wconf 92' lang='lat' dir='ltr'><strong>humeni,</strong></span> <span class='ocrx_word' id='word_1_59' title='bbox 2167 766 2217 820; x_wconf 88' lang='lat' dir='ltr'><strong>id</strong></span> <span class='ocrx_word' id='word_1_60' title='bbox 2255 773 2359 830; x_wconf 85' lang='lat' dir='ltr'><strong>est,</strong></span> <span class='ocrx_word' id='word_1_61' title='bbox 2390 765 2586 820; x_wconf 92' lang='lat' dir='ltr'><strong>initiati</strong></span> <span class='ocrx_word' id='word_1_62' title='bbox 2625 764 2800 831; x_wconf 78' lang='lat' dir='ltr'><strong>tuere,</strong></span> <span class='ocrx_word' id='word_1_63' title='bbox 2830 765 3012 820; x_wconf 81' lang='lat' dir='ltr'><strong>statim</strong></span> <span class='ocrx_word' id='word_1_64' title='bbox 3045 768 3111 820; x_wconf 89' lang='lat' dir='ltr'><strong>ad</strong></span> <span class='ocrx_word' id='word_1_65' title='bbox 3143 767 3422 822; x_wconf 83' lang='lat' dir='ltr'><strong>lavacrum</strong></span> 
     </span>
    </p>
   </div>
   <div class='ocr_carea' id='block_1_11' title="bbox 173 847 1738 923">
    <p class='ocr_par' dir='ltr' id='par_1_11' title="bbox 173 847 1738 923">
     <span class='ocr_line' id='line_1_11' title="bbox 173 847 1738 923; baseline 0.007 -25"><span class='ocrx_word' id='word_1_66' title='bbox 173 848 377 918; x_wconf 81' lang='grc' dir='ltr'>λουτρὸν</span> <span class='ocrx_word' id='word_1_67' title='bbox 401 847 576 912; x_wconf 81' lang='grc' dir='ltr'><strong>ἄγειν,</strong></span> <span class='ocrx_word' id='word_1_68' title='bbox 606 849 701 902; x_wconf 80' lang='grc' dir='ltr'><strong>καὶ</strong></span> <span class='ocrx_word' id='word_1_69' title='bbox 728 849 842 919; x_wconf 76' lang='grc' dir='ltr'><strong>ἅμα</strong></span> <span class='ocrx_word' id='word_1_70' title='bbox 872 850 951 921; x_wconf 84' lang='grc' dir='ltr'>τῷ</span> <span class='ocrx_word' id='word_1_71' title='bbox 982 849 1628 923; x_wconf 79' lang='grc' dir='ltr'>βαπτισθῆναιπροάγειν</span> <span class='ocrx_word' id='word_1_72' title='bbox 1658 859 1738 920; x_wconf 87' lang='grc' dir='ltr'><strong>είς</strong></span> 
     </span>
    </p>
   </div>
   <div class='ocr_carea' id='block_1_12' title="bbox 172 939 1735 1016">
    <p class='ocr_par' dir='ltr' id='par_1_12' title="bbox 172 939 1735 1016">
     <span class='ocr_line' id='line_1_12' title="bbox 172 939 1735 1016; baseline 0.004 -24"><span class='ocrx_word' id='word_1_73' title='bbox 172 939 482 1010; x_wconf 70' lang='grc' dir='ltr'>ἐπισκοπὴν,</span> <span class='ocrx_word' id='word_1_74' title='bbox 509 941 540 1012; x_wconf 73' lang='grc' dir='ltr'>ἢ</span> <span class='ocrx_word' id='word_1_75' title='bbox 577 941 657 1004; x_wconf 77' lang='grc' dir='ltr'><strong>εἰς</strong></span> <span class='ocrx_word' id='word_1_76' title='bbox 685 939 1096 1011; x_wconf 79' lang='grc' dir='ltr'>πρεσϐυτέριον,</span> <span class='ocrx_word' id='word_1_77' title='bbox 1123 943 1305 1009; x_wconf 82' lang='grc' dir='ltr'>καλῶς</span> <span class='ocrx_word' id='word_1_78' title='bbox 1350 944 1529 1012; x_wconf 77' lang='grc' dir='ltr'>ἔδοξεν</span> <span class='ocrx_word' id='word_1_79' title='bbox 1569 946 1735 1016; x_wconf 81' lang='grc' dir='ltr'>ἔχειν,</span> 
     </span>
    </p>
   </div>
   <div class='ocr_carea' id='block_1_13' title="bbox 172 1030 1740 1107">
    <p class='ocr_par' dir='ltr' id='par_1_13' title="bbox 172 1030 1740 1107">
     <span class='ocr_line' id='line_1_13' title="bbox 172 1030 1740 1107; baseline 0.003 -23"><span class='ocrx_word' id='word_1_80' title='bbox 172 1030 253 1084; x_wconf 79' lang='grc' dir='ltr'><strong>τοῦ</strong></span> <span class='ocrx_word' id='word_1_81' title='bbox 296 1031 482 1084; x_wconf 80' lang='grc' dir='ltr'>Αοιποῦ</span> <span class='ocrx_word' id='word_1_82' title='bbox 528 1032 694 1103; x_wconf 80' lang='grc' dir='ltr'>μηδὲν</span> <span class='ocrx_word' id='word_1_83' title='bbox 746 1033 988 1086; x_wconf 84' lang='grc' dir='ltr'>τοιοῦτον</span> <span class='ocrx_word' id='word_1_84' title='bbox 1033 1034 1302 1101; x_wconf 88' lang='grc' dir='ltr'>γίνεσθαι.</span> <span class='ocrx_word' id='word_1_85' title='bbox 1336 1037 1444 1090; x_wconf 75' lang='grc' dir='ltr'>Καὶ</span> <span class='ocrx_word' id='word_1_86' title='bbox 1481 1037 1592 1107; x_wconf 81' lang='grc' dir='ltr'><strong>γάρ</strong></span> <span class='ocrx_word' id='word_1_87' title='bbox 1638 1038 1740 1090; x_wconf 59' lang='grc' dir='ltr'><strong>καὶ⁵</strong></span> 
     </span>
    </p>
   </div>
   <div class='ocr_carea' id='block_1_14' title="bbox 171 1122 1739 1198">
    <p class='ocr_par' dir='ltr' id='par_1_14' title="bbox 171 1122 1739 1198">
     <span class='ocr_line' id='line_1_14' title="bbox 171 1122 1739 1198; baseline 0.004 -23"><span class='ocrx_word' id='word_1_88' title='bbox 171 1123 350 1192; x_wconf 80' lang='grc' dir='ltr'>χρόνου</span> <span class='ocrx_word' id='word_1_89' title='bbox 387 1122 470 1176; x_wconf 86' lang='grc' dir='ltr'><strong>δεῖ</strong></span> <span class='ocrx_word' id='word_1_90' title='bbox 493 1123 568 1190; x_wconf 84' lang='grc' dir='ltr'>τῷ</span> <span class='ocrx_word' id='word_1_91' title='bbox 593 1124 1019 1195; x_wconf 80' lang='grc' dir='ltr'>κατηχουμένῳ·</span> <span class='ocrx_word' id='word_1_92' title='bbox 1046 1126 1146 1179; x_wconf 66' lang='grc' dir='ltr'><strong>καὶ</strong></span> <span class='ocrx_word' id='word_1_93' title='bbox 1173 1127 1311 1196; x_wconf 78' lang='grc' dir='ltr'>μετὰ</span> <span class='ocrx_word' id='word_1_94' title='bbox 1338 1127 1399 1180; x_wconf 83' lang='grc' dir='ltr'><strong>τὸ</strong></span> <span class='ocrx_word' id='word_1_95' title='bbox 1430 1127 1739 1198; x_wconf 78' lang='grc' dir='ltr'>βάπτισμα,</span> 
     </span>
    </p>
   </div>
   <div class='ocr_carea' id='block_1_15' title="bbox 171 1214 1743 1289">
    <p class='ocr_par' dir='ltr' id='par_1_15' title="bbox 171 1214 1743 1289">
     <span class='ocr_line' id='line_1_15' title="bbox 171 1214 1743 1289; baseline 0.005 -22"><span class='ocrx_word' id='word_1_96' title='bbox 171 1214 480 1283; x_wconf 77' lang='grc' dir='ltr'>δοκιμασίας</span> <span class='ocrx_word' id='word_1_97' title='bbox 499 1215 762 1276; x_wconf 87' lang='grc' dir='ltr'>πλείονος.</span> <span class='ocrx_word' id='word_1_98' title='bbox 777 1216 954 1285; x_wconf 79' lang='grc' dir='ltr'>Σαφὲς</span> <span class='ocrx_word' id='word_1_99' title='bbox 973 1216 1081 1287; x_wconf 83' lang='grc' dir='ltr'><strong>γὰρ</strong></span> <span class='ocrx_word' id='word_1_100' title='bbox 1102 1218 1161 1270; x_wconf 84' lang='grc' dir='ltr'><strong>τὸ</strong></span> <span class='ocrx_word' id='word_1_101' title='bbox 1187 1218 1544 1274; x_wconf 73' lang='grc' dir='ltr'>άποστολικὸν</span> <span class='ocrx_word' id='word_1_102' title='bbox 1561 1221 1743 1289; x_wconf 77' lang='grc' dir='ltr'>γράμ-</span> 
     </span>
    </p>
   </div>
   <div class='ocr_carea' id='block_1_16' title="bbox 174 1305 1746 1380">
    <p class='ocr_par' dir='ltr' id='par_1_16' title="bbox 174 1305 1746 1380">
     <span class='ocr_line' id='line_1_16' title="bbox 174 1305 1746 1380; baseline 0.003 -22"><span class='ocrx_word' id='word_1_103' title='bbox 174 1322 241 1375; x_wconf 80' lang='grc' dir='ltr'><strong>μα</strong></span> <span class='ocrx_word' id='word_1_104' title='bbox 273 1305 332 1358; x_wconf 79' lang='grc' dir='ltr'><strong>τὸ</strong></span> <span class='ocrx_word' id='word_1_105' title='bbox 357 1305 517 1373; x_wconf 84' lang='grc' dir='ltr'>λέγον</span> <span class='ocrx_word' id='word_1_106' title='bbox 542 1323 556 1338; x_wconf 77' lang='grc' dir='ltr'><strong>ο</strong></span> <span class='ocrx_word' id='word_1_107' title='bbox 583 1307 677 1375; x_wconf 78' lang='grc' dir='ltr'><strong>Μὴ</strong></span> <span class='ocrx_word' id='word_1_108' title='bbox 720 1309 1044 1376; x_wconf 67' lang='grc' dir='ltr'>νεόφυτον·</span> <span class='ocrx_word' id='word_1_109' title='bbox 1078 1311 1177 1363; x_wconf 80' lang='grc' dir='ltr'><strong>ἵνα</strong></span> <span class='ocrx_word' id='word_1_110' title='bbox 1205 1311 1290 1378; x_wconf 79' lang='grc' dir='ltr'>μὴ</span> <span class='ocrx_word' id='word_1_111' title='bbox 1325 1312 1633 1380; x_wconf 67' lang='grc' dir='ltr'>τυφωθεὶς,</span> <span class='ocrx_word' id='word_1_112' title='bbox 1659 1315 1746 1378; x_wconf 78' lang='grc' dir='ltr'><strong>εις</strong></span> 
     </span>
    </p>
   </div>
   <div class='ocr_carea' id='block_1_17' title="bbox 172 1396 1746 1468">
    <p class='ocr_par' dir='ltr' id='par_1_17' title="bbox 172 1396 1746 1468">
     <span class='ocr_line' id='line_1_17' title="bbox 172 1396 1746 1468; baseline 0.005 -20"><span class='ocrx_word' id='word_1_113' title='bbox 172 1396 334 1464; x_wconf 78' lang='grc' dir='ltr'>κρῖμα</span> <span class='ocrx_word' id='word_1_114' title='bbox 386 1398 625 1466; x_wconf 81' lang='grc' dir='ltr'>ἐμπέσῃ</span> <span class='ocrx_word' id='word_1_115' title='bbox 679 1401 773 1452; x_wconf 77' lang='grc' dir='ltr'>καί</span> <span class='ocrx_word' id='word_1_116' title='bbox 827 1399 1050 1468; x_wconf 72' lang='grc' dir='ltr'>παγίδα</span> <span class='ocrx_word' id='word_1_117' title='bbox 1109 1401 1217 1454; x_wconf 84' lang='grc' dir='ltr'>τοῦ</span> <span class='ocrx_word' id='word_1_118' title='bbox 1268 1401 1570 1456; x_wconf 82' lang='grc' dir='ltr'>διαϐόλου.</span> <span class='ocrx_word' id='word_1_119' title='bbox 1605 1404 1663 1456; x_wconf 81' lang='grc' dir='ltr'><strong>Εἰ</strong></span> <span class='ocrx_word' id='word_1_120' title='bbox 1692 1404 1746 1456; x_wconf 86' lang='grc' dir='ltr'>δὲ</span> 
     </span>
    </p>
   </div>
   <div class='ocr_carea' id='block_1_18' title="bbox 172 1483 1742 1564">
    <p class='ocr_par' dir='ltr' id='par_1_18' title="bbox 172 1483 1742 1564">
     <span class='ocr_line' id='line_1_18' title="bbox 172 1483 1742 1564; baseline 0.004 -25"><span class='ocrx_word' id='word_1_121' title='bbox 172 1489 444 1556; x_wconf 77' lang='grc' dir='ltr'>προϊόντος</span> <span class='ocrx_word' id='word_1_122' title='bbox 472 1489 567 1542; x_wconf 78' lang='grc' dir='ltr'><strong>τοῦ</strong></span> <span class='ocrx_word' id='word_1_123' title='bbox 598 1491 788 1560; x_wconf 84' lang='grc' dir='ltr'>χρόνου</span> <span class='ocrx_word' id='word_1_124' title='bbox 814 1483 1042 1561; x_wconf 77' lang='grc' dir='ltr'>ψυχικόν</span> <span class='ocrx_word' id='word_1_125' title='bbox 1065 1509 1115 1544; x_wconf 84' lang='grc' dir='ltr'><strong>τι</strong></span> <span class='ocrx_word' id='word_1_126' title='bbox 1143 1492 1452 1562; x_wconf 75' lang='grc' dir='ltr'>ἁμάρτημα.</span> <span class='ocrx_word' id='word_1_127' title='bbox 1486 1492 1742 1564; x_wconf 78' lang='grc' dir='ltr'>εὑρεθείη</span> 
     </span>
    </p>
   </div>
   <div class='ocr_carea' id='block_1_19' title="bbox 173 1580 1746 1655">
    <p class='ocr_par' dir='ltr' id='par_1_19' title="bbox 173 1580 1746 1655">
     <span class='ocr_line' id='line_1_19' title="bbox 173 1580 1746 1655; baseline 0.006 -26"><span class='ocrx_word' id='word_1_128' title='bbox 173 1581 291 1647; x_wconf 74' lang='grc' dir='ltr'>περὶ</span> <span class='ocrx_word' id='word_1_129' title='bbox 341 1580 403 1632; x_wconf 79' lang='grc' dir='ltr'>τὸ</span> <span class='ocrx_word' id='word_1_130' title='bbox 453 1582 768 1653; x_wconf 83' lang='grc' dir='ltr'>πρόσωπον,</span> <span class='ocrx_word' id='word_1_131' title='bbox 819 1584 914 1635; x_wconf 54' lang='grc' dir='ltr'><strong>καὶ⁸</strong></span> <span class='ocrx_word' id='word_1_132' title='bbox 964 1583 1242 1654; x_wconf 77' lang='grc' dir='ltr'>ἐλέγχοιτο</span> <span class='ocrx_word' id='word_1_133' title='bbox 1261 1585 1364 1636; x_wconf 73' lang='grc' dir='ltr'>ὑπὸ</span> <span class='ocrx_word' id='word_1_134' title='bbox 1398 1583 1549 1655; x_wconf 81' lang='grc' dir='ltr'><strong>δύοῆ</strong></span> <span class='ocrx_word' id='word_1_135' title='bbox 1581 1585 1746 1654; x_wconf 84' lang='grc' dir='ltr'>τριῶν</span> 
     </span>
    </p>
   </div>
   <div class='ocr_carea' id='block_1_20' title="bbox 177 1670 1747 1745">
    <p class='ocr_par' dir='ltr' id='par_1_20' title="bbox 177 1670 1747 1745">
     <span class='ocr_line' id='line_1_20' title="bbox 177 1670 1747 1745; baseline 0.004 -25"><span class='ocrx_word' id='word_1_136' title='bbox 177 1670 482 1740; x_wconf 79' lang='grc' dir='ltr'>μαρτύρων,</span> <span class='ocrx_word' id='word_1_137' title='bbox 527 1673 828 1726; x_wconf 76' lang='grc' dir='ltr'>πεπαύσθω</span> <span class='ocrx_word' id='word_1_138' title='bbox 859 1675 886 1726; x_wconf 84' lang='grc' dir='ltr'>ὁ</span> <span class='ocrx_word' id='word_1_139' title='bbox 915 1673 1160 1736; x_wconf 82' lang='grc' dir='ltr'>τοιοῦτος</span> <span class='ocrx_word' id='word_1_140' title='bbox 1204 1674 1297 1728; x_wconf 80' lang='grc' dir='ltr'>τοῦ</span> <span class='ocrx_word' id='word_1_141' title='bbox 1330 1675 1559 1745; x_wconf 84' lang='grc' dir='ltr'>κλήρου.</span> <span class='ocrx_word' id='word_1_142' title='bbox 1596 1677 1656 1729; x_wconf 89' lang='lat'><strong>&#39;0</strong></span> <span class='ocrx_word' id='word_1_143' title='bbox 1691 1677 1747 1727; x_wconf 83' lang='grc' dir='ltr'>δὲ</span> 
     </span>
    </p>
   </div>
   <div class='ocr_carea' id='block_1_21' title="bbox 174 1761 1748 1838">
    <p class='ocr_par' dir='ltr' id='par_1_21' title="bbox 174 1761 1748 1838">
     <span class='ocr_line' id='line_1_21' title="bbox 174 1761 1748 1838; baseline 0.003 -26"><span class='ocrx_word' id='word_1_144' title='bbox 174 1761 311 1830; x_wconf 82' lang='grc' dir='ltr'><strong>παρὰ</strong></span> <span class='ocrx_word' id='word_1_145' title='bbox 331 1763 504 1815; x_wconf 79' lang='grc' dir='ltr'>ταῦτα</span> <span class='ocrx_word' id='word_1_146' title='bbox 537 1765 727 1827; x_wconf 84' lang='grc' dir='ltr'>ποιῶν,</span> <span class='ocrx_word' id='word_1_147' title='bbox 769 1765 843 1828; x_wconf 86' lang='grc' dir='ltr'>ὡς</span> <span class='ocrx_word' id='word_1_148' title='bbox 874 1765 1172 1819; x_wconf 79' lang='grc' dir='ltr'>ὑπεναντία</span> <span class='ocrx_word' id='word_1_149' title='bbox 1200 1769 1266 1837; x_wconf 80' lang='grc' dir='ltr'>τῇ</span> <span class='ocrx_word' id='word_1_150' title='bbox 1303 1768 1518 1838; x_wconf 79' lang='grc' dir='ltr'><strong>μεγάλῃ</strong></span> <span class='ocrx_word' id='word_1_151' title='bbox 1546 1767 1748 1837; x_wconf 81' lang='grc' dir='ltr'>συνόδῳ</span> 
     </span>
    </p>
   </div>
   <div class='ocr_carea' id='block_1_22' title="bbox 1840 857 3420 929">
    <p class='ocr_par' dir='ltr' id='par_1_22' title="bbox 1840 857 3420 929">
     <span class='ocr_line' id='line_1_22' title="bbox 1840 857 3420 929; baseline 0.003 -17"><span class='ocrx_word' id='word_1_152' title='bbox 1840 859 2083 928; x_wconf 74' lang='lat' dir='ltr'><strong>spiritale</strong></span> <span class='ocrx_word' id='word_1_153' title='bbox 2132 859 2424 914; x_wconf 88' lang='lat' dir='ltr'><strong>deducant.</strong></span> <span class='ocrx_word' id='word_1_154' title='bbox 2466 857 2533 912; x_wconf 88' lang='lat' dir='ltr'><strong>Et</strong></span> <span class='ocrx_word' id='word_1_155' title='bbox 2577 859 2738 913; x_wconf 87' lang='lat' dir='ltr'><strong>simul</strong></span> <span class='ocrx_word' id='word_1_156' title='bbox 2782 874 2847 915; x_wconf 93' lang='lat' dir='ltr'><strong>ac</strong></span> <span class='ocrx_word' id='word_1_157' title='bbox 2898 859 3155 929; x_wconf 84' lang='lat' dir='ltr'><strong>baptizati</strong></span> <span class='ocrx_word' id='word_1_158' title='bbox 3193 859 3420 926; x_wconf 79' lang='lat' dir='ltr'><strong>fuerint,</strong></span> 
     </span>
    </p>
   </div>
   <div class='ocr_carea' id='block_1_23' title="bbox 1841 951 3425 1022">
    <p class='ocr_par' dir='ltr' id='par_1_23' title="bbox 1841 951 3425 1022">
     <span class='ocr_line' id='line_1_23' title="bbox 1841 951 3425 1022; baseline 0.003 -19"><span class='ocrx_word' id='word_1_159' title='bbox 1841 953 1904 1003; x_wconf 84' lang='lat' dir='ltr'><strong>ad</strong></span> <span class='ocrx_word' id='word_1_160' title='bbox 1930 951 2306 1022; x_wconf 85' lang='lat' dir='ltr'><strong>episcopatum</strong></span> <span class='ocrx_word' id='word_1_161' title='bbox 2337 952 2422 1006; x_wconf 86' lang='lat' dir='ltr'><strong>vel</strong></span> <span class='ocrx_word' id='word_1_162' title='bbox 2452 951 2885 1022; x_wconf 83' lang='lat' dir='ltr'><strong>presbyteratum</strong></span> <span class='ocrx_word' id='word_1_163' title='bbox 2912 951 3235 1020; x_wconf 78' lang='lat' dir='ltr'><strong>provehaut,</strong></span> <span class='ocrx_word' id='word_1_164' title='bbox 3277 962 3425 1007; x_wconf 77' lang='lat' dir='ltr'><strong>recte</strong></span> 
     </span>
    </p>
   </div>
   <div class='ocr_carea' id='block_1_24' title="bbox 1844 1043 3420 1113">
    <p class='ocr_par' dir='ltr' id='par_1_24' title="bbox 1844 1043 3420 1113">
     <span class='ocr_line' id='line_1_24' title="bbox 1844 1043 3420 1113; baseline -0.001 -16"><span class='ocrx_word' id='word_1_165' title='bbox 1844 1044 2042 1098; x_wconf 87' lang='lat' dir='ltr'><strong>habere</strong></span> <span class='ocrx_word' id='word_1_166' title='bbox 2071 1044 2250 1098; x_wconf 87' lang='lat' dir='ltr'><strong>visum</strong></span> <span class='ocrx_word' id='word_1_167' title='bbox 2287 1052 2390 1108; x_wconf 91' lang='lat' dir='ltr'><strong>est,</strong></span> <span class='ocrx_word' id='word_1_168' title='bbox 2425 1052 2485 1098; x_wconf 91' lang='lat' dir='ltr'><strong>ut</strong></span> <span class='ocrx_word' id='word_1_169' title='bbox 2514 1043 2774 1113; x_wconf 83' lang='lat' dir='ltr'><strong>deinceps</strong></span> <span class='ocrx_word' id='word_1_170' title='bbox 2822 1043 2958 1096; x_wconf 90' lang='lat' dir='ltr'><strong>nihil</strong></span> <span class='ocrx_word' id='word_1_171' title='bbox 3001 1044 3108 1097; x_wconf 83' lang='lat' dir='ltr'><strong>tale</strong></span> <span class='ocrx_word' id='word_1_172' title='bbox 3139 1043 3251 1098; x_wconf 84' lang='lat' dir='ltr'><strong>fiat.</strong></span> <span class='ocrx_word' id='word_1_173' title='bbox 3285 1043 3420 1097; x_wconf 73' lang='lat' dir='ltr'><strong>Narn</strong></span> 
     </span>
    </p>
   </div>
   <div class='ocr_carea' id='block_1_25' title="bbox 1843 1135 3423 1206">
    <p class='ocr_par' dir='ltr' id='par_1_25' title="bbox 1843 1135 3423 1206">
     <span class='ocr_line' id='line_1_25' title="bbox 1843 1135 3423 1206; baseline 0.001 -17"><span class='ocrx_word' id='word_1_174' title='bbox 1843 1135 2314 1190; x_wconf 86' lang='lat' dir='ltr'><strong>cteatechumeno</strong></span> <span class='ocrx_word' id='word_1_175' title='bbox 2362 1145 2608 1205; x_wconf 88' lang='lat' dir='ltr'><strong>tempore</strong></span> <span class='ocrx_word' id='word_1_176' title='bbox 2668 1151 2805 1205; x_wconf 84' lang='lat' dir='ltr'><strong>opus</strong></span> <span class='ocrx_word' id='word_1_177' title='bbox 2852 1145 2956 1201; x_wconf 88' lang='lat' dir='ltr'><strong>est,</strong></span> <span class='ocrx_word' id='word_1_178' title='bbox 2984 1144 3038 1190; x_wconf 87' lang='lat' dir='ltr'><strong>et</strong></span> <span class='ocrx_word' id='word_1_179' title='bbox 3069 1146 3195 1205; x_wconf 91' lang='lat' dir='ltr'><strong>post</strong></span> <span class='ocrx_word' id='word_1_180' title='bbox 3245 1136 3423 1206; x_wconf 79' lang='lat' dir='ltr'><strong>bapti—</strong></span> 
     </span>
    </p>
   </div>
   <div class='ocr_carea' id='block_1_26' title="bbox 1846 1226 3424 1298">
    <p class='ocr_par' dir='ltr' id='par_1_26' title="bbox 1846 1226 3424 1298">
     <span class='ocr_line' id='line_1_26' title="bbox 1846 1226 3424 1298; baseline 0.001 -17"><span class='ocrx_word' id='word_1_181' title='bbox 1846 1242 2022 1281; x_wconf 84' lang='lat' dir='ltr'><strong>smum</strong></span> <span class='ocrx_word' id='word_1_182' title='bbox 2077 1226 2394 1295; x_wconf 79' lang='lat' dir='ltr'><strong>probatione</strong></span> <span class='ocrx_word' id='word_1_183' title='bbox 2424 1227 2652 1297; x_wconf 86' lang='lat' dir='ltr'><strong>majore.</strong></span> <span class='ocrx_word' id='word_1_184' title='bbox 2674 1227 2936 1298; x_wconf 85' lang='lat' dir='ltr'><strong>Apertum</strong></span> <span class='ocrx_word' id='word_1_185' title='bbox 2978 1230 3124 1284; x_wconf 90' lang='lat' dir='ltr'><strong>enim</strong></span> <span class='ocrx_word' id='word_1_186' title='bbox 3166 1239 3250 1285; x_wconf 89' lang='lat' dir='ltr'><strong>est</strong></span> <span class='ocrx_word' id='word_1_187' title='bbox 3285 1231 3424 1285; x_wconf 84' lang='lat' dir='ltr'><strong>seri--</strong></span> 
     </span>
    </p>
   </div>
   <div class='ocr_carea' id='block_1_27' title="bbox 1847 1316 3422 1390">
    <p class='ocr_par' dir='ltr' id='par_1_27' title="bbox 1847 1316 3422 1390">
     <span class='ocr_line' id='line_1_27' title="bbox 1847 1316 3422 1390; baseline 0.007 -22"><span class='ocrx_word' id='word_1_188' title='bbox 1847 1325 1994 1385; x_wconf 85' lang='lat' dir='ltr'><strong>ptum</strong></span> <span class='ocrx_word' id='word_1_189' title='bbox 2030 1316 2410 1386; x_wconf 89' lang='lat' dir='ltr'><strong>apostolicum,</strong></span> <span class='ocrx_word' id='word_1_190' title='bbox 2441 1318 2587 1386; x_wconf 91' lang='lat' dir='ltr'><strong>quod</strong></span> <span class='ocrx_word' id='word_1_191' title='bbox 2633 1318 2804 1373; x_wconf 88' lang='lat' dir='ltr'><strong>dicit:</strong></span> <span class='ocrx_word' id='word_1_192' title='bbox 2862 1317 3325 1390; x_wconf 77' lang='lat' dir='ltr'><strong>Nonneopltytum</strong></span> <span class='ocrx_word' id='word_1_193' title='bbox 3354 1322 3422 1379; x_wconf 74' lang='grc'><strong>⁸³.</strong></span> 
     </span>
    </p>
   </div>
   <div class='ocr_carea' id='block_1_28' title="bbox 1850 1408 3424 1481">
    <p class='ocr_par' dir='ltr' id='par_1_28' title="bbox 1850 1408 3424 1481">
     <span class='ocr_line' id='line_1_28' title="bbox 1850 1408 3424 1481; baseline 0.003 -20"><span class='ocrx_word' id='word_1_194' title='bbox 1850 1408 1898 1461; x_wconf 91' lang='lat' dir='ltr'><strong>id</strong></span> <span class='ocrx_word' id='word_1_195' title='bbox 1927 1419 2030 1469; x_wconf 84' lang='lat' dir='ltr'><strong>est.</strong></span> <span class='ocrx_word' id='word_1_196' title='bbox 2074 1423 2266 1464; x_wconf 83' lang='lat' dir='ltr'><strong>recens</strong></span> <span class='ocrx_word' id='word_1_197' title='bbox 2309 1409 2611 1478; x_wconf 87' lang='lat' dir='ltr'><strong>plantatum</strong></span> <span class='ocrx_word' id='word_1_198' title='bbox 2647 1425 2660 1462; x_wconf 88' lang='lat'><strong>:</strong></span> <span class='ocrx_word' id='word_1_199' title='bbox 2707 1409 2790 1465; x_wconf 91' lang='lat' dir='ltr'><strong>Ne</strong></span> <span class='ocrx_word' id='word_1_200' title='bbox 2820 1411 3038 1481; x_wconf 82' lang='lat' dir='ltr'><strong>inﬂatus</strong></span> <span class='ocrx_word' id='word_1_201' title='bbox 3072 1416 3125 1466; x_wconf 87' lang='lat' dir='ltr'><strong>in</strong></span> <span class='ocrx_word' id='word_1_202' title='bbox 3154 1413 3424 1481; x_wconf 81' lang='lat' dir='ltr'><strong>judicium</strong></span> 
     </span>
    </p>
   </div>
   <div class='ocr_carea' id='block_1_29' title="bbox 1849 1495 3527 1569">
    <p class='ocr_par' dir='ltr' id='par_1_29' title="bbox 1849 1495 3527 1569">
     <span class='ocr_line' id='line_1_29' title="bbox 1849 1495 3527 1569; baseline 0.001 -21"><span class='ocrx_word' id='word_1_203' title='bbox 1849 1495 2050 1548; x_wconf 75' lang='lat' dir='ltr'><strong>im&#39;idat</strong></span> <span class='ocrx_word' id='word_1_204' title='bbox 2108 1506 2157 1549; x_wconf 86' lang='lat' dir='ltr'><strong>et</strong></span> <span class='ocrx_word' id='word_1_205' title='bbox 2208 1495 2409 1548; x_wconf 83' lang='lat' dir='ltr'><strong>diaboli</strong></span> <span class='ocrx_word' id='word_1_206' title='bbox 2446 1497 2713 1566; x_wconf 80' lang='lat' dir='ltr'><strong>laqueum.</strong></span> <span class='ocrx_word' id='word_1_207' title='bbox 2762 1497 2818 1551; x_wconf 92' lang='lat' dir='ltr'><strong>Si</strong></span> <span class='ocrx_word' id='word_1_208' title='bbox 2863 1509 3046 1553; x_wconf 89' lang='lat' dir='ltr'><strong>autem</strong></span> <span class='ocrx_word' id='word_1_209' title='bbox 3101 1501 3425 1569; x_wconf 76' lang='lat' dir='ltr'><strong>procedente</strong></span> <span class='ocrx_word' id='word_1_210' title='bbox 3523 1545 3527 1550; x_wconf 94' lang='lat'><strong>.</strong></span> 
     </span>
    </p>
   </div>
   <div class='ocr_carea' id='block_1_30' title="bbox 1850 1588 3426 1663">
    <p class='ocr_par' dir='ltr' id='par_1_30' title="bbox 1850 1588 3426 1663">
     <span class='ocr_line' id='line_1_30' title="bbox 1850 1588 3426 1663; baseline 0.004 -23"><span class='ocrx_word' id='word_1_211' title='bbox 1850 1596 2112 1655; x_wconf 83' lang='lat' dir='ltr'><strong>tempore,</strong></span> <span class='ocrx_word' id='word_1_212' title='bbox 2154 1588 2390 1642; x_wconf 84' lang='lat' dir='ltr'><strong>animale</strong></span> <span class='ocrx_word' id='word_1_213' title='bbox 2443 1588 2662 1658; x_wconf 85' lang='lat' dir='ltr'><strong>aliquod</strong></span> <span class='ocrx_word' id='word_1_214' title='bbox 2715 1600 2998 1660; x_wconf 87' lang='lat' dir='ltr'><strong>peccatum</strong></span> <span class='ocrx_word' id='word_1_215' title='bbox 3040 1593 3186 1646; x_wconf 88' lang='lat' dir='ltr'><strong>circa</strong></span> <span class='ocrx_word' id='word_1_216' title='bbox 3236 1608 3426 1663; x_wconf 87' lang='lat' dir='ltr'><strong>perso-</strong></span> 
     </span>
    </p>
   </div>
   <div class='ocr_carea' id='block_1_31' title="bbox 1854 1678 3424 1750">
    <p class='ocr_par' dir='ltr' id='par_1_31' title="bbox 1854 1678 3424 1750">
     <span class='ocr_line' id='line_1_31' title="bbox 1854 1678 3424 1750; baseline 0.005 -20"><span class='ocrx_word' id='word_1_217' title='bbox 1854 1693 1976 1732; x_wconf 89' lang='lat' dir='ltr'><strong>nam</strong></span> <span class='ocrx_word' id='word_1_218' title='bbox 2026 1679 2306 1733; x_wconf 88' lang='lat' dir='ltr'><strong>inventum</strong></span> <span class='ocrx_word' id='word_1_219' title='bbox 2355 1678 2539 1746; x_wconf 80' lang='lat' dir='ltr'><strong>fuerit,</strong></span> <span class='ocrx_word' id='word_1_220' title='bbox 2580 1688 2633 1735; x_wconf 91' lang='lat' dir='ltr'><strong>et</strong></span> <span class='ocrx_word' id='word_1_221' title='bbox 2662 1696 2696 1735; x_wconf 85' lang='lat' dir='ltr'><strong>a</strong></span> <span class='ocrx_word' id='word_1_222' title='bbox 2721 1681 2935 1736; x_wconf 89' lang='lat' dir='ltr'><strong>duobus</strong></span> <span class='ocrx_word' id='word_1_223' title='bbox 2964 1683 3044 1736; x_wconf 88' lang='lat' dir='ltr'><strong>vel</strong></span> <span class='ocrx_word' id='word_1_224' title='bbox 3084 1683 3259 1738; x_wconf 78' lang='lat' dir='ltr'><strong>tribus</strong></span> <span class='ocrx_word' id='word_1_225' title='bbox 3303 1698 3424 1750; x_wconf 81' lang='lat' dir='ltr'><strong>per-</strong></span> 
     </span>
    </p>
   </div>
   <div class='ocr_carea' id='block_1_32' title="bbox 1853 1771 3422 1842">
    <p class='ocr_par' dir='ltr' id='par_1_32' title="bbox 1853 1771 3422 1842">
     <span class='ocr_line' id='line_1_32' title="bbox 1853 1771 3422 1842; baseline 0.001 -18"><span class='ocrx_word' id='word_1_226' title='bbox 1853 1771 2003 1826; x_wconf 87' lang='lat' dir='ltr'><strong>sonis</strong></span> <span class='ocrx_word' id='word_1_227' title='bbox 2035 1771 2426 1826; x_wconf 84' lang='lat' dir='ltr'><strong>convincatur:</strong></span> <span class='ocrx_word' id='word_1_228' title='bbox 2454 1780 2652 1838; x_wconf 87' lang='lat' dir='ltr'><strong>cesset,</strong></span> <span class='ocrx_word' id='word_1_229' title='bbox 2692 1773 2824 1842; x_wconf 85' lang='lat' dir='ltr'><strong>quia</strong></span> <span class='ocrx_word' id='word_1_230' title='bbox 2873 1772 2998 1827; x_wconf 89' lang='lat' dir='ltr'><strong>talis</strong></span> <span class='ocrx_word' id='word_1_231' title='bbox 3048 1780 3153 1838; x_wconf 86' lang='lat' dir='ltr'><strong>est,</strong></span> <span class='ocrx_word' id='word_1_232' title='bbox 3192 1787 3223 1826; x_wconf 89' lang='lat' dir='ltr'><strong>a</strong></span> <span class='ocrx_word' id='word_1_233' title='bbox 3254 1773 3422 1827; x_wconf 88' lang='lat' dir='ltr'><strong>clero.</strong></span> 
     </span>
    </p>
   </div>
   <div class='ocr_carea' id='block_1_33' title="bbox 176 1832 1751 1935">
    <p class='ocr_par' dir='ltr' id='par_1_33' title="bbox 176 1850 1746 1928">
     <span class='ocr_line' id='line_1_33' title="bbox 176 1850 1746 1928; baseline 0.004 -26"><span class='ocrx_word' id='word_1_234' title='bbox 176 1850 596 1923; x_wconf 76' lang='grc' dir='ltr'>θρασυνόμενος,</span> <span class='ocrx_word' id='word_1_235' title='bbox 650 1855 811 1916; x_wconf 77' lang='grc' dir='ltr'>αὐτὸς</span> <span class='ocrx_word' id='word_1_236' title='bbox 882 1855 1220 1908; x_wconf 77' lang='grc' dir='ltr'>κινδυνεύσει</span> <span class='ocrx_word' id='word_1_237' title='bbox 1273 1858 1402 1928; x_wconf 71' lang='grc' dir='ltr'>περὶ</span> <span class='ocrx_word' id='word_1_238' title='bbox 1466 1857 1558 1909; x_wconf 74' lang='grc' dir='ltr'>τὸν</span> <span class='ocrx_word' id='word_1_239' title='bbox 1616 1857 1746 1908; x_wconf 81' lang='grc' dir='ltr'>ἴδιον</span> 
     </span>
    </p>
   </div>
   <div class='ocr_carea' id='block_1_34' title="bbox 1872 1832 3440 1935">
    <p class='ocr_par' dir='ltr' id='par_1_34' title="bbox 1872 1832 3440 1935">
     <span class='ocr_line' id='line_1_34' title="bbox 1872 1832 3440 1935; baseline 0.008 -24"><span class='ocrx_word' id='word_1_240' title='bbox 1872 1862 1952 1929; x_wconf 65' lang='lat' dir='ltr'><strong>)ui</strong></span> <span class='ocrx_word' id='word_1_241' title='bbox 1987 1870 2167 1916; x_wconf 88' lang='lat' dir='ltr'><strong>autem</strong></span> <span class='ocrx_word' id='word_1_242' title='bbox 2201 1874 2397 1932; x_wconf 67' lang='lat' dir='ltr'><strong>prazter</strong></span> <span class='ocrx_word' id='word_1_243' title='bbox 2427 1863 2543 1919; x_wconf 60' lang='lat' dir='ltr'><strong>hac</strong></span> <span class='ocrx_word' id='word_1_244' title='bbox 2573 1832 2725 1928; x_wconf 62' lang='lat' dir='ltr'><strong>facit,</strong></span> <span class='ocrx_word' id='word_1_245' title='bbox 2752 1873 2811 1918; x_wconf 89' lang='lat' dir='ltr'><strong>ut</strong></span> <span class='ocrx_word' id='word_1_246' title='bbox 2845 1864 2940 1933; x_wconf 86' lang='lat' dir='ltr'><strong>qui</strong></span> <span class='ocrx_word' id='word_1_247' title='bbox 2969 1878 3180 1934; x_wconf 64' lang='lat' dir='ltr'><strong>magna:</strong></span> <span class='ocrx_word' id='word_1_248' title='bbox 3212 1863 3440 1935; x_wconf 60' lang='lat' dir='ltr'><strong>synodo.</strong></span> 
     </span>
    </p>
   </div>
   <div class='ocr_carea' id='block_1_35' title="bbox 179 1943 380 2014">
    <p class='ocr_par' dir='ltr' id='par_1_35' title="bbox 179 1943 380 2014">
     <span class='ocr_line' id='line_1_35' title="bbox 179 1943 380 2014; baseline 0.02 -19"><span class='ocrx_word' id='word_1_249' title='bbox 179 1943 264 2012; x_wconf 77' lang='grc' dir='ltr'>κλῆ</span> <span class='ocrx_word' id='word_1_250' title='bbox 274 1961 380 2014; x_wconf 87' lang='grc' dir='ltr'>ρον.</span> 
     </span>
    </p>
   </div>
   <div class='ocr_carea' id='block_1_36' title="bbox 393 2123 1513 2196">
    <p class='ocr_par' dir='ltr' id='par_1_36' title="bbox 393 2123 1513 2196">
     <span class='ocr_line' id='line_1_36' title="bbox 393 2123 1513 2196; baseline 0.004 -18"><span class='ocrx_word' id='word_1_251' title='bbox 393 2123 666 2178; x_wconf 81' lang='grc' dir='ltr'>Συνόδου</span> <span class='ocrx_word' id='word_1_252' title='bbox 694 2125 1163 2193; x_wconf 82' lang='grc' dir='ltr'>Νεοκαισαρείας</span> <span class='ocrx_word' id='word_1_253' title='bbox 1187 2125 1389 2180; x_wconf 80' lang='grc' dir='ltr'>κανὼν</span> <span class='ocrx_word' id='word_1_254' title='bbox 1423 2123 1513 2196; x_wconf 84' lang='grc' dir='ltr'>ιβ’.</span> 
     </span>
    </p>
   </div>
   <div class='ocr_carea' id='block_1_37' title="bbox 243 2213 1753 2290">
    <p class='ocr_par' dir='ltr' id='par_1_37' title="bbox 243 2213 1753 2290">
     <span class='ocr_line' id='line_1_37' title="bbox 243 2213 1753 2290; baseline 0.001 -21"><span class='ocrx_word' id='word_1_255' title='bbox 243 2213 324 2286; x_wconf 80' lang='grc' dir='ltr'>ιβ’.</span> <span class='ocrx_word' id='word_1_256' title='bbox 365 2217 494 2270; x_wconf 76' lang='grc' dir='ltr'><strong>Ἐὰν</strong></span> <span class='ocrx_word' id='word_1_257' title='bbox 553 2218 725 2270; x_wconf 83' lang='grc' dir='ltr'>νοσῶν</span> <span class='ocrx_word' id='word_1_258' title='bbox 761 2235 844 2282; x_wconf 86' lang='grc' dir='ltr'><strong>τις</strong></span> <span class='ocrx_word' id='word_1_259' title='bbox 903 2217 1171 2289; x_wconf 78' lang='grc' dir='ltr'>φωτισθῇ,</span> <span class='ocrx_word' id='word_1_260' title='bbox 1223 2220 1302 2282; x_wconf 77' lang='grc' dir='ltr'><strong>είς</strong></span> <span class='ocrx_word' id='word_1_261' title='bbox 1352 2216 1753 2290; x_wconf 83' lang='grc' dir='ltr'>πρεσϐυτέριον</span> 
     </span>
    </p>
   </div>
   <div class='ocr_carea' id='block_1_38' title="bbox 180 2307 1749 2383">
    <p class='ocr_par' dir='ltr' id='par_1_38' title="bbox 180 2307 1749 2383">
     <span class='ocr_line' id='line_1_38' title="bbox 180 2307 1749 2383; baseline 0 -21"><span class='ocrx_word' id='word_1_262' title='bbox 180 2307 393 2376; x_wconf 75' lang='grc' dir='ltr'>ἄγεσθαι</span> <span class='ocrx_word' id='word_1_263' title='bbox 434 2310 498 2362; x_wconf 85' lang='grc' dir='ltr'><strong>οὐ</strong></span> <span class='ocrx_word' id='word_1_264' title='bbox 536 2309 783 2366; x_wconf 85' lang='grc' dir='ltr'>δύναται.</span> <span class='ocrx_word' id='word_1_265' title='bbox 836 2311 951 2365; x_wconf 81' lang='grc' dir='ltr'>Οὐκ</span> <span class='ocrx_word' id='word_1_266' title='bbox 999 2313 1064 2364; x_wconf 84' lang='grc' dir='ltr'><strong>ἐκ</strong></span> <span class='ocrx_word' id='word_1_267' title='bbox 1115 2311 1491 2383; x_wconf 81' lang='grc' dir='ltr'>προαιρέσεως</span> <span class='ocrx_word' id='word_1_268' title='bbox 1553 2310 1662 2381; x_wconf 85' lang='grc' dir='ltr'>γὰρ</span> <span class='ocrx_word' id='word_1_269' title='bbox 1716 2310 1749 2380; x_wconf 87' lang='grc' dir='ltr'>ἡ</span> 
     </span>
    </p>
   </div>
   <div class='ocr_carea' id='block_1_39' title="bbox 181 2397 1750 2471">
    <p class='ocr_par' dir='ltr' id='par_1_39' title="bbox 181 2397 1750 2471">
     <span class='ocr_line' id='line_1_39' title="bbox 181 2397 1750 2471; baseline 0.003 -23"><span class='ocrx_word' id='word_1_270' title='bbox 181 2398 344 2462; x_wconf 85' lang='grc' dir='ltr'>πίστις</span> <span class='ocrx_word' id='word_1_271' title='bbox 367 2397 537 2451; x_wconf 77' lang='grc' dir='ltr'>αὐτοῦ</span> <span class='ocrx_word' id='word_1_272' title='bbox 559 2438 575 2462; x_wconf 88' lang='grc'><strong>,</strong></span> <span class='ocrx_word' id='word_1_273' title='bbox 606 2399 720 2452; x_wconf 83' lang='grc' dir='ltr'>ἀλλ’</span> <span class='ocrx_word' id='word_1_274' title='bbox 755 2399 813 2465; x_wconf 79' lang='grc' dir='ltr'><strong>ἐξ</strong></span> <span class='ocrx_word' id='word_1_275' title='bbox 849 2401 1093 2470; x_wconf 83' lang='grc' dir='ltr'>ἀνάγκης</span> <span class='ocrx_word' id='word_1_276' title='bbox 1113 2417 1125 2429; x_wconf 79' lang='lat'><strong><em>°</em></strong></span> <span class='ocrx_word' id='word_1_277' title='bbox 1165 2402 1211 2452; x_wconf 82' lang='grc' dir='ltr'><strong>εί</strong></span> <span class='ocrx_word' id='word_1_278' title='bbox 1247 2400 1320 2470; x_wconf 83' lang='grc' dir='ltr'>μὴ</span> <span class='ocrx_word' id='word_1_279' title='bbox 1351 2400 1491 2471; x_wconf 85' lang='grc' dir='ltr'>τάχα</span> <span class='ocrx_word' id='word_1_280' title='bbox 1528 2399 1619 2453; x_wconf 80' lang='grc' dir='ltr'>διὰ</span> <span class='ocrx_word' id='word_1_281' title='bbox 1652 2397 1750 2469; x_wconf 85' lang='grc' dir='ltr'>τὴν</span> 
     </span>
    </p>
   </div>
   <div class='ocr_carea' id='block_1_40' title="bbox 187 2489 1752 2562">
    <p class='ocr_par' dir='ltr' id='par_1_40' title="bbox 187 2489 1752 2562">
     <span class='ocr_line' id='line_1_40' title="bbox 187 2489 1752 2562; baseline 0.002 -22"><span class='ocrx_word' id='word_1_282' title='bbox 187 2489 306 2555; x_wconf 81' lang='grc' dir='ltr'>μετά</span> <span class='ocrx_word' id='word_1_283' title='bbox 331 2489 502 2542; x_wconf 79' lang='grc' dir='ltr'>ταῦτα</span> <span class='ocrx_word' id='word_1_284' title='bbox 539 2491 706 2544; x_wconf 80' lang='grc' dir='ltr'>αὐτοῦ</span> <span class='ocrx_word' id='word_1_285' title='bbox 736 2491 972 2562; x_wconf 78' lang='grc' dir='ltr'>σπουδὴν</span> <span class='ocrx_word' id='word_1_286' title='bbox 1001 2492 1097 2545; x_wconf 75' lang='grc' dir='ltr'><strong>καὶ</strong></span> <span class='ocrx_word' id='word_1_287' title='bbox 1125 2493 1308 2546; x_wconf 84' lang='grc' dir='ltr'>πίστιν</span> <span class='ocrx_word' id='word_1_288' title='bbox 1331 2494 1424 2546; x_wconf 74' lang='grc' dir='ltr'><strong>καὶ</strong></span> <span class='ocrx_word' id='word_1_289' title='bbox 1441 2492 1529 2546; x_wconf 76' lang='grc' dir='ltr'><strong>διὰ</strong></span> <span class='ocrx_word' id='word_1_290' title='bbox 1557 2490 1752 2544; x_wconf 87' lang='grc' dir='ltr'>σπάνιν</span> 
     </span>
    </p>
   </div>
   <div class='ocr_carea' id='block_1_41' title="bbox 187 2580 500 2651">
    <p class='ocr_par' dir='ltr' id='par_1_41' title="bbox 187 2580 500 2651">
     <span class='ocr_line' id='line_1_41' title="bbox 187 2580 500 2651; baseline 0.01 -17"><span class='ocrx_word' id='word_1_291' title='bbox 187 2580 274 2634; x_wconf 85' lang='grc' dir='ltr'><strong>ἀνθ</strong></span> <span class='ocrx_word' id='word_1_292' title='bbox 281 2583 500 2651; x_wconf 84' lang='grc' dir='ltr'>ρώπων.</span> 
     </span>
    </p>
   </div>
   <div class='ocr_carea' id='block_1_42' title="bbox 464 2672 1588 2746">
    <p class='ocr_par' dir='ltr' id='par_1_42' title="bbox 464 2672 1588 2746">
     <span class='ocr_line' id='line_1_42' title="bbox 464 2672 1588 2746; baseline -0.004 -16"><span class='ocrx_word' id='word_1_293' title='bbox 464 2674 742 2730; x_wconf 79' lang='grc' dir='ltr'>Συνόδου</span> <span class='ocrx_word' id='word_1_294' title='bbox 761 2675 1113 2741; x_wconf 76' lang='grc' dir='ltr'>Λαοδικείας</span> <span class='ocrx_word' id='word_1_295' title='bbox 1143 2675 1344 2727; x_wconf 75' lang='grc' dir='ltr'>κανὼν</span> <span class='ocrx_word' id='word_1_296' title='bbox 1370 2672 1438 2741; x_wconf 85' lang='grc' dir='ltr'>γ’.</span> <span class='ocrx_word' id='word_1_297' title='bbox 1586 2744 1588 2746; x_wconf 15' lang='grc' dir='ltr'><strong><em>τ</em></strong></span> 
     </span>
    </p>
   </div>
   <div class='ocr_carea' id='block_1_43' title="bbox 241 2752 1750 2838">
    <p class='ocr_par' dir='ltr' id='par_1_43' title="bbox 241 2752 1750 2838">
     <span class='ocr_line' id='line_1_43' title="bbox 241 2752 1750 2838; baseline -0.003 -19"><span class='ocrx_word' id='word_1_298' title='bbox 241 2771 304 2832; x_wconf 80' lang='grc' dir='ltr'>γ’.</span> <span class='ocrx_word' id='word_1_299' title='bbox 341 2767 476 2838; x_wconf 74' lang='grc' dir='ltr'>Περὶ</span> <span class='ocrx_word' id='word_1_300' title='bbox 495 2766 595 2820; x_wconf 77' lang='grc' dir='ltr'>τοῦ</span> <span class='ocrx_word' id='word_1_301' title='bbox 627 2767 832 2838; x_wconf 30' lang='grc' dir='ltr'>μὴιλδεῖν</span> <span class='ocrx_word' id='word_1_302' title='bbox 855 2767 1184 2837; x_wconf 72' lang='grc' dir='ltr'>προσφάτως</span> <span class='ocrx_word' id='word_1_303' title='bbox 1206 2765 1566 2836; x_wconf 76' lang='grc' dir='ltr'>φωτισθέντα,</span> <span class='ocrx_word' id='word_1_304' title='bbox 1581 2752 1750 2834; x_wconf 90' lang='grc' dir='ltr'>προσ-</span> 
     </span>
    </p>
   </div>
   <div class='ocr_carea' id='block_1_44' title="bbox 184 2858 1460 2930">
    <p class='ocr_par' dir='ltr' id='par_1_44' title="bbox 184 2858 1460 2930">
     <span class='ocr_line' id='line_1_44' title="bbox 184 2858 1460 2930; baseline 0.001 -21"><span class='ocrx_word' id='word_1_305' title='bbox 184 2858 392 2925; x_wconf 82' lang='grc' dir='ltr'>άγεσθαι</span> <span class='ocrx_word' id='word_1_306' title='bbox 423 2861 481 2912; x_wconf 81' lang='grc' dir='ltr'>ὲν</span> <span class='ocrx_word' id='word_1_307' title='bbox 554 2859 794 2929; x_wconf 81' lang='grc' dir='ltr'>τάγματι</span> <span class='ocrx_word' id='word_1_308' title='bbox 833 2859 1119 2930; x_wconf 82' lang='grc' dir='ltr'>ίερατικῷ.</span> <span class='ocrx_word' id='word_1_309' title='bbox 1455 2894 1460 2897; x_wconf 97' lang='grc'><strong>-</strong></span> 
     </span>
    </p>
   </div>
   <div class='ocr_carea' id='block_1_45' title="bbox 248 2948 1752 3019">
    <p class='ocr_par' dir='ltr' id='par_1_45' title="bbox 248 2948 1752 3019">
     <span class='ocr_line' id='line_1_45' title="bbox 248 2948 1752 3019; baseline -0.001 -17"><span class='ocrx_word' id='word_1_310' title='bbox 248 2952 484 3005; x_wconf 77' lang='grc' dir='ltr'><strong>ΚΕΦΑΛ.</strong></span> <span class='ocrx_word' id='word_1_311' title='bbox 529 2952 709 3006; x_wconf 82' lang='grc' dir='ltr'><strong>ῙΓ’.-</strong></span> <span class='ocrx_word' id='word_1_312' title='bbox 737 2951 868 3017; x_wconf 84' lang='grc' dir='ltr'><strong>Πῶς</strong></span> <span class='ocrx_word' id='word_1_313' title='bbox 885 2949 1194 3019; x_wconf 57' lang='grc' dir='ltr'>σχολάζων</span> <span class='ocrx_word' id='word_1_314' title='bbox 1227 2950 1558 3014; x_wconf 80' lang='grc' dir='ltr'>ἐπίσκοπος</span> <span class='ocrx_word' id='word_1_315' title='bbox 1593 2948 1752 3016; x_wconf 77' lang='grc' dir='ltr'>γίνε-</span> 
     </span>
    </p>
   </div>
   <div class='ocr_carea' id='block_1_46' title="bbox 194 3041 1240 3115">
    <p class='ocr_par' dir='ltr' id='par_1_46' title="bbox 194 3041 1240 3115">
     <span class='ocr_line' id='line_1_46' title="bbox 194 3041 1240 3115; baseline -0.001 -20"><span class='ocrx_word' id='word_1_316' title='bbox 194 3059 274 3096; x_wconf 81' lang='grc' dir='ltr'><strong>ται</strong></span> <span class='ocrx_word' id='word_1_317' title='bbox 298 3046 372 3110; x_wconf 82' lang='grc' dir='ltr'>εις</span> <span class='ocrx_word' id='word_1_318' title='bbox 413 3042 847 3115; x_wconf 75' lang='grc' dir='ltr'>σχολάζουσαν</span> <span class='ocrx_word' id='word_1_319' title='bbox 877 3041 1240 3107; x_wconf 65' lang='grc' dir='ltr'>ἐπισκοπὴν.</span> 
     </span>
    </p>
   </div>
   <div class='ocr_carea' id='block_1_47' title="bbox 451 3133 1487 3203">
    <p class='ocr_par' dir='ltr' id='par_1_47' title="bbox 451 3133 1487 3203">
     <span class='ocr_line' id='line_1_47' title="bbox 451 3133 1487 3203; baseline -0.004 -13"><span class='ocrx_word' id='word_1_320' title='bbox 451 3137 730 3191; x_wconf 74' lang='grc' dir='ltr'>Συνόδου</span> <span class='ocrx_word' id='word_1_321' title='bbox 775 3135 1140 3203; x_wconf 75' lang='grc' dir='ltr'>Ἀντιοχείας</span> <span class='ocrx_word' id='word_1_322' title='bbox 1163 3133 1363 3187; x_wconf 77' lang='grc' dir='ltr'>κανὼν</span> <span class='ocrx_word' id='word_1_323' title='bbox 1394 3139 1487 3198; x_wconf 84' lang='grc' dir='ltr'>ις’.</span> 
     </span>
    </p>
   </div>
   <div class='ocr_carea' id='block_1_48' title="bbox 247 3225 1748 3297">
    <p class='ocr_par' dir='ltr' id='par_1_48' title="bbox 247 3225 1748 3297">
     <span class='ocr_line' id='line_1_48' title="bbox 247 3225 1748 3297; baseline -0.001 -16"><span class='ocrx_word' id='word_1_324' title='bbox 247 3228 333 3293; x_wconf 74' lang='grc' dir='ltr'>ις’.</span> <span class='ocrx_word' id='word_1_325' title='bbox 369 3230 431 3282; x_wconf 70' lang='lat' dir='ltr'><strong>Ei</strong></span> <span class='ocrx_word' id='word_1_326' title='bbox 459 3247 553 3292; x_wconf 83' lang='grc' dir='ltr'><strong>τις</strong></span> <span class='ocrx_word' id='word_1_327' title='bbox 575 3228 874 3291; x_wconf 78' lang='grc' dir='ltr'>ἐπίσκοπος</span> <span class='ocrx_word' id='word_1_328' title='bbox 909 3226 1209 3297; x_wconf 77' lang='grc' dir='ltr'>σχολάζων,</span> <span class='ocrx_word' id='word_1_329' title='bbox 1253 3225 1344 3278; x_wconf 65' lang='grc' dir='ltr'>ἐπὶ</span> <span class='ocrx_word' id='word_1_330' title='bbox 1376 3225 1748 3296; x_wconf 78' lang='grc' dir='ltr'>σχολάζουσαν</span> 
     </span>
    </p>
   </div>
   <div class='ocr_carea' id='block_1_49' title="bbox 186 3315 1750 3392">
    <p class='ocr_par' dir='ltr' id='par_1_49' title="bbox 186 3315 1750 3392">
     <span class='ocr_line' id='line_1_49' title="bbox 186 3315 1750 3392; baseline -0.001 -22"><span class='ocrx_word' id='word_1_331' title='bbox 186 3319 462 3392; x_wconf 76' lang='grc' dir='ltr'>ἐκκλησίαν</span> <span class='ocrx_word' id='word_1_332' title='bbox 501 3321 701 3373; x_wconf 67' lang='grc' dir='ltr'>ἑαυτὸν</span> <span class='ocrx_word' id='word_1_333' title='bbox 740 3318 1057 3390; x_wconf 74' lang='grc' dir='ltr'>ὲπιρῤίψας,</span> <span class='ocrx_word' id='word_1_334' title='bbox 1090 3317 1400 3387; x_wconf 77' lang='grc' dir='ltr'>ὑφαρπάζοι</span> <span class='ocrx_word' id='word_1_335' title='bbox 1438 3318 1528 3370; x_wconf 84' lang='grc' dir='ltr'><strong>τὸν</strong></span> <span class='ocrx_word' id='word_1_336' title='bbox 1559 3315 1750 3386; x_wconf 83' lang='grc' dir='ltr'>θρόνον</span> 
     </span>
    </p>
   </div>
   <div class='ocr_carea' id='block_1_50' title="bbox 187 3403 1750 3479">
    <p class='ocr_par' dir='ltr' id='par_1_50' title="bbox 187 3403 1750 3479">
     <span class='ocr_line' id='line_1_50' title="bbox 187 3403 1750 3479; baseline 0.001 -20"><span class='ocrx_word' id='word_1_337' title='bbox 187 3408 293 3479; x_wconf 78' lang='grc' dir='ltr'>δίχα</span> <span class='ocrx_word' id='word_1_338' title='bbox 323 3411 544 3464; x_wconf 81' lang='grc' dir='ltr'>συνόδου</span> <span class='ocrx_word' id='word_1_339' title='bbox 597 3409 828 3474; x_wconf 81' lang='grc' dir='ltr'>τελείας,</span> <span class='ocrx_word' id='word_1_340' title='bbox 858 3409 1047 3462; x_wconf 79' lang='grc' dir='ltr'>τοῦτον</span> <span class='ocrx_word' id='word_1_341' title='bbox 1095 3407 1400 3477; x_wconf 81' lang='grc' dir='ltr'>ἀπόϐλητον</span> <span class='ocrx_word' id='word_1_342' title='bbox 1442 3403 1603 3468; x_wconf 79' lang='grc' dir='ltr'>εἶναι,</span> <span class='ocrx_word' id='word_1_343' title='bbox 1647 3406 1750 3460; x_wconf 81' lang='grc' dir='ltr'><strong>κᾶν</strong></span> 
     </span>
    </p>
   </div>
   <div class='ocr_carea' id='block_1_51' title="bbox 187 3499 1752 3573">
    <p class='ocr_par' dir='ltr' id='par_1_51' title="bbox 187 3499 1752 3573">
     <span class='ocr_line' id='line_1_51' title="bbox 187 3499 1752 3573; baseline -0.001 -20"><span class='ocrx_word' id='word_1_344' title='bbox 187 3505 229 3554; x_wconf 84' lang='grc' dir='ltr'>εἱ</span> <span class='ocrx_word' id='word_1_345' title='bbox 257 3505 354 3567; x_wconf 79' lang='grc' dir='ltr'><strong>πᾶς</strong></span> <span class='ocrx_word' id='word_1_346' title='bbox 391 3507 418 3558; x_wconf 85' lang='grc' dir='ltr'>ὁ</span> <span class='ocrx_word' id='word_1_347' title='bbox 440 3505 574 3568; x_wconf 85' lang='grc' dir='ltr'>λαὸς</span> <span class='ocrx_word' id='word_1_348' title='bbox 615 3503 675 3556; x_wconf 87' lang='grc' dir='ltr'>ὃν</span> <span class='ocrx_word' id='word_1_349' title='bbox 705 3503 1026 3573; x_wconf 76' lang='grc' dir='ltr'>ὑφήρπασεν</span> <span class='ocrx_word' id='word_1_350' title='bbox 1068 3502 1244 3554; x_wconf 71' lang='grc' dir='ltr'>ἕλοιτο</span> <span class='ocrx_word' id='word_1_351' title='bbox 1282 3500 1442 3554; x_wconf 72' lang='grc' dir='ltr'>αὐτόν</span> <span class='ocrx_word' id='word_1_352' title='bbox 1467 3517 1483 3531; x_wconf 90' lang='grc'><strong>·</strong></span> <span class='ocrx_word' id='word_1_353' title='bbox 1537 3499 1752 3554; x_wconf 85' lang='grc' dir='ltr'>τελείαν</span> 
     </span>
    </p>
   </div>
   <div class='ocr_carea' id='block_1_52' title="bbox 189 3587 1752 3668">
    <p class='ocr_par' dir='ltr' id='par_1_52' title="bbox 189 3587 1752 3668">
     <span class='ocr_line' id='line_1_52' title="bbox 189 3587 1752 3668; baseline -0.001 -22"><span class='ocrx_word' id='word_1_354' title='bbox 189 3594 235 3646; x_wconf 75' lang='grc' dir='ltr'>δὲ</span> <span class='ocrx_word' id='word_1_355' title='bbox 269 3597 472 3666; x_wconf 76' lang='grc' dir='ltr'>ἐκείνην</span> <span class='ocrx_word' id='word_1_356' title='bbox 516 3592 664 3649; x_wconf 82' lang='grc' dir='ltr'>εἶναι</span> <span class='ocrx_word' id='word_1_357' title='bbox 705 3587 1005 3668; x_wconf 79' lang='grc' dir='ltr'>σύνοδον,ᾖ</span> <span class='ocrx_word' id='word_1_358' title='bbox 1056 3591 1400 3664; x_wconf 84' lang='grc' dir='ltr'>συμπάρεστι</span> <span class='ocrx_word' id='word_1_359' title='bbox 1443 3591 1539 3646; x_wconf 66' lang='grc' dir='ltr'><strong>καὶ</strong></span> <span class='ocrx_word' id='word_1_360' title='bbox 1578 3591 1608 3642; x_wconf 84' lang='grc' dir='ltr'>ὁ</span> <span class='ocrx_word' id='word_1_361' title='bbox 1654 3590 1752 3660; x_wconf 81' lang='grc' dir='ltr'><strong>τῆς</strong></span> 
     </span>
    </p>
   </div>
   <div class='ocr_carea' id='block_1_53' title="bbox 193 3690 912 3757">
    <p class='ocr_par' dir='ltr' id='par_1_53' title="bbox 193 3690 912 3757">
     <span class='ocr_line' id='line_1_53' title="bbox 193 3690 912 3757; baseline 0.003 -19"><span class='ocrx_word' id='word_1_362' title='bbox 193 3690 566 3757; x_wconf 74' lang='grc' dir='ltr'>μητροπόλεως</span> <span class='ocrx_word' id='word_1_363' title='bbox 595 3690 912 3750; x_wconf 81' lang='grc' dir='ltr'>ἐπίσκοπος.</span> 
     </span>
    </p>
   </div>
   <div class='ocr_carea' id='block_1_54' title="bbox 250 3822 1754 3892">
    <p class='ocr_par' dir='ltr' id='par_1_54' title="bbox 250 3822 1754 3892">
     <span class='ocr_line' id='line_1_54' title="bbox 250 3822 1754 3892; baseline -0.003 -12"><span class='ocrx_word' id='word_1_364' title='bbox 250 3826 486 3881; x_wconf 80' lang='grc' dir='ltr'><strong>ΚΕΦΑΛ.</strong></span> <span class='ocrx_word' id='word_1_365' title='bbox 515 3829 618 3880; x_wconf 72' lang='lat' dir='ltr'><strong>IA&#39;.</strong></span> <span class='ocrx_word' id='word_1_366' title='bbox 641 3856 709 3867; x_wconf 94' lang='lat'><strong><em>—</em></strong></span> <span class='ocrx_word' id='word_1_367' title='bbox 735 3826 885 3879; x_wconf 82' lang='grc' dir='ltr'>Πότε</span> <span class='ocrx_word' id='word_1_368' title='bbox 907 3823 1155 3878; x_wconf 76' lang='grc' dir='ltr'>δύναται</span> <span class='ocrx_word' id='word_1_369' title='bbox 1196 3822 1476 3892; x_wconf 78' lang='grc' dir='ltr'>γενέσθαι</span> <span class='ocrx_word' id='word_1_370' title='bbox 1505 3822 1754 3877; x_wconf 77' lang='grc' dir='ltr'>ἐπίσκο-</span> 
     </span>
    </p>
   </div>
   <div class='ocr_carea' id='block_1_55' title="bbox 191 3916 1752 3990">
    <p class='ocr_par' dir='ltr' id='par_1_55' title="bbox 191 3916 1752 3990">
     <span class='ocr_line' id='line_1_55' title="bbox 191 3916 1752 3990; baseline 0.001 -21"><span class='ocrx_word' id='word_1_371' title='bbox 191 3931 288 3985; x_wconf 77' lang='grc' dir='ltr'><strong>πος</strong></span> <span class='ocrx_word' id='word_1_372' title='bbox 318 3920 354 3988; x_wconf 78' lang='grc' dir='ltr'>ἢ</span> <span class='ocrx_word' id='word_1_373' title='bbox 386 3920 676 3990; x_wconf 70' lang='grc' dir='ltr'>κληρικός</span> <span class='ocrx_word' id='word_1_374' title='bbox 694 3918 1006 3987; x_wconf 76' lang='grc' dir='ltr'>εὐνοῦχος,</span> <span class='ocrx_word' id='word_1_375' title='bbox 1031 3916 1069 3986; x_wconf 76' lang='grc' dir='ltr'><strong>ἢ</strong></span> <span class='ocrx_word' id='word_1_376' title='bbox 1117 3917 1317 3983; x_wconf 68' lang='grc' dir='ltr'>ἄλλως</span> <span class='ocrx_word' id='word_1_377' title='bbox 1370 3917 1643 3986; x_wconf 79' lang='grc' dir='ltr'>ἐμπαθὴς</span> <span class='ocrx_word' id='word_1_378' title='bbox 1687 3917 1752 3970; x_wconf 83' lang='grc' dir='ltr'>τὸ</span> 
     </span>
    </p>
   </div>
   <div class='ocr_carea' id='block_1_56' title="bbox 192 4010 361 4080">
    <p class='ocr_par' dir='ltr' id='par_1_56' title="bbox 192 4010 361 4080">
     <span class='ocr_line' id='line_1_56' title="bbox 192 4010 361 4080; baseline 0.03 -19"><span class='ocrx_word' id='word_1_379' title='bbox 192 4010 361 4080; x_wconf 81' lang='grc' dir='ltr'>σῶμα.</span> 
     </span>
    </p>
   </div>
   <div class='ocr_carea' id='block_1_57' title="bbox 401 4100 1509 4174">
    <p class='ocr_par' dir='ltr' id='par_1_57' title="bbox 401 4100 1509 4174">
     <span class='ocr_line' id='line_1_57' title="bbox 401 4100 1509 4174; baseline -0.004 -14"><span class='ocrx_word' id='word_1_380' title='bbox 401 4106 798 4160; x_wconf 69' lang='grc' dir='ltr'>’Ἀποστόλων</span> <span class='ocrx_word' id='word_1_381' title='bbox 832 4105 1031 4159; x_wconf 71' lang='grc' dir='ltr'>κανὼν</span> <span class='ocrx_word' id='word_1_382' title='bbox 1068 4105 1150 4158; x_wconf 84' lang='grc' dir='ltr'>κα¹</span> <span class='ocrx_word' id='word_1_383' title='bbox 1181 4102 1261 4174; x_wconf 77' lang='grc' dir='ltr'><strong>κβ⁸</strong></span> <span class='ocrx_word' id='word_1_384' title='bbox 1301 4100 1378 4167; x_wconf 57' lang='lat' dir='ltr'><strong>oi,&quot;</strong></span> <span class='ocrx_word' id='word_1_385' title='bbox 1408 4103 1509 4174; x_wconf 71' lang='lat' dir='ltr'><strong>oq&#39;.</strong></span> 
     </span>
    </p>
   </div>
   <div class='ocr_carea' id='block_1_58' title="bbox 251 4195 1755 4267">
    <p class='ocr_par' dir='ltr' id='par_1_58' title="bbox 251 4195 1755 4267">
     <span class='ocr_line' id='line_1_58' title="bbox 251 4195 1755 4267; baseline -0.001 -19"><span class='ocrx_word' id='word_1_386' title='bbox 251 4196 346 4250; x_wconf 79' lang='grc' dir='ltr'>κα’.</span> <span class='ocrx_word' id='word_1_387' title='bbox 390 4196 662 4267; x_wconf 73' lang='grc' dir='ltr'>Εὑνοῦχος</span> <span class='ocrx_word' id='word_1_388' title='bbox 692 4199 739 4250; x_wconf 88' lang='grc' dir='ltr'>εἱ</span> <span class='ocrx_word' id='word_1_389' title='bbox 776 4197 874 4266; x_wconf 78' lang='grc' dir='ltr'><strong>μὲν</strong></span> <span class='ocrx_word' id='word_1_390' title='bbox 904 4198 963 4260; x_wconf 79' lang='grc' dir='ltr'><strong>ἐξ</strong></span> <span class='ocrx_word' id='word_1_391' title='bbox 1011 4197 1270 4265; x_wconf 77' lang='grc' dir='ltr'>ἐπηρείας</span> <span class='ocrx_word' id='word_1_392' title='bbox 1305 4195 1608 4266; x_wconf 86' lang='grc' dir='ltr'>ἀνθρώπων</span> <span class='ocrx_word' id='word_1_393' title='bbox 1634 4196 1755 4264; x_wconf 78' lang='grc' dir='ltr'><strong>ἐγέ-</strong></span> 
     </span>
    </p>
   </div>
   <div class='ocr_carea' id='block_1_59' title="bbox 193 4287 1752 4360">
    <p class='ocr_par' dir='ltr' id='par_1_59' title="bbox 193 4287 1752 4360">
     <span class='ocr_line' id='line_1_59' title="bbox 193 4287 1752 4360; baseline 0.001 -22"><span class='ocrx_word' id='word_1_394' title='bbox 193 4289 296 4340; x_wconf 86' lang='grc' dir='ltr'>νετό</span> <span class='ocrx_word' id='word_1_395' title='bbox 326 4306 426 4354; x_wconf 85' lang='grc' dir='ltr'>τις,</span> <span class='ocrx_word' id='word_1_396' title='bbox 451 4289 487 4360; x_wconf 84' lang='grc' dir='ltr'><strong>ἢ</strong></span> <span class='ocrx_word' id='word_1_397' title='bbox 522 4291 581 4341; x_wconf 82' lang='grc' dir='ltr'>ὲν</span> <span class='ocrx_word' id='word_1_398' title='bbox 622 4289 849 4358; x_wconf 82' lang='grc' dir='ltr'>διωγμῷ</span> <span class='ocrx_word' id='word_1_399' title='bbox 882 4288 1130 4358; x_wconf 76' lang='grc' dir='ltr'><strong>ἀφῃρέθη</strong></span> <span class='ocrx_word' id='word_1_400' title='bbox 1184 4288 1250 4341; x_wconf 72' lang='grc' dir='ltr'>τὰ</span> <span class='ocrx_word' id='word_1_401' title='bbox 1293 4287 1402 4339; x_wconf 84' lang='grc' dir='ltr'><strong>τῶν</strong></span> <span class='ocrx_word' id='word_1_402' title='bbox 1448 4287 1681 4358; x_wconf 84' lang='grc' dir='ltr'>ἀνδρῶν,</span> <span class='ocrx_word' id='word_1_403' title='bbox 1720 4287 1752 4356; x_wconf 84' lang='grc' dir='ltr'>ἢ</span> 
     </span>
    </p>
   </div>
   <div class='ocr_carea' id='block_1_60' title="bbox 193 4378 1609 4450">
    <p class='ocr_par' dir='ltr' id='par_1_60' title="bbox 193 4378 1609 4450">
     <span class='ocr_line' id='line_1_60' title="bbox 193 4378 1609 4450; baseline 0.001 -19"><span class='ocrx_word' id='word_1_404' title='bbox 193 4378 345 4442; x_wconf 72' lang='grc' dir='ltr'>οὕτως</span> <span class='ocrx_word' id='word_1_405' title='bbox 370 4381 493 4450; x_wconf 75' lang='grc' dir='ltr'>ἔφυ,</span> <span class='ocrx_word' id='word_1_406' title='bbox 522 4382 618 4435; x_wconf 76' lang='grc' dir='ltr'><strong>καὶ</strong></span> <span class='ocrx_word' id='word_1_407' title='bbox 644 4382 789 4435; x_wconf 76' lang='grc' dir='ltr'>ἐστιν</span> <span class='ocrx_word' id='word_1_408' title='bbox 819 4381 969 4447; x_wconf 80' lang='grc' dir='ltr'>ἄξιος</span> <span class='ocrx_word' id='word_1_409' title='bbox 993 4380 1323 4449; x_wconf 82' lang='grc' dir='ltr'>ἐπισκοπῆς,</span> <span class='ocrx_word' id='word_1_410' title='bbox 1355 4380 1609 4447; x_wconf 77' lang='grc' dir='ltr'>γινέσθω.</span> 
     </span>
    </p>
   </div>
   <div class='ocr_carea' id='block_1_61' title="bbox 252 4470 1828 4564">
    <p class='ocr_par' dir='ltr' id='par_1_61' title="bbox 252 4470 1828 4564">
     <span class='ocr_line' id='line_1_61' title="bbox 252 4470 1828 4564; baseline 0.001 -42"><span class='ocrx_word' id='word_1_411' title='bbox 252 4470 348 4538; x_wconf 74' lang='grc' dir='ltr'><strong>κβ¹⁶</strong></span> <span class='ocrx_word' id='word_1_412' title='bbox 387 4473 446 4525; x_wconf 85' lang='lat'><strong>&#39;0</strong></span> <span class='ocrx_word' id='word_1_413' title='bbox 487 4473 914 4542; x_wconf 84' lang='grc' dir='ltr'>ἀκρωτηριάσας</span> <span class='ocrx_word' id='word_1_414' title='bbox 943 4471 1154 4534; x_wconf 79' lang='grc' dir='ltr'>ἑαυτὸν,</span> <span class='ocrx_word' id='word_1_415' title='bbox 1187 4471 1262 4542; x_wconf 82' lang='grc' dir='ltr'>μὴ</span> <span class='ocrx_word' id='word_1_416' title='bbox 1294 4471 1529 4538; x_wconf 79' lang='grc' dir='ltr'>γινέσθω</span> <span class='ocrx_word' id='word_1_417' title='bbox 1559 4471 1748 4542; x_wconf 66' lang='grc' dir='ltr'>κληριτ-</span> <span class='ocrx_word' id='word_1_418' title='bbox 1784 4508 1828 4564; x_wconf 76' lang='lat' dir='ltr'><strong>D</strong></span> 
     </span>
    </p>
   </div>
   <div class='ocr_carea' id='block_1_62' title="bbox 195 4559 1750 4635">
    <p class='ocr_par' dir='ltr' id='par_1_62' title="bbox 195 4559 1750 4635">
     <span class='ocr_line' id='line_1_62' title="bbox 195 4559 1750 4635; baseline 0.002 -23"><span class='ocrx_word' id='word_1_419' title='bbox 195 4559 310 4622; x_wconf 79' lang='grc' dir='ltr'>κός·</span> <span class='ocrx_word' id='word_1_420' title='bbox 357 4565 758 4635; x_wconf 68' lang='grc' dir='ltr'>αὑτοφονευτὴς</span> <span class='ocrx_word' id='word_1_421' title='bbox 799 4565 908 4634; x_wconf 79' lang='grc' dir='ltr'><strong>γάρ</strong></span> <span class='ocrx_word' id='word_1_422' title='bbox 943 4566 1088 4617; x_wconf 81' lang='grc' dir='ltr'>ἐστιν</span> <span class='ocrx_word' id='word_1_423' title='bbox 1138 4563 1356 4626; x_wconf 77' lang='grc' dir='ltr'>ἑαυτοῦ,</span> <span class='ocrx_word' id='word_1_424' title='bbox 1389 4564 1482 4617; x_wconf 75' lang='grc' dir='ltr'><strong>καὶ</strong></span> <span class='ocrx_word' id='word_1_425' title='bbox 1530 4564 1630 4632; x_wconf 79' lang='grc' dir='ltr'>τῆς</span> <span class='ocrx_word' id='word_1_426' title='bbox 1655 4563 1750 4616; x_wconf 77' lang='grc' dir='ltr'>τοῦ</span> 
     </span>
    </p>
   </div>
   <div class='ocr_carea' id='block_1_63' title="bbox 195 4649 968 4726">
    <p class='ocr_par' dir='ltr' id='par_1_63' title="bbox 195 4649 968 4726">
     <span class='ocr_line' id='line_1_63' title="bbox 195 4649 968 4726; baseline 0.01 -24"><span class='ocrx_word' id='word_1_427' title='bbox 195 4649 313 4704; x_wconf 80' lang='grc' dir='ltr'>Θεοῦ</span> <span class='ocrx_word' id='word_1_428' title='bbox 349 4656 710 4726; x_wconf 83' lang='grc' dir='ltr'>δημιουργίας</span> <span class='ocrx_word' id='word_1_429' title='bbox 750 4656 968 4726; x_wconf 80' lang='grc' dir='ltr'>ἐχθρός.</span> 
     </span>
    </p>
   </div>
   <div class='ocr_carea' id='block_1_64' title="bbox 255 4744 1756 4822">
    <p class='ocr_par' dir='ltr' id='par_1_64' title="bbox 255 4744 1756 4822">
     <span class='ocr_line' id='line_1_64' title="bbox 255 4744 1756 4822; baseline 0.005 -23"><span class='ocrx_word' id='word_1_430' title='bbox 255 4746 340 4808; x_wconf 71' lang='grc' dir='ltr'>(ιζ’.</span> <span class='ocrx_word' id='word_1_431' title='bbox 374 4746 442 4800; x_wconf 76' lang='grc' dir='ltr'><strong>Εἴ</strong></span> <span class='ocrx_word' id='word_1_432' title='bbox 466 4765 552 4810; x_wconf 87' lang='grc' dir='ltr'><strong>τις</strong></span> <span class='ocrx_word' id='word_1_433' title='bbox 574 4749 857 4820; x_wconf 86' lang='grc' dir='ltr'>ἀνάπηρος</span> <span class='ocrx_word' id='word_1_434' title='bbox 957 4749 1049 4801; x_wconf 75' lang='grc' dir='ltr'><strong>τὸν</strong></span> <span class='ocrx_word' id='word_1_435' title='bbox 1073 4746 1432 4818; x_wconf 79' lang='grc' dir='ltr'>ὀφθαλμὸν.ἢ</span> <span class='ocrx_word' id='word_1_436' title='bbox 1467 4745 1529 4799; x_wconf 76' lang='grc' dir='ltr'>τὸ</span> <span class='ocrx_word' id='word_1_437' title='bbox 1564 4744 1756 4807; x_wconf 79' lang='grc' dir='ltr'>σκέλος</span> 
     </span>
    </p>
   </div>
   <div class='ocr_carea' id='block_1_65' title="bbox 197 4837 1756 4910">
    <p class='ocr_par' dir='ltr' id='par_1_65' title="bbox 197 4837 1756 4910">
     <span class='ocr_line' id='line_1_65' title="bbox 197 4837 1756 4910; baseline 0.002 -24"><span class='ocrx_word' id='word_1_438' title='bbox 197 4837 580 4908; x_wconf 76' lang='grc' dir='ltr'>πεπληγμένος,</span> <span class='ocrx_word' id='word_1_439' title='bbox 623 4840 773 4904; x_wconf 77' lang='grc' dir='ltr'>ἄξιος</span> <span class='ocrx_word' id='word_1_440' title='bbox 805 4841 861 4894; x_wconf 79' lang='grc' dir='ltr'>δέ</span> <span class='ocrx_word' id='word_1_441' title='bbox 900 4843 1046 4894; x_wconf 78' lang='grc' dir='ltr'>ἐστιν</span> <span class='ocrx_word' id='word_1_442' title='bbox 1097 4842 1423 4910; x_wconf 80' lang='grc' dir='ltr'>ἐπισκοπῆς,</span> <span class='ocrx_word' id='word_1_443' title='bbox 1453 4837 1756 4907; x_wconf 79' lang='grc' dir='ltr'>γιγνέσθω·</span> 
     </span>
    </p>
   </div>
   <div class='ocr_carea' id='block_1_66' title="bbox 198 4925 1755 5002">
    <p class='ocr_par' dir='ltr' id='par_1_66' title="bbox 198 4925 1755 5002">
     <span class='ocr_line' id='line_1_66' title="bbox 198 4925 1755 5002; baseline 0.004 -26"><span class='ocrx_word' id='word_1_444' title='bbox 198 4925 375 5000; x_wconf 79' lang='grc' dir='ltr'>οὐγὰρ</span> <span class='ocrx_word' id='word_1_445' title='bbox 419 4930 567 5002; x_wconf 86' lang='grc' dir='ltr'>λώϐη</span> <span class='ocrx_word' id='word_1_446' title='bbox 620 4931 871 5002; x_wconf 85' lang='grc' dir='ltr'>σώματος</span> <span class='ocrx_word' id='word_1_447' title='bbox 922 4933 1084 4986; x_wconf 84' lang='grc' dir='ltr'>αὑτὸν</span> <span class='ocrx_word' id='word_1_448' title='bbox 1135 4931 1360 5002; x_wconf 80' lang='grc' dir='ltr'>μιαίνει,</span> <span class='ocrx_word' id='word_1_449' title='bbox 1405 4928 1538 4983; x_wconf 76' lang='grc' dir='ltr'>ἀλλὰ</span> <span class='ocrx_word' id='word_1_450' title='bbox 1577 4928 1755 4998; x_wconf 80' lang='grc' dir='ltr'>ψυχῆς</span> 
     </span>
    </p>
   </div>
   <div class='ocr_carea' id='block_1_67' title="bbox 204 5016 482 5089">
    <p class='ocr_par' dir='ltr' id='par_1_67' title="bbox 204 5016 482 5089">
     <span class='ocr_line' id='line_1_67' title="bbox 204 5016 482 5089; baseline 0.025 -20"><span class='ocrx_word' id='word_1_451' title='bbox 204 5016 392 5089; x_wconf 84' lang='grc' dir='ltr'>μολυσμ</span> <span class='ocrx_word' id='word_1_452' title='bbox 402 5022 482 5084; x_wconf 90' lang='grc' dir='ltr'><strong>ός.</strong></span> 
     </span>
    </p>
   </div>
   <div class='ocr_carea' id='block_1_68' title="bbox 258 5109 1760 5182">
    <p class='ocr_par' dir='ltr' id='par_1_68' title="bbox 258 5109 1760 5182">
     <span class='ocr_line' id='line_1_68' title="bbox 258 5109 1760 5182; baseline -0.001 -19"><span class='ocrx_word' id='word_1_453' title='bbox 258 5109 349 5176; x_wconf 74' lang='grc' dir='ltr'>(ιη’.</span> <span class='ocrx_word' id='word_1_454' title='bbox 384 5109 580 5178; x_wconf 72' lang='grc' dir='ltr'>κωφὸς</span> <span class='ocrx_word' id='word_1_455' title='bbox 603 5109 659 5163; x_wconf 78' lang='grc' dir='ltr'>δὲ</span> <span class='ocrx_word' id='word_1_456' title='bbox 705 5111 781 5164; x_wconf 85' lang='grc' dir='ltr'><strong>ὢν</strong></span> <span class='ocrx_word' id='word_1_457' title='bbox 828 5113 923 5166; x_wconf 79' lang='grc' dir='ltr'><strong>καὶ</strong></span> <span class='ocrx_word' id='word_1_458' title='bbox 958 5113 1177 5180; x_wconf 76' lang='grc' dir='ltr'>τυφλὸς,</span> <span class='ocrx_word' id='word_1_459' title='bbox 1229 5113 1303 5182; x_wconf 85' lang='grc' dir='ltr'>μὴ</span> <span class='ocrx_word' id='word_1_460' title='bbox 1355 5111 1592 5180; x_wconf 81' lang='grc' dir='ltr'>γινέσθω</span> <span class='ocrx_word' id='word_1_461' title='bbox 1635 5111 1760 5164; x_wconf 74' lang='grc' dir='ltr'>ἐπί-</span> 
     </span>
    </p>
   </div>
   <div class='ocr_carea' id='block_1_69' title="bbox 203 5203 1758 5276">
    <p class='ocr_par' dir='ltr' id='par_1_69' title="bbox 203 5203 1758 5276">
     <span class='ocr_line' id='line_1_69' title="bbox 203 5203 1758 5276; baseline 0.005 -26"><span class='ocrx_word' id='word_1_462' title='bbox 203 5216 381 5263; x_wconf 80' lang='grc' dir='ltr'>σκοπος</span> <span class='ocrx_word' id='word_1_463' title='bbox 400 5218 413 5231; x_wconf 81' lang='grc'>⁶</span> <span class='ocrx_word' id='word_1_464' title='bbox 451 5204 552 5272; x_wconf 83' lang='grc' dir='ltr'><strong>οὐχ</strong></span> <span class='ocrx_word' id='word_1_465' title='bbox 579 5203 657 5266; x_wconf 85' lang='grc' dir='ltr'>ὡς</span> <span class='ocrx_word' id='word_1_466' title='bbox 679 5206 1080 5275; x_wconf 80' lang='grc' dir='ltr'>μεμιαμμένος,</span> <span class='ocrx_word' id='word_1_467' title='bbox 1115 5206 1228 5259; x_wconf 72' lang='grc' dir='ltr'>ἀλλ’</span> <span class='ocrx_word' id='word_1_468' title='bbox 1259 5205 1343 5258; x_wconf 78' lang='grc' dir='ltr'>ἵνα</span> <span class='ocrx_word' id='word_1_469' title='bbox 1373 5204 1448 5276; x_wconf 79' lang='grc' dir='ltr'>μὴ</span> <span class='ocrx_word' id='word_1_470' title='bbox 1468 5206 1536 5258; x_wconf 82' lang='grc' dir='ltr'><strong>τά</strong></span> <span class='ocrx_word' id='word_1_471' title='bbox 1561 5204 1758 5270; x_wconf 77' lang='grc' dir='ltr'>ἐκκλη-</span> 
     </span>
    </p>
   </div>
   <div class='ocr_carea' id='block_1_70' title="bbox 205 5293 952 5364">
    <p class='ocr_par' dir='ltr' id='par_1_70' title="bbox 205 5293 952 5364">
     <span class='ocr_line' id='line_1_70' title="bbox 205 5293 952 5364; baseline 0.008 -21"><span class='ocrx_word' id='word_1_472' title='bbox 205 5293 440 5346; x_wconf 77' lang='grc' dir='ltr'>σιαστικὰ</span> <span class='ocrx_word' id='word_1_473' title='bbox 469 5295 952 5364; x_wconf 74' lang='grc' dir='ltr'>παρεμποδίζοιτο.</span> 
     </span>
    </p>
   </div>
   <div class='ocr_carea' id='block_1_71' title="bbox 1851 1953 3426 2026">
    <p class='ocr_par' dir='ltr' id='par_1_71' title="bbox 1851 1953 3426 2026">
     <span class='ocr_line' id='line_1_71' title="bbox 1851 1953 3426 2026; baseline 0.004 -20"><span class='ocrx_word' id='word_1_474' title='bbox 1851 1953 2112 2008; x_wconf 83' lang='lat' dir='ltr'><strong>adversus</strong></span> <span class='ocrx_word' id='word_1_475' title='bbox 2155 1968 2276 2009; x_wconf 84' lang='lat' dir='ltr'><strong>esse</strong></span> <span class='ocrx_word' id='word_1_476' title='bbox 2323 1954 2544 2016; x_wconf 87' lang='lat' dir='ltr'><strong>audeat,</strong></span> <span class='ocrx_word' id='word_1_477' title='bbox 2581 1955 2698 2025; x_wconf 88' lang='lat' dir='ltr'><strong>ipse</strong></span> <span class='ocrx_word' id='word_1_478' title='bbox 2725 1955 2792 2011; x_wconf 90' lang='lat' dir='ltr'><strong>de</strong></span> <span class='ocrx_word' id='word_1_479' title='bbox 2815 1955 3083 2013; x_wconf 80' lang='lat' dir='ltr'><strong>clericatu</strong></span> <span class='ocrx_word' id='word_1_480' title='bbox 3119 1955 3172 2010; x_wconf 92' lang='lat' dir='ltr'><strong>in</strong></span> <span class='ocrx_word' id='word_1_481' title='bbox 3209 1959 3426 2026; x_wconf 87' lang='lat' dir='ltr'><strong>pericu-</strong></span> 
     </span>
    </p>
   </div>
   <div class='ocr_carea' id='block_1_72' title="bbox 1853 2046 2196 2099">
    <p class='ocr_par' dir='ltr' id='par_1_72' title="bbox 1853 2046 2196 2099">
     <span class='ocr_line' id='line_1_72' title="bbox 1853 2046 2196 2099; baseline -0.003 0"><span class='ocrx_word' id='word_1_482' title='bbox 1853 2050 1960 2099; x_wconf 85' lang='lat' dir='ltr'><strong>lum</strong></span> <span class='ocrx_word' id='word_1_483' title='bbox 1995 2046 2196 2098; x_wconf 81' lang='lat' dir='ltr'><strong>veniet.</strong></span> 
     </span>
    </p>
   </div>
   <div class='ocr_carea' id='block_1_73' title="bbox 2131 2134 3128 2191">
    <p class='ocr_par' dir='ltr' id='par_1_73' title="bbox 2131 2134 3128 2191">
     <span class='ocr_line' id='line_1_73' title="bbox 2131 2134 3128 2191; baseline -0.001 -1"><span class='ocrx_word' id='word_1_484' title='bbox 2131 2134 2354 2190; x_wconf 85' lang='lat' dir='ltr'><strong>Concilii</strong></span> <span class='ocrx_word' id='word_1_485' title='bbox 2382 2135 2818 2190; x_wconf 69' lang='lat' dir='ltr'><strong>Neocaesaricnsis</strong></span> <span class='ocrx_word' id='word_1_486' title='bbox 2842 2152 3010 2191; x_wconf 82' lang='lat' dir='ltr'><strong>canon</strong></span> <span class='ocrx_word' id='word_1_487' title='bbox 3042 2135 3128 2190; x_wconf 75' lang='lat' dir='ltr'><strong>l2.</strong></span> 
     </span>
    </p>
   </div>
   <div class='ocr_carea' id='block_1_74' title="bbox 1924 2226 3428 2296">
    <p class='ocr_par' dir='ltr' id='par_1_74' title="bbox 1924 2226 3428 2296">
     <span class='ocr_line' id='line_1_74' title="bbox 1924 2226 3428 2296; baseline 0.003 -17"><span class='ocrx_word' id='word_1_488' title='bbox 1924 2227 2008 2281; x_wconf 66' lang='lat'><strong>£2.</strong></span> <span class='ocrx_word' id='word_1_489' title='bbox 2051 2226 2104 2281; x_wconf 90' lang='lat' dir='ltr'><strong>Si</strong></span> <span class='ocrx_word' id='word_1_490' title='bbox 2137 2227 2260 2296; x_wconf 90' lang='lat' dir='ltr'><strong>quis</strong></span> <span class='ocrx_word' id='word_1_491' title='bbox 2303 2237 2574 2296; x_wconf 61' lang='lat' dir='ltr'><strong>aegrotans</strong></span> <span class='ocrx_word' id='word_1_492' title='bbox 2613 2228 2658 2258; x_wconf 81' lang='grc'><strong>⁸⁹</strong></span> <span class='ocrx_word' id='word_1_493' title='bbox 2701 2227 2865 2281; x_wconf 83' lang='lat' dir='ltr'><strong>fuerit</strong></span> <span class='ocrx_word' id='word_1_494' title='bbox 2910 2230 3272 2291; x_wconf 85' lang='lat' dir='ltr'><strong>illuminatus,</strong></span> <span class='ocrx_word' id='word_1_495' title='bbox 3320 2244 3428 2283; x_wconf 91' lang='lat' dir='ltr'><strong>non</strong></span> 
     </span>
    </p>
   </div>
   <div class='ocr_carea' id='block_1_75' title="bbox 1851 2317 3428 2388">
    <p class='ocr_par' dir='ltr' id='par_1_75' title="bbox 1851 2317 3428 2388">
     <span class='ocr_line' id='line_1_75' title="bbox 1851 2317 3428 2388; baseline 0 -16"><span class='ocrx_word' id='word_1_496' title='bbox 1851 2327 2029 2388; x_wconf 88' lang='lat' dir='ltr'><strong>potest</strong></span> <span class='ocrx_word' id='word_1_497' title='bbox 2074 2319 2127 2371; x_wconf 91' lang='lat' dir='ltr'><strong>in</strong></span> <span class='ocrx_word' id='word_1_498' title='bbox 2160 2317 2538 2388; x_wconf 83' lang='lat' dir='ltr'><strong>presbyterum</strong></span> <span class='ocrx_word' id='word_1_499' title='bbox 2584 2317 2764 2372; x_wconf 87' lang='lat' dir='ltr'><strong>evehi.</strong></span> <span class='ocrx_word' id='word_1_500' title='bbox 2795 2318 2954 2373; x_wconf 88' lang='lat' dir='ltr'><strong>Fides</strong></span> <span class='ocrx_word' id='word_1_501' title='bbox 2987 2319 3138 2373; x_wconf 86' lang='lat' dir='ltr'><strong>enim</strong></span> <span class='ocrx_word' id='word_1_502' title='bbox 3169 2320 3290 2387; x_wconf 85' lang='lat' dir='ltr'><strong>ejus</strong></span> <span class='ocrx_word' id='word_1_503' title='bbox 3319 2336 3428 2373; x_wconf 86' lang='lat' dir='ltr'><strong>non</strong></span> 
     </span>
    </p>
   </div>
   <div class='ocr_carea' id='block_1_76' title="bbox 1852 2409 3430 2481">
    <p class='ocr_par' dir='ltr' id='par_1_76' title="bbox 1852 2409 3430 2481">
     <span class='ocr_line' id='line_1_76' title="bbox 1852 2409 3430 2481; baseline -0.001 -16"><span class='ocrx_word' id='word_1_504' title='bbox 1852 2421 2024 2465; x_wconf 80' lang='lat' dir='ltr'><strong>estex</strong></span> <span class='ocrx_word' id='word_1_505' title='bbox 2059 2409 2334 2472; x_wconf 88' lang='lat' dir='ltr'><strong>instituto,</strong></span> <span class='ocrx_word' id='word_1_506' title='bbox 2363 2410 2456 2464; x_wconf 91' lang='lat' dir='ltr'><strong>sed</strong></span> <span class='ocrx_word' id='word_1_507' title='bbox 2507 2425 2571 2463; x_wconf 85' lang='lat' dir='ltr'><strong>ex</strong></span> <span class='ocrx_word' id='word_1_508' title='bbox 2608 2410 2935 2465; x_wconf 86' lang='lat' dir='ltr'><strong>necessitate</strong></span> <span class='ocrx_word' id='word_1_509' title='bbox 2979 2410 3085 2465; x_wconf 92' lang='lat' dir='ltr'><strong>nisi</strong></span> <span class='ocrx_word' id='word_1_510' title='bbox 3129 2409 3265 2477; x_wconf 81' lang='lat' dir='ltr'><strong>forte</strong></span> <span class='ocrx_word' id='word_1_511' title='bbox 3299 2425 3430 2481; x_wconf 83' lang='lat' dir='ltr'><strong>pro-</strong></span> 
     </span>
    </p>
   </div>
   <div class='ocr_carea' id='block_1_77' title="bbox 1852 2501 3433 2572">
    <p class='ocr_par' dir='ltr' id='par_1_77' title="bbox 1852 2501 3433 2572">
     <span class='ocr_line' id='line_1_77' title="bbox 1852 2501 3433 2572; baseline 0.003 -18"><span class='ocrx_word' id='word_1_512' title='bbox 1852 2511 1970 2571; x_wconf 83' lang='lat' dir='ltr'><strong>pter</strong></span> <span class='ocrx_word' id='word_1_513' title='bbox 2001 2516 2340 2572; x_wconf 85' lang='lat' dir='ltr'><strong>consequens</strong></span> <span class='ocrx_word' id='word_1_514' title='bbox 2371 2501 2491 2570; x_wconf 83' lang='lat' dir='ltr'><strong>ejus</strong></span> <span class='ocrx_word' id='word_1_515' title='bbox 2521 2501 2760 2558; x_wconf 81' lang='lat' dir='ltr'><strong>studium</strong></span> <span class='ocrx_word' id='word_1_516' title='bbox 2800 2510 2852 2556; x_wconf 90' lang='lat' dir='ltr'><strong>et</strong></span> <span class='ocrx_word' id='word_1_517' title='bbox 2887 2502 3011 2566; x_wconf 81' lang='lat' dir='ltr'><strong>ﬁde,</strong></span> <span class='ocrx_word' id='word_1_518' title='bbox 3042 2502 3433 2572; x_wconf 84' lang='lat' dir='ltr'><strong>hominumque</strong></span> 
     </span>
    </p>
   </div>
   <div class='ocr_carea' id='block_1_78' title="bbox 1853 2596 2152 2649">
    <p class='ocr_par' dir='ltr' id='par_1_78' title="bbox 1853 2596 2152 2649">
     <span class='ocr_line' id='line_1_78' title="bbox 1853 2596 2152 2649; baseline -0.003 0"><span class='ocrx_word' id='word_1_519' title='bbox 1853 2596 2152 2649; x_wconf 83' lang='lat' dir='ltr'><strong>raritatem.</strong></span> 
     </span>
    </p>
   </div>
   <div class='ocr_carea' id='block_1_79' title="bbox 2243 2688 3073 2744">
    <p class='ocr_par' dir='ltr' id='par_1_79' title="bbox 2243 2688 3073 2744">
     <span class='ocr_line' id='line_1_79' title="bbox 2243 2688 3073 2744; baseline -0.005 0"><span class='ocrx_word' id='word_1_520' title='bbox 2243 2688 2474 2744; x_wconf 85' lang='lat' dir='ltr'><strong>Concilii</strong></span> <span class='ocrx_word' id='word_1_521' title='bbox 2501 2688 2789 2742; x_wconf 86' lang='lat' dir='ltr'><strong>Laodiceni</strong></span> <span class='ocrx_word' id='word_1_522' title='bbox 2828 2703 2996 2740; x_wconf 77' lang='lat' dir='ltr'><strong>canon</strong></span> <span class='ocrx_word' id='word_1_523' title='bbox 3023 2688 3073 2741; x_wconf 79' lang='grc'>5.</span> 
     </span>
    </p>
   </div>
   <div class='ocr_carea' id='block_1_80' title="bbox 1921 2777 3447 2849">
    <p class='ocr_par' dir='ltr' id='par_1_80' title="bbox 1921 2777 3447 2849">
     <span class='ocr_line' id='line_1_80' title="bbox 1921 2777 3447 2849; baseline -0.004 -18"><span class='ocrx_word' id='word_1_524' title='bbox 1921 2778 1974 2831; x_wconf 78' lang='grc'>5.</span> <span class='ocrx_word' id='word_1_525' title='bbox 2006 2777 2119 2832; x_wconf 86' lang='grc' dir='ltr'>Νοη</span> <span class='ocrx_word' id='word_1_526' title='bbox 2152 2788 2401 2847; x_wconf 81' lang='lat' dir='ltr'><strong>oportere</strong></span> <span class='ocrx_word' id='word_1_527' title='bbox 2425 2794 2520 2834; x_wconf 88' lang='lat' dir='ltr'><strong>eos</strong></span> <span class='ocrx_word' id='word_1_528' title='bbox 2549 2779 2641 2849; x_wconf 84' lang='lat' dir='ltr'><strong>qui</strong></span> <span class='ocrx_word' id='word_1_529' title='bbox 2671 2789 2800 2834; x_wconf 88' lang='lat' dir='ltr'><strong>sunt</strong></span> <span class='ocrx_word' id='word_1_530' title='bbox 2826 2777 3346 2841; x_wconf 85' lang='lat' dir='ltr'><strong>recensilluminati,</strong></span> <span class='ocrx_word' id='word_1_531' title='bbox 3378 2777 3447 2832; x_wconf 85' lang='lat' dir='ltr'><strong>in.</strong></span> 
     </span>
    </p>
   </div>
   <div class='ocr_carea' id='block_1_81' title="bbox 1854 2869 2910 2940">
    <p class='ocr_par' dir='ltr' id='par_1_81' title="bbox 1854 2869 2910 2940">
     <span class='ocr_line' id='line_1_81' title="bbox 1854 2869 2910 2940; baseline 0.004 -18"><span class='ocrx_word' id='word_1_532' title='bbox 1854 2870 2100 2922; x_wconf 77' lang='lat' dir='ltr'><strong>ordinem</strong></span> <span class='ocrx_word' id='word_1_533' title='bbox 2138 2871 2532 2924; x_wconf 82' lang='lat' dir='ltr'><strong>sacerdotalem</strong></span> <span class='ocrx_word' id='word_1_534' title='bbox 2577 2869 2910 2940; x_wconf 89' lang='lat' dir='ltr'><strong>promoveri.</strong></span> 
     </span>
    </p>
   </div>
   <div class='ocr_carea' id='block_1_82' title="bbox 1926 2959 3448 3030">
    <p class='ocr_par' dir='ltr' id='par_1_82' title="bbox 1926 2959 3448 3030">
     <span class='ocr_line' id='line_1_82' title="bbox 1926 2959 3448 3030; baseline -0.001 -16"><span class='ocrx_word' id='word_1_535' title='bbox 1926 2959 2028 3030; x_wconf 83' lang='lat'><strong>53</strong></span> <span class='ocrx_word' id='word_1_536' title='bbox 2057 2959 2209 3016; x_wconf 87' lang='lat' dir='ltr'><strong>CAP.</strong></span> <span class='ocrx_word' id='word_1_537' title='bbox 2238 2959 2379 3015; x_wconf 76' lang='lat' dir='ltr'><strong>Xlll.</strong></span> <span class='ocrx_word' id='word_1_538' title='bbox 2413 2992 2482 3001; x_wconf 95' lang='lat'><strong>—</strong></span> <span class='ocrx_word' id='word_1_539' title='bbox 2514 2960 2786 3026; x_wconf 84' lang='lat' dir='ltr'><strong>Quomodo</strong></span> <span class='ocrx_word' id='word_1_540' title='bbox 2811 2977 3000 3016; x_wconf 85' lang='lat' dir='ltr'><strong>vacans</strong></span> <span class='ocrx_word' id='word_1_541' title='bbox 3039 2961 3312 3030; x_wconf 63' lang='lat' dir='ltr'><strong>episcopus</strong></span> <span class='ocrx_word' id='word_1_542' title='bbox 3342 2975 3448 3013; x_wconf 78' lang='lat' dir='ltr'><strong>va—.</strong></span> 
     </span>
    </p>
   </div>
   <div class='ocr_carea' id='block_1_83' title="bbox 1861 3055 2721 3122">
    <p class='ocr_par' dir='ltr' id='par_1_83' title="bbox 1861 3055 2721 3122">
     <span class='ocr_line' id='line_1_83' title="bbox 1861 3055 2721 3122; baseline 0.003 -16"><span class='ocrx_word' id='word_1_543' title='bbox 1861 3062 2064 3111; x_wconf 81' lang='lat' dir='ltr'><strong>cantem</strong></span> <span class='ocrx_word' id='word_1_544' title='bbox 2097 3055 2451 3121; x_wconf 73' lang='lat' dir='ltr'><strong>episcopatum</strong></span> <span class='ocrx_word' id='word_1_545' title='bbox 2478 3063 2721 3122; x_wconf 66' lang='lat' dir='ltr'><strong>occupet.</strong></span> 
     </span>
    </p>
   </div>
   <div class='ocr_carea' id='block_1_84' title="bbox 2189 3144 3105 3201">
    <p class='ocr_par' dir='ltr' id='par_1_84' title="bbox 2189 3144 3105 3201">
     <span class='ocr_line' id='line_1_84' title="bbox 2189 3144 3105 3201; baseline -0.002 0"><span class='ocrx_word' id='word_1_546' title='bbox 2189 3144 2413 3201; x_wconf 81' lang='lat' dir='ltr'><strong>Concilii</strong></span> <span class='ocrx_word' id='word_1_547' title='bbox 2451 3147 2758 3201; x_wconf 78' lang='lat' dir='ltr'><strong>Amice/teni</strong></span> <span class='ocrx_word' id='word_1_548' title='bbox 2810 3163 2978 3199; x_wconf 87' lang='lat' dir='ltr'><strong>canon</strong></span> <span class='ocrx_word' id='word_1_549' title='bbox 3016 3144 3105 3199; x_wconf 77' lang='grc'><strong>16.</strong></span> 
     </span>
    </p>
   </div>
   <div class='ocr_carea' id='block_1_85' title="bbox 1927 3237 3433 3310">
    <p class='ocr_par' dir='ltr' id='par_1_85' title="bbox 1927 3237 3433 3310">
     <span class='ocr_line' id='line_1_85' title="bbox 1927 3237 3433 3310; baseline -0.001 -18"><span class='ocrx_word' id='word_1_550' title='bbox 1927 3237 2010 3292; x_wconf 82' lang='grc'>16.</span> <span class='ocrx_word' id='word_1_551' title='bbox 2063 3237 2119 3291; x_wconf 89' lang='lat' dir='ltr'><strong>Si</strong></span> <span class='ocrx_word' id='word_1_552' title='bbox 2151 3238 2273 3306; x_wconf 85' lang='lat' dir='ltr'><strong>quis</strong></span> <span class='ocrx_word' id='word_1_553' title='bbox 2306 3253 2504 3293; x_wconf 88' lang='lat' dir='ltr'><strong>vacans</strong></span> <span class='ocrx_word' id='word_1_554' title='bbox 2539 3239 2651 3310; x_wconf 89' lang='lat' dir='ltr'><strong>(I7)</strong></span> <span class='ocrx_word' id='word_1_555' title='bbox 2703 3240 2996 3308; x_wconf 89' lang='lat' dir='ltr'><strong>episcopus</strong></span> <span class='ocrx_word' id='word_1_556' title='bbox 3038 3238 3091 3292; x_wconf 92' lang='lat' dir='ltr'><strong>in</strong></span> <span class='ocrx_word' id='word_1_557' title='bbox 3152 3242 3433 3290; x_wconf 89' lang='lat' dir='ltr'><strong>vacantem</strong></span> 
     </span>
    </p>
   </div>
   <div class='ocr_carea' id='block_1_86' title="bbox 1851 3327 3435 3398">
    <p class='ocr_par' dir='ltr' id='par_1_86' title="bbox 1851 3327 3435 3398">
     <span class='ocr_line' id='line_1_86' title="bbox 1851 3327 3435 3398; baseline -0.003 -15"><span class='ocrx_word' id='word_1_558' title='bbox 1851 3329 2132 3384; x_wconf 82' lang='lat' dir='ltr'><strong>ecclesiam</strong></span> <span class='ocrx_word' id='word_1_559' title='bbox 2177 3329 2508 3397; x_wconf 89' lang='lat' dir='ltr'><strong>irrumpens,</strong></span> <span class='ocrx_word' id='word_1_560' title='bbox 2544 3331 2724 3383; x_wconf 78' lang='lat' dir='ltr'><strong>sedem</strong></span> <span class='ocrx_word' id='word_1_561' title='bbox 2755 3329 3047 3398; x_wconf 88' lang='lat' dir='ltr'><strong>arripuerit</strong></span> <span class='ocrx_word' id='word_1_562' title='bbox 3073 3327 3282 3396; x_wconf 86' lang='lat' dir='ltr'><strong>absque</strong></span> <span class='ocrx_word' id='word_1_563' title='bbox 3309 3341 3435 3396; x_wconf 91' lang='lat' dir='ltr'><strong>per-</strong></span> 
     </span>
    </p>
   </div>
   <div class='ocr_carea' id='block_1_87' title="bbox 1854 3418 3433 3490">
    <p class='ocr_par' dir='ltr' id='par_1_87' title="bbox 1854 3418 3433 3490">
     <span class='ocr_line' id='line_1_87' title="bbox 1854 3418 3433 3490; baseline -0.003 -16"><span class='ocrx_word' id='word_1_564' title='bbox 1854 3421 1990 3474; x_wconf 84' lang='lat' dir='ltr'><strong>fecta</strong></span> <span class='ocrx_word' id='word_1_565' title='bbox 2021 3419 2252 3490; x_wconf 83' lang='lat' dir='ltr'><strong>synodo,</strong></span> <span class='ocrx_word' id='word_1_566' title='bbox 2284 3418 2331 3473; x_wconf 92' lang='lat' dir='ltr'><strong>is</strong></span> <span class='ocrx_word' id='word_1_567' title='bbox 2354 3419 2425 3472; x_wconf 87' lang='lat' dir='ltr'><strong>sit</strong></span> <span class='ocrx_word' id='word_1_568' title='bbox 2455 3419 2684 3486; x_wconf 79' lang='lat' dir='ltr'><strong>ejecms.</strong></span> <span class='ocrx_word' id='word_1_569' title='bbox 2718 3419 2933 3472; x_wconf 79' lang='lat' dir='ltr'><strong>etiamsi</strong></span> <span class='ocrx_word' id='word_1_570' title='bbox 2964 3418 3145 3472; x_wconf 88' lang='lat' dir='ltr'><strong>omnis</strong></span> <span class='ocrx_word' id='word_1_571' title='bbox 3173 3418 3433 3487; x_wconf 85' lang='lat' dir='ltr'><strong>populus,</strong></span> 
     </span>
    </p>
   </div>
   <div class='ocr_carea' id='block_1_88' title="bbox 1852 3506 3432 3580">
    <p class='ocr_par' dir='ltr' id='par_1_88' title="bbox 1852 3506 3432 3580">
     <span class='ocr_line' id='line_1_88' title="bbox 1852 3506 3432 3580; baseline 0.001 -19"><span class='ocrx_word' id='word_1_572' title='bbox 1852 3526 2012 3580; x_wconf 89' lang='lat' dir='ltr'><strong>quem</strong></span> <span class='ocrx_word' id='word_1_573' title='bbox 2043 3509 2260 3570; x_wconf 84' lang='lat' dir='ltr'><strong>invasit,</strong></span> <span class='ocrx_word' id='word_1_574' title='bbox 2297 3525 2420 3564; x_wconf 90' lang='lat' dir='ltr'><strong>eum</strong></span> <span class='ocrx_word' id='word_1_575' title='bbox 2460 3509 2702 3580; x_wconf 82' lang='lat' dir='ltr'><strong>elegerit.</strong></span> <span class='ocrx_word' id='word_1_576' title='bbox 2740 3509 2824 3563; x_wconf 91' lang='lat' dir='ltr'><strong>Sit</strong></span> <span class='ocrx_word' id='word_1_577' title='bbox 2854 3519 3037 3563; x_wconf 89' lang='lat' dir='ltr'><strong>autem</strong></span> <span class='ocrx_word' id='word_1_578' title='bbox 3073 3509 3164 3562; x_wconf 85' lang='lat' dir='ltr'><strong>illa</strong></span> <span class='ocrx_word' id='word_1_579' title='bbox 3194 3506 3432 3578; x_wconf 80' lang='lat' dir='ltr'><strong>perfecta</strong></span> 
     </span>
    </p>
   </div>
   <div class='ocr_carea' id='block_1_89' title="bbox 1854 3603 3432 3674">
    <p class='ocr_par' dir='ltr' id='par_1_89' title="bbox 1854 3603 3432 3674">
     <span class='ocr_line' id='line_1_89' title="bbox 1854 3603 3432 3674; baseline -0.001 -16"><span class='ocrx_word' id='word_1_580' title='bbox 1854 3603 2136 3674; x_wconf 85' lang='lat' dir='ltr'><strong>synodus,</strong></span> <span class='ocrx_word' id='word_1_581' title='bbox 2200 3603 2285 3656; x_wconf 90' lang='lat' dir='ltr'><strong>cui</strong></span> <span class='ocrx_word' id='word_1_582' title='bbox 2359 3618 2465 3656; x_wconf 85' lang='lat' dir='ltr'><strong>una</strong></span> <span class='ocrx_word' id='word_1_583' title='bbox 2525 3617 2743 3672; x_wconf 90' lang='lat' dir='ltr'><strong>quoque</strong></span> <span class='ocrx_word' id='word_1_584' title='bbox 2820 3603 2975 3657; x_wconf 87' lang='lat' dir='ltr'><strong>adest</strong></span> <span class='ocrx_word' id='word_1_585' title='bbox 3054 3603 3432 3672; x_wconf 84' lang='lat' dir='ltr'><strong>metropolita-</strong></span> 
     </span>
    </p>
   </div>
   <div class='ocr_carea' id='block_1_90' title="bbox 1863 3712 1990 3750">
    <p class='ocr_par' dir='ltr' id='par_1_90' title="bbox 1863 3712 1990 3750">
     <span class='ocr_line' id='line_1_90' title="bbox 1863 3712 1990 3750; baseline -0.008 0"><span class='ocrx_word' id='word_1_586' title='bbox 1863 3712 1990 3750; x_wconf 76' lang='grc' dir='ltr'>ηυς.</span> 
     </span>
    </p>
   </div>
   <div class='ocr_carea' id='block_1_91' title="bbox 1924 3826 3438 3894">
    <p class='ocr_par' dir='ltr' id='par_1_91' title="bbox 1924 3826 3438 3894">
     <span class='ocr_line' id='line_1_91' title="bbox 1924 3826 3438 3894; baseline -0.003 -9"><span class='ocrx_word' id='word_1_587' title='bbox 1924 3829 2076 3886; x_wconf 83' lang='lat' dir='ltr'><strong>CAP.</strong></span> <span class='ocrx_word' id='word_1_588' title='bbox 2123 3829 2263 3884; x_wconf 79' lang='lat' dir='ltr'><strong>XIV.</strong></span> <span class='ocrx_word' id='word_1_589' title='bbox 2307 3859 2378 3871; x_wconf 93' lang='lat'>—</span> <span class='ocrx_word' id='word_1_590' title='bbox 2409 3829 2682 3894; x_wconf 83' lang='lat' dir='ltr'><strong>Quomodo</strong></span> <span class='ocrx_word' id='word_1_591' title='bbox 2724 3829 2988 3884; x_wconf 82' lang='lat' dir='ltr'><strong>eunuchus</strong></span> <span class='ocrx_word' id='word_1_592' title='bbox 3040 3828 3117 3882; x_wconf 80' lang='lat' dir='ltr'><strong>vel</strong></span> <span class='ocrx_word' id='word_1_593' title='bbox 3165 3828 3330 3882; x_wconf 83' lang='lat' dir='ltr'><strong>aliter.</strong></span> <span class='ocrx_word' id='word_1_594' title='bbox 3381 3826 3438 3880; x_wconf 78' lang='lat' dir='ltr'><strong>in</strong></span> 
     </span>
    </p>
   </div>
   <div class='ocr_carea' id='block_1_92' title="bbox 1855 3919 3371 3991">
    <p class='ocr_par' dir='ltr' id='par_1_92' title="bbox 1855 3919 3371 3991">
     <span class='ocr_line' id='line_1_92' title="bbox 1855 3919 3371 3991; baseline 0 -17"><span class='ocrx_word' id='word_1_595' title='bbox 1855 3937 2070 3991; x_wconf 80' lang='lat' dir='ltr'><strong>corpore</strong></span> <span class='ocrx_word' id='word_1_596' title='bbox 2106 3922 2345 3988; x_wconf 82' lang='lat' dir='ltr'><strong>vitiatus,</strong></span> <span class='ocrx_word' id='word_1_597' title='bbox 2367 3922 2497 3990; x_wconf 78' lang='lat' dir='ltr'><strong>ﬁeri.</strong></span> <span class='ocrx_word' id='word_1_598' title='bbox 2518 3921 2787 3989; x_wconf 74' lang='lat' dir='ltr'><strong>episcopus</strong></span> <span class='ocrx_word' id='word_1_599' title='bbox 2814 3928 2907 3974; x_wconf 86' lang='lat' dir='ltr'><strong>aut</strong></span> <span class='ocrx_word' id='word_1_600' title='bbox 2936 3919 3158 3974; x_wconf 78' lang='lat' dir='ltr'><strong>clericus</strong></span> <span class='ocrx_word' id='word_1_601' title='bbox 3186 3919 3371 3989; x_wconf 74' lang='lat' dir='ltr'><strong>possit.</strong></span> 
     </span>
    </p>
   </div>
   <div class='ocr_carea' id='block_1_93' title="bbox 2080 4096 3207 4169">
    <p class='ocr_par' dir='ltr' id='par_1_93' title="bbox 2080 4096 3207 4169">
     <span class='ocr_line' id='line_1_93' title="bbox 2080 4096 3207 4169; baseline -0.003 -16"><span class='ocrx_word' id='word_1_602' title='bbox 2080 4099 2453 4169; x_wconf 76' lang='lat' dir='ltr'><strong>Apostolorum</strong></span> <span class='ocrx_word' id='word_1_603' title='bbox 2483 4114 2712 4152; x_wconf 74' lang='lat' dir='ltr'><strong>canones</strong></span> <span class='ocrx_word' id='word_1_604' title='bbox 2741 4097 2831 4164; x_wconf 71' lang='lat'><strong>2|,</strong></span> <span class='ocrx_word' id='word_1_605' title='bbox 2864 4097 2956 4161; x_wconf 73' lang='lat'><strong>2‘2,</strong></span> <span class='ocrx_word' id='word_1_606' title='bbox 2997 4097 3086 4161; x_wconf 87' lang='lat'><strong>77,</strong></span> <span class='ocrx_word' id='word_1_607' title='bbox 3117 4096 3207 4150; x_wconf 89' lang='lat'><strong>78.</strong></span> 
     </span>
    </p>
   </div>
   <div class='ocr_carea' id='block_1_94' title="bbox 1921 4184 3437 4263">
    <p class='ocr_par' dir='ltr' id='par_1_94' title="bbox 1921 4184 3437 4263">
     <span class='ocr_line' id='line_1_94' title="bbox 1921 4184 3437 4263; baseline -0.004 -18"><span class='ocrx_word' id='word_1_608' title='bbox 1921 4193 1980 4245; x_wconf 67' lang='grc' dir='ltr'>Ἡ</span> <span class='ocrx_word' id='word_1_609' title='bbox 2006 4189 2510 4263; x_wconf 72' lang='grc' dir='ltr'><strong>[20].Ειιηιιοιιιιδ⁸ο</strong></span> <span class='ocrx_word' id='word_1_610' title='bbox 2533 4190 2579 4244; x_wconf 89' lang='lat' dir='ltr'><strong>si</strong></span> <span class='ocrx_word' id='word_1_611' title='bbox 2608 4205 2670 4244; x_wconf 85' lang='lat' dir='ltr'><strong>ex</strong></span> <span class='ocrx_word' id='word_1_612' title='bbox 2701 4190 2984 4244; x_wconf 88' lang='lat' dir='ltr'><strong>hominum</strong></span> <span class='ocrx_word' id='word_1_613' title='bbox 3001 4187 3217 4258; x_wconf 89' lang='lat' dir='ltr'><strong>quidem</strong></span> <span class='ocrx_word' id='word_1_614' title='bbox 3239 4184 3437 4256; x_wconf 68' lang='lat' dir='ltr'><strong>injuria</strong></span> 
     </span>
    </p>
   </div>
   <div class='ocr_carea' id='block_1_95' title="bbox 1857 4275 3459 4348">
    <p class='ocr_par' dir='ltr' id='par_1_95' title="bbox 1857 4275 3459 4348">
     <span class='ocr_line' id='line_1_95' title="bbox 1857 4275 3459 4348; baseline -0.005 -12"><span class='ocrx_word' id='word_1_615' title='bbox 1857 4283 2032 4338; x_wconf 81' lang='lat' dir='ltr'><strong>fartus</strong></span> <span class='ocrx_word' id='word_1_616' title='bbox 2054 4283 2144 4347; x_wconf 86' lang='lat' dir='ltr'><strong>sit,</strong></span> <span class='ocrx_word' id='word_1_617' title='bbox 2185 4282 2269 4335; x_wconf 88' lang='lat' dir='ltr'><strong>vel</strong></span> <span class='ocrx_word' id='word_1_618' title='bbox 2297 4281 2351 4334; x_wconf 94' lang='lat' dir='ltr'><strong>in</strong></span> <span class='ocrx_word' id='word_1_619' title='bbox 2374 4282 2749 4348; x_wconf 81' lang='lat' dir='ltr'><strong>persecutione</strong></span> <span class='ocrx_word' id='word_1_620' title='bbox 2775 4278 3027 4332; x_wconf 83' lang='lat' dir='ltr'><strong>virilibus</strong></span> <span class='ocrx_word' id='word_1_621' title='bbox 3065 4278 3310 4347; x_wconf 88' lang='lat' dir='ltr'><strong>privatus</strong></span> <span class='ocrx_word' id='word_1_622' title='bbox 3342 4275 3459 4340; x_wconf 89' lang='lat' dir='ltr'><strong>sit,-</strong></span> 
     </span>
    </p>
   </div>
   <div class='ocr_carea' id='block_1_96' title="bbox 1857 4371 2946 4441">
    <p class='ocr_par' dir='ltr' id='par_1_96' title="bbox 1857 4371 2946 4441">
     <span class='ocr_line' id='line_1_96' title="bbox 1857 4371 2946 4441; baseline -0.004 -13"><span class='ocrx_word' id='word_1_623' title='bbox 1857 4377 1949 4437; x_wconf 87' lang='lat' dir='ltr'><strong>vel</strong></span> <span class='ocrx_word' id='word_1_624' title='bbox 1973 4377 2050 4429; x_wconf 88' lang='lat' dir='ltr'><strong>sic</strong></span> <span class='ocrx_word' id='word_1_625' title='bbox 2080 4384 2240 4429; x_wconf 87' lang='lat' dir='ltr'><strong>natus</strong></span> <span class='ocrx_word' id='word_1_626' title='bbox 2268 4383 2371 4439; x_wconf 48' lang='lat' dir='ltr'><strong>est,</strong></span> <span class='ocrx_word' id='word_1_627' title='bbox 2392 4381 2445 4426; x_wconf 80' lang='lat' dir='ltr'><strong>ct</strong></span> <span class='ocrx_word' id='word_1_628' title='bbox 2470 4373 2667 4441; x_wconf 79' lang='lat' dir='ltr'><strong>dignus</strong></span> <span class='ocrx_word' id='word_1_629' title='bbox 2698 4379 2802 4435; x_wconf 90' lang='lat' dir='ltr'><strong>est,</strong></span> <span class='ocrx_word' id='word_1_630' title='bbox 2831 4371 2946 4426; x_wconf 74' lang='lat' dir='ltr'><strong>fiat.</strong></span> 
     </span>
    </p>
   </div>
   <div class='ocr_carea' id='block_1_97' title="bbox 1926 4454 3458 4538">
    <p class='ocr_par' dir='ltr' id='par_1_97' title="bbox 1926 4454 3458 4538">
     <span class='ocr_line' id='line_1_97' title="bbox 1926 4454 3458 4538; baseline -0.004 -18"><span class='ocrx_word' id='word_1_631' title='bbox 1926 4467 1995 4521; x_wconf 61' lang='grc' dir='ltr'><em>Ἡ</em></span> <span class='ocrx_word' id='word_1_632' title='bbox 2024 4465 2159 4538; x_wconf 60' lang='lat'><strong>[‘21].</strong></span> <span class='ocrx_word' id='word_1_633' title='bbox 2201 4464 2302 4536; x_wconf 86' lang='lat' dir='ltr'><strong>Qui</strong></span> <span class='ocrx_word' id='word_1_634' title='bbox 2334 4465 2573 4534; x_wconf 83' lang='lat' dir='ltr'><strong>seipsurn</strong></span> <span class='ocrx_word' id='word_1_635' title='bbox 2614 4463 2904 4526; x_wconf 87' lang='lat' dir='ltr'><strong>mutilavit,</strong></span> <span class='ocrx_word' id='word_1_636' title='bbox 2938 4478 3006 4517; x_wconf 89' lang='lat' dir='ltr'><strong>ne</strong></span> <span class='ocrx_word' id='word_1_637' title='bbox 3049 4461 3119 4517; x_wconf 90' lang='lat' dir='ltr'><strong>sit</strong></span> <span class='ocrx_word' id='word_1_638' title='bbox 3162 4454 3458 4522; x_wconf 48' lang='lat' dir='ltr'><strong>clericus:</strong></span> 
     </span>
    </p>
   </div>
   <div class='ocr_carea' id='block_1_98' title="bbox 1855 4553 3058 4625">
    <p class='ocr_par' dir='ltr' id='par_1_98' title="bbox 1855 4553 3058 4625">
     <span class='ocr_line' id='line_1_98' title="bbox 1855 4553 3058 4625; baseline -0.007 -11"><span class='ocrx_word' id='word_1_639' title='bbox 1855 4569 1937 4614; x_wconf 92' lang='lat' dir='ltr'><strong>est</strong></span> <span class='ocrx_word' id='word_1_640' title='bbox 1969 4559 2050 4614; x_wconf 90' lang='lat' dir='ltr'><strong>sui</strong></span> <span class='ocrx_word' id='word_1_641' title='bbox 2089 4555 2383 4616; x_wconf 86' lang='lat' dir='ltr'><strong>homicida.</strong></span> <span class='ocrx_word' id='word_1_642' title='bbox 2415 4566 2466 4611; x_wconf 91' lang='lat' dir='ltr'><strong>et</strong></span> <span class='ocrx_word' id='word_1_643' title='bbox 2500 4554 2594 4609; x_wconf 91' lang='lat' dir='ltr'><strong>Dei</strong></span> <span class='ocrx_word' id='word_1_644' title='bbox 2617 4553 2822 4625; x_wconf 79' lang='lat' dir='ltr'><strong>opiﬁcii</strong></span> <span class='ocrx_word' id='word_1_645' title='bbox 2862 4553 3058 4609; x_wconf 88' lang='lat' dir='ltr'><strong>hostis.</strong></span> 
     </span>
    </p>
   </div>
   <div class='ocr_carea' id='block_1_99' title="bbox 1935 4723 3442 4809">
    <p class='ocr_par' dir='ltr' id='par_1_99' title="bbox 1935 4723 3442 4809">
     <span class='ocr_line' id='line_1_99' title="bbox 1935 4723 3442 4809; baseline -0.007 -19"><span class='ocrx_word' id='word_1_646' title='bbox 1935 4738 1999 4791; x_wconf 92' lang='lat'><strong>77</strong></span> <span class='ocrx_word' id='word_1_647' title='bbox 2037 4735 2174 4809; x_wconf 83' lang='lat'><strong>[76].</strong></span> <span class='ocrx_word' id='word_1_648' title='bbox 2209 4732 2264 4788; x_wconf 90' lang='lat' dir='ltr'><strong>Si</strong></span> <span class='ocrx_word' id='word_1_649' title='bbox 2292 4735 2418 4804; x_wconf 90' lang='lat' dir='ltr'><strong>quis</strong></span> <span class='ocrx_word' id='word_1_650' title='bbox 2448 4733 2489 4763; x_wconf 77' lang='lat'>“</span> <span class='ocrx_word' id='word_1_651' title='bbox 2515 4731 2609 4793; x_wconf 86' lang='lat' dir='ltr'><strong>vel</strong></span> <span class='ocrx_word' id='word_1_652' title='bbox 2637 4731 2796 4786; x_wconf 89' lang='lat' dir='ltr'><strong>oculo</strong></span> <span class='ocrx_word' id='word_1_653' title='bbox 2826 4729 3075 4793; x_wconf 87' lang='lat' dir='ltr'><strong>orbatus,</strong></span> <span class='ocrx_word' id='word_1_654' title='bbox 3107 4728 3190 4781; x_wconf 91' lang='lat' dir='ltr'><strong>vel</strong></span> <span class='ocrx_word' id='word_1_655' title='bbox 3234 4723 3442 4790; x_wconf 81' lang='lat' dir='ltr'><strong>femore</strong></span> 
     </span>
    </p>
   </div>
   <div class='ocr_carea' id='block_1_100' title="bbox 1865 4810 3438 4890">
    <p class='ocr_par' dir='ltr' id='par_1_100' title="bbox 1865 4810 3438 4890">
     <span class='ocr_line' id='line_1_100' title="bbox 1865 4810 3438 4890; baseline -0.01 -11"><span class='ocrx_word' id='word_1_656' title='bbox 1865 4825 2118 4888; x_wconf 62' lang='lat' dir='ltr'><strong>Oitlil&#39;SllS,</strong></span> <span class='ocrx_word' id='word_1_657' title='bbox 2172 4821 2490 4890; x_wconf 83' lang='lat' dir='ltr'><strong>episcopatu</strong></span> <span class='ocrx_word' id='word_1_658' title='bbox 2547 4829 2726 4875; x_wconf 85' lang='lat' dir='ltr'><strong>autem</strong></span> <span class='ocrx_word' id='word_1_659' title='bbox 2779 4817 2980 4888; x_wconf 76' lang='lat' dir='ltr'><strong>dignus</strong></span> <span class='ocrx_word' id='word_1_660' title='bbox 3033 4817 3124 4880; x_wconf 87' lang='lat' dir='ltr'><strong>sit,</strong></span> <span class='ocrx_word' id='word_1_661' title='bbox 3169 4815 3281 4869; x_wconf 83' lang='lat' dir='ltr'><strong>ﬁat.</strong></span> <span class='ocrx_word' id='word_1_662' title='bbox 3322 4810 3438 4866; x_wconf 88' lang='lat' dir='ltr'><strong>Non</strong></span> 
     </span>
    </p>
   </div>
   <div class='ocr_carea' id='block_1_101' title="bbox 1861 4909 3440 4986">
    <p class='ocr_par' dir='ltr' id='par_1_101' title="bbox 1861 4909 3440 4986">
     <span class='ocr_line' id='line_1_101' title="bbox 1861 4909 3440 4986; baseline -0.008 -13"><span class='ocrx_word' id='word_1_663' title='bbox 1861 4921 2008 4974; x_wconf 87' lang='lat' dir='ltr'><strong>enim</strong></span> <span class='ocrx_word' id='word_1_664' title='bbox 2065 4915 2317 4986; x_wconf 89' lang='lat' dir='ltr'><strong>corporis</strong></span> <span class='ocrx_word' id='word_1_665' title='bbox 2375 4916 2636 4970; x_wconf 89' lang='lat' dir='ltr'><strong>damnum</strong></span> <span class='ocrx_word' id='word_1_666' title='bbox 2690 4929 2813 4968; x_wconf 88' lang='lat' dir='ltr'><strong>eum</strong></span> <span class='ocrx_word' id='word_1_667' title='bbox 2872 4913 3089 4983; x_wconf 88' lang='lat' dir='ltr'><strong>polluit,</strong></span> <span class='ocrx_word' id='word_1_668' title='bbox 3121 4911 3216 4966; x_wconf 86' lang='lat' dir='ltr'><strong>sed</strong></span> <span class='ocrx_word' id='word_1_669' title='bbox 3246 4909 3440 4966; x_wconf 74' lang='lat' dir='ltr'><strong>anima-</strong></span> 
     </span>
    </p>
   </div>
   <div class='ocr_carea' id='block_1_102' title="bbox 1860 5010 2186 5079">
    <p class='ocr_par' dir='ltr' id='par_1_102' title="bbox 1860 5010 2186 5079">
     <span class='ocr_line' id='line_1_102' title="bbox 1860 5010 2186 5079; baseline -0.015 -15"><span class='ocrx_word' id='word_1_670' title='bbox 1860 5010 2186 5079; x_wconf 75' lang='lat' dir='ltr'><strong>inquinatio.</strong></span> 
     </span>
    </p>
   </div>
   <div class='ocr_carea' id='block_1_103' title="bbox 1934 5096 3450 5174">
    <p class='ocr_par' dir='ltr' id='par_1_103' title="bbox 1934 5096 3450 5174">
     <span class='ocr_line' id='line_1_103' title="bbox 1934 5096 3450 5174; baseline -0.007 -19"><span class='ocrx_word' id='word_1_671' title='bbox 1934 5105 2000 5157; x_wconf 81' lang='lat'><strong>78</strong></span> <span class='ocrx_word' id='word_1_672' title='bbox 2031 5101 2167 5174; x_wconf 79' lang='lat'><strong>[77].</strong></span> <span class='ocrx_word' id='word_1_673' title='bbox 2200 5099 2304 5168; x_wconf 82' lang='lat' dir='ltr'><strong>Qui</strong></span> <span class='ocrx_word' id='word_1_674' title='bbox 2333 5112 2511 5154; x_wconf 88' lang='lat' dir='ltr'><strong>autem</strong></span> <span class='ocrx_word' id='word_1_675' title='bbox 2551 5111 2634 5153; x_wconf 89' lang='lat' dir='ltr'><strong>est</strong></span> <span class='ocrx_word' id='word_1_676' title='bbox 2667 5099 2872 5160; x_wconf 86' lang='lat' dir='ltr'><strong>surdus</strong></span> <span class='ocrx_word' id='word_1_677' title='bbox 2923 5100 2977 5151; x_wconf 87' lang='lat' dir='ltr'><strong>et</strong></span> <span class='ocrx_word' id='word_1_678' title='bbox 3024 5111 3222 5155; x_wconf 72' lang='lat' dir='ltr'><strong>czecus.</strong></span> <span class='ocrx_word' id='word_1_679' title='bbox 3270 5111 3337 5148; x_wconf 87' lang='lat' dir='ltr'><strong>ne</strong></span> <span class='ocrx_word' id='word_1_680' title='bbox 3370 5096 3450 5154; x_wconf 21' lang='lat' dir='ltr'><strong>sit,</strong></span> 
     </span>
    </p>
   </div>
   <div class='ocr_carea' id='block_1_104' title="bbox 1857 5187 3438 5268">
    <p class='ocr_par' dir='ltr' id='par_1_104' title="bbox 1857 5187 3438 5268">
     <span class='ocr_line' id='line_1_104' title="bbox 1857 5187 3438 5268; baseline -0.009 -16"><span class='ocrx_word' id='word_1_681' title='bbox 1857 5198 2147 5268; x_wconf 79' lang='lat' dir='ltr'><strong>episcopus</strong></span> <span class='ocrx_word' id='word_1_682' title='bbox 2189 5213 2201 5248; x_wconf 87' lang='lat'><strong>:</strong></span> <span class='ocrx_word' id='word_1_683' title='bbox 2242 5209 2348 5250; x_wconf 90' lang='lat' dir='ltr'><strong>non</strong></span> <span class='ocrx_word' id='word_1_684' title='bbox 2398 5202 2457 5249; x_wconf 89' lang='lat' dir='ltr'><strong>ut</strong></span> <span class='ocrx_word' id='word_1_685' title='bbox 2507 5193 2768 5263; x_wconf 89' lang='lat' dir='ltr'><strong>pollutus,</strong></span> <span class='ocrx_word' id='word_1_686' title='bbox 2825 5190 2916 5247; x_wconf 86' lang='lat' dir='ltr'><strong>sed</strong></span> <span class='ocrx_word' id='word_1_687' title='bbox 2956 5204 3023 5244; x_wconf 88' lang='lat' dir='ltr'><strong>ne</strong></span> <span class='ocrx_word' id='word_1_688' title='bbox 3071 5187 3438 5244; x_wconf 79' lang='lat' dir='ltr'><strong>ecclesiastica</strong></span> 
     </span>
    </p>
   </div>
   <div class='ocr_carea' id='block_1_105' title="bbox 1863 5289 2252 5360">
    <p class='ocr_par' dir='ltr' id='par_1_105' title="bbox 1863 5289 2252 5360">
     <span class='ocr_line' id='line_1_105' title="bbox 1863 5289 2252 5360; baseline -0.008 -15"><span class='ocrx_word' id='word_1_689' title='bbox 1863 5289 2252 5360; x_wconf 81' lang='lat' dir='ltr'><strong>impediantur.</strong></span> 
     </span>
    </p>
   </div>
   <div class='ocr_carea' id='block_1_106' title="bbox 265 5425 1751 5526">
    <p class='ocr_par' dir='ltr' id='par_1_106' title="bbox 265 5425 1751 5526">
     <span class='ocr_line' id='line_1_106' title="bbox 265 5425 1751 5526; baseline -0.004 -14"><span class='ocrx_word' id='word_1_690' title='bbox 265 5457 305 5488; x_wconf 78' lang='grc'><strong>⁵⁸</strong></span> <span class='ocrx_word' id='word_1_691' title='bbox 345 5457 390 5512; x_wconf 76' lang='lat' dir='ltr'><strong>ll</strong></span> <span class='ocrx_word' id='word_1_692' title='bbox 423 5457 569 5515; x_wconf 85' lang='lat' dir='ltr'><strong>Tim.</strong></span> <span class='ocrx_word' id='word_1_693' title='bbox 594 5476 674 5526; x_wconf 82' lang='grc' dir='ltr'>ιιι,</span> <span class='ocrx_word' id='word_1_694' title='bbox 708 5460 760 5514; x_wconf 84' lang='grc'>6.</span> <span class='ocrx_word' id='word_1_695' title='bbox 841 5461 884 5491; x_wconf 68' lang='grc'><strong>⁸9</strong></span> <span class='ocrx_word' id='word_1_696' title='bbox 919 5425 1166 5513; x_wconf 71' lang='lat' dir='ltr'><strong>DiSlittct.</strong></span> <span class='ocrx_word' id='word_1_697' title='bbox 1197 5459 1258 5511; x_wconf 80' lang='lat'><strong>77</strong></span> <span class='ocrx_word' id='word_1_698' title='bbox 1295 5459 1354 5512; x_wconf 81' lang='lat' dir='ltr'><strong>Si</strong></span> <span class='ocrx_word' id='word_1_699' title='bbox 1411 5462 1527 5524; x_wconf 72' lang='lat' dir='ltr'><strong>quis</strong></span> <span class='ocrx_word' id='word_1_700' title='bbox 1571 5460 1620 5511; x_wconf 77' lang='lat' dir='ltr'><strong>in</strong></span> <span class='ocrx_word' id='word_1_701' title='bbox 1652 5472 1751 5526; x_wconf 79' lang='lat' dir='ltr'><strong>a’gr</strong></span> 
     </span>
    </p>
   </div>
   <div class='ocr_carea' id='block_1_107' title="bbox 1872 5425 3085 5526">
    <p class='ocr_par' dir='ltr' id='par_1_107' title="bbox 1872 5445 3085 5512">
     <span class='ocr_line' id='line_1_107' title="bbox 1872 5445 3085 5512; baseline -0.007 -5"><span class='ocrx_word' id='word_1_702' title='bbox 1872 5457 1985 5512; x_wconf 64' lang='lat' dir='ltr'><strong>Fine.</strong></span> <span class='ocrx_word' id='word_1_703' title='bbox 2064 5457 2107 5486; x_wconf 81' lang='grc'><strong>⁶⁰</strong></span> <span class='ocrx_word' id='word_1_704' title='bbox 2146 5452 2393 5507; x_wconf 82' lang='lat' dir='ltr'><strong>Distinet.</strong></span> <span class='ocrx_word' id='word_1_705' title='bbox 2432 5451 2486 5504; x_wconf 76' lang='grc'>5.</span> <span class='ocrx_word' id='word_1_706' title='bbox 2563 5450 2603 5481; x_wconf 70' lang='grc' dir='ltr'>εί</span> <span class='ocrx_word' id='word_1_707' title='bbox 2639 5446 2892 5504; x_wconf 84' lang='lat' dir='ltr'><strong>Antioch.</strong></span> <span class='ocrx_word' id='word_1_708' title='bbox 2921 5462 2971 5501; x_wconf 94' lang='lat' dir='ltr'><strong>c.</strong></span> <span class='ocrx_word' id='word_1_709' title='bbox 2996 5445 3085 5500; x_wconf 74' lang='lat'><strong>25.</strong></span> 
     </span>
    </p>
   </div>
   <div class='ocr_carea' id='block_1_108' title="bbox 1705 5589 1936 5646">
    <p class='ocr_par' dir='ltr' id='par_1_108' title="bbox 1705 5589 1936 5646">
     <span class='ocr_line' id='line_1_108' title="bbox 1705 5589 1936 5646; baseline 0.009 -2"><span class='ocrx_word' id='word_1_710' title='bbox 1705 5589 1912 5645; x_wconf 57' lang='lat' dir='ltr'><strong>DOTJE</strong></span> <span class='ocrx_word' id='word_1_711' title='bbox 1923 5634 1936 5646; x_wconf 89' lang='lat'><strong>.</strong></span> 
     </span>
    </p>
   </div>
   <div class='ocr_carea' id='block_1_109' title="bbox 273 5747 1754 5822">
    <p class='ocr_par' dir='ltr' id='par_1_109' title="bbox 273 5747 1754 5822">
     <span class='ocr_line' id='line_1_109' title="bbox 273 5747 1754 5822; baseline -0.002 -19"><span class='ocrx_word' id='word_1_712' title='bbox 273 5748 386 5822; x_wconf 60' lang='grc' dir='ltr'>(ιθ)</span> <span class='ocrx_word' id='word_1_713' title='bbox 408 5747 506 5822; x_wconf 69' lang='lat' dir='ltr'><strong>llic</strong></span> <span class='ocrx_word' id='word_1_714' title='bbox 530 5759 585 5804; x_wconf 92' lang='lat' dir='ltr'><strong>et</strong></span> <span class='ocrx_word' id='word_1_715' title='bbox 614 5767 844 5822; x_wconf 82' lang='lat' dir='ltr'><strong>sequens</strong></span> <span class='ocrx_word' id='word_1_716' title='bbox 883 5768 1056 5808; x_wconf 88' lang='lat' dir='ltr'><strong>canon</strong></span> <span class='ocrx_word' id='word_1_717' title='bbox 1088 5753 1324 5808; x_wconf 85' lang='lat' dir='ltr'><strong>citantur</strong></span> <span class='ocrx_word' id='word_1_718' title='bbox 1357 5762 1461 5804; x_wconf 85' lang='lat' dir='ltr'><strong>act.</strong></span> <span class='ocrx_word' id='word_1_719' title='bbox 1515 5751 1568 5802; x_wconf 80' lang='lat' dir='ltr'><strong>tt</strong></span> <span class='ocrx_word' id='word_1_720' title='bbox 1626 5767 1754 5801; x_wconf 76' lang='lat' dir='ltr'><strong>run-</strong></span> 
     </span>
    </p>
   </div>
   <div class='ocr_carea' id='block_1_110' title="bbox 211 5816 1762 5894">
    <p class='ocr_par' dir='ltr' id='par_1_110' title="bbox 211 5816 1762 5894">
     <span class='ocr_line' id='line_1_110' title="bbox 211 5816 1762 5894; baseline 0.003 -25"><span class='ocrx_word' id='word_1_721' title='bbox 211 5816 802 5888; x_wconf 72' lang='lat' dir='ltr'><strong>ciliiChalcedoncrisis,</strong></span> <span class='ocrx_word' id='word_1_722' title='bbox 828 5824 1193 5894; x_wconf 83' lang='lat' dir='ltr'><strong>dicunturquc</strong></span> <span class='ocrx_word' id='word_1_723' title='bbox 1219 5824 1289 5878; x_wconf 74' lang='grc'>95</span> <span class='ocrx_word' id='word_1_724' title='bbox 1342 5832 1393 5876; x_wconf 70' lang='lat' dir='ltr'><strong>et</strong></span> <span class='ocrx_word' id='word_1_725' title='bbox 1443 5823 1508 5876; x_wconf 77' lang='lat'><strong>96</strong></span> <span class='ocrx_word' id='word_1_726' title='bbox 1551 5822 1762 5876; x_wconf 77' lang='lat' dir='ltr'><strong>codicis</strong></span> 
     </span>
    </p>
   </div>
   <div class='ocr_carea' id='block_1_111' title="bbox 1862 5737 3453 5874">
    <p class='ocr_par' dir='ltr' id='par_1_111' title="bbox 1862 5737 3453 5874">
     <span class='ocr_line' id='line_1_111' title="bbox 1862 5737 3453 5874; baseline -0.008 -73"><span class='ocrx_word' id='word_1_727' title='bbox 1862 5751 2215 5874; x_wconf 51' lang='lat' dir='ltr'><strong>celelcsiastici</strong></span> <span class='ocrx_word' id='word_1_728' title='bbox 2245 5790 2259 5817; x_wconf 95' lang='lat'><strong>,</strong></span> <span class='ocrx_word' id='word_1_729' title='bbox 2313 5749 2377 5804; x_wconf 91' lang='lat' dir='ltr'><strong>de</strong></span> <span class='ocrx_word' id='word_1_730' title='bbox 2431 5762 2539 5818; x_wconf 85' lang='lat' dir='ltr'><strong>quo</strong></span> <span class='ocrx_word' id='word_1_731' title='bbox 2591 5745 2745 5817; x_wconf 87' lang='lat' dir='ltr'><strong>plura</strong></span> <span class='ocrx_word' id='word_1_732' title='bbox 2800 5739 3062 5802; x_wconf 84' lang='lat' dir='ltr'><strong>Justellus</strong></span> <span class='ocrx_word' id='word_1_733' title='bbox 3112 5740 3205 5810; x_wconf 76' lang='lat' dir='ltr'><strong>qui</strong></span> <span class='ocrx_word' id='word_1_734' title='bbox 3248 5737 3453 5804; x_wconf 38' lang='lat' dir='ltr'><strong>edidit,</strong></span> 
     </span>
     <span class='ocr_line' id='line_1_112' title="bbox 1875 5836 2095 5874; baseline 0 0"><span class='ocrx_word' id='word_1_735' title='bbox 1875 5837 1902 5874; x_wconf 79' lang='grc' dir='ltr'><strong>ιι</strong></span> <span class='ocrx_word' id='word_1_736' title='bbox 1932 5836 2095 5874; x_wconf 87' lang='lat' dir='ltr'><strong>nuuc.</strong></span> 
     </span>
    </p>
   </div>
   <div class='ocr_carea' id='block_1_112' title="bbox 1875 5836 2095 5889">
    <p class='ocr_par' dir='ltr' id='par_1_112' title="bbox 1875 5836 2095 5889">
     <span class='ocr_line' id='line_1_113' title="bbox 1875 5836 2095 5889; baseline 0.005 -15"><span class='ocrx_word' id='word_1_737' title='bbox 1875 5836 2095 5889; x_wconf 77' lang='lat' dir='ltr'><strong>umque.</strong></span> 
     </span>
    </p>
   </div>
  </div>
