3908 6296
604 336 707 400 503
1752 334 1981 395 ΡΗΟΤΙ
1990 335 2014 393 Ι
2055 335 2146 394 ΡΑ

2279 337 2555 399 ΑΠΟΗἈΕ
2595 344 2707 407 CP.
3737 348 3822 410 504

1012 457 1240 513 Concilii
1274 456 1478 512 Νίσαῖηὶ
1507 472 1674 510 canon
1708 456 1757 510 1.
2198 461 2244 516 Α

2198 461 2244 516 Α
2625 463 2893 517 Συνόθου
2920 464 3165 528 Νικαίας
3196 460 3396 516 κανὼν
3431 468 3499 517 α’.

671 548 780 622 54
827 549 877 603 1.
906 548 962 605 Si
988 550 1112 620 quis
1150 565 1179 605 a
1210 549 1434 605 medicis
1468 549 1523 601 in
1548 548 1740 603 morbo
1769 547 2007 609 excisus,
2028 548 2110 603 vel
2140 563 2171 602 a

2346 558 2418 605 α’.
2453 550 2521 603 Et
2546 570 2630 617 τις
2664 556 2723 607 ἐν
2767 554 2906 625 νόσῳ
2954 552 3059 607 ὑπὸ
3113 553 3313 625 ίατρῶν
3358 553 3760 626 ἐχειρουργήθη,
3796 561 3822 627 ἢ

600 642 857 698 Barbaris
903 652 1157 698 exsectos
1188 652 1291 706 est,
1329 642 1378 696 is
1413 641 1466 695 in
1500 640 1650 695 clero
1693 647 1931 695 maneat.
1963 638 2019 694 Si
2048 640 2137 710 qui

2279 642 2383 695 ὑπὸ
2404 642 2694 714 βαρόόιρων
2714 644 3007 713 ἐξετμήθη,
3034 634 3189 707 οὗτος
3220 642 3430 714 μενέτω
3452 643 3510 696 ἐν
3530 642 3609 713 τῷ
3639 645 3822 717 κλήρῳ·

603 741 785 785 autem
820 747 943 787 cum
991 740 1133 786 esset
1193 746 1383 795 sanus,
1431 730 1671 800 seipsum
1720 730 1985 798 exsecuit,
2044 744 2146 785 eun

2283 737 2325 788 εί
2352 735 2410 789 δέ
2437 753 2518 799 τις
2547 736 2804 804 ὑγιαίνων
2834 737 3025 791 ἑαυτὸν
3058 738 3305 807 ἐξέτεμε,
3333 736 3522 792 τοῦτον
3565 738 3659 791 καὶ
3683 740 3735 792 ἐν
3761 742 3826 810 τῷ

599 822 764 877 etiam
810 823 866 878 in
922 822 1069 877 clero
1100 824 1471 876 examinatum
1526 836 1744 876 cessare
1788 821 2065 884 convenit,
2116 836 2142 875 e

2283 825 2464 896 κλήρῳ
2513 826 2920 896 ἐξεταζόμενον,
2954 825 3266 879 πεπαῦσθαι
3304 826 3603 896 προσήκει·
3656 826 3744 879 καὶ
3772 827 3826 881 ἐκ

601 912 855 981 deinceps
888 912 1095 966 nullum
1129 910 1289 966 talem
1330 920 1543 981 oportet
1594 911 1921 982 promoveri.
1968 912 2144 978 Quem

2281 915 2371 968 τοῦ
2401 915 2580 987 δεῦρο,
2619 915 2819 986 μηδένα
2845 915 2950 968 τῶν
2979 914 3237 968 τοιούτων
3262 916 3459 986 χρῆναι
3488 916 3824 985 προάγεσθαι.

598 1002 888 1057 admodum
930 1011 1111 1056 autem
1150 1003 1252 1056 hoc
1276 1003 1627 1057 manifestum
1671 1012 1776 1069 est,
1802 1002 1945 1073 quod
1976 1003 2043 1057 de
2077 1003 2141 1057 iis

2284 1008 2572 1077 Ὥσπερδέ
2596 1008 2754 1062 τοῦτο
2783 1008 3069 1078 πρόδηλον,
3099 1009 3181 1061 ὅτι
3217 1009 3347 1079 περὶ
3371 1007 3481 1060 τῶν
3501 1006 3827 1077 ἐπιτηδευόν-

597 1094 691 1163 qui
723 1097 789 1149 de
824 1094 1089 1148 industria
1120 1095 1223 1149 hoc
1255 1105 1438 1164 agant,
1473 1104 1526 1149 et
1574 1112 1632 1150 se
1664 1095 1814 1164 ipsos
1842 1095 2043 1149 audent
2073 1109 2138 1149 ex

2284 1117 2382 1152 των
2405 1098 2467 1150 τὸ
2492 1100 2746 1169 πρᾶγμα,
2796 1098 2892 1152 καὶ
2920 1096 3246 1168 τολμώντων
3290 1098 3521 1161 ἑαυτοὺς
3567 1098 3827 1167 ἐκτέμνειν

596 1183 797 1247 cidere,
829 1183 1028 1238 dictum
1079 1195 1160 1239 est
1196 1202 1210 1239 :
1266 1186 1392 1241 item
1434 1185 1480 1239 si
1511 1185 1678 1254 aliqui
1730 1199 1758 1237 a
1799 1183 2054 1239 Barbaris
2085 1198 2139 1237 ve

2285 1187 2490 1255 εἴρηται
2515 1204 2528 1219 ·
2562 1188 2734 1251 οὕτως
2779 1186 2834 1240 εῐ
2856 1205 2999 1252 τινες
3041 1188 3145 1241 ὑπὸ
3174 1187 3468 1259 βαρϐάρων
3510 1188 3543 1258 ἢ
3573 1188 3828 1244 δεσποτῶν

597 1276 834 1329 dominis
885 1277 1109 1331 castrati
1167 1278 1274 1331 sint
1331 1278 1677 1332 inveniantur
1734 1286 1914 1333 autem
1950 1287 2003 1332 et
2034 1278 2140 1333 alio

2283 1278 2715 1350 εὐνουχίσθησαν,
2773 1280 3110 1348 εὑρίσκοιντο
3159 1279 3215 1333 δέ
3264 1280 3439 1343 ἄλλως
3492 1279 3673 1347 ἄξιοι,
3716 1282 3826 1342 τοὺς

596 1366 689 1437 qui
721 1366 893 1436 digni,
928 1369 1064 1423 tales
1097 1369 1149 1421 in
1174 1369 1381 1423 clerum
1411 1369 1650 1423 admittit
1675 1386 1872 1425 canon.

2270 1370 2545 1433 τοιούτους
2578 1372 2659 1433 εἰς
2690 1370 2888 1442 κλῆρον
2912 1372 3195 1442 προσίεται
3223 1375 3251 1426 ὁ
3280 1373 3480 1425 κανών.

660 1456 875 1513 Textus.
891 1458 1079 1513 Civilis
1103 1459 1181 1513 lex
1206 1474 1301 1515 eos
1323 1460 1415 1529 qui
1434 1461 1642 1529 seipsos
1658 1470 1752 1513 aut
1768 1460 1905 1514 alios
1924 1470 2168 1517 castraut

2351 1462 2411 1517 Ὀ
2438 1462 2713 1526 πολιτικὸς
2740 1464 2901 1532 νόμος
2929 1463 3054 1528 τοὺς
3086 1464 3364 1533 ἐαυτοὺςῆ
3398 1463 3623 1535 ἐτέρους
3661 1463 3823 1516 cavoa-

593 1545 959 1603 diversimode
1004 1547 1197 1617 punit:
1231 1549 1365 1602 alias
1416 1550 1591 1617 capite
1618 1590 1633 1611 ,
1667 1548 1802 1603 alias
1842 1547 2135 1620 [bonorum

2277 1554 2519 1626 χίζοντας
2545 1554 2812 1626 διαφόρως
2843 1558 3187 1626 τιμωρεῖται,
3220 1556 3349 1609 ποτέ
3382 1557 3484 1626 μὲν
3510 1554 3820 1625 κεφαλικῶς,

592 1633 968 1702 publicatione
995 1644 1048 1689 et
1076 1635 1291 1701 exsilio,
1330 1637 1465 1691 alias
1499 1636 1723 1690 talione.
1752 1636 1990 1691 Omnino
2020 1638 2135 1690 enin

2278 1647 2399 1701 ποτέ
2426 1648 2480 1700 δὲ
2508 1646 2765 1717 δημεύσει
2797 1647 2892 1700 καὶ
2937 1648 3137 1720 ἐξορίᾳ,
3177 1648 3307 1701 ποτέ
3338 1648 3394 1702 δέ
3424 1646 3821 1717 ταυτοπαθείᾳι

592 1720 650 1777 in
683 1732 868 1777 nostra
904 1723 1178 1793 republica
1232 1723 1503 1778 neminem
1544 1724 1856 1778 eunuchum
1895 1724 2010 1779 ﬁeri
2041 1741 2135 1795 per

2283 1740 2497 1793 ιαθόλου
2526 1740 2635 1809 γὰρ
2669 1741 2726 1793 ἐν
2752 1742 2817 1811 τῇ
2852 1722 3099 1810 πολιτείᾳ
3127 1740 3158 1809 ἠ
3169 1739 3305 1808 μῶν,
3336 1740 3531 1793 οὐδένα
3577 1740 3826 1808 συγχωρεί

592 1816 805 1870 mittit—z
844 1817 937 1871 sed
962 1817 1103 1886 apud
1130 1816 1399 1871 Barbaros
1434 1815 1609 1871 solum
1634 1814 1925 1872 Barbaros.
1952 1817 2010 1872 Si
2039 1818 2130 1887 qni

2279 1805 2672 1905 :OvooxiCsaO—at
2695 1849 2709 1864 '
2742 1805 2879 1887 ἀλλὰ
2909 1834 3058 1904 παρὰ
3074 1805 3385 1904 ,βαρϐάροις
3417 1834 3603 1902 μόνοις
3639 1805 3822 1903 βᾷρεά-

592 1920 777 1965 tamen
821 1910 962 1979 apud
994 1926 1092 1965 nos
1137 1918 1411 1965 castratus
1457 1911 1551 1974 sit,
1592 1910 1732 1964 liber
1763 1909 1839 1971 iit.
1896 1910 1941 1965 si
1971 1926 2129 1965 servu

2279 1944 2415 1995 ρους.
2451 1928 2512 1980 Εἰ
2539 1927 2597 1980 δέ
2622 1944 2706 1990 τις
2732 1925 2862 1997 παρ’
2896 1928 3028 1996 ἡμῖν
3062 1926 3404 1995 εὐνουχισθῇ,
3441 1925 3822 1995 ἐλευθεροῦται,

594 2001 781 2065 fuerit,
820 2002 983 2055 etiam
1029 2000 1071 2054 si
1111 2011 1333 2071 propter
1365 2001 1614 2055 morbum
1646 2010 1920 2056 castratos
1958 2000 2069 2056 sit:
2107 2018 2136 2053 ιι

2278 2018 2426 2089 εἴπερ
2448 2014 2516 2092 ἦν
2542 2017 2747 2086 δοῦλος,
2777 2018 2879 2073 κᾶν
2907 2017 2996 2072 διὰ
3023 2017 3176 2072 νόσον
3218 2016 3539 2088 εὐνουχισθῇ
3565 2032 3581 2048 ο
3616 2016 3688 2079 ὡς
3726 2018 3821 2085 βιϐ,

595 2089 690 2145 lib.
726 2106 778 2144 tv
807 2097 928 2143 eod.
950 2089 1335 2152 tit.42,const.
1369 2088 1517 2154 1,2;
1564 2099 1617 2142 et
1643 2088 1737 2143 lib.
1771 2103 1962 2150 ιινιιι,
2002 2089 2138 2143 tit.8

2276 2108 2420 2162 5'106
2472 2088 2600 2162 κωδ.
2635 2109 2741 2161 τίτ.
2797 2107 2885 2178 μβ¹
2917 2108 3057 2164 διάτ.
3106 2115 3154 2163 α’
3183 2108 3275 2162 καὶ
3326 2106 3393 2177 β’,
3432 2108 3532 2162 καὶ
3586 2105 3691 2175 βιϐ.
3727 2115 3819 2178 μη’,

593 2178 863 2248 digestum
893 2176 946 2240 4,
971 2177 1025 2241 5,
1058 2177 1110 2241 6,
1148 2176 1236 2243 11,
1279 2186 1335 2245 et
1368 2177 1420 2231 in
1451 2177 1669 2234 novella
1717 2178 2002 2233 sanctione
2036 2177 2136 2231 142

2277 2220 2371 2257 τιτ.
2400 2208 2472 2272 η’,
2502 2201 2642 2256 διάτ.
2683 2197 2730 2270 γ’
2753 2176 2857 2253 δίε)
2895 2200 2950 2266 ς’
2984 2207 3087 2255 tat"
3130 2201 3224 2255 atat
3267 2176 3333 2254 ἐν
3357 2201 3424 2271 τῇ
3458 2198 3594 2269 περὶ
3622 2198 3723 2251 τῶν
3746 2176 3820 2251 εύ-

591 2266 662 2322 de
690 2266 775 2325 his
796 2266 887 2334 qui
912 2265 1192 2323 eunuchos
1231 2264 1456 2319 faciunt.

1451 2304 1456 2317 ’
1509 2356 1521 2367 ,
1630 2357 1640 2367 .
2035 2360 2047 2367 _
2091 2360 2102 2367 _
2264 2264 2619 2363 νουχιξόντων
2646 2264 2773 2367 ρμβ⁸
2802 2264 2994 2364 νεαρᾷ.

676 2356 827 2413 CAP.
867 2356 980 2410 XV.
1009 2388 1078 2398 —
1106 2357 1477 2412 Dwmouiacus
1503 2356 1559 2413 in
1591 2357 1787 2415 clerum
1812 2374 1913 2413 non
1944 2360 2166 2430 recipia-

2328 2356 2581 2444 KHEI—PAA.
2611 2356 2922 2456 ὧδέ-Περί
2945 2356 3049 2440 τοῦ
3077 2382 3565 2454 δαιμονιζόμενον
3584 2380 3670 2453 μὴ
3696 2385 3817 2449 κλη-

595 2458 702 2504 tur.
727 2449 1095 2519 Apostolorum
1133 2466 1300 2504 canon
1325 2449 1413 2504 78.

666 2540 735 2597 79
765 2482 903 2615 (78].
938 2541 996 2595 Si
1028 2542 1153 2611 quis
1183 2542 1485 2598 dmmonem
1518 2541 1737 2611 habeat,
1778 2556 1848 2598 ne
1881 2542 1974 2597 ﬁat
2006 2542 2165 2597 cleri~

2303 2482 2534 2534 οῦσθαι.
2570 2526 2573 2527 ,

1885 2542 1974 2597 ﬁat
2006 2542 2165 2597 Cleri‘
2257 2495 2299 2547 ρ
2684 2569 3068 2623 Ἀποστόλων
3103 2567 3308 2624 κανὼν
3331 2567 3428 2623 00".

592 2651 714 2702 cus,
749 2637 846 2693 sed
896 2651 1071 2706 neque
1101 2653 1225 2692 cum
1266 2636 1519 2695 ﬁdelibus
1561 2646 1840 2710 precetur.
1890 2638 2133 2711 Purgatu

2333 2661 2428 2716 σθ’.
2472 2660 2597 2716 Ἐάν
2618 2679 2701 2725 τις
2727 2661 2956 2732 δαίμονα
3002 2662 3124 2733 ἔχῃ,
3167 2661 3428 2733 κληρικδς
3466 2659 3547 2732 μὴ
3586 2658 3815 2729 γινέσθω,

592 2739 774 2785 autem
806 2731 1141 2801 recipiatur;
1171 2741 1226 2787 et
1252 2733 1298 2788 si
1330 2733 1407 2788 sit
1437 2732 1657 2804 dignus,
1692 2730 1810 2789 ﬁat.

2277 2752 2400 2808 tua
2434 2753 2509 2824 μὴ
2552 2752 2611 2806 δὲ
2647 2754 2760 2816 τοῖς
2812 2730 3445 2823 πιστοῖςῃσυνευχέσθωυ
3469 2730 3820 2838 Ϋκαθαρισθεὶς

2264 2843 2343 2912 δὲ,
2376 2844 2756 2916 προσδεχέσθω
2777 2861 2792 2875 ·
2824 2846 2921 2899 καὶ
2956 2846 3050 2900 ἐὰν
3075 2845 3110 2918 ᾗ
3141 2845 3311 2912 ἄξιος,
3334 2844 3595 2913 γινέσθω.

664 2915 769 2986 55
797 2916 949 2971 CAP.
988 2917 1128 2973 XVI.
1157 2950 1228 2961 ——
1251 2919 1326 2977 De
1361 2935 1421 2974 eo
1446 2919 1536 2990 qui
1575 2933 1680 2981 non
1707 2918 2026 2985 obtemperat
2050 2916 2166 2985 epi-

2339 2915 2589 2992 ΚΕΦΑΛ.
2628 2939 2742 3005 1G”.
2765 2968 2835 2979 —
2856 2938 2993 3007 Περὶ
3023 2915 3128 2991 τοῦ
3153 2935 3239 3006 μὴ
3266 2933 3729 3004 πειθαρχοῦντος
3755 2929 3820 2995 τῷ

593 3026 748 3080 scopo
774 3010 966 3065 valenti
996 3012 1168 3081 ipsum
1202 3013 1274 3066 ad
1294 3013 1546 3081 majorem
1575 3011 1797 3084 gradum
1825 3009 2093 3073 ordinare,

2275 3028 2396 3095 ίδίφ
2450 3031 2791 3097 ἐπισκόπῳ,
2842 3031 3199 3102 βουλομένῳ
3250 3028 3619 3100 χειροτονεῖν
3661 3026 3818 3081 αὑτὸν

2268 3123 2357 3189 εὶς
2376 3121 2618 3192 μείζονα
2642 3123 2903 3191 βαθμὸν.

874 3206 1102 3262 Concilii
1143 3208 1572 3280 Carthaginensis
1603 3224 1772 3264 canon
1793 3208 1883 3266 51.
2194 3184 2238 3245 C
2332 3184 2348 3195 Ἴ
2376 3184 2396 3192 ⁷

2194 3184 2238 3245 C
2332 3184 2348 3195 Ἴ
2376 3184 2396 3192 Ἰ
2504 3184 2786 3272 Συνόδου
2817 3215 3237 3285 Καρθαγέννης
3266 3214 3469 3270 κανὼν
3499 3213 3602 3267 λα’.

664 3297 754 3353 31.
783 3296 839 3352 Si
876 3301 967 3369 qui
998 3299 1185 3355 clerici
1213 3299 1283 3354 ab
1319 3299 1591 3371 episcOpis
1631 3300 1745 3355 suis
1777 3303 2010 3371 promoti
2037 3315 2171 3356 conq

2341 3307 2443 3366 ita“.
2487 3310 2613 3363 Ἐάν
2657 3326 2741 3371 τις
2771 3307 3033 3379 κληρικὸς
3080 3307 3143 3359 ἐκ
3174 3306 3284 3359 τῶν
3332 3305 3480 3357 ἰδίων
3535 3301 3818 3357 ἐπισκόπων

598 3394 939 3464 tempserint.
1002 3409 1103 3450 nec
1139 3394 1252 3450 illic
1300 3403 1579 3460 maneant,
1615 3397 1759 3450 unde
1787 3395 2040 3451 recedere
2070 3411 2140 3450 no

2274 3402 2737 3476 προόισαζόμενος
2780 3403 3123 3473 κατατρανῇ,
3173 3399 3309 3471 μηδέ
3348 3400 3470 3451 ἐκεῖ
3519 3397 3671 3469 μείνῃ
3716 3393 3817 3449 ὅθεν

590 3510 834 3556 luerunt.

2271 3495 2625 3568 ἀναχωρῆσαι
2654 3494 2753 3547 οὐκ
2781 3493 3067 3563 ἠθέλησεν.

664 3591 798 3648 Item
833 3593 1038 3664 placuit
1072 3593 1137 3658 θ’,
1177 3599 1234 3642 ιιι
1262 3586 1573 3656 quicunque
1614 3585 1817 3648 clerici,
1846 3583 1929 3639 vel
1955 3580 2170 3639 diaconi

2352 3584 2583 3655 Ὁμοίως
2610 3584 2827 3653 ἤρεσεν,
2864 3584 2951 3638 ἵνα
2983 3584 3284 3656 οίοιδήποτε
3310 3582 3571 3655 κληρικοὶ
3605 3581 3692 3635 καὶ
3716 3578 3816 3634 διά·

588 3702 689 3757 pro
720 3687 1146 3742 necessitatibus
1181 3684 1544 3741 Ecclesiarum
1599 3694 1707 3733 non
1754 3678 2131 3745 obtemperave

2271 3696 2438 3743 κονοι,
2482 3678 2576 3732 ἐὰν
2609 3679 2684 3747 μὴ
2737 3676 3073 3747 πειθαρχῶσι
3107 3678 3220 3739 τοῖς
3270 3676 3595 3738 ἐπισκόποις
3643 3675 3811 3739 αὐτῶν,

590 3778 702 3832 rint
735 3778 1012 3847 episcopis
1042 3778 1178 3841 suis,
1200 3778 1507 3832 volentibus
1545 3785 1641 3825 eos
1672 3768 1738 3822 ad
1767 3769 2029 3821 honorem
2053 3780 2133 3819 am

2272 3770 2611 3841 βουλομένοις
2633 3769 2890 3832 διατινας
2923 3767 3329 3836 ἀναγκαστικὰς
3368 3768 3552 3831 αἰτίας
3580 3768 3681 3820 τῶν
3710 3768 3812 3819 Ἑκ-

592 3870 820 3939 pliorem
849 3868 1000 3940 [mam
1034 3866 1337 3939 meliorem]
1373 3868 1425 3923 in
1453 3884 1551 3923 sua
1575 3860 1803 3919 ecclesia
1827 3871 2135 3928 promovere

2270 3864 2509 3932 κλησιῶν
2551 3862 2733 3916 αὐτῶν
2761 3862 2985 3925 τούτους
3027 3862 3163 3932 πρὸς
3214 3861 3468 3933 μείζονας
3520 3860 3810 3915 ἀναϐιϐάσαι

594 3978 695 4019 nec
742 3962 853 4016 illic
898 3962 1211 4019 ministrent
1261 3962 1315 4016 in
1364 3962 1531 4033 gradu
1569 3976 1693 4026 suo,
1740 3951 1881 4007 unde
1913 3951 2136 4008 receder

2266 3955 2434 4024 τιμὰς
2474 3954 2532 4007 ἐν
2567 3956 2633 4024 τῇ
2674 3953 2974 4026 Ἐκκλησία
3020 3952 3223 4017 αὐτῶν,
3269 3953 3405 4023 μηδέ
3439 3954 3503 4006 ἐν
3551 3952 3727 4019 ἐκείνῳ
3749 3948 3809 4018 τῷ

590 4056 902 4122 coluerunt.

2268 4046 2463 4119 βαθμῷ
2512 4046 2929 4119 διακονήσωσιν,
2970 4046 3030 4114 ἐξ
3067 4042 3127 4101 οὗ
3176 4047 3537 4117 ἀναχωρῆσαι
3584 4046 3677 4098 οὐκ
3709 4044 3811 4113 ἠθέ-

2072 4154 2077 4157 ’
2265 4141 2459 4211 λησαν.

1124 4253 1316 4307 Basilii
1335 4269 1506 4308 canon
1554 4253 1642 4309 10.

2737 4233 2989 4287 Βασιλεῖ
2990 4250 3062 4286 ου
3088 4230 3290 4285 κανὼν
3312 4238 3362 4285 ι’.

660 4346 747 4402 10.
779 4346 882 4411 Qui
911 4347 1098 4416 jnrant
1131 4363 1190 4405 se
1236 4347 1636 4402 ordinationem
1670 4363 1777 4403 non
1818 4359 2160 4419 accepturos,

2335 4336 2387 4386 t'.
2414 4330 2478 4383 Οί
2503 4324 2798 4399 ὀμνύοντες
2826 4325 2900 4394 μὴ
2933 4324 3331 4394 καταδέχεσθαι
3360 4322 3461 4394 τὴν
3484 4322 3803 4395 χειροτονίαν,

588 4434 885 4506 eiurantes,
912 4412 1003 4498 ine
1048 4443 1311 4505 cogantur
1349 4433 1611 4504 pejerare.
1639 4433 1755 4490 Etsi
1778 4435 1922 4490 enim
1946 4412 2131 4491 videto

2265 4420 2621 4491 ἐξομνύμενοι
2662 4417 2737 4489 μὴ
2777 4415 3280 4485 ἁναγκαζὲσθωσαν
3317 4416 3614 4486 ἐπιορκεῖν.
3640 4415 3695 4466 Εἰ
3718 4412 3808 4482 γὰρ

589 4530 789 4600 aliquis
812 4542 935 4587 esse
972 4543 1173 4594 canon,
1198 4527 1291 4597 qui
1314 4525 1585 4596 ejusmodi
1621 4526 1940 4582 hominibus
1966 4542 2132 4581 conce

2264 4510 2360 4564 καὶ
2390 4511 2538 4563 δοκεῖ
2585 4526 2668 4572 τις
2695 4502 2835 4561 εἶναι
2877 4506 3054 4560 κανὼν
3100 4507 3133 4561 ὁ
3181 4504 3479 4576 συγχωρῶν
3526 4507 3635 4567 τοῖς
3662 4502 3806 4555 τοιού-

588 4623 723 4685 dat;
753 4620 1090 4693 experientia
1138 4630 1319 4675 tamen
1370 4618 1728 4688 cognovimus
1750 4633 1846 4674 eos
1873 4619 1970 4690 qui
2010 4622 2131 4689 peje

2265 4614 2399 4663 τοις,
2430 4596 2569 4651 ἀλλὰ
2622 4598 2789 4668 πείρᾳ
2821 4594 3161 4677 ἐγνώκαμεν,
3198 4596 3280 4648 ὅτι
3321 4597 3423 4661 οὐκ
3453 4594 3743 4648 εύοδοῦνται
3767 4593 3804 4644 oi

588 4725 803 4777 rarunt,
857 4711 1046 4770 felices
1094 4712 1271 4767 exitus
1317 4727 1422 4765 non
1459 4711 1681 4766 habere.
1741 4710 2131 4766 Considerand.

2266 4692 2736 4760 παρορκήσαντες.
2790 4688 3021 4740 Σκοπεῖν
3076 4687 3132 4739 δέ
3189 4686 3271 4739 δεῖ
3317 4688 3413 4740 καὶ
3467 4688 3529 4740 τὸ
3556 4683 3684 4749 εἶδος
3728 4683 3802 4736 τοῦ

590 4818 768 4859 autem
816 4813 945 4867 sunt
1000 4812 1055 4858 et
1097 4803 1307 4873 Species
1349 4802 1732 4873 jurisjnrandi,
1775 4815 1830 4857 et
1870 4805 2059 4867 verba.
2107 4820 2133 4857 e

2267 4782 2455 4852 ὅρκου,
2496 4781 2591 4833 καὶ
2615 4780 2683 4832 τὰ
2708 4780 2954 4849 ῥήματα,
2980 4777 3193 4847 καὶτὴν
3222 4777 3465 4831 διάθεσιν
3492 4780 3585 4847 ἀφ’
3607 4773 3669 4848 ἧς
3687 4777 3805 4844 ὀμω-

589 4896 808 4951 animus
857 4910 968 4965 quo
1008 4895 1350 4965 iuraverunt,
1396 4904 1446 4948 et
1485 4893 1760 4963 sigillatim
1808 4911 1932 4964 quae
1983 4896 2129 4950 verbi

2274 4874 2499 4951 μόκασι,
2532 4872 2629 4924 καὶ
2655 4871 2757 4934 τὰς
2792 4871 2936 4923 κατὰ
2966 4869 3161 4925 λεπτὸν
3199 4872 3257 4922 ἐν
3286 4871 3401 4932 τοῖς
3431 4871 3633 4941 ῥήμασι
3663 4881 3802 4936 προση

589 4989 770 5042 addita
794 4987 1034 5051 fuerunt,
1073 4986 1209 5039 adeo
1238 4995 1297 5039 ut
1337 4985 1382 5039 si
1416 4984 1563 5039 nulla
1603 5001 1832 5055 prorsus
1871 4985 1944 5039 sit
1974 4986 2050 5039 rei
2078 4986 2127 5041 le

2263 4966 2460 5033 θήκας·
2481 4964 2555 5026 ῶς
2576 4963 2671 5014 ἐὰν
2704 4959 2989 5034 μηδεμίαῇ
3018 4960 3334 5032 μηδαμόθεν
3355 4959 3692 5031 παραμυθία,
3716 4959 3800 5027 χρὴ

589 5076 801 5130 niendae
831 5077 991 5140 ratio,
1043 5075 1177 5129 tales
1212 5074 1437 5127 omnino
1473 5054 1777 5127 dimittendi
1822 5073 1951 5127 sint.
2004 5072 2132 5140 ριιοι

2264 5057 2541 5121 παντελῶς
2565 5058 2658 5128 ἐᾷν
2680 5058 2805 5120 τοὺς
2818 5056 3113 5119 τοιούτους.
3133 5054 3209 5109 Τὸ
3227 5057 3326 5126 μέν
3342 5073 3424 5109 τοι
3447 5056 3583 5108 κατὰ
3598 5055 3800 5123 Σεϐἧρον

589 5172 769 5217 autem
802 5162 996 5224 attinet
1028 5161 1092 5214 ad
1120 5160 1307 5215 Severi
1342 5161 1640 5231 negotium,
1666 5159 1915 5214 videlicet
1940 5161 2004 5215 ad
2034 5177 2128 5231 pre

2262 5153 2515 5223 πρᾶγμα,
2542 5150 2661 5219 ἢτοι
2679 5149 2769 5203 τὸν
2787 5150 2892 5202 ὑπὸ
2909 5149 3102 5213 τούτου
3122 5148 3567 5220 χειροτονηθέντα
3597 5143 3802 5220 πρεσϐύ-

589 5252 869 5320 sbytorum
901 5249 969 5303 ab
996 5250 1118 5318 ipso
1146 5250 1479 5313 ordinatum,
1511 5248 1726 5302 videtur
1760 5247 1876 5302 nihi
1909 5263 1997 5301 res
2022 5257 2128 5300 tem

2263 5261 2442 5313 τερον,
2472 5242 2729 5313 τοιαύτην
2751 5242 2872 5296 τινά
2896 5259 2984 5312 μοι
3033 5242 3182 5299 δοκεῖ
3214 5242 3568 5313 παραμυθίαν
3588 5241 3735 5317 ἔχειν,
3762 5238 3798 5289 εί

588 5346 960 5416 peramentum
1005 5337 1275 5402 ejusmodi
1320 5337 1540 5404 habere,
1577 5337 1622 5392 si
1664 5336 1806 5390 idem
1844 5343 1898 5389 et
1944 5335 2041 5389 tibi
2078 5336 2126 5388 vi

2256 5338 2351 5391 καὶ
2367 5338 2448 5388 ao‘t
2472 5335 2718 5388 συνδοκεῖ
2740 5350 2755 5364 °
2781 5334 2872 5387 τὸν
2905 5334 3076 5406 ἀγρὸν
3122 5337 3332 5390 ἐκεῖνον
3363 5336 3456 5387 τὸν
3485 5333 3798 5401 ἐπικείμενον

587 5430 803 5482 deatur.
828 5428 1029 5497 Agrum
1054 5429 1203 5481 illum
1226 5427 1457 5482 Misthiae
1481 5427 1813 5496 subjectum,
1837 5425 1925 5479 cui
1955 5424 2046 5481 ille
2080 5426 2130 5478 vi

2258 5432 2326 5502 τῇ
2377 5428 2606 5499 Μισθίᾳ,
2641 5422 2686 5495 ᾧ
2750 5426 3155 5498 ἐπεκηρύχθηὸ
3224 5426 3531 5498 ἄνθρωπος,
3580 5426 3798 5478 κέλευσον

590 5520 839 5575 addictus
874 5521 995 5584 fuit,
1042 5522 1174 5590 jlllle
1214 5519 1447 5575 Vasodis
1477 5521 1725 5593 subesse.
1761 5518 1854 5576 Sic
1890 5519 2037 5574 enim
2065 5534 2131 5572 ne

2261 5521 2553 5584 Οὑασόδοις
2609 5518 2909 5574 ὑποτελεῖν.
2936 5519 3094 5573 Οὕτω
3133 5519 3242 5591 γὰρ
3273 5522 3521 5586 κάκεῖνος
3541 5518 3599 5571 οὐ
3620 5531 3797 5586 παρορ-

592 5609 859 5685 pejerabit
896 5611 987 5666 ille
1014 5626 1044 5666 a
1084 5611 1205 5666 loco
1232 5627 1341 5665 non
1392 5610 1672 5677 recedens,
1724 5626 1825 5666 nec
1856 5610 2135 5680 Longinus

2261 5614 2440 5683 κήσει,
2466 5611 2542 5683 μὴ
2566 5610 2863 5681 ἀναχωρῶν
2889 5608 2983 5663 τοῦ
3008 5610 3173 5663 τόπου
3193 5626 3208 5640 ο
3237 5610 3373 5665 καὶὸ
3402 5611 3650 5677 Λογγῖνος
3686 5605 3796 5673 ἔχων

588 5692 770 5779 sxum
804 5703 1011 5759 habens
1061 5705 1373 5773 Cyriucum,
1405 5704 1458 5757 in
1496 5718 1660 5759 causa
1688 5703 1793 5758 erit
1816 5719 1916 5758 cur
1948 5704 2131 5759 desert

2264 5701 2357 5755 τὸν
2385 5700 2660 5768 Κυριακὺν
2683 5699 2798 5769 μεθ’
2825 5697 3041 5765 ἑαυτοῦ,
3059 5699 3159 5752 οὐκ
3184 5698 3458 5770 ἐρημώσει
3478 5699 3572 5769 τὴν
3600 5695 3768 5761 Ἐκκλι

660 5814 709 5869 1³
734 5814 990 5889 Carthag.
1026 5833 1106 5882 ιιι,
1141 5830 1258 5888 cap.
1297 5816 1366 5871 49
1401 5827 1453 5871 ct
1484 5814 1567 5881 12,
1594 5824 1789 5889 quaest.
1826 5816 1881 5881 '5,
1925 5830 2047 5885 cap.
2094 5814 2151 5875 l;
2194 5813 2450 5885 Carthag.
2494 5828 2574 5879 ιιι,
2612 5826 2734 5882 cap.
2768 5812 2834 5868 L9
2863 5822 2915 5867 et
2948 5813 3034 5875 12,
3072 5820 3261 5883 quaest.
3291 5813 3344 5878 5,
3378 5827 3495 5882 cap.
3530 5809 3579 5864 1.
