3994 6400
139 432 223 497 505

805 422 1209 486 SYNTAGMA
1251 418 1639 485 CANONUM.
1669 446 1739 458 -
1767 414 1915 483 ΤΙΤ.
1947 421 1998 495 Ι,
2037 421 2193 485 CAP.
2234 424 2355 499 Π,
2396 426 2551 489 XVI.

3241 420 3349 484 506

139 542 254 605 σίαν,
276 538 386 592 οὐδὲ
411 536 507 607 τὴν
531 534 725 589 ἑαυτοῦ
754 534 931 606 ψυχὴν
965 535 1055 588 διὰ
1084 536 1182 604 τῆς
1214 533 1414 605 ἀργίας
1440 532 1665 587 καταδι-

1799 534 1879 606 56
1910 533 1981 590 sit
2004 536 2260 604 ecclesia,
2315 553 2489 609 neque
2541 537 2783 593 animam
2820 550 2977 593 suam
3032 548 3130 604 per
3171 534 3345 587 otium

138 636 270 688 κὰσιι
287 648 300 663 ο
328 630 419 684 καὶ
440 630 597 699 ἡμεῖς
621 627 847 697 δόξομεν
880 627 954 697 μὴ
977 626 1129 698 παρὰ
1150 626 1384 689 κανόνας
1412 626 1591 679 ποιεῖν
1613 624 1669 678 τί

138 721 632 795 συμπεριφερόμενοι
664 720 743 790 τῷ
772 717 1055 790 Κυριακῷ,
1086 718 1343 786 ὀμόσαντι
1381 716 1479 787 μὲν
1528 732 1669 785 συμ-

136 814 436 885 παραμὼειν
476 811 785 875 Μινδάνοις,
831 810 1252 879 καταδεξαμένῳ
1283 808 1339 861 δὲ
1379 807 1477 878 τὴν
1508 807 1673 875 μετά-

137 910 277 962 θεσιν.
309 907 372 961 Ἦ
397 907 504 977 γὰρ
530 905 788 968 ἐπάνοδος
818 904 1031 973 φυλακὴ
1077 902 1229 957 ἔσται
1264 901 1361 955 τοῦ
1384 902 1547 971 ὅρκου
1567 916 1582 930 ⁸
1612 898 1674 954 τὸ

136 1005 181 1056 δὲ
204 1001 327 1068 εἶξαι
367 1000 527 1056 αὐτὸν
563 1004 630 1072 τῇ
664 999 968 1070 οἰκονομίᾳ,
1006 999 1086 1060 είς
1130 997 1394 1069 ὲπορκίαν
1438 995 1586 1066 αὐτῷ
1611 995 1671 1048 ού

136 1090 499 1161 λογισθήσεται,
529 1090 616 1142 διὰ
640 1090 701 1143 τδ
738 1089 811 1161 μὴ
844 1087 1203 1158 προσκεῖσθαι
1234 1086 1312 1158 τῷ
1340 1086 1509 1157 ὅρκῳ,
1539 1084 1673 1155 μηδὲ

138 1183 253 1251 πρὸς
280 1182 445 1253 βραχὺ
465 1182 817 1251 ἀναχωρῆσαι
840 1180 1146 1242 Μινδάνων,
1170 1178 1305 1232 ἀλλὰ
1336 1177 1675 1248 παραμένειν

138 1277 201 1337 εἰς
225 1276 281 1328 τὸ
308 1274 520 1344 ἑφεξῆς.
550 1274 688 1343 Σεδή
697 1291 776 1345 ρῳ
798 1273 854 1325 δὲ
881 1269 1336 1345 προφασιζομένῳ
1360 1269 1459 1339 τὴν
1482 1268 1672 1340 λήθην,

138 1368 275 1435 ἡμεῖς
301 1367 717 1436 συγχωρήσομεν
774 1365 1039 1429 εἰπόντες,
1091 1365 1230 1418 ὅτιὸ
1280 1361 1391 1415 τῶν
1419 1360 1675 1433 κρυπτῶν

138 1459 373 1530 γνώστης,
398 1460 459 1513 οὐ
489 1460 805 1531 περιόψεται
845 1459 944 1528 τὴν
979 1458 1173 1512 ἑαυτοῦ
1216 1456 1545 1526 Ἐκκλησίαν
1571 1453 1676 1507 ὑπὸ

139 1550 346 1605 τοιούτου
358 1551 420 1603 λυ
428 1553 780 1622 μαινομένην,
800 1551 1082 1613 ποιοῦντος
1113 1549 1211 1619 μὲν
1237 1549 1603 1611 ἀκανονίστως
1615 1548 1676 1601 τὸ

140 1643 373 1713 ὲξὰρχῆς,
402 1643 552 1713 ὅρκῳ
572 1643 627 1696 δὲ
660 1641 1129 1713 καταδεσμοῦντος
1157 1640 1309 1712 παρὰ
1327 1641 1397 1695 τὰ
1428 1639 1676 1707 Εὐαγγέ-

140 1736 232 1797 ita,
261 1737 549 1806 παρορκεῖν
579 1736 636 1789 δὲ
661 1736 1001 1797 διδάσκοντος
1027 1734 1093 1788 δι’
1124 1730 1199 1786 ὧν
1237 1733 1522 1803 μετετέθη,
1544 1732 1679 1801 ψευ-

140 1825 333 1894 δομένου
380 1826 435 1878 δὲ
494 1824 595 1879 νῦν
622 1825 689 1879 δι’
729 1819 804 1879 ὧν
866 1824 966 1895 τὴν
1028 1824 1198 1896 λήθην
1257 1822 1674 1895 σχηματίξεται.

153 1916 339 1987 Ἐπειδὴ
367 1916 421 1970 δὲ
467 1917 569 1971 οὐκ
610 1918 777 1989 ἐσμὲν
824 1917 1062 1989 καρδιῶν
1091 1920 1297 1988 κριταὶ,
1349 1915 1463 1970 ἀλλ’
1495 1916 1552 1982 ἐξ
1600 1908 1677 1969 ὧν

140 2007 376 2077 ἀκούομεν
399 2008 678 2078 κρίνομεν,
707 2008 886 2078 δῶμεν
919 2006 996 2079 τῷ
1023 2007 1212 2077 Κυρίῳ
1245 2006 1345 2079 τὴν
1373 2006 1678 2077 ἐκδίκησιν,

142 2096 271 2150 αὐτοὶ
314 2097 367 2151 δὲ
404 2098 733 2169 ἁδιακρίτως
779 2098 943 2151 αὐτὸν
988 2096 1302 2169 δεξώμεθα,
1352 2098 1685 2170 συγγνώμην

141 2189 294 2254 δόντες
323 2189 644 2261 ἀνθρωπίνῳ
675 2189 838 2245 πάθει
869 2191 938 2262 τῇ
974 2189 1141 2263 λήθῃ.

203 2448 428 2502 ΚΕΦΔΛ.
462 2448 779 2518 IZ'.—ﬂspi
807 2449 1149 2504 ἐπισκόπου
1181 2448 1220 2517 ἢ
1251 2446 1537 2517 κληρικοῦ
1565 2463 1686 2516 χει-

147 2537 548 2607 ροτονηθέγτος
598 2539 694 2592 καὶ
749 2537 836 2607 μὴ
902 2537 1221 2607 δειχθέντος
1274 2537 1392 2593 ὑπὸ
1432 2535 1543 2606 τῆς
1571 2552 1687 2591 πα-

150 2629 362 2775 Ξῗέἐας.
398 2629 438 2699 ἢ
482 2629 575 2699 μὴ
618 2630 1124 2702 καταδεξαμένου,
1149 2630 1187 2699 ἢ
1215 2629 1296 2699 μὴ
1320 2630 1686 2699 δυνηθέντος

283 2721 417 2775 θεῖν.

283 2721 417 2776 θεῖν.

529 2815 916 2871 Ἀποστόλων
944 2815 1146 2870 κανὼν
1164 2816 1275 2881 λς’.

205 2902 300 2968 λς’.
328 2904 395 2959 Et
423 2922 509 2969 τις
552 2906 945 2978 χειροτονηθεὶς
991 2908 1309 2972 ἐπίσκοπος,
1339 2906 1414 2978 μὴ
1460 2906 1690 2961 καταδέ-

154 3011 274 3061 χοιτο
295 2996 386 3067 τὴν
416 2997 763 3065 λειτουργίαν
786 2999 882 3052 καὶ
903 3000 1003 3065 τὴν
1033 2999 1285 3068 φροντίδα
1307 2999 1403 3053 τοῦ
1433 2998 1565 3054 λαοῦ
1590 2999 1689 3071 τὴν

154 3087 546 3157 ὲγχειρισθεῖσαν
562 3089 730 3159 αὐτῷ,
756 3090 943 3144 τοῦτον
969 3090 1352 3161 ἀφωρισμένον
1375 3091 1687 3162 τυγχάνειν,

1772 626 2073 682 damnabit.
2115 625 2303 697 Neque
2344 644 2445 685 nos
2484 629 2688 699 aliquid
2742 637 2939 698 praeter
2965 639 3203 681 canones
3235 622 3347 677 eiii-

1773 733 1897 773 cere
1929 718 2253 785 videbimur,
2289 720 2790 775 aceommodatione
2826 726 3039 772 utentes
3065 716 3117 769 in
3159 715 3349 786 Cyria—

1773 828 1919 874 cum,
1957 815 2049 883 qui
2084 828 2207 868 cum
2236 829 2294 869 se
2323 813 2592 868 Mindanis
2626 826 3049 883 permansurum
3078 809 3344 878 iurasset,

1775 914 1955 960 tamen
2005 905 2419 960 translationem
2470 905 2733 974 suscepit.
2781 902 3011 956 Reditus
3060 900 3205 954 enim
3243 899 3347 950 erit

1771 997 2132 1069 jurisjurandi
2175 997 2504 1052 observatio.
2539 995 2887 1050 OEconomiae
2944 1001 3127 1045 autem
3163 1006 3191 1042 a
3234 989 3346 1042 dis—

1775 1089 2092 1159 pensatione
2127 1088 2173 1142 si
2203 1088 2450 1150 cesserit,
2482 1086 2534 1140 id
2579 1086 2627 1140 ei
2661 1084 2885 1155 perjurii
2942 1083 3065 1136 loco
3105 1094 3214 1133 non
3246 1077 3348 1131 im—
3392 1114 3395 1119 η

1777 1181 2056 1252 potabitur
2079 1221 2095 1248 ,
2127 1180 2326 1251 quippe
2375 1177 2497 1249 quia
2541 1176 2887 1248 jurijurando
2938 1174 3207 1243 adjectum
3237 1185 3345 1224 non

1774 1279 1859 1328 est
1891 1288 1959 1328 ne
1988 1272 2268 1343 paululum
2297 1270 2513 1341 quidem
2550 1268 2820 1324 Mindanis
2846 1278 3212 1325 recessurum,
3253 1260 3347 1316 sed

1776 1364 2033 1434 deinceps
2072 1378 2510 1434 permansurum.
2536 1360 2646 1415 Nos
2673 1369 2853 1415 autem
2882 1359 3085 1413 Severo
3115 1355 3350 1411 oblivio-

1776 1472 1902 1512 nem
1934 1457 2180 1511 causanti
2225 1457 2305 1509 sic
2345 1454 2716 1524 ignoscemus,
2740 1458 2801 1506 ut
2837 1465 2962 1505 eum
3008 1461 3349 1511 moneamus,

1776 1549 2117 1604 orcultorum
2152 1546 2483 1616 cognitorem
2516 1559 2667 1598 suam
2714 1543 2886 1612 ipsius
2915 1540 3209 1594 Eeclesiam
3230 1553 3349 1592 anon

1778 1655 2069 1711 passurum
2114 1639 2182 1693 ab
2233 1636 2500 1707 ejusmodi
2556 1635 2777 1690 homine
2829 1632 3190 1687 labefactari:
3257 1629 3353 1698 qui

1781 1741 1976 1801 praeter
1993 1744 2232 1785 canones
2267 1728 2511 1784 abinitio
2548 1725 2698 1790 fecit,
2733 1740 2802 1780 ne
2830 1722 3189 1795 jurejurando
3216 1737 3352 1775 con-

1784 1836 1866 1880 tra
1934 1824 2226 1895 Evangelia
2292 1824 2565 1894 astringit,
2653 1830 2709 1878 et
2767 1819 3070 1892 perjurium
3116 1814 3349 1871 transie-

1787 1917 1952 1972 rendo
1978 1917 2187 1981 edocet,
2224 1930 2288 1970 ac
2316 1925 2617 1986 postremo,
2648 1915 2778 1969 dum
2823 1911 3156 1967 oblivionem
3188 1908 3357 1963 simu-

1786 2008 1883 2070 lat,
1932 2007 2211 2063 mentitur.
2261 2006 2367 2062 Sed
2399 2007 2657 2077 quoniam
2702 2004 2952 2060 cordium
2990 2001 3206 2073 judiees
3244 2014 3353 2052 non

1785 2115 2000 2165 sumus,
2036 2100 2130 2155 sed
2167 2115 2231 2154 ex
2268 2100 2335 2154 iis
2382 2115 2503 2169 qua:
2560 2098 2842 2161 audimus,
2889 2096 3226 2167 iudicamus,
3265 2092 3357 2144 de-

1786 2207 1911 2246 mus
1942 2191 2172 2246 Domino
2199 2190 2518 2255 vindictam,
2551 2203 2788 2259 eumque
2821 2187 2955 2242 citra
2997 2200 3226 2240 examen
3259 2197 3359 2237 su-

1788 2284 2105 2352 Spieiamus,
2159 2283 2397 2337 humano
2437 2282 2591 2348 vitio,
2633 2280 2897 2337 oblivioni
2946 2280 3174 2341 scilicet,
3203 2276 3359 2347 igno-

1787 2384 2022 2432 seeutes.

1856 2467 2009 2523 CAP.
2036 2466 2331 2523 XVI.—De
2350 2466 2587 2535 episcopo
2619 2474 2711 2519 aut
2759 2464 2948 2519 clerico
2972 2462 3214 2516 ordinato
3248 2457 3363 2528 qui-

1787 2562 1924 2624 dem,
1982 2560 2073 2614 sed
2112 2560 2200 2630 qui
2257 2576 2291 2613 a
2342 2575 2436 2614 suo
2468 2560 2675 2613 dioecesi
2704 2557 2782 2611 vel
2809 2555 3041 2625 ραι-αεσξη
3080 2570 3183 2606 non
3224 2549 3360 2603 reci-

1786 2654 1967 2725 pitur,
2027 2652 2107 2706 vel
2168 2650 2519 2705 ministerium
2581 2651 2805 2719 recipere
2862 2654 3109 2708 recusat,
3169 2640 3248 2696 vel
3304 2641 3358 2693 in

1787 2747 2067 2801 stationem
2089 2760 2240 2798 suam
2272 2743 2451 2812 nequit
2482 2741 2646 2796 abire.

2226 2833 2596 2903 Apostolorum
2624 2846 2791 2886 canon
2821 2829 2911 2884 56.

1858 2925 1927 2981 ’56
1955 2924 2089 2998 [57].
2124 2924 2180 2979 Si
2229 2929 2352 2995 quis
2393 2924 2682 2979 ordinatus
2722 2921 3014 2989 episcopus
3049 2931 3157 2971 non
3186 2912 3364 2969 susci«

1789 3020 1903 3090 piat
1925 3019 2291 3073 ministerium
2327 3019 2415 3081 “‘,
2445 3026 2499 3071 et
2529 3030 2717 3071 curam
2746 3014 2848 3068 sibi
2885 3009 3258 3071 commissam,
3291 3004 3365 3060 sit

1795 3121 2129 3183 segregatus,
2197 3111 2372 3167 donec
2431 3127 2551 3165 eam
2604 3104 2906 3177 susceperit
2958 3100 3263 3162 :similitcr
3311 3105 3371 3151 et

155 3176 239 3278 Eur;
264 3177 322 3231 ἂν
345 3181 740 3251 καταδέξηται·
772 3180 1037 3246 ὡσαύτως
1071 3182 1167 3236 καὶ
1197 3182 1566 3253 πρεσϐύτερος
1590 3182 1687 3237 καὶ⁵

1799 3206 2094 3278 presbyter,
2124 3215 2179 3261 et
2219 3206 2508 3259 diaconus.
2553 3202 2646 3256 Sin
2687 3210 2870 3255 autem
2918 3194 3230 3257 recesserit,
3264 3206 3365 3245 nec
3408 3200 3409 3205 ‘

154 3265 381 3334 διάκονος.
414 3270 477 3325 Ei
512 3272 575 3325 δὲ
621 3272 875 3328 ἀπελθὼν
910 3274 986 3345 μὴ
1031 3275 1243 3347 δεχθείη
1290 3276 1352 3331 οὐ
1405 3276 1557 3348 παρὰ
1590 3275 1687 3348 τὴν

156 3361 313 3417 ἑαυτοῦ
340 3365 584 3439 γνώμην,
605 3368 742 3423 ἀλλὰ
768 3366 921 3439 παρὰ
948 3366 1048 3439 τὴν
1078 3368 1173 3422 τοῦ
1202 3369 1330 3423 λαοῦ
1362 3369 1687 3440 μοχθηρίαν,

155 3455 289 3521 αὐτὸς
322 3459 413 3529 μὲν
442 3460 589 3516 ἔστω
622 3463 936 3529 ἐπίσκοπος,
969 3466 997 3518 ὁ
1023 3462 1081 3517 δὲ
1108 3464 1308 3534 κλῆρος
1352 3464 1450 3534 τῆς
1483 3462 1693 3526 πόλεως

157 3546 477 3618 ἁφοριζέσθω,
510 3552 598 3606 ὅτι
619 3552 859 3607 τοιούτου
886 3553 1016 3607 λαοῦ
1058 3554 1432 3610 ἁνυποτὰκτου
1463 3555 1692 3609 παιδευ-

158 3640 228 3693 ταὶ
248 3641 337 3696 οὐκ
359 3643 629 3698 ἐγένοντο.

432 3735 710 3791 Συνόόου
746 3736 1035 3805 Ἀγκύρας
1054 3738 1255 3791 κανὼν
1284 3744 1374 3808 ιη’.

215 3829 291 3892 ιη’.
315 3825 376 3880 0i
400 3844 549 3891 τινες
581 3828 871 3882 ἐπίσκοποι
903 3828 1334 3894 κατασταθέντες
1365 3830 1461 3885 καὶ
1503 3830 1579 3902 μὴ
1608 3830 1696 3884 δσ-

161 3913 342 3982 χθέντες
368 3918 469 3971 ὑπὸ
496 3919 605 3989 τῆς
654 3919 945 3989 παροικίας
984 3920 1201 3991 ὲκείνης
1256 3923 1336 3985 είς
1365 3921 1433 3992 ἢν
1477 3922 1696 3993 ὠνομά-

162 4004 591 4080 «Mountains;
640 4008 912 4080 βούλοιντο
960 4011 1276 4081 παροικίαις
1320 4013 1552 4077 ἐπιέναι,
1601 4015 1699 4069 καὶ

164 4095 405 4163 βιάζεσθαι
428 4102 560 4163 τοὺς
588 4100 958 4166 καθεστῶτας,
991 4102 1086 4155 καὶ
1121 4102 1337 4167 στάσεις
1370 4107 1541 4158 κινεῖν
1572 4107 1697 4159 κατ’

163 4190 328 4256 αὐτῶν,
355 4194 578 4257 τούτους
622 4193 1003 4265 ἀφορίζεσθαι·
1036 4194 1130 4248 ἐὰν
1178 4195 1278 4262 μέν
1309 4214 1393 4250 τοι
1429 4196 1703 4267 βούλοιντο

163 4284 226 4345 είς
252 4285 304 4339 τὸ
350 4289 742 4358 πρεσϐυτέρων
775 4287 1121 4355 καθέζεσθαι,
1154 4290 1283 4345 ἔνθα
1322 4285 1462 4362 ἦσαν
1503 4292 1701 4363 πρότε-

166 4390 239 4445 pm!
264 4379 637 4451 πρεσϐύτεροι,
675 4380 750 4450 μὴ
799 4379 1199 4435 ἀποϐάλλεσθαι
1250 4382 1448 4446 αὐτοὺς
1493 4382 1591 4453 τῆς
1621 4400 1705 4435 τι-

169 4467 271 4537 μῆς.
311 4472 429 4527 Ἐὰν
470 4473 530 4529 δὲ
560 4473 986 4540 διαστασιάξωσι
1013 4474 1149 4545 πρὸς
1184 4476 1312 4540 τοὺς
1354 4475 1702 4540 καθεστῶτας

168 4560 263 4615 ἐκεῖ
284 4564 1011 4639 ἐπισκόπους,εάφαιρεῖσθαι
1049 4567 1247 4631 αὐτοὺς
1274 4569 1369 4623 καὶ⁵
1396 4570 1497 4640 τὴν
1533 4570 1702 4642 τιμὴν

167 4652 243 4708 τοῦ
269 4659 669 4730 πρεσϐυτερίου,
691 4661 785 4713 καὶ
804 4659 1049 4729 γίνεσθαι
1081 4660 1276 4725 αὐτοὺς
1303 4663 1700 4732 ὲκκηρύκτους.

347 4748 613 4803 Συνόὸου
658 4749 1019 4818 Ἀντιοχείας
1059 4749 1261 4805 κανὼν
1292 4751 1357 4817 ιζ’
1390 4758 1484 4823 ιη’.

230 4836 302 4900 ιζ’.
329 4839 392 4891 Ei
416 4857 499 4904 τις
548 4840 849 4905 ἐπίσκοπος
896 4842 1231 4913 χειροθεσίαν
1282 4845 1581 4899 ἐπισκόπου
1609 4845 1707 4900 λα-

172 4923 278 4992 ϐὼν,
314 4932 401 4983 καί
436 4932 676 5003 ὁρισθεὶς
708 4934 1038 5003 προεστᾶναι
1072 4932 1225 5000 λαοῦ,
1263 4934 1338 5005 μὴ
1364 4934 1708 5001 καταδέξοιτο

172 5015 250 5085 τὴν
269 5018 612 5093 λειτουργίαν,
638 5023 768 5093 μηδὲ
794 5022 1016 5079 ἀπιέναι
1039 5024 1278 5078 πείθοιτο
1303 5027 1383 5089 εἰς
1409 5025 1510 5097 τὴν
1534 5028 1711 5097 ἐγχει-

86 5146 89 5151 ν
178 5108 417 5179 μεθεῖσαν
460 5114 611 5183 αύτῷ
661 5114 1009 5185 Ἐκκλησίαν,
1041 5116 1228 5171 τοῦτον
1250 5111 1391 5170 εἶναι
1412 5118 1709 5188 ἀκοινώνη-

173 5215 281 5253 τονδ
308 5204 407 5268 ἓως
430 5205 478 5259 τ’
510 5206 579 5261 ἂν
606 5208 973 5276 ἀναγκασθεὶς
1007 5208 1374 5274 καταδέξοιτο,
1404 5209 1438 5280 ἢ
1469 5210 1631 5283 ὁρίσῃ
1655 5229 1710 5265 τι

175 5294 285 5363 περὶ
307 5296 464 5351 αὑτοῦ
488 5299 522 5370 ἡ
552 5299 733 5353 τελεία
762 5299 977 5365 σύνοδος
1003 5300 1115 5356 τῶν
1143 5300 1286 5356 κατὰ
1312 5301 1411 5373 τὴν
1438 5303 1712 5374 ἐπαρχίαν

176 5384 477 5447 ἐπισκόπων.

236 5478 314 5547 ιη’.
346 5482 411 5535 Εἰ
452 5502 539 5550 τις
582 5486 879 5551 ἐπίσκοπος
932 5486 1332 5558 χειροτονηθεὶς
1385 5488 1468 5552 είς
1516 5504 1714 5558 παροι-

178 5569 303 5637 κίαν,
336 5575 406 5646 μὴ
431 5578 651 5633 ἀπέλθοι
680 5581 758 5645 είς
802 5582 871 5651 ἥν
897 5580 1301 5651 ἐχειροτονήθη,
1340 5580 1402 5633 οὑ
1434 5578 1586 5650 παρὰ
1614 5578 1714 5651 τὴν

180 5656 349 5718 ἐαυτοῦ
392 5669 586 5735 αἰτίαν,
619 5672 732 5725 ἀλλ’
756 5673 874 5745 ἦτοι
900 5673 991 5726 διὰ
1014 5672 1112 5744 τὴν
1151 5674 1246 5726 τοῦ
1278 5673 1407 5726 λαοῦ
1439 5673 1716 5744 παραίτη-

182 5766 272 5817 etv,
323 5756 437 5827 sar
476 5761 664 5833 ἑτέραν
712 5766 893 5819 αἰτίαν
935 5765 1037 5820 οὐκ
1069 5764 1131 5830 ἑξ
1181 5764 1348 5820 αὐτοῦ
1390 5765 1713 5839 γενομένην,

243 5844 306 5890 ὐ
325 5848 490 5917 Cone,
520 5852 873 5927 Ephesinum.

1792 3307 2080 3368 susceptus
2131 3296 2314 3359 fuerit,
2353 3310 2462 3348 non
2518 3308 2619 3349 sua
2653 3291 2873 3361 quidem
2907 3286 3212 3346 voluntate,
3268 3280 3361 3336 sed

1790 3398 2013 3461 pr0pter
2038 3386 2142 3457 57
2172 3385 2358 3455 populi
2401 3383 2828 3453 improbitatem,
2858 3380 2973 3448 ipse
3000 3376 3217 3446 quidem
3248 3387 3368 3425 ma-

1792 3490 1919 3537 neat
1947 3480 2254 3549 eplseopus,
2287 3476 2521 3530 clericus
2548 3485 2730 3527 autem
2760 3470 3003 3524 civitatis
3029 3472 3365 3535 segregetur,

1792 3571 1938 3644 quod
1972 3569 2237 3641 ejusmodi
2275 3566 2493 3621 rebellis
2522 3572 2576 3619 et
2605 3560 2893 3617 insolentis
2930 3556 3112 3630 populi
3149 3553 3370 3610 institu-

1794 3675 1941 3721 tores
1976 3679 2084 3718 non
2114 3660 2338 3716 iuerint.

2167 3750 2396 3809 Concilii
2439 3746 2707 3818 Ancyrani
2724 3760 2891 3799 canon
2911 3741 2999 3798 18.

1866 3849 1954 3905 18.
1980 3847 2039 3903 Si
2094 3846 2188 3918 qui
2246 3842 2528 3901 constituti
2565 3839 2834 3911 episcopi,
2866 3845 2921 3892 et
2967 3835 3036 3891 ab
3079 3833 3167 3888 illa
3210 3844 3372 3901 paro-

1797 3941 1942 4006 chia,
1998 3940 2050 3995 in
2101 3953 2267 4010 quam
2307 3934 2573 3993 nominati
2634 3932 2895 3995 luerunt,
2950 3944 3055 3982 non
3111 3921 3371 3991 suscepti,

1797 4034 1934 4090 alias
1965 4032 2134 4088 velint
2186 4029 2478 4100 parochias
2507 4024 2787 4087 invadere,
2834 4031 2887 4075 et
2916 4020 2983 4075 iis
3016 4018 3108 4087 qui
3169 4012 3374 4068 curuli-

1799 4128 1901 4183 tuti
1940 4132 2088 4190 sunt,
2146 4123 2256 4177 vim
2306 4120 2522 4183 aﬂ'erre,
2577 4125 2632 4172 et
2669 4115 2964 4171 seditiones
3015 4111 3277 4163 adversus
3308 4104 3373 4157 il-

1806 4220 1893 4274 los
1931 4218 2194 4279 excitare,
2230 4229 2326 4269 eos
2359 4209 2655 4283 segregari.
2718 4206 2813 4261 Sin
2862 4214 3042 4258 autem
3080 4199 3247 4253 velint
3316 4195 3377 4249 in

1801 4291 2140 4381 presbyterio
2177 4306 2442 4371 residere,
2474 4304 2529 4357 in
2550 4316 2660 4371 quo
2694 4299 2846 4370 prius
2898 4302 3055 4349 erant
3087 4288 3375 4362 presbyte-

1802 4405 1872 4469 ri,
1898 4403 2046 4474 ipsos
2077 4400 2284 4455 honore
2310 4414 2418 4453 non
2452 4394 2680 4450 moveri.
2711 4389 2867 4457 Quod
2896 4387 2942 4443 si
2975 4386 3237 4441 adversus
3258 4394 3379 4443 eos,

1805 4497 1898 4568 qui
1923 4472 2040 4550 illic
2063 4491 2349 4549 constituti
2382 4494 2537 4553 sunt,
2571 4484 2862 4556 episcopos
2894 4478 3191 4536 seditiones
3230 4472 3380 4528 exci-

1808 4588 2062 4651 taverint,
2118 4587 2384 4641 honorem
2419 4593 2639 4651 quoque
2682 4571 3005 4647 presbyterii
3054 4570 3122 4625 ab
3151 4568 3235 4623 eis
3280 4581 3381 4620 au-

1806 4682 1959 4748 ferri,
1999 4690 2053 4737 et
2079 4679 2201 4733 illos
2225 4676 2503 4731 abdicatos
2527 4670 2684 4726 eliici.

2065 4766 2289 4824 Concilii
2318 4760 2627 4819 Antiocheni
2658 4772 2883 4811 canones
2921 4754 3008 4818 Π,
3040 4751 3130 4807 18.

1872 4863 1960 4917 17.
1993 4860 2052 4915 Si
2083 4861 2207 4931 quis
2228 4857 2518 4926 episcopus
2549 4860 2770 4920 accepta
2802 4846 3146 4902 ordinatione
3173 4851 3229 4897 et
3260 4854 3380 4894 ma-

1806 4969 1977 5012 nuum
1998 4949 2349 5021 impositione
2378 4944 2643 5015 episcopi,
2669 4950 2723 4996 et
2752 4938 2952 5010 populo
2984 4949 3217 5005 praeesse
3254 4931 3381 5001 jus-

1808 5065 1925 5115 sus,
1958 5060 2158 5101 munus
2182 5058 2291 5098 non
2317 5039 2641 5108 susceperit,
2675 5050 2775 5088 nec
2823 5041 2884 5085 ut
2930 5029 2998 5083 ad
3028 5027 3130 5083 sibi
3160 5037 3384 5079 concre-

1810 5114 1977 5199 ditam
2004 5137 2289 5194 ecclesiam
2329 5130 2713 5204 proﬁciscatur
2747 5120 3049 5196 permoveri
3103 5117 3303 5187 possit,
3336 5114 3389 5169 is

1811 5235 1885 5292 sit
1907 5229 2436 5289 excommunicatus,
2479 5223 2655 5279 donec
2693 5229 2921 5275 coactus
2967 5213 3269 5281 suscipiat,
3300 5207 3387 5263 vel

1811 5326 2048 5398 perfecta
2114 5320 2357 5393 synodus
2406 5319 2793 5387 episcoporum
2843 5304 3261 5380 provincialium
3318 5304 3387 5356 de

1814 5420 1931 5490 ipso
1959 5416 2167 5487 aliquid
2198 5415 2479 5469 decernat.

1880 5510 1969 5565 18.
2015 5509 2073 5563 Si
2102 5506 2228 5579 quis
2290 5501 2579 5558 ordinatus
2631 5511 2739 5552 non
2778 5493 2903 5549 ierit
2950 5492 3005 5547 in
3048 5488 3390 5579 parochiam,

1815 5599 1882 5654 ad
1915 5613 2077 5670 quam
2107 5577 2192 5651 est
2222 5593 2529 5654 ordinatus,
2563 5602 2671 5643 non
2703 5602 2802 5642 sua
2830 5583 3049 5655 quidem
3078 5582 3258 5651 culpa,
3298 5577 3394 5633 sed

1816 5700 2038 5762 propter
2080 5687 2268 5760 populi
2327 5681 2727 5741 recusationem
2754 5719 2769 5746 ,
2807 5677 2894 5733 vel
2933 5676 3172 5745 aliquam
3227 5672 3392 5725 aliam

1817 5799 2063 5848 causam,
2101 5796 2224 5853 quae
2261 5794 2293 5836 a
2346 5792 2407 5834 se
2434 5791 2543 5835 non
2577 5774 2757 5831 oritur
2834 5770 2882 5827 is
2913 5769 2985 5824 sit
3006 5777 3061 5823 et
3089 5764 3315 5820 honoris
3340 5769 3396 5817 et
