3908 6296
610 361 708 425 507

1758 368 2018 430 PHOTII
2060 370 2194 430 PA'I

2312 373 2563 432 \IlCﬂxE
2604 374 2710 436 (ΣΡ.
3747 382 3830 446 508

609 474 857 530 muneris
884 477 1183 546 particeps,
1215 477 1516 532 dummodo
1553 480 1756 534 nullam
1809 483 1975 538 rebus
2004 483 2192 538 Eccle-

2312 484 2487 539 τοῦτον
2536 486 2781 556 μετέχειν
2809 486 2910 555 τῆς
2957 488 3123 560 τιμῆς
3170 486 3265 541 καὶ
3313 486 3646 558 λειτουργίας
3685 493 3832 560 μόνον.

609 570 724 632 δῖα),
765 570 818 624 in
843 587 948 638 qua
979 571 1250 635 convenit,
1305 571 1616 628 molestiam
1659 573 1870 628 aﬂ‘erat.
1917 575 1968 629 Is
2008 584 2190 630 autem

611 663 662 715 id
701 663 984 732 suscipiat,
1035 664 1179 732 quod
1219 664 1457 734 perfecta
1506 665 1804 735 provincia:
1833 668 2098 737 synodus,
2128 682 2192 722 eo

609 754 754 824 quod
785 755 850 809 ad
875 773 933 810 se
959 757 1184 810 allatum
1211 766 1292 810 est
1328 757 1596 822 jndicato,
1635 759 1910 812 statuerit.

683 934 792 1004 58
820 934 972 989 CAP.
1012 934 1200 988 XVIII.
1241 965 1310 974 --
1345 935 1499 1001 Quod
1551 937 1797 992 morienti
1821 939 2060 1010 episcopo
2089 956 2193 996 non

613 1025 730 1079 licet
776 1027 939 1080 [Illum
978 1043 1074 1096 pro
1122 1044 1175 1080 se
1211 1030 1480 1082 ordinare.

1044 1117 1424 1187 Apostolorum
1456 1138 1622 1175 canon
1656 1122 1748 1177 76.

680 1205 749 1258 76
791 1204 926 1278 [78].
965 1206 1125 1274 Quod
1159 1224 1269 1262 non
1299 1219 1516 1278 oportet
1547 1211 1864 1281 episcopum
1900 1212 2076 1281 fratri,
2111 1217 2194 1273 vel

611 1296 744 1359 lilio,
776 1299 858 1352 vel
906 1299 996 1354 alii
1065 1312 1300 1372 cognato
1351 1303 1767 1372 gratiﬁcantem,
1805 1307 2036 1360 humana
2064 1309 2196 1363 alle-

610 1391 789 1446 ctione
818 1393 884 1447 ad
932 1395 1286 1466 episcOpatus
1325 1399 1670 1466 dignitatem,
1709 1417 1870 1468 quem
1926 1404 2056 1467 vult,
2100 1405 2196 1458 eli-

612 1501 758 1554 gere.
791 1484 1150 1557 Episcopatus
1181 1491 1325 1545 enim
1360 1491 1604 1545 haeredes
1637 1492 1815 1547 facere
1837 1494 2049 1562 justum
2088 1514 2193 1550 non

611 1588 716 1640 est,
773 1594 835 1631 ea
895 1597 1016 1648 quae
1055 1582 1148 1634 Dei
1195 1594 1326 1636 sunt
1362 1584 1708 1652 largientem.
1758 1584 1813 1639 Si
1847 1588 1972 1655 quis
2012 1598 2194 1643 autem

612 1666 718 1720 hoc
753 1668 962 1733 fecerit,
1007 1670 1159 1722 irrita
1191 1671 1414 1736 quidem
1448 1673 1646 1727 electio
1681 1683 1925 1741 maneat,
1959 1676 2075 1745 ipse
2099 1695 2196 1731 au-

612 1767 720 1811 tem
761 1762 1137 1830 segrt-gatione
1170 1764 1450 1817 multetur.

951 1937 1175 1993 Concilii
1205 1943 1518 1996 .lntioclieni
1552 1963 1722 1998 canon
1761 1947 1851 2001 25.

681 2027 771 2080 9.5.
801 2028 907 2084 Nec
933 2030 1090 2084 liccat
1119 2034 1374 2103 episcopo
1407 2037 1573 2089 alium
1617 2055 1788 2105 prose
1813 2055 2189 2096 successorem

611 2124 966 2190 constituere,
1001 2126 1322 2181 etiamsisit
1358 2129 1408 2180 in
1442 2129 1546 2183 line
1581 2133 1721 2184 vilic.
1767 2131 1822 2184 Si
1848 2134 1975 2202 quid
2008 2143 2191 2187 autem

612 2214 703 2266 liat
731 2214 1022 2282 ejusmodi,
1054 2218 1206 2271 irrita
1240 2220 1306 2273 sit
1343 2222 1688 2276 constitutio.
1721 2225 1978 2279 Servetur
2011 2239 2189 2281 autem

608 2304 748 2357 ritus
774 2307 1211 2371 ecclesiasticus,
1244 2309 1336 2377 qui
1381 2312 1644 2375 continet,
1684 2330 1786 2366 non
1818 2315 1973 2368 aliter
1996 2317 2192 2373 debere

609 2395 746 2457 ιίιιιὶ,
792 2411 954 2465 quam
999 2413 1124 2452 cum
1170 2402 1376 2471 synodo
1428 2412 1482 2456 et
1524 2403 1730 2472 judicio
1781 2407 2187 2478 episcopormn,

608 2487 700 2555 qui
737 2497 858 2556 post
900 2488 1141 2545 defuncti
1189 2493 1572 2548 domuitionem
1624 2505 1945 2566 potestatem
1993 2503 2193 2556 habent

609 2579 831 2648 dignum
865 2584 1222 2651 provehendi.

679 2761 829 2815 CAP.
863 2763 1076 2817 XIY.—
1115 2765 1298 2822 Porro?
1326 2769 1441 2822 urbi
1470 2773 1542 2824 t'cl
1565 2789 1697 2844 pago
1717 2791 1932 2844 prorsus
1966 2796 2069 2832 non
2100 2781 2190 2834 (le-

611 2863 700 2907 lur
731 2856 1021 2926 episeopus.

953 2948 1181 3004 Concilii
1220 2952 1528 3009 Antioclteni
1552 2974 1721 3012 canon
1749 2960 1837 3014 57.

681 3037 772 3093 57.
811 3037 967 3104 Quod
1000 3058 1107 3095 non
1132 3053 1346 3112 oportet
1378 3045 1429 3098 in
1463 3047 1598 3102 vicis
1632 3057 1686 3103 et
1720 3052 1873 3118 pagis
1907 3053 2192 3125 episcopos

2303 579 2469 647 μηδὲν
2501 578 2937 650 παρενοχλοῦντα
2959 583 3071 644 τοῖς
3092 581 3383 652 πράγμασι
3407 583 3508 651 τῆς
3545 580 3832 652 Ἐκκλησίας

2300 667 2426 722 ἔνθα
2461 669 2526 722 ἂν
2558 669 2875 736 συνάγοιτο⁶
2907 672 3224 741 ἐκδέχεσθαι
3253 671 3312 725 δὲ
3339 669 3526 724 τοῦτον
3560 671 3588 724 ὃ
3617 673 3676 726 ἂν
3709 676 3840 746 ήτῆςν

2299 760 2567 830 ἐπαρχίας
2615 760 2797 813 τελεία
2852 761 3067 826 σύνοδος
3100 763 3334 832 κρίνασα
3380 762 3442 816 τὸ
3466 765 3833 836 παριστάμενον

2300 852 2481 922 ὁρίσῃ.

2372 945 2624 999 ΚΕΦΛΛ.
2655 947 2976 1016 ΙΗ’.--Περὶ
3003 947 3107 1001 τοῦ
3131 947 3218 1015 μὴ
3238 948 3533 1002 δύνασθαι
3555 948 3657 1002 τόν
3678 955 3840 1006 τελευ-

2300 1035 2494 1092 τῶντα
2509 1036 3092 1105 ἐπίσκοπον,ἕτερον
3127 1038 3255 1092 ἀντ’
3276 1036 3462 1090 αὑτοῦ
3498 1041 3838 1108 χειροτονεῖν.

2703 1130 3089 1184 Ἀποστόλων
3107 1126 3320 1183 ’κανὼν
3347 1128 3451 1193 ος·’.

2374 1229 2480 1287 ος-’.
2515 1223 2639 1276 Ὅτι
2671 1221 2746 1294 μὴ
2775 1222 2880 1292 χρὴ
2919 1221 3010 1274 τὸν
3056 1221 3358 1275 ἐπίσκοπον
3383 1218 3461 1292 τῷ
3501 1219 3755 1292 ἀδελφῴἧ
3783 1223 3843 1292 τῷ

2302 1314 2404 1384 υἱῷ
2433 1314 2464 1384 ἢ
2495 1314 2666 1385 ἐτέρῳ
2717 1315 2974 1381 συγγενεῖ
3021 1312 3384 1384 χαριζόμενον
3425 1313 3488 1366 τὸ
3529 1311 3733 1382 ἀξίωμα
3766 1316 3844 1384 τῆς

2303 1407 2632 1476 ἐπισκοπῆς,
2681 1407 3010 1476 χειροτονεῖν
3065 1405 3124 1458 ὃν
3173 1403 3447 1474 βούλεται.
3499 1402 3844 1474 Κληρονόμυυς

2302 1500 2411 1568 γὰρ
2439 1498 2539 1568 τῆς
2589 1497 2895 1566 ἐπισκοπῆς
2942 1497 3236 1558 ποιεῖσθαι,
3290 1496 3351 1547 οὺ
3403 1494 3631 1556 δίκαιον,
3665 1496 3729 1547 τὰ
3769 1495 3842 1548 τοῦ

2303 1589 2438 1642 θεοῦ
2471 1590 2830 1660 χαριζόμενον
2859 1587 3022 1642 πάθει
3049 1588 3405 1658 ἀνθρωπίνῳ·
3439 1587 3501 1640 οὐ
3529 1587 3634 1657 γὰρ
3659 1587 3750 1657 τὴν
3770 1586 3842 1640 τοῦ

2303 1683 2439 1738 Θεοῦ
2501 1683 2825 1753 Ἐκκλησίαν
2858 1682 2965 1734 ὑπὸ
3003 1681 3368 1753 κληρονομίαν
3408 1681 3613 1749 ὀφείλει
3651 1680 3842 1733 τιθέναι.

2309 1778 2370 1829 Εἰ
2399 1777 2455 1829 δέ
2479 1793 2562 1839 τις
2584 1775 2742 1828 τοῦτο
2781 1775 3018 1846 ποιήσει,
3046 1774 3247 1844 ἄκυρος
3281 1773 3380 1843 μὲν
3414 1772 3556 1826 ἔστω
3584 1773 3616 1842 ἡ
3640 1788 3844 1842 χειροτο-

2228 1851 2276 1906 Β
2301 1871 2412 1934 νία,
2444 1869 2606 1932 αὐτὸς
2637 1868 2694 1921 δὲ
2726 1867 3076 1938 ἐπιτιμᾶσθω
3105 1865 3421 1936 ἁφορισμῷ.

2559 1959 2831 2014 Συνόδου
2874 1959 3239 2026 ’Λντιοχείας
3272 1957 3479 2011 κανὼν
3505 1963 3612 2025 κγ’.

2365 2058 2472 2120 κγ’.
2513 2050 2843 2104 Ἐπίσκοπον
2888 2050 2962 2120 μὴ
2992 2051 3213 2115 ἐξεῖναι,
3256 2047 3371 2101 ἀντ’
3405 2047 3573 2101 αὑτοῦ
3621 2047 3843 2117 καθιστᾷν

2294 2145 2481 2214 ἕτερον
2531 2143 2726 2196 ἐαυτοῦ
2778 2141 3051 2213 διάδοχον
3082 2141 3182 2194 κᾶν
3233 2141 3369 2210 πρὸς
3423 2142 3492 2210 τῇ
3525 2138 3739 2208 τελευτῇ
3769 2139 3840 2190 τοῦ

2295 2236 2408 2307 βίου
2431 2235 2699 2305 τυγχάνῃ·
2731 2237 2776 2286 εί
2807 2235 2862 2286 δέ
2891 2251 2941 2285 τι
2969 2233 3177 2286 τοιοῦτο
3212 2232 3476 2300 γίγνοιτο,
3516 2231 3713 2301 ἄκυρον
3737 2227 3844 2284 εἶναι

2296 2330 2396 2399 τὴν
2432 2330 2792 2382 κατάστασιν·
2828 2325 3195 2394 φυλάττεσθαι
3229 2324 3283 2376 δὲ
3315 2323 3407 2376 τὸν
3445 2322 3645 2393 θεσμὸν
3671 2321 3752 2375 τὸν
3773 2324 3842 2373 ἐκ·

2295 2421 2708 2491 κλησιαστικδν,
2744 2419 3068 2488 περιέχοντα
3103 2419 3176 2486 μὴ
3207 2417 3316 2469 δεῖν
3336 2416 3518 2478 ἄλλως
3551 2413 3842 2483 γίνεσθαι,ῆ

2299 2514 2438 2582 μετὰ
2487 2511 2705 2563 συνόδου
2739 2511 2831 2562 καὶ
2876 2507 3208 2577 ἐπικρίσεως
3251 2507 3573 2559 ἐπισκόπων
3604 2504 3706 2557 τῶν
3736 2505 3843 2573 μετὰ

2293 2607 2391 2678 τὴν
2422 2606 2678 2675 κοίμησιν
2703 2605 2797 2658 τοῦ
2827 2603 3290 2673 ἀναπαυσαμένου
3321 2601 3422 2656 τὴν
3453 2598 3696 2665 ἐξουσίαν
3723 2597 3844 2668 ἐχόν-

2294 2716 2402 2752 των
2430 2698 2524 2750 τοῦ
2554 2697 2889 2768 προάγεσθαι
2918 2697 3013 2748 τὸν
3047 2695 3216 2761 ἄξιον.

2366 2791 2613 2844 ΚΕΦΑΛ.
2641 2792 2741 2847 1Θ⁷.
2766 2818 2836 2830 -—
2883 2789 3019 2855 Περὶ
3077 2787 3186 2841 τοῦ
3210 2790 3295 2856 μὴ
3325 2785 3537 2850 ἁπλῶς
3579 2785 3647 2839 ἐν
3697 2784 3835 2836 πόλει

2290 2883 2548 2952 ,ϐραχείᾳ
2574 2882 2610 2949 ἢ
2637 2881 2800 2951 κώμῃ
2834 2880 3106 2949 τίνεσθαι
3142 2880 3503 2932 ἐπίσκοπον.

2573 2973 2840 3027 Συνόδου
2870 2973 3222 3036 Λαοδικείας
3264 2987 3341 3024 κα
3356 2971 3484 3023 νὼν
3514 2969 3612 3032 νζ’.

2366 3068 2466 3130 νξ¹.
2497 3066 2702 3120 ’Ὀτιού
2732 3046 2811 3117 δεῖ
2840 3066 2896 3117 ἐν
2928 3065 3049 3127 ταῖς
3077 3062 3294 3133 κώμαις
3321 3064 3424 3115 κοιλ⁸
3457 3064 3515 3114 ἐν
3539 3063 3652 3123 ταῖς
3678 3060 3845 3129 χώραις

613 3133 894 3196 constitui,
921 3135 1020 3187 sed
1052 3135 1417 3202 periodentas,
1447 3139 1549 3194 hoc
1597 3151 1700 3206 est,
1733 3144 2192 3202 circumcursato-

613 3235 700 3246 ,Μ
738 3238 752 3246 ,
790 3237 878 3246 Μ,
920 3237 1099 3246 -.-ψη
1275 3226 1376 3246 ...ι
1430 3245 1435 3246 γ
1481 3230 1492 3240 ρ
1889 3237 1899 3246 .
1956 3238 1975 3246 ι-

2312 3155 2661 3210 ιιαθίστασθαι
2694 3156 3026 3218 ἐπισκόπους
3054 3156 3191 3208 ἀλλὰ
3219 3153 3600 3224 περιοδευτὰς,
3628 3154 3740 3214 τοὺς
3768 3151 3841 3219 μέν

612 3235 702 3274 res
738 3238 752 3274 :
788 3237 882 3276 eos
919 3237 1102 3276 autem
1137 3227 1230 3294 qui
1271 3226 1379 3297 59
1414 3230 1564 3299 prius
1617 3235 1901 3288 constituti
1952 3238 2195 3302 fuerunt,

612 3312 746 3364 nihil
775 3329 934 3374 agere
969 3317 1088 3369 sine
1119 3328 1298 3372 mente
1323 3323 1568 3391 episcopi
1612 3325 1706 3393 qui
1738 3335 1821 3380 est
1874 3328 1927 3381 in
1957 3330 2193 3386 civitate.

620 3404 889 3459 StllillllCI‘
944 3419 1124 3462 autem
1174 3419 1229 3464 et
1281 3415 1630 3484 presbyteros
1675 3418 1811 3472 nihil
1872 3435 2033 3490 agere
2079 3424 2199 3478 sine

523 3477 531 3484 ‘
580 3555 582 3558 ,
615 3507 799 3553 mente
827 3500 1091 3572 episcopi.

932 3592 1157 3647 Concilii
1191 3595 1519 3654 Sardicensis
1584 3618 1752 3658 canon
1783 3604 1835 3659 6.

686 3679 884 3738 Ilasins
924 3685 1213 3755 cpiscopus
1232 3688 1368 3743 dixit
1397 3708 1409 3721 ·
1440 3691 1495 3745 Si
1523 3695 1811 3764 contigerit
1855 3696 1909 3751 in
1941 3713 2046 3752 una
2078 3714 2202 3768 pro-

611 3773 815 3836 vincia,
839 3783 968 3840 ctc.,
1000 3788 1055 3829 ut
1086 3795 1206 3849 pag.
1231 3780 1354 3835 48!.
1375 3782 1610 3836 Additur
1635 3785 1757 3840 hic:
1781 3785 2201 3857 Responderunt

614 3879 805 3920 omni-s
842 3886 854 3920 :
892 3867 1092 3923 Placet.

687 3957 839 4016 CAP.
870 3961 987 4014 ΧΧ.
1019 3993 1089 4000 —
1126 3962 1306 4035 Neque
1354 3967 1407 4019 in
1444 3984 1548 4022 una
1586 3971 1856 4038 provincia
1889 3976 2199 4037 metropoli-

626 4053 739 4104 tani
763 4052 888 4112 duo,
926 4071 1087 4124 neque
1112 4057 1164 4109 in
1198 4075 1305 4110 una
1335 4060 1460 4113 urbe
1483 4062 1587 4114 duo
1619 4065 1844 4132 episcopi
1877 4068 2002 4131 siut,
2041 4087 2199 4142 neque

615 4144 822 4198 duabus
847 4145 1062 4198 urbibus
1095 4165 1228 4202 imus
1255 4150 1476 4206 clericus
1500 4153 1798 4223 deputetur.

1006 4237 1232 4293 Consilii
1283 4240 1496 4296 Νίσανηὶ
1550 4262 1720 4299 canon
1755 4246 1809 4301 8.

686 4333 738 4386 8.
774 4331 848 4385 De
881 4332 966 4386 his
995 4333 1040 4363 ⁸³
1072 4335 1165 4402 qui
1214 4351 1274 4390 se
1302 4339 1582 4402 catharos,
1611 4338 1662 4390 id
1695 4349 1779 4394 est
1826 4357 1994 4410 puros
2025 4330 2200 4415 quao—

614 4425 793 4493 doque
830 4425 1136 4486 nominant,
1175 4427 1239 4480 ad
1275 4428 1599 4482 catholicam
1657 4441 1838 4488 autem
1890 4445 1944 4488 et
1979 4448 2198 4505 aposto-

2302 3267 2384 3303 τοι
2432 3249 2534 3319 ἤδη
2587 3248 3158 3319 προκατασταθέντας,
3217 3247 3387 3318 μηδὲν
3443 3245 3699 3315 πράττειν
3745 3243 3844 3295 ἄνευ

2302 3340 2526 3411 γνώμης
2558 3341 2652 3393 τοῦ
2688 3341 2991 3393 ἐπισκόπου
3021 3341 3115 3392 τοῦ
3139 3342 3196 3391 ἐν
3219 3341 3284 3409 τῇ
3320 3339 3476 3390 πόλει
3501 3355 3514 3368 ⁸
3545 3335 3782 3394 ὡσαύτως
3803 3332 3845 3383 δὲ

2304 3433 2545 3495 καὶτοὺς
2568 3431 3000 3502 πρεσϐυτέρους,
3031 3431 3197 3502 μηδὲν
3225 3431 3492 3502 πράττειν
3513 3429 3638 3483 ἄνευ
3663 3426 3845 3496 γνώμης

2303 3525 2397 3580 τοῦ
2429 3527 2756 3582 ἐπισκόπου.

2610 3616 2880 3671 Συνόδου
2921 3614 3220 3683 Σιιρδικῆς
3259 3614 3464 3668 κανὼν·
3495 3619 3571 3677 ς’.

2375 3712 2561 3772 Ὄσιος
2589 3709 2884 3772 ἐπίσκοπος
2907 3704 3061 3761 εἶπεν
3079 3724 3093 3738 ο
3142 3706 3266 3759 Ἐὰν
3295 3723 3359 3759 συ
3369 3705 3483 3777 μόᾔ
3511 3707 3568 3758 ἐν
3591 3704 3684 3774 μιᾷ
3706 3701 3841 3769 ἐπαρ-

2303 3799 2416 3873 χίᾳ,
2445 3818 2495 3855 κ.
2531 3817 2581 3855 τ.
2623 3799 2670 3852 λ.
2720 3801 3108 3870 ’Δπεκρίναντο
3146 3799 3369 3865 πάντες,
3416 3797 3683 3868 Ἀρέσκει.

2378 3983 2631 4036 ΚΕΦΑΛ.
2667 3981 2754 4034 K'.
2799 4010 2856 4019 —
2888 3979 3026 4048 Περὶ
3056 3979 3161 4034 τοῦ
3202 3981 3286 4049 μὴ
3313 3975 3470 4035 εἶναι
3498 3977 3570 4032 ἐν
3583 3975 3682 4048 μιᾷ
3710 3977 3844 4041 Map-

2302 4075 2404 4142 χίᾳ
2481 4073 2588 4126 δύο
2641 4074 3104 4141 μητροπολίτας,
3170 4073 3207 4140 ἢ
3260 4073 3331 4124 ἐν
3397 4070 3511 4141 μιᾷ
3560 4071 3718 4124 πόλει
3761 4069 3842 4122 δύο

2309 4165 2702 4230 ἐπισκόπους,
2735 4164 2772 4232 ἢ
2817 4165 2886 4218 ἐν
2921 4164 3030 4217 δύο
3059 4165 3317 4218 πόλεσιν
3358 4164 3473 4218 ἕνα
3512 4165 3787 4233 κληρικόν.

2651 4257 2925 4312 Συνόδου
2950 4258 3196 4323 Νικαίας
3225 4257 3428 4312 κανὼν
3457 4266 3530 4331 η’.

2369 4359 2438 4422 η’.
2475 4351 2611 4419 Περὶ
2634 4352 2741 4403 τῶν
2767 4350 3142 4416 ὀνομαζόντων
3185 4351 3281 4421 μὲν
3317 4352 3555 4413 ἑαυτοὺς
3592 4348 3838 4418 καθαροὺς,

2303 4442 2764 4512 προσερχομένων
2790 4440 2846 4494 δὲ
2870 4444 2936 4512 τῇ
2977 4441 3240 4512 καθολικῇ
3267 4445 3360 4495 καὶ
3385 4441 3708 4510 ἀποστολικῇ
3746 4439 3840 4488 Ἐκ-

613 4519 774 4572 licam
809 4517 1106 4573 Eeelesiam
1153 4522 1440 4584 accedunt,
1495 4533 1699 4577 sanctre
1747 4541 1956 4596 magna:
1986 4531 2193 4600 synodo

2312 4535 2520 4606 κλησίᾳ,
2569 4534 2714 4598 ἔδοξε
2761 4537 2829 4606 τῇ
2880 4533 3015 4604 ἁγία
3059 4534 3419 4605 καὶ¹μεγάλῃ
3472 4533 3687 4602 συνόδῳ,
3730 4530 3838 4581 ὥστε

613 4612 793 4664 visum
831 4621 933 4675 est,
981 4620 1040 4665 ut
1088 4614 1358 4681 impositis
1412 4616 1494 4671 eis
1545 4618 1800 4673 manibus
1830 4620 1910 4675 sic
1955 4621 2006 4674 in
2047 4624 2194 4678 clero

615 4714 893 4759 maneant.
931 4710 1070 4759 Ante
1101 4709 1285 4760 omnia
1336 4719 1518 4763 autem
1559 4711 1664 4767 hoc
1692 4712 1746 4766 in
1797 4715 2017 4784 scriptis
2052 4718 2195 4786 ipsos

613 4799 1160 4866 profiteric0nvenit,
1208 4802 1356 4870 quod
1406 4802 1764 4860 adhaarebunt
1793 4817 1846 4861 et
1893 4818 2196 4878 sequentur

617 4891 904 4943 catholica:
953 4891 1198 4946 ecclesiae
1233 4893 1473 4961 decreta,
1523 4896 1575 4949 id
1604 4907 1836 4967 estquae
1865 4911 1920 4954 et
1961 4917 2084 4957 cum
2113 4903 2197 4958 di-

617 4981 791 5047 gamis
833 4983 1338 5050 communicabunt,
1363 4994 1418 5042 et
1452 5004 1576 5043 cum
1632 4990 1700 5046 iis
1732 4992 1824 5061 qui
1857 4993 1908 5046 in
1940 5009 2198 5063 persecu-

616 5072 767 5126 tione
792 5073 927 5142 lapsi
976 5083 1124 5142 sunt,
1167 5077 1219 5131 in
1261 5079 1462 5146 quibus
1512 5090 1567 5136 et
1597 5091 1812 5153 tempus
1839 5087 2194 5141 constitutum

618 5175 723 5225 est,
750 5173 804 5218 et
833 5169 1212 5234 opportunitas
1247 5172 1534 5239 praeﬁnita,
1570 5184 1631 5229 ut
1681 5176 1784 5245 ipsi
1811 5186 2113 5248 sequantur
2141 5182 2194 5234 in

619 5255 876 5310 omnibus
907 5255 1161 5312 Ecclesiae
1189 5261 1431 5318 decreta.
1463 5263 1568 5319 Uni
1619 5281 1748 5337 ergo
1787 5283 1980 5330 omnes
2005 5270 2118 5325 sive
2141 5271 2195 5326 in

621 5347 779 5408 vicis,
813 5349 924 5402 sive
955 5349 1009 5402 in
1033 5352 1278 5416 urbibus,
1307 5355 1408 5424 ipsi
1436 5358 1539 5411 soli
1564 5357 1920 5415 inveniuntur
1936 5363 2194 5430 ordinati,

621 5439 718 5505 qui
750 5440 1106 5496 inveniuntur
1153 5445 1206 5499 in
1243 5447 1409 5513 clero,
1442 5457 1605 5504 erunt
1650 5450 1707 5504 in
1738 5453 1929 5508 eodem
1983 5454 2194 5510 ordine.

624 5532 682 5586 Si
713 5542 894 5589 autem
913 5538 1202 5594 catholicae
1223 5542 1467 5596 ecclesia:
1486 5544 1745 5614 episcopo
1773 5546 1852 5600 vel
1885 5548 2198 5620 presbytero

619 5627 919 5683 exsistente
951 5631 1216 5687 accedunt
1248 5634 1437 5703 aliqui,
1471 5635 1679 5691 clarum
1715 5647 1820 5702 est,
1852 5642 1998 5708 quod
2022 5641 2199 5697 eccle-

621 5714 720 5772 sit}:
749 5718 967 5786 quidem
1020 5721 1265 5793 episcopi
1311 5724 1631 5796 dignitatem
1664 5726 1884 5783 habebit
1916 5745 1929 5782 :
1961 5728 2055 5800 qui
2101 5744 2200 5787 au-

519 5806 525 5812 i
697 5828 743 5862 ⁸³
769 5829 932 5886 Leon.
967 5834 1053 5887 Η.

2297 4627 2604 4697 χειροθετου
2613 4626 2804 4696 μένους
2831 4625 3028 4688 αὐτοὺς
3053 4664 3066 4683 .
3095 4626 3274 4694 μένειν
3299 4624 3474 4686 οὓτως
3493 4627 3552 4678 ἐν
3568 4624 3643 4693 τῷ
3671 4621 3837 4690 κλήρῳν

2297 4718 2403 4788 πρὸ
2435 4719 2650 4772 πάντων
2683 4719 2741 4772 δὲ
2773 4717 2932 4771 τοῦτο
2976 4716 3309 4786 ὁμολογῆσαι
3343 4718 3550 4781 αὐτοὺς
3590 4714 3837 4785 ἐγγράφως

2299 4812 2591 4881 προσήκει,
2622 4811 2703 4863 ὅτι
2753 4808 3110 4879 συνθήσονται
3154 4807 3249 4860 καὶ
3301 4808 3716 4880 ἀκολουθήσουσι
3753 4804 3839 4861 τοῖς

2297 4904 2394 4972 τῆς
2419 4902 2714 4971 καθολικῆς
2739 4901 2834 4954 καὶ
2853 4901 3219 4969 ἀποστολικῆς
3257 4900 3589 4970 Ἐκκλησίας
3611 4898 3836 4992 δόγμασιζ

2297 4993 2546 5046 τουτέστι
2606 4995 2701 5046 καὶ
2750 4992 3001 5062 διγάμοις
3052 4995 3352 5058 κοινωνεῖν,
3398 4995 3498 5046 καὶ
3544 4994 3653 5053 τοῖς
3695 4990 3745 5038 ἐν
3781 4990 3838 5051 τῷ

2296 5084 2525 5153 διωγμῷ
2552 5083 3072 5154 παραπεπτωκόσιν,
3096 5082 3181 5153 ἐφ’
3205 5075 3281 5137 ὧν
3304 5084 3398 5136 καὶ
3419 5083 3609 5154 χρόνος
3625 5081 3836 5134 τέτακται

2264 5176 2488 5245 ,καιρὸς
2546 5175 2816 5244 ὥρισται⁶
2857 5175 2999 5228 ὥστε
3052 5175 3250 5238 αὐτοὺς
3295 5175 3608 5228 ἀκολουθεῖν
3637 5174 3690 5224 ἐν
3733 5169 3837 5220 πᾶσι

2295 5271 2409 5330 τοῖς
2440 5269 2672 5338 δόγμασι
2705 5269 2808 5337 τῆς
2859 5267 3150 5338 καθολικῆς
3190 5268 3555 5336 Ἐκκλησίαςο
3603 5264 3719 5319 ἔνθα
3763 5260 3838 5330 μὲν

2298 5357 2389 5413 οὖν
2430 5361 2650 5423 πάντες,
2684 5360 2792 5412 εἴτε
2842 5361 2900 5412 ἐν
2931 5359 3164 5429 κώμαις,
3195 5361 3305 5412 εἴτε
3349 5361 3408 5413 ἐν
3447 5361 3680 5421 πόλεσιν,
3713 5353 3837 5407 αὐτοὶ

2301 5453 2450 5524 μόνοι
2471 5452 2808 5524 εὑρίσκοιντο
2829 5452 3316 5524 χειροτονηθέντες,
3342 5453 3392 5506 οἱ
3421 5445 3836 5538 εὑρισκόμενοι

2298 5546 2374 5618 τῷ
2401 5549 2608 5618 κλήρῳ,
2658 5547 2869 5599 ἔσονται
2909 5549 2966 5599 ἐν
3004 5545 3081 5614 τῷ
3121 5546 3268 5615 αὐτῷ
3305 5546 3564 5617 σχήματι.
3595 5544 3655 5596 Εἰ
3687 5540 3736 5592 δὲ
3758 5548 3832 5586 του

2299 5639 2398 5702 τῆς
2425 5638 2721 5707 καθολικῆς
2764 5637 2960 5706 Ἐκκλη
2971 5638 3087 5700 σίας
3115 5637 3470 5708 ἐπισκόπουῆ
3504 5628 3831 5705 πρεσϐυτέρα»

2299 5731 2472 5796 ὄντος,
2521 5727 2917 5801 προσέρχονταί
2949 5746 3111 5794 τινες,
3161 5729 3427 5802 πρόδηλον
3455 5728 3530 5791 ὡς
3563 5729 3590 5780 ὁ
3619 5725 3708 5796 μὲν
3737 5718 3832 5773 titi—
