3994 6400
122 368 210 432 513

719 366 1117 429 SYNTAGMA
1168 365 1559 428 CANONUM.
1589 391 1656 400 -
1680 364 1830 425 TIT.
1873 362 1923 439 Ι,
1960 363 2115 424 CAP.
2146 361 2339 439 XXII,
2379 361 2606 423 XXIII.

3239 362 3342 429 514

121 476 321 545 ἐκνῆψαι
350 474 547 545 ταύτης
577 476 975 545 προελομένους
998 517 1013 540 ,
1057 475 1373 547 καθαιρέσει
1412 476 1666 547 κανονικῇ

1772 473 2085 529 indictionls
2128 473 2285 544 (18),
2324 472 2451 527 anni
2508 470 2607 535 Iul.
2638 470 2800 544 6197]
2857 473 3035 528 sexies
3071 474 3341 531 millesimi

121 568 398 623 ὑποϐαλεῖν
429 568 552 630 τοὺς
584 566 640 619 δὲ
669 566 745 637 τῷ
770 566 999 638 τοιούτῳ
1027 567 1125 639 μὲν
1158 568 1256 638 τῆς
1287 567 1544 638 διγαμίας
1571 568 1669 621 πά-

120 663 188 714 θει
221 658 629 730 περιπεσόντας,
663 657 769 725 πρὸ
809 658 866 712 δὲ
902 660 1001 730 τῆς
1028 658 1188 730 ἡμῶν
1218 657 1568 727 ἐπιγνώσεως
1603 658 1665 712 τὸ

121 748 366 821 συμφέρον
397 748 791 817 ὲπεγνωκότας,
820 750 915 803 καὶ
940 749 1000 802 τὸ
1030 750 1201 803 κακὸν
1231 749 1291 814 ἐξ
1319 748 1530 804 ἑαυτῶν
1568 768 1666 803 πε-

122 838 435 911 ρικόψαντας,
480 839 566 891 καἱ
598 840 786 909 πόρρω
818 840 919 909 τὴν
948 838 1105 909 ξένην
1126 840 1335 911 ταύτην
1374 841 1468 891 καὶ
1512 838 1666 893 νόθον

120 930 407 1001 συμπλοκὴν
441 929 823 995 ὲκδιώξαντας·
859 930 891 1000 ἢ
924 932 1018 983 καὶ
1039 924 1114 984 ὧν
1138 932 1195 985 αἱ
1232 932 1374 985 κατὰ
1413 930 1667 1002 δεύτερον

120 1024 270 1093 γάμον
295 1025 545 1090 γυναῖκες
562 1022 663 1092 ἤδη
692 1022 1162 1092 τετελευτήκασιν,
1185 1022 1219 1094 ἢ
1248 1026 1342 1077 καὶ
1365 1023 1522 1077 αὐτοὶ
1544 1024 1665 1076 ὲπι-

120 1114 329 1185 στροφὴν
355 1108 515 1176 εἶδον,
550 1114 958 1184 μεταμαθόντες
998 1114 1096 1186 τὴν
1136 1114 1522 1187 σωφροσύνην,
1574 1116 1667 1168 καὶ

118 1208 208 1259 τῶν
233 1202 415 1276 πρώην
442 1205 624 1269 αὐτοῖς
650 1204 1149 1277 παρανομηθέντων
1174 1207 1387 1277 ταχέως
1419 1207 1667 1261 ἐπιλαθό-

122 1313 271 1365 μενοι,
323 1295 431 1348 εἴτε
467 1295 827 1368 πρεσὸύτεροι
858 1298 969 1351 εἴτε
1000 1297 1237 1352 διάκονοι
1277 1298 1429 1362 ὄντες
1466 1300 1667 1369 τυγχά-

120 1405 258 1452 νοιεν,
273 1386 490 1451 τούτους
506 1387 649 1453 ἔδοξε
677 1389 986 1444 πεπαῦσθαι
1030 1389 1127 1461 μὲν
1175 1390 1355 1459 πάσης
1387 1391 1666 1461 ἱερατικῆς

118 1480 451 1550 λειτουργίας,
476 1481 596 1551 ἦτοι
616 1481 917 1551 ἐνεργείας,
951 1481 1052 1552 ἤδη
1084 1482 1177 1534 ἐπὶ
1205 1484 1364 1552 ῥητόν
1390 1498 1512 1534 τινα
1542 1482 1667 1553 χρό-

119 1590 194 1625 νον
218 1572 654 1642 ἐπιτιμηθέντας·
695 1575 794 1642 τῆς
831 1573 888 1625 δὲ
936 1573 1104 1642 τιμῆς
1130 1574 1229 1643 τῆς
1276 1572 1420 1626 κατὰ
1449 1574 1547 1642 τὴν
1574 1591 1669 1626 κα-

122 1662 293 1731 θέδραν
342 1663 436 1714 καὶ
471 1664 659 1716 στάσιν
712 1661 981 1733 μετέχειν,
1022 1661 1391 1732 ἀρκουμένους
1433 1666 1495 1731 τῇ
1535 1679 1670 1731 προ-

120 1754 252 1823 εδρία
298 1757 387 1807 καὶ
428 1755 862 1824 προσκλαίοντας
908 1755 986 1824 τῷ
1028 1755 1220 1826 Κυρίῳ
1250 1754 1669 1826 συγχωρηθῆναι

120 1846 276 1908 αὐτοῖς
321 1846 380 1898 τὸ
409 1847 475 1899 ἐκ
519 1846 618 1915 τῆς
652 1844 876 1914 ἀγνοίας
934 1844 1214 1915 ἀνόμημα.
1266 1845 1529 1915 Εὑλογεϊν
1557 1846 1668 1916 γὰρ

119 1935 297 2006 ἕτερον,
328 1936 416 1989 τὸν
448 1937 518 1990 τά
546 1938 721 1990 οἰκεῖα
755 1936 1010 2007 τημελεῖν
1041 1937 1326 2005 ὀφείλοντα
1352 1936 1667 2007 τραύματα,

120 2030 465 2084 ἀνακόλουθον·
504 2032 633 2095 τοὺς
663 2032 761 2102 μέν
784 2049 866 2084 τοι
891 2034 1105 2102 γαμετῇ
1129 2031 1228 2101 μὲν
1254 2034 1352 2103 μιᾷ
1376 2030 1672 2100 συναφθέν-

120 2121 364 2191 τας,χήρα
385 2120 443 2174 δὲ
467 2122 501 2191 ἡ
524 2120 936 2192 προσληφθεῖσα
960 2120 1254 2191 ἐτύγχανεν
1274 2121 1308 2192 ἢ
1332 2120 1566 2190 έκὸεὸλη
1576 2119 1671 2189 μέ-

121 2226 193 2277 νη,
210 2208 455 2274 ὡσαύτως
476 2211 536 2264 δὲ
561 2212 654 2264 καὶ
676 2212 800 2273 τοὺς
829 2211 966 2287 μετὰ
1001 2210 1100 2283 τὴν
1150 2211 1480 2284 χειροτονίαν
1506 2211 1671 2281 γάμῳ

123 2299 189 2353 ut
206 2301 490 2371 παρανόμῳ
512 2302 1043 2374 προσομιλήσαντας,
1071 2305 1319 2358 τουτέστι
1369 2300 1673 2373 πρεσϐυτέ-

124 2412 251 2465 ρους,
266 2395 355 2449 καὶ
369 2394 673 2463 διακόνους,
691 2397 785 2451 καὶ
803 2398 1210 2464 ὑποδιακόνους,
1229 2397 1331 2469 ῆδη
1351 2397 1442 2448 ἐπὶ
1467 2394 1669 2466 βραχύν

122 2502 223 2538 τινα
261 2485 443 2557 χρόνον
474 2486 795 2558 εἱρχθέντας
826 2489 922 2558 τῆς
962 2489 1113 2561 ἱερᾶς
1165 2484 1541 2557 λειτουργίας,
1578 2483 1672 2537 καὶ

125 2578 534 2649 ἐπιτιμηθέντας,
563 2578 718 2642 αὖθις
739 2580 935 2643 αὐτοὺς
952 2581 1011 2633 ὲν
1029 2583 1140 2641 τοῖς
1154 2578 1376 2641 οἱκεὶοις
1391 2576 1673 2630 ἀποκατα-

126 2671 287 2739 στῆναι
318 2672 570 2741 βαθμοῖς,
629 2672 896 2742 μηδαμῶς
925 2675 982 2725 ὲν
1016 2672 1200 2743 ἑτέρῳ
1233 2671 1438 2742 μείζονι
1473 2668 1673 2740 προκό-

126 2777 324 2825 πτοντας
370 2761 589 2833 βαθμῷ·
651 2762 936 2833 προδήλως
969 2748 1317 2824 διαλυθέντος
1366 2760 1551 2823 αὐτοῖς
1578 2757 1672 2811 τοῦ

127 2850 333 2921 ἀθέσμου
389 2853 749 2909 συνοικεσίου.
783 2855 973 2907 Ταῦτα
1002 2855 1059 2908 δὲ
1108 2857 1222 2918 τοῖς
1271 2854 1673 2924 καταληφθεῖσι

131 2943 262 3012 μέχρι
287 2945 377 3015 τῆς
408 2945 903 2999 πεντεκαιδεκάτου
952 2946 1027 3010 ὡς
1052 2947 1264 3019 εἴρηται
1285 2946 1377 3000 τοῦ
1441 2946 1676 3000 Ἰανουα-

134 3035 225 3103 pica
274 3038 456 3105 μηνὸς,
482 3037 528 3090 δ’
592 3038 942 3105 ἱνδικτιῶνος,
998 3041 1056 3093 ὲν
1110 3044 1225 3104 τοῖς
1282 3039 1675 3113 προδηλωθεῑσι

130 3128 397 3197 πταίσμασι
449 3132 553 3183 καὶ
611 3130 792 3200 μόνον,
841 3131 1132 3201 ἱερατικῶς
1175 3131 1251 3206 (1)
1290 3132 1673 3203 ὲτυπὼσαμεν,

132 3222 373 3293 ὁρίζοντες
428 3226 543 3280 ἀπὸ
594 3226 689 3279 τοῦ
749 3227 1015 3298 παρόντος
1050 3228 1146 3281 καὶ
1168 3227 1553 3299 ἀνανεούμενοι
1585 3227 1677 3279 τὸν

132 3316 300 3369 κανόνα
325 3317 412 3370 τὸν
444 3317 856 3387 διαγορεύοντα,
888 3318 979 3371 τὸν
1023 3319 1143 3372 δυσὶ
1181 3322 1379 3389 γάμοιν
1429 3318 1678 3388 συμπλα-

132 3404 267 3459 κέντα
292 3409 420 3477 μετᾶ
439 3409 500 3461 τὸ
523 3408 831 3479 βάπτισμα,
852 3409 885 3481 ἢ
918 3410 1197 3481 παλλακὴν
1218 3411 1581 3481 κτησάμενον,
1602 3409 1677 3479 μὴ

132 3497 349 3552 δύνασθαι
372 3497 507 3554 εἶναι
529 3500 831 3553 ἐπίσκοπον
853 3502 885 3570 ἢ
914 3502 1283 3573 πρεσὸύτερον
1305 3500 1674 3573 ῆδιάκονον,ἢ

132 3588 245 3651 ὅλως
259 3590 343 3642 τοῦ
380 3591 690 3660 καταλόγου
716 3591 810 3645 τοῦ
861 3592 1161 3661 ἱερατικοῦ.
1202 3592 1477 3654 Ὡσαύτως
1502 3591 1558 3643 δὲ
1585 3594 1678 3643 καὶ

134 3680 204 3729 τὸν
218 3684 373 3752 χήραν
400 3683 713 3754 λαὸόντα,ἢ
745 3683 1234 3754 ὲκὸεὸλημένην,ῆ
1267 3684 1511 3754 ἑταίραν,
1538 3682 1570 3752 ἢ
1603 3684 1675 3733 οἱ·

135 3773 447 3844 κέτιν,ῆτῶν
480 3778 580 3829 ἐπὶ
605 3776 834 3847 σκηνῆς,
877 3775 952 3847 μὴ
982 3775 1245 3829 δύνασθαι
1276 3772 1416 3828 εἱναι
1448 3774 1673 3827 ἐπίσκο-

136 3865 266 3934 πονῆ
310 3868 679 3937 πρεσϐύτερον
708 3867 742 3937 ἢ
771 3867 1039 3933 διάκονον,
1068 3866 1103 3938 ἢ
1133 3866 1270 3931 ὅλως
1317 3863 1411 3919 τοῦ
1442 3863 1674 3918 καταλό-

137 3969 214 4019 γου
230 3957 313 4010 τοῦ
344 3958 643 4029 ἱερατικοῦ.

193 4043 247 4098 ιδ’
281 4049 380 4101 Καὶ
406 4050 569 4103 τοῦτο
626 4049 683 4103 δὲ
713 4050 794 4112 εἱς
818 4049 1021 4118 γνῶσιν
1070 4048 1343 4120 ἡμετέραν
1375 4042 1538 4120 ἦλθεν
1557 4088 1571 4111 ,
1598 4047 1674 4109 ὼς

136 4135 181 4188 ὲν
202 4141 256 4209 τῇ
291 4140 512 4212 ’Δφρικῇ
554 4139 650 4193 καὶ
678 4140 852 4211 Λιὸύῃ
886 4140 979 4193 καὶ
1007 4139 1211 4211 ἑτέροις
1239 4139 1445 4205 τόποις,
1491 4139 1540 4190 οἱ
1564 4137 1675 4191 τῶν

138 4228 283 4284 ἐκεῖσε
309 4232 716 4303 θεοφιλέστατοι
754 4232 1027 4303 πρόεδροι,
1060 4233 1327 4284 συνοικεῖν
1365 4232 1486 4294 ταῖς
1516 4229 1672 4293 ἰδίαις

136 4326 357 4390 γαμεταῖς
386 4327 478 4377 καὶ¹
509 4325 651 4394 μετὰ
680 4324 779 4394 τὴν
808 4324 894 4376 ἐπ’
928 4322 1110 4384 αὐτοῖς
1146 4321 1515 4392 προελθοῦσαν
1558 4337 1669 4391 χει-

140 4416 343 4478 ροτονίαν
360 4416 419 4467 οὑ
460 4412 876 4484 παραιτοῦνται,
931 4412 1265 4482 πρόσκομμα
1326 4413 1439 4473 τοῖς
1491 4409 1671 4473 ἄλλοις

137 4503 335 4569 τιθέντες
362 4506 595 4559 ἐνταῦθα
635 4506 728 4559 καὶ
786 4504 1107 4559 σκάνδαλον.
1141 4503 1352 4573 Πολλῆς
1400 4496 1495 4556 οῦν
1537 4503 1670 4574 ἡμῖν

138 4596 331 4667 σπουδῆς
360 4598 544 4669 οῦσης,
576 4597 671 4651 τοῦ
718 4597 897 4650 πάντα
950 4596 1087 4667 πρὸς
1113 4594 1380 4664 ὠφέλειαν
1428 4594 1536 4646 τῶν
1566 4593 1670 4646 ὑπὸ

137 4692 263 4758 χεῖρα
282 4695 539 4761 ποιμνίων
565 4691 1017 4764 διαπράττεσθαι,
1037 4690 1214 4754 ἔδοξεν
1236 4689 1376 4742 ὥστε
1401 4687 1669 4760 μηδαμῶς

138 4791 179 4827 τι
198 4780 410 4835 τοιοῦτον
437 4784 547 4836 ἀπὸ
574 4782 669 4836 τοῦ
715 4781 808 4835 νῦν
839 4779 1142 4850 γίγνεσθαι.
1176 4777 1344 4830 Τοῦτο
1372 4777 1430 4829 δέ
1464 4792 1667 4846 φαμεν,

140 4869 215 4921 οὐκ
234 4872 308 4925 ἐπ’
334 4875 587 4947 άθετήσει
618 4875 652 4945 ἢ
678 4876 957 4944 ἀνατροπῇ
982 4872 1090 4925 τῶν
1118 4868 1491 4933 ἁποστολικῶς
1522 4885 1668 4921 νενο-

142 4962 512 5036 μοθετημένων,
541 4968 679 5022 ἀλλὰ
710 4969 811 5038 τῆς
873 4965 1146 5037 σωτηρίας
1195 4964 1290 5017 καὶ⁸
1345 4963 1445 5033 τῆς
1474 4964 1567 5015 ἐπὶ
1607 4961 1669 5014 τδ

140 5058 343 5120 κρεῖττον
390 5061 675 5132 προκοπῆς
716 5059 826 5113 τῶν
874 5058 1019 5111 λαῶν
1058 5054 1500 5128 προμηθούμενοι
1534 5092 1550 5118 ,
1576 5053 1669 5105 καὶ

138 5146 211 5199 τοῦ
247 5154 312 5223 μὴ
340 5152 518 5207 δοῦναι
550 5154 739 5225 μῶμον
767 5151 889 5206 τινὰ
927 5152 1070 5206 κατὰ
1114 5152 1213 5221 τῆς
1247 5149 1527 5219 ἱερατικῆς
1567 5162 1668 5199 κα-

138 5242 428 5307 ταστάσεως.
464 5245 603 5313 Φῆσὶ
654 5244 763 5311 γὰρ
815 5244 844 5295 ὁ
902 5242 1046 5303 θεῖος
1082 5239 1437 5300 Ἀπόστολος·
1467 5236 1667 5290 Πάντα

139 5328 200 5392 εἷς
226 5329 393 5397 δόξαν
423 5336 571 5389 Θεοῦ
598 5334 838 5398 ποιεῖτε,
880 5335 1257 5402 ἀπρόσκοποι
1289 5331 1528 5403 γίνεσθε
1567 5328 1665 5382 καὶ

149 5418 422 5494 Ἰουδαίοις
444 5430 542 5484 καὶ
561 5430 819 5497 Ἕλλησι
842 5428 941 5484 καὶ
961 5427 1033 5497 τῇ
1051 5427 1383 5495 Ἐκκλησία
1396 5424 1500 5479 τοῦ
1519 5422 1666 5478 Θεοῦ

196 5555 233 5589 ⁷⁸
256 5557 378 5617 Cau.
407 5574 584 5635 apost.
614 5566 677 5619 i7
708 5566 791 5621 t8.

1775 565 2059 620 centesimi
2093 565 2246 627 noui,
2282 572 2507 633 peccato
2561 563 2907 628 servierunt,
2955 572 3009 617 et
3039 580 3146 618 non
3182 566 3250 619 ab
3279 583 3345 619 ro

1770 657 2093 726 resipiscere
2118 656 2437 717 voluerunt,
2491 653 2819 725 depositioni
2846 656 3126 711 canonica:
3165 657 3343 726 subji-

1768 763 1925 813 cere;
1963 762 2057 803 eos
2084 754 2289 813 autem,
2313 748 2406 817 qui
2445 748 2568 802 talis
2601 748 2821 816 quidem
2861 748 3111 815 bigainiae
3146 751 3344 819 probro

1767 851 1832 891 ac
1880 836 2135 890 dedecori
2173 836 2435 905 implicati
2494 836 2645 891 luere
2669 876 2685 902 ,
2722 846 2848 893 ante
2877 851 3125 893 nostrum
3160 850 3340 893 autem

1767 926 2047 980 decretum
2076 927 2127 981 id
2158 928 2302 997 quod
2337 926 2465 981 utile
2493 937 2575 982 est
2600 939 2959 999 agnoverunt,
2988 938 3041 983 et
3072 931 3273 983 malum
3314 947 3343 983 a

1768 1030 1827 1072 se
1857 1017 2228 1084 absciderunt,
2283 1029 2335 1073 et
2389 1018 2529 1073 hanc
2579 1019 2945 1073 adulterinam
3003 1030 3058 1075 et
3110 1020 3341 1075 alienam

1768 1111 2212 1180 congressionem
2260 1112 2445 1181 procul
2479 1111 2812 1181 abegerunt;
2874 1114 2958 1166 vel
3017 1127 3112 1169 eos
3152 1116 3341 1177 etiam,

1767 1217 2005 1272 quorum
2035 1217 2237 1257 uxores
2286 1203 2339 1256 in
2387 1205 2641 1258 secundis
2698 1205 2902 1273 nuptiis
2944 1206 3058 1275 jam
3113 1218 3345 1261 mortua:

1768 1306 1935 1361 sunt;
1966 1295 2055 1349 vel
2087 1294 2190 1365 ipsi
2219 1294 2383 1348 etiam
2411 1295 2477 1349 ad
2513 1298 2922 1351 conversionem
2966 1309 3342 1367 respexerunt,

1767 1399 1821 1444 et
1888 1387 2283 1442 continentiam
2318 1387 2666 1454 didicerunt,
2734 1399 2788 1443 et
2819 1390 3062 1458 priorum
3116 1407 3341 1446 suorum

1771 1480 2119 1549 iniquitatum
2149 1481 2300 1533 obliti
2343 1488 2492 1543 sunt,
2547 1481 2659 1535 sive
2709 1482 2816 1536 sint
2841 1485 3180 1554 presbyteri,
3229 1484 3346 1539 εἰπε

1768 1572 2005 1634 diaconi,
2031 1586 2125 1626 eos
2158 1572 2227 1625 ab
2254 1573 2402 1626 omni
2439 1574 2653 1641 quidem
2682 1575 3004 1629 sacerdotali
3038 1576 3345 1632 ministerio

1768 1661 1879 1733 64
1922 1662 2037 1716 sive
2092 1663 2353 1718 exercitio
2387 1664 2499 1733 jam
2561 1680 2810 1728 cessare,
2850 1667 3116 1735 praeﬁnito
3162 1668 3346 1738 aliquo

1772 1764 2015 1823 tempore
2056 1756 2298 1825 punitos,
2348 1756 2615 1809 honorum
2649 1767 2828 1810 autem
2876 1757 2929 1810 in
2981 1758 3239 1813 cathedra
3290 1768 3346 1813 et

1772 1848 2011 1901 statione
2038 1846 2390 1916 participare,
2416 1847 2591 1917 prima
2624 1847 2752 1901 sede
2777 1858 3095 1913 contentos;
3134 1857 3188 1901 et
3220 1864 3343 1901 cum

1702 1916 1742 1970 Β
1772 1936 1897 1991 ﬂetu
1922 1952 1954 1990 a
1976 1937 2201 1991 domino
2242 1916 2602 2008 postulantes,
2657 1948 2713 1992 ut
2741 1938 2820 1993 eis
2851 1939 3189 1993 condonetur
3220 1955 3347 2008 pec-.-

1771 2038 1952 2084 catum
1974 2030 2315 2101 ignorantiae.
2343 2027 2531 2101 Neque
2563 2029 2708 2083 enim
2732 2030 3014 2093 convenit,
3041 2043 3099 2084 ut
3126 2031 3169 2084 is
3190 2032 3343 2084 alteri

1768 2119 2081 2185 benedicat,
2114 2121 2208 2191 qui
2261 2121 2418 2176 debet
2467 2122 2684 2192 propria
2737 2138 2931 2178 curare
2963 2124 3209 2178 vulnera.
3243 2122 3349 2179 Eos

1772 2225 1925 2274 vero,
1958 2212 2051 2281 qui
2085 2213 2179 2265 uni
2217 2212 2437 2281 quidem
2474 2212 2633 2266 uxori
2662 2213 2898 2282 copulati
2929 2222 3077 2279 sunt,
3106 2214 3150 2269 si
3188 2213 3347 2268 vidua

1772 2311 1911 2366 erat,
1944 2319 2066 2372 qua:
2098 2312 2322 2373 accepta
2349 2313 2435 2358 est
2462 2321 2477 2358 :
2509 2303 2760 2358 similiter
2812 2313 2869 2360 et
2899 2319 2994 2359 eos
3018 2344 3035 2369 ,
3081 2306 3175 2375 qui
3225 2318 3348 2375 post

1773 2394 2172 2449 ordinationem
2204 2394 2297 2448 uni
2352 2397 2703 2449 matrimonio
2751 2410 2810 2450 se
2852 2395 3214 2467 applicarunt,
3247 2398 3349 2451 hoc

1772 2495 1878 2551 est,
1912 2487 2280 2557 presbyteros,
2314 2486 2596 2554 diaconos,
2631 2498 2684 2541 et
2718 2488 3142 2558 hypodiaconos,
3197 2490 3345 2544 brevi

1778 2575 1966 2646 aliquo
2004 2584 2251 2646 tempore
2284 2592 2313 2629 a
2346 2591 2506 2631 sacro
2538 2576 2842 2632 ministerio
2880 2580 3186 2646 prohibitos
3215 2620 3231 2645 ,
3295 2591 3350 2634 rt

1775 2668 2020 2739 punitos,
2048 2684 2243 2725 rursus
2271 2669 2505 2740 pr0priis
2529 2670 2787 2741 gradibus
2811 2671 3047 2734 restitui,
3082 2672 3148 2725 ad
3184 2672 3348 2725 alium

1775 2761 2004 2832 gradum
2039 2777 2382 2832 nequaquam
2414 2762 2833 2832 promovendos,
2868 2763 2948 2819 eis
2972 2764 3179 2818 nelario
3207 2765 3355 2818 vidc-

1775 2853 1901 2908 licet
1939 2852 2206 2909 dissoluto
2236 2853 2515 2925 conjugio.
2556 2852 2681 2908 llaec
2708 2863 2888 2909 autem
2921 2855 2975 2908 in
3016 2856 3098 2909 his
3134 2857 3225 2925 qui
3255 2857 3352 2911 dc-

1776 2944 2030 3015 prehensi
2055 2955 2184 3001 sunt
2200 2962 2373 3017 usque
2396 2946 2461 3001 ad
2489 2947 2756 3003 decimum
2780 2948 3051 3016 quintum,
3072 2960 3130 3002 ut
3149 2949 3353 3002 dictum

1775 3049 1880 3103 est,
1914 3040 2121 3093 mensis
2166 3035 2415 3093 Januarii
2448 3049 2657 3110 quarta
2715 3038 3050 3105 iudictinnis,
3093 3040 3145 3094 in
3204 3042 3355 3110 prius

1775 3127 2066 3186 declaratis
2102 3129 2337 3193 delictis,
2368 3131 2542 3186 solum
2576 3131 2756 3185 valere
2791 3131 3110 3197 statuimus;
3158 3132 3357 3187 abhinc

1777 3218 2096 3275 deﬁnientes
2125 3227 2180 3275 et
2208 3231 2539 3276 renovantes
2561 3237 2825 3276 canonem
2852 3222 2919 3285 ⁷³,
2955 3220 3049 3291 qui
3074 3222 3205 3276 dicit
3230 3238 3353 3277 eum

1781 3311 1874 3381 qui
1910 3312 2125 3368 duobus
2158 3314 2526 3369 matrimoniis
2556 3324 2676 3384 post
2695 3313 3019 3384 baptismum
3049 3314 3356 3384 implicatus

1782 3402 1964 3466 fuerit,
1993 3403 2077 3457 vel
2111 3404 2476 3457 concubinam
2515 3404 2769 3459 habuerit
2793 3445 2808 3470 ,
2872 3418 2979 3457 non
3033 3419 3192 3473 posse
3233 3420 3356 3459 esse

1778 3496 2095 3565 episcopum
2122 3534 2139 3560 ,
2188 3496 2270 3549 vel
2326 3496 2708 3567 presbyterum
2740 3537 2755 3561 ,
2807 3496 2893 3551 vel
2926 3497 3238 3560 diaconum,
3272 3498 3356 3551 vel

1779 3586 2005 3641 omnino
2032 3601 2096 3641 ex
2120 3587 2444 3642 sacerdotali
2470 3587 2738 3657 catalogo.
2765 3588 3027 3641 Similiter
3053 3595 3105 3642 et
3144 3588 3235 3657 qui
3274 3589 3355 3639 vi-

1778 3676 1940 3728 duam
1971 3676 2204 3745 accepit,
2236 3676 2321 3730 vel
2345 3674 2649 3740 dimissam,
2696 3674 2777 3727 vel
2831 3675 3208 3739 meretricem,
3273 3675 3355 3729 vel

1777 3779 2014 3830 servam,
2050 3766 2136 3820 vel
2166 3765 2465 3831 scenicam,
2526 3780 2634 3819 non
2670 3779 2831 3835 posse
2868 3778 2989 3819 esse
3016 3764 3354 3834 episcopum,

1775 3855 1859 3909 vel
1884 3856 2285 3927 presbyterum,
2314 3856 2400 3912 vel
2428 3855 2745 3925 diaconum,
2772 3856 2856 3912 vel
2896 3857 3120 3912 omnino
3168 3874 3232 3913 ex
3267 3872 3356 3913 sa-

1775 3948 2038 4003 cerdotali
2068 3950 2339 4020 catalogo.

1846 4038 1932 4092 12.
1969 4038 2153 4093 Porro
2178 4040 2284 4095 hoc
2310 4039 2359 4072 "
2381 4054 2602 4111 quoque
2625 4039 2689 4094 ad
2715 4047 2959 4093 nostram
2989 4040 3352 4110 cognitionem

1774 4134 2042 4202 pervenit,
2075 4133 2221 4204 quod
2250 4135 2304 4187 in
2337 4132 2523 4187 Africa
2547 4142 2601 4187 et
2622 4131 2791 4203 Libya
2823 4142 2879 4186 et
2911 4131 3032 4185 aliis
3064 4131 3199 4187 locis
3226 4133 3351 4202 qui-

1772 4222 1896 4277 dam
1928 4240 1992 4278 ex
2034 4225 2124 4289 iis,
2161 4224 2255 4296 qui
2307 4224 2419 4280 illic
2451 4233 2603 4287 sunt,
2647 4222 3047 4291 religiosissimi
3092 4223 3354 4292 praesules

1772 4332 1895 4372 cum
1926 4317 2165 4387 propriis
2221 4316 2486 4371 uxoribus
2517 4355 2532 4380 ,
2586 4314 2748 4369 etiam
2798 4322 3085 4382 postquam
3134 4312 3242 4383 65
3285 4313 3351 4365 ad

1770 4426 1866 4465 eos
1891 4410 2162 4479 processit
2189 4409 2482 4472 ordinatio,
2512 4423 2618 4461 una
2651 4405 2894 4460 habitare
2927 4421 3035 4459 non
3066 4415 3341 4473 recusant,

1769 4518 1835 4558 ex
1859 4518 1925 4558 eo
1954 4503 2170 4573 populis
2199 4501 2587 4556 oll'endiculum
2615 4508 2668 4553 et
2688 4498 3008 4553 scandalum
3033 4497 3337 4553 atl'erentes.

1702 3276 1747 3338 C

1703 4630 1745 4685 Β
1773 4594 1910 4650 Cum
1940 4596 2126 4666 itaque
2159 4594 2400 4649 studium
2429 4603 2677 4647 nostrum
2706 4592 2758 4645 in
2792 4606 2857 4645 eo
2885 4606 3213 4661 magnopere
3252 4590 3345 4644 la-

1774 4687 2034 4752 boret,ut
2060 4687 2243 4740 omnia
2278 4685 2344 4739 ad
2383 4684 2561 4756 gregis
2597 4684 2651 4736 in
2682 4697 2877 4737 manus
2906 4690 3123 4737 nostras
3164 4680 3343 4736 traditi

1768 4778 2038 4849 nobisque
2087 4776 2371 4832 commissi
2409 4776 2696 4830 utilitatem
2739 4774 2909 4839 ﬁant,
2959 4774 3116 4828 nobis
3164 4774 3342 4827 visunt

1767 4881 1870 4934 est,
1892 4878 1952 4924 ut
1981 4869 2117 4924 nihil
2148 4868 2419 4939 ejusmodi
2455 4867 2714 4937 deinceps
2744 4867 2854 4921 ullo
2888 4866 3052 4920 modo
3085 4865 3195 4921 ﬁat.
3230 4863 3344 4919 lloe

1767 4974 1949 5018 autem
1980 4962 2218 5019 dicimus
2244 5003 2258 5027 ,
2300 4978 2407 5015 non
2460 4961 2524 5016 ad
2571 4976 2635 5015 ea
2666 4960 2927 5014 abolenda
2967 4971 3023 5013 et
3052 4960 3342 5013 evertenda

1768 5072 1892 5125 qua:
1925 5054 2220 5124 apostolice
2243 5061 2401 5107 antea
2440 5055 2742 5107 constituta
2784 5060 2912 5107 sunt
2944 5051 3011 5116 ⁷⁸,
3046 5051 3141 5106 sed
3172 5066 3345 5120 popu-

1770 5144 1944 5197 lorum
1997 5142 2190 5198 salutis
2243 5150 2297 5196 et
2339 5142 2405 5195 ad
2443 5143 2668 5197 meliora
2723 5139 3121 5211 progressionis
3155 5155 3341 5193 curam

1768 5243 2038 5307 gerentes,
2074 5246 2128 5287 et
2149 5248 2217 5286 ne
2240 5241 2418 5287 status
2444 5234 2846 5287 ecclesiasticus
2878 5231 2970 5285 illo
2996 5232 3195 5300 probro
3225 5230 3342 5284 alli-

1766 5324 1962 5376 ciatur.
2011 5321 2152 5376 Dicit
2199 5321 2342 5376 enim
2398 5322 2616 5378 divinus
2670 5322 3004 5392 Apostolus:
3043 5320 3232 5375 Omnia
3272 5320 3342 5373 ad

1769 5414 1867 5469 Dei
1891 5414 2115 5485 gloriam
2137 5414 2294 5484 facile
2318 5429 2337 5468 :
2359 5416 2473 5469 sine
2493 5414 2809 5484 offendicula
2832 5424 3016 5485 estote,
3039 5424 3086 5469 et
3111 5413 3145 5469 .1
3153 5413 3342 5476 ιιάιινὶε,

894 5566 941 5599 ⁷⁸
970 5563 1169 5620 Conler
1197 5577 1323 5617 can.
1350 5568 1524 5631 apost.
1564 5558 1618 5614 9.
1688 5558 1732 5590 ⁷⁸
1763 5556 1899 5614 Can.
1934 5567 2113 5629 apost.
2139 5560 2193 5616 5.

1578 5666 1810 5725 NOT/E.

144 5794 262 5838 anno
308 5785 421 5857 ςρΘ⁹
453 5790 589 5845 6109
616 5806 737 5846 sane
765 5791 1204 5861 Constantinop.,
1225 5790 1317 5846 sed
1354 5787 1516 5864 ςριιθ⁹
1548 5787 1670 5844 619ξ

1770 5786 1782 5841 l
1813 5793 1893 5841 est
1919 5781 2126 5839 Christi
2160 5781 2284 5849 691,
2315 5782 2585 5838 celebrata
2619 5782 2733 5838 fuit.
2787 5783 2909 5840 Mai.
