3994 6432
153 391 246 456 517

909 391 1310 450 SYNTAGMA
1349 384 1734 448 CANONUM.
1761 408 1831 418 --
1862 383 2008 442 TlT.
2038 383 2087 457 Ι,
2112 383 2272 444 CAP.
2300 381 2519 442 XXIV.

3293 381 3398 447 518

154 504 342 562 στολος,
377 501 545 553 οἱονεὶ
592 501 790 553 κανόνα
829 499 1000 563 τιθεὶς
1045 503 1158 562 τοῖς
1226 497 1491 565 Ἐφεσίων
1533 512 1706 564 πρεσ-

1816 494 1938 548 dam
1973 493 2140 548 veluti
2197 507 2462 546 canonem
2495 491 2860 560 Ephesiorum
2920 491 3253 563 presbyteris
3287 510 3390 548 lltl‘

153 594 407 662 ὕυτέροις,
472 574 678 659 μᾶλλον
724 588 781 642 δὲ
833 589 928 642 καὶ
987 589 1154 643 παντὶ
1199 586 1458 658 ίερατικῷ
1497 585 1719 656 πληρώ-

154 704 268 755 ματι
295 726 310 748 ,
354 682 534 745 οὕτως
578 682 994 753 ὲπαρῤησιὰσθη
1036 679 1204 734 εἰπών
1231 697 1244 712 ·
1316 679 1622 748 Ἀργυρίου
1678 677 1716 744 ἢ

151 777 389 846 χρυσίου
419 776 459 843 ἢ
489 773 807 843 ίματισμοῦ
832 772 1079 838 οὐδενὸς
1101 772 1448 840 ἐπεθύμησα
1474 785 1488 800 ο
1523 769 1719 822 πάντα

149 865 416 928 ὑπέδειξα
441 864 606 933 ὑμῖν,
641 863 730 917 ὅτι
754 863 941 930 οὕτως
968 861 1325 926 κοπιῶντας,
1356 858 1717 927 ἀντιλαμϐά-

149 965 337 1014 νεσθαι
383 957 480 1010 δεῖ
502 956 619 1009 τῶν
650 957 1097 1019 ἀσθενούντων,
1119 952 1413 1024 μακάριον
1466 951 1719 1021 ἡγούμε-

151 1069 236 1106 νοι
258 1051 331 1112 ,τὸ
359 1049 614 1102 διδόναι.
631 1047 728 1101 Διὸ
751 1048 847 1100 καί
873 1045 1039 1115 ἡμεῖς
1073 1043 1550 1114 μαθητευθέντες
1578 1042 1715 1109 παρ’

148 1138 335 1201 αὑτοῦ,
367 1135 641 1204 ὁρίζομεν
657 1136 937 1204 μηδόλως
979 1132 1426 1202 αἰσχροκερδῶς
1458 1131 1709 1185 ἐπινοεῖ-

148 1235 269 1285 σθαι
302 1230 665 1293 ἐπίσκοπον,
690 1225 1207 1296 προφασιζόμενον
1263 1225 1594 1295 προφάσεις
1645 1225 1714 1277 ἐν

148 1322 456 1392 ἁμαρτίαις,
489 1319 766 1375 ἀπαιτεῖν
811 1321 1044 1388 χρυσὸν
1068 1318 1106 1386 ἢ
1140 1316 1401 1387 ἄργυρον
1431 1316 1469 1385 ἢ
1511 1317 1716 1382 ἕτερον

147 1412 312 1479 εἶδος,
339 1412 483 1476 τοὺς
513 1411 616 1466 ὑπ’
650 1410 837 1465 αὐτὸν
864 1411 1194 1474 τελοῦντας
1243 1410 1639 1474 ἐπισκόπους,
1669 1408 1708 1475 ἢ

149 1501 475 1572 κληρικοὺς,
505 1502 544 1568 ἢ
573 1501 903 1569 μοναχούς.
938 1500 1074 1568 Φησὶ
1116 1500 1222 1569 γὰρ
1258 1499 1286 1550 ὁ
1343 1497 1663 1559 Ἀπόστολος
1695 1511 1709 1526 ⁶

151 1595 351 1647 Ἀδικοι
379 1593 716 1657 ,βασιλείαν
756 1591 904 1645 Θεοῦ
928 1593 998 1645 οὺ
1017 1589 1580 1658 κληρονομήσουσι’
1613 1588 1712 1641 καὶ

147 1689 246 1740 οὐκ
276 1686 501 1754 ὀφείλει
525 1685 599 1738 τὰ
633 1685 814 1738 τέκνα
847 1684 972 1748 τοῖς
1022 1682 1269 1752 γονεῦσι
1301 1681 1697 1748 θησαυρίζειν,

148 1775 269 1829 ἀλλ’
307 1773 586 1843 οίτονεῖς
638 1773 762 1838 τοῖς
790 1774 1044 1839 τέκνοις.
1078 1773 1143 1824 Εἴ
1166 1790 1248 1834 τις
1273 1766 1365 1825 οὖν
1427 1771 1493 1824 δι’
1536 1773 1706 1825 ἀπαί-

1824 603 2055 656 ponens,
2087 587 2170 640 vel
2199 586 2463 639 universae
2485 588 2666 655 potius
2689 584 3020 640 sacerdotali
3049 586 3397 640 multitudini

1821 679 1901 735 sic
1931 680 2100 734 libere
2133 679 2271 732 dixit
2301 695 2312 729 :
2347 681 2636 748 Argentum
2655 679 2731 732 vel
2751 694 2941 730 aurum
2966 677 3045 740 uel
3069 689 3252 731 vestem
3281 679 3400 731 uul-

1821 773 1925 826 lius
1951 773 2242 841 concupiui,
2278 773 2457 825 omnia
2494 771 2632 825 vobis
2660 772 2884 831 ostendi,
2917 771 3053 840 quod
3086 781 3288 839 oportet
3321 773 3397 824 sic

1819 864 2119 917 laborantes
2155 864 2393 931 inﬁrmos
2434 867 2696 933 suscipere
2721 904 2735 928 ,
2775 864 2903 916 dare
2966 862 3173 917 beatum
3212 866 3399 917 existi-
3459 933 3463 936 Λ

1819 975 1970 1011 mans
1998 958 2087 1012 ⁸⁰⁶.
2127 958 2396 1024 Quocirca
2415 959 2482 1012 ab
2509 975 2572 1012 eo
2593 958 2765 1013 cdocti
2785 959 3096 1023 statuimus,
3128 975 3194 1012 ne
3225 962 3396 1028 turpis

1819 1050 1957 1104 lucri
1994 1051 2170 1120 gratia
2206 1051 2468 1120 episcopo
2499 1051 2552 1104 in
2606 1062 2838 1106 mentem
2881 1055 3084 1116 veniat,
3134 1054 3393 1121 quarrenti

1817 1141 2203 1202 excusationes
2235 1143 2289 1196 in
2328 1144 2590 1213 peccatis,
2625 1161 2816 1198 aurum
2853 1146 2934 1198 vel
2966 1155 3272 1215 argentum,
3312 1145 3394 1198 vel

1818 1232 1984 1286 ullam
2013 1233 2175 1286 aliam
2216 1235 2453 1302 speciem
2479 1235 2547 1288 ab
2579 1236 2644 1289 iis
2671 1236 2761 1304 qui
2798 1236 2896 1290 sibi
2921 1235 3154 1290 subsunt
3177 1239 3392 1304 episco-

1821 1322 1930 1392 pis,
1965 1323 2049 1376 vel
2084 1323 2322 1387 clericis,
2348 1324 2440 1387 ,vel
2489 1325 2771 1378 monachis
2805 1325 3040 1388 exigere.
3078 1323 3217 1376 Dicit
3246 1326 3393 1378 enim

1814 1414 2147 1484 Apostolus:
2180 1413 2382 1483 Iujusti
2415 1431 2626 1484 regnum
2659 1415 2752 1468 Dei
2782 1431 2879 1468 non
2932 1414 3267 1484 possidebunt
3297 1416 3338 1445 ⁸⁸
3376 1433 3391 1468 :

1815 1520 1919 1559 nec
1969 1504 2169 1559 debent
2223 1505 2376 1558 liberi
2431 1505 2749 1574 parentibus
2809 1506 3124 1558 thesaurum
3177 1519 3390 1574 parare,

1813 1597 1910 1653 sed
1952 1607 2209 1667 parentes
2242 1596 2449 1650 liberis.
2485 1595 2540 1650 Si
2563 1597 2684 1666 quis
2709 1611 2838 1666 ergo
2875 1612 2970 1666 per
3001 1597 3116 1649 auri
3150 1596 3390 1650 exactio-

1815 1704 1940 1743 nem
1979 1688 2064 1742 vel
2104 1687 2343 1756 alicujus
2393 1688 2618 1742 alterius
2649 1687 2879 1756 speciei,
2916 1687 2998 1741 vel
3038 1698 3258 1756 pmpter
3290 1686 3393 1740 ali-

1813 1793 1977 1848 quam
2022 1778 2298 1847 propriam
2357 1777 2701 1832 affectionem
2760 1793 2791 1830 a
2849 1778 3156 1832 ministerio
3205 1791 3392 1830 arcere

149 1885 286 1939 τησιν
316 1867 523 1938 χρυσοῦ
552 1868 586 1937 ἢ
621 1866 809 1936 ἐτέρου
854 1865 996 1929 τινὸς
1045 1865 1240 1928 εἴδους,
1275 1865 1384 1917 εἴτε
1448 1863 1539 1917 διά
1590 1881 1710 1916 τινα

1824 1870 2082 1926 inventus
2131 1869 2314 1932 fuerit,
2366 1870 2445 1924 vel
2479 1885 2765 1940 segregare
2814 1884 3037 1924 suorum
3067 1868 3390 1924 clericorum

153 1959 484 2023 ίδιοπάθειαν,
518 1956 767 2026 εὑρεθείη
793 1955 1074 2025 ἀπείργων
1101 1955 1202 2024 τῆς
1227 1953 1590 2024 λειτουργίας,
1616 1956 1712 2008 καὶ

151 2049 398 2120 ἀφορίζων
427 2051 558 2103 τινὰ
613 2050 720 2102 τῶν
757 2049 849 2101 ὑπ’
877 2049 1040 2101 αὐτὸν
1099 2046 1396 2117 κληρικῶν,
1431 2046 1463 2117 ἢ
1518 2047 1712 2100 σεπτὸν

153 2144 260 2198 ναὸν
293 2143 508 2209 κλείων,
539 2143 616 2206 ὡς
649 2142 724 2213 μὴ
762 2141 1010 2210 γίνεσθαι.
1048 2143 1105 2193 ὲν
1135 2139 1286 2212 αὑτῷ
1317 2141 1416 2204 τὰς
1449 2141 1541 2194 τοῦ
1576 2139 1711 2193 Θεοῦ

153 2236 493 2306 λειτουργίας,
531 2236 612 2298 είς
646 2234 950 2303 ἀναίσθητα
983 2233 1081 2301 τὴν
1117 2232 1314 2285 ἑαυτοῦ
1362 2233 1562 2302 μανίαν
1590 2235 1709 2285 ὲπι-

156 2327 384 2397 πέμπων,
420 2326 748 2397 ἀναίσθητος
786 2324 954 2387 ὄντως
1001 2324 1141 2390 ἐστὶ,
1173 2325 1268 2376 καὶ
1314 2327 1382 2394 τῇ
1435 2341 1710 2377 ταυτοπα-

158 2417 261 2488 θείᾳ
312 2417 687 2482 ὑποκείσεται,
725 2416 823 2472 καὶ
873 2414 1193 2486 ἐπιστρέψει
1248 2417 1276 2468 ὸ
1330 2415 1490 2478 πόνος
1546 2413 1712 2467 αὐτοῦ

161 2509 239 2560 ἐπὶ
263 2508 353 2580 τὴν
378 2507 624 2578 κεφαλὴν
657 2505 844 2572 αὐτοῦ,
885 2506 962 2571 ὡς
1000 2504 1321 2577 παραϐἀτου
1363 2504 1463 2574 τῆς
1497 2504 1713 2574 ἐντολῆς

159 2599 274 2652 Θεοῦ
311 2600 400 2652 καὶ
426 2599 539 2652 τῶν
569 2598 945 2653 ἀποστολικῶν
975 2595 1294 2663 διατάξεων.
1333 2597 1712 2668 Παραγγέλλει

161 2693 251 2764 γὰρ
278 2693 367 2745 καὶ
397 2693 605 2764 Πέτρος
628 2694 661 2763 ἡ
689 2693 964 2763 κορυφαία
983 2691 1092 2745 τῶν
1114 2690 1427 2744 ἀποστόλων
1451 2691 1710 2758 ἀκρότης,

162 2785 478 2853 Ποιμαίνετε
516 2785 587 2837 τὸ
621 2784 690 2837 ἐν
733 2783 879 2852 ὑμῖν
921 2784 1202 2852 ποίμνιον
1244 2781 1351 2835 τοῦ
1385 2779 1552 2846 Θεοῦ,
1586 2781 1712 2832 ἐπι-

165 2877 510 2942 σκοποῦντες
533 2875 622 2945 μὴ
643 2875 1059 2945 ἀναγκαστῶς,
1093 2873 1232 2927 ἀλλ’
1252 2873 1545 2938 ἑκουσίως
1563 2869 1713 2925 κατὰ

167 2968 323 3020 Θεόν-
366 2967 450 3038 μὴ
496 2964 966 3037 αἰσχροκερδῶς,
1019 2963 1177 3017 ἀλλὰ
1213 2964 1527 3031 προθύμως
1559 2978 1574 2993 ο
1623 2967 1710 3031 μὴ

165 3060 231 3126 ὠς
258 3062 785 3130 κατακυριεύοντες
807 3058 926 3112 τῶν
961 3057 1224 3125 κλήρων,
1260 3056 1398 3108 ἀλλ’
1429 3055 1508 3120 ὡς
1537 3054 1712 3108 τύποι

166 3153 432 3218 γινόμενοι
471 3150 584 3205 τοῦ
633 3149 912 3218 ποιμνίου
940 3165 953 3178 ·
988 3145 1088 3198 καὶ
1125 3140 1570 3213 φανερωθέντος
1606 3139 1712 3194 τοῦ

167 3238 581 3308 ἀρχιποίμενος,
645 3237 942 3308 κομιεῖσθε
992 3237 1098 3290 τὸν
1154 3239 1557 3304 ἀμαράντινον
1601 3233 1709 3302 τῆς
1738 3233 1780 3290 C

168 3329 324 3398 δόξης
341 3333 667 3401 στέφανον.

169 3445 277 3499 Ὀτι
337 3450 386 3500 οἱ
465 3445 856 3512 ὀνειδίζοντες
890 3447 1030 3512 τοὺς
1089 3445 1450 3514 κληρικοὺς,
1499 3442 1595 3495 διὰ
1645 3441 1712 3514 τὸ

227 3517 473 3639 τετέχθαι
504 3519 579 3569 ἐν
618 3518 948 3584 Ἐκκλησία
965 3516 1144 3585 χωρὶς
1163 3513 1418 3579 δύσεων,
1443 3513 1714 3582 ἐπιτιμίῳ

226 3602 297 3638 υπ
334 3605 574 3639 xei-rma.

223 3683 260 3728 ε’
292 3678 552 3749 Ἀμαρτία
583 3677 720 3748 πρὸς
754 3677 984 3730 θάνατον
1023 3676 1192 3740 ἐστὶν,
1215 3677 1343 3730 ὅταν
1369 3675 1512 3736 τινὲς
1536 3676 1713 3744 ἀμαρ-

171 3769 407 3833 τάνοντες,
437 3769 764 3840 ἀδιόρίίωτοι
799 3769 1045 3838 μείνωσι.
1079 3767 1152 3821 Τὸ
1189 3768 1244 3820 δὲ
1269 3767 1462 3820 τούτου
1508 3769 1708 3838 χεῖρον,

173 3859 250 3929 ὲᾷν
265 3865 347 3912 καὶ
365 3861 764 3932 τραχηλιῶντες
795 3860 1280 3924 κατεξανίστανται
1305 3859 1405 3927 τῆς
1432 3858 1713 3922 εὐσεϐείας

172 3953 248 4001 καὶ
285 3953 372 4022 τῆς
413 3954 696 4022 ἀληθείας,
731 3951 1142 4022 προτιμώμενοι
1191 3951 1283 4003 τὸν
1322 3952 1586 4020 μαμωνᾶν
1615 3952 1712 4019 τῆς

172 4040 245 4093 τοῦ
276 4042 397 4096 Θεοῦ
444 4044 716 4114 ὑπακοῆς,
748 4045 845 4096 καὶ
897 4043 1006 4094 τῶν
1045 4042 1345 4094 κανονικῶν
1381 4040 1545 4095 αὐτοῦ
1597 4041 1712 4094 δια-

173 4134 343 4200 τάξεων
369 4138 440 4208 μὴ
490 4138 865 4206 ἀντεχόμενοι.
914 4135 1002 4188 Ἐν
1046 4135 1257 4196 τούτοις
1303 4134 1404 4187 οὐκ
1454 4133 1570 4186 ἔστι
1602 4134 1711 4185 Κύ-

177 4229 333 4291 ριοςὸ
389 4227 539 4292 Θεὸς,
592 4231 642 4280 εί
703 4228 869 4300 μήπω
931 4227 1378 4291 ταπεινωθέντες,
1434 4227 1527 4280 τοῦ
1579 4226 1708 4280 ἰδίου

178 4314 450 4384 scalpam;
509 4315 872 4386 ἀνανήψουτι.
928 4315 1052 4385 Χρὴ
1101 4316 1210 4386 γὰρ
1261 4313 1463 4383 μᾶλλον
1515 4313 1711 4376 αὐτοὺς

175 4407 526 4475 προσέρχεσθαι
577 4407 657 4476 τῷ
705 4406 844 4476 Θεῷ,
899 4409 992 4458 καὶ
1048 4409 1184 4476 μετὰ
1244 4406 1710 4475 συντετριμμένης

176 4496 385 4564 καρδίας,
415 4501 510 4570 τὴν
534 4501 730 4568 ἄφεσιν
756 4499 948 4551 τούτου
969 4498 1062 4550 τοῦ
1087 4498 1482 4568 ἁμαρτήματος
1498 4500 1590 4550 καὶ
1610 4497 1709 4567 τὴν

1815 1965 2078 2033 aliquem,
2121 1964 2208 2018 vel
2243 1967 2613 2018 venerandum
2641 1963 2899 2032 templum
2931 1963 3204 2026 claudere,
3235 1980 3302 2017 ne
3337 1963 3389 2014 in

1813 2069 1878 2112 eo
1928 2057 2109 2110 divina
2140 2057 2270 2110 llant
2301 2055 2628 2116 ministeria,
2651 2055 2716 2108 ad
2745 2055 2794 2108 id
2821 2055 2965 2124 quod
2997 2069 3103 2108 non
3123 2063 3205 2108 est
3227 2069 3389 2108 sensu

1815 2147 2098 2217 praeditum
2127 2161 2282 2201 suam
2317 2145 2584 2200 insaniam
2613 2145 2932 2211 immittens,
2951 2155 3033 2200 est
3060 2159 3246 2198 revera
3273 2143 3392 2196 sine

1816 2255 2003 2303 sensu,
2036 2249 2089 2293 et
2127 2237 2342 2293 talionis
2366 2238 2469 2292 erit
2494 2237 2596 2306 legi
2625 2237 2916 2302 obnoxius,
2952 2245 3008 2292 et
3043 2237 3194 2290 labor
3218 2236 3390 2304 ipsius

1815 2332 1869 2385 in
1905 2338 2069 2396 caput
2104 2329 2224 2398 ejus
2255 2328 2494 2394 redibit,
2539 2337 2598 2381 ut
2645 2329 2739 2398 qui
2791 2330 2870 2384 sit.
2897 2329 3133 2382 mandati
3187 2327 3278 2381 Dei
3337 2336 3392 2381 et

1815 2417 2236 2484 apostolicarum
2276 2416 2630 2470 traditionum
2683 2426 3075 2487 transgressor.
3128 2417 3392 2486 Praecepit

1819 2509 1964 2562 enim
1997 2518 2050 2563 et
2091 2508 2282 2564 Petrus
2329 2525 2584 2579 suprema
2624 2511 2995 2580 apostolorum
3048 2511 3337 2564 summitas
3372 2527 3387 2564 :

1814 2600 2031 2656 Pascite
2079 2619 2285 2672 gregem
2316 2603 2554 2668 Domini,
2586 2606 2944 2674 episcopatum
2986 2613 3248 2674 gerentes,
3287 2620 3389 2657 non

1813 2711 1904 2764 per
1932 2695 2055 2758 vim,
2097 2697 2188 2750 sed
2221 2707 2404 2766 sponte
2433 2715 2494 2752 ac
2532 2697 2845 2762 voluntarie,
2875 2699 3160 2752 secundum
3194 2698 3389 2752 Deum'

1816 2802 1976 2856 neque
2007 2788 2176 2856 turpis
2215 2786 2354 2840 lucri
2377 2789 2575 2857 gratia,
2613 2789 2703 2842 sed
2742 2800 2978 2858 prompte
3009 2799 3056 2842 et
3088 2790 3338 2843 alacriter
3369 2803 3390 2844 :

1815 2894 1906 2931 nec
1937 2889 1992 2931 ut
2017 2879 2130 2948 68
2159 2879 2490 2932 dominatum
2512 2881 2566 2933 in
2589 2881 2784 2934 clerum
2811 2881 3122 2946 obtinentes,
3154 2883 3242 2936 sed
3271 2898 3390 2951 gre-

1815 2969 1892 3037 gis
1927 2969 2252 3036 exemplaria
2284 2971 2588 3023 exsistentes
2618 2987 2638 3035 ;
2693 2981 2743 3024 et
2795 2988 2914 3025 cum
2945 2989 3180 3025 summus
3211 2983 3392 3042 pastor

1816 3063 2140 3130 apparuerit,
2174 3079 2291 3132 gate
2311 3077 2403 3115 nec
2439 3066 2705 3132 corrumpi
2733 3081 2826 3119 nec
2855 3079 3174 3118 marcescere
3196 3073 3391 3134 potest,

1816 3153 1998 3224 gloria:
2026 3167 2274 3211 coronam
2298 3159 2532 3228 referetis
2556 3159 2623 3212 ⁸³.

1820 3421 1888 3476 Ut
1921 3424 1957 3475 ii
1983 3424 2071 3492 qui
2100 3423 2314 3476 clericos
2340 3423 2541 3489 injuria
2572 3422 2803 3492 afﬁciunt
2826 3423 2964 3492 quod
2987 3423 3098 3476 sine
3147 3423 3267 3476 auri
3297 3423 3395 3474 da-

1881 3497 2019 3546 tioue
2043 3495 2254 3562 fuerunt
2307 3494 2361 3545 in
2395 3494 2628 3546 Ecclesia
2676 3495 2948 3546 constituti
3001 3510 3164 3561 ptenae
3205 3494 3392 3562 subja--

1887 3574 2060 3617 εεαιιι.

1887 3655 1940 3708 5.
1971 3654 2068 3707 Est
2097 3665 2382 3721 peccatum
2421 3650 2491 3706 ad
2537 3661 2795 3726 mortem,
2849 3652 3069 3722 quando
3103 3661 3393 3722 peccantes
3442 3695 3444 3697 -

1818 3747 1990 3816 aliqui
2018 3757 2241 3801 manent
2261 3746 2684 3815 ineorrigibiles.
2709 3745 2823 3800 lloc
2843 3757 3022 3800 autem
3039 3747 3390 3810 estdcterius,

1813 3841 2034 3910 quando
2067 3848 2120 3893 et
2156 3849 2334 3894 erecta
2369 3840 2579 3895 cervice
2609 3841 2873 3896 adversus
2903 3841 3158 3910 pietatem
3198 3851 3252 3894 et
3301 3857 3392 3895 ve-

1812 3933 2028 3987 ritatem
2067 3933 2392 4002 insurgunt,
2427 3947 2738 3986 mammona
2768 3932 2863 3986 Dei
2895 3933 3216 3987 obedientim
3249 3948 3388 4002 prae-

1813 4025 2074 4090 ferentes,
2111 4035 2165 4079 et
2212 4025 2332 4094 ejus
2385 4026 2684 4080 canonicas
2718 4027 3138 4081 constitutiones
3173 4043 3278 4080 non
3309 4027 3389 4080 fe-

1812 4127 2013 4173 rentes.
2052 4114 2107 4170 ln
2160 4117 2228 4171 iis
2281 4131 2411 4187 ergo
2459 4133 2568 4172 non
2610 4128 2696 4172 est
2739 4118 3006 4173 Dominus
3046 4119 3226 4182 Deus,
3281 4120 3388 4173 nisi

1812 4208 1953 4264 forte
1981 4209 2272 4262 humilitati
2306 4225 2332 4261 a
2366 4225 2468 4264 suo
2521 4210 2717 4264 delicto
2764 4210 3111 4278 resipuerint.
3160 4207 3389 4278 Oportet

1811 4302 1957 4356 enim
1999 4317 2064 4356 eo
2102 4302 2276 4372 magis
2305 4300 2420 4354 Deo
2443 4301 2775 4370 supplicare,
2814 4313 2867 4355 et
2901 4317 3024 4355 cum
3055 4303 3218 4356 corde
3254 4317 3387 4356 cou-

1811 4395 1942 4449 trito
1970 4394 2134 4464 hujus
2162 4395 2375 4465 peccati
2419 4394 2806 4449 remissionem
2842 4402 2897 4448 et
2928 4394 3383 4448 condonationem

1813 4500 2026 4558 petere,
2083 4499 2138 4543 et
2197 4503 2305 4542 non
2362 4487 2428 4542 de
2467 4487 2654 4540 illicita
2685 4486 2979 4540 donatione
3019 4501 3077 4540 se
3129 4485 3377 4555 jactare:

178 4586 481 4660 συγχώρησιν
505 4591 798 4653 αἰτεῖσθαι,
823 4589 944 4658 οὐχὶ
966 4587 1364 4659 ἀναϐρύνεσθαι
1392 4593 1457 4660 τῇ
1483 4590 1706 4659 ἁθέσμῳ

1816 4579 1951 4632 Deus
1980 4580 2118 4632 enim
2155 4593 2313 4647 prope
2341 4586 2420 4630 est
2469 4577 2535 4628 iis
2565 4577 2656 4646 qui
2700 4585 2820 4628 sunt
2865 4577 3094 4628 contrito
3125 4576 3280 4628 corde
3313 4574 3380 4628 ⁸³.

175 4674 310 4732 δόσει.
349 4681 533 4749 Ἐγγὺς
562 4683 674 4753 γὰρ
707 4681 911 4755 Κύριος
938 4683 1046 4744 τοῖς
1098 4681 1577 4752 συντετριμμένοις
1608 4681 1705 4752 τὴν

178 4771 388 4838 καρδίαν.
420 4775 553 4837 Τοὺς
584 4773 678 4827 οὖν
716 4775 1180 4844 ὲγκαυχωμένους
1212 4773 1300 4827 διὰ
1342 4773 1539 4836 δόσεως
1573 4791 1704 4843 χρυ-

180 4858 272 4910 σίου
318 4865 567 4933 τετάχθαι
629 4865 687 4916 ὲν
741 4864 1076 4934 Ἐκκλησία,
1142 4864 1238 4916 καὶ
1282 4863 1454 4934 ταύτῃ
1494 4866 1558 4934 τῇ
1609 4881 1704 4916 που

179 4951 292 5020 νηρᾷ
331 4955 579 5026 συνηθείᾳ
620 4954 1014 5018 ὲπελπίζοντας
1069 4956 1135 5024 τῇ
1186 4954 1540 5024 ἀλλοτριούσῃ
1595 4953 1703 5006 ἀπὸ

180 5037 285 5092 Θεοῦ
328 5046 414 5098 καὶ
449 5048 626 5116 πάσης
677 5045 997 5117 ἱερωσύνης,
1031 5047 1126 5098 καὶ
1181 5046 1245 5098 ὲκ
1274 5045 1464 5097 τούτου
1496 5045 1704 5099 ἀναιδεῖ

183 5133 414 5202 προσώπρ
443 5140 534 5188 καὶ
564 5137 995 5206 ἀπερικαλὺπτῳ
1030 5135 1279 5204 στὸματι,
1323 5136 1704 5199 ὀπιειδιστικοίς

181 5217 323 5285 λόγοις
348 5227 464 5290 τοὺς
494 5227 559 5280 δι’
587 5227 788 5299 ἀρετῆς
813 5227 928 5297 βίου
960 5227 1065 5280 ὑπὸ
1082 5228 1172 5278 τοῦ
1200 5227 1356 5294 ἁγίου
1394 5226 1706 5296 Πνεύματος

181 5310 478 5382 ὲκλεγέντας,
538 5320 632 5372 καὶ
679 5317 1089 5385 καταταγέντας
1136 5319 1292 5380 ἐκτὸς
1344 5319 1540 5378 δόσεως
1584 5335 1709 5387 χρυ·

184 5401 274 5455 σίου
302 5407 663 5479 ἀτιμάζοντας,
695 5411 888 5482 πρῶτα
926 5410 1024 5480 μὲν
1062 5410 1218 5463 τοῦτο
1277 5412 1586 5472 ποιοῦντας,
1617 5411 1706 5475 τὸν

183 5489 370 5560 ἔσχατον
397 5502 594 5572 βαθμὸν
632 5501 932 5570 λαμϐάνειν
978 5501 1073 5554 τοῦ
1130 5501 1332 5554 οἰκείου
1388 5503 1703 5570 τάγματος’

186 5586 222 5635 εί
266 5588 314 5640 δὲ
353 5594 666 5665 ἐπιμένοιεν,
694 5596 760 5648 δι’
811 5594 1086 5664 ἐπιτιμίου
1133 5595 1500 5667 διορθοῦσθαι.
1535 5596 1594 5648 Εἰ
1643 5594 1702 5649 δέ

183 5687 247 5736 τις
274 5677 353 5732 ἐπὶ
381 5690 675 5758 χειροτονίᾳ
712 5689 854 5757 φανῇ
903 5686 1061 5744 τοῦτό
1087 5704 1216 5740 ποτε
1249 5685 1586 5759 πεποιηκὼῖν
1618 5705 1702 5756 Υί’

241 5788 299 5821 ⁷³⁸
330 5795 440 5854 Act.
477 5819 562 5866 xx,
603 5805 672 5857 55
705 5819 854 5874 seqq.
966 5805 1008 5837 "‘
1054 5804 1071 5857 l
1104 5804 1232 5860 Cor.
1270 5821 1343 5868 vi,
1385 5804 1438 5859 9.

1551 5805 1598 5835 ⁷⁸
1634 5803 1653 5856 l
1685 5804 1826 5861 Pctr.
1871 5821 1924 5870 γ,
1970 5804 2090 5858 2-4.

1813 4670 1920 4725 Eos
1955 4685 2104 4739 ergo,
2133 4671 2222 4738 qui
2248 4684 2343 4738 per
2366 4669 2485 4721 auri
2516 4668 2790 4721 dationem
2819 4682 2879 4722 se
2911 4666 3083 4722 fuisse
3117 4669 3167 4720 in
3195 4666 3382 4722 Eccle-

1811 4762 1888 4815 sia
1918 4761 2250 4814 conslitutos
2281 4759 2604 4829 gloriantur,
2626 4769 2678 4812 et
2716 4759 2769 4812 in
2792 4773 2855 4813 ea
2880 4759 3121 4828 improba
3148 4775 3384 4812 consue-

1811 4855 1995 4909 tudine
2024 4868 2172 4921 spem
2206 4853 2426 4914 habent,
2463 4867 2586 4920 qua:
2612 4868 2641 4906 a
2669 4851 2778 4906 Deo
2811 4861 2864 4906 et
2901 4853 2970 4905 ab
3005 4853 3153 4906 onmi
3199 4863 3382 4906 sacer-

1807 4941 1957 4994 dutio
1987 4941 2226 5006 alienat;
2281 4948 2336 4994 et
2391 4941 2511 4994 ideo
2545 4941 2860 5010 impudente
2913 4942 3106 5006 vultu,
3168 4951 3222 4996 et
3286 4959 3379 4996 oro

1805 5045 2022 5102 aperto,
2052 5032 2340 5103 probrosis
2379 5042 2434 5086 et
2469 5034 2884 5089 contumeliosis
2923 5034 3102 5088 verbis
3138 5048 3252 5099 eos,
3285 5035 3377 5101 qui

1802 5136 2028 5195 propter
2058 5134 2238 5181 actam
2271 5141 2336 5181 ex
2391 5125 2594 5182 virtute
2649 5128 2814 5182 vitam
2853 5143 2881 5181 a
2934 5134 3124 5182 sancto
3171 5128 3377 5196 Spiritu

1803 5219 1990 5272 selecti
2025 5219 2375 5289 ordinatique
2399 5227 2525 5273 sunt
2555 5230 2751 5286 praeter
2774 5219 2892 5272 auri
2923 5217 3219 5280 dalionem,
3253 5218 3377 5270 vili-

1802 5313 2046 5384 pendunt
2076 5327 2142 5367 ac
2161 5313 2476 5383 negligant;
2513 5311 2748 5381 primum
2777 5310 2993 5380 quidem
3025 5324 3118 5364 eos
3149 5309 3240 5378 qui
3271 5309 3377 5363 hoc

1805 5405 2014 5460 faciunt
2043 5403 2298 5458 ultimum
2344 5401 2552 5471 proprii
2593 5401 2804 5456 ordinis
2838 5398 3064 5468 gradum
3109 5411 3328 5452 sumere
3359 5413 3372 5450 :

1806 5501 1888 5556 sin
1922 5507 2102 5554 autem
2135 5496 2644 5568 perseveraverint,
2698 5493 2902 5547 inﬂicta
2948 5506 3162 5562 quoque
3215 5506 3376 5561 pmna

1808 5592 2010 5662 corrigi
2046 5592 2410 5648 decernimus.
2465 5587 2520 5642 Si
2553 5588 2676 5658 quis
2711 5596 2893 5642 autem
2927 5587 2979 5640 in
3034 5586 3378 5641 ordinatione

1809 5689 1912 5743 hoc
1943 5685 2274 5756 quandoque
2330 5681 2526 5736 fecisse
2574 5680 2723 5734 visus
2762 5677 2964 5742 fuerit,
3019 5678 3110 5732 liat
3158 5685 3218 5730 ut
3265 5681 3378 5732 vult

2167 5803 2214 5834 ⁷⁸
2246 5799 2389 5855 Psal.
2420 5811 2576 5858 xxnt,
2613 5795 2697 5851 l9.
