3908 6296
602 297 707 363 519

1742 299 2007 360 ΡΗΟΤΙΙ
2054 300 2175 361 PA']

2280 298 2560 362 TARCH/E
2594 300 2701 362 ΕΡ.
3731 304 3815 371 520

604 427 784 467 canon
824 411 1185 483 apostolicus,
1224 411 1321 483 qui
1346 412 1479 467 dicit
1516 430 1530 467 :
1577 410 1632 466 Si
1662 413 1788 482 quis
1820 411 1869 446 “
1897 414 2175 483 episcopus

2291 414 2466 468 νέσθω
2497 415 2638 468 κατὰ
2670 413 2763 467 τὸν
2813 414 3171 470 ἀποστολικδν
3215 416 3415 470 κανόνα
3452 417 3541 470 τὸν
3588 417 3818 488 λέγοντα·

604 520 702 574 per
737 507 1003 575 pecunias
1033 506 1176 561 hanc
1231 507 1305 560 sit
1363 506 1684 575 dignitatem
1724 516 2043 571 assecutus,
2099 506 2187 562 vel

600 599 910 670 presbyter,
938 599 1024 654 vel
1056 600 1346 664 diaconus,
1394 599 1701 667 deponatur
1743 608 1801 653 et
1855 598 1973 669 ipse
2003 607 2057 654 et
2089 600 2185 673 qui

599 692 899 759 ordinavit,
940 700 996 747 et
1031 694 1388 748 exscindatur
1421 694 1650 747 omnino
1690 709 1719 746 a
1767 696 2185 761 communione,

600 792 661 837 ut
688 783 801 854 69
836 783 1026 839 Simon
1061 784 1259 855 Magos
1298 800 1329 838 a
1364 800 1449 839 me
1478 784 1659 839 Petro.
1696 784 1760 839 Et
1788 787 2064 842 secundus
2092 800 2186 840 ca-

601 892 706 930 non
732 887 1049 932 sanctorum
1070 875 1410 946 Patrum,qui
1425 876 1770 932 Chalcedone
1786 886 2183 937 convenerunt.

597 970 694 1037 qui
730 968 866 1023 dicit
895 989 908 1022 :
940 969 997 1023 Si
1029 969 1155 1038 quis
1181 969 1225 1000 ⁷⁸
1264 971 1559 1039 episcopus
1595 971 1847 1039 pecuniis
1878 970 2185 1024 ordinatio-

598 1072 725 1111 nem
754 1057 967 1121 fecerit,
1009 1067 1062 1111 ct
1096 1074 1202 1111 non
1235 1059 1480 1112 venalem
1514 1061 1742 1129 gratiam
1775 1060 1827 1113 in
1849 1061 2179 1130 emptionem

597 1148 907 1212 deduxerit,
964 1158 1021 1202 et
1059 1151 1309 1218 pecuniis
1342 1151 1685 1206 ordinaverit
1716 1154 2059 1223 episcopum,
2099 1152 2183 1209 vel

595 1241 1083 1309 clmrcpiscopum,
1121 1242 1207 1295 vel
1260 1243 1662 1313 presbyterum,
1721 1245 1809 1299 vel
1862 1246 2179 1311 diaconum,

595 1330 680 1382 vel
709 1329 947 1395 aliquem
981 1345 1169 1384 eorum
1203 1332 1297 1400 qui
1332 1332 1385 1385 in
1435 1333 1583 1387 clero
1613 1344 2012 1389 enumerantur
2037 1374 2052 1401 ,
2097 1334 2181 1389 vel

597 1418 846 1487 pecuniis
872 1422 1207 1489 promoverit
1246 1437 1596 1477 (economum
1621 1463 1637 1487 ,
1690 1425 1776 1478 vel
1811 1426 2179 1490 defensorem,

597 1512 679 1564 vel
702 1513 1170 1580 paramonarium,
1207 1517 1291 1569 vel
1327 1517 1554 1570 omnino
1579 1516 1819 1586 aliquem
1866 1533 1932 1572 ex
1973 1532 2181 1573 canone

597 1603 774 1672 turpis
814 1603 950 1656 lucri
984 1607 1157 1673 gratia
1192 1624 1206 1659 :
1241 1606 1335 1675 qui
1366 1607 1469 1662 hoe
1499 1622 1794 1678 aggressus
1832 1623 1954 1662 esse
1984 1608 2178 1662 eonvi-

595 1704 717 1747 ctus
769 1693 956 1760 fuerit,
1015 1697 1221 1766 proprii
1254 1698 1455 1767 gradus
1506 1700 1556 1752 id
1591 1700 1756 1753 faciat
1805 1699 2091 1769 periculo:
2124 1709 2179 1754 et

594 1786 689 1856 qui
726 1787 1047 1851 ordinatur,
1098 1804 1163 1844 ex
1213 1804 1275 1844 ea
1309 1791 1657 1847 ordinatione
1690 1792 1776 1847 vel
1808 1793 2175 1861 promotione,

594 1868 719 1946 quas
750 1882 930 1947 pretio
968 1879 1095 1933 dato
1123 1879 1297 1934 instar
1332 1891 1657 1937 mercaturas
1691 1881 1835 1937 facta
1881 1890 2000 1946 est,
2040 1881 2176 1935 nihil

593 1968 814 2039 juvetur
842 1985 858 2024 :
891 1970 986 2025 sed
1020 1972 1093 2026 sit
1121 1972 1338 2027 alienus
1376 1990 1407 2027 a
1446 1974 1746 2043 dignitate,
1790 1973 1875 2027 vel
1926 1987 2173 2038 munere,

595 2078 694 2118 seu
721 2064 1008 2118 curatione
1036 2104 1053 2129 ,
1091 2079 1257 2133 quam
1293 2066 1546 2133 pecuniis
1598 2075 1885 2120 assecutus
1942 2076 2046 2120 est.
2117 2063 2175 2119 Si

594 2156 723 2227 quis
753 2166 939 2210 autem
989 2157 1155 2211 rebus
1201 2156 1339 2210 adeo
1376 2156 1625 2225 turpibus
1653 2166 1708 2211 et
1756 2156 1928 2223 lucris,
1971 2155 2175 2210 illicitis

596 2250 929 2305 intercessor
962 2265 1059 2305 seu
1100 2262 1382 2319 sequester
1429 2250 1770 2319 apparuerit,
1801 2248 1891 2303 bie
1931 2263 2173 2317 quoque,

599 2341 648 2396 si
702 2342 773 2395 sit
808 2341 1030 2410 quidem
1061 2342 1298 2396 clericus
1323 2382 1338 2407 ,
1399 2356 1429 2394 a
1467 2340 1686 2411 proprio
1718 2340 1888 2408 gradu
1920 2339 2171 2406 excidat;

595 2431 682 2487 sin
714 2440 898 2486 autem
930 2430 1130 2497 laicus,
1156 2432 1244 2487 vel
1277 2431 1607 2497 monachus,
1638 2437 1976 2501 aegr-egetur.

598 2707 667 2763 Ut
700 2710 815 2764 sine
840 2708 1142 2763 muneribus
1176 2708 1308 2778 ﬁant
1352 2710 1730 2764 monachorum
1756 2723 1823 2763 ac
1864 2708 2174 2762 monialium

1182 2803 1590 2857 nominationes.

665 2893 757 2948 l9.
799 2890 975 2946 Tanta
1022 2892 1382 2947 exsecrabilis
1442 2892 1685 2947 avaritiae
1722 2891 1871 2946 labes
1902 2889 2174 2946 Ecclesia-

604 3001 726 3040 rum
747 2983 1035 3054 pratfectos
1059 2982 1285 3047 invasit,
1327 2992 1386 3037 ut
1431 2984 1679 3038 nonnulli
1712 2998 1901 3038 eorum
1928 2982 2171 3036 virorum

596 3091 664 3133 ac
695 3064 1011 3141 mulierum,
1040 3076 1131 3144 qui
1165 3076 1235 3144 pii
1268 3090 1333 3130 ac
1372 3075 1618 3145 religiosi
1643 3075 1924 3140 dicuntur,
1958 3075 2170 3129 Domini

2290 507 2365 562 ΕΖ
2390 523 2480 574 τις
2509 506 2844 569 ἐπίσκοπος
2875 506 2975 562 διὰ
3019 508 3343 579 χρημάτων
3389 506 3498 578 τῆς
3523 509 3685 578 ἀξίας
3707 515 3818 570 τού.

2285 614 2395 664 της
2407 596 2701 667 ἐγκρατὴς
2718 602 2981 667 γένηται,
3004 601 3042 668 ἢ
3065 600 3487 668 πρεσϐύτερος,
3503 600 3539 667 ἦ
3557 601 3820 668 διάκονος,

2285 691 2677 756 καθαιρείσθω
2709 695 2808 743 καὶ
2832 691 3016 757 αὐτὸς
3046 691 3143 744 καί
3187 692 3221 744 ό
3273 691 3714 759 χειροτονήσας,
3740 696 3823 747 καί

2286 783 2802 839 ἐκκοπτέσθωσαν
2859 787 3209 840 παντάπασι
3264 785 3361 839 καὶ
3413 789 3717 851 κοινιυνάς
3757 788 3822 851 ὠς

2285 876 2483 945 Σίμων
2497 879 2530 930 ό
2537 877 2733 948 μάγος
2750 877 2851 931 ὑπ’
2870 875 3017 947 ἐμοῦ
3036 878 3286 947 Πέτρου.
3316 876 3586 941 Ὡσαύτως
3606 876 3827 931 καὶκατὰ

2284 968 2374 1021 τὸν
2402 964 2653 1040 δεύτερον
2685 967 2885 1022 κανόνα
2924 967 3034 1021 τῶν
3086 970 3144 1021 ὲν
3176 968 3479 1039 Χαλκηδόνι
3516 968 3674 1020 ὁσίων
3728 968 3824 1019 Πα-

2283 1059 2457 1130 τέρων
2491 1060 2648 1131 ἡμῶν
2699 1058 2791 1113 τὸν
2843 1057 3070 1126 λέγοντα
3100 1075 3115 1090 ο
3149 1060 3221 1111 Εἰ
3252 1076 3344 1124 τις
3390 1059 3713 1122 ἐπίσκοπος
3743 1058 3827 1109 ἐπὶ

2283 1151 2547 1219 χρήμασι
2579 1154 2956 1221 χειροτονίαν
3004 1151 3343 1216 ποιήσοιτο,
3375 1149 3473 1203 καί
3507 1148 3594 1215 εἰς
3630 1146 3829 1216 πράσιιε

2282 1243 2603 1315 καταγάγοι
2632 1244 2745 1313 τὴν
2774 1246 3047 1315 ἄπρατον
3080 1243 3278 1313 χάριν,
3310 1242 3409 1296 καί
3446 1240 3829 1311 χειροτονήσοι

2280 1335 2376 1388 ἐπὶ
2426 1335 2733 1405 χρήμασιν
2793 1337 3133 1391 ἐπίσκοπον
3195 1336 3235 1405 ἢ
3305 1334 3752 1403 χωρεπίσκοπον
3798 1331 3830 1399 ἢ

2280 1426 2686 1495 πρεσϐύτερον
2714 1468 2730 1494 ,
2772 1427 2811 1496 ἢ
2858 1427 3144 1482 διάκονον
3186 1426 3225 1496 ἢ
3292 1441 3426 1480 τινα
3485 1423 3605 1477 τῶν
3649 1424 3716 1476 ἑν
3763 1422 3830 1486 τῷ

2282 1517 2483 1585 κλήρῳ
2516 1519 3094 1589 καταριθμουμένων,
3120 1520 3157 1587 ἢ
3198 1520 3559 1585 προϐάλοιτο
3591 1515 3683 1568 ἑπί
3710 1515 3833 1583 χρὴ·

2273 1625 2467 1678 μασιν
2498 1612 2819 1681 οἰκονόμον
2860 1613 2898 1680 ἢ
2940 1611 3183 1665 ἔκδικον
3233 1610 3268 1679 ἣ
3312 1607 3765 1677 παραμονάριον,
3799 1608 3829 1675 ἦ

2284 1701 2441 1768 ὅλως
2469 1703 2600 1758 τινὰ
2632 1704 2738 1758 τοῦ
2791 1706 3065 1768 κανόνος,
3116 1704 3191 1756 δι’
3241 1699 3729 1771 αἰσχροκέρδειαν
3766 1700 3832 1753 οἰ-

2212 1770 2252 1827 “
2284 1795 2475 1849 κείαν.
2524 1794 2588 1847 '0
2618 1795 2795 1849 τοῦτο
2846 1794 3237 1865 ἐπιχειρήσας
3282 1770 3609 1863 ἐλεγχθεὶς,
3649 1790 3829 1844 κινδυ-

2282 1882 2504 1937 νευέτω
2534 1886 2619 1951 εἰς
2659 1884 2768 1938 τὸν
2798 1883 2955 1938 ἴδιον
2993 1885 3256 1954 βαθμὸν,
3287 1883 3384 1936 καί
3421 1885 3453 1936 ό
3484 1881 3832 1951 χειροτονού-

2277 1988 2461 2042 μενος
2497 1972 2697 2042 μηδὲν
2739 1973 2808 2026 ἐκ
2856 1974 2964 2039 τῆς
2996 1976 3124 2028 κατ’
3172 1973 3465 2042 ἐμπορίαν
3513 1971 3831 2041 ὠφελεῖσθαι

2284 2066 2656 2137 χειροτονίας
2707 2066 2745 2134 ἢ
2796 2066 3129 2136 προβολῆς,
3163 2066 3299 2120 ἀλλ’
3327 2066 3485 2118 ἔστω
3542 2064 3831 2131 ἀλλότριος

2282 2154 2393 2223 τῆς
2422 2156 2597 2222 ἀξίας
2628 2156 2665 2223 ἢ
2692 2157 2796 2211 τοῦ
2836 2160 3298 2228 φροντίσματος,
3341 2151 3535 2221 ιῦπερ
3565 2157 3662 2208 ἐπὶ
3711 2155 3830 2223 nnis

2275 2260 2469 2313 μασιν
2508 2246 2744 2314 ἔτυχεν.
2765 2248 2831 2300 Εἰ
2868 2248 2935 2301 δέ
2981 2264 3071 2314 τις
3102 2250 3196 2300 καδ
3246 2245 3588 2315 μεσιτεύων
3642 2244 3829 2313 φανείη

2281 2334 2405 2401 τοῖς
2427 2336 2616 2403 οὕτως
2653 2337 2929 2406 αἰσχροῖς
2962 2338 3063 2391 καί
3104 2338 3407 2406 ἀθεμίτοις
3438 2334 3728 2405 λήμμασι,
3751 2334 3831 2387 καί

2279 2423 2458 2493 οὗτος
2485 2430 2539 2481 εἰ
2564 2429 2682 2498 μὲν
2711 2430 3001 2498 κληρικὸς
3040 2430 3156 2495 εἰη,
3185 2429 3256 2481 ἐκ
3290 2426 3398 2481 τοῦ
3438 2429 3662 2481 οἰκείου
3690 2426 3831 2478 sui.

2280 2518 2471 2573 πτέτω
2522 2521 2763 2592 βαθμοῦ
2792 2538 2807 2554 ο
2835 2525 2887 2577 ει
2945 2522 3015 2576 δὲ
3057 2520 3275 2589 λαῖκὸς
3319 2521 3357 2590 ἢ
3393 2519 3831 2591 por-01694560;

2276 2607 2541 2677 ριζὲσθω.
3492 2678 3505 2681 _

2280 2702 2420 2769 Περί
2451 2702 2558 2756 τοῦ
2581 2703 2755 2771 ἐκτὸς
2777 2704 3007 2760 δόσεων
3036 2706 3143 2773 τὰς
3171 2704 3513 2776 καταταγὰς
3559 2704 3676 2759 τῶν
3702 2708 3831 2774 lepa-

2350 2792 2530 2846 τικῶν
2548 2796 2832 2866 μοναχῶν
2856 2815 2916 2851 τε
2947 2799 3043 2851 καί
3060 2797 3442 2868 μοναστριῶν
3497 2798 3774 2868 τίνεσθαι.

2354 2881 2439 2936 ιϐ’.
2455 2883 2718 2937 Τοσοῦτον
2735 2885 3080 2956 κατενεμήθη
3105 2886 3203 2955 τῆς
3221 2885 3592 2957 φιλαργυρίας
3618 2884 3675 2936 τὸ
3692 2883 3833 2953 μῦσος

2280 2974 2361 3037 εἰς
2386 2976 2513 3039 τοὺς
2568 2977 2840 3049 ἡγήτορας
2873 2979 2983 3031 τῶν
3031 2977 3392 3050 Ἐκκλησιῶν,
3420 2978 3571 3031 ὥστε
3623 2976 3711 3029 καί
3762 2993 3831 3027 τι·

2282 3081 2377 3127 νας
2421 3064 2531 3119 τῶν
2583 3065 2891 3137 λεγομένων
2950 3067 3197 3120 εύλαϐὦν
3249 3066 3463 3138 ἀνδρῶν
3515 3083 3577 3119 τε
3622 3065 3713 3118 καὶ
3750 3082 3831 3131 γυο

602 3166 1009 3221 tnandatiobliti
1035 3132 1314 3231 fallantur,
1336 3173 1390 3219 et
1430 3132 1524 3220 eos
1549 3167 1641 3235 qui
1685 3166 1751 3219 ad
1784 3164 2175 3219 sacerdotalem

2281 3157 2485 3210 ναικῶν
2514 3196 2529 3223 ,
2600 3158 3028 3229 ἐπιλαθομένους
3076 3158 3185 3212 τῶν
3240 3158 3476 3212 ἐντολῶν
3510 3157 3607 3211 τοῦ
3656 3157 3832 3228 Κυρίου

595 3259 847 3313 ordinem
898 3268 951 3312 et
986 3260 1155 3310 vitam
1205 3257 1565 3311 monasticam
1602 3258 1763 3312 acced
1782 3265 1899 3320 unt,
1930 3256 2178 3326 pecuniis

598 3353 889 3406 admittan'
919 3366 932 3400 :
964 3359 1019 3403 et
1072 3364 1310 3418 quorum
1368 3350 1660 3419 reprobum
1718 3358 1803 3403 est
1828 3348 2176 3418 principium,

597 3442 916 3496 universum
979 3455 1201 3510 quoque
1262 3441 1620 3510 rejiciendum
1677 3440 1929 3503 ellicitur,
1991 3448 2051 3493 ut
2099 3439 2179 3494 ait

598 3552 830 3607 magnus
854 3534 1125 3588 Basilius:
1165 3548 1264 3587 nec
1293 3534 1437 3587 enim
1472 3532 1583 3586 Deo
1618 3533 1742 3586 licet
1772 3541 1826 3585 et
1851 3545 2178 3587 mammonae

594 3630 801 3685 servire
828 3628 893 3681 ⁸⁸.
946 3628 1002 3681 Si
1034 3641 1158 3694 quis
1186 3640 1317 3695 ergo
1365 3625 1614 3680 inventus
1658 3626 1820 3679 fuerit
1851 3627 1951 3679 hoc
1972 3622 2175 3692 facere,

593 3723 688 3794 qui
716 3724 820 3775 hoc
864 3722 1012 3786 facit,
1054 3735 1100 3773 St
1145 3720 1217 3773 sit
1274 3719 1493 3787 quidem
1528 3720 1838 3789 episcopus,
1865 3721 1945 3775 vel
1988 3735 2177 3775 mona-

596 3813 749 3866 sterii
780 3812 1091 3881 praefectus,
1127 3813 1209 3863 vel
1242 3825 1308 3863 ex
1342 3811 1676 3864 sacerdotali
1704 3810 1920 3875 ordine,
1948 3812 2027 3865 vel
2051 3826 2174 3867 ces-

596 3916 702 3971 set,
756 3906 838 3959 vel
895 3905 1199 3974 deponatur
1232 3914 1290 3957 ut
1322 3904 1438 3957 vult
1485 3918 1661 3958 canon
1713 3903 2176 3960 Chalcedonensis

596 3996 814 4068 synodi.
846 3993 942 4048 Sin
982 4004 1161 4047 autem
1187 3992 1501 4047 monasterii
1535 3994 2020 4063 pra-fectus,70a
2055 4007 2174 4047 mo-

606 4089 853 4142 nasterio
876 4090 1225 4153 extrudatur,
1255 4094 1308 4139 et
1339 4085 1431 4139 alii
1463 4086 1796 4139 monasterio
1829 4087 2073 4139 tradatur
2105 4084 2174 4138 ad

596 4183 1019 4252 subjectionem.
1063 4178 1326 4233 Similiter
1376 4187 1429 4232 et
1493 4176 1811 4232 monasterii
1861 4174 2172 4246 praefectus,

596 4280 690 4349 qui
714 4276 1040 4349 presbyterii
1089 4274 1490 4328 ordinationem
1549 4270 1732 4326 habet.
1774 4270 1847 4324 De
1898 4270 1965 4323 iis
1990 4277 2172 4323 autem

595 4386 721 4440 qua:
765 4371 963 4423 dantur
1009 4367 1194 4420 liberis
1238 4380 1268 4418 a
1298 4364 1618 4434 parentibus
1646 4362 1822 4416 instar
1875 4362 2056 4414 dotis:
2088 4363 2170 4415 vel

602 4464 765 4516 rebus
790 4464 904 4516 suis
928 4459 1167 4529 propriis
1188 4457 1409 4519 oblatis,
1465 4454 1845 4525 profitentibus
1874 4454 1935 4506 iis
1965 4453 2056 4521 qui
2107 4467 2168 4506 ea
2202 4478 2246 4533 ι)

595 4554 853 4617 oll‘erunt,
888 4568 1010 4606 esse
1076 4553 1184 4606 Deo
1234 4560 1575 4611 consecrata,
1615 4546 1905 4600 statuimus
1951 4553 2009 4597 ιιι
2054 4545 2167 4598 sive

596 4653 814 4709 exeant,
847 4659 910 4698 ea
940 4644 993 4697 in
1027 4643 1360 4698 monasterio
1383 4648 1655 4701 maneant,
1683 4646 1743 4692 ut
1786 4637 1887 4691 fuit
1923 4636 2169 4707 ipsorum

596 4735 899 4809 professio;
929 4738 1032 4792 nisi
1061 4737 1105 4792 is
1143 4737 1235 4808 qui
1259 4743 1452 4805 pt‘Ieest
1478 4733 1535 4785 in
1551 4731 1706 4801 culpa
1739 4730 1923 4785 fuerit.

594 5003 787 5059 Basilii
832 5020 896 5058 ea:
963 5003 1204 5073 Epistola
1244 5002 1313 5055 ad
1382 5001 1797 5069 cliorepiscopos.
1848 4997 2003 5065 Quod
2063 5013 2170 5051 non

889 5108 1126 5165 oporteat
1157 5099 1322 5166 pretio
1354 5112 1541 5149 manus
1582 5095 1868 5163 imponere.

668 5188 765 5245 Rei
798 5193 1100 5261 turpitudo,
1138 5189 1205 5244 de
1247 5205 1354 5259 qua
1395 5189 1598 5254 scribo,
1642 5188 1744 5241 hoc
1777 5186 1896 5254 ipso
1924 5180 2069 5252 quod
2116 5179 2172 5234 itt

595 5279 967 5349 suSpirionem
1016 5281 1247 5334 omnino
1292 5282 1438 5334 venit
1480 5293 1544 5332 ac
1594 5290 1926 5337 sermonem,
1986 5270 2174 5325 dolore

594 5374 837 5425 animum
882 5387 1062 5425 meum
1116 5370 1392 5440 implevit:
1450 5369 1715 5424 hactenus
1759 5378 1893 5419 sane
1940 5362 2057 5415 visa
2092 5368 2177 5415 est

597 5462 729 5516 milii
756 5461 1111 5517 incredibilis.
1144 5460 1300 5527 Quod
1330 5476 1462 5531 ergo
1483 5460 1549 5513 de
1582 5458 1671 5512 illa
1701 5454 1908 5518 scribo,
1937 5453 2029 5521 qui
2066 5450 2168 5505 sibi

596 5551 710 5620 ipse
744 5550 999 5604 conscius
1028 5558 1134 5615 est,
1179 5548 1412 5617 accipiat
1436 5557 1492 5601 ut
1537 5543 1839 5608 medelam;
1866 5539 1959 5609 qui
1983 5548 2164 5593 autem

664 5734 711 5765 ”
739 5732 873 5788 Can.
939 5731 1026 5786 50.
1092 5730 1137 5761 ⁸⁵
1181 5728 1314 5783 Can.
1346 5728 1398 5779 Εἰ.

2278 3247 2707 3320 ἐξαπατηθῆναι,
2741 3252 2836 3303 καὶ
2885 3250 2972 3305 διὰ
3011 3250 3235 3322 χρυσίου
3292 3251 3391 3314 τὰς
3437 3250 3692 3320 εἰσδοχὰς
3744 3249 3834 3300 τῶν

2278 3340 2734 3411 προσερχομένων
2766 3340 2846 3411 τῷ
2876 3358 2934 3394 τε
2970 3341 3231 3412 ἰερατικῷ
3258 3340 3504 3410 τάγματι
3533 3339 3630 3393 καὶ
3657 3337 3728 3409 τῷ
3751 3355 3831 3410 μοι

2278 3435 2434 3503 νήρει
2488 3433 2587 3503 βίῳ
2641 3434 2912 3486 ποιεῖσθαι
2936 3449 2951 3464 ο
2987 3432 3319 3501 καὶγίνεται
3365 3426 3441 3485 ὧν
3479 3432 3514 3502 ἡ
3556 3431 3696 3502 ἀρχὴ
3735 3430 3836 3483 ἀδό-

2278 3537 2439 3591 κιμος
2484 3521 2579 3574 καὶ
2630 3521 2690 3575 τὸ
2745 3523 2853 3575 πᾶν
2903 3522 3231 3592 ἀπόϐλητον,
3270 3521 3345 3584 ὥς
3390 3539 3565 3591 φησιν
3612 3524 3640 3573 ό
3690 3521 3835 3591 μέγας

2277 3613 2578 3677 Βασίλειος.
2631 3614 2767 3668 Οὐδὲ
2812 3614 2922 3689 γὰρ
2971 3614 3090 3684 Θεῷ
3145 3615 3232 3668 διὰ
3292 3616 3541 3684 μαμωνᾶ
3593 3614 3834 3666 δουλεύειν

2278 3704 2506 3769 ἔξεστιν.
2533 3706 2603 3760 Εἴ
2625 3723 2708 3769 τις
2736 3705 2830 3760 οὖν
2884 3705 3082 3778 εὑρεθῇ
3107 3706 3264 3759 τοῦτο
3302 3705 3503 3766 ποιῶν,
3527 3706 3579 3758 εἰ
3613 3704 3707 3775 μὲν
3734 3703 3834 3755 ἐπί-

2278 3814 2481 3860 σκοπος
2505 3798 2538 3868 ἢ
2570 3798 2872 3869 ἡγούμενος
2893 3800 2929 3869 ἡ
2960 3816 3043 3863 τις
3061 3797 3157 3850 τοῦ
3184 3797 3468 3869 ἱερατικοῦ
3506 3798 3775 3866 τυγχάνει,
3803 3793 3829 3863 ἢ

2276 3889 2578 3943 παυσάσθω
2595 3890 2628 3957 ἢ
2650 3892 3019 3961 καθαιρείσθω
3051 3906 3065 3921 ⁸
3094 3891 3235 3944 κατὰ
3264 3892 3355 3943 τὸν
3382 3890 3643 3960 δεύτερον
3665 3888 3833 3942 κανόνα

2276 3979 2378 4047 τῆς
2415 3980 2472 4031 ὲν
2503 3979 2807 4049 Χαλκηδόνι
2843 3981 3006 4048 ἁγίας
3047 3980 3286 4036 συνόδου.
3315 3981 3379 4033 Εἰ
3406 3980 3469 4034 δὲ
3537 3980 3830 4050 ἡγούμενος,

2275 4071 2633 4141 ὲκδιωχθήτω
2660 4074 2726 4127 ὲκ
2751 4073 2843 4126 τοῦ
2870 4091 3109 4144 μοναστη
3120 4074 3257 4144 ρίου,
3282 4075 3376 4127 καὶ
3404 4092 3486 4128 πα
3498 4074 3761 4144 ραδοθήτω
3785 4073 3831 4123 ἐν

2275 4161 2447 4231 ἑτέρῳ
2500 4164 2848 4235 μοναστηρίῳ
2898 4165 3036 4235 πρὸς
3080 4165 3385 4237 ύποταγήν.
3449 4167 3724 4229 Ὡσαύτως
3756 4167 3833 4218 καὶ

2274 4252 2576 4322 ἡγούμενος
2626 4254 2700 4325 μὴ
2759 4254 2898 4326 ἔχων
2956 4257 3295 4327 χειροτονίαν
3332 4258 3831 4330 πρεσϐυτέρου,ὲῇ

2272 4343 2330 4397 δὲ
2355 4345 2467 4397 τῶν
2497 4344 2650 4415 παρὰ
2682 4348 2879 4413 γονέων
2911 4347 3203 4418 διδομένων
3232 4349 3389 4419 δίκην
3426 4351 3718 4422 προικῴων
3739 4352 3832 4410 τοῖς

2273 4436 2503 4499 τέκνοις,
2530 4437 2563 4506 ἢ
2586 4437 2899 4508 ἰδιοκτήτων
2923 4439 3103 4494 αὐτῶν
3133 4441 3479 4510 πραγμάτων
3508 4440 3832 4512 προσαγομέ-

2275 4544 2401 4594 νων,
2462 4528 2867 4597 ὁμολογούντων
2914 4529 3021 4583 τῶν
3057 4533 3447 4600 προσαγόντων
3491 4534 3667 4588 ταῦτα
3717 4528 3833 4585 εἶναι

2274 4618 2629 4688 ἀφιερωμένα
2661 4619 2740 4690 τῷ
2768 4619 2909 4690 Θεῷ,
2935 4620 3191 4691 ὁρίζομεν
3214 4623 3315 4675 κάν
3342 4639 3401 4674 τε
3430 4624 3641 4694 μείναι,
3672 4623 3762 4675 κᾶν
3784 4639 3833 4673 τε

2277 4706 2502 4771 ἐξέλθοι,
2542 4709 2729 4778 μένειν
2760 4711 2899 4763 αύτὰ
2949 4711 3007 4764 ὲν
3042 4710 3133 4781 ιτῷ
3180 4715 3539 4784 μοναστηρίῳ
3588 4715 3722 4769 κατὰ
3753 4713 3833 4783 τὴν

2274 4803 2568 4871 ὑπόσχεσιν
2602 4802 2768 4856 αὑτοῦ
2790 4819 2806 4836 ⁸
2840 4806 2888 4857 εἰ
2940 4805 3015 4876 μὴ
3048 4800 3137 4879 ᾗὴ
3173 4808 3322 4861 αἰτία
3351 4809 3449 4862 τοῦ
3490 4810 3830 4881 προεστῶτος,

2270 4894 2366 4947 τοῦ
2393 4895 2628 4972 ἐξελθεῖν
2656 4897 2819 4949 αὑτὸν
2848 4896 3109 4968 δηλονότι.

2275 4988 2601 5040 Βασιλείου
2626 4987 2693 5040 ἐκ
2750 4986 2860 5055 τῆς
2914 4989 3067 5057 πρὸς
3116 4992 3260 5057 τοὺς
3302 4991 3687 5055 ἐπισκόπους
3728 4989 3834 5042 est.

2346 5077 2579 5146 στολῆς
2601 5078 2757 5132 ὥστε
2792 5080 2879 5149 μὴ
2911 5082 3275 5149 χειροτονεῖν
3302 5083 3401 5136 ἐπὶ
3453 5084 3772 5151 χρήμασιν.

2348 5168 2420 5222 Τὸ
2447 5170 2540 5222 τοῦ
2571 5171 2895 5241 πράγματος
2936 5172 3136 5225 ἄτοπον
3172 5173 3302 5243 περὶ
3330 5167 3389 5226 οὗ
3418 5174 3643 5242 γράφω,
3670 5172 3750 5224 διὰ
3790 5168 3832 5219 τί

2280 5260 2379 5331 μὲν
2426 5262 2564 5326 ὅλως
2610 5263 2941 5334 ὑπωπτεύθη
2990 5266 3084 5318 καὶ
3130 5265 3389 5336 ἐλαλήθη,
3433 5267 3633 5336 ὀδύνης
3685 5262 3833 5332 ὲπλὴ·

2285 5353 2426 5424 ρωσέ
2458 5370 2560 5423 μου
2584 5354 2686 5425 τὴν
2714 5354 2913 5425 ψυχὴν,
2944 5354 3079 5418 τέως
3099 5356 3155 5409 δὲ
3191 5358 3365 5426 ἐφάνη
3391 5375 3484 5427 μοι
3511 5360 3750 5412 ἄπιστον.
3775 5352 3833 5402 Τὸ

2278 5444 2369 5498 οὖν
2400 5446 2533 5517 περὶ
2579 5446 2744 5500 αὐτοῦ
2790 5449 3047 5519 γράμμα,
3072 5448 3102 5500 ὁ
3147 5450 3244 5519 μὲν
3281 5450 3644 5518 συνεγνωκὼς
3679 5443 3834 5513 ἐαυτῷ

2274 5538 2518 5606 δεξάσθω
2548 5539 2624 5603 ὡς
2675 5540 2831 5612 ἴαμα,
2862 5542 2891 5594 ὁ
2921 5540 2977 5595 δὲ
3025 5540 3101 5611 μὴ
3152 5543 3511 5611 συνεγνωκὼς
3547 5544 3623 5605 ὡς
3652 5555 3832 5611 apocu-
