3994 6404
167 376 251 445 521
927 385 1327 448 SYNTAGMA
1356 387 1740 450 CANONUM.
1778 411 1847 423 —
1874 389 2022 449 TIT.
2069 390 2120 462 Ι,
2164 391 2320 451 CAP.
2357 393 2564 455 XXIV.

3255 401 3362 468 522

167 489 447 560 λακτήριον,
478 490 506 544 ὁ
549 489 603 544 δὲ
637 491 927 566 ἀδιάφορος
951 497 1090 568 ὅπερ
1113 499 1420 571 ἀπεύχομαι
1446 501 1530 570 ἐφ’
1565 501 1692 571 ὑμῖν

1801 514 1905 554 non
1933 503 2208 567 conscius,
2247 512 2303 556 ut
2325 502 2792 572 praemunitionem
2819 521 2835 571 ;
2866 503 3181 565 indili‘ercns
3208 527 3358 574 vero.

166 579 422 651 εὑρεθῆναι
449 579 525 642 ὡς
570 580 656 634 διὰ
702 585 1030 654 μαρτυρίαν.
1064 587 1210 641 Τίδὲ
1255 591 1404 642 ἐστιν
1430 589 1460 642 ὃ
1511 590 1692 659 λέγω;

167 670 278 739 φασί
307 669 445 732 τινες
474 686 626 734 τινας
655 672 811 741 ὑμῶν
839 675 987 745 παρά
1029 676 1138 729 τῶν
1198 679 1692 750 χειροτονουμένων

165 759 430 831 λαμϐάνειν
480 765 766 832 χρήματα,
836 767 1174 830 ἐπισκιάζειν
1227 770 1283 823 δὲ
1334 770 1554 840 ὀνόματι
1602 771 1696 824 εύ-

163 853 372 914 σεϐείας.
405 853 572 906 Τοῦτο
594 855 649 907 δὲ
677 857 857 926 χεῖρόν
889 859 1056 915 ἐστιν.
1098 861 1224 914 Ἐὰν
1248 863 1354 930 γάρ
1384 880 1466 924 τις
1494 864 1554 916 τὸ
1597 881 1698 918 κα·-

164 944 242 996 κὺν
260 946 312 996 ὲν
335 947 672 1016 προσχήματι
703 949 795 1002 τοῦ
826 950 1029 1019 ἀγαθοῦ
1064 957 1212 1025 ποιῇ,
1243 956 1586 1019 διπλασίονος
1613 975 1697 1010 τι·

167 1032 351 1102 μωρίας
393 1035 536 1085 ἐστὶν
573 1035 722 1100 ἄξιος
754 1055 769 1069 ·
801 1038 936 1092 διότι
989 1043 1120 1094 αὐτό
1167 1061 1226 1095 τε
1265 1045 1325 1097 τὸ
1360 1046 1461 1098 οὐκ
1497 1045 1699 1114 ἀγαθὸν

164 1122 445 1193 ἐργάζεται,
474 1126 568 1177 καὶ⁵
609 1128 872 1197 κέχρηται
901 1133 981 1194 εἰς
1028 1133 1087 1185 τὸ
1124 1135 1337 1189 τελέσαι
1377 1136 1474 1205 τὴν
1517 1140 1700 1208 ἁμαρ-

162 1216 281 1279 τίαν,
312 1215 382 1277 ὼς
410 1217 476 1269 ἂν
511 1217 654 1272 εῐποι
693 1237 797 1284 τις,
830 1224 909 1294 τῷ
952 1225 1104 1296 καλῷ
1133 1229 1398 1299 συνεργῷ.
1436 1232 1620 1284 Ταῦτα
1650 1233 1698 1286 εἰ

161 1302 310 1364 οὕτως
363 1304 491 1373 ἔχει,
527 1309 619 1360 τοῦ
668 1309 856 1364 λοιποῦ
896 1314 968 1384 μὴ
1007 1316 1260 1383 γινέσθω,
1291 1320 1423 1374 ἀλλὰ
1471 1321 1698 1391 διορθω-

165 1393 289 1463 θήτω
320 1411 334 1424 ·
367 1398 484 1449 ἐπεὶ
525 1400 738 1472 ἀνάγκη
787 1404 966 1472 λέγειν
1006 1409 1138 1478 πρὸς
1173 1410 1264 1462 τὸν
1316 1411 1603 1482 δεχόμενον
1639 1415 1699 1466 τὸ

163 1485 411 1553 ἀργύριον,
440 1488 578 1560 ὅπερ
626 1493 826 1563 appear,
865 1499 1016 1568 παρά
1053 1500 1162 1552 τῶν
1198 1503 1507 1556 ἀποστόλων
1562 1506 1697 1574 πρὸς

161 1579 236 1630 τὸν
268 1579 476 1633 θέλοντα
511 1583 716 1650 δοῦναι,
744 1587 829 1639 ἵνα
874 1589 1190 1660 Πνεῦματος
1225 1595 1380 1661 ἁγίου
1409 1597 1698 1663 μετουσίαν

162 1670 403 1740 ὡνήσηται
422 1689 436 1704 ο
461 1676 532 1728 Τὸ
547 1677 831 1746 ἀργύριόν
853 1694 970 1734 σου
995 1683 1114 1737 σὺν
1141 1685 1240 1738 σοὶ
1265 1690 1350 1752 εὶς
1370 1687 1694 1745 ἀπώλειαν.

164 1763 468 1835 Κουφότερος
497 1770 606 1840 γὰρ
626 1772 654 1822 ὁ
683 1770 750 1824 δι’
779 1774 1036 1844 ἀπειρίαν
1056 1776 1372 1849 ὠνήσασθαι
1395 1780 1637 1852 θέλων,ἢ
1669 1783 1696 1834 ὁ

164 1856 454 1924 πιπράσκων
485 1860 584 1928 τὴν
623 1861 717 1914 τοῦ
748 1865 883 1918 Θεοῦ
913 1867 1121 1937 δωρεάν
1151 1885 1166 1900 ο
1192 1871 1394 1941 πράσις
1419 1872 1526 1944 γὰρ
1569 1874 1690 1941 ὲγέ-

163 1959 291 1996 νετο·
313 1947 398 2000 καὶ
418 1947 446 2000 δ
475 1951 538 2002 σὺ
568 1950 780 2022 δωρεὰν
812 1955 1005 2020 ἔλαϐες
1036 1958 1131 2012 ὲάν
1161 1961 1364 2031 πωλῇς,
1391 1964 1592 2016 ὡσανεὶ
1609 1982 1694 2017 πε-

164 2039 409 2105 πραμένος
441 2040 518 2110 τῷ
546 2043 762 2114 Σατανᾷ
786 2085 801 2110 ,
831 2048 1179 2125 ἀφαιρεθήσῃ
1204 2055 1296 2105 τοῦ
1325 2056 1659 2126 χαρίσματος
1678 2074 1693 2087 ⁸

165 2129 430 2198 καπηλείαν
459 2133 568 2204 γὰρ
601 2137 918 2206 ὲπεισάγεις
947 2143 1058 2204 τοῖς
1085 2147 1471 2212 πνευματικοῖς
1509 2147 1601 2199 καὶ
1629 2148 1693 2217 τῇ

173 2219 436 2294 Ἐκκλησία
465 2265 480 2288 ,
537 2226 670 2280 ἔνθα
717 2231 1130 2302 πεπιστεύμεθα
1174 2235 1334 2305 σῶμα
1395 2239 1490 2291 καὶ
1557 2233 1696 2308 αἷμα

163 2309 367 2378 Χριστοῦ
396 2331 410 2344 ο
439 2319 615 2371 ταῦτα
636 2319 808 2385 οὕτως
841 2323 1085 2391 γίνεσθαι
1113 2326 1173 2378 ού
1214 2329 1343 2398 χρή.
1377 2329 1442 2381 Ὃ
1471 2327 1528 2382 δέ
1577 2331 1693 2382 ἐστι

162 2401 212 2452 τὸ
245 2404 507 2476 τέχνασμα
561 2409 747 2477 λέγωο
839 2412 1122 2483 νομίζουσι
1179 2419 1256 2487 μὴ
1328 2419 1688 2489 ἀμαρτάνειν’

161 2491 225 2562 τῷ
261 2495 324 2566 μὴ
348 2497 460 2566 ἅμα
485 2502 955 2572 προσλαμϐάνειν,
983 2507 1120 2562 ἀλλὰ
1153 2510 1292 2579 μετά
1321 2509 1420 2580 τὴν
1453 2527 1695 2582 χειροτο-

163 2583 259 2636 νίαν
290 2587 576 2658 λαμϐάνειν
610 2607 625 2622 ⁸
656 2594 845 2648 λαϐεῖν
882 2597 938 2649 δέ
989 2599 1136 2652 ἐστιν
1171 2601 1466 2672 ὁτεδήποτε
1497 2602 1554 2655 τὸ
1600 2603 1695 2656 λα-

119 2722 122 2726 ,
165 2673 275 2730 δεῖν.
307 2679 610 2751 Παρακαλῶ
660 2681 753 2738 οὖν
791 2688 997 2759 ταύτην
1029 2691 1128 2762 τήν
1175 2693 1455 2764 πρόσοδον,
1493 2695 1692 2765 μᾶλλον

163 2767 209 2820 δὲ
233 2769 318 2840 τήν
345 2775 708 2846 προσαγωγὴν
730 2778 828 2848 τήν
858 2781 951 2833 ἐπὶ
979 2782 1206 2850 γέενναν
1236 2785 1532 2839 ἀποθέσθαι
1559 2804 1572 2818 ·
1600 2789 1694 2841 καὶ

167 2861 226 2932 μὴ
267 2864 353 2927 τὰς
402 2869 588 2937 χεῖρας
650 2870 980 2939 μολύναντες
1036 2875 1299 2940 τοιούτοις
1373 2877 1690 2949 λήμμασιν,

164 2953 355 3020 ἑαυτοὺς
415 2960 668 3026 ἀναξίους
727 2965 991 3035 ποιήσητε
1056 2967 1150 3020 τοῦ
1213 2970 1478 3024 ἐπιτελεῖν
1560 2971 1693 3040 ἅγια

167 3048 421 3118 μυστήρια,
447 3051 734 3130 Σύγγνωτε
774 3055 829 3108 δέ
867 3072 960 3126 μοι
992 3073 1006 3086 ·
1035 3057 1250 3129 πρῶτον
1311 3059 1411 3130 μὲν
1442 3062 1517 3125 ὡς
1569 3065 1694 3116 ἀπι-

1799 589 1944 658 quod
1967 591 2185 658 quidem
2211 593 2470 660 deprecor
2500 609 2567 648 ne
2594 594 2647 648 in
2677 595 2830 650 vobis
2849 598 3168 667 reperiatur.
3193 609 3251 656 ut
3271 619 3368 673 per

1798 674 2240 732 obtestationem.
2273 679 2413 744 Quid
2444 689 2624 734 autem
2657 690 2761 743 est,
2792 684 2935 752 quod
2964 686 3123 740 dico?
3165 687 3369 744 Dicun-

1804 773 1890 819 tur
1927 768 2168 822 nonnulli
2202 784 2264 822 εχ
2298 770 2452 824 Vobis
2481 771 2550 825 ab
2585 771 2650 827 iis
2691 773 2786 843 qui
2829 775 3173 842 ordinantur,
3199 793 3365 848 pecu-

1799 853 1918 910 nias
1959 855 2243 926 accipere,
2289 859 2450 928 idque
2502 859 2712 928 pictatis
2757 864 2977 920 nomine
3030 866 3365 924 inumbrarc.

1801 941 1914 996 Hoc
1963 952 2144 997 autem
2199 945 2352 1014 pejus
2381 958 2483 1001 est.
2535 948 2743 1002 Etenim
2794 950 2837 1004 si
2871 952 2995 1020 quis
3032 954 3228 1007 malum
3263 956 3368 1011 sub

1799 1029 1979 1097 specie
2007 1030 2133 1084 boni
2157 1032 2388 1101 perﬁcit,
2416 1049 2574 1097 paena
2605 1036 2802 1105 duplici
2831 1039 3026 1108 dignus
3055 1050 3164 1096 est:
3191 1057 3369 1112 quan-

1798 1116 2089 1185 doquidem
2143 1128 2197 1171 et
2225 1119 2366 1188 quod
2417 1136 2524 1174 non
2554 1121 2755 1177 bonum
2786 1134 2892 1190 est,
2925 1125 3076 1192 facit,
3113 1136 3167 1182 et
3198 1130 3367 1183 utitur

1799 1210 1866 1262 ad
1906 1220 2186 1279 peccatum
2239 1213 2685 1270 committendum
2733 1216 2896 1281 bono,
2948 1228 3008 1273 ut
3058 1219 3129 1274 ita
3163 1221 3363 1288 dicam,

1800 1299 2072 1367 adjutore.
2111 1298 2234 1354 Ha:c
2262 1301 2306 1355 si
2340 1303 2411 1356 ita
2442 1318 2500 1357 se
2531 1303 2753 1371 habent,
2787 1307 3045 1378 deinceps
3071 1325 3176 1363 non
3209 1310 3364 1376 ﬁant,

1799 1390 1894 1443 sed
1937 1392 2296 1445 emendentur
2325 1411 2337 1446 :
2390 1393 2657 1463 siquidem
2702 1411 2926 1454 necesse
2954 1410 3035 1454 cst
3065 1401 3245 1456 dicere
3273 1417 3367 1456 ar-

1799 1489 2019 1550 gentum
2051 1483 2356 1550 accipienti,
2390 1486 2536 1554 quod
2565 1486 2633 1540 ab
2660 1489 2924 1556 apostolis
2949 1490 3154 1545 dictum
3180 1501 3263 1548 est
3290 1493 3364 1556 ei,

1799 1577 1890 1644 qui
1927 1577 2057 1631 dare
2085 1578 2318 1643 volebat,
2349 1587 2405 1630 ut
2431 1579 2664 1648 Spiritus
2687 1583 3363 1656 sanctiparticipationem

1799 1678 2035 1722 emeret:
2073 1668 2302 1723 Pecunia
2342 1680 2431 1723 tua
2457 1681 2624 1724 tecum
2661 1674 2729 1726 sit
2757 1675 2811 1727 in
2839 1676 3181 1741 perditionem
3225 1679 3362 1734 ποθ’.

1802 1756 1935 1811 Nam
1971 1759 2143 1813 levius
2173 1759 2440 1829 delinquit
2480 1762 2573 1829 qui
2611 1777 2721 1831 prze
2770 1763 2987 1818 inscitia
3015 1779 3200 1822 emere
3229 1769 3364 1831 vult,

1803 1865 1964 1919 quam
2011 1851 2101 1920 qui
2142 1851 2232 1904 Dei
2281 1853 2481 1906 donum
2523 1855 2726 1909 vendit.
2769 1853 3019 1912 Venditio
3044 1857 3190 1913 enim
3226 1859 3365 1914 facta

1797 1955 1916 2009 est;
1946 1954 2001 1998 et
2038 1944 2180 2013 quod
2213 1953 2268 1998 tu
2321 1947 2488 2014 gratis
2533 1947 2812 2016 accepisti,
2856 1947 2909 2002 id
2939 1949 2986 2005 si
3024 1951 3363 2018 vendideris.

1801 2039 2061 2100 tanquam
2117 2032 2219 2102 71
2281 2031 2495 2087 Satanae
2545 2035 2794 2089 venditus
2847 2039 3017 2105 gratia
3058 2038 3363 2106 privahere.

1798 2121 1936 2175 Nam
1967 2123 2361 2192 cauponariam‘
2385 2125 2688 2182 introducis
2719 2126 2772 2180 in
2809 2142 2896 2182 res
2941 2128 3275 2197 spirituales,
3311 2139 3367 2184 et

1797 2216 1850 2270 in
1885 2216 2059 2285 ipsam
2090 2215 2412 2284 Ecclesiam,
2455 2219 2546 2273 ubi
2578 2234 2775 2289 corpus
2809 2229 2864 2275 et
2889 2221 3129 2292 ﬁsanguis
3161 2220 3362 2278 Christi

1799 2308 2112 2363 concredita
2163 2310 2322 2364 nobis
2364 2319 2512 2364 sunt.
2562 2311 2686 2365 Hzec
2716 2313 2788 2366 ita
2820 2313 2936 2367 ﬁeri
2988 2329 3094 2369 non
3127 2323 3360 2385 oportet.

1798 2393 1967 2459 Quale
1994 2405 2175 2449 autem
2210 2395 2281 2448 sit
2327 2396 2640 2463 artiﬁcium,
2679 2397 2879 2453 dicam.
2924 2399 3122 2456 Putant
3150 2417 3209 2457 se
3240 2403 3364 2464 ideo

1797 2501 1906 2541 non
1958 2501 2208 2556 peccare,
2254 2488 2400 2556 quod
2436 2503 2545 2543 non
2590 2497 2716 2546 ante
2743 2490 3035 2559 accipiant,
3087 2495 3182 2548 sed
3239 2502 3365 2563 post

1796 2577 2193 2632 ordinationem
2226 2579 2514 2647 accipiant.
2549 2580 2806 2650 Accipere
2842 2591 3021 2637 autem
3055 2597 3138 2640 est
3189 2601 3364 2655 quan-

1797 2667 2087 2737 docunque
2135 2668 2402 2736 accipere.
2451 2668 2602 2740 Rogo
2657 2671 2860 2742 itaque,
2909 2675 3142 2730 reditum
3189 2678 3362 2741 illum,

1797 2759 1908 2813 imo
1934 2761 2111 2827 potius
2137 2759 2278 2813 viam
2319 2760 2370 2813 in
2401 2762 2703 2831 gehennam
2736 2764 3019 2819 ducentem
3055 2767 3364 2837 relinquite,

1799 2864 1897 2903 nec
1953 2865 2146 2906 tuanus
2201 2851 2472 2921 ejusmodi
2525 2853 2876 2912 muneribus.
2911 2856 3364 2929 contaminantes,

1805 2940 2061 3011 indignos
2102 2958 2199 2998 vos
2251 2943 2514 3010 efﬁciatis,
2568 2945 2660 3015 qui
2717 2948 2971 3018 mysteria
3001 2958 3188 3004 sancta
3227 2949 3367 3004 cele-

1798 3032 1986 3089 hretis.
2022 3034 2286 3104 Ignoscite
2319 3048 2500 3091 autem
2537 3037 2693 3091 mihi.
2725 3037 2971 3093 Primum
2993 3041 3210 3108 quidem
3243 3049 3368 3096 tan-

166 3136 338 3203 στήσας
363 3180 376 3204 ,
404 3136 516 3194 εἶτα
552 3128 613 3194 δὲ
657 3143 733 3206 ὡς
779 3145 1021 3208 πεισθεὶς
1068 3128 1323 3215 ἀπειλῶ(
1349 3148 1402 3201 εῐ
1438 3167 1524 3213 τις
1553 3152 1690 3220 μετὰ

1801 3142 1962 3195 quam
2010 3143 2118 3182 non
2174 3129 2420 3194 credens,
2455 3129 2649 3185 deinde
2699 3140 2958 3200 tanquam
3015 3134 3174 3189 ﬁdem
3208 3135 3366 3190 adhi-

167 3226 337 3296 ταύτην
363 3245 457 3298 μου
494 3232 596 3301 τὴν
623 3235 907 3306 ἐπιστολὴν
949 3236 1175 3310 πράξειέ
1216 3255 1269 3291 τι
1293 3240 1551 3306 τοιοῦτον,
1585 3243 1693 3294 τῶν

170 3312 250 3380 μὲν
275 3317 924 3392 ὲνταῦθωθυσιαστηρίων
960 3326 1324 3397 ἀναχωρήσει,
1357 3327 1580 3399 ζητήσει
1638 3330 1694 3383 δὲ

168 3400 274 3454 ἔνθα
305 3405 394 3476 τὴν
438 3409 530 3461 τοῦ
582 3409 720 3462 Θεοῦ
750 3412 969 3483 ,δωρεὰν
1010 3415 1316 3486 ἀγοράζων,
1354 3419 1693 3487 μεταπωλεῖν

167 3491 374 3549 δύναται.
426 3499 617 3568 Ἡμεῖς
667 3501 776 3571 γὰρ
817 3505 910 3556 καὶ
953 3505 1008 3557 αί
1051 3506 1368 3577 Ἐκκλησίαι
1417 3507 1510 3560 τοῦ
1557 3508 1692 3561 Θεοῦ

167 3587 386 3659 τοιαύτην
427 3593 714 3662 συνήθειαν
753 3595 854 3647 οὐκ
909 3595 1125 3666 ἔχομεν.
1165 3599 1259 3651 Ἐν
1315 3599 1373 3652 δὲ
1434 3599 1693 3669 προσθεὶς

169 3677 407 3749 παύσομαι
438 3699 450 3712 ·
499 3684 588 3738 διά
649 3686 1010 3756 φιλαργυρίαν
1053 3689 1263 3756 γίνεται
1319 3690 1528 3744 ταῦτα’
1564 3693 1596 3762 ή
1637 3692 1693 3744 δὲ

169 3769 460 3843 φιλαργυρία
505 3777 602 3829 καὶ
652 3777 775 3846 ῥίζα
822 3781 1039 3832 πάντων
1069 3781 1177 3833 τῶν
1224 3781 1408 3836 κακῶν
1431 3785 1569 3847 ἐστι,
1598 3783 1692 3836 καὶ

166 3859 444 3932 ὀνομάζεται
475 3868 876 3940 εἰδωλολατρία.
905 3869 998 3942 Μὴ
1027 3867 1118 3925 οὖν
1149 3872 1242 3926 τοῦ
1269 3875 1506 3945 Χριστοῦ
1555 3892 1691 3946 προ-

167 3959 392 4026 τιμήσητε
439 3961 508 4014 τά
565 3961 782 4026 εἴδωλα,
822 3963 909 4017 διὰ
946 3967 1138 4036 μικρὸν
1191 3967 1454 4038 ἀργύριον
1487 3987 1501 4002 ο
1558 3970 1691 4041 μηδὲ

167 4046 299 4100 πάλιν
324 4049 408 4103 τὸν
452 4053 651 4106 Ἰούδαν
695 4055 1030 4126 μιμήσησθε,
1065 4057 1310 4129 λήμματι
1353 4061 1692 4130 προδιδόντες

167 4135 396 4211 δεύτερον,
427 4145 516 4197 τὸν
567 4145 717 4210 ἀπαξ
744 4147 882 4217 ὑπὲρ
921 4148 1079 4218 ήμῶν
1105 4151 1484 4220 σταυρωθέντα
1519 4169 1534 4186 ο
1566 4154 1690 4206 ἐπεὶ

166 4233 312 4287 καὶτά
338 4237 503 4306 χωρία
528 4239 624 4291 καὶ
650 4241 706 4293 αἱ
755 4243 931 4311 χεῖρες
971 4241 1078 4294 τῶν
1115 4243 1242 4307 τοὺς
1272 4246 1516 4315 καρποὺς
1563 4245 1688 4300 τού-

166 4337 264 4388 τους
283 4327 589 4398 δεχομένων,
631 4331 934 4401 Ἁκελδαμά
956 4332 1337 4405 κληθήσονται.

167 4409 205 4460 Γ
206 4415 450 4500 {tradier}
476 4421 576 4474 καὶ
626 4421 740 4500 τῆς
773 4424 899 4500 σὺν
936 4427 1095 4500 αὐτῷ
1124 4429 1410 4492 συνόδου,
1449 4431 1517 4483 ἐκ
1576 4431 1686 4500 τῆς

1805 3217 1956 3284 bens,
2000 3218 2338 3274 interminor.
2381 3220 2438 3273 Si
2471 3223 2595 3288 quis
2633 3231 2756 3290 post
2785 3222 2928 3278 hanc
2962 3239 3137 3278 meam
3161 3227 3366 3295 episto-

1801 3308 1907 3362 lam
1939 3299 2045 3363 tale
2071 3310 2273 3379 aliquid
2309 3311 2612 3377 admiserit,
2649 3313 2716 3366 ab
2752 3313 2838 3369 his
2868 3316 3089 3384 quidem
3124 3333 3244 3384 quae
3280 3317 3369 3381 hic

1802 3407 1930 3453 sunt
1974 3399 2236 3454 altaribus
2275 3402 2524 3456 secedet:
2553 3415 2763 3472 quaeret
2798 3415 2977 3462 autem
3011 3409 3102 3463 ubi
3140 3407 3235 3463 Dei
3271 3411 3371 3464 do«

1801 3506 1932 3543 nmn
1962 3506 2152 3546 emens
2194 3491 2374 3547 denuo
2420 3493 2713 3549 divendere
2738 3507 2922 3565 queat.
2970 3498 3080 3553 Nos
3125 3499 3271 3554 enim
3303 3515 3367 3555 ac

1801 3581 1894 3636 Dei
1942 3581 2198 3638 Ecclesia:
2242 3585 2694 3639 consuetudinem
2731 3589 2889 3642 talem
2940 3605 3047 3644 non
3078 3590 3364 3648 habemus.

1798 3670 2066 3726 Craterum
2119 3689 2228 3728 uno
2268 3674 2454 3729 addito
2488 3675 2772 3745 ,desinam.
2815 3678 3044 3748 Propter
3078 3683 3364 3737 avaritiam

1799 3762 1902 3816 ista
1929 3763 2088 3816 ﬁunt.
2113 3763 2349 3817 Avaritia
2371 3775 2555 3820 autem
2581 3777 2633 3820 et
2658 3768 2809 3831 radix
2829 3769 3094 3826 malorum
3117 3773 3365 3827 omnium

1798 3863 1903 3918 est,
1927 3863 1980 3908 et
1999 3864 2226 3908 vocatur
2252 3855 2584 3911 idololatria.
2603 3856 2782 3913 Nolite
2801 3860 2964 3929 igitur
2990 3861 3204 3918 Christo
3223 3879 3366 3934 pra:-

1798 3943 1944 4001 l'erre
1967 3947 2261 4003 simulacra
2283 3949 2355 4004 ob
2385 3951 2658 4005 modicum
2689 3963 3008 4022 argentum;
3043 3970 3143 4011 nec
3173 3971 3365 4011 rursus

1795 4037 1990 4094 Judam
2040 4040 2260 4108 imitari,
2310 4049 2554 4112 quaestus
2597 4058 2762 4099 causa
2832 4045 3031 4100 iterum
3087 4047 3366 4102 tradentes

1795 4147 1943 4198 eum,
1998 4134 2091 4203 qui
2129 4136 2292 4190 semel
2323 4151 2422 4205 pro
2449 4137 2607 4192 nobis
2637 4137 2932 4192 cruciﬁxus
2959 4151 3062 4192 est.
3107 4140 3362 4208 Alioquin

1794 4236 1847 4280 et
1877 4227 1992 4295 agri
2026 4237 2080 4281 et
2103 4243 2297 4284 manus
2315 4245 2526 4294 eorum,
2552 4228 2646 4298 qui
2669 4231 2770 4286 hos
2799 4229 3009 4286 fructus
3035 4230 3361 4299 percipiunt,

1795 4315 2082 4372 Aceldama
2118 4320 2473 4373 vocabuntur.

1799 4408 2061 4483 Gennadii
2107 4412 2427 4483 patriarcha
2478 4419 2530 4465 et
2575 4412 2765 4481 synodi
2810 4429 2927 4465 cum
2966 4415 3078 4482 ipso
3136 4413 3362 4483 epistola

216 4481 510 4568 ἐγκυκλίου
529 4481 836 4568 πρὸςίῖοὺς
852 4481 1216 4563 ὁσιωτάτους
1241 4481 1686 4568 μητροπολί

1862 4481 2129 4549 encyclica
2195 4481 2262 4532 ad
2315 4496 2491 4534 omnes
2555 4483 2918 4562 sanctissimos
2980 4481 3358 4554 ntetropolilas,

217 4551 540 4628 ἐπιστολῆς,
567 4551 723 4616 ὥστε
746 4551 828 4633 pi}
853 4551 1214 4634 χειροτονεῖιῖ
1233 4551 1331 4622 ἐπὶ

170 4639 236 4705 Τῷ
274 4649 692 4720 θεοφιλεστάτη)
735 4657 832 4709 καὶ
897 4659 1196 4724 όσιωτάτῳ
1244 4660 1689 4730 συλλειτουργῷ

217 4736 343 4802 τῷδε
392 4746 732 4813 Γεννάὸιος,
783 4750 879 4803 καὶ
933 4752 971 4818 ἡ
1017 4751 1362 4819 ἐνδημοῦσα
1400 4751 1473 4819 τῇ
1519 4757 1689 4821 φιλο-

219 4832 413 4900 λρίστῳ
443 4839 538 4891 καὶ
586 4840 860 4903 βασιλίδι
903 4845 1534 4898 Κωνσταντινουπόλει
1581 4846 1689 4913 νέᾳ

231 4920 394 4997 Ῥώμῃ
423 4933 558 5002 ἁγία
577 4937 856 5002 σύνοδος.

228 5013 276 5068 ’0
314 5023 576 5095 Δεσπότης
622 5029 775 5098 ήμῶν
805 5027 898 5081 καὶ
942 5029 1074 5091 Θεὸς
1103 5029 1197 5082 καὶ
1234 5029 1423 5099 Σωτὴρ
1457 5029 1683 5099 Ἰησοῦς,

163 5104 428 5191 ἐγχειρίσας
455 5121 564 5181 τοῖς
586 5121 760 5186 ἁγίοις
809 5121 973 5174 αὑτοῦ
1020 5121 1290 5191 μαθηταῖς
1317 5121 1412 5174 τοῦ
1440 5123 1686 5191 Εὐαγγε-

1862 4551 2001 4618 quod
2028 4565 2131 4603 non
2163 4559 2396 4617 oporteat
2432 4554 2598 4617 pretio
2630 4569 2817 4606 manus
2850 4554 3130 4614 imponere.

1789 4640 2204 4712 Religiosissimo
2241 4651 2290 4696 et
2331 4645 2668 4697 sanctissimo
2704 4647 2757 4698 in
2795 4647 2962 4699 sacris
3003 4647 3362 4700 comministro

1861 4732 1935 4786 Ν.
1970 4733 2295 4801 Gennadius,
2327 4746 2376 4788 et
2410 4753 2526 4806 qua:
2561 4738 2613 4790 in
2645 4738 2843 4793 Citriin
2873 4750 3086 4792 amante
3119 4742 3260 4808 regia
3286 4741 3363 4792 tri-

1860 4824 2022 4877 vitale
2043 4823 2505 4896 Constantinopoli
2520 4845 2650 4882 nova
2667 4828 2852 4894 Roma,
2878 4839 3058 4882 coacta
3079 4839 3153 4883 est
3175 4839 3361 4883 sancta

1858 4918 2088 4988 synodus

1858 5013 1992 5064 Cum
2045 5012 2307 5068 Dominus
2355 5022 2409 5068 et
2454 5013 2594 5069 Dens
2654 5015 2903 5069 Salvator
2955 5025 3142 5068 noster
3199 5010 3360 5064 Jcsus

1786 5103 2040 5160 Christus
2099 5107 2202 5176 72
2260 5107 2375 5161 suis
2425 5107 2709 5175 discipulis
2764 5105 3036 5175 Evangelii
3094 5103 3356 5174 prardica-

163 5188 253 5248 λίου
269 5200 322 5251 τὸ
348 5206 615 5277 κήρυγμα,
641 5209 987 5274 διδασκάλους
1021 5212 1228 5274 τούτοις
1255 5216 1366 5275 τοῖς
1386 5213 1488 5267 ἀνὰ
1504 5216 1684 5268 πᾶσαν

1801 5196 1989 5249 .ionem
2017 5199 2357 5264 credidisset,
2387 5215 2587 5267 eosque
2618 5215 2714 5268 per
2740 5199 3051 5250 Universum
3087 5206 3355 5249 terrarum

161 5288 238 5380 Τὴν
269 5298 567 5371 οίκουμένην
619 5305 926 5375 ἀνθρώποις
972 5307 1394 5372 ἐξαποστείλας,
1449 5325 1684 5380 παρεκε-

164 5377 351 5473 λεᾷσατο
380 5391 666 5466 διαρρήδην
697 5397 764 5469 ἢν
798 5400 1050 5469 εἰλήφασι
1089 5401 1218 5471 παρ’
1256 5402 1419 5454 αὐτοῦ
1453 5377 1680 5473 δωρεὰν,

163 5470 326 5564 iii-'31)];
339 5481 426 5531 καὶ
441 5481 629 5550 αὐτοὺς
645 5491 753 5550 τοῖς
771 5489 1078 5560 ἀνθρώποις
1101 5470 1436 5562 μεταδιδόναι
1452 5470 1679 5564 δωρεὰν,

167 5558 226 5656 iiii
244 5572 524 5639 κτωμένους
546 5578 680 5650 ὑπὲρ
697 5558 911 5652 αὑτῆςή
927 5558 1170 5654 χαλκὸνῆ
1194 5583 1454 5655 ἄργυρον,
1485 5558 1681 5656 ἢτχρυέ

1786 5289 1971 5340 orhcm
2001 5289 2139 5342 inter
2175 5290 2425 5344 homines
2456 5290 2522 5343 ad
2546 5289 2850 5343 docendum
2879 5288 3139 5350 misisset,
3170 5295 3358 5356 aperte

1781 5377 1964 5448 jussit,
1989 5393 2043 5434 ut
2077 5384 2219 5451 quod
2251 5385 2418 5452 gratis
2451 5383 2807 5450 accepissent,
2839 5381 2919 5435 eis
2948 5395 3167 5450 quoque
3187 5377 3356 5446 gratis

1784 5473 1993 5532 darent,
2023 5489 2125 5526 non
2154 5488 2369 5536 aurum,
2395 5472 2475 5526 vel
2499 5482 2807 5541 argentum,
2833 5479 2929 5525 aut
2959 5470 3095 5522 alias
3131 5468 3356 5519 omnino

1785 5567 2092 5620 materialcs
2111 5579 2162 5618 ct
2182 5576 2422 5620 terrenas
2450 5564 2737 5618 facultates
2763 5579 2858 5632 pro
2878 5565 2954 5616 eis
2982 5561 3351 5630 acquircutes.

165 5650 252 5750 σὺν,
264 5657 294 5726 ἡ
306 5677 414 5744 τινα
425 5648 729 5737 περιουσίαν
748 5648 914 5744 ἀλλην
929 5648 1066 5740 diu);
1088 5648 1290 5750 ύλίκήν
1303 5648 1680 5750 ῆίγεῶδηῗθιὴ

1801 5657 2108 5712 Imlcstibus
2156 5657 2299 5710 cnim
2356 5665 2409 5709 et
2451 5653 2835 5721 spiritualibus
2885 5653 3044 5706 donis
3094 5648 3239 5704 nulla
3272 5654 3355 5702 est

220 5745 318 5782 ⁸⁸⁸⁸³
344 5742 453 5811 Act.
492 5777 612 5824 vnt,
642 5765 732 5818 “20.

436 5857 696 5922 l’ATnOL.
732 5864 850 5922 (in.
902 5863 1053 5925 Ωιι.

2991 5857 3063 5914 17
