3908 6296
589 370 692 433 5‘23

1750 359 2009 419 PIIOTII
2048 360 2187 419 PAT

2294 358 2556 420 lRCII/E
2601 358 2710 417 ΟΡ.
3707 356 3792 419 524

587 497 714 542 cum
753 476 986 534 terrenis
1036 483 1091 531 et
1142 470 1528 543 temporalibus
1585 468 1943 522 mutuationis
1991 468 2192 528 ralia,

2296 465 2367 538 ὰρ
2394 461 2535 520 εἶναι
2594 464 2703 517 τῶν
2738 463 3076 535 ἐπουρανίων
3125 464 3218 515 καὶ
3250 461 3624 531 πνευματικῶν
3662 481 3792 535 χαρμ

589 576 707 631 Hoc
741 579 922 627 autem
954 574 1285 638 praaceptum
1322 579 1431 617 non
1466 561 1641 617 solum
1690 560 1816 624 illis,
1857 559 1950 615 sed
1994 561 2158 614 etiam

590 664 751 719 nobis
794 674 887 731 per
930 657 1054 712 illos
1090 654 1258 716 dedit,
1297 666 1436 722 quos
1485 651 1539 704 in
1592 648 1807 702 illorum
1857 648 2083 718 gradum
2108 655 2162 702 et

588 756 766 809 locum
792 748 1124 807 substituere
1150 747 1403 815 dignatus
1428 751 1511 796 est
1537 761 1547 795 :
1578 751 1633 795 et
1659 748 1892 811 oportet,
1920 742 2061 794 sicut
2086 739 2159 792 illi

589 855 743 911 tunc,
770 857 871 897 nos
902 853 1121 910 quoque
1174 851 1319 891 nunc
1346 842 1598 889 accurate
1632 841 1684 888 et
1727 832 2012 902 diligenter
2046 845 2163 886 ser-

590 952 751 1001 vare,
802 949 901 988 nec
932 933 985 986 in
1019 932 1086 985 iis
1140 925 1454 983 ratiocinari
1500 923 1797 993 sophistica
1846 922 2159 987 calliditate,

592 1037 692 1079 nec
723 1021 897 1076 aleam
927 1016 1289 1089 periculosam
1326 1012 1508 1083 jacere
1544 1031 1557 1067 :
1589 1012 1794 1075 Gratis,
1844 1012 2039 1082 inquit,
2073 1028 2164 1065 ac-

596 1113 828 1184 cepistis,
859 1110 1024 1181 gratis
1056 1108 1177 1161 date
1201 1147 1216 1173 ,
1262 1121 1363 1159 non
1395 1105 1717 1175 possidentes
1745 1120 1814 1157 (es
1835 1145 1849 1167 ,
1882 1120 2043 1174 neque
2068 1120 2167 1157 au-

596 1222 737 1269 rum,
766 1219 925 1273 neque
951 1209 1225 1271 argentum
1256 1198 1309 1251 in
1343 1197 1489 1251 zonis
1516 1197 1701 1251 vestris
1724 1196 1790 1251 ⁶¹.
1817 1194 2055 1265 Simplex
2082 1202 2167 1250 est

594 1306 649 1350 et
681 1305 864 1363 aperta
896 1290 1059 1357 hujus
1093 1286 1335 1341 mandati
1365 1285 1525 1349 ratio,
1554 1284 1693 1355 qua!
1718 1282 1852 1337 nihil
1882 1284 2045 1338 habet
2069 1299 2167 1337 va-

596 1386 761 1448 rium,
797 1380 932 1435 nihil
961 1377 1241 1449 quodgnon
1275 1376 1346 1430 sit
1381 1373 1538 1429 facile
1559 1380 1615 1429 et
1646 1373 1996 1442 explicatum,
2032 1371 2166 1426 nihil

597 1474 745 1547 quod
782 1471 1085 1542 sophistica
1125 1465 1471 1537 expositione
1505 1471 1683 1535 egeat.
1728 1463 1769 1516 A
1816 1478 1922 1529 me,
1969 1463 2166 1533 inquit,

601 1564 893 1635 accepistis
916 1561 1236 1631 dignitatem
1284 1555 1597 1614 sacerdotii.
1628 1554 1686 1611 Si
1724 1555 1858 1609 mihi
1909 1570 2007 1625 pro
2052 1556 2171 1624 ipso

2269 557 2493 628 σμάτων
2524 556 2760 627 ἀμοιϐὴν
2792 556 2860 608 τὰ
2886 555 3063 625 γεηρὰ
3088 556 3182 607 καὶ
3210 553 3468 623 ἐπίκηρα.
3498 554 3693 625 Ταύτην
3714 556 3797 626 τὴν

2262 647 2482 719 ἐντολὴν
2512 648 2573 701 οὐ
2617 647 2777 716 μόνον
2809 646 3059 707 ἐκείνοις,
3086 644 3220 698 ἀλλὰ
3242 644 3336 696 καὶ
3368 645 3497 713 ἡμῖν
3523 643 3586 696 δι’
3610 646 3798 699 ἐκείνων

2262 740 2595 801 ἐντέταλται,
2635 736 2728 800 οὓς
2758 739 2836 800 εἰς
2864 736 2954 789 τὸν
2985 736 3205 789 ἐκείνων
3232 735 3437 805 βαθμόν
3466 751 3524 785 τε
3552 735 3643 786 καὶ
3661 736 3801 789 τόπον

2264 831 2660 899 ὑπεισαγαγείν
2706 827 3034 897 κατηξίωσε.
3072 826 3179 879 Καὶ
3222 826 3302 878 δεῖ
3352 825 3600 895 καθάπερ
3635 826 3801 879 ἐκεῖνοι

2263 922 2419 987 τότε,
2481 920 2577 974 καὶ
2631 921 2779 990 ἡμᾶς
2838 918 2933 973 νῦν
2991 916 3234 988 ἀκριϐῶς
3287 916 3572 986 φυλάττειν
3624 931 3679 967 τε
3730 918 3806 968 καὶ

2264 1015 2625 1087 παρατηρεῖν,
2642 1015 2734 1066 καὶ
2759 1013 2832 1086 μὴ
2853 1012 3164 1082 σοφίζεσθαι
3180 1010 3248 1063 τὰ
3263 1011 3552 1078 ἀσόφιστα,
3582 1009 3703 1078 μηδὲ
3729 1011 3808 1062 κύ-

2266 1104 2359 1157 ϐον
2421 1104 2784 1175 ἀναρριπτεῖν
2848 1102 3208 1155 ἐπικίνδυνον.
3261 1099 3493 1167 Δωρεὰν
3557 1099 3808 1165 ἐλάϐετε,

2267 1195 2420 1267 φησὶ,
2452 1194 2680 1262 δωρεὰν
2720 1194 2858 1248 δότε
2883 1211 2898 1227 ’
2950 1193 3034 1264 μὴ
3069 1192 3381 1259 κτήσησθε
3422 1190 3650 1258 χαλκὸν
3681 1193 3809 1259 μήτε

2267 1285 2552 1356 ἄργυρον,
2603 1285 2757 1355 μήτε
2813 1284 3048 1353 χρυσὸν
3086 1284 3175 1348 είς
3225 1282 3333 1350 τὰς
3390 1281 3575 1347 ζώνας
3634 1281 3811 1350 ὑμῶν·

2267 1378 2471 1442 ἁπλοῦς
2501 1377 2593 1430 καὶ⁸
2623 1378 2801 1448 σαφὴς
2824 1378 2853 1430 ὁ
2879 1376 2977 1447 τῆς
3009 1374 3229 1444 ἐντολῆς
3252 1373 3456 1444 ταύτης
3490 1373 3642 1441 λόγος
3672 1374 3815 1439 ἐστὶν,

2268 1469 2420 1523 οὐδὲν
2464 1469 2706 1524 ποικίλον
2751 1470 2888 1539 έχων
2932 1467 3049 1520 οὐδὲ
3087 1466 3431 1535 δυσέφικτον,
3456 1464 3574 1517 οὐδὲ
3608 1481 3818 1532 σοφιστι-

2269 1562 2372 1632 κῆς
2387 1562 2637 1632 δεόμενον
2661 1561 2995 1632 ἐξηγήσεως.
3028 1557 3164 1629 Παρ’
3201 1556 3358 1627 ἐμοῦ,
3394 1554 3817 1625 φησὶν.ὲδέξασθε

598 1673 793 1729 parum
822 1656 951 1726 quid
992 1653 1077 1708 vel
1126 1664 1385 1720 maguum
1438 1647 1703 1713 solristis,
1757 1657 1809 1701 et
1855 1647 1960 1702 hoc
2003 1661 2033 1700 a
2084 1662 2172 1702 me

2294 1652 2333 1706 τὸ
2368 1653 2469 1722 τῆς
2518 1652 2927 1724 ἀρχιερωσύνης
2978 1650 3215 1720 ἀξίωμα.
3272 1648 3335 1702 Εἰ
3375 1648 3473 1718 μὲν
3517 1646 3651 1715 ὑπὲρ
3682 1646 3821 1699 αὑτοῦ

598 1749 881 1807 venditum
923 1755 1029 1814 est,
1072 1760 1172 1800 vos
1201 1757 1422 1814 quoque
1458 1742 1637 1812 ipsum
1670 1740 1793 1795 aliis
1823 1740 2037 1794 vendite
2067 1757 2080 1793 :
2124 1739 2171 1795 si

2294 1744 2472 1815 ιικρδν
2499 1736 2721 1816 ἢμέγα
2752 1762 2805 1797 τι
2832 1740 3219 1805 κατεϐάλεσθε,
3259 1739 3356 1793 καὶ
3402 1737 3562 1792 τοῦτο
3592 1737 3711 1806 ὑμῖν
3741 1738 3819 1788 πέ-

601 1852 786 1898 autem
835 1839 1005 1912 gratis
1052 1836 1367 1906 accepistis,
1412 1848 1512 1889 vos
1554 1846 1770 1901 quoque
1812 1832 1980 1902 gratis
2024 1832 2170 1886 date.

2294 1805 2486 1906 πραται
2516 1805 2829 1906 παρ’-ἐμοῦ,
2853 1832 3084 1887 πωλεῖτε
3124 1828 3221 1884 καὶ
3263 1829 3419 1899 ὑμεῖς
3443 1805 3647 1895 ἑτέροις
3694 1824 3820 1877 αὐτό.

600 1932 745 1999 Quid
804 1931 908 1985 hoc
951 1937 1036 1983 est
1079 1925 1341 1980 mandato
1396 1920 1671 1993 apertius?
1716 1920 1855 1988 Quid
1895 1932 2073 1978 autem
2107 1924 2175 1979 iis

2294 1925 2346 1979 Et
2366 1927 2421 1980 δὲ
2463 1926 2672 1997 δωρεὰν
2715 1926 2994 1995 εἰλήφατε,
3024 1922 3142 1975 δότε
3192 1920 3286 1974 καὶ
3320 1919 3478 1987 ὑμεῖς
3532 1915 3746 1985 δωρεάν.
3773 1916 3823 1966 Τί

594 2024 697 2094 qui
724 2029 951 2093 parent,
982 2017 1203 2074 utilius?
1225 2014 1312 2070 Va:
1343 2014 1447 2069 illis
1477 2029 1663 2069 revera
1694 2014 1783 2083 qui
1834 2013 1928 2069 Dei
1973 2015 2178 2070 donum

2294 2018 2382 2087 τῆς
2413 2016 2634 2086 ἐντολῆς
2662 2013 2865 2084 ταύτης
2900 2013 3272 2083 σαφέστερονς
3305 2006 3357 2061 τί
3381 2007 3438 2061 δὲ
3468 2007 3583 2069 τοῖς
3628 2002 3825 2073 πειθαρ‹

600 2114 908 2184 acquirere,
944 2111 1026 2165 vel
1061 2108 1187 2163 illud
1218 2121 1318 2177 pro
1351 2103 1579 2175 pecunia
1609 2104 1738 2159 dare.
1759 2105 1811 2159 in
1831 2105 2071 2159 animum
2100 2105 2184 2158 in-

2294 2107 2443 2179 χοῦσι
2477 2106 2949 2176 λυσιτελέστερονς
2974 2103 3114 2158 Οὐαὶ
3150 2100 3228 2172 τῷ
3269 2100 3382 2153 δντι
3410 2100 3526 2160 τοῖς
3560 2093 3826 2167 κτήσασθαι

598 2183 832 2263 ducunt.
854 2205 910 2259 ιιι
935 2202 1005 2256 fel
1030 2201 1175 2255 enim
1206 2194 1586 2252 amaritudinis
1609 2204 1664 2250 et
1692 2195 1965 2250 vinculum
1990 2196 2188 2267 iniqui-

2294 2196 2391 2268 τὴν
2411 2195 2505 2249 τοῦ
2540 2195 2675 2249 Θεοῦ
2721 2193 2951 2265 δωρεὰν,
2978 2191 3011 2263 ἢ
3054 2191 3251 2244 διδόναι
3280 2186 3487 2255 ταύτην
3517 2183 3604 2237 διὰ
3647 2183 3828 2253 χρημὰ-

604 2299 733 2355 tatis
755 2298 814 2362 ii,
831 2296 981 2365 juxta
1001 2291 1175 2349 sancti
1194 2289 1337 2345 Petri
1362 2290 1687 2344 sententiam
1708 2288 1775 2352 ⁸³,
1802 2303 1830 2341 a
1850 2302 1947 2342 sua
1980 2288 2185 2342 malitia

2294 2304 2397 2341 των
2430 2286 2781 2355 ὑπειληφόσιν
2808 2287 2822 2338 l
2855 2286 2931 2348 είς
2957 2283 3066 2349 γὰρ
3094 2280 3257 2352 χολὴν
3310 2275 3539 2348 πικρίας
3594 2274 3685 2326 καὶ
3732 2272 3829 2325 σύνο

601 2386 986 2460 comprehensi
1016 2390 1160 2439 sunt.
1194 2381 1345 2439 Unde
1371 2388 1425 2436 et
1456 2388 1772 2435 sanctorum
1819 2387 1873 2433 et
1902 2378 2183 2435 beatorum

2294 2379 2489 2449 δεσμον
2526 2378 2737 2441 ἀδικίας
2765 2378 2813 2431 οἱ
2842 2374 3072 2429 τοιοῦτοι
3118 2370 3261 2425 κατὰ
3306 2370 3406 2439 τὴν
3453 2365 3719 2435 ἀπόφασιν
3758 2362 3831 2415 τεῦ

605 2483 827 2538 Patrum
861 2485 1062 2534 sanctze
1093 2489 1305 2546 magna:
1341 2472 1531 2544 synodi
1573 2470 1923 2527 mcumenicze
1962 2470 2191 2525 Chalce-

2298 2471 2453 2539 ἁγίου
2513 2470 2719 2539 Πέτρου
2781 2469 3107 2538 ὑπᾰρχουσι,
3139 2460 3540 2531 συλληφθέντες
3601 2455 3699 2509 ὑπὸ
3754 2457 3832 2522 τῆς

606 2577 749 2632 done
764 2579 1102 2642 congregata:
1123 2567 1254 2623 huic
1274 2566 1379 2636 legi
1401 2564 1693 2619 Dominieaa
1712 2563 1817 2633 73
1838 2563 2091 2617 convenit
2105 2577 2192 2617 ea-

2301 2563 2511 2616 ὲαυτῶν
2534 2561 2915 2631 φιλαργυρίας.
2956 2558 3118 2611 Ὅθεν
3150 2557 3243 2609 καὶ
3280 2553 3389 2607 τῶν
3434 2550 3601 2604 ὁσίων
3631 2552 3718 2602 καὶ
3747 2566 3831 2618 μα·

606 2683 740 2732 non,
764 2664 858 2736 qui
876 2638 1021 2718 sieta
1054 2659 1211 2714 nobis
1240 2666 1428 2727 aperte
1455 2654 1646 2710 iisdem
1666 2655 1846 2708 verbis
1879 2653 2058 2708 editus
2087 2661 2192 2708 est.

2301 2656 2506 2724 καρίων
2533 2653 2789 2723 Πατέρων
2818 2651 2924 2704 τῶν
2944 2651 3042 2719 τῆς
3072 2647 3233 2714 ἁγίας
3267 2644 3363 2697 καὶ
3396 2641 3640 2713 μεγάλης
3670 2638 3753 2691 καὶ
3776 2638 3826 2690 οἱ.

604 2726 936 2827 ἰουμείνικῆς
968 2751 1183 2805 συνόδου
1216 2726 1318 2819 της
1349 2749 1407 2800 ὲν
1438 2744 1741 2816 Χαλκηδόνι
1794 2743 2187 2813 συναχθείσης,
2229 2742 2307 2813 τῷ
2366 2742 2679 2814 Δεσποτικῷ
2732 2740 2905 2810 τούτῳ
2967 2738 3119 2808 νόμῳ
3150 2733 3389 2804 συνᾴδων
3430 2733 3459 2784 ὁ
3504 2729 3632 2801 περὶ
3675 2726 3833 2781 τούτου

614 2848 817 2913 κανὼν,
854 2845 987 2914 ἡμῖν
1039 2840 1225 2908 σαφῶς
1271 2839 1471 2892 οὑτωσὶ
1527 2837 1735 2904 λέξεσιν
1782 2836 1971 2898 αὐταῖς
2014 2834 2420 2906 ὲκπεφώνηται.

682 2938 740 2993 Si
758 2938 882 3008 quis
898 2935 1185 3004 episcopus
1207 2930 1472 3001 pecuniis,
1490 2940 1618 2994 ctc.,
1638 2938 1693 2983 ut
1712 2945 1893 2997 supra,
1922 2946 2045 2999 pag.
2065 2928 2191 2983 5l5.

2370 2928 2437 2981 Εἴ
2460 2944 2543 2990 τις
2561 2926 2857 2987 ἐπίσκοπος
2883 2922 2976 2976 ἐπὶ
3005 2921 3273 2992 χρήμασι,
3299 2934 3355 2970 κ.
3381 2933 3431 2968 τ.
3465 2914 3520 2967 λ.

682 2999 1059 3081 Pulcherrima
1086 2999 1141 3076 et
1172 2999 1331 3074 valde
1361 3022 1445 3088 pia
1476 3028 1601 3073 sunt
1629 3018 1791 3087 hujus
1820 3020 2048 3074 canonis
2069 3035 2192 3073 san-

2370 3019 2648 3073 Κάλλιστα
2693 3016 2786 3070 καὶ
2833 3015 2953 3069 λίαν
2982 3011 3180 3080 εὐσεϐῆ
3196 3008 3289 3063 τοῦ
3314 3007 3541 3067 κανόνος
3571 3002 3673 3056 τῶν
3699 2999 3837 3069 ἁγίων

617 3126 836 3172 etorum
885 3111 1110 3166 Patrum
1144 3119 1431 3180 praecepta,
1466 3108 1559 3178 qui
1589 3123 1810 3163 omnem
1851 3108 2192 3164 invasionem

2300 3111 2556 3181 Πατέρων
2588 3109 2821 3180 ὑπάρχει
2865 3107 2933 3159 τὰ
2964 3101 3424 3175 παραγγέλματα,
3450 3096 3634 3149 πᾶσαν
3681 3092 3834 3161 ἔφοδον

616 3208 920 3264 satanieam
965 3204 1403 3272 diabolieumque
1447 3212 1700 3256 conatum
1723 3242 1737 3267 ,
1774 3200 1868 3271 qui
1908 3202 1961 3255 in
1990 3201 2192 3255 donum

2304 3204 2597 3273 σατανικὴν
2626 3201 2723 3255 καὶ
2748 3201 2858 3253 πᾶν
2898 3197 3204 3268 ἐγχείρημα
3239 3189 3551 3247 διαϐολικὸν
3592 3184 3721 3240 κατὰ
3761 3184 3837 3252 τῆς

619 3298 907 3372 Spirituale
956 3294 1280 3359 intenditur,
1330 3292 1543 3361 repellit
1587 3301 1641 3346 et
1706 3291 1990 3345 rescindit.
2035 3289 2192 3345 Nullo

2302 3298 2677 3369 πνευματικῆς
2712 3294 3012 3366 φερόμενον
3035 3290 3265 3361 δωρεᾶς,
3286 3282 3656 3354 ἀπωθούμενᾶ
3683 3296 3737 3331 τε
3765 3279 3839 3331 καὶ

620 3392 767 3448 enim
797 3390 957 3444 modo
987 3387 1101 3441 vult
1129 3382 1493 3438 ordinationis
1518 3381 1916 3451 promotionem
1944 3380 2191 3450 pecuniis

2296 3391 2693 3446 ἀνακόπτοντα.
2725 3387 2800 3441 Ού
2840 3384 3087 3456 βούλεται
3134 3380 3245 3452 γὰρ
3296 3377 3553 3448 οὐδαμῶς
3604 3373 3687 3427 διὰ
3731 3384 3839 3440 χρη·

621 3490 715 3538 aut
744 3480 884 3544 ﬁeri,
915 3486 1005 3532 aut
1032 3473 1256 3542 suscipi,
1311 3487 1413 3526 nec
1444 3470 1512 3524 ab
1539 3486 1605 3525 eo
1632 3470 1725 3539 qui
1762 3469 1909 3523 illam
1954 3477 2192 3535 exercet,

2303 3485 2488 3554 μάτων
2553 3479 2845 3550 γίνεσθαι,
2897 3475 2997 3546 τὴν
3053 3470 3327 3545 προϐολὴν
3372 3468 3480 3537 τῆς
3547 3460 3839 3554 χειροτονίας

621 3587 726 3629 nec
758 3571 827 3625 ab
858 3586 924 3625 eo
966 3567 1059 3637 qui
1094 3562 1458 3620 ordinationis
1500 3562 1899 3632 promotionem
1944 3562 2145 3632 accipit
2177 3582 2192 3616 :

621 3666 715 3721 sed
764 3678 865 3718 nec
911 3672 1036 3715 ante
1062 3670 1276 3727 tempus
1326 3655 1716 3721 ordinationis,
1751 3669 1852 3709 nec
1887 3666 2028 3724 post,
2076 3654 2192 3709 dari

620 3755 884 3827 pecunias
911 3750 1164 3808 concedit
1191 3768 1205 3804 :
1239 3749 1487 3804 omnium
1516 3748 1659 3801 enim
1695 3746 1749 3800 in
1773 3746 1876 3801 hac
1900 3760 2119 3815 quoque
2141 3762 2197 3801 re
2233 3799 2235 3801 ,

622 3862 745 3904 esse
767 3847 981 3909 sordes,
1003 3855 1403 3911 munerumque
1422 3839 1829 3909 corruptionem
1858 3839 2197 3909 pronuntiat.

626 3940 899 4008 Quoniam
943 3948 1126 3993 tamen
1178 3936 1248 3991 iis
1285 3935 1360 3989 ita
1411 3940 1595 4002 aperte
1632 3928 1944 4001 prohibitis,
1977 3931 2197 4001 quidam

2296 3552 2328 3643 ἦ
2363 3571 2741 3642 ὑποδέχεσθαι,
2780 3567 2903 3621 οῦτε
2952 3565 3105 3636 παρὰ
3143 3561 3236 3616 τοῦ
3277 3563 3485 3629 ταύτην
3514 3552 3839 3643 ἐνεργοῦντος,

2296 3642 2418 3718 οῦτε
2475 3662 2623 3733 παρὰ
2651 3660 2743 3714 τοῦ
2771 3660 2869 3729 τῆς
2917 3654 3252 3729 χειροτονίας
3291 3652 3391 3723 τὴν
3428 3644 3696 3721 προϐολὴν
3736 3642 3841 3697 ὑπο-

2296 3752 2590 3825 δεχομένου
2615 3767 2628 3780 °
2665 3748 2778 3803 ἀλλ’
2823 3747 2945 3801 οὐδὲ
2975 3745 3084 3817 πρὸ
3132 3743 3229 3798 τοῦ
3262 3740 3456 3812 καιροῦ
3488 3739 3590 3806 τῆς
3638 3746 3839 3825 χειροτο-

2297 3818 2437 3908 νίας,
2487 3841 2606 3895 οὐδὲ
2658 3838 2795 3909 μετὰ
2825 3837 2916 3891 τὸν
2951 3834 3145 3905 καιρὸν
3199 3832 3300 3903 τῆς
3355 3824 3704 3900 χειροτονίας,
3744 3818 3840 3873 οὔτε

626 4031 828 4087 suntin
856 4029 1169 4084 Galatarum
1196 4023 1434 4080 Ecclesia
1452 4021 1776 4091 deprehensi
1799 4030 2017 4091 propter
2043 4029 2202 4091 turpe

627 4122 842 4176 lucrum
877 4129 932 4173 et
963 4118 1249 4171 avaritiam
1280 4114 1397 4168 haec
1419 4111 1684 4167 salutaria
1714 4120 1769 4165 et
1801 4111 2038 4165 humana
2064 4126 2202 4181 pra:-

626 4220 783 4283 cepta
810 4210 1087 4279 negligere
1112 4216 1167 4261 et
1186 4202 1490 4275 transgredi
1526 4219 1541 4255 :
1569 4217 1631 4256 ea
1662 4216 1880 4272 quoque
1906 4203 2022 4272 ipsa
2046 4202 2202 4256 nobis

552 4333 561 4341 -
629 4318 895 4361 renovare
927 4303 1105 4356 visum
1133 4307 1217 4354 est
1239 4313 1364 4352 eum
1394 4297 1497 4351 hac
1523 4302 1713 4351 sancta
1741 4295 1968 4367 synodo,
2003 4310 2125 4365 quae
2148 4295 2201 4349 in

632 4398 735 4450 hac
758 4404 1017 4461 regnante
1049 4403 1188 4442 nova
1228 4386 1403 4440 Roma
1460 4398 1607 4438 nunc
1637 4381 1748 4453 agit
1785 4400 1799 4437 :
1834 4395 1891 4438 ut
1912 4385 2029 4439 sine
2053 4384 2203 4438 omni

632 4485 848 4555 penitus
894 4479 1230 4541 inventione,
1274 4484 1323 4529 et
1364 4473 1523 4528 omni
1563 4483 1855 4543 praetextu,
1900 4473 2206 4543 callideque

633 4581 969 4635 commento,
995 4567 1217 4637 impiam
1262 4565 1404 4619 hanc
1443 4573 1498 4617 et
1538 4563 1806 4628 odiosam,
1855 4578 1977 4632 quae
2021 4564 2207 4618 nescio

634 4663 912 4737 quomodo
948 4662 1000 4716 in
1034 4655 1413 4715 sanctissimas
1447 4652 1723 4708 Ecelesias
1760 4655 1949 4719 subiit,
1985 4669 2211 4709 consue-

635 4756 879 4810 tudinem
931 4750 1156 4806 omnino
1211 4744 1630 4810 exscindamus;
1695 4754 1756 4797 ut
1798 4760 1921 4798 cum
1972 4760 2106 4815 pura
2151 4754 2201 4798 et

636 4849 842 4916 absque
892 4844 996 4899 ulla
1041 4838 1439 4911 cauponatione
1478 4851 1669 4892 eorum
1709 4835 1803 4906 qui
1857 4834 2202 4902 ordinantur,

638 4934 974 4993 renuntiatio
1005 4934 1071 4987 ab
1097 4929 1435 4986 antistitibus
1480 4927 1621 4982 facta
1655 4925 1843 4993 fuerit,
1872 4926 2047 4995 gratia
2088 4925 2209 4995 Spi-

638 5031 781 5085 ritus
832 5027 1005 5084 sancti
1046 5037 1280 5094 superne
1310 5020 1507 5076 veniat.
1543 5017 1751 5084 Quibus
1782 5017 1969 5072 nescio
2011 5032 2078 5071 an
2114 5032 2211 5086 per

639 5124 929 5195 pecuniam
963 5114 1357 5188 promotionem
1394 5109 1745 5175 facientibus,
1800 5117 1856 5163 et
1889 5122 2054 5162 manu
2100 5123 2210 5162 non

642 5228 776 5286 pure
817 5218 1098 5282 operante,
1148 5207 1215 5263 ad
1277 5220 1403 5261 eum
1445 5203 1539 5273 qui
1586 5208 1939 5271 promovetur
1982 5200 2210 5265 accedit,

641 5302 940 5362 secundum
971 5299 1082 5373 74
1114 5312 1304 5354 vocem
1337 5292 1638 5365 Evangelii,
1669 5300 1724 5346 et
1756 5306 1869 5346 non
1911 5291 2093 5361 potius
2130 5306 2216 5347 re-

640 5397 875 5453 trahitur
924 5394 1097 5464 gratia
1146 5390 1320 5447 sancti
1365 5386 1624 5458 Spiritus.
1671 5383 1828 5437 Scias
1870 5397 2021 5454 ergo,
2066 5400 2099 5439 ο
2132 5384 2216 5438 vir

643 5486 1054 5559 religiosissime
1095 5492 1151 5539 et
1180 5479 1332 5537 omni
1372 5494 1435 5534 ex
1469 5484 1623 5547 parte
1667 5472 2032 5543 sanetissime,
2067 5476 2212 5547 quod

643 5582 957 5653 quicunque
1001 5577 1166 5648 hujus
1220 5572 1507 5631 convictus
1553 5567 1715 5621 fuerit
1758 5567 2071 5640 episeOpus,
2131 5572 2213 5627 vel

644 5663 1085 5741 ehorepiscopus,
1119 5666 1201 5721 vel
1250 5665 1450 5728 viator,
1497 5658 1581 5714 vel
1621 5657 1922 5728 presbyter,
1970 5662 2052 5717 vel
2098 5662 2215 5719 dia-

712 5786 753 5816 ⁸³
788 5783 980 5838 Matth.
1007 5795 1121 5845 ιιι,
1148 5777 1200 5843 8,
1227 5776 1280 5832 9.
1370 5774 1414 5806 ⁸·
1439 5772 1556 5826 Act.
1583 5781 1703 5822 vm.
1737 5768 1828 5823 20.

2300 3934 2440 3987 κατὰ
2470 3932 2561 3985 τὸν
2584 3930 2774 3998 καιρὸν
2804 3927 2969 3981 αὐτὸν
2993 3926 3092 3995 τῆς
3120 3921 3454 3994 χειροτονίας
3471 3917 3612 3985 ὑπὲρ
3633 3913 3721 3982 τῆς
3749 3927 3839 3982 χει-

2302 4022 2545 4095 ροτονίας
2579 4022 2838 4091 χρήματα
2867 4015 3104 4070 δίδοσθαι
3137 4012 3413 4083 συγχωρεῖ
3443 4026 3458 4041 ⁸
3492 4005 3714 4062 καθόλου
3751 4001 3836 4070 γὰρ

2300 4116 2400 4185 τὴν
2428 4114 2522 4167 ἐπὶ
2560 4111 2638 4181 τῷ
2682 4109 2970 4179 πράγματι
3029 4106 3205 4177 τούτῳ
3239 4100 3571 4173 δωροδοκίαν
3607 4095 3841 4185 ᾁπέφησεν

2302 4207 2477 4276 ὅμως*
2505 4201 2693 4272 ἐπειδὴ
2718 4200 2812 4254 νῦν
2833 4200 3008 4252 καίτοι
3030 4194 3312 4268 προδήλως
3340 4189 3549 4244 τούτων
3577 4184 3735 4244 οὕτως
3774 4196 3843 4231 κε-

2304 4270 2653 4366 κωλυμένων..
2679 4270 3045 4362 ἔφωράθησάν
3092 4302 3239 4347 τινες
3285 4282 3429 4337 κατὰ
3478 4280 3581 4349 τὴν
3627 4270 3840 4366 Γαλατῶν

2304 4360 2695 4455 ὀλιγωροῦντες
2724 4360 2832 4433 καὶ
2876 4376 3316 4449 παραϐαίνοντες
3341 4368 3410 4423 δι’
3440 4360 3844 4455 αἰσχροκέρδειαν

2307 4478 2399 4531 καὶ
2430 4453 2795 4546 φιλαργυρίαν
2820 4470 2889 4523 τὰ
2936 4469 3178 4539 σωτήρια
3203 4462 3374 4517 ταῦτα
3399 4461 3497 4513 καὶ
3538 4453 3846 4546 φιλάνθρωπα

2307 4536 2743 4639 παράγγέλματα
2775 4604 2792 4630 ,
2862 4562 2924 4616 εῦ
2978 4536 3125 4630 ἔχειν
3190 4554 3335 4619 ἔδοξε
3382 4552 3479 4605 καὶ
3527 4549 3658 4639 ἡμῖν
3687 4584 3701 4609 ,
3739 4536 3846 4639 αὐτὶ

2309 4632 2482 4713 ταῦτα
2510 4632 2682 4712 ’πάλιν
2737 4652 3148 4711 ἀνανεώσασθαι
3193 4646 3332 4719 μετὰ
3387 4644 3489 4714 τῆς
3555 4632 3846 4706 ὲνδημοῦσης

2311 4752 2469 4821 ἁγίας
2522 4750 2739 4803 συνόδου
2780 4750 2836 4801 ὲν
2884 4744 3057 4815 ταύτῃ
3084 4744 3149 4812 τῇ
3186 4735 3543 4812 βασιλευούσῃ
3574 4729 3666 4799 νέᾳ
3698 4721 3848 4821 ξΡὼμῃ

2311 4838 2902 4902 Κωνσταντινουπόλει,
2937 4834 3079 4887 ὥστε
3121 4833 3245 4902 δίχα
3289 4828 3470 4896 πάσης
3540 4817 3844 4893 προφάσεως,

2313 4934 2408 4988 καὶ
2466 4931 2667 4995 παντὸς
2736 4926 3042 4999 σοφισμοῦ,
3097 4923 3196 4993 τὴν
3260 4918 3432 4987 ἀσεϐῆ
3489 4916 3586 4969 καὶ
3633 4903 3847 4981 βδελυρᾶν

2314 5023 2521 5095 ταύτην
2583 5022 2684 5075 οὐκ
2739 5018 2839 5074 οἷδ’
2890 5022 3036 5081 ὅπως
3079 5009 3504 5068 ἐπεισελθοῦσαν
3550 5006 3670 5065 ταῖς
3712 4999 3847 5063 ﬁrmi“

2318 5116 2506 5178 τάταις
2547 5114 2896 5185 Ἐκκλησίαις
2940 5106 3219 5168 παντελῶς
3272 5101 3529 5171 ἐκτεμεῖν
3559 5112 3574 5125 ’
3604 5096 3688 5147 ἴνα
3732 5089 3839 5153 6.11}-

2321 5205 2431 5269 θῶς
2453 5182 2834 5275 ἁκαπηλεύῖτου
2864 5202 2961 5256 καὶ
2988 5198 3236 5269 καθαρᾶς
3262 5194 3414 5264 παρὰ
3437 5191 3546 5243 τῶν
3595 5182 3851 5257 ἀρχιερέων

2323 5299 2423 5368 τῆς
2483 5298 2580 5350 ἐπὶ
2621 5297 2730 5350 τῶν
2789 5291 3285 5367 χειροτονουμένων
3344 5283 3694 5356 ἀναρρήσεως
3742 5284 3851 5368 γιννν

2323 5367 2511 5461 μένης,
2547 5388 2749 5443 ἀνωθεν
2797 5389 2831 5458 ἡ
2880 5385 2973 5440 τοῦ
3025 5384 3182 5452 ἁγίου
3226 5378 3544 5449 ῐΙνεύματος
3568 5370 3719 5442 χάρις

2320 5452 2505 5554 φοιτξῑξ
2531 5482 2597 5535 Ὃ
2650 5480 2746 5535 νῦν
2806 5452 2871 5549 γε
2934 5480 3030 5532 οὐκ
3068 5475 3206 5541 οἶδα,
3239 5474 3287 5527 εί
3330 5470 3416 5524 διὰ
3459 5464 3744 5554 χρημάτων
3778 5452 3853 5552 τῂν

2322 5549 2590 5649 προϐολὴν
2620 5572 2979 5643 ποιουμένων,
3008 5570 3102 5623 καὶ
3148 5568 3209 5621 ού
3255 5565 3355 5633 τῆς
3397 5558 3579 5632 χειρὸς
3640 5549 3853 5649 καθαρῶς

2324 5638 2672 5750 ἐνεργούσης,
2703 5638 2958 5737 έπίφοιτᾷ
2997 5663 3076 5734 τῷ
3125 5652 3587 5731 προχειριζομένῳ
3625 5638 3753 5699 κατὰ
3776 5638 3853 5699 τὴν
