3908 6296
179 405 260 467 535
949 406 1344 467 SYNTAGMA
1395 408 1782 468 CANONUM.
1820 436 1885 445 —
1924 410 2070 470 ΤΙΤ.
2108 411 2156 485 Ι,
2189 411 2344 472 CAP.
2391 415 2598 476 X-XlV.

3273 424 3380 486 5‘26

176 521 329 591 φωνὴν
370 516 462 572 τοὺ
491 520 847 590 κηρύγματος
869 559 885 584 ,
928 522 1024 574 καὶ
1050 522 1171 592 οὐχὶ
1201 523 1541 577 συστέλλεται
1574 525 1697 595 μᾶλ-

1817 540 2028 591 conus,
2071 527 2154 580 vel
2200 527 2380 598 quivis
2430 531 2572 585 alius
2613 545 2680 586 es
2721 545 2932 594 canone
2960 533 3045 591 vel
3082 549 3152 594 ex
3198 537 3374 607 laicis,

174 616 293 682 λονή
325 612 414 666 τοὺ
471 613 629 682 ἀγίου
656 613 973 681 Πνεύματος
1005 617 1186 686 χάρις.
1253 616 1592 670 Ἵσϐιτοίνυν
1633 617 1702 670 τὰ

174 708 316 760 πάντα
334 743 349 767 ,
379 704 763 760 θεοσεσέστατε
785 723 798 736 ·
840 707 1018 762 πάντα
1041 708 1132 761 τὸν
1153 706 1391 762 ὁντινοῦν
1417 708 1707 778 ἁλισκόμε-

172 815 238 849 νον
267 797 349 848 ἐπὶ
383 797 608 868 τοιούτῳ
650 799 758 852 τινί
804 798 1120 864 ἐπίσκοπον,
1152 800 1186 868 ἢ
1246 799 1620 870 περιοδευτὴν,
1673 800 1708 869 ἢ

172 887 519 958 πρεσϐύτερον,
551 889 584 960 ἦ
615 891 879 956 διάκονον,
913 892 947 961 ἢ
991 891 1148 946 ἄλλον
1201 891 1324 944 τινὰ
1360 891 1559 962 δήποτε
1611 891 1706 944 τοῦ

171 980 356 1041 κανόνος
402 978 434 1048 ἢ
486 980 674 1034 λαῖκον
700 1023 715 1047 ,
779 984 941 1053 κοινῷ
985 983 1216 1053 δόγματι
1248 983 1357 1036 τῶν
1410 984 1710 1055 ἀρχιερέων

171 1069 563 1138 κατακεκρίσθαι
595 1071 690 1122 καὶ
741 1075 893 1142 κοινῇ
920 1072 1107 1142 ψήφῳ
1136 1071 1318 1134 καθὼς
1352 1073 1480 1143 περὶ
1517 1073 1708 1125 τούτου

169 1159 285 1211 καὶὸ
312 1160 418 1211 τῶν
463 1161 636 1229 ἁγίων
676 1164 936 1233 Πατέρων
963 1165 1146 1218 κανὼν
1179 1164 1391 1233 φθάσας
1437 1164 1703 1220 διαλαλεί.

169 1254 239 1302 Δεῖ
281 1252 382 1320 γὰρ
419 1246 561 1305 εἶναι
599 1254 758 1324 χάριν
795 1254 893 1324 τὴν
933 1254 1112 1325 χάριν,
1147 1255 1242 1307 καὶ
1287 1254 1536 1324 μηδαμοῦ
1576 1256 1708 1324 παρ’

167 1346 279 1413 αὐτῇ
331 1344 636 1413 μεσιτεύειν
677 1344 956 1416 ἀργύριον.
985 1346 1168 1398 Ἔστω
1212 1343 1392 1397 τοίνυν
1437 1343 1534 1398 καὶ
1559 1342 1707 1398 ἐστιν

167 1438 539 1509 ἀποκήρυκτος,
569 1441 666 1493 καὶ
693 1439 876 1510 πάσης
914 1440 1195 1512 ἱερατικῆς
1209 1439 1364 1503 ἀξίας
1392 1457 1453 1492 τε
1477 1439 1572 1493 καλ⁸
1599 1438 1709 1492 λει-

167 1531 387 1601 τουργίας
421 1531 719 1602 ἀλλότριος,
759 1533 853 1585 καὶ
884 1534 949 1602 τῇ
975 1530 1190 1603 κατάρᾳ
1213 1531 1308 1584 τοῦ
1363 1531 1706 1602 ἀναθέματος

168 1623 514 1692 ὑποκείμενος,
545 1624 574 1676 ὃ
617 1642 678 1676 τε
737 1623 968 1676 κτᾶσθαι
1018 1623 1223 1692 ταύτην
1274 1622 1364 1675 διὰ
1407 1622 1706 1693 χρημάτων

164 1717 400 1784 οἰόμενος,
437 1714 535 1768 καὶ
564 1716 592 1768 ὁ
623 1714 829 1784 ταύτην
872 1713 1132 1785 παρέχειν
1159 1713 1250 1765 ἐπὶ
1294 1715 1569 1784 χρήμασιν
1599 1714 1704 1765 ὑπ-

166 1805 500 1877 ισχνούμενος,
560 1806 670 1859 εἴτε
729 1805 988 1874 κληρικὺς
1031 1805 1140 1860 εἴτε
1198 1805 1385 1868 λαῖκος
1426 1805 1542 1876 είη,
1600 1805 1704 1858 κᾶν

163 1898 420 1966 ἐλέγχοιτο,
485 1896 590 1950 κᾶν
629 1897 704 1968 μὴ
733 1897 1009 1967 ἐλέγχοιτο
1042 1895 1200 1949 τοῦτο
1245 1894 1534 1952 ποιεῖν.οὑ
1587 1895 1696 1964 γὰρ

161 1983 250 2041 οἷόν
269 2005 326 2040 τε
354 1987 786 2057 συμϐιϐασθῆναί
812 2004 941 2041 ποτε
979 1987 1048 2041 τὰ
1084 1986 1394 2057 ἀσύμϐατα,
1422 1986 1543 2040 οὐδὲ
1575 1985 1693 2056 Θεῷ

163 2079 488 2148 συμφωνῆσαι
527 2078 622 2132 τὸν
650 2080 936 2148 μαμωνᾶν,
965 2078 998 2149 ἢ
1030 2081 1156 2142 τοὺς
1183 2077 1357 2149 τούτῳ
1408 2076 1690 2132 δουλεύονο

160 2187 236 2232 τας
256 2169 524 2224 δουλεῦσαι
558 2170 698 2241 Θεῷ.
730 2172 1032 2242 Δεσποτικὴ
1075 2172 1168 2224 καὶ
1198 2170 1336 2242 αὔτη
1383 2171 1531 2223 ἐστὶν
1560 2169 1695 2222 ἀπό-

160 2277 293 2329 φασις
311 2262 710 2332 ἀναμφίλεκτος
740 2279 754 2292 ·
785 2265 867 2316 Οὐ
901 2263 1168 2318 δύνασθε
1207 2261 1329 2328 Θεῷ
1381 2261 1694 2316 δουλεύειν

159 2351 235 2404 καὶ
275 2350 538 2420 μαμωνᾷ.
588 2351 808 2414 Τούτοις
864 2351 1288 2424 ὲπιθαρῤοὖντες
1348 2353 1508 2423 ἡμεῖς
1554 2351 1694 2406 κατὰ

158 2439 372 2509 δύναμιν,
410 2441 504 2494 καὶ
550 2440 761 2505 τούτοις
801 2442 1118 2505 ὑπείκοντες
1181 2444 1318 2513 μετά
1368 2441 1461 2494 τοῦ
1521 2441 1692 2494 ταῦτα

159 2531 397 2600 φήσαντος
451 2531 597 2586 κατά
649 2532 758 2586 τῶν
819 2532 992 2587 ταῦτα
1039 2533 1499 2605 παρανομούντων
1526 2573 1541 2596 ,
1591 2531 1690 2602 τὴν

157 2622 392 2689 ἀπόφασιν
436 2621 806 2692 πεποιήμεθα.
828 2624 1173 2695 Φροντισάτω
1200 2624 1256 2676 δὲ
1281 2623 1377 2676 καὶ
1399 2623 1431 2692 ἡ
1460 2622 1526 2691 σὴ
1551 2624 1692 2675 όσιό-

156 2729 233 2780 της
255 2711 418 2766 ταῦτα
445 2712 536 2765 διὰ
561 2714 742 2784 πάσης
769 2714 1168 2784 παραφυλακῆς
1207 2713 1525 2783 ποιουμένη,
1553 2714 1690 2783 δῆλα

157 2805 458 2873 καταστῆσαι
493 2804 560 2858 δι’
583 2806 952 2877 ἀντιγράφων,
976 2807 1070 2860 καὶ
1094 2808 1204 2868 τοῖς
1233 2806 1337 2858 ὑπὸ
1355 2805 1414 2858 σὲ
1446 2805 1689 2874 Θεοφιλεο

158 2897 339 2960 στάτοις
361 2897 684 2961 ἐπισκόποις
711 2897 804 2950 καὶ
831 2897 1220 2968 περιοδευταῖς,
1254 2896 1348 2950 καὶ
1373 2898 1483 2960 τοῖς
1511 2895 1688 2959 ἄλλοις

1820 618 2102 672 communi
2133 620 2438 675 antistitum
2473 621 2712 686 decreto,
2738 627 3126 698 communique
3153 640 3376 686 senten-

1813 707 1886 761 tia
1908 709 2304 765 condemnatus
2325 720 2428 776 est,
2448 711 2587 766 sicut
2613 713 2679 768 de
2700 715 2800 769 hoc
2821 731 3040 785 quoque
3057 727 3374 775 sanctorum

1812 797 2036 853 Patrum
2071 802 2387 870 praecedens
2429 817 2604 858 canon
2648 805 2909 875 loquitur.
2956 806 3182 878 Oportet
3226 811 3374 866 enim

1811 891 2041 960 gratiam
2090 906 2308 962 semper
2353 908 2476 949 esse
2518 896 2768 964 gratiam,
2806 907 2860 952 et
2903 909 3185 968 argentum
3233 903 3374 970 apud

1812 995 1932 1036 eam
1975 996 2320 1052 nequaquam
2364 985 2722 1041 intercedere.
2759 987 2844 1042 Sit
2888 979 3092 1059 ergoet
3119 991 3187 1046 ab
3225 994 3372 1046 omni

1813 1073 2135 1128 sacerdotali
2165 1074 2436 1142 dignitate
2457 1086 2512 1131 et
2545 1077 2853 1144 ministerio
2890 1082 3128 1146 alienus,
3157 1092 3212 1138 et
3241 1097 3377 1136 ana-

1812 1163 2066 1220 thematis
2116 1164 2238 1218 loco
2279 1166 2578 1235 subjectus,
2630 1169 2724 1239 qui
2769 1179 2821 1224 et
2867 1187 2927 1226 se
2968 1187 3066 1242 per
3110 1174 3374 1244 pecunias

1811 1255 2100 1324 acquirere
2131 1255 2436 1320 existimat,
2484 1268 2538 1312 et
2585 1263 2680 1330 qui
2725 1277 2846 1318 eam
2895 1265 3142 1333 pecu-niis
3173 1265 3375 1320 habere

1808 1344 2116 1414 pollicetur,
2161 1346 2276 1401 sive
2307 1349 2383 1402 sit
2421 1349 2672 1417 clericus,
2719 1353 2835 1407 sive
2883 1355 3075 1421 laicus,
3119 1357 3238 1412 sive
3268 1357 3374 1411 hoc

1807 1431 1986 1488 facere
2019 1433 2396 1500 convincatur,
2424 1438 2540 1492 sive
2561 1455 2665 1493 non
2688 1457 2706 1494 :
2740 1441 2866 1510 quia
2895 1441 3007 1497 ﬁeri
3035 1459 3143 1498 non
3169 1457 3369 1514 potest,

1807 1530 1868 1578 ut
1911 1525 2237 1580 conveniant
2281 1543 2401 1595 qua
2445 1531 2738 1586 convenire
2793 1543 3112 1603 nequeunt,
3170 1551 3274 1591 nec
3313 1539 3372 1591 ut

1809 1632 2117 1672 mammona
2151 1617 2260 1673 Deo
2297 1621 2635 1687 consentiat;
2664 1623 2748 1678 vel
2793 1633 2853 1679 ut
2884 1627 2977 1695 qui
3005 1627 3058 1681 ei
3103 1629 3368 1694 serviunt,

1807 1704 1918 1760 Deo
1946 1709 2206 1763 serviant.
2237 1707 2452 1764 Domini
2497 1721 2581 1767 est
2617 1717 2912 1779 sententia,
2945 1717 3034 1772 cui
3067 1720 3369 1776 contradici

1807 1813 1914 1852 non
1933 1807 2114 1867 potest
2135 1817 2150 1853 :
2168 1796 2291 1852 Non
2310 1802 2526 1868 potestis
2544 1801 2652 1856 Deo
2676 1805 2870 1858 servire
2891 1815 2940 1859 et
2963 1823 3278 1865 mammona:
3301 1811 3368 1862 ⁸³.

1733 1870 1774 1924 Β
1803 1885 1914 1942 Nos
1984 1888 2037 1942 in
2073 1889 2159 1944 his
2200 1905 2299 1960 pro
2338 1892 2543 1948 viribus
2583 1894 2956 1961 conﬁdentes,
3019 1906 3074 1952 et
3134 1899 3214 1954 eis
3254 1913 3372 1954 cre-

1801 1979 2012 2044 dentes,
2037 1996 2164 2036 cum
2195 1998 2264 2038 eo
2289 1985 2382 2053 qui
2411 1982 2529 2039 haec
2557 1985 2715 2050 dixit,
2763 1988 3029 2043 adversus
3058 2003 3154 2044 eos
3187 1989 3279 2058 qni
3311 1991 3365 2043 in

1800 2071 1870 2127 iis
1901 2082 2148 2142 peccant,
2198 2075 2520 2129 sententiam
2562 2077 2910 2146 protulimus.
2943 2077 3059 2134 Tua
3101 2079 3368 2142 sanctitas

1797 2175 1986 2216 curam
2012 2174 2183 2233 gerat,
2231 2166 2378 2220 omni
2423 2167 2663 2223 adhibita
2715 2169 3015 2239 diligentia,
3042 2181 3100 2226 ut
3125 2171 3240 2226 haec
3266 2187 3368 2241 per

1801 2255 2130 2325 transcripta
2160 2257 2498 2326 exemplaria
2532 2259 2887 2316 iunotescant
2925 2272 2978 2316 et
3001 2262 3366 2318 sanctissimis

1800 2345 2071 2416 episcopis
2093 2348 2184 2416 qni
2221 2349 2313 2402 tibi
2353 2349 2609 2416 subsunt,
2658 2360 2711 2405 ct
2741 2351 3132 2422 περιοδευταῖς,
3161 2365 3211 2407 et
3241 2353 3364 2408 aliis

1799 2438 2056 2492 omnibus
2089 2448 2191 2494 :.ut
2223 2439 2276 2492 in
2312 2454 2423 2497 uno
2477 2443 2672 2510 Spiritu
2708 2451 2762 2496 et
2794 2458 2902 2498 una
2945 2443 3127 2500 anima
3169 2457 3364 2498 omnes

1799 2528 1963 2582 simul
2009 2530 2299 2599 constipati
2339 2532 2638 2588 Christiani
2693 2533 2958 2590 adversus
3009 2548 3360 2589 communem

1800 2619 2110 2688 inimicum,
2141 2621 2236 2677 Dei
2265 2625 2492 2688 auvilio,
2518 2626 2792 2694 possimus
2823 2627 3069 2682 avaritiae
3101 2625 3359 2692 radicem,

1795 2727 1917 2782 qua:
1935 2712 2004 2766 ab
2034 2713 2126 2766 illo
2152 2714 2204 2767 in
2235 2715 2398 2769 nobis
2427 2716 2585 2770 insita
2605 2725 2710 2779 est,
2739 2731 2864 2772 cum
2891 2717 3148 2772 omnibus
3169 2731 3359 2772 eorum

1795 2804 2064 2859 malorum
2130 2805 2469 2876 germinibus
2536 2808 2878 2863 exscindere.
2943 2807 3173 2862 Omnem
3239 2823 3362 2878 quae

1795 2905 1974 2952 tecum
1998 2906 2081 2952 est
2105 2897 2160 2951 in
2178 2897 2398 2952 Christo
2413 2897 2810 2953 fraternitatem
2833 2900 3159 2955 salutamus.
3184 2897 3362 2954 Fortis

157 2986 322 3039 ἅπασιν
343 3001 357 3014 ·
389 2987 477 3039 ἵνα
508 2989 566 3041 έν
598 2988 677 3040 ἐνὶ
725 2987 994 3058 πνεύματι
1037 2987 1132 3041 καὶ
1172 2988 1272 3058 μιᾷ
1312 2986 1456 3058 ψυχῇ
1484 2987 1686 3050 πάντες

1813 2989 2061 3043 assistens
2074 2989 2128 3042 in
2145 2989 2381 3054 Christo,
2401 3005 2494 3043 ora
2511 3004 2608 3060 pro
2627 2989 3157 3055 nobis,sanctissime
3171 2990 3358 3046 frater.

153 3076 258 3144 ὁμοῦ
283 3078 595 3148 Χριστιανοὶ
644 3078 1094 3149 ωμφραξάμενοι
1132 3077 1276 3132 κατά
1324 3078 1422 3132 τοὺ
1472 3077 1654 3131 κοινοῦ
1699 3076 2017 3148 δυσμενοῦς,
2068 3079 2377 3150 ῑσχύσωμεν
2411 3081 2512 3171 ρὺν
2546 3079 2663 3151 θεῷ
2706 3081 2807 3152 τὴν
2857 3082 2948 3134 ὑπ’
3001 3083 3212 3136 ἐκείνου
3258 3100 3362 3152 φυ-

153 3169 393 3222 τευθεῖσαν
413 3171 473 3224 ὲν
493 3172 624 3240 ἡμῖν
648 3171 745 3241 τῆς
773 3170 1136 3242 φιλαργυρίας
1153 3173 1330 3244 ῥίζαν,
1353 3171 1470 3242 ἅμα
1485 3172 1651 3224 πᾶσιν
1672 3170 1839 3242 αὑτῆς
1870 3171 1978 3225 τῶν
1994 3173 2180 3226 κακῶν
2211 3176 2324 3236 τοῖς
2361 3169 2564 3244 βλάστη
2573 3190 2737 3242 μασιν
2766 3176 3038 3244 ἐκτεμεῖν.
3059 3177 3248 3232 Πᾶσαν
3261 3176 3361 3245 τὴν

154 3265 229 3317 σὺν
248 3268 319 3318 σοὶ
340 3267 398 3320 έν
415 3267 640 3339 Χριστῷ
663 3267 995 3339 ἀδελφότητα
1015 3265 1515 3339 προσαγορεύομεν.
1548 3263 1888 3335 Ἐρῤωμένος
1914 3265 1972 3315 έν
1989 3265 2177 3336 Κυρίῳ
2203 3265 2503 3336 ὑπερεύχω
2527 3265 2702 3335 ἡμῶν,
2735 3265 3114 3334 θεοφιλέστατε
3138 3267 3357 3337 ἀδελφέ.

205 3354 465 3422 Γεννάδιος
517 3360 818 3424 ἐπίσκοπος
864 3358 1525 3423 Κωνσταντινουπόλεως,
1559 3354 1688 3418 νίας

163 3445 346 3518 Ῥώμης
373 3448 691 3521 ὑπέγραψα.

215 3624 554 3690 ’Δναστάσιος
607 3627 904 3693 ἐπίσκοπος
960 3627 1363 3700 μητροπολίτης
1413 3628 1684 3700 Ἀγκύρας

154 3713 211 3766 ὑπ

203 3808 447 3880 Εὑνόμιος
477 3809 876 3881 μητροπολίτης
898 3809 1268 3882 Νικομηδείας
1303 3811 1400 3864 ὑπ.

201 3986 382 4058 Πέτρος
425 3989 830 4060 μητροπολίτης
854 3990 1092 4055 Νικαίας
1123 3991 1218 4046 ὑπ.

205 4098 503 4170 Περγάμιος
562 4101 968 4173 μητροπολίτης
1017 4102 1345 4173 Ἀντιοχείας
1381 4101 1482 4174 τῆς
1521 4104 1679 4158 Πισι-

149 4186 237 4244 cia;
258 4191 342 4244 ὑπ.

218 4206 237 4219 ε
258 4209 342 4244 υπ.

173 4187 394 4347 ί(ιῐῖτιάῑλος
435 4283 846 4357 μητροπολίτης
871 4284 1402 4357 Μαρκιανουπόλεως
1424 4285 1516 4340 ὑπ.

212 4465 487 4539 Νουνέχιος
523 4466 928 4539 μητροπολίτης
954 4468 1276 4533 Λαοδικείας
1315 4470 1410 4523 ὑπ.

198 4648 379 4721 Πέτρος
412 4649 820 4722 μητροπολίτης
861 4651 1126 4724 Γαγγρῶν
1157 4653 1250 4707 ὑπ.

202 4852 484 4924 Καρτέριος
515 4854 922 4927 μητροπολίτης
941 4855 1420 4920 Κλαυδιουπόλεως
1456 4857 1548 4914 ὑπ.

208 5033 498 5107 ’Δγαπητδς
531 5037 935 5110 μητροπολίτης
971 5037 1150 5092 Ῥόδου
1173 5039 1266 5092 ὑπ.

195 5231 513 5307 Ἐλευθέριος
544 5235 947 5306 μητροπολίτης
969 5235 1310 5307 Χαλκηδόνος
1344 5235 1439 5289 ὑπ.

199 5385 444 5485 Στέφανος
481 5418 884 5490 μητροπολίτης
921 5418 1276 5490 Ἱεραπόλεως
1325 5419 1424 5490 τῆς
1454 5419 1671 5490 Εὐφραο

151 5506 295 5574 τησίας
311 5510 402 5566 ὑπ.

199 5598 470 5672 Γρηγόριος
504 5603 906 5674 μητροπολίτης
944 5602 1436 5674 ’Δδριανουπόλεως
1465 5605 1558 5659 ὑπ.

199 5780 472 5848 Λουκιανὸς
505 5787 906 5859 μητροπολίτης
940 5786 1116 5857 Βύζης
1143 5787 1238 5841 ὑπ.

199 5869 235 5901 ⁸³
268 5869 443 5928 Matth.
486 5889 561 5936 vr.
597 5875 688 5930 24.

1869 3357 1977 3428 76
1997 3356 2310 3412 Gennadius
2325 3359 2613 3428 episcopus
2634 3356 3181 3430 Constantinopoleos
3204 3375 3360 3416 nova:

1713 3433 1756 3490 (ἶ
1791 3447 1977 3502 Romae
2008 3446 2338 3516 subscripsi.

1837 3538 2074 3594 Joannes
2085 3540 2266 3609 episco
2273 3554 2372 3609 pus
2384 3537 3017 3608 metropoleoslleraclea:
3031 3542 3352 3614 subscripsi.

1850 3630 2171 3693 Anastasius
2215 3631 2506 3701 episcopus
2549 3630 2916 3700 metropoleos
2966 3634 3194 3703 Ancyra
3220 3633 3355 3689 sub-

1781 3722 1995 3790 scripsi.

1853 3811 2152 3867 Eunomius
2179 3811 2469 3882 episcopus
2500 3812 2868 3885 metropoleos
2884 3813 3354 3873 Nicomedicsub—

1885 3923 2010 3960 IDSI.

1789 3921 1897 3961 scr:
1941 3922 2010 3960 SI.

1857 3923 2047 4051 Pgtrus
2071 3995 2361 4066 episcopus
2396 3997 2760 4067 metropoleos
2785 3998 2977 4055 Nicaea:
3001 4001 3321 4073 subscripsi.

1857 4088 2175 4158 Pergamius
2206 4088 2496 4157 episcopus
2525 4089 2892 4161 metropoleos
2914 4091 3217 4150 Antiochia
3256 4093 3351 4148 Pi-

1787 4181 1940 4236 sidize
1968 4179 2292 4248 subscripsi.

1852 4271 2057 4326 Paulus
2078 4272 2366 4342 episcopus
2389 4269 2756 4340 metropoleos
2780 4269 3193 4343 Marcianopolis
3215 4273 3344 4329 sub-

1786 4378 2174 4511 scgﬁsnlechius
2211 4455 2500 4526 episcopus
2530 4450 2892 4522 metropoleos
2908 4451 3192 4508 Laodiceae
3217 4453 3344 4508 sub-

1783 4563 1888 4602 εει-ι
1896 4561 2001 4614 pst.

1703 4606 1756 4666 Ῑ)
1853 4606 2044 4691 Petrus
2083 4635 2376 4706 episcopus
2413 4633 2785 4705 metmpoleos
2825 4633 3169 4702 Gangrorum
3213 4633 3316 4688 sub

1778 4745 1994 4800 SCl‘lpSI.

1848 4844 2128 4930 Carterjus
2175 4842 2464 4912 episcopus
2501 4837 2868 4910 metropoleos
2913 4837 3346 4910 Claudiopolita-

1776 4955 1969 4994 norum
2003 4935 2321 5004 subscripsi.

1843 5028 2119 5096 Agapetus
2177 5025 2468 5096 episcopus
2535 5020 2904 5092 metropoleos
2973 5019 3148 5074 Rhodi
3213 5019 3344 5074 sub-

1777 5133 1993 5174 SCI‘IDSI.

1852 5135 1882 5171 ΓΙ
1925 5135 1993 5173 SI.

1852 5135 2207 5267 Elleuthcrius
2261 5207 2556 5279 episcOpus
2587 5202 2955 5274 metropoleos
2980 5199 3342 5256 Chalcedonis

1774 5303 2096 5374 subscripsi.

1845 5392 2156 5464 Stephanus
2178 5391 2468 5462 episcopus
2500 5385 2866 5455 metropoleos
2893 5378 3196 5452 Hicrapolis
3228 5379 3339 5435 Eu-

1772 5487 2059 5560 phratcsia‘.
2091 5483 2410 5552 subscripsi.

1846 5578 2143 5648 Gregorius
2193 5575 2480 5646 episcopus
2531 5565 2894 5638 metropoleos
2954 5561 3340 5632 Adrianopolis

1783 5669 2084 5725 subscripsi.

1770 5687 1978 5726 SllDSCI‘l
2019 5687 2084 5725 SI.

1839 5687 2113 5820 Lucignus
2132 5763 2422 5835 episcopus
2443 5762 2806 5834 metropoleos
2822 5764 2976 5835 Byzae
3011 5757 3334 5829 subscripsi.
