3994 6458
445 364 543 430 531

1572 360 1689 418 ΡΠ(
1704 359 1831 418 )ΤΙΙ
1878 357 2148 418 PATliIA
2160 359 2379 419 RCHJ!
2437 362 2547 421 (ΣΡ.

3607 350 3716 417 532

444 473 621 546 magis
645 486 836 528 eorum
869 471 965 543 qui
1000 485 1095 542 per
1122 468 1384 540 pecunias
1416 483 1612 524 manus
1638 469 2019 537 imposuerunt

2147 472 2570 542 παραϐαινόντων
2597 470 2693 534 τὰς
2722 468 3011 533 κανονικᾶκς
3045 468 3337 533 διατάξεις,
3402 466 3501 521 καὶ
3564 464 3714 519 πάνυ

444 568 527 623 vel
562 568 853 636 imponunt
898 562 1016 636 [δι’.
1047 563 1133 619 vel
1167 577 1363 617 manus
1399 560 1809 631 impositionem
1858 574 2018 614 acce-

447 655 707 728 perunt];
761 656 921 711 Petro
961 654 1146 709 divino
1186 652 1456 723 apostolo,
1508 652 1668 721 cujus
1699 651 2019 706 cathedram

447 750 639 803 sortita
690 756 776 803 est
815 746 1054 801 fraterna
1089 745 1349 799 sanctitas
1377 750 1584 805 vestra,
1619 743 1719 797 hos
1760 752 2019 812 tanquam

451 840 732 895 Simonem
805 838 1020 909 Magum
1085 836 1411 906 deponente.
1473 835 1649 904 Hujus
1716 834 1798 888 rei
1849 834 2022 905 gratia

453 945 559 984 non
608 927 1061 998 subterfugimus,
1094 942 1205 997 quo
1237 926 1422 982 minus
1461 924 1851 980 annuntiemns
1881 925 2024 978 veri-

452 1029 640 1082 tatem,
676 1018 1047 1074 custodientes
1097 1025 1151 1070 et
1197 1024 1446 1071 tenentes
1476 1031 1598 1085 quae
1650 1031 1681 1067 a
1732 1016 1938 1069 sanctis
1972 1024 2027 1068 et

454 1110 843 1165 Iaudatissimis
882 1106 1145 1178 apostolis
1175 1116 1229 1161 et
1275 1107 1731 1161 memorabilibus
1771 1106 2026 1160 Patrihus

455 1200 657 1258 nostris
686 1200 950 1255 canonice
982 1207 1110 1254 sunt
1140 1198 1347 1266 prolata
1374 1215 1387 1251 :
1440 1209 1492 1253 et
1519 1198 1618 1252 hos
1646 1198 1740 1267 qui
1766 1197 1896 1268 quid
1929 1197 2027 1251 ho-

458 1310 573 1346 rmn
603 1291 1056 1362 contempserint,
1103 1289 1508 1343 abominamur.
1566 1289 1735 1358 Igitur
1790 1288 2029 1343 fraterna

454 1394 508 1440 et
537 1400 753 1441 summo
780 1383 1088 1440 sacerdotio
1113 1382 1369 1435 decorata
1392 1380 1656 1436 sanctitas
1678 1389 1879 1444 vestra,
1908 1380 2030 1449 jure

456 1492 521 1533 ac
551 1476 853 1533 secundum
881 1474 971 1531 Dei
1003 1474 1335 1529 voluntatem
1370 1473 1734 1543 pontiﬁcalem
1767 1474 2031 1530 ordinans

457 1568 708 1638 pietatem
743 1566 862 1639 [Gn
905 1582 1128 1622 sacrum
1173 1565 1576 1620 hierarchicum
1607 1565 1918 1634 gubernans
1942 1581 2033 1618 or-

456 1659 687 1732 dinem],
730 1659 1166 1730 opinatissimam
1205 1657 1366 1711 habet
1417 1656 1666 1726 gloriam.
1705 1656 1853 1710 Dixit
1885 1657 2030 1711 enim

456 1766 554 1822 per
580 1751 896 1820 prophetam
930 1750 1143 1820 primus
1168 1756 1224 1803 et
1248 1763 1473 1817 magnus
1504 1763 1753 1802 summus
1772 1748 2029 1803 sacerdos

2124 585 2187 636 γε
2217 567 2418 634 μᾶλλον
2450 564 2561 619 τῶν
2585 564 2679 617 ἐπὶ
2710 565 2957 634 χρήμασι
2989 559 3490 633 χειροτονησάντων
3524 557 3561 623 ἢ
3598 573 3714 625 χειο

2128 660 2541 731 ροτονηοέντων,
2596 656 2806 726 Πέτρου
2844 655 2937 709 τοῦ
2974 654 3119 708 Θείου
3160 652 3482 716 ἀποστόλου,
3517 642 3585 701 οῦ
3622 649 3719 699 καὶ

2124 757 2225 826 τὴν
2254 754 2520 824 καθέδραν
2546 748 2896 821 ἐκληρώσατο
2918 752 2951 818 ἡ
2979 747 3239 816 άδελφικὴ
3275 744 3430 814 ὑμῶν
3452 742 3718 811 ἁγιότης,

2126 849 2202 911 ὡς
2234 847 2455 917 Σίμωνα
2483 845 2575 898 τὸν
2604 844 2797 910 Μάγον
2843 841 3038 894 τούτου
3091 838 3438 901 καθελόντος.
3497 834 3720 888 Τούτου

2125 940 2314 993 ’ἐνεκεν
2341 937 2440 1006 οὐχ
2468 932 2909 1003 ύποστελλόμεῦα
2930 931 3023 984 τοῦ
3055 929 3410 999 ἁναγγὲλλειν
3438 928 3539 997 τὴν
3577 925 3722 991 ἁλή-

2129 1030 2301 1091 Θειαν,
2349 1026 2709 1096 φυλάττοντες
2754 1023 2849 1077 καὶ
2905 1021 3235 1093 κρατοῦντες
3273 1022 3341 1073 τά
3390 1019 3548 1088 παρὰ
3607 1015 3724 1066 τῶν

2129 1124 2299 1192 ἁγίων
2323 1121 2417 1174 καὶ
2460 1117 2841 1188 πανευφήμων
2875 1116 3215 1175 ἀποστόλων,
3248 1114 3342 1167 καὶ
3394 1112 3503 1165 τῶν
3537 1107 3726 1162 mea-

2135 1233 2249 1285 μων
2275 1212 2535 1282 Πατέρων
2569 1210 2731 1280 ἡμῶν
2768 1205 3069 1269 κανονικῶς
3093 1204 3396 1258 ἐκδοθέντα..
3431 1203 3539 1255 Καὶ
3582 1200 3641 1251 εἴ
3670 1214 3724 1247 τι

2132 1306 2336 1360 τούτων
2361 1302 2649 1374 παρεϐάοη
2696 1300 2800 1354 ὑπό
2834 1316 3016 1362 τινων,
3070 1293 3486 1366 βδελυττόμεθα.
3522 1291 3589 1343 'll
3624 1288 3727 1341 οὖν

2133 1396 2395 1467 ἀδελφικὴ
2425 1396 2579 1463 ύμῶν
2610 1388 3058 1464 ἁρχιερυπρεπὴς
3093 1385 3397 1454 ἁγιωσύνῃ,
3431 1382 3727 1450 ἐνοέσμως

2136 1492 2229 1545 καὶ
2259 1489 2403 1543 κατὰ
2452 1488 2587 1541 Θεοῦ
2621 1484 2893 1555 βούλησιν,
2931 1480 3346 1551 πρυτανεύουσα
3380 1477 3479 1547 τὴν
3524 1479 3729 1544 ίεραρο

2137 1584 2295 1656 χικὴν
2330 1580 2634 1650 ἀγιστείαν,
2670 1577 2953 1646 διαϐόητον
2986 1575 3096 1644 ἔχει
3126 1574 3225 1640 τὴν
3285 1570 3465 1634 δόξαν.
3510 1567 3726 1639 Εἶρηκε

2137 1678 2246 1747 γὰρ
2266 1675 2353 1729 διὰ
2373 1673 2466 1727 τοῦ
2496 1671 2777 1741 προφήτου
2808 1670 2835 1721 ό
2872 1665 3084 1737 πρῶτος
3110 1664 3204 1717 καὶ
3226 1663 3399 1733 μέγας
3423 1659 3729 1731 ἀρχιερεὺς

2140 1767 2376 1839 Χριστὸς
2405 1767 2433 1818 ὁ
2464 1764 2614 1827 Θεὸς,
2638 1762 2733 1815 καὶ
2766 1760 2862 1813 νῦν
2888 1775 3043 1828 φησι,
3069 1756 3160 1809 Ζῶ
3182 1755 3316 1825 ἐγὼ,
3347 1754 3485 1806 ἀλλ’
3508 1752 3545 1818 ἧ
3573 1750 3728 1812 τοὺς

456 1843 711 1899 Christus
746 1842 889 1896 Deus
926 1850 1141 1895 noster:
1207 1839 1331 1895 Vivo
1380 1856 1494 1911 ego,
1546 1840 1636 1894 sed
1679 1840 2033 1910 gloriﬁcantes

2147 1825 2498 1919 δοξάζοιρτὰς
2522 1825 2607 1922 με»
2624 1849 2885 1914 δοξάσω.
2902 1825 3079 1909 ἽΟἷδας
3103 1845 3228 1915 γάρ,
3262 1845 3391 1913 ἄνερ
3411 1839 3728 1909 ἐπιθυμιῶν

457 1950 541 1988 me
594 1933 907 2004 gloriﬁcabo
946 1933 1014 1987 ⁸⁸.
1066 1930 1219 1987 Nosti
1276 1933 1446 1996 enim,
1507 1933 1589 1985 vir
1642 1932 2034 1987 desideriorum

460 2025 721 2096 Spiritus,
755 2024 883 2093 quia
922 2024 1262 2079 tolerabilior
1294 2018 1379 2079 est
1403 2023 1701 2078 Macedonii
1745 2032 1799 2079 et
1843 2039 2037 2077 eorum

460 2111 555 2179 qui
580 2110 725 2163 circa
755 2110 932 2179 ipsum
964 2120 1113 2175 sunt,
1142 2108 1380 2179 Spiritus
1404 2110 1846 2179 itnpugnatorum
1870 2110 2036 2178 impia

462 2202 709 2257 haeresis.
766 2202 878 2257 lllis
950 2203 1094 2256 enim
1149 2211 1454 2257 creaturam
1534 2211 1589 2256 et
1648 2217 1865 2257 servum
1944 2200 2037 2255 Dei

461 2308 529 2349 ac
596 2292 774 2350 Patris
831 2293 1094 2363 Spiritum
1154 2294 1324 2348 delire
1387 2292 1728 2357 fatentibus,
1806 2293 1895 2347 isti
1954 2291 2041 2347 sui

464 2387 641 2457 ipsius
702 2402 849 2452 cum,
934 2398 995 2441 ut
1073 2395 1389 2451 autumant,
1481 2402 1698 2440 servum
1776 2385 2037 2441 eiiiciunt.

464 2476 659 2534 Omnis
689 2477 836 2533 enim
881 2476 1138 2531 dominus
1187 2477 1332 2546 quod
1371 2476 1642 2541 habuerit,
1690 2477 1736 2531 si
1784 2477 2040 2542 voluerit,

463 2570 783 2635 venumdat,
837 2569 955 2625 sive
996 2585 1238 2633 servum,
1293 2570 1409 2624 sive
1455 2570 1602 2624 aliud
1659 2569 1792 2640 quid
1850 2584 2040 2623 eorum

464 2680 590 2736 quae
614 2664 875 2735 possidet.
909 2664 1176 2719 Similiter
1212 2672 1266 2717 et
1294 2663 1389 2733 qui
1427 2663 1581 2728 emit,
1634 2662 1890 2717 dominus
1942 2676 2043 2717 vo—

466 2756 590 2811 lens
633 2770 755 2811 esse
800 2755 922 2825 ejus
950 2755 1099 2825 quod
1137 2755 1355 2815 emerit,
1385 2770 1482 2824 per
1514 2755 1748 2824 pretium
1803 2755 2047 2822 pecunia:

464 2848 601 2905 illud
631 2849 886 2919 acquirit.
922 2848 997 2902 Ita
1042 2858 1096 2903 et
1127 2848 1221 2917 qui
1270 2848 1433 2911 hanc,
1471 2848 1738 2917 iniquam,
1774 2848 2045 2902 actionem

465 2949 791 3010 cperantur,
861 2940 1157 2995 detrahunt
1212 2938 1441 3007 Spiritui
1504 2948 1716 3004 sancto,
1764 2941 2049 3008 aequaliter

466 3044 757 3104 peccantes
805 3032 889 3088 his
926 3033 1019 3103 qui
1056 3033 1460 3101 blasphemant,
1497 3033 1741 3088 dicentes
1792 3034 1844 3086 in
1892 3032 2047 3087 Decl-

2138 1947 2248 1999 τῶν
2298 1943 2393 1996 τοῦ
2444 1941 2782 2012 Πνεύματος,
2819 1940 2902 1992 ὅτι
2944 1935 3290 2007 φορητοτέρα
3339 1932 3540 2003 μᾶλλόν
3594 1933 3726 1983 ἐστι

2140 2034 2477 2091 Μακεδονίου
2508 2033 2604 2086 καλ⁵
2630 2031 2739 2084 τῶν
2771 2030 2915 2099 ἀμφὶ
2958 2026 3122 2081 αὐτὸν
3178 2023 3657 2094 πνευματομάχων
3691 2019 3726 2086 ἡ

2140 2125 2408 2197 δυσσεϐὴς
2441 2124 2653 2193 αἵρεσις
2676 2139 2689 2153 ·
2723 2121 2948 2174 ἐκείνων
2978 2116 3087 2187 γὰρ
3139 2114 3367 2183 κτίσμα,
3397 2112 3494 2165 καὶ
3526 2108 3722 2162 δοῦλον

2141 2219 2235 2273 τοῦ
2257 2215 2393 2271 Θεοῦ
2426 2215 2521 2269 καὶ
2546 2210 2778 2282 Πατρὺς,
2822 2209 2884 2261 τὺ
2924 2207 3077 2275 ἁγιον
3138 2204 3362 2272 Πνεῦμα
3410 2199 3729 2269 ληρῳδούν-

2143 2328 2273 2375 των,
2298 2302 2444 2363 οῦτοι
2477 2304 2688 2361 ἑαυτῶν
2716 2303 2790 2365 ὡς
2817 2297 3036 2354 δοκοῦσι
3058 2298 3243 2350 δοῦλον
3291 2294 3421 2346 αὐτὸ
3466 2288 3687 2343 ποιοῦσι
3709 2302 3723 2315 ·

2144 2402 2253 2463 πᾶς
2277 2376 2386 2469 γὰρ
2408 2394 2692 2464 δεσπότης,
2710 2393 2737 2446 ὅ
2756 2409 2809 2444 τι
2834 2390 2898 2444 ἂν
2922 2388 3031 2459 ἔχοι
3059 2388 3108 2439 ει
3139 2385 3375 2455 βούλοιτο
3398 2379 3725 2451 πιπράσκει,

2145 2496 2259 2550 εἴτε
2304 2491 2521 2561 οἰκέτην
2549 2488 2658 2542 εἴτε
2707 2486 2894 2556 ἕτερον
2929 2482 2957 2535 ὃ
2991 2482 3253 2550 κέκτηται
3277 2496 3291 2509 ν
3323 2475 3579 2537 ὡσαύτως
3619 2470 3728 2524 καὶ

2144 2590 2173 2642 ὁ
2203 2582 2513 2656 ἀγοράζων,
2563 2580 2830 2646 δεσπότης
2866 2572 3190 2644 βουλόμενος
3231 2564 3371 2621 εἶναι
3400 2566 3493 2619 τοῦ
3508 2566 3725 2656 φηγοραῖ

2148 2652 2370 2748 σμένογυ,
2398 2672 2488 2726 διὰ
2532 2671 2699 2741 τιμῆς
2728 2665 2993 2738 ἀργυρίου
3024 2662 3181 2715 τοῦτο
3212 2660 3428 2712 κτᾶται.
3459 2654 3650 2748 υῦτως⁸
3669 2652 3723 2748 οἱ

2147 2744 2354 2836 ταύτην
2382 2765 2482 2829 τὴν
2517 2762 2756 2830 ἄθεσμον
2806 2757 3007 2829 πρᾶξιν
3031 2752 3389 2825 ἐργαζόμενοι
3424 2744 3722 2800 καταϐιϐά-

2151 2861 2305 2925 ζουσι
2332 2856 2394 2909 τὸ
2433 2853 2657 2923 Πνεῦμα
2709 2850 2770 2901 τὸ
2802 2849 2981 2915 ἅγιον,
3041 2846 3132 2898 ίσα
3162 2839 3567 2913 ἁμαρτάνοντες
3609 2836 3723 2895 τοῖς

2152 2946 2567 3022 βλασφημοῦσιν
2596 2947 2653 2996 ὲν
2683 2938 3013 3004 Βεελζεϐοὺλ
3046 2935 3329 2990 ἐκϐάλλειν
3358 2931 3425 2985 τὰ
3477 2926 3719 2996 δαιμόνια

2150 3019 2241 3099 τὸν
2277 3039 2512 3113 Χριστόν
2533 3053 2546 3066 ’
2575 3037 2609 3106 ἢ
2635 3036 2696 3089 τό
2727 3052 2789 3103 γε
2822 3032 3185 3103 ἀληθέστερον
3210 3028 3403 3086 εἰπεῖν,
3426 3019 3717 3113 παρεοίκα-

467 3124 642 3179 zebub
688 3122 889 3191 ejicere
933 3121 1202 3175 dmmonia
1237 3120 1515 3175 Christum
1547 3120 1614 3174 ".
1643 3120 1822 3190 Atque
1857 3132 1916 3175 ut
1951 3138 2042 3175 ve-

2153 3153 2240 3188 σιν
2277 3131 2447 3202 Ἰούδᾳ
2470 3122 2551 3200 τῷ
2576 3127 2832 3198 προδότῃ,
2880 3123 2938 3187 ὃς
2968 3124 3081 3185 τοῖς
3115 3118 3414 3178 οεοκτόνοις
3455 3111 3718 3170 Ἰουδαίοις

2937 3214 2945 3216 _
3042 3213 3052 3216 Α
3258 3209 3271 3216 _
3302 3210 3313 3216 _
3518 3205 3570 3216 ,Α
3664 3196 3687 3215 τ

468 3216 586 3269 rius
635 3214 906 3278 dicamus,
966 3211 1118 3266 Jndze
1153 3220 1548 3281 comparantur
1621 3212 1894 3272 tradituri,
1953 3211 2047 3278 qui

469 3307 565 3360 Dei
593 3305 935 3360 occisorihus
969 3301 1171 3359 ludatis
1197 3303 1372 3373 pretio
1402 3303 1612 3373 argenti
1638 3302 1922 3357 Christum
1955 3318 2050 3355 ve-

470 3395 770 3450 numdedit.
804 3394 939 3449 Cum
975 3408 1109 3462 ergo
1149 3404 1372 3449 sanctus
1405 3394 1646 3464 Spiritus
1685 3394 2052 3449 consubstan-

469 3487 618 3542 tialis
662 3487 735 3542 sit
785 3486 1003 3541 Christo
1041 3485 1150 3540 Deo
1187 3496 1399 3551 nostro,
1430 3485 1677 3555 ejusdem
1715 3487 1945 3540 omnino
1999 3494 2053 3540 et

470 3578 572 3647 ipsi
590 3578 856 3648 portionis
875 3588 1058 3643 erunt,
1081 3577 1260 3647 sont
1283 3587 1564 3632 ostensum
1589 3587 1693 3631 est.
1717 3578 1770 3633 Si
1794 3593 1922 3632 vero
1943 3594 2050 3633 non

469 3669 723 3726 venditur
750 3669 1124 3739 (perspicuum
1158 3668 1302 3723 enim
1334 3676 1439 3734 est,
1475 3668 1619 3737 quod
1652 3656 1803 3722 nullo
1836 3670 2043 3734 modo),

469 3775 578 3815 non
613 3768 700 3815 est
725 3759 915 3829 procul
950 3759 1116 3813 dubio
1173 3760 1227 3813 in
1258 3759 1340 3813 eis
1370 3760 1544 3827 gratia
1598 3759 1835 3829 Spiritus
1873 3758 2051 3813 sancti

468 3849 524 3905 id
567 3855 675 3914 est,
704 3848 997 3904 sacerdotii
1031 3849 1317 3904 sanctitas.
1350 3848 1483 3902 Nam
1523 3849 1666 3919 quod
1696 3864 1801 3902 non
1828 3862 2052 3917 accepe-

469 3953 621 4006 runt,
658 3956 766 3996 non
800 3941 1022 3995 habent.
1055 3942 1330 3995 Memorcs
1363 3956 1493 4010 ergo
1533 3942 1643 3995 sint
1666 3942 1840 3996 sancti
1881 3940 2050 4005 Petri,

470 4033 539 4087 ad
566 4050 691 4088 eum
732 4033 825 4103 qui
867 4033 971 4088 hoc
1001 4033 1255 4087 studebat
1302 4032 1376 4086 ita
1424 4032 1770 4088 dicentibus:
1818 4033 1940 4087 Non
1973 4044 2052 4087 est

472 4125 570 4181 tibi
617 4141 764 4195 pars,
819 4139 980 4194 neque
1033 4138 1149 4177 sors
1201 4124 1255 4175 in
1295 4137 1532 4176 sermone
1564 4122 1753 4175 hoc”.
1810 4122 1867 4177 Si
1904 4124 2051 4178 enim

470 4216 839 4270 venumdatur
877 4212 1171 4269 sacerdotii
1201 4213 1459 4288 dignitas,
1502 4229 1632 4283 ergo
1667 4214 1942 4283 superﬂua
1970 4223 2055 4269 est

472 4307 618 4376 apud
663 4307 814 4375 ipsos
866 4306 990 4360 vita:
1029 4305 1333 4375 probabilis
1367 4305 1531 4369 actio,
1590 4314 1643 4359 et
1698 4306 1751 4358 in
1802 4305 2055 4361 castitate

473 4399 709 4467 aliisque
764 4397 1062 4452 virtutibus
1132 4399 1503 4452 conversatio.
1582 4397 1903 4467 Superﬂuns
1970 4406 2055 4453 cst

2151 3223 2320 3293 τιμῆς
2346 3196 2612 3292 ἀργυρίου
2626 3196 2728 3271 τὸν
2758 3196 2993 3287 Χριστὸν
3030 3209 3477 3281 ἁπεμπολήσατο.
3518 3205 3603 3264 Ὠς
3633 3196 3717 3293 οῦν

2151 3290 2395 3381 «Sami
2420 3290 2644 3379 Πνεῦμα
2687 3304 2972 3377 όμοούσιόν
3028 3304 3145 3355 ἐστι
3211 3296 3434 3370 Χριστῷ
3486 3294 3564 3363 τῷ
3604 3290 3714 3362 Θεῷ

2152 3405 2330 3476 ἡμῶν.
2371 3405 2473 3475 τῆς
2507 3401 2677 3470 αὐτῆς
2705 3397 2868 3453 παντί
2902 3413 3003 3449 που
3044 3394 3203 3462 δῆλον
3236 3391 3452 3444 ἔσονται
3490 3386 3733 3458 μερίδος

2151 3498 2227 3559 ὡς
2255 3496 2654 3550 ἀποδέδεικται.
2703 3493 2767 3546 Ei
2813 3491 2869 3544 δὲ
2912 3490 2973 3542 ού
3007 3489 3381 3556 πιπράσκεται
3437 3480 3716 3554 (πρόδηλον

2153 3589 2262 3660 γὰρ
2299 3587 2599 3658 οὐδαμῶς),
2622 3583 3043 3655 ἀναμφιλέκτως
3069 3581 3171 3633 ούκ
3223 3579 3370 3632 ἔστιν
3400 3579 3458 3629 ὲν
3481 3575 3660 3635 αὐτοῖς
3691 3572 3720 3639 ἡ

2155 3684 2316 3755 χάρις
2350 3678 2444 3733 τοῦ
2471 3678 2628 3746 ἁγίου
2678 3675 3021 3745 Πνεύματος,
3080 3672 3254 3742 ἡτοιὴ
3306 3670 3408 3737 τῆς
3451 3663 3721 3734 ἁγιστείας

2156 3772 2450 3844 ἱερωσύνη,
2486 3771 2582 3824 καὶ
2613 3768 2641 3821 ὅ
2668 3768 2768 3822 οὐκ
2809 3766 3003 3819 ἔλαϐον
3032 3765 3152 3817 οὐδὲ
3190 3762 3374 3832 ἔχουσι
3398 3777 3412 3790 ·
3447 3755 3718 3828 μνησοῶσι

2154 3864 2247 3919 τοῦ
2302 3862 2457 3932 ἁγίου
2520 3861 2725 3931 Πέτρου
2763 3858 2901 3930 πρὸς
2954 3856 3045 3910 τὸν
3094 3855 3251 3909 τοῦτο
3303 3850 3721 3921 ἐπιτηδεύσαντα

2156 3954 2300 4009 οῦτω
2319 3954 2590 4021 λέγοντος
2617 3952 2738 4004 Οὐκ
2762 3950 2896 4003 ἐστι
2927 3961 3026 4001 σοι
3052 3946 3221 4015 μερίς
3248 3943 3390 3997 οὐδὲ
3411 3939 3634 4009 κλῆρος
3660 3935 3722 3988 ἐν

2157 4046 2240 4112 τῷ
2270 4047 2432 4114 λόγῳ
2461 4043 2671 4107 τούτῳ.
2706 4041 2769 4093 Ei
2804 4040 2913 4110 γάρ
2944 4036 3342 4107 ἁπεμπολεῖται
3377 4035 3410 4103 ή
3440 4032 3541 4102 τῆς
3573 4032 3720 4099 ἱερω-

2160 4138 2325 4209 σύνης
2372 4136 2520 4202 ἀξία,
2573 4135 2680 4204 ἄρα
2712 4131 2941 4203 περιττὴ
2975 4130 3105 4201 παρ’
3138 4129 3322 4191 αὐτοῖς
3366 4129 3401 4198 ἡ
3457 4125 3599 4180 κατὰ
3641 4121 3722 4175 τὸν

2161 4230 2275 4301 βίον
2309 4229 2484 4298 σεμνὴ
2508 4228 2777 4291 πολιτεία,
2807 4225 2902 4280 καὶ
2925 4226 2958 4293 ἡ
2984 4226 3043 4276 ὲν
3077 4220 3271 4291 ἁγνείᾳ
3304 4220 3397 4272 καὶ
3417 4220 3588 4290 ἁρετῇ
3606 4218 3722 4270 dva-

2164 4321 2371 4393 στροφή
2393 4336 2405 4349 '
2436 4320 2691 4389 περιττὸς
2740 4318 2861 4371 κατ’
2897 4315 3098 4378 αὐτοὺς
3160 4314 3255 4365 καὶ
3299 4301 3508 4374 Παῦλος
3541 4313 3569 4363 ὁ
3595 4310 3724 4370 Baio;

2157 4412 2459 4474 ἀπόστολος
2482 4411 2748 4464 διδάσκων
2770 4428 2784 4441 ο
2826 4408 2927 4462 Δεῖ
2944 4408 3050 4460 τὸν
3082 4407 3425 4459 ἐπίσκοπον
3450 4403 3725 4465 ἀνεπίλη-

472 4490 781 4546 secundum
842 4488 990 4558 ipsos
1016 4490 1207 4561 "etiam
1257 4492 1460 4546 Paulus
1513 4490 1732 4546 divinus
1775 4495 2042 4559 apostolus

2162 4519 2316 4556 πτον
2350 4498 2527 4564 εἶναι,
2563 4500 2868 4569 σώφρονα,
2901 4500 3188 4568 κόσμιον,
3234 4495 3580 4549 διδακτικόν
3601 4534 3614 4556 ,
3649 4492 3727 4558 ἐγ·

479 4586 670 4640 dicens
700 4622 716 4643 ,
746 4591 984 4651 oportere
1012 4584 1313 4652 episcopum
1370 4582 1877 4651 irreprehensibilem
1903 4602 2015 4639 esse
2041 4625 2055 4650 ,

473 4678 781 4746 prudentem
816 4715 832 4741 ,
903 4686 1149 4728 ornatum
1186 4714 1201 4739 ,
1277 4675 1543 4729 doctorem
1578 4715 1593 4739 ,
1651 4678 1999 4731 continentem
2039 4718 2053 4739 ,

475 4770 732 4833 sobrium,
788 4766 1187 4834 amplectentem
1236 4784 1355 4822 eum
1398 4769 1488 4838 qui
1527 4770 1815 4822 secundum
1859 4771 2059 4824 doctri-

473 4879 600 4918 nam
620 4870 698 4916 est
747 4861 953 4931 ﬁdelem
995 4877 1308 4924 sermonem,
1345 4870 1401 4913 ut
1448 4870 1630 4929 potens
1658 4864 1729 4915 sit
1787 4863 2059 4918 exhortari

473 4958 531 5010 in
575 4954 823 5008 doctrina
868 4970 1025 5018 sana,
1076 4964 1125 5007 et
1174 4970 1263 5007 eos
1319 4954 1409 5022 qui
1449 4954 1825 5007 contradicunt
1864 4974 2055 5028 argue-

474 5063 532 5100 re
580 5047 650 5100 ⁹¹.
698 5044 1053 5100 Proferentur
1113 5043 1497 5116 [evanescunt]
1553 5045 1717 5116 igitur
1774 5048 1889 5101 hanc
1933 5064 2054 5101 om-

474 5136 566 5190 nia
600 5136 668 5191 de
698 5137 981 5192 venditore
1016 5151 1081 5191 ac
1118 5145 1372 5206 emptore
1406 5137 1650 5193 benelicii
1689 5140 2053 5211 [sacerdotii].

474 5228 648 5283 Porro
676 5228 917 5298 subjecta
973 5236 1288 5282 sanctorum
1326 5228 1637 5282 testimonia
1670 5230 1907 5282 alienum
1939 5246 2058 5284 om-

474 5320 609 5375 nino
632 5335 660 5374 a
691 5319 1005 5376 sacerdotio
1041 5322 1397 5390 pronuntiant
1421 5338 1543 5376 eum
1590 5324 1682 5392 qui
1716 5323 1926 5378 dederit
1955 5324 2058 5377 ali-

474 5414 696 5483 quando
733 5414 815 5469 vel
852 5414 1127 5484 acceperit
1158 5414 1210 5468 in
1244 5416 1428 5485 aliquo
1465 5426 1729 5485 tempore,
1763 5417 1876 5471 sive
1915 5418 2057 5471 scili-

2161 4588 2373 4657 κρατῆ,
2403 4588 2733 4655 νηφαλέον,
2771 4585 3176 4653 ἀντεχόμενον
3198 4581 3303 4633 τοῦ
3335 4578 3487 4632 κατὰ
3516 4579 3628 4645 τὴν
3660 4576 3728 4628 δι·

2160 4680 2362 4751 ὃαχὴν
2407 4679 2629 4735 πιστοῦ
2682 4680 2894 4749 λόγου,
2921 4678 3022 4729 ἵνα
3043 4674 3305 4735 δυνατὸς
3332 4668 3373 4743 ᾗ
3433 4671 3533 4725 καί
3560 4684 3731 4737 παραυ

2161 4772 2376 4826 καλεῖν
2417 4773 2487 4826 ἐν
2526 4772 2600 4842 τῇ
2627 4770 2988 4842 ὑγιαινούσῃ
3023 4766 3406 4831 διδασκαλίᾳ,
3454 4764 3556 4818 καί
3603 4761 3731 4824 τοὺς

2161 4867 2588 4934 ἀντιλέγοντας
2604 4868 2895 4934 ἐλέγχειν.
2916 4863 3137 4933 Οῖχεται
3153 4860 3333 4915 τοίνυν
3365 4856 3543 4912 ταῦτα
3570 4856 3733 4909 πάντα

2159 4963 2226 5015 ὲκ
2271 4958 2365 5011 τοῦ
2406 4960 2612 5029 πράτου
2676 4956 2771 5010 καὶ
2821 4954 3128 5026 ἀγοραστοῦ
3152 4954 3250 5025 τῆς
3307 4951 3627 5024 ἱερωσύνης.
3675 4948 3731 4999 Αἱ

2162 5046 2255 5101 οὖν
2282 5049 2645 5117 ὑποκείμεναι
2661 5048 2966 5115 ἁγιόλεκτοι
2994 5048 3240 5117 χρήσεις,
3265 5045 3548 5113 ἀλλότριον
3565 5043 3727 5110 πάντη

2162 5142 2261 5210 τῆς
2294 5140 2591 5210 ἱερωσύνης
2644 5140 3041 5209 ἀποφαίνονται
3072 5140 3165 5191 τόν
3211 5156 3340 5191 ποτε
3391 5139 3554 5191 δόντα
3581 5136 3614 5207 ἢ
3642 5136 3734 5187 λα-

2166 5234 2327 5287 ϐόντα
2354 5236 2412 5288 ἐν
2436 5234 2736 5305 οἱῳδήποτε
2803 5233 2999 5305 χρόνῳ.
3069 5232 3233 5287 Ἀλλά
3291 5233 3385 5286 καὶ
3441 5232 3622 5292 πάσας
3648 5229 3736 5288 τὰς

2164 5326 2436 5397 προϐολὰς
2458 5326 2558 5389 τὰς
2589 5327 3042 5394 ἐκκλησιαστικάς
3070 5325 3394 5396 ἀφαιροῦσιν
3421 5322 3514 5375 ἐπὶ
3539 5324 3605 5391 τῇ
3638 5318 3737 5370 τῶν

2165 5420 2463 5489 χρημάτων
2480 5418 2644 5472 δόσει.

475 5513 565 5562 cet
601 5516 729 5563 ante
795 5523 995 5565 manus
1044 5508 1474 5579 impositionem,
1543 5512 1658 5565 sive
1722 5512 1772 5564 in
1827 5526 2024 5564 manus
2087 5512 2458 5581 impositione,
2516 5514 2631 5568 sive
2685 5522 2809 5582 post
2858 5527 3056 5567 manus
3104 5511 3535 5581 impositionem.
3584 5502 3731 5560 Acci-

477 5617 608 5675 pere
677 5613 762 5661 est
815 5606 960 5662 enim
1035 5607 1282 5677 accipere
1332 5608 1787 5677 quandocunque.
1841 5606 1946 5661 Sed
2001 5616 2055 5662 et
2094 5623 2282 5665 omnes
2315 5610 2694 5679 promotioncs
2758 5608 3165 5666 ecclesiasticas
3216 5605 3476 5663 auferunt
3540 5603 3594 5659 in
3639 5600 3728 5657 da-

478 5696 627 5752 lione
660 5699 1037 5765 pecuniarum.

564 5790 610 5822 ⁸⁸
646 5790 780 5864 licg.
808 5808 868 5860 ιι,
899 5794 990 5850 50.

1075 5797 1121 5829 ⁸9
1179 5796 1309 5853 Luc.
1345 5811 1403 5864 ιι,
1439 5796 1524 5851 l5.
1608 5796 1653 5829 θ’
1678 5796 1778 5851 Act
1837 5811 1957 5863 vni,
1992 5796 2078 5850 2|.

2170 5793 2423 5852 9'1Tim.
2463 5809 2539 5859 ιιι,
2571 5792 2637 5859 ‘2;
2670 5792 2775 5847 Tit.
2807 5811 2840 5849 ι.
