3994 6424
216 355 347 423 533

457 476 672 532 Κανὼν
703 474 821 529 τῶν
856 474 1039 545 ἁγίων
1086 475 1467 537 ἀποστόλων,
1500 472 1605 528 κθ’.

300 569 417 624 320'.
464 570 530 622 Ei
556 586 638 632 τις
665 568 959 631 ἐπίσκοπος
988 565 1076 620 διὰ
1107 565 1425 637 χρημάτων,
1456 583 1508 621 κ.
1544 583 1594 618 τ.
1617 564 1668 618 λ.

354 660 457 713 Ἐκ
498 660 615 713 τῶν
647 658 927 726 Πράξεων
954 656 1073 710 τῶν
1103 658 1287 727 ἁγίων
1331 657 1713 712 ἀποστόλων.

314 750 475 802 Ἰδὼν
500 750 558 803 δὲ
585 752 612 803 6
647 749 830 819 Σίμων
882 751 963 804 ὅτι
994 749 1081 802 διὰ
1117 749 1215 820 τῆς
1246 746 1546 810 ἐπιθέσεως
1575 747 1684 799 τῶν
1715 763 1825 817 χει-

215 841 345 910 ρ·ἶ›ν
377 842 493 894 τῶν
520 842 835 896 ἀποστόλων
894 842 1095 896 δίδοται
1132 842 1193 894 τὸ
1246 839 1472 910 Πνεῦμα
1520 839 1583 892 τὸ
1644 838 1823 907 ἅγιον,

211 935 625 1003 προσήνεγκεν
658 934 843 998 αὐτοῖς
874 933 1135 1004 χρήματα
1157 931 1350 1002 λέγων,
1382 931 1513 985 Δότε
1540 930 1707 1001 κόιμώ⁵
1729 929 1827 1003 τὴν

212 1025 497 1090 ἐξουσίαν
524 1026 731 1097 ταύτην
750 1042 764 1058 ⁶
786 1027 871 1079 ἵνα
896 1019 939 1093 ᾧ
962 1025 1028 1079 ἂν
1046 1024 1217 1079 ἐπιθῶ
1236 1024 1336 1088 τὰς
1355 1025 1545 1095 χεῖρας
1572 1023 1826 1096 λαμϐάνῃ

214 1116 476 1187 Πνεῦμα
509 1118 684 1185 ἄτιον.
712 1117 918 1190 Πέτρος
974 1118 1031 1172 δὲ
1069 1115 1191 1171 εἷπε
1221 1118 1358 1188 πρὸς
1397 1117 1579 1183 αὑτὸν,
1612 1116 1687 1170 Τὸ
1722 1117 1828 1187 ἀρ-

213 1206 433 1276 γύριόν
466 1226 561 1262 σου
594 1211 693 1264 σὺν
722 1210 806 1263 σοὶ
833 1211 919 1281 εἴη
964 1211 1045 1273 είς
1072 1210 1345 1263 ἀπώλειαν
1385 1210 1467 1263 ὅτι
1489 1208 1588 1279 τὴν
1613 1209 1826 1279 δωρεὰν

212 1300 327 1355 τοῦ
366 1302 512 1356 Θεοῦ
543 1303 799 1373 ἐνόμισας
829 1302 916 1357 διὰ
957 1306 1261 1374 χρημάτων
1298 1302 1555 1368 κτᾶσθαι,
1583 1302 1685 1356 οὐκ
1708 1301 1826 1356 ἐστι

216 1410 312 1447 σοι
336 1396 510 1466 μερὶς
525 1396 647 1449 οὐδὲ
670 1396 867 1466 κλῆρος
886 1397 945 1449 ἐν
966 1395 1046 1466 τῷ
1074 1395 1217 1466 λόγῳ
1234 1394 1429 1465 τούτῳο
1445 1396 1479 1465 ἡ
1506 1393 1613 1465 γὰρ
1629 1394 1827 1464 καρδία

214 1502 327 1538 σου
372 1487 482 1540 οὐκ
507 1487 655 1540 εστιν
683 1486 865 1540 εὐθεῖα
886 1485 1114 1540 ἐνώπιον
1144 1486 1240 1539 τοῦ
1278 1485 1437 1539 Θεοῦ.
1480 1484 1827 1556 Μετανόησον

211 1573 325 1630 οὖν
351 1578 471 1631 ἀπὸ
498 1578 601 1648 τῆς
628 1578 826 1643 κακίας
854 1578 1080 1649 ταύτης,
1107 1577 1203 1631 καὶ
1227 1576 1450 1648 δεήθητι
1479 1575 1574 1630 τοῦ
1597 1576 1755 1641 Θεοῦ,
1777 1578 1827 1630 εί

214 1666 344 1737 ἄρα
372 1667 713 1739 ἀφεθήσεταί
731 1685 813 1720 σοι
832 1669 866 1739 ἡ
884 1668 1095 1721 ἐπίνοια
1115 1667 1216 1737 τῆς
1238 1667 1466 1737 καρδίας
1486 1683 1602 1731 σου,
1626 1667 1704 1730 είς
1718 1667 1827 1738 γὰρ

217 1759 407 1830 χολὴν
438 1760 666 1831 πικρίας
696 1762 790 1814 καὶ
822 1759 1116 1831 σύνδεσμον
1137 1757 1350 1823 ἀδικίας
1376 1758 1487 1828 ὁρῶ
1518 1775 1579 1812 σε
1599 1758 1754 1816 ὄντα.

542 1940 638 1992 Ἐκ
668 1937 777 2005 τῆς
803 1938 1008 2006 τρίτης
1028 1933 1150 1989 τῶν
1184 1934 1539 1990 Βασιλειῶν.

304 2030 428 2086 Καὶ
457 2030 558 2085 οὐκ
588 2028 922 2099 ἐπέστρεψεν
977 2026 1259 2099 Ἱεροϐοὰμ
1312 2027 1421 2081 ἀπὸ
1464 2028 1564 2098 τῆς
1624 2026 1826 2093 κακίας

224 2122 418 2178 αὐτοῦ
445 2138 461 2153 ·
500 2121 599 2176 καὶ
624 2120 927 2191 ἐπέστρεψε
974 2119 1068 2174 καὶ
1110 2119 1366 2190 ἐποίησεν
1404 2119 1465 2172 ἐκ
1508 2118 1706 2190 μέρους
1728 2118 1823 2174 τοῦ

222 2213 378 2269 λαοῦ
409 2215 578 2284 ίερεῖς
608 2212 830 2284 ὑψηλῶν
846 2228 859 2243 ·
884 2214 912 2266 6
934 2211 1256 2282 βουλόμενος
1284 2210 1525 2282 ἐπλήρου
1549 2210 1647 2281 τὴν
1669 2213 1826 2282 χεῖρα

228 2305 439 2369 αὐτοῦ,
469 2306 563 2359 καὶ
595 2307 811 2374 ἐγένετο
837 2305 1015 2375 ίερεὺς
1053 2305 1131 2366 εἰς
1164 2302 1234 2356 τὰ
1262 2301 1459 2372 ὑψηλὰ,
1486 2302 1582 2356 καὶ
1613 2302 1829 2371 ἐγένετο

234 2399 407 2467 ῥῆμα
436 2396 593 2451 τοῦτο
630 2398 710 2459 είς
739 2394 1013 2466 ἁμαρτίαν
1058 2392 1136 2465 τῷ
1192 2392 1327 2464 οἴκῳ
1392 2393 1693 2464 Ἱεροϐοὰμ,
1734 2396 1831 2449 καὶ

234 2491 325 2553 εἰς
359 2489 607 2561 δλεθρον,
638 2488 734 2541 καὶ
775 2488 855 2552 είς
881 2485 1190 2557 ἀφανισμὸν
1244 2485 1353 2542 ἀπὸ
1383 2485 1679 2557 προσώπου
1732 2487 1832 2557 τῆς

234 2598 379 2652 γης-

515 2673 612 2726 Ἐκ
639 2674 751 2742 τῆς
777 2670 1057 2740 τετάρτης
1088 2670 1208 2727 τῶν
1233 2672 1585 2727 Βασιλειῶν.

318 2765 442 2819 Καὶ
472 2764 771 2834 ἐπέστρεψε
805 2766 1028 2837 Νεεμὰν
1057 2766 1193 2836 πρὸς
1230 2766 1519 2831 Ἐλισσαιέ,
1554 2765 1715 2829 αὐτὸς
1740 2764 1835 2819 καὶ

242 2858 412 2911 πᾶσα
439 2856 813 2928 ἡπαρεμϐολὴ
843 2857 1028 2921 αὐτοῦ,
1057 2858 1152 2911 καὶ
1170 2852 1302 2928 ἦλθε
1331 2857 1426 2910 καὶ
1473 2857 1675 2927 ἔστηκε
1705 2856 1837 2910 ἐνώ-

952 420 957 425 ,
1035 360 1433 420 SYNTAGMA
1465 358 1857 421 CANONUM.
1899 385 1968 394 ·-
2001 361 2146 421 TiT.
2190 363 2237 436 1,
2270 364 2426 423 CAP.
2462 365 2666 426 XXIV.

1850 478 1899 533 Δ

3392 370 3495 436 534

2202 476 2385 531 Conon
2408 489 2709 534 sanctorum
2740 481 3098 549 apostolorum
3121 483 3214 541 29.

1994 566 2082 621 29.
2118 566 2174 623 Si
2212 568 2337 636 quis
2362 570 2648 640 episcopus
2679 572 2945 641 pecuniis,
2967 583 3097 639 etc.,
3132 585 3187 629 ut
3214 591 3338 645 pag.
3366 575 3493 635 515.

2181 657 2257 713 De
2291 659 2509 714 Actibus
2539 671 2841 715 sanctorum
2874 664 3253 732 apostolorum.

1997 750 2134 807 Cum
2184 752 2410 808 vidisset
2456 763 2633 809 autem
2688 752 2902 820 Simon,
2953 755 3083 825 quia
3134 771 3231 826 per
3269 757 3498 828 imposi-

1930 842 2131 897 tionem
2152 858 2346 899 manus
2360 844 2731 913 apostolorum
2754 845 2976 900 daretur
2990 844 3229 916 Spiritus
3250 858 3494 912 sanctus,

1927 934 2126 989 obtulit
2172 935 2254 991 eis
2302 935 2614 1005 pecuniam,
2648 936 2869 992 dicens:
2936 936 3070 992 Date
3107 946 3163 993 et
3189 939 3323 993 mihi
3357 940 3499 994 hanc

1927 1034 2273 1095 potestatem,
2320 1035 2381 1081 ut
2409 1026 2718 1096 cuicunque
2756 1027 3069 1097 imposuero
3100 1045 3317 1094 manus,
3350 1031 3498 1085 acci-

1927 1117 2042 1189 piat
2086 1116 2349 1187 Spiritum
2418 1128 2687 1174 sanctum.
2752 1119 2945 1175 Petrus
3002 1129 3182 1174 autem
3235 1120 3375 1175 dixit
3431 1122 3497 1174 ad

1926 1224 2053 1265 eum
2092 1226 2107 1262 :
2140 1208 2372 1264 Pecunia
2398 1217 2492 1265 tua
2517 1219 2694 1265 tecum
2750 1211 2821 1266 sit
2855 1212 2907 1265 in
2944 1212 3299 1281 perditionem
3325 1230 3340 1271 :
3369 1212 3500 1280 quia

1928 1301 2134 1358 donum
2183 1300 2277 1357 Dei
2318 1302 2641 1357 existimasti
2694 1303 2924 1371 pecunia
2956 1303 3247 1371 possideri,
3276 1319 3383 1358 nou
3415 1314 3501 1358 est

1928 1395 2027 1451 tibi
2071 1410 2220 1465 pars,
2275 1410 2451 1464 neque
2480 1409 2602 1450 sors
2632 1394 2687 1448 in
2728 1410 2983 1449 sermone
3012 1398 3157 1450 isto:
3210 1410 3306 1449 cor
3349 1396 3496 1449 enim

1930 1498 2083 1543 tuum
2136 1502 2246 1543 non
2300 1496 2384 1542 est
2428 1496 2637 1541 rectum
2695 1501 2879 1541 coram
2920 1485 3049 1541 Deo.
3105 1484 3497 1540 Paenitentiam

1929 1576 2113 1647 itaque
2145 1591 2243 1646 age
2288 1577 2356 1632 ab
2384 1577 2486 1632 hac
2539 1576 2778 1646 nequitia
2808 1585 2923 1640 tua,
2952 1586 3008 1631 et
3048 1590 3183 1645 roga
3216 1575 3407 1641 Deum,
3450 1576 3497 1629 si

1930 1671 2071 1727 forte
2113 1669 2422 1725 remittatur
2475 1670 2570 1723 tibi
2625 1670 2739 1725 haec
2768 1668 3027 1738 cogitatio
3075 1667 3260 1724 cordis
3302 1667 3403 1723 tui.
3439 1664 3499 1721 In

1932 1763 2055 1819 felle
2090 1761 2238 1817 enim
2289 1760 2669 1818 amaritudinis
2711 1768 2766 1816 et
2808 1760 3142 1830 obligatione
3195 1758 3502 1829 iniquitatis

1928 1854 2083 1910 video
2111 1864 2164 1908 te
2189 1868 2310 1910 esse
2334 1851 2400 1905 “.

2305 1944 2390 1998 Ea:
2420 1944 2556 1999 libro
2587 1942 2738 1997 tertio
2762 1941 3081 2013 Regnorum.

1995 2038 2112 2095 Non
2142 2047 2229 2095 est
2272 2052 2527 2094 reversus
2556 2034 2847 2091 Jeroboam
2885 2034 2953 2089 de
2980 2036 3066 2090 via
3097 2049 3197 2090 sua
3238 2031 3502 2104 pessima,

1927 2133 2021 2191 sed
2060 2148 2093 2189 e
2143 2131 2422 2187 contrario
2468 2130 2601 2186 fecit
2647 2129 2716 2184 de
2750 2128 3069 2184 novissimis
3104 2126 3289 2198 populi
3320 2140 3503 2180 sacer-

1927 2224 2081 2280 dotes
2123 2222 2487 2279 excelsorum.
2558 2220 2884 2289 Quicunque
2942 2219 3182 2283 volebat,
3243 2215 3507 2285 implebat

1931 2330 2151 2370 manum
2207 2329 2359 2369 suam
2415 2321 2470 2368 et
2519 2312 2679 2367 ﬁebat
2725 2310 2983 2367 sacerdos
3033 2309 3400 2374 excelsorum,
3447 2315 3509 2363 et

1930 2416 2153 2479 propter
2205 2406 2347 2461 hanc
2394 2418 2618 2459 causam
2665 2403 2914 2473 peccavit
2967 2401 3164 2456 domus
3189 2398 3509 2465 Jeroboam,

1932 2508 1987 2556 et
2021 2513 2210 2555 eversa
2240 2506 2351 2562 est,
2382 2505 2437 2553 et
2469 2495 2643 2551 deleta
2678 2496 2911 2564 desuper
2942 2492 3080 2547 facie
3110 2500 3271 2547 terra:
3295 2490 3362 2545 ”.

2310 2670 2390 2724 Ex
2417 2670 2548 2724 libro
2587 2679 2776 2740 quarto
2810 2669 3124 2738 Regnorum.

2003 2764 2383 2833 ileversusque
2424 2760 2669 2815 Naaman
2719 2760 2787 2816 ad
2840 2762 3018 2816 virum
3068 2761 3160 2816 Dei
3215 2773 3341 2816 cum
3390 2756 3525 2813 uni-

1934 2872 2092 2915 verso
2140 2856 2403 2913 comitatu
2455 2868 2579 2919 suo,
2613 2854 2762 2909 venit
2816 2862 2871 2909 et
2920 2854 3072 2909 stetit
3104 2867 3287 2908 coram
3322 2866 3408 2913 eo,
3458 2858 3515 2905 et

244 2963 385 2998 πιον
418 2946 603 3011 αὑτοῦ,
626 2946 718 3000 καὶ
747 2944 927 3000 εἶπεν⁸
969 2947 1104 3000 Ἰδοὺ
1135 2946 1199 3018 δὴ
1222 2946 1440 3012 ἔγνωκα
1484 2948 1567 3000 ὅτι
1591 2949 1691 3000 οὐκ
1718 2947 1835 3001 ἐστι

1946 2953 2051 3007 ait:
2084 2949 2220 3006 Vere
2251 2950 2370 3006 scio
2399 2947 2549 3020 quod
2574 2962 2684 3003 non
2717 2948 2789 3003 sit
2828 2945 2971 3001 Deus
3004 2946 3142 3001 alius
3173 2946 3225 2999 in
3261 2943 3514 2997 universa

242 3036 392 3099 Θεὸς
414 3037 474 3089 ἐν
507 3039 655 3109 πάσῃ
686 3039 753 3107 τῇ
787 3039 880 3108 γῇ,
909 3037 1025 3091 ἀλλ’
1058 3037 1175 3108 ἢέν
1218 3036 1295 3107 τῷ
1335 3036 1572 3108 Ἰσραήλ.
1605 3038 1713 3091 Kal
1744 3038 1835 3091 νῦν

1946 3052 2083 3099 terra
2115 3082 2130 3104 ,
2184 3042 2291 3100 nisi
2334 3052 2546 3098 tantum
2590 3040 2645 3095 in
2692 3038 2881 3095 Israel.
2935 3037 3176 3093 Obsecro
3226 3036 3409 3106 itaque
3454 3041 3519 3089 ut

245 3130 392 3183 λάϐε
421 3129 522 3200 τὴν
554 3129 804 3198 εὐλογίαν
833 3131 986 3201 παρὰ
1020 3130 1114 3183 τού
1157 3130 1347 3183 δούλου
1375 3146 1488 3184 σου.
1527 3132 1638 3185 Kal
1682 3127 1835 3185 εἶπεν

1946 3136 2177 3205 accipias
2201 3134 2634 3190 benedictionem
2670 3145 2699 3184 a
2736 3144 2895 3186 servo
2925 3137 3038 3183 tuo.
3066 3130 3133 3182 At
3168 3128 3261 3182 illc
3291 3140 3521 3194 respon-

260 3222 543 3276 Ἐλισσαιέ
563 3224 659 3293 ’Ζῇ
690 3222 892 3292 Κύριος
919 3214 963 3290 ᾧ
996 3223 1276 3293 παρέστην
1307 3223 1538 3276 ἐνώπιον
1565 3222 1755 3289 αὐτοῦ,
1789 3226 1835 3278 εἰ

1946 3227 2046 3282 dit:
2080 3224 2223 3280 Vivit
2254 3224 2543 3288 Dominus,
2576 3231 2704 3277 ante
2732 3235 2893 3291 quem
2929 3228 3039 3284 sto,
3072 3218 3200 3289 quia
3227 3232 3337 3272 non
3369 3215 3521 3270 acci-

249 3315 508 3384 λήψομαι
528 3330 543 3344 ’
572 3315 668 3367 καὶ
712 3314 1084 3384 παρεϐιάσατο
1114 3315 1276 3368 αὑτὸν
1308 3314 1516 3380 λαϐεῖν,
1557 3316 1650 3367 καὶ
1684 3314 1838 3384 ἠπεί-

252 3407 417 3469 Once.
449 3405 559 3460 Καί
590 3406 719 3476 μετ’
748 3407 943 3476 ὀλίγαν
975 3407 1082 3460 Kal
1109 3400 1228 3459 εἶπε
1258 3406 1509 3471 Γιεζὶτὸ
1556 3406 1842 3477 παιδάριον

263 3497 549 3550 Ἐλισσαιὲ
572 3514 585 3528 ·
619 3497 751 3550 Ἰδοὺ
789 3496 1041 3565 ἐφείσατο
1070 3499 1097 3551 ὁ
1140 3497 1327 3567 κύριός
1359 3515 1459 3566 μου
1489 3497 1582 3551 τοῦ
1624 3498 1843 3567 Νεεμὰν

254 3588 361 3643 τοῦ
394 3589 570 3660 Σύρου
589 3588 682 3642 τοῦ
709 3588 894 3642 λαϐεῖν
912 3590 976 3642 ἐκ
1006 3589 1184 3658 χειρὸς
1205 3587 1369 3641 αὑτοῦ
1388 3580 1462 3640 ὧν
1495 3587 1736 3658 ἐνήνοχε.
1768 3589 1840 3660 Ζῇ

260 3681 498 3751 Κύριος,
534 3682 582 3734 εἰ
615 3680 689 3752 μὴ
719 3679 1032 3751 δραμοῦμαι
1060 3680 1235 3732 ὀπίσω
1264 3678 1452 3744 αὑτοῦ,
1479 3679 1573 3732 καὶ
1600 3679 1842 3749 λήψομαι

260 3773 398 3842 παρ’
426 3772 592 3826 αὑτοῦ
625 3788 713 3825 τι·
734 3772 829 3824 καὶ
856 3772 1039 3837 ἐδίωξε
1074 3770 1225 3833 Γιεζὶ
1258 3770 1433 3823 ὀπίσω
1461 3771 1703 3840 Νεεμάν.
1732 3770 1839 3824 Καὶ

256 3865 414 3935 μετὰ
440 3866 692 3933 βραχέα.
727 3865 833 3917 Kal
863 3861 981 3916 εἷπε
1011 3863 1249 3933 Νεεμὲιν,
1276 3861 1421 3915 Λάϐε
1473 3862 1537 3933 δὴ
1586 3862 1846 3917 τάλαντον

262 3957 537 4026 ἀργυρίου
555 3974 570 3987 ο
595 3956 691 4011 καὶ
717 3956 874 4010 ἔλαϐε
898 3955 991 4008 δύο
1019 3955 1253 4008 τάλαντα
1294 3953 1562 4024 ἀργυρίου
1615 3955 1671 4006 ἐν
1727 3954 1844 4007 δυσί

267 4049 549 4110 θυλάκοις,
583 4048 677 4101 καὶ
700 4048 792 4101 δύο
846 4047 1255 4117 ἀλλασσομένας
1299 4045 1516 4107 στολάς.
1555 4044 1661 4098 Kal
1715 4047 1845 4113 μετ’

264 4139 467 4208 ἔτερα*
488 4140 597 4192 Καὶ
619 4135 738 4191 εἷπε
765 4138 899 4209 πρὸς
919 4139 1078 4191 αὐτὸν
1110 4137 1401 4190 Ἐλισσαιὲο
1440 4136 1633 4200 Πόθεν,
1661 4135 1845 4204 Fuﬁ;

269 4233 365 4284 καὶ
396 4225 519 4283 εἷπε
558 4232 723 4295 Fit-:31,
751 4232 823 4285 Ού
852 4230 1182 4301 πεπόρευται
1212 4229 1240 4280 6
1272 4228 1457 4290 δοῦλός
1484 4246 1574 4281 σου
1598 4228 1724 4281 ἔνθα
1757 4228 1849 4280 καὶ

269 4322 433 4375 ἐνθα’
467 4320 563 4374 καὶ
583 4314 704 4372 εἷπε
732 4321 865 4390 πρὸς
889 4320 1050 4372 αὑτὸν
1097 4318 1390 4371 Ἐλισσαιέο
1422 4318 1553 4387 Οὐχὶ
1586 4320 1619 4389 ἡ
1652 4318 1848 4389 καρδία

275 4428 381 4483 μου
410 4409 682 4481 ἐπορεύθη
715 4410 854 4479 μετὰ
890 4408 981 4461 σοῦ
1010 4425 1025 4473 ;
1071 4408 1165 4461 καὶ
1197 4403 1313 4460 οἶδα
1343 4408 1431 4460 ὅτε
1464 4408 1797 4478 ἐπέστρεψεν
1820 4410 1848 4462 6

1943 3321 2108 3390 piam.
2156 3317 2404 3388 Cumque
2446 3316 2557 3371 vim
2609 3314 2833 3381 faceret,
2882 3316 3102 3382 penitus
3152 3325 3259 3365 non
3293 3306 3529 3379 acquie-

1943 3412 2020 3466 vit
2078 3409 2145 3464 “.
2218 3412 2288 3463 Et
2360 3416 2476 3478 post
2536 3422 2707 3477 pauca
2762 3424 2779 3459 :
2851 3402 3108 3471 Dixitque
3174 3400 3323 3455 Giezi
3387 3412 3524 3468 puer

1946 3504 2044 3557 viri
2090 3501 2212 3556 Dei:
2262 3499 2506 3570 l‘epercit
2548 3498 2806 3552 dominus
2875 3509 3031 3550 meus
3094 3491 3338 3547 Naaman
3386 3492 3523 3562 Syro

1946 3594 2056 3657 isti,
2091 3599 2149 3645 ut
2191 3605 2298 3644 non
2332 3589 2605 3658 acciperet
2649 3586 2717 3641 ab
2747 3602 2812 3641 eo
2841 3601 2963 3655 quae
2996 3584 3197 3637 attulit.
3244 3579 3386 3634 Vivit
3423 3580 3527 3633 Do-

1946 3685 2151 3751 minus,
2188 3683 2316 3754 quia
2356 3697 2576 3738 curram
2625 3688 2752 3750 post
2781 3694 2932 3741 eum,
2974 3685 3028 3730 et
3058 3674 3321 3743 accipiam
3364 3672 3433 3726 ab
3459 3686 3525 3725 co

1945 3779 2171 3850 aliquid.
2232 3776 2298 3831 Et
2356 3784 2576 3831 secutus
2624 3780 2706 3827 est
2763 3770 2913 3826 Giezi
2953 3778 3074 3840 post
3111 3780 3322 3837 tergum
3377 3762 3525 3818 Nam

1948 3886 2074 3925 man
2139 3870 2209 3922 ”.
2275 3867 2343 3922 Et
2410 3874 2531 3935 post
2602 3879 2819 3934 pauca:
2887 3861 2953 3915 Et
3023 3860 3160 3915 dixit
3239 3856 3525 3911 Naaman:

1949 3960 2146 4029 Accipe
2168 3958 2425 4013 talentum
2456 3954 2701 4026 argenti;
2738 3959 2791 4007 et
2835 3950 3014 4021 coegit
3059 3963 3205 4013 eum,
3236 3945 3529 4015 ligavitque

1948 4048 2063 4103 duo
2106 4046 2307 4101 talenta
2339 4041 2550 4112 argenti
2598 4040 2652 4096 in
2689 4039 2904 4095 duobus
2936 4036 3134 4101 saccis,
3190 4042 3241 4088 ct
3289 4030 3527 4100 duplicia

1950 4140 2270 4194 vestimenta
2320 4136 2385 4191 ’°.
2441 4135 2509 4190 Et
2557 4142 2673 4203 post
2716 4131 2868 4185 alia:
2934 4128 3001 4182 Et
3049 4127 3189 4183 dixit
3244 4123 3524 4179 Elisaeus:

1951 4231 2105 4288 Unde
2149 4233 2299 4286 venit
2330 4228 2653 4295 Giezi?Qui
2700 4224 3016 4293 respondit:
3052 4220 3165 4272 Non
3203 4217 3297 4271 ivit
3339 4229 3531 4269 servus

1954 4336 2080 4379 tuus
2128 4336 2427 4393 quoquam.
2484 4320 2551 4372 At
2607 4318 2696 4371 ille
2728 4316 2840 4369 ait:
2881 4312 3076 4366 Nonne
3113 4326 3208 4364 cor
3240 4323 3420 4363 meum
3474 4306 3527 4360 in

1955 4413 2210 4485 praesenti
2240 4420 2378 4475 erat,
2409 4408 2629 4478 quando
2675 4418 2930 4460 reversus
2960 4411 3045 4457 est
3078 4401 3241 4456 homo
3268 4400 3332 4452 de
3364 4413 3528 4451 curru

273 4502 418 4571 ἀνὴρ
445 4501 553 4554 ἀπὸ
584 4500 677 4554 τοῦ
735 4501 982 4571 ἅρματος
1016 4501 1096 4563 εἰς
1128 4499 1451 4570 συνάντησίν
1480 4516 1595 4564 σου,
1631 4500 1725 4553 καὶ
1751 4500 1835 4555 νῦν

1952 4520 2054 4563 suo
2095 4504 2149 4558 in
2174 4516 2465 4558 occursum
2498 4499 2614 4553 tui?
2646 4497 2801 4551 Nunc
2831 4496 2992 4565 igitur
3021 4491 3281 4561 accepisti
3307 4489 3416 4559 82
3445 4505 3533 4539 ar-

272 4588 469 4654 ἐλαϐες
492 4590 553 4644 τὸ
584 4591 864 4662 ἀργύριον,
898 4594 991 4646 καὶ
1019 4593 1115 4647 νῦν
1146 4593 1335 4658 ἔλαϐες
1378 4594 1447 4648 τὰ
1512 4595 1721 4666 ἱμάτια,
1756 4596 1851 4650 καὶ

274 4681 423 4754 λήψῃ
456 4686 513 4736 ἐν
544 4684 722 4747 αὐτοῖς
750 4685 982 4753 κήπους,
1006 4686 1100 4737 καὶ
1125 4686 1378 4753 ἐλαιῶνα,
1408 4686 1501 4740 καὶ⁵
1529 4687 1850 4757 ἀμπελῶνα,

277 4775 369 4826 καί
388 4771 657 4842 πρόϐατα,
679 4775 770 4825 καὶ
802 4773 949 4842 βόας,
964 4778 1058 4826 καὶ
1074 4776 1286 4841 παῖδας,
1317 4776 1411 4829 καὶ
1425 4778 1735 4842 παιδίσκας,
1758 4782 1853 4834 καὶ⁵

274 4865 309 4935 ἡ
340 4864 517 4935 λέπρα
544 4864 763 4933 Νεεμὰν
791 4864 1178 4934 κολληθήσεται
1203 4869 1259 4920 ἐν
1290 4869 1371 4920 σοὶ
1384 4869 1477 4922 καὶ
1497 4870 1555 4921 ἐν
1583 4869 1660 4940 τῷ
1690 4872 1856 4943 σπέρ-

278 4954 407 5022 ματί
438 4971 530 5005 σου
563 4954 640 5015 είς
658 4954 749 5005 τὸν
770 4953 964 5020 aldina.
1001 4955 1108 5008 Kal
1131 4953 1351 5026 ἐξῆλθεν
1382 4957 1447 5009 ἐκ
1477 4957 1573 5010 τοῦ
1630 4962 1847 5031 προσώ-

279 5062 380 5096 που
429 5042 594 5097 αὑτοῦ
620 5041 1027 5113 λελεπρωμενος
1051 5045 1182 5097 ὡσεὶ
1209 5046 1359 5115 χιών.

319 5136 429 5189 Τοῦ
462 5135 635 5204 ἁγίου
676 5137 1002 5205 Βασιλείου
1033 5136 1102 5189 ἐκ
1138 5135 1248 5203 τῆς
1287 5141 1373 5205 είς
1421 5140 1526 5192 τὸν
1565 5141 1816 5197 Ἡσαΐαν

898 5204 1235 5273 ἑρμηνείας.

350 5293 553 5361 Νόμον
572 5293 756 5348 ἔδωκε
776 5296 862 5361 είς
876 5296 1190 5364 βοήθειαν,
1214 5298 1313 5350 ἵνα
1336 5299 1607 5355 εἴπωσιν*
1634 5307 1755 5374 Οὐχ
1779 5306 1859 5369 ὡς

1955 4602 2203 4666 gentum,
2255 4602 2309 4649 et
2354 4590 2615 4660 accepisti
2656 4597 2868 4641 vestes:
2921 4594 2977 4637 ut
3011 4598 3164 4638 emas
3198 4581 3418 4645 oliveta,
3468 4586 3515 4631 ιιι

1957 4690 2166 4755 vineas,
2226 4697 2281 4741 et
2340 4698 2492 4749 oves,
2561 4689 2615 4735 et
2663 4679 2853 4742 boves,
2914 4682 2969 4731 et
3043 4688 3255 4737 servos,
3311 4680 3366 4726 et
3439 4685 3505 4722 an

1955 4782 2138 4838 eillas:
2191 4778 2285 4834 sed
2342 4778 2489 4845 lepra
2530 4774 2776 4828 Naaman
2831 4766 3134 4825 adhaerebit
3180 4766 3275 4820 tibi
3336 4772 3390 4820 et
3446 4777 3535 4816 se-

1958 4873 2090 4929 mini
2121 4881 2216 4926 tuo
2248 4871 2300 4925 in
2355 4868 2768 4934 sempiternum.
2822 4864 2889 4919 Et
2936 4873 3194 4933 egressus
3222 4864 3308 4914 est
3357 4854 3425 4910 ab
3470 4867 3535 4907 eo

1956 4968 2209 5037 leprosus
2233 4962 2393 5034 quasi
2422 4961 2510 5015 nix
2542 4961 2612 5013 θ’.

2100 5140 2284 5196 Sancti
2318 5137 2510 5193 Basilii
2555 5150 2619 5189 ex
2646 5128 3028 5187 commentario
3076 5126 3131 5180 iu
3168 5122 3393 5178 Isaiam.

2026 5298 2215 5369 Legem
2245 5297 2411 5366 igitur
2445 5293 2589 5348 dedit
2634 5292 2689 5345 in
2731 5288 3018 5348 auxilium,
3056 5291 3112 5337 ut
3156 5281 3335 5334 dicant
3364 5293 3382 5332 :
3412 5273 3533 5330 Non

280 5385 345 5437 τὸ
365 5384 533 5453 ῥῆμα
551 5387 752 5450 τοῦτο,
777 5388 909 5458 περὶ
932 5384 1005 5445 οὗ
1028 5392 1136 5443 οὐκ
1157 5390 1288 5445 ἐστι
1314 5391 1469 5460 δῶρα
1491 5395 1698 5451 δοῦναι
1719 5368 1832 5467 περ

1965 5368 2346 5450 sicutverbum
2374 5391 2490 5450 hoc,
2536 5386 2599 5438 de
2636 5400 2738 5452 quo
2776 5397 2879 5435 non
2922 5387 2998 5431 est
3047 5389 3267 5428 munera
3296 5370 3424 5423 dare
3471 5368 3534 5419 de

281 5474 469 5529 αὐτοῦ
489 5493 502 5506 ο
532 5469 688 5541 οὗτος
712 5478 769 5532 δὲ
800 5479 829 5532 6
857 5479 1021 5549 νόμος
1044 5480 1144 5533 οὐκ
1173 5480 1319 5535 ἔστιν
1341 5484 1415 5546 ὠς
1438 5485 1496 5538 τὸ
1523 5488 1673 5558 ῥῆμα
1701 5466 1835 5544 τοῦτι

1964 5507 2024 5544 eo
2044 5492 2111 5545 ⁸⁸.
2144 5490 2269 5545 Haec
2300 5496 2479 5542 autem
2512 5483 2596 5535 lex
2638 5493 2745 5532 non
2784 5491 2842 5529 se
2874 5472 3036 5525 habet
3068 5469 3212 5522 sicut
3247 5466 3350 5519 hoc
3404 5477 3537 5515 ven-

283 5565 343 5617 τὺ
362 5567 817 5639 ἐγγαστρίμυθον·
854 5570 914 5623 οὐ
944 5571 1051 5642 γὰρ
1080 5572 1213 5642 πρὸς
1243 5573 1457 5646 ἀπάτην
1486 5552 1827 5652 ἐπινενόηται

1967 5583 2185 5654 triloqui
2235 5580 2480 5637 verbum.
2525 5573 2641 5627 Non
2686 5568 2832 5625 enim
2887 5564 2955 5619 ad
2995 5560 3183 5615 fucum
3231 5552 3537 5611 faciendum

361 5704 411 5789 ’.ξ
437 5702 734 5789 ActAuvlu,
793 5705 1020 5789 Ιῆξῖξζῗῖ..
1068 5709 1113 5738 ⁹³
1152 5708 1218 5789 11Ιῄ
1252 5708 1397 5789 Reg.
1431 5735 1546 5785 xm,
1573 5716 1661 5785 54,
1702 5722 1789 5784 54.

1898 5722 1941 5751 ’δ
1982 5718 2043 5773 ιν
2102 5717 2233 5778 Reg.
2294 5733 2345 5778 ν,
2412 5714 2493 5778 15,
2554 5702 2673 5765 16.’
2746 5707 2791 5737 ⁸⁵
2835 5702 2966 5759 ibid.
3023 5700 3112 5753 ‘20.
3199 5696 3245 5729 ⁹⁶
3274 5693 3404 5749 ibid.
3447 5690 3536 5745 2'5.

286 5772 329 5803 ﬂ
376 5773 508 5830 ibim
538 5759 733 5830 ἰδέη-1
805 5777 849 5807 ’³
874 5777 1038 5831 Exul.
1081 5759 1285 5845 λχίιεζ
1317 5759 1397 5789 ’δ’
1573 5759 1661 5785 V"
1702 5759 1789 5784 ων

1983 5759 1995 5773 I
2019 5759 2032 5769 ν
2102 5759 2233 5789 ..νου
2305 5759 2345 5783 v,
