3908 6296
559 325 668 390 535

1714 316 1975 379 PHOTlI
2010 315 2512 378 PATRIARCIUE
2545 319 2652 381 (ΣΡ.
3679 326 3763 392 536

556 437 868 508 excogitata
913 443 1016 501 est,
1057 433 1136 490 uti
1183 433 1275 489 illa
1329 431 1452 504 ejus
1503 432 1668 486 verba
1711 446 1724 481 :
1760 431 1851 485 sed
1885 429 2132 484 veritatis

2248 429 2424 505 ὥσπερ
2462 435 2669 499 ἐκεῖνα,
2705 433 2820 488 ἀλλ’
2849 433 3104 504 ἀληθείας
3139 434 3255 488 ἐστὶ
3303 433 3626 498 διδάσκαλος.
3670 440 3766 492 Κά-

556 535 643 581 est
687 525 974 594 magistra.
1025 522 1204 593 Atque
1249 522 1327 578 illi
1381 521 1601 591 quidem
1648 519 2021 574 vaticinanlur
2065 519 2136 572 ob

558 629 867 689 argentum.
910 616 1024 671 lloc
1072 632 1308 685 namque
1357 614 1653 670 ridiculum
1702 622 1806 678 est,
1851 611 1995 682 quod
2040 611 2136 681 qui

559 712 933 778 decipiuntur,
962 709 1250 778 pecuniam
1273 707 1436 760 etiam
1463 721 1559 774 pro
1585 703 1849 758 mendacii
1886 703 2135 756 mercede

560 803 642 856 eis
671 802 906 856 solvant.
955 798 1068 852 lloc
1095 807 1279 853 autem
1321 796 1573 861 verbum,
1604 795 1737 862 legis
1770 794 1998 856 Scilicet,
2031 793 2136 846 tale

563 911 669 949 non
713 904 820 957 est,
857 901 917 946 ut
957 905 1184 945 munera
1234 890 1434 944 dentur
1479 903 1578 958 pro
1627 901 1712 940 eo.
1754 885 1888 940 Nam
1919 886 2010 956 qui
2044 885 2134 939 Dei

561 986 792 1057 gratiam
824 983 1042 1048 vendat,
1077 996 1238 1036 nemo
1262 991 1364 1036 est.
1398 979 1580 1035 Gratis
1609 979 1906 1047 accepistis,
1937 977 2134 1048 inquit,

561 1078 730 1146 gratis
772 1076 895 1129 date
915 1077 984 1128 θ’.
1019 1074 1181 1129 Vides
1217 1073 1508 1143 quomodo
1549 1071 1744 1127 Petrus
1783 1070 1988 1124 Simoni
2038 1084 2139 1139 pro

561 1167 931 1236 comparando
977 1165 1217 1234 Spiritus
1267 1165 1448 1220 sancti
1479 1165 1627 1218 dono
1673 1163 1958 1233 pecuniam
2003 1161 2138 1215 οσο-

563 1259 702 1312 renti
733 1257 1146 1312 suecensuerit?
1173 1256 1408 1311 Pecunia
1432 1255 1576 1310 enim
1611 1265 1723 1317 tua,
1748 1254 1942 1321 inquit,
1971 1262 2136 1307 terum

562 1351 628 1403 sit
663 1351 716 1402 in
749 1349 1118 1417 perditionem,
1163 1349 1415 1418 quoniam
1463 1347 1778 1400 existimasti
1809 1345 2006 1398 donum
2042 1344 2138 1398 Dei

559 1441 790 1508 pecuniis
831 1441 1078 1509 parari‘.
1136 1438 1327 1508 Itaque
1371 1437 1645 1507 Evangelii
1680 1450 1864 1492 sermo
1903 1452 2010 1491 non
2057 1444 2140 1490 cst

561 1534 704 1585 sicut
756 1533 921 1586 verba
972 1549 1002 1586 a
1068 1532 1430 1600 ventriloquis
1482 1531 1722 1585 vendita.
1769 1528 1940 1595 Quam
1991 1528 2136 1583 enim

563 1621 737 1689 possit
786 1621 911 1690 quis
957 1620 1256 1690 rependere
1308 1620 1801 1674 remunerationem
1863 1616 2137 1687 Evangelii

562 1714 745 1766 verbis
785 1713 1046 1782 mgnam?
1087 1713 1343 1766 Davidem
1393 1711 1515 1765 audi
1563 1712 1747 1764 animo
1793 1710 2134 1779 pendentem,

563 1818 627 1858 ac
663 1805 928 1858 dicentem
965 1821 979 1857 :
1009 1803 1148 1869 Quid
1179 1804 1467 1856 retribuam
1503 1801 1727 1854 Domino
1769 1815 1864 1868 pro
1894 1801 2135 1854 omnibus

563 1911 682 1966 quin
723 1896 964 1950 retribuit
1012 1896 1140 1949 mihi
1165 1896 1224 1949 '?
1261 1893 1377 1950 Non
1422 1903 1506 1949 est
1552 1895 1716 1965 igitur
1747 1909 1975 1948 munera
2006 1893 2138 1946 dare

565 1988 633 2043 de
669 2004 756 2048 eo.
788 2004 909 2058 qua:
934 1989 1054 2058 ejus
1083 1989 1230 2042 dono
1261 1988 1471 2057 possint
1502 1988 1760 2041 conferri.
1798 1985 1975 2040 Unum
2017 1999 2138 2038 mu«

567 2095 675 2134 nus
701 2080 922 2150 dignum
956 2080 1142 2146 fuerit,
1173 2081 1219 2134 si
1255 2080 1307 2133 id
1334 2079 1482 2150 quod
1515 2079 1608 2133 dat
1643 2078 2005 2133 custodiatur.
2033 2074 2138 2142 Qui

564 2173 660 2227 tibi
696 2173 844 2227 hunc
870 2174 1188 2227 thesaurum
1233 2173 1530 2234 concessit.
1563 2171 1680 2226 dari
1723 2171 1954 2240 pretium
1993 2167 2140 2224 haud

563 2263 754 2333 exigit,
794 2263 889 2319 sed
921 2263 1229 2317 custodiam
1263 2278 1322 2318 re
1351 2263 1474 2317 data
1506 2263 1748 2333 dignam.

563 2355 674 2426 83
704 2353 954 2423 Ejusdem
977 2371 1042 2409 ea:
1069 2354 1292 2434 epistola
1325 2355 1393 2406 ad
1421 2354 1839 2434 chorepiscopos,
1870 2355 2008 2423 quod
2035 2369 2141 2409 non

875 2435 1110 2492 oporteat
1147 2427 1313 2493 pretio
1344 2441 1527 2477 manus
1560 2427 1837 2494 imponere.

641 2579 838 2635 Putant
861 2596 920 2635 se
961 2583 1080 2636 ideo
1115 2597 1220 2636 non
1273 2596 1523 2650 peccare,
1556 2583 1702 2651 quod
1751 2599 1860 2638 non
1895 2592 2022 2639 ante
2049 2599 2141 2638 ac-

566 2675 791 2746 cipiant,
839 2675 934 2732 sed
991 2685 1116 2746 post
1165 2675 1569 2729 ordinationem
1613 2676 1907 2746 accipiant.
1979 2676 2141 2731 Acci-

567 2784 694 2838 pere
713 2777 892 2822 autem
921 2777 998 2822 est
1025 2767 1465 2838 quandocunque
1485 2767 1752 2837 accipere.
1770 2769 1918 2840 ltogo
1937 2771 2139 2838 itaque,

567 2861 802 2916 reditqu
846 2861 1019 2925 illum,
1057 2861 1173 2915 sive
1209 2862 1390 2931 potius
1427 2861 1568 2916 viam
1605 2861 1657 2916 in
1692 2861 1997 2930 gehennam
2037 2863 2143 2918 (lu-

566 2961 778 3008 centem
808 2953 1116 3023 relinquite,
1142 2970 1243 3007 nec
1279 2968 1474 3008 manus
1497 2953 1769 3021 ejusmodi
1819 2953 2142 3010 muneribus

568 3048 1024 3114 contaminautes,
1059 3048 1309 3119 indignos
1346 3064 1444 3104 vos
1476 3047 1722 3105 elliciatis
1749 3047 1844 3115 qui
1879 3046 2138 3118 mysteria

569 3146 758 3194 sancta
782 3139 1081 3194 celebretis.
1115 3138 1204 3194 Sic
1230 3141 1390 3195 etiam
1415 3158 1537 3210 paq.
1574 3142 1702 3196 522.

818 3232 902 3286 Ea:
927 3233 1034 3286 vita
1055 3235 1229 3286 sancti
1244 3233 1470 3288 Joannis
1503 3233 1878 3306 Chrysostomi.

645 3393 891 3447 Accessit
916 3393 980 3448 ad
1011 3409 1113 3448 nos
1140 3392 1450 3462 episcopos,
1486 3393 1681 3462 prolixi
1710 3394 1980 3450 sermonis
2011 3409 2145 3450 cau-

571 3501 652 3551 sa,
671 3486 939 3541 Eusebius
970 3497 1256 3542 accusator
1279 3503 1370 3542 sex
1394 3487 1728 3555 reliquorum
1746 3487 2143 3556 episcoporum,

580 3594 776 3649 rogans
803 3589 860 3632 ut
889 3581 952 3632 ad
985 3579 1426 3634 communionem
1463 3578 1862 3632 admitteretur.
1913 3579 2146 3633 Contra-

570 3673 762 3727 dicunt
825 3673 1047 3742 quidam
1091 3671 1351 3742 episcopi,
1394 3671 1728 3739 adduntque,
1781 3671 2146 3739 calumniator

573 3779 697 3817 cum
734 3771 900 3828 esset,
935 3778 1043 3816 non
1089 3771 1340 3832 Oper-tere
1369 3761 1546 3830 ipsum
1575 3761 1809 3815 admitti.
1845 3760 1976 3815 l‘ost
2032 3762 2147 3815 haec

573 3857 897 3925 snpplicavit
948 3855 1136 3911 dicens
1175 3875 1188 3910 :
1224 3856 1496 3922 Quoniam
1535 3871 1704 3909 causa
1767 3856 1870 3908 ista
1923 3853 2145 3908 biennio

570 3948 808 4002 maxima
842 3963 906 4001 ex
932 3956 1083 4016 parte
1104 3949 1414 4002 examinata
1452 3956 1558 4013 est,
1584 3956 1639 4002 et
1670 3949 1736 4001 ad
1770 3945 1990 4000 testium
2046 3945 2146 3999 ad-

571 4052 789 4095 ventum
838 4039 979 4095 laeta
1025 4050 1107 4096 est
1150 4042 1356 4108 dilatio,
1409 4057 1542 4114 rogo
1580 4041 1833 4111 pietatem
1882 4049 2142 4104 vestram,

572 4144 631 4186 ut
663 4134 820 4187 hodie
854 4134 1079 4204 jamjam
1111 4143 1281 4190 testes
1317 4137 1644 4205 producam.
1699 4131 1816 4189 Etsi
1855 4134 1998 4188 enim
2033 4134 2145 4186 An-

573 4225 796 4280 toninus
849 4236 1099 4281 mortuus
1127 4236 1232 4292 est,
1262 4225 1356 4296 qui
1383 4241 1638 4281 nummos
1668 4224 1878 4296 accepit
1910 4232 1964 4278 et
1995 4223 2141 4278 ordi-

574 4318 743 4381 navit,
788 4328 1026 4372 attamen
1081 4327 1376 4390 supersunt
1405 4327 1460 4373 et
1506 4319 1598 4388 qui
1633 4320 1922 4384 dederunt,
1971 4329 2024 4373 et
2053 4319 2142 4386 qui

2237 528 2404 578 κεῖνοι
2439 525 2538 594 μὲν
2567 526 2654 578 ἐπ’
2685 525 2935 596 ἀργυρίῳ
2969 525 3345 596 μαντεύονται·
3371 526 3527 579 τοῦτο
3549 527 3649 599 γάρ
3670 532 3768 586 ἔστι

2233 617 2296 668 τὸ
2331 615 2735 684 καταγέλαστον
2797 617 2879 669 δτι
2922 616 3014 669 καὶ
3059 615 3322 687 ἀργύριον
3379 618 3556 680 αὐτοῖς
3585 619 3770 675 τελοῦσι

2239 707 2425 779 μισθὸν
2447 707 2541 760 τοῦ
2560 706 2788 777 ψεύδους
2809 709 2856 760 οἱ
2875 705 3242 776 ἀπατώμενοι.
3274 707 3445 760 Τοῦτο
3471 708 3527 760 δὲ
3549 708 3769 780 τδ¹ρἦα,

2234 799 2473 853 τοιοῦτόν
2498 801 2613 851 ἐστι
2646 797 2740 850 τοῦ
2776 797 3088 868 νομοθέτου,
3128 799 3226 851 οὐκ
3256 798 3370 850 ἐστι
3399 797 3632 852 τοιοῦτον
3656 799 3774 854 ὥστε

2233 894 2380 963 δῶρα
2414 892 2596 946 δοῦναι
2659 892 2788 962 περὶ
2839 889 3004 943 αὑτοῦ
3031 906 3046 924 ⁸
3107 891 3279 954 οὐδεὶς
3344 889 3453 960 γὰρ
3501 890 3595 961 τὴν
3639 893 3777 964 χάριν

2234 986 2328 1039 τοῦ
2358 984 2490 1038 Θεοῦ
2516 984 2856 1039 ἀποδίδοται’
2880 985 3133 1051 Δωρεὰν,
3171 984 3338 1052 φησιν
3359 1023 3373 1044 ,
3407 981 3662 1047 ἐλάϐετε,
3689 983 3780 1038 δω-

2229 1078 2378 1146 ρεὰν
2403 1077 2559 1130 δότε.
2611 1077 2775 1148 Ὁρᾷς
2803 1077 2920 1141 πῶς
2943 1077 3292 1146 ἠγανάκτησε
3343 1073 3546 1143 Πέτρος
3581 1075 3668 1127 ἐπὶ
3714 1075 3780 1146 τῷ

2237 1172 2462 1242 Σίμωνι,
2494 1169 2754 1241 ἀργύριον
2788 1170 2926 1240 ὑπὲρ
2959 1170 3055 1238 τῆς
3082 1169 3175 1222 τοῦ
3220 1168 3540 1237 Πνεύματος
3590 1167 3782 1237 χάριτος

2239 1263 2667 1334 προσ-κομίσαντι
2694 1280 2708 1328 ;
2747 1261 2818 1315 Τὸ
2848 1262 2957 1330 γὰρ
3004 1260 3288 1330 ἀργύριόν
3333 1274 3472 1320 σου,
3503 1261 3651 1329 φησι,
3683 1259 3783 1313 σὺν⁹

2237 1355 2336 1408 σοὶ
2370 1356 2464 1421 εἴη
2502 1357 2588 1418 εις
2617 1353 2942 1416 ἀπώλειαν,
2974 1353 3063 1406 ὅτι
3094 1353 3381 1420 ἐνόμισας
3419 1351 3535 1418 τὴν
3585 1349 3786 1418 δωρεὰν

2240 1443 2345 1497 τοῦ
2377 1443 2525 1496 Θεοῦ
2552 1440 2650 1495 διὰ
2677 1442 2995 1510 χρημάτων
3047 1441 3320 1497 κτᾶσθαι.
3363 1441 3479 1494 Οὐκ
3541 1439 3680 1494 ἔστιν
3707 1438 3786 1496 οὖν

2240 1533 2410 1601 ὁντοῦ
2451 1533 2784 1602 Εὐαγγελίου
2817 1533 2976 1600 λόγος
3008 1533 3084 1596 ὼς
3119 1533 3188 1586 τά
3237 1532 3563 1602 πωλούμενα
3595 1533 3787 1602 ῥήματα

2240 1625 2345 1678 τῶν
2368 1623 2848 1694 ὲγγαστριμύθων.’
2873 1625 2938 1676 Τί
2964 1624 3073 1694 γὰρ
3097 1624 3162 1678 ἄν
3192 1641 3274 1687 τις
3298 1623 3408 1696 δῴη
3451 1623 3598 1689 ἄξιον
3630 1623 3787 1676 αὐτῶν

2243 1717 2628 1784 ἀντάλλαγμα;
2682 1715 2846 1768 ἄκουε
2905 1715 2996 1768 τοῦ
3033 1715 3195 1768 Δασὶδ
3242 1714 3577 1786 ἀποροῦντος
3604 1717 3691 1768 καὶ
3716 1715 3791 1768 λέ-

2241 1825 2426 1876 γοντος
2449 1825 2462 1838 ⁸
2500 1810 2560 1861 Tl
2580 1806 2982 1862 ἀνταποδώσω
3001 1807 3080 1874 τῷ
3096 1808 3291 1875 Κυρίῳ
3310 1805 3441 1876 περὶ
3461 1806 3698 1860 πάντων
3718 1800 3790 1860 ὧν

2239 1899 2616 1956 ἀνταπέδωκέ
2653 1917 2786 1968 μοις
2828 1902 2938 1954 Οὐκ
2971 1899 3116 1952 ἔστιν
3148 1899 3241 1953 οὖν
3289 1897 3436 1968 δῶρα
3474 1897 3657 1950 δοῦναι
3681 1899 3791 1968 περὶ

2238 1992 2450 2059 τούτου,
2489 1993 2716 2056 ἀντάξια
2743 1992 2842 2061 τῆς
2894 1991 2989 2044 ἀπ’
3035 1989 3201 2043 αὐτοῦ
3235 1989 3481 2059 χάριτος.
3517 1988 3613 2041 Ἕν
3642 1988 3791 2060 δῶρον

2240 2087 2389 2152 ἀξιον
2418 2087 2450 2157 η
2485 2085 2698 2156 φυλακὴ
2729 2084 2824 2137 τοῦ
2860 2082 3196 2154 δωρηθέντος
3217 2099 3230 2112 ο
3265 2083 3294 2134 ὁ
3321 2080 3444 2144 δούς
3495 2096 3578 2132 σοι
3605 2079 3690 2132 τὸν
3712 2078 3793 2149 θη-

2243 2180 2462 2250 σαυρδν,
2496 2180 2616 2250 οὐχὶ
2643 2179 2810 2248 τιμὴν
2841 2177 3064 2231 ἀπαιτεῖ
3104 2173 3198 2227 τοῦ
3243 2173 3513 2240 δοθέντος,
3548 2171 3679 2227 ἀλλά
3702 2188 3790 2241 φυ-

2241 2273 2412 2345 λακὴν
2440 2273 2593 2336 ἀξίαν
2618 2271 2712 2323 τοῦ
2732 2269 3038 2340 δεδομένου.

2247 2367 2358 2421 Τοῦ
2387 2365 2574 2420 αὑτοῦ
2612 2363 2680 2418 ἐκ
2712 2361 2821 2429 τῆς
2857 2358 3188 2424 ἐπιστολῆς
3217 2355 3327 2429 τῆς
3357 2356 3510 2425 πρὸς
3541 2353 3676 2429 τοὺς

2311 2436 2530 2490 ἑαυτὸν
2565 2425 2937 2498 ἐπισκόπους
2958 2473 2973 2498 ,
3013 2429 3171 2484 ὥστε
3199 2427 3284 2497 μὴ
3327 2425 3690 2498 χειροτονεῖν
3712 2425 3797 2479 ἐπὶ

2311 2521 2534 2576 χρημαο

2314 2599 2614 2671 Νομίζουσι
2641 2597 2716 2668 μὴ
2748 2594 3079 2666 ἁμαρτάνειν
3113 2592 3189 2662 τῷ
3217 2592 3292 2663 μὴ
3323 2591 3439 2660 ἅμα
3463 2586 3798 2660 προσλαμδά-

2245 2710 2375 2758 νειν,
2417 2691 2552 2745 ἀλλά
2584 2688 2722 2760 μετά
2754 2689 2855 2759 τὴν
2894 2685 3232 2758 χειροτονίαν
3264 2682 3590 2753 λαμϐάνειν.
3621 2679 3798 2733 Λαϐεῖν

2243 2787 2303 2840 δέ
2343 2788 2460 2838 ἐστι
2493 2784 2554 2837 τὸ
2581 2781 2766 2835 λαϐεῖν
2797 2781 3107 2846 ὁτεδήποτε.
3143 2774 3453 2847 Παρακαλῶ
3483 2767 3579 2826 οὖν
3613 2769 3795 2839 ταύτην

2243 2879 2345 2948 τὴν
2375 2875 2656 2941 πρόσοδον,
2691 2872 2898 2944 μᾶλλον
2943 2871 3000 2924 δὲ
3039 2869 3136 2939 τὴν
3179 2863 3550 2938 προσαγωγὴν
3589 2860 3680 2933 τὴν
3721 2860 3800 2914 ἐπὶ

2245 2967 2468 3037 γέενναν
2499 2963 2833 3018 ἀποθέσθαι·
2878 2961 2973 3015 καὶ
3005 2958 3079 3030 μὴ
3106 2956 3206 3021 τάς
3247 2957 3438 3027 χεῖρας
3490 2951 3801 3022 μολύναντας

2247 3058 2510 3119 τοιούτοις
2544 3057 2847 3128 λήμμασιν,
2883 3053 3110 3116 ἑαυτοὺς
3139 3049 3396 3114 ἀναξίους
3427 3047 3693 3118 ποιήσητε
3720 3041 3799 3097 τοῦ

2246 3147 2513 3202 ἐπιτελεῖν
2552 3145 2682 3213 ἅγια
2712 3145 3002 3215 μυστήρια.

2261 3243 2356 3296 Ἐκ
2401 3239 2510 3294 τοῦ
2545 3239 2691 3304 ,βίου
2737 3237 2844 3292 τοῦ
2881 3238 3054 3358 ἀγίέυ
3101 3231 3384 3288 Ἰωάννου
3424 3228 3540 3283 τοῦ
3591 3228 3802 3296 Χρυσο-

2912 3323 2988 3358 στ
3025 3323 3159 3358 uov.

2912 3323 3159 3376 στομου.

2317 3405 2628 3478 Προσῆλθεν
2679 3405 2707 3458 ὁ
2749 3401 2846 3472 τῆς
2891 3397 3266 3470 μακρηγορῐας
3315 3396 3448 3466 ἡμῖν
3499 3393 3669 3455 αἴτιος
3710 3390 3804 3449 τοῖς

2246 3497 2567 3558 ἐπισκόποις
2603 3495 2766 3548 πᾶσιν
2801 3491 3061 3553 Εὐσέϐιος
3085 3493 3112 3542 ὁ
3143 3489 3449 3558 κατήγορος
3476 3485 3588 3538 τῶν
3618 3483 3675 3549 ἒξ
3713 3482 3803 3533 λοι-

2248 3588 2366 3640 πῶν
2423 3585 2768 3646 ἐπισκόπων,
2830 3581 2996 3645 ἀξιῶν
3063 3577 3318 3648 δεχθῆναι
3380 3578 3462 3638 εἰς
3523 3571 3802 3628 κοινωνίαν.

2249 3674 2736 3749 Προσαντιλέγουσί
2770 3689 2912 3735 τινες
2955 3668 3063 3724 τῶν
3093 3669 3426 3732 ἐπισκόπων,
3465 3666 3542 3736 μὴ
3584 3666 3689 3718 δεῖν
3719 3662 3803 3715 αὖ-

2247 3770 2340 3824 τὸν
2370 3767 2622 3839 δεχθῆναι
2662 3766 2737 3828 ώς
2782 3763 3138 3832 συκοφάντην.
3188 3758 3314 3811 Ἐπὶ
3365 3755 3574 3818 τούτοις
3617 3752 3803 3806 ἱκέτευε

2247 3864 2419 3931 λέγων
2444 3875 2457 3889 ⁸
2488 3858 2706 3928 Ἐπειδὴ
2731 3859 2765 3926 ἡ
2795 3855 2918 3925 δίκη
2949 3854 3010 3906 τὸ
3041 3853 3289 3906 πλεῖστον
3317 3848 3483 3920 μέρος
3505 3848 3598 3899 ἐπὶ
3615 3846 3701 3914 ἔτη
3726 3842 3804 3894 δύο

2248 3950 2602 4020 ἐϐασανίσθη,
2633 3949 2710 4010 εἰς
2735 3948 3014 4016 μάρτυρας
3039 3942 3092 3995 δὲ
3125 3941 3414 4010 γεγένηται
3444 3941 3478 4008 ἠ
3513 3935 3801 4006 ὑπέρθεσις.

2247 4046 2440 4114 δέομαι
2479 4041 2578 4111 τῆς
2635 4037 2906 4109 ὑμετέρας
2958 4034 3234 4102 θεοφιλῐας
3281 4032 3526 4102 σήμερον
3575 4025 3802 4096 παραυτά

2247 4135 2428 4192 δοῦναί
2467 4151 2533 4204 με
2577 4133 2703 4194 τοὺς
2751 4130 3056 4201 μάρτυρας.
3104 4126 3168 4178 Et
3213 4124 3322 4193 γάρ
3360 4125 3456 4176 καὶ
3518 4122 3803 4178 Ἀντωνῖνος

2248 4230 2636 4297 τετελεύτηκεν
2658 4223 2974 4285 ἐπίσκοπος,
3003 4221 3030 4272 ὁ
3053 4219 3234 4272 λαϐὼν
3262 4217 3322 4270 τὸ
3347 4215 3576 4286 χρυσίον
3611 4213 3698 4265 καὶ
3718 4228 3805 4281 χει-

2253 4322 2583 4395 ροτονήσας,
2631 4316 2746 4370 ἀλλ’
2781 4311 2873 4370 οὖν
2916 4331 2979 4383 γε
3023 4313 3273 4382 μένουσιν
3305 4310 3355 4362 οἱ
3393 4307 3684 4368 δεδωκότες
3727 4302 3805 4356 καὶ

572 4411 806 4465 ordinati
850 4422 996 4465 sunt.
1026 4409 1243 4467 Justum
1272 4411 1448 4466 visum
1490 4421 1574 4467 est
1625 4412 1875 4481 praesenti
1931 4412 2140 4480 synodo

2251 4409 2743 4485 χειροτονηθέντες.
2784 4405 3104 4460 Ἐδικαίωσε
3140 4403 3318 4454 τοίνυν
3348 4404 3380 4472 ἡ
3417 4398 3667 4471 παροῦσα
3696 4395 3804 4448 σύνσ

573 4523 687 4560 rem
715 4507 978 4574 perquiri.
1006 4506 1201 4576 Incipit
1223 4523 1388 4562 causa
1409 4521 1439 4559 a
1470 4507 1697 4560 lectione
1726 4516 2000 4569 actorum,
2024 4519 2145 4573 quae

573 4599 723 4667 prius
759 4599 900 4652 facta
920 4598 1158 4654 fuerant.
1183 4599 1418 4670 lngressi
1447 4608 1572 4654 sunt
1619 4606 1802 4661 testes,
1835 4597 2064 4667 ingrcssi
2092 4605 2146 4650 ct

571 4708 663 4745 se:
703 4691 778 4744 illi
810 4691 903 4758 qui
938 4691 1221 4759 pecuniam
1252 4691 1536 4753 dederant,
1565 4698 1618 4742 et
1637 4689 1871 4742 ordinati
1902 4686 2140 4743 fuerant.

571 4781 636 4833 lit
665 4779 820 4833 initio
852 4779 1095 4848 quidem
1132 4778 1423 4847 negabant.
1458 4776 1796 4830 lnstanlibus
1843 4787 2021 4831 autem
2064 4787 2143 4830 tc-

568 4873 746 4925 stibus
801 4871 998 4939 partim
1059 4869 1234 4933 laicis,
1275 4869 1469 4938 partim
1528 4869 1892 4937 presbyteris,
1943 4868 2145 4938 quibus

570 4965 846 5019 conﬁdere
898 4963 1244 5026 videbantur,
1297 4976 1506 5015 necnon
1564 4961 1888 5016 mulieribus
1917 4963 2145 5032 quibus-

569 5060 718 5121 dam,
763 5058 859 5129 qui
910 5056 1075 5110 etiam
1112 5056 1400 5126 pignorum
1467 5070 1564 5110 seu
1616 5071 1904 5109 munerum
1938 5057 2146 5125 species

569 5153 846 5214 (licebant,
891 5161 944 5204 ct
971 5150 1112 5206 loca.
1141 5157 1195 5203 et
1237 5159 1480 5217 tempora
1501 5188 1515 5212 ,
1552 5158 1606 5202 et
1631 5151 1990 5218 quantitatem
2020 5164 2142 5204 cum

569 5240 757 5298 eorum
815 5241 1149 5297 conscientia
1199 5254 1345 5300 recta
1395 5262 1502 5300 non
1545 5253 1729 5307 esset,
1801 5244 1946 5298 ultro
2017 5258 2145 5297 con-

573 5340 814 5398 lltcntnr,
844 5336 944 5389 levi
1007 5335 1248 5391 adhibita
1291 5337 1616 5392 necessitate
1654 5355 1667 5391 :
1705 5336 1978 5400 Dedimus,
2014 5349 2145 5388 con-

573 5428 776 5481 fessum
805 5437 910 5493 est,
937 5439 990 5482 ct
1021 5432 1253 5485 ordinati
1295 5446 1486 5484 sumus
1517 5447 1531 5484 :
1567 5429 1726 5483 talem
1761 5425 2148 5496 putantes“

575 5535 696 5574 esse
728 5523 1204 5586 consuetudinem,
1233 5531 1292 5576 ut
1321 5523 1631 5576 videremur
1652 5537 1680 5573 a
1704 5522 1858 5574 curia
1908 5519 2144 5572 liberati.

574 5608 642 5665 Et
674 5627 817 5666 nunc
837 5628 1077 5679 oramus,
1107 5613 1150 5669 si
1183 5612 1266 5668 fas
1292 5623 1395 5681 est,
1428 5615 1598 5667 simus
1623 5614 1674 5666 in
1711 5612 2013 5666 ministerio
2048 5613 2145 5666 Ec-

646 5769 689 5803 ⁹³
716 5770 903 5829 Matth.
937 5790 989 5834 ι.
1025 5775 1076 5829 8.
1159 5777 1315 5831 ‘Act.
1354 5791 1471 5831 vui.
1500 5773 1587 5827 ‘28.
1635 5775 1652 5804 ³
1680 5771 1819 5828 l‘sal.
1858 5789 1976 5827 ειν.
2018 5773 2100 5826 12.

2247 4511 2365 4570 οδος
2401 4505 2702 4575 ζητηθῆναι
2733 4501 2793 4554 τὸ
2823 4501 3074 4570 πρᾶγμα’
3117 4496 3341 4566 ἄρχεται
3391 4495 3423 4562 ἡ
3477 4491 3723 4549 ὑπόθεσις
3756 4485 3806 4549 ἐξ

2247 4596 2691 4666 ἀναγνωσμάτων
2731 4591 2836 4645 τῶν
2880 4589 3074 4659 πρώην
3123 4585 3474 4657 πραχθέντων
3503 4580 3804 4651 ὑπομνημάο

2247 4709 2375 4744 των.
2410 4687 2669 4757 Εἰσῆλθον
2699 4685 2748 4736 οἱ
2785 4684 3083 4754 μάρτυρες,
3115 4681 3208 4732 καὶ
3246 4675 3496 4743 εἰσῆλθον
3540 4676 3590 4726 οἱ
3621 4673 3675 4738 ἓξ
3715 4669 3805 4722 τῶν

2246 4781 2556 4836 δεδωκότων
2584 4779 2678 4832 καὶ⁸
2705 4773 3208 4846 χειροτονηθέντων.
3253 4771 3338 4824 Ἐν
3369 4771 3512 4840 ἀρχῇ
3548 4766 3805 4836 ἠρνοῦντο·

2253 4871 2627 4942 ἐπιμενόντων
2681 4867 2738 4920 δὲ
2773 4866 2884 4919 τῶν
2941 4861 3259 4935 μαρτύρων,
3305 4859 3417 4912 τῶν
3473 4859 3574 4928 μὲν
3603 4854 3803 4916 λαῖκὼν,

2247 4966 2356 5019 τῶν
2386 4965 2441 5017 δὲ
2469 4961 2876 5034 πρεσϐυτέρων,
2908 4952 2988 5020 οἷς
3033 4956 3174 5018 ἔδοξε
3202 4951 3605 5025 τεθαρῤηκέναι
3625 4991 3640 5014 ,
3668 4947 3807 5002 τινῶν

2247 5060 2303 5112 δὲ
2323 5058 2417 5112 καὶ
2433 5054 2732 5126 γυναικῶν,
2755 5053 2852 5107 καῖ⁸
2871 5052 2938 5104 τὰ
2963 5050 3075 5115 εἴδη
3097 5048 3204 5100 τῶν
3235 5045 3509 5116 ἐνεχύρων
3537 5043 3805 5111 λεγόντων,

2251 5151 2345 5204 καὶ
2366 5149 2492 5212 τοὺς
2516 5149 2732 5211 τόπους,
2759 5146 2852 5198 καὶ
2879 5144 3003 5205 τοὺς
3027 5143 3271 5212 καιροὺς,
3297 5139 3391 5192 καὶ
3415 5139 3512 5207 τὴν
3535 5135 3805 5202 ποσότητα,

2248 5244 2309 5296 οὐ
2341 5243 2483 5294 πάνυ
2519 5239 2700 5302 καλῶς
2728 5237 2908 5291 αὐτῶν
2933 5234 3281 5304 διακειμένης
3311 5233 3408 5301 τῆς
3445 5229 3806 5296 συνειδήσεως,

2251 5336 2564 5405 αὐθαίρετοι
2597 5333 2917 5404 ὁμολογοῦσι
2941 5331 3062 5400 δίχα
3091 5327 3289 5396 πολλῆς
3315 5327 3582 5394 ἀνάγκης,
3617 5323 3696 5375 ὅτι
3724 5320 3808 5370 Δε-

2252 5430 2508 5498 δώκαμεν
2554 5429 2649 5480 καὶ
2688 5428 3009 5496 γεγόναμεν’
3040 5422 3296 5492 τοιαύτην
3338 5420 3659 5490 νομίσαντες
3689 5415 3808 5465 ἀκο-

2249 5521 2466 5575 λουθίαν
2497 5517 2656 5582 εἶναι,
2686 5519 2774 5572 ἵνα
2797 5519 3034 5587 δόξωμεν
3059 5515 3158 5583 τῆς
3195 5513 3391 5582 βουλῆς
3430 5510 3530 5579 τῆς
3556 5505 3806 5578 δημοσίας

2250 5613 2690 5686 ἐλευθεροῦσθαι·
2733 5610 2825 5665 καὶ
2855 5610 2943 5662 νῦν
2970 5607 3222 5678 δεόμεθα.
3265 5607 3312 5656 εἰ
3349 5602 3451 5674 μέν
3484 5603 3632 5666 ἐστιν
3652 5600 3803 5658 ὅσιον,
