3994 6400
110 338 197 405 537

900 348 1291 411 SYNTAGMA
1313 349 1700 410 CANONUM-
1740 373 1773 384 ι·
1797 375 1812 385 ·
1833 351 1981 412 ΤΙΤ.
2001 353 2050 425 Ι,
2093 354 2250 416 CAP.
2286 354 2494 417 XXIV.

3241 359 3346 423 538

108 456 234 521 ἡμᾶς
256 449 392 510 εἶναι
411 454 471 509 ὲν
489 458 558 527 τῇ
581 456 886 532 λειτουργίᾳ
910 459 1012 529 τῆς
1051 461 1397 529 Ἑκκλησίας,
1421 461 1542 514 ἐπεὶ
1567 461 1672 514 κᾶν
1701 464 1723 520 ἐ

1811 463 1954 518 lesiae
1986 481 2000 517 :
2036 467 2119 518 sin
2154 467 2354 528 lllillllS,
2388 483 2611 529 aurum,
2639 469 2784 535 quod
2815 465 3092 534 dedimus,
3117 468 3346 536 recipia-

111 547 160 596 τ’.
186 543 400 612 χρυσίον
427 544 459 598 ὃ
486 546 801 616 δεδώκαμεν
833 548 920 600 ἵνα
962 548 1234 617 λάϐωμεν·
1279 549 1388 602 τῶν
1425 550 1534 618 γὰρ
1568 566 1665 616 γυο

110 634 292 687 ναικὼν
329 636 488 704 ἡμῶν
522 636 832 707 δεδώκαμεν
859 655 1002 703 τινες
1033 640 1222 709 σκεύη.
1275 640 1333 693 'O
1378 640 1435 693 δὲ
1491 640 1669 694 Ἰωάν-

110 740 194 792 νης
218 723 350 793 πρὸς
395 723 575 777 ταῦτα
607 726 870 796 ὑπέσχετο
920 731 986 797 τῇ
1039 728 1261 799 συνόδῳ,
1299 730 1381 782 δτι
1428 727 1534 781 Τοῦ
1569 730 1668 798 μὲν

114 811 478 883 β›υλευτηρίου
520 815 634 883 ἐγὼ
660 817 855 879 αὐτοὺς
885 819 981 870 σὺν
1005 817 1124 887 Θεῷ
1151 819 1480 873 ἀπαλλάσσω
1505 818 1670 881 ἀξιώ-

114 923 200 968 σις
225 905 316 958 τὸν
345 905 598 975 βασιλέα,
613 907 779 976 ,ὑμεῖς
805 909 861 960 δὲ
892 909 1230 978 προστάξατε
1263 909 1460 973 αὐτοὺς
1487 908 1672 960 λαϐεῖν

114 997 434 1058 ὃδεδώκασι,
463 999 620 1068 παρὰ
642 998 1073 1051 τῶνἈντωνίνου
1102 998 1471 1068 κληρονόμων.
1496 999 1670 1067 Προσ-

116 1088 284 1151 ἔταξεν
328 1089 362 1156 ὴ
416 1086 676 1151 σύνοδος,
733 1089 794 1141 τὸ
840 1090 941 1158 μὲν
984 1090 1206 1159 χρυσίον
1243 1091 1442 1151 αὐτοὺς
1489 1089 1674 1142 λαὸεῖν

117 1180 251 1250 παρά
276 1179 384 1232 τῶν
427 1181 745 1235 Ἀντωνίνου
778 1181 1153 1250 κληρονόμων,
1185 1181 1460 1234 κοινωνεῖν
1489 1179 1546 1232 δε
1589 1178 1674 1232 ἕν-

117 1271 193 1322 δον
217 1269 305 1322 τοῦ
349 1269 775 1341 θυσιαστηρίου·
822 1268 963 1324 εἶναι
1004 1272 1060 1324 δὲ
1087 1271 1195 1324 ἀπὸ
1237 1273 1450 1341 ἱερέων,
1483 1271 1570 1324 ἵνα
1601 1269 1675 1340 μὴ

119 1362 304 1414 τούτων
354 1364 858 1433 συγχωρηθέντων,
887 1364 1004 1427 ἔθος
1049 1364 1274 1433 γένηται
1312 1362 1599 1415 Ἰουδαϊκὸν
1642 1362 1676 1432 ἢ

121 1453 396 1518 Αἰγύπτιον
424 1454 522 1507 τοῦ
552 1454 750 1508 πωλεῖν
776 1457 869 1507 καὶ
891 1455 1182 1525 ἀγοράζειν
1220 1455 1320 1524 τὴν
1351 1453 1676 1524 ἱερωσύνην.

123 1543 244 1596 Φασὶ
267 1543 374 1615 γὰρ
414 1545 508 1598 τὸν
536 1545 796 1613 λυμεῶνα
825 1548 918 1598 καὶ
955 1545 1306 1614 ψευδώνυμον
1333 1546 1679 1616 πατριάρχην

124 1637 219 1690 τῶν
258 1637 554 1699 Ἰουδαίων,
589 1640 709 1690 κατ’
738 1639 854 1702 ἔτος
887 1639 1134 1709 ἀμείϐειν
1165 1640 1198 1709 ἢ
1232 1641 1362 1708 παρ’
1391 1639 1510 1701 ἔτος
1553 1640 1681 1702 τοὺς

127 1729 609 1799 ἀρχισυναγώγους,
635 1732 724 1782 ἐπὶ
749 1731 980 1800 συλλογῇ
1008 1731 1099 1783 τοῦ
1124 1733 1410 1800 ἀργυρίου.
1453 1730 1681 1800 Ὁμοίως

1771 571 1896 608 tuus
1932 578 1942 608 :
1978 556 2199 623 quidam
2237 558 2382 610 enim
2412 574 2442 611 e
2473 559 2631 613 nobis
2674 575 2904 613 uxorum
2954 559 3344 629 supellcctilem

1770 643 2039 697 dedimus.
2080 645 2160 696 Ad
2192 647 2306 698 haec
2347 645 2589 701 Joannes
2635 648 2845 718 synodo
2893 648 3168 717 pollicitus
3209 655 3294 702 est
3328 663 3343 700 :

1771 733 1925 798 Quod
1954 735 2019 788 ad
2063 736 2272 790 curiam
2308 737 2526 806 quidem
2582 738 2793 799 attinet,
2827 752 2927 802 ego
2962 751 3080 800 eos,
3114 735 3221 790 Deo
3259 735 3352 804 ju-

1774 831 1953 886 vante,
2007 823 2268 886 liberabo,
2318 834 2544 878 exorato
2593 825 2922 894 imperatore
2985 839 3126 878 :vos
3168 832 3348 876 autent

1774 915 2046 978 mandate,
2091 925 2148 967 ιιι
2175 916 2244 970 ab
2279 917 2580 971 lueredibus
2628 919 2886 986 Antonini
2923 917 3026 987 ipsi
3053 917 3347 985 accipiant,

1772 1019 1894 1072 quae
1948 1005 2232 1058 dederunt.
2289 1003 2550 1075 Praecepit
2579 1008 2840 1077 synodus,
2873 1017 2933 1061 ut
2981 1022 3172 1060 aurum
3210 1006 3354 1060 acci-

1775 1105 1965 1164 perent
2017 1096 2086 1150 ab
2127 1097 2434 1152 heredibus
2479 1099 2764 1160 Antonini,
2799 1109 2854 1154 et
2883 1099 3356 1153 communicarent

1777 1187 1921 1242 intra
1948 1190 2121 1243 altare
2181 1209 2195 1243 :
2241 1200 2426 1245 essent
2465 1201 2648 1246 autem
2699 1191 2809 1259 jam
2872 1206 2977 1245 non
3009 1191 3345 1252 sacerdotes,

1778 1295 1872 1333 sex
1933 1295 2000 1334 ex
2057 1282 2452 1348 sacerdotibus,
2511 1298 2618 1346 ne,
2652 1284 2696 1337 si
2746 1283 2849 1337 ista
2907 1281 3354 1344 concederentur,

1779 1387 1900 1426 mos
1933 1372 2085 1426 lieret
2117 1371 2383 1429 'Judaicus
2414 1383 2504 1427 aut
2531 1374 2820 1444 Egyptius
2843 1417 2858 1441 ,
2891 1373 3158 1428 vendendi
3193 1381 3357 1440 atque

1780 1465 1994 1517 emendi
2044 1464 2430 1519 sacerdotium.
2488 1466 2687 1520 Dicunt
2715 1466 2860 1520 enim
2908 1464 3274 1534 pestilentem,
3305 1471 3362 1516 et

1789 1555 1988 1611 falsum
2009 1554 2324 1611 Judaeorum
2353 1558 2714 1627 patriarcham
2739 1599 2753 1623 ,
2784 1557 3014 1627 singulis
3047 1555 3228 1618 annis,
3265 1562 3364 1608 aut

1783 1664 1930 1702 anno
1986 1648 2306 1716 interjecto,
2366 1664 2650 1719 synagoga
2701 1647 2977 1718 principes
3026 1657 3240 1700 mutare
3295 1643 3362 1697 ad

1785 1734 2172 1788 eorradendain
2201 1738 2508 1804 pecuniam,
2535 1735 2786 1790 similiter
2809 1743 2864 1788 et
2889 1733 3050 1802 hujus
3083 1732 3360 1793 aemulum,

130 1821 316 1876 καὶτὸν
339 1820 592 1892 ζηλωτὴν
621 1821 824 1875 τούτοιν
855 1823 943 1875 τὸν
976 1823 1288 1890 Αἰγυπτίων
1318 1821 1681 1892 πατριάρχην·
1713 1801 1723 1858 ]

1811 1826 2158 1896 Egyptiorum
2202 1801 2578 1894 patriarcham
2605 1866 2619 1890 ,
2656 1837 2716 1880 ut
2761 1825 3048 1894 impleatur
3077 1821 3209 1876 illud
3242 1837 3366 1891 pro-

133 1915 206 1966 ῖια
238 1913 494 1984 πληρωθῇ
523 1915 587 1968 τὸ
620 1914 975 1995 προφητικόν·
1012 1916 1077 1966 Οἱ
1106 1913 1280 1982 ἱερεῖς
1317 1912 1508 1982 αὐτῆς
1541 1913 1687 1982 μετὰ

133 2004 314 2071 δώρων
337 2005 775 2073 ἀπεκρίνω-τοί,
805 2005 903 2059 καὶ
924 2006 978 2059 οἱ
1005 2004 1303 2074 προφῆται
1330 2004 1523 2074 αὐτῆς
1539 2005 1690 2074 μετὰ

137 2098 398 2167 ἀργυρίου
419 2097 840 2166 ἐμαντεύοντο.

153 2193 235 2245 Ἐκ
259 2189 375 2245 τῶν
393 2191 675 2245 κανόνων
705 2190 826 2261 τῷν
853 2194 945 2258 χλ¹
975 2190 1160 2258 ἁγίων
1187 2188 1464 2261 Πατέρων
1485 2187 1604 2242 τῶν
1622 2187 1693 2240 ἐν

329 2261 674 2329 Χαλκηδόνι
702 2258 1144 2326 οίυνελθόντων,
1177 2261 1378 2314 κανὼν
1407 2258 1474 2330 β’.

202 2347 261 2404 6³.
286 2351 346 2404 Εἰ
360 2368 442 2414 τις
462 2352 764 2495 ὲέτίσκοπος
796 2351 888 2404 ἐπὶ
916 2353 1161 2422 χρήμασι
1184 2349 1514 2422 χειροτονίαν
1531 2349 1691 2418 ποιή-

202 2459 299 2495 ιτο.
323 2459 376 2495 κ.
405 2459 456 2495 τ.
520 2479 538 2495 .

147 2459 299 2508 omo,
323 2459 376 2498 κ.
405 2459 456 2498 τ.
485 2459 538 2497 Α.

157 2533 244 2587 Ἐκ
277 2532 381 2602 τῆς
420 2534 754 2604 ἐγκυκλίου
787 2532 1121 2599 ἐπιστολῆς
1165 2531 1497 2587 Γενναδίου
1530 2534 1695 2586 Κων-

609 2606 1188 2669 σταντινουπόλεως.

213 2695 354 2750 Ἐστι
381 2698 565 2751 τοίνυν
595 2697 996 2768 ἀποκήρυκτος,
1031 2714 1086 2750 κ.
1127 2713 1178 2750 τ.
1209 2698 1261 2750 λ.
1295 2712 1460 2763 usque
1487 2694 1557 2748 ad
1587 2713 1694 2766 μα-

156 2789 308 2859 μωνᾷ.

167 2881 253 2935 Ἐκ
305 2879 416 2935 τῶν
440 2882 718 2936 κανόνων
778 2880 889 2950 τῆς
946 2879 1118 2950 ἁγίας
1174 2878 1355 2948 ἕκτης
1407 2879 1697 2944 συνόδου,

795 2951 995 3005 κανὼν
1027 2950 1133 3020 κβ’.

219 3042 311 3097 κδ’.
339 3042 473 3108 Τοὺς
503 3043 602 3097 ἐπὶ
631 3044 873 3116 χρήμασι
901 3040 1410 3115 χειροτονουμένους
1430 3082 1444 3106 ,
1475 3059 1530 3096 κ.
1561 3059 1611 3095 τ.
1646 3041 1697 3097 λ.

1790 1918 2006 1985 phetae:
2061 1916 2368 1972 Sacerdotes
2417 1918 2530 1987 ejus
2569 1935 2688 1972 cum
2735 1916 3037 1971 muneribus
3087 1915 3366 1985 responde-

1789 2013 1937 2077 bant,
1965 2023 2012 2066 et
2039 2010 2308 2081 propheta
2336 2010 2451 2080 ejus
2476 2027 2596 2065 cum
2625 2012 2849 2081 pecunia
2867 2010 3293 2067 vaticinabantur
3322 2008 3363 2060 ³.

1793 2199 1878 2253 Ex
1913 2200 2198 2253 canonibus
2229 2206 2592 2252 sexcentarum
2622 2197 2844 2251 Patrum
2881 2193 3210 2251 Chalcedone
3245 2206 3374 2245 con-

2285 2279 2617 2339 gregatarum
2649 2284 2818 2321 canon
2846 2267 2905 2321 2.

1864 2365 1918 2420 2.
1961 2364 2017 2420 Si
2050 2364 2175 2434 quis
2205 2363 2491 2432 episcopus
2525 2370 2745 2432 pr0pter
2787 2359 3046 2430 pecunias
3073 2353 3373 2411 ordinatio-

1795 2473 1917 2512 nem
1955 2455 2163 2519 l‘ecerit,
2199 2465 2304 2509 etc.
2329 2464 2386 2507 ut
2416 2470 2538 2523 pag.
2571 2453 2695 2507 5l5.
2787 2507 2792 2512 ,

1868 2547 1953 2601 Ex
2003 2546 2228 2616 epistola
2276 2545 2554 2667 encyclical
2583 2541 2841 2625 Gennadii
2888 2532 3375 2602 Constantinopoli-

2561 2630 2672 2667 am.

2561 2630 2672 2667 am.

1868 2707 1950 2764 Sit
1978 2721 2128 2779 ergo,
2150 2713 2282 2772 etc.,
2306 2718 2467 2775 usque
2504 2701 2572 2756 ad
2609 2699 2950 2760 Mammouae,
2977 2704 3034 2749 ut
3065 2709 3189 2764 pag.
3214 2689 3342 2748 59.6.

1871 2880 1956 2935 Ea;
2007 2876 2295 2933 canonibus
2351 2882 2551 2929 sancta:
2617 2869 2803 2995 seyzuodi
2855 2865 3186 2923 mcumeuicw
3230 2877 3309 2929 Vl,

2427 2959 2597 2995 canon
2702 2981 2716 2993 .

2427 2959 2597 2997 canon
2622 2959 2716 2995 'Z'Z.

1859 3041 1953 3098 22.
1972 3039 2078 3093 Eos
2090 3034 2334 3108 quidatis
2348 3033 2592 3106 pecuniis
2609 3031 2949 3092 ordinantur,
2962 3035 3092 3092 etc.,
3112 3033 3166 3078 ut
3185 3040 3236 3094 p.
3256 3021 3382 3077 515.

231 3133 566 3205 ’Δκούσωμεν
607 3134 781 3188 ταῦτα
827 3135 1004 3188 πάντα
1050 3134 1146 3188 καὶ
1188 3134 1601 3201 ὲνωτισώμεθα,
1638 3135 1699 3187 ού

1874 3129 2142 3200 Agedum,
2174 3124 2402 3181 auribus
2439 3121 2822 3189 mentibusque
2865 3119 2986 3170 haec
3032 3113 3196 3168 verba
3234 3125 3387 3166 reco-

168 3225 302 3294 μόνον
327 3226 601 3298 ἀρχιερεῖς
646 3225 739 3280 καὶ
782 3227 972 3296 ἱερεῖς,
1016 3225 1300 3296 κο.ὶοὶτῷ
1340 3225 1527 3296 κλήρῳ
1571 3243 1703 3278 κατ-

167 3319 517 3389 ηριθμημένοι,
563 3318 698 3372 ἀλλά
725 3320 820 3373 καὶ
850 3319 1052 3381 πάντες
1087 3319 1136 3370 οἰ
1185 3314 1566 3380 κατοικοῦντες
1613 3318 1710 3386 τὴν

169 3410 478 3482 οἰκουμένην.
525 3411 625 3463 Δεῖ
656 3409 763 3481 γάρ
803 3411 1202 3480 περισσοτέρως
1244 3410 1392 3479 ἡμᾶς
1424 3409 1714 3478 προσέχειν

173 3500 262 3560 τιῖς
291 3500 627 3566 ἀκουσθεῖσι,
692 3500 766 3570 μή
822 3516 953 3552 ποτε
1016 3498 1455 3570 παραρῤυῶμεν·
1513 3498 1594 3551 ὅτι
1650 3498 1711 3550 ού

175 3588 398 3660 φθαρτοῖς
441 3591 694 3663 ἀργυρίῳ
737 3591 770 3662 ἢ
822 3590 1028 3662 χρυσίῳ
1062 3589 1448 3661 ἠγοράσθημεν
1500 3591 1566 3642 ὲκ
1617 3589 1716 3658 τῆς

180 3683 380 3745 ματαίας
407 3682 713 3752 παραδότου
743 3682 1122 3750 ἀναστροφῆς,
1158 3679 1293 3732 ἀλλὰ
1317 3679 1483 3749 τιμίῳ
1515 3678 1712 3748 αἵματι

177 3768 215 3821 ὠ
267 3771 420 3842 ἀμνοῦ
449 3773 685 3843 ἀμώμου
715 3772 810 3825 καὶ
841 3771 1069 3826 ἀσπίλου
1111 3770 1280 3841 Ἰησοῦ
1317 3770 1574 3840 Χριστοῦ.
1613 3769 1718 3822 Οὖ-

179 3877 268 3924 τως
292 3865 424 3934 ἡμᾶς
449 3864 678 3930 δίδαξον,
713 3864 844 3935 ἄνερ
870 3862 1151 3934 ἱερώτατε,
1181 3862 1407 3915 ἕπεσθαι
1438 3865 1550 3925 τοῖς
1589 3879 1722 3932 γρα-

184 3959 333 4020 φικοῖς
360 3958 450 4012 κα)⁸
471 3958 850 4026 εὐαγγελικοῖς
891 3958 985 4009 καί
1022 3954 1398 4018 ἀποστολικοῖς
1421 3957 1724 4017 κανονικοῖς

183 4061 232 4096 τε
251 4048 330 4099 καί
357 4053 641 4120 πατρικοῖς
664 4048 1109 4119 παραγγέλμασι.
1137 4045 1447 4117 Πειθόμεθα
1471 4045 1578 4116 γὰρ
1613 4047 1725 4107 τοῖς

189 4137 363 4206 ῥήμασι
394 4141 484 4193 τού
520 4141 788 4211 στόματος
824 4140 1003 4208 ὑμῶν.
1034 4138 1159 4190 Ἐπὶ
1191 4138 1300 4190 τῶν
1341 4137 1562 4207 ὑψηλῶν
1596 4136 1726 4189 ἀνά-

189 4226 311 4296 6ηθι,
341 4228 550 4298 ὕψωσον
578 4235 634 4283 ὲν
668 4231 811 4300 ἰσχύϊ
840 4229 937 4300 τὴν
973 4229 1158 4299 φωνήν
1199 4244 1314 4280 σουο
1344 4227 1639 4297 πορεύθητι
1670 4227 1726 4278 ὲν

190 4315 455 4392 πλατυσμῷ
474 4363 488 4388 ,
519 4323 758 4394 κήρυξον
803 4321 942 4391 μετὰ
971 4322 1302 4391 παρῤησίας’
1332 4320 1480 4381 ὅπως
1526 4318 1726 4388 ἐξαρθῇ

192 4409 269 4460 λαὶ
293 4414 363 4476 εἰς
384 4416 709 4485 ἀφανισμόν·
741 4416 1020 4484 οἰχήσεται
1052 4413 1085 4481 ἡ
1113 4412 1197 4464 διά
1225 4413 1521 4481 χρημάτων
1552 4427 1728 4480 Χειρο“’

1814 3224 2010 3285 lamus,
2042 3218 2136 3275 sed
2164 3232 2272 3272 non
2307 3215 2484 3272 solum
2537 3207 2992 3280 archipresbyteri
3033 3220 3096 3260 ac
3129 3202 3388 3260 sacerdo-

1813 3325 1917 3379 tes,
1948 3315 2389 3380 clericorumque
2446 3307 2502 3360 in
2550 3317 2780 3359 numero
2821 3299 3106 3363 accensiti,
3145 3298 3238 3354 sed
3271 3311 3392 3349 om-

1814 3423 1912 3464 nes
1957 3415 2224 3461 terrarum
2278 3399 2505 3468 incolae;
2537 3396 2702 3467 idque
2748 3408 2815 3448 eo
2854 3392 3031 3462 magis
3058 3405 3168 3459 quo
3212 3388 3392 3443 minus

1815 3502 1974 3574 plane
2025 3494 2451 3554 confundamur.
2507 3489 2626 3546 Non
2688 3488 2831 3543 enim
2885 3485 2980 3538 vili
3039 3482 3392 3537 denariorum

1816 3569 1991 3664 pretio
2035 3597 2160 3660 post
2211 3600 2410 3641 vanam
2462 3579 2742 3638 traditoris
2811 3573 3228 3648 paenitentiam,
3297 3569 3394 3626 sed

1818 3661 2058 3754 pretioso
2108 3678 2375 3750 sanguine
2419 3673 2547 3730 Jesu
2592 3669 2819 3735 Christi,
2877 3666 3001 3737 agni
3057 3661 3396 3718 innocentis-

1819 3751 1940 3830 simi
1964 3782 2029 3827 -οι
2063 3766 2419 3832 immaculati,
2468 3761 2734 3832 redempti
2767 3774 2983 3815 sumus.
3019 3755 3279 3824 Dignare,
3312 3751 3397 3806 vir

1824 3865 2193 3928 sanctissime,
2248 3860 2405 3916 nobis
2443 3865 2752 3913 monstrare
2799 3852 2965 3917 viam,
3001 3865 3109 3920 qua
3152 3846 3399 3917 Scriptu-

1826 3973 2012 4014 rarum
2039 3997 2052 4021 ,
2087 3953 2490 4024 evangeliorum
2520 3991 2536 4016 ,
2579 3946 3004 4020 apostolicorum
3045 3955 3314 3998 canonum
3345 3947 3400 3994 et

1826 4058 2138 4106 sanctorum
2183 4047 2403 4100 Patrum
2462 4041 2752 4113 praeceptis
2813 4037 3129 4092 insistentes
3177 4045 3400 4101 progre—
3455 4067 3458 4070 ι

1825 4144 2060 4196 diamur.
2099 4136 2299 4192 Vestra:
2344 4147 2582 4202 namque
2626 4130 2890 4186 doctrinae
2931 4125 3161 4180 docilem
3210 4137 3398 4175 aurem

1826 4233 2067 4302 praabere
2126 4226 2283 4282 nobis
2343 4224 2492 4279 cordi
2555 4231 2655 4276 est.
2725 4219 2972 4274 Ascende
3033 4229 3224 4270 versus
3286 4227 3403 4266 cce-

1828 4325 1980 4386 lum,
2021 4323 2130 4376 alta
2192 4333 2326 4374 voce
2383 4318 2598 4379 clama;
2648 4313 2789 4366 νὶιιιιι
2857 4310 3047 4364 insiste
3105 4323 3133 4360 a
3188 4303 3402 4376 populis

1832 4416 2052 4480 tritam;
2115 4427 2239 4466 cum
2311 4408 2460 4464 omni
2534 4406 2785 4459 libertate
2852 4397 3242 4469 cvangelizato.
3311 4393 3405 4448 Sic

193 4497 323 4554 ὕεσία
340 4543 354 4570 ,
379 4480 467 4558 καὶ
495 4480 606 4559 πᾶν
631 4504 682 4557 εῐ
712 4523 763 4556 τι
789 4480 959 4574 ταύτῃ
993 4480 1082 4555 δια
1102 4480 1489 4573 ’φιλαργυρίαν
1515 4501 1723 4554 ἀδικίαν

1832 4506 1977 4560 enim
2017 4502 2135 4556 auri
2201 4499 2372 4553 fames
2414 4511 2537 4551 cum
2585 4492 2843 4547 omnibus
2888 4504 3008 4558 quae
3061 4486 3184 4540 inde
3230 4485 3407 4538 ﬂuunt

193 4592 349 4642 τεκαὶ
383 4593 646 4665 ἐμπορίαν
693 4592 1093 4663 αἰσχροκερδῶς
1141 4593 1480 4662 παρέπεταιο
1528 4591 1731 4660 ταύτης

205 4679 286 4749 τὰρ
314 4685 439 4750 μετά
465 4687 576 4738 τῶν
612 4684 1034 4755 συστοιχούντων
1064 4685 1198 4754 αὐτῇ
1236 4683 1629 4754 ἐξαιρουμένης
1666 4685 1730 4734 ἐκ

199 4771 275 4818 τοῦ
309 4775 782 4842 περιουσίουολαοῦ
804 4815 818 4839 ,
849 4773 942 4826 τοῦ
982 4773 1057 4844 τῷ
1101 4774 1326 4843 ὀνόματι
1359 4771 1596 4843 Χριστοῦ
1641 4789 1736 4824 κε-

201 4859 457 4930 κλημένου,
489 4868 585 4920 καὶ
625 4867 832 4936 δωρεὰν
864 4864 1117 4936 τυχόντος
1143 4863 1239 4933 τῆς
1273 4861 1699 4931 ἀπολυτρώσεως
1719 4900 1734 4926 ,

204 4953 354 5006 πάντα
379 4958 442 5010 τὰ
467 4963 532 5029 τῇ
570 4958 735 5028 κακίᾳ
765 4956 1102 5025 συνεπόμενα
1136 4955 1417 5024 μιάσματα
1445 4951 1737 5024 πρόρριζον

207 5051 724 5122 συνεκτμηθήσονταυ
759 5050 851 5103 καὶ
871 5051 917 5101 οἰ
941 5051 1106 5120 ἱερεῖς
1125 5048 1198 5112 ὡς
1228 5047 1402 5116 φοίνιξ
1425 5047 1735 5116 ἀνθήσουσι,

206 5135 409 5206 Χριστοῦ
446 5145 670 5198 εὐωδίαν
705 5148 817 5206 τοῖς
851 5141 1179 5211 σωζομένοις
1227 5142 1556 5211 ἐμπνέοντες
1576 5180 1590 5203 ν
1638 5140 1734 5192 καὶ

208 5232 262 5297 τῇ
304 5233 582 5308 Ἐκκλησία
615 5235 896 5298 ἐπινικίοις
921 5235 1279 5305 προσᾴδοντες
1299 5248 1313 5263 ο
1347 5232 1608 5299 Περιεῖλε
1637 5231 1741 5285 Κύ-

217 5335 309 5385 ριος
353 5325 414 5379 ἐκ
456 5329 568 5383 σοῦ
603 5330 674 5382 τὰ
710 5325 1043 5397 ἁδικήματά
1076 5340 1214 5380 σου·
1269 5325 1350 5378 ἔτι
1383 5324 1436 5376 δὲ
1489 5324 1581 5377 καὶ
1617 5323 1744 5386 τοὺς

213 5407 536 5483 δρεπομένους
593 5416 990 5486 γλυκάζοντες,
1041 5416 1403 5486 πληθύνοντες
1451 5431 1511 5468 τε
1545 5414 1743 5478 αὐτούς

217 5501 266 5549 ὲν
310 5504 457 5574 γήρει
498 5509 674 5572 πίονι,
721 5509 819 5575 τῆς
859 5507 1132 5578 μακαρίας
1159 5507 1301 5574 λέγω
1331 5507 1424 5562 καὶ
1468 5505 1744 5578 ἀκηράτου

220 5586 341 5658 ζωῆς
367 5593 718 5668 κληρονόμους
749 5596 1212 5659 ἀναδεικνύοντες.

284 5747 300 5775 ³
319 5747 467 5808 λίιςιι.
494 5772 569 5825 ιιι,
594 5756 679 5812 ll.

1834 4599 2190 4669 cupiditatum
2265 4592 2422 4645 undis
2475 4601 2691 4659 pessum
2755 4586 2872 4638 ibit.
2932 4581 3042 4636 Fac
3107 4588 3164 4632 ut
3220 4588 3406 4649 gentes

1832 4707 1955 4760 qua:
2015 4704 2043 4742 a
2102 4686 2320 4740 Christo
2385 4696 2582 4734 nomen
2644 4679 2853 4732 ducunt
2910 4682 2964 4727 et
3019 4688 3139 4741 qua:
3194 4671 3398 4723 redem-

1835 4782 2037 4855 ptionis
2098 4777 2356 4832 benelicio
2415 4773 2578 4828 salvae
2625 4776 2960 4832 evaserunt,
3033 4765 3102 4818 ab
3154 4760 3409 4817 onmihus

1838 4851 2042 4945 peccati
2089 4867 2345 4923 sordibus
2397 4863 2710 4917 abluantur.
2768 4860 2860 4912 Sic
2906 4856 3051 4909 enim
3101 4851 3412 4906 sacerdotes

1838 4939 1982 5018 sicut
2025 4959 2204 5030 palma
2247 4955 2538 5015 ﬂorebunt,
2587 4949 2899 5018 Christique
2948 4947 3149 4999 bonum
3185 4939 3409 4994 odorem

1841 5053 2089 5107 lidelibus
2145 5048 2485 5103 insulllantes
2532 5041 2830 5095 Ecclesiam
2879 5045 3043 5090 cantu
3094 5046 3194 5085 suo
3239 5028 3413 5097 reple-

1841 5147 1975 5200 bunt
1998 5143 2295 5197 clamantes
2328 5153 2342 5192 :
2375 5135 2628 5190 Dominus
2661 5145 2708 5185 te
2731 5148 2763 5184 α
2796 5127 3022 5199 peccatis
3053 5125 3156 5176 tuis
3185 5119 3413 5173 munda-

1841 5235 1935 5289 vit.
1975 5231 2066 5287 Sic
2092 5229 2248 5285 electi
2280 5227 2597 5297 gaudebunt
2626 5223 2754 5293 quia
2791 5225 3046 5274 senectus
3075 5226 3266 5268 eorum
3297 5208 3417 5262 fcli-

1841 5323 2022 5380 citatis
2062 5321 2183 5374 olco
2232 5326 2399 5372 uncta
2427 5323 2531 5382 est,
2559 5322 2615 5368 ct
2638 5312 2751 5384 jam
2782 5309 2904 5363 vita:
2935 5312 3151 5360 aeternae
3180 5298 3416 5356 beatitu-

1842 5417 2024 5470 dinem
2059 5411 2328 5485 praelibat.
