3908 6296
601 330 704 393 531

1771 327 2028 387 ΡῙῙΟΤΙΙ
2063 327 2185 388 ΡΑἸ

2298 329 2563 390 ΛΒΟΠΕ
2604 333 2713 392 CP.
3710 334 3791 398 540

675 436 894 490 Tcxtus.
927 433 1068 505 Lege
1093 434 1192 491 lib.
1227 450 1268 498 ι,
1305 432 1396 489 tit.
1423 434 1479 500 5,
1513 440 1688 489 coast.
1717 433 1806 498 30,
1835 433 1923 502 4t;
1953 443 2009 488 et
2036 436 2115 488 tit.
2145 434 2165 486 t

2347 436 2498 493 Βιὸλ.
2534 439 2610 496 A',
2639 455 2742 492 τιτ.
2771 438 2840 503 α’,
2861 438 2998 491 διά-ε.
3030 437 3094 498 λ’,
3126 443 3233 506 μα’·
3259 437 3350 490 καὶ
3372 451 3476 490 τιτ.
3504 443 3550 488 α’
3579 437 3673 491 τῶν
3697 459 3797 496 νεα-

600 529 970 593 Novellarurn,
993 537 1174 584 const.
1205 528 1260 593 1,
1283 527 1339 592 2,
1367 527 1455 590 ll,
1485 527 1538 580 in
1567 526 1768 596 quibus
1787 526 1950 580 etiam
1972 526 2175 581 dicitur

599 624 666 676 de
699 623 1072 686 insinuativis,
1105 637 1226 691 qua:
1255 619 1324 674 ab
1347 619 1618 688 episcopis
1641 628 1695 673 et
1714 618 1928 674 clericis
1952 618 2170 682 dantur,

599 725 673 773 «ιι,
698 715 841 783 quod
872 713 1112 784 Byzantii
1145 710 1369 784 [solum]
1389 711 1591 780 Magnae
1611 710 1875 772 ecclesiae,
1905 725 2016 763 non
2047 724 2174 763 vero

601 804 766 856 ctiam
801 805 1030 858 aliarum
1090 799 1515 875 [ecclesiarum]
1563 802 1746 857 clerici
1803 801 1920 856 haec
1949 802 2172 872 collegis

602 892 720 946 suis
750 894 902 947 dant.
937 893 1036 959 Qui
1075 908 1201 947 vero
1235 893 1324 946 illa
1356 892 1488 945 dant
1514 931 1528 955 ,
1580 909 1686 946 non
1739 893 1870 948 dare
1915 893 2172 962 amplius,

601 999 768 1052 quam
793 985 954 1040 unius
981 984 1108 1038 anni
1143 983 1339 1039 diaria.
1376 981 1756 1054 [Quodetiam]
1778 998 1953 1052 neque
1984 997 2171 1037 curam

602 1076 1064 1143 qualemcunque,
1091 1088 1268 1142 neque
1293 1074 1820 1128 administrationem
1846 1074 2177 1129 ecclesiasti-

540 1185 542 1188 ·
605 1179 724 1217 cam
752 1177 848 1232 per
882 1163 1288 1234 [quarumpiam
1343 1163 1554 1235 rerum}
1613 1165 1885 1219 dationem
1937 1181 2171 1229 sumere,

605 1252 684 1304 vel
714 1265 1013 1319 pauperum
1039 1250 1314 1315 domibus,
1353 1243 1725 1314 xenodocliiis,
1754 1252 2005 1307 domuive
2038 1253 2178 1324 [ιίιὶ-

606 1340 772 1412 piam]
835 1357 1006 1396 sacra:
1054 1343 1255 1412 praeﬁci
1286 1343 1576 1412 quisquam
1608 1353 1804 1412 potest.
1858 1343 1988 1411 Quae
2045 1360 2176 1398 vero

577 1444 821 1503 .propter
854 1436 968 1489 haac
1000 1435 1198 1489 dantur
1222 1444 1318 1490 aut
1344 1437 1758 1505 promittuntur,
1787 1452 1848 1490 ea
1875 1437 2061 1490 omnia
2086 1452 2176 1490 ec-

603 1526 826 1580 clesiam
861 1541 1142 1581 sacramve
1171 1527 1392 1581 domum
1417 1528 1710 1582 vindicare.
1750 1528 2048 1597 Episcopos
2079 1544 2176 1582 au-

606 1627 709 1670 tem
739 1617 1052 1673 facultatem
1107 1619 1330 1682 habere,
1368 1629 1426 1674 ut
1465 1629 1560 1673 aut
1595 1631 1721 1674 ante
1751 1629 1844 1674 aut
1873 1629 1995 1690 post
2024 1621 2175 1675 ordi-

605 1711 880 1764 nationem
907 1711 1156 1778 ecclesiis
1186 1710 1495 1783 [quidlibet]
1528 1711 1782 1766 oﬂ‘erant.

673 1800 825 1857 CAP.
868 1800 958 1855 XX
972 1800 1106 1856 V.—
1125 1801 1203 1854 Ne
1225 1803 1582 1856 ordinationes
1611 1802 1888 1856 iterentur.

1029 1980 1402 2049 Apostolorum
1443 1998 1614 2036 canon
1648 1980 1743 2038 68.

676 2070 766 2126 68.
791 2071 848 2126 Si
869 2072 992 2142 quis
1014 2075 1320 2143 cpiscOpus,
1355 2075 1436 2129 vel
1459 2076 1760 2147 presbyter,
1795 2074 1879 2130 vel
1916 2072 2178 2130 diaconus

607 2163 905 2224 secundam
960 2164 1358 2220 ordinationem
1393 2167 1462 2220 ab
1507 2166 1615 2221 alio
1652 2169 1981 2236 susceperit,
2012 2167 2179 2235 depo—

608 2264 765 2310 natur
779 2267 831 2311 et
847 2255 982 2324 ipse,
1010 2266 1066 2311 et
1093 2257 1182 2326 qui
1204 2257 1499 2320 ordinavit,
1527 2259 1629 2313 nisi
1652 2259 1838 2328 utique
1853 2259 2176 2322 constiterit,

607 2347 752 2416 quod
801 2347 869 2400 ab
908 2346 1178 2402 harreticis
1205 2348 1606 2402 ordinationem
1649 2350 1866 2404 habeat.
1897 2348 2001 2416 Qui
2031 2350 2178 2404 enim

2282 528 2389 597 ρῶν
2405 528 2545 583 διάτ.
2575 530 2644 594 α’,
2663 529 2728 600 β’,
2761 536 2848 594 ια’,
2880 533 2939 584 ἐν
2965 524 3052 593 αἷς
3082 531 3296 600 εἴρηται
3318 528 3551 596 καὶπερὶ
3571 530 3668 583 τῶν
3691 532 3800 586 διδοο

2285 618 2461 688 μένων
2487 619 2896 687 ὲμφανιστικῶν
2925 619 3074 690 παρά
3096 620 3408 672 ἐπισκόπων
3432 620 3523 671 καὶ
3547 619 3799 689 κληρικῶν·

2279 709 2372 761 καὶ
2401 709 2483 761 ὅτι
2505 711 2562 762 ἐν
2579 707 2860 779 Βυζαντίῳ
2892 711 3039 780 μόνοι
3061 711 3110 762 oi
3131 710 3227 779 τῆς
3250 709 3505 778 Μεγάλης
3530 710 3802 780 ἐκκλησίας,

2277 801 2338 852 ού
2373 799 2480 870 μὴν
2508 802 2559 854 oi
2597 801 2706 855 τῶν
2733 801 2908 856 ἀλλων
2939 801 3190 871 κληρικοὶ
3209 839 3225 864 ,
3254 801 3369 862 τοῖς
3408 799 3581 852 αὐτῶν
3611 803 3807 871 συγκλη-

2282 893 2451 963 ρικοῖς
2487 892 2660 946 ταῦτα
2687 893 2922 946 διδόασιν
2942 909 2956 923 ·
2984 893 3034 945 oi.
3065 892 3121 945 δὲ
3150 891 3478 961 παρέχοντες
3501 931 3517 955 ,
3559 891 3616 944 ού
3641 893 3808 947 διδόασι

2278 983 2438 1035 πλέον
2479 983 2596 1047 ἑνὸς
2629 983 2877 1037 ἐνιαυτοῦ
2905 984 3110 1055 διάρια’
3150 981 3273 1035 οὗτε
3302 982 3358 1034 δέ
3387 981 3679 1051 φρόντισμα
3699 986 3810 1036 οἱον-

2277 1071 2495 1141 δήποτε,
2528 1072 2560 1142 ἢ
2593 1070 2856 1141 διοίκησιν
2886 1069 3345 1140 ἐκκλησιαστικὴν
3374 1070 3466 1122 ἐπὶ
3492 1070 3629 1122 δόσει
3649 1088 3721 1134 τις
3745 1072 3810 1124 δύ-

2277 1179 2435 1214 ναται
2457 1162 2663 1227 λαϐεῖν,
2691 1162 2724 1232 ἢ
2748 1165 2838 1216 ἐπὶ
2863 1164 2972 1215 τῶν
2993 1162 3224 1232 πτωχῶν
3245 1161 3508 1230 γίνεσθαι,
3533 1162 3564 1232 ἢ
3599 1161 3807 1226 ξενῶνος,

2279 1254 2310 1323 ἢ
2341 1253 2570 1321 εύαγοῦς
2605 1257 2755 1308 οἴκου
2787 1255 3089 1326 προστῆναι
3116 1272 3130 1287 ·
3164 1255 3342 1308 πάντα
3370 1253 3432 1306 δέ
3459 1253 3526 1306 τὰ
3556 1253 3641 1306 ἐπὶ
3668 1254 3815 1326 τούτῳ

2277 1345 2528 1415 διδόμενα
2552 1345 2585 1417 ἢ
2615 1347 3018 1416 ὑπισχνούμενα
3036 1386 3051 1411 ,
3079 1348 3112 1418 ἡ
3158 1345 3452 1415 Ἐκκλησία
3474 1387 3488 1410 ,
3523 1346 3556 1415 ἦ
3583 1348 3612 1399 ὁ
3643 1346 3814 1416 εὐαγὴς

2278 1438 2455 1504 οἶκος,
2492 1440 2718 1493 ὲκδικεῖ.
2766 1438 3044 1503 Ἐξουσίαν
3091 1438 3149 1490 δὲ
3199 1439 3413 1508 ἔχουσιν
3448 1439 3497 1491 οἱ
3531 1437 3812 1502 ἐπίσκοποι,

2279 1530 2375 1583 καὶ
2400 1531 2508 1600 πρὸ
2529 1531 2630 1599 τῆς
2656 1529 3010 1600 χειροτονίας,
3048 1529 3142 1583 καὶ
3171 1528 3312 1600 μετά
3340 1527 3511 1583 ταῦτα
3531 1568 3547 1596 ,
3571 1530 3681 1592 ταῖς
3716 1530 3815 1583 Ἐκ-

2280 1624 2530 1694 κλησίσις
2560 1621 2738 1674 αὐτῶν
2775 1621 3126 1693 προσφέρειν.

2205 1773 2247 1827 Β
2346 1798 2596 1853 ΚΕΦΔΛ.
2634 1797 2764 1852 κε’.
2796 1795 2936 1866 Περὶ
2963 1795 3072 1851 τοῦ
3095 1795 3180 1866 μὴ
3226 1795 3499 1865 τίνεσθαι
3543 1794 3817 1866 ἀναχειρος

2269 1887 2570 1954 corticem.

2704 1978 3077 2034 Ἀποστόλων
3107 1976 3308 2032 κανὼν
3332 1977 3431 2046 ξη’.

2345 2071 2446 2142 ξη’.
2482 2071 2548 2124 Εἴ
2571 2087 2653 2135 τις
2682 2070 2996 2137 ἐπίσκοπος,
3036 2069 3070 2140 ἢ
3102 2068 3495 2140 πρεσϐύτερος,
3527 2066 3561 2137 ἦ
3589 2065 3818 2130 διάκονος,

2275 2165 2529 2234 δευτέραν
2559 2163 2888 2234 χειροτονίαν
2917 2161 3130 2226 δέξεται
3165 2160 3321 2232 παρά
3347 2177 3496 2222 τινος
3515 2199 3532 2226 ,
3565 2159 3816 2230 καθαιρεί-

2280 2259 2392 2309 σθω
2442 2257 2533 2308 καὶ
2579 2255 2738 2318 αὐτὸς
2773 2255 2865 2307 καὶ
2908 2256 2936 2308 ό
2977 2254 3398 2325 χειροτονήσας,
3433 2252 3484 2304 εί
3536 2251 3606 2320 μή
3642 2267 3700 2316 γε
3727 2250 3813 2319 ἄρα

2281 2347 2509 2416 συσταίη
2535 2388 2550 2410 ,
2582 2347 2662 2399 ὅτι
2710 2345 2860 2415 παρὰ
2902 2343 3196 2415 αίρετικῶν
3225 2342 3340 2413 ἔχει
3373 2341 3474 2408 τὴν
3497 2338 3816 2412 χειροτονίαν·

607 2438 678 2490 ab
722 2437 804 2491 eis
852 2437 1109 2506 baptizati
1162 2446 1215 2491 et
1271 2437 1507 2492 ordinati
1561 2447 1722 2503 sunt,
1775 2448 1834 2494 ιιι
1870 2440 2058 2496 ﬁdeles
2099 2441 2180 2494 vel

2288 2438 2404 2500 τοὺς
2437 2436 2543 2507 γὰρ
2577 2435 2836 2507 περὶτῶν
2863 2434 3122 2488 τοιούτων
3160 2429 3639 2504 χειροτονηθέντας
3680 2428 3709 2499 ἢ
3741 2427 3820 2497 βα-

607 2528 792 2584 clcrici
821 2528 962 2596 sint,
990 2529 1107 2584 ﬁeri
1146 2544 1254 2583 non
1284 2538 1462 2598 potest
1490 2528 1724 2600 (ὅθ-21).

817 2704 1046 2762 Concilii
1071 2705 1505 2778 Carthaginemis
1538 2707 1652 2776 (22)
1687 2724 1857 2762 canon
1883 2707 1973 2764 48.

613 2791 691 2849 De
727 2792 1224 2864 reb'optizationibus
1264 2803 1312 2847 et
1362 2794 1842 2849 reordinationibus
1891 2797 1966 2850 vel
2013 2804 2190 2852 trans-

1066 2863 1352 2918 lationibus
1386 2865 1767 2934 episcoporum.

682 2956 771 3011 48.
809 2955 948 3012 illud
980 2967 1162 3011 autem
1197 2957 1548 3027 suggerimus
1573 2956 1594 2989 δ
1649 2956 1966 3011 mandatum
2008 2959 2188 3027 nobis,

611 3049 756 3118 quod
788 3048 951 3102 etiam
988 3047 1042 3102 in
1088 3045 1360 3117 Capuensi
1411 3048 1655 3118 plenaria
1706 3049 1914 3118 synodo
1972 3051 2186 3106 videtur

612 3147 904 3204 statutum,
946 3148 1006 3194 ut
1039 3154 1147 3194 non
1177 3140 1337 3194 liceat
1375 3139 1490 3194 ﬁeri
1524 3139 2004 3210 rebaptizationes,
2035 3158 2184 3197 reor-

613 3232 944 3294 dinationes,
995 3232 1078 3286 Vel
1129 3232 1520 3289 translationes
1574 3233 1984 3303 episcoporum.
2044 3232 2178 3289 Nam

614 3324 940 3380 Cresconius
965 3325 1103 3378 villae
1153 3323 1478 3394 Rbegiensis
1523 3325 1817 3394 episcopus
1846 3364 1861 3390 ,
1899 3325 2056 3395 plebe
2086 3342 2184 3381 sua

615 3412 894 3480 derelicta,
947 3414 1276 3471 Tubiensem
1337 3416 1448 3486 (9.5)
1503 3417 1704 3470 invasit
1759 3413 2082 3479 Ecclesiam,
2136 3427 2192 3472 et

618 3522 791 3576 usque
820 3506 982 3562 hodie
1003 3507 1390 3573 commonitus,
1425 3511 1724 3563 secundum
1760 3509 1903 3580 quod
1930 3518 2188 3565 statutum

617 3601 814 3664 fuerat,
847 3600 1155 3670 relinquere
1181 3601 1426 3655 eamdem
1451 3617 1612 3672 quam
1645 3603 1924 3656 invaserat
1955 3602 2191 3671 plebem,

617 3693 964 3762 contempsit.
995 3693 1274 3749 Adversus
1310 3694 1472 3748 istum
1524 3709 1645 3764 qua:
1686 3696 2039 3764 pronuntiata
2083 3695 2193 3750 fue-

621 3791 762 3846 rant,
794 3785 1114 3838 conﬁrmata
1154 3785 1372 3854 quidem
1404 3785 1715 3839 audivimus
1753 3801 1766 3838 :
1801 3787 1894 3839 sed
1933 3787 2191 3854 petimus,

621 3875 922 3927 secundum
959 3876 1100 3945 quod
1135 3877 1295 3930 nobis
1326 3877 1642 3930 mandatum
1681 3883 1785 3939 est,
1812 3885 1871 3930 ut
1894 3876 2193 3944 dignemini

623 3964 756 4018 dare
788 3963 1065 4028 ﬁduciam,
1101 3965 1338 4033 quoiam
1370 3964 1698 4019 necessitate
1725 3964 1841 4034 ipsa
1874 3975 2101 4035 cogente
2126 3965 2193 4019 li-

621 4055 814 4108 berum
847 4055 1004 4110 nobis
1034 4056 1103 4110 sit
1128 4065 1396 4110 rectorem
1423 4055 1716 4125 provincia:
1753 4056 2054 4110 secundum
2084 4056 2193 4126 87

622 4156 825 4202 statuta
855 4148 1377 4217 gloriosissimorum
1408 4147 1712 4216 principum
1753 4147 2016 4203 adversus
2043 4150 2194 4205 illum

623 4238 774 4292 adire
807 4255 822 4292 :
857 4247 913 4290 ut
943 4238 1038 4307 qui
1082 4237 1199 4290 miti
1250 4237 1624 4291 admonitione
1669 4237 1974 4293 sanctitatis
2004 4248 2196 4296 vestra:

623 4330 972 4399 acquiescere
1003 4329 1197 4394 noluit,
1243 4337 1296 4382 et
1323 4329 1612 4383 emendare
1667 4328 1947 4394 illicitum,
2006 4341 2195 4387 aucto-

626 4420 1092 4490 ritatejudiciaria
1136 4421 1389 4489 protinus
1421 4421 1764 4476 excludatur.

694 4511 947 4567 Aurelius
977 4512 1268 4580 episcopus
1298 4511 1436 4565 dixit
1470 4527 1482 4564 :
1526 4511 1749 4566 Servata
1804 4511 1977 4568 forma
2027 4512 2197 4568 disci-

624 4607 787 4678 plinae
829 4620 937 4660 non
987 4605 1351 4660 azstimabitur
1401 4606 1672 4676 appetitus
1695 4608 1830 4677 (‘24),
1861 4607 1906 4662 si
1945 4621 1975 4660 a
2016 4615 2194 4661 vestra

627 4697 890 4753 cliaritate
914 4697 1156 4750 modeste
1178 4706 1480 4750 conventus
1514 4699 1765 4752 recedere
1791 4699 2195 4763 detrectaverit,

626 4804 752 4844 cum
794 4788 980 4854 fuerit,
1005 4805 1103 4844 suo
1129 4797 1444 4858 contemptu
1479 4798 1533 4843 et
1561 4789 1904 4843 contumaria
1942 4787 2195 4853 faciente,

627 4882 792 4936 ctiam
850 4884 1172 4936 auctoritate
1213 4881 1506 4951 judiciaria
1557 4891 1860 4937 conventus
1904 4881 2002 4954 [αι.
2059 4899 2191 4938 con-

627 4972 850 5045 victus].

699 5063 1013 5119 Honoratus
1050 5071 1105 5119 ct
1137 5062 1393 5119 Urbanus
1449 5063 1687 5133 episcopi
1742 5065 1998 5119 dixerunt
2031 5081 2044 5118 :
2082 5064 2200 5120 Hoc

629 5166 758 5220 ergo
779 5153 1035 5207 omnibus
1059 5155 1271 5224 placet?
1297 5155 1375 5208 Ab
1397 5153 1667 5209 universis
1698 5152 1970 5224 episcopis
1988 5153 2194 5210 dictum

628 5253 716 5299 est
747 5261 760 5298 :
795 5245 998 5311 Placet,
1031 5256 1083 5301 et
1104 5247 1310 5316 justum
1343 5254 1448 5302 est.

700 5336 724 5368 ⁸
749 5336 1050 5393 Concilium
1082 5339 1252 5396 Afric.
1293 5355 1420 5397 can.
1449 5340 1537 5396 l5.

2283 2526 2636 2593 πτισθέντας,
2673 2524 2796 2579 οὔτε
2828 2526 3054 2590 πιστοὺς
3096 2522 3220 2578 οὗτε
3255 2521 3558 2594 κληρικοῦς
3596 2516 3725 2575 εἶναι
3748 2520 3819 2572 δυ-

2283 2621 2460 2676 νατόν.

2530 2711 2798 2766 Συνόδου
2822 2710 3240 2782 Καρθαγέννης
3273 2708 3477 2766 κανὼν
3506 2712 3612 2780 μην.

2358 2804 2496 2874 Περὶ
2552 2805 3092 2874 ἀνασαπτισμὰτων
3144 2803 3242 2859 καὶ
3293 2795 3822 2871 ἀναχειροτονιῶνῆ

2655 2873 3038 2936 ιιεταόἀσεων
3068 2875 3437 2929 ἐπισκόπων.

2365 2971 2475 3036 μην.
2517 2963 2725 3017 Ἐκεῖνο
2757 2963 2814 3016 δὲ
2837 2963 3185 3035 ἀναφέρομεν
3208 2962 3464 3016 ἐνταλθὲν
3496 2960 3648 3029 ἡμῖν,
3674 2955 3729 3006 τὸ
3749 2952 3820 3004 καὶ

2294 3060 2352 3113 ἐν
2388 3061 2453 3128 τῇ
2486 3057 2685 3126 συνόδῳ
2711 3059 2775 3128 τῇ
2802 3057 2860 3110 ὲν
2890 3056 3092 3128 Καπύῃ
3117 3055 3354 3127 ὁρισθὲν,
3378 3053 3522 3107 ὥστε
3559 3052 3631 3122 μὴ
3659 3046 3824 3114 ἐξεῖναι

2286 3149 2529 3220 γίνεσθαι
2565 3147 2953 3211 ἀναὸαπτίσεις
2973 3189 2989 3214 ,
3029 3147 3062 3218 ἢ
3094 3147 3602 3218 ἀναχειροτονήσεις
3628 3146 3660 3217 ἢ
3691 3163 3826 3216 μετα-

2286 3247 2527 3316 κινήσεις
2559 3244 2892 3298 ὲπισκόπων.
2931 3239 3278 3314 Κρεσκώνιος
3311 3237 3402 3295 οὖν
3436 3241 3536 3294 τοῦ
3578 3240 3827 3307 Ῥεκένσης

2287 3337 2456 3409 ἀγροῦ
2489 3337 2784 3398 ἐπίσκοπος
2816 3336 3236 3405 καταφρονήσας
3263 3331 3359 3387 τοῦ
3415 3333 3552 3387 [δίου
3584 3330 3704 3385 λαοῦ
3726 3371 3739 3395 ,
3773 3333 3826 3400 τῇ

2287 3429 2379 3484 τοῦ
2412 3429 2607 3500 Βικένη
2653 3427 2823 3499 ὲπέὄη
2860 3426 3158 3496 Ἐκκλησία
3185 3441 3199 3455 ⁸
3235 3425 3331 3478 καὶ
3357 3423 3464 3487 ἕως
3501 3425 3598 3489 τῆς
3627 3424 3828 3492 σήμερον

2289 3521 2548 3584 πολλάκις
2599 3518 2970 3589 ὑπομνησθεὶς
3007 3517 3146 3570 κατά
3181 3516 3242 3569 τὸ
3267 3514 3488 3585 ὁρισθὲν
3541 3512 3825 3566 καταλιπεῖν

2289 3614 2387 3683 τὴν
2426 3612 2592 3681 αὐτὴν
2641 3603 3033 3682 Ἐκκλησίανῇ
3082 3626 3188 3661 τινι
3230 3605 3487 3675 ἐπῆλθεν,
3530 3606 3628 3676 οὐχ
3667 3603 3830 3657 είλετο.

2292 3705 2428 3774 Περὶ
2448 3703 2637 3756 τούτου
2668 3703 2724 3755 δέ
2749 3702 2815 3754 τὰ
2838 3699 3280 3771 προαγγελθέντα
3311 3697 3509 3768 βέϐαια
3529 3695 3826 3768 ἠκούσαμεν,

2291 3797 2384 3850 καὶ
2417 3794 2668 3864 αἰτοῦμεν
2695 3793 2834 3847 κατὰ
2863 3793 2922 3844 τδ
2947 3791 3163 3845 ἐνταλέν
3190 3792 3342 3860 ἡμῖν,
3373 3789 3462 3842 ἵνα
3495 3788 3828 3856 καταξιὼσητε

2291 3888 2471 3942 δοῦναι
2499 3885 2811 3957 παρρησίαν
2835 3885 2919 3936 ἐπ’
2946 3881 3131 3945 ἀδείας
3157 3884 3288 3952 ἡμῖν
3312 3881 3588 3949 γενέσθαι·
3622 3881 3696 3933 ὅτι
3720 3877 3828 3944 αὕτη

2294 3981 2326 4048 ὴ
2353 3978 2565 4046 ἀνάγκη
2597 3971 3006 4046 παρασκευάζει
3039 3970 3118 4042 τῷ
3158 3971 3382 4042 ἄρχοντι
3409 3970 3516 4042 τῆς
3544 3969 3714 4040 χώρας
3738 3965 3835 4019 κατ’

2295 4068 2501 4120 ἐκείνου
2535 4063 2878 4135 προσελθεῖν,
2904 4060 3046 4116 κατά
3073 4061 3172 4125 τὰς
3204 4060 3500 4126 διαστίξεις
3529 4060 3634 4113 τῶν
3661 4057 3831 4120 ἐνδοξο-

2294 4158 2472 4210 τάτων
2499 4155 2792 4226 βασιλέωνο
2822 4153 2911 4208 ἴνα
2930 4153 2958 4206 ὁ
2990 4155 3057 4224 τῇ
3088 4153 3246 4222 πράῳ
3279 4151 3588 4222 ὑπομνήσει
3615 4150 3704 4218 τῆς
3729 4149 3833 4216 ύμε-

2294 4247 2458 4317 τέρας
2485 4245 2795 4316 ἁγιωσύνης
2822 4244 3190 4315 πειθαρχῆσαι
3219 4241 3293 4313 μὴ
3331 4241 3590 4311 θελήσας,
3618 4241 3703 4293 καὶ
3721 4239 3835 4305 διορ-

2297 4337 2573 4391 θώσασθαι
2628 4337 2688 4390 το
2757 4334 3190 4406 ἀσυγχώρητον,
3255 4331 3516 4404 αὑθεντίᾳ
3581 4329 3837 4400 ἀρχοντικῇ

2219 4437 2264 4494 D
2293 4429 2635 4501 παραχρῆμα
2665 4426 2906 4496 κωλυθῇ.

2366 4523 2440 4577 Αύ
2451 4520 2630 4593 ρήλιος
2656 4518 2951 4580 ἐπίσκοπος
2977 4510 3149 4568 εἶπεν·
3182 4514 3555 4584 Φυλαχθὲντος
3583 4512 3671 4568 τοῦ
3694 4509 3836 4565 τύπον

2294 4618 2394 4686 τῆς
2427 4611 2850 4673 καταστάσεως,
2891 4607 2965 4680 μὴ
2995 4606 3162 4678 κριθῇ
3211 4606 3309 4676 τῆς
3342 4606 3564 4659 συνόδου
3594 4606 3833 4672 ὑπάρχων.

2295 4706 2391 4760 ἐὰν
2433 4703 2688 4766 ἐπιεικῶς
2727 4700 2972 4772 αἰτηθεὶς
3011 4699 3165 4769 παρὰ
3207 4699 3306 4767 τῆς
3335 4697 3611 4768 ὑμετέρας
3652 4695 3835 4763 ἀγάπης

2295 4798 2595 4866 ἀποστῆναι
2625 4793 3002 4864 παρῃτήσατο,
3023 4789 3211 4860 ἐπειδὴ
3244 4791 3308 4842 ἐκ
3336 4789 3433 4857 τῆς
3467 4787 3671 4849 οἰκείας
3693 4801 3832 4838 κατα-

2305 4887 2618 4959 φρονήσεως
2669 4884 2764 4938 καὶ
2811 4881 3121 4954 μονοτονίας
3171 4879 3464 4951 περιῆλθεν
3516 4880 3598 4943 εἰς
3623 4877 3836 4948 ἀρχοντι-

2304 4979 2404 5050 κὴν
2432 4977 2700 5043 ἐξουσίαν.

2386 5069 2686 5139 Ὁνωράτος
2713 5066 2807 5120 καὶ
2824 5065 2896 5121 Ού
2906 5063 3102 5137 ρϐανδς
3125 5063 3176 5117 oi
3195 5063 3483 5117 ἐπίσκοποι
3505 5056 3674 5115 εἵπον-
3697 5052 3836 5110 Τοῦτο

2304 5163 2437 5216 πᾶσι
2477 5161 2703 5233 ἀρέσκει
2731 5177 2745 5192 ο
2776 5159 2886 5216 ἀπὸ
2922 5159 3144 5214 πάντων
3173 5156 3489 5211 ἐπισκόπων
3520 5150 3708 5225 ἐλέχθη
3727 5166 3740 5183 ο
3765 5146 3836 5199 Δί·

2302 5255 2456 5309 καιόν
2482 5257 2651 5322 ἐστιν,
2678 5255 2928 5326 ἀρέσκει.

2172 5435 2403 5494 NOTAE.

706 5528 916 5601 (ὅθ-21)
944 5528 1266 5599 intelligitur
1290 5530 1355 5584 de
1392 5529 1846 5601 Cataplirygibus,
1879 5536 1940 5585 ut
1962 5543 2086 5601 cap.
2131 5530 2198 5586 l9

632 5599 832 5670 concil.
861 5599 1004 5670 μία,
1034 5611 1089 5656 et
1112 5601 1182 5656 95
1211 5611 1378 5655 sextae
1404 5600 1619 5670 synodi.

633 5669 828 5798 an("‘23
833 5669 1014 5796 8((1,0nc.
1038 5671 1292 5741 Carthag.
1317 5686 1397 5737 ιιι,
1420 5669 1544 5726 ean.
1570 5670 1661 5738 58;
1693 5669 1977 5741 Capuense
1999 5671 2199 5727 concil.

2375 5536 2487 5606 (‘25)
2525 5536 2636 5591 MS.
2676 5557 2693 5588 ι
2729 5536 3208 5593 Tubuniensem...
3237 5543 3308 5606 et
3333 5525 3787 5606 usque_in_hodie.
3817 5538 3830 5570 ι

2375 5593 2488 5686 (ξεί)
2541 5607 2651 5662 ηοο
2689 5617 2792 5673 εει,
2847 5626 2864 5660 ι
2915 5623 3024 5662 non
3084 5593 3443 5663 aestimabitui-
3486 5601 3536 5658 ei
3589 5598 3718 5655 facta
3770 5593 3834 5644 in-

2328 5692 2460 5730 lll'lil.
2511 5696 2528 5727 ι
2755 5696 2764 5705 ¹
