3994 6404
98 355 203 418 5H

894 358 1294 419 SYNTAGMA
1325 357 1715 420 CANONUM.
1746 382 1816 393 -
1843 357 1990 418 TlT.
2032 358 2080 431 l,
2115 358 2273 417 CAP.
2316 356 2502 416 XXVI

3245 355 3353 418 542

173 467 423 522 necum.
464 447 609 534 κεῖν.
633 499 701 507 -
727 469 861 536 Περι
894 469 999 524 τοῦ
1021 471 1108 538 μὴ
1131 471 1394 539 μετιέναι
1423 470 1699 530 extum.

1847 468 2000 524 CAP.
2038 467 2228 524 XXVI.
2260 499 2332 509 ——
2363 466 2446 522 Ne
2485 469 2755 536 episcopus
2783 465 2858 521 vel
2895 465 3115 522 clericus
3141 464 3204 520 de
3244 481 3352 520 una

97 575 226 610 πον
261 558 297 626 ἢ
318 557 610 625 κληρικὸν
632 557 751 612 ἀπὸ
785 561 1016 625 πόλεως
1049 562 1136 626 είς
1163 561 1364 616 πόλιν.

381 691 653 746 Συνόδου
688 691 934 759 Νικαίας
962 692 1161 746 κανὼν
1189 699 1270 759 ιε’,
1298 699 1393 759 ις’.

169 820 257 874 ιε’.
304 820 404 874 Διὰ
433 821 525 876 τὸν
555 822 720 876 πολὺν
766 823 1004 894 τάραχον
1046 825 1139 878 καὶ
1170 827 1270 889 τὰς
1316 825 1534 890 στάσεις
1575 826 1676 890 τὰς

95 915 394 982 γινομένας
423 954 439 974 ,
503 914 647 978 ἔδοξε
725 916 1038 968 παντάπασι
1103 917 1523 987 περιαιρεθῆναι
1574 919 1672 989 τὴν

100 1004 392 1074 συνήθειαν
424 1003 524 1075 τὴν
572 1006 724 1076 παρὰ
763 1007 852 1058 τὸν
887 1007 1084 1060 κανόνα
1118 1007 1438 1078 εὑρεθεῖσαν
1478 1008 1536 1060 ἐν
1561 1026 1674 1062 τισι

103 1096 369 1172 μέρεσινδ
405 1095 548 1149 ὥστε
601 1095 711 1150 ἀπὸ
761 1098 970 1160 πόλεως
1019 1099 1098 1161 είς
1157 1099 1314 1159 πόλιν
1373 1102 1448 1171 μὴ
1509 1119 1676 1171 μετα-

97 1186 329 1250 ϐαίνειν,
380 1188 516 1254 μήτε
551 1185 868 1250 ἐπίσκοπον,
913 1188 1054 1257 μήτε
1099 1187 1488 1259 πρεσϐύτερον,
1537 1192 1676 1260 μήτε

95 1277 372 1330 διάκονον.
402 1277 465 1329 Ei
494 1277 552 1330 δέ
577 1294 683 1341 τις,
725 1277 864 1348 μετὰ
892 1279 982 1330 τὸν
1000 1279 1097 1349 τῆς
1117 1280 1278 1348 ἁγίας
1311 1282 1404 1334 καὶ
1431 1282 1677 1352 μεγάλης

99 1369 325 1421 συνόδου
353 1369 500 1439 ὅρον,
536 1369 758 1440 τοιούτῳ
801 1371 907 1424 τινὶ
936 1373 1360 1443 ἐπιχειρήσειεν,
1397 1376 1430 1443 ἢ
1463 1374 1676 1447 ἐπιδοίη

97 1460 295 1513 ἑαυτὸν
324 1461 616 1528 πράγματι
640 1460 888 1530 τοιούτῳ,
917 1463 1335 1533 ἁκυρωθήσεται
1379 1463 1680 1529 ἐξάπαντος

98 1549 157 1602 τὸ
187 1550 626 1620 κατασκεύασμα
646 1589 662 1612 ,
692 1550 783 1602 καὶ
812 1550 1395 1622 ἁποκατασταθήσεται
1429 1555 1494 1624 τῇ
1556 1554 1681 1607 Ἑκ-

98 1641 299 1712 κλησίᾳ
388 1643 418 1695 6
448 1643 742 1706 ἐπίσκοπος
764 1644 797 1712 ἢ
826 1646 854 1696 6
878 1644 1245 1713 πρεσϐύτερος
1275 1647 1676 1718 ἐχειροτονήθη.

170 1730 270 1795 ις’.
295 1732 455 1784 Ὅσοι
484 1733 889 1803 ῥιψοκινδύνως,
929 1734 1065 1804 μήτε
1096 1736 1187 1788 τδν
1226 1735 1388 1806 φόϐον
1414 1735 1506 1790 τοῦ
1541 1739 1677 1792 Θεοῦ

1790 561 1842 613 in
1866 560 2032 614 aliam
2053 561 2317 614 ciuitatem
2346 560 2760 628 transferantur.

2083 688 2282 760 Synodi
2311 689 2545 743 Nicwna:
2580 704 2800 741 canones
2829 688 2915 755 15,
2952 687 3054 743 16.

1854 824 1943 878 15.
1981 822 2251 894 Ρτοριετδ
2312 822 2542 876 multum
2601 821 2891 876 tumultum
2940 829 2994 874 et
3057 817 3353 874 seditiones

1783 932 1906 987 quae
1941 916 2098 980 liunt,
2139 914 2363 968 omnino
2395 915 2572 968 visum
2606 923 2690 967 est
2725 920 2784 967 ut
2831 911 3198 977 consuetudo,
3231 925 3354 979 qua:

1784 1015 1979 1078 prater
2018 1021 2283 1061 eanonem
2335 1007 2388 1059 in
2439 1006 2716 1061 nonnullis
2755 1005 3000 1074 partibus
3052 1005 3351 1067 invenitur,

1785 1097 2004 1151 tollatur
2039 1113 2052 1148 :
2087 1104 2145 1148 ut
2183 1109 2213 1148 ιι
2244 1094 2462 1148 civitate
2503 1095 2556 1146 in
2585 1094 2859 1148 civitatem
2906 1109 3006 1148 nec
3039 1094 3352 1163 episcopus,

1784 1203 1886 1242 nec
1921 1186 2228 1256 presbyter,
2263 1200 2364 1239 nec
2405 1186 2672 1239 diaconus
2708 1193 2969 1239 transeat.
3003 1185 3058 1238 Si
3091 1185 3216 1254 quis
3258 1200 3355 1237 au-

1785 1287 1894 1333 tem
1921 1285 2045 1346 post
2073 1285 2281 1332 sanctae
2309 1285 2594 1344 etmagnae
2632 1276 2823 1345 synodi
2847 1276 3215 1330 deﬁnitionem
3249 1275 3355 1330 tale

1785 1369 2060 1440 quidpiam
2089 1383 2379 1438 aggressus
2416 1368 2599 1432 fuerit,
2639 1368 2722 1421 vel
2765 1383 2824 1422 se
2852 1369 2930 1422 rei
2964 1367 3232 1436 ejusmodi
3262 1369 3356 1421 de-

1785 1458 1944 1522 derit,
1993 1457 2138 1527 quod
2191 1457 2394 1512 factum
2434 1457 2556 1521 erit,
2599 1457 2825 1511 omnino
2876 1457 3262 1520 iuﬁrmahitur,
3299 1465 3356 1510 et

1787 1547 2040 1603 Ecclesiae
2083 1549 2413 1613 restituetur,
2460 1549 2548 1603 cui
2607 1548 2894 1617 episcomts
2940 1549 3021 1602 vel
3074 1548 3356 1618 presbyter

1785 1642 2068 1698 ordinatus
2103 1642 2268 1696 fuerit

1857 1734 1944 1789 16.
1989 1735 2357 1801 Quicunque'
2400 1742 2604 1788 temere
2653 1742 2710 1787 et
2755 1732 3195 1795 inconsiderate,
3252 1745 3355 1785 nec

99 1822 205 1893 πρὸ
249 1821 554 1892 ὀφθαλμῶν
599 1823 835 1894 ἔχοντες,
889 1827 1028 1897 μήτε
1081 1827 1174 1881 τὸν
1222 1827 1676 1898 ἐκκλησιαστικὸν

1793 1827 1878 1883 Dei
1924 1829 2174 1883 timorem
2213 1843 2322 1898 pra:
2357 1829 2532 1883 oculis
2565 1829 2845 1893 habentes,
2893 1843 2993 1883 nec
3021 1828 3355 1882 ecclesiasti—

99 1915 304 1968 κανόνα
347 1915 572 1980 εἰδότες,
604 1917 1016 1988 ἀναχωρήσουσι
1046 1918 1146 1988 τῆς
1188 1919 1516 1988 Ἐκκλησίας
1545 1939 1683 1992 πρε-

99 2005 359 2074 σϐύτεροι
389 2008 421 2078 ἢ
454 2005 780 2078 διὰκονοιῄἢ
816 2011 952 2074 ὅλως
997 2013 1056 2065 ἐν
1094 2011 1172 2082 τῷ
1202 2014 1388 2066 κανόνι
1440 2011 1687 2078 ἐξεταζό-

101 2115 276 2168 μενοι,
305 2093 454 2154 οἷιτοι
477 2100 726 2171 οὐδαμῶς
745 2102 925 2156 δεκτοὶ
951 2103 1256 2171 ὀφείλουσιν
1276 2100 1414 2158 εἶναι
1438 2107 1496 2158 ἐν
1519 2106 1684 2177 ἑτέρᾳ.

97 2189 403 2262 ἐκκλησίᾳ·
439 2193 576 2247 ἀλλὰ
605 2195 786 2248 πᾶσαν
823 2195 1006 2258 αὐτοῖς
1034 2195 1279 2266 ἀνάγκην
1309 2195 1538 2251 ἕπεσθαι
1575 2198 1682 2270 χρὴ

99 2282 468 2352 ἀναστρέφειν
495 2286 577 2348 εἰς
601 2283 700 2348 τὰς
735 2286 944 2339 ἑαυτῶν
983 2289 1293 2358 παροικίας,
1329 2290 1361 2361 ἢ
1395 2291 1682 2361 ἐπιμένονσο

97 2390 196 2436 τας
231 2375 637 2444 ἀκοινωνήτους
666 2371 804 2430 εἶναι
842 2381 1130 2448 προσήκει.
1179 2380 1238 2432 Ei
1269 2381 1326 2434 δέ
1352 2381 1444 2434 καὶ
1476 2381 1681 2452 τολμή-

102 2464 212 2517 σειέ
254 2481 346 2528 τις
392 2466 715 2537 ὑφαρπάσαι
754 2467 845 2519 τὸν
890 2469 968 2538 τῷ
1007 2470 1182 2542 ἑτέρῳ
1215 2471 1538 2542 διαφέροντα
1589 2472 1682 2526 καὶ
1715 2525 1732 2530 _

101 2557 483 2627 χειροτονῆσαι
521 2559 578 2610 ἐν
606 2561 673 2630 τῇ
712 2559 878 2612 αὑτοῦ
931 2561 1228 2634 Ἐκκλησία
1251 2607 1262 2623 ,
1305 2563 1378 2634 μὴ
1408 2581 1682 2632 συγκατα-

101 2643 386 2713 τιθεμένου
420 2646 513 2699 τοῦ
547 2647 677 2700 ίδίου
711 2649 1014 2703 ἐπισκόπου
1055 2643 1114 2704 οὗ
1160 2652 1505 2723 ἀνεχώρησεν
1553 2655 1580 2707 6
1623 2655 1682 2708 ἐν

103 2735 177 2806 τῷ
205 2738 395 2791 κανόνι
425 2739 834 2809 ἐξεταζόμενος,
869 2742 1071 2814 ἄκυρος
1104 2743 1244 2797 ἔστω
1271 2745 1302 2814 ἠ
1331 2745 1654 2817 χειροτονία.

358 2828 631 2884 Συνόδου
685 2832 1052 2901 ’Δντιοχείας
1089 2833 1291 2888 κανὼν
1325 2842 1432 2890 κα’.

170 2917 278 2972 κα’.
314 2918 645 2974 Ἑπίσκοπον
659 2923 765 2976 ἀπὸ
785 2925 1070 2995 παροικίας
1085 2925 1275 2997 ἐτέρας
1290 2927 1367 2990 είς
1387 2928 1579 2998 ἑτέραν
1604 2927 1678 3000 μὴ

108 3008 485 3077 μεθίστασθαι,
521 3013 660 3083 μήτε
690 3014 1026 3086 αὐθαιρέτως
1042 3018 1432 3089 ἐπιρρίπτοντα
1463 3020 1677 3086 ἑαυτὸν,

109 3103 240 3172 μήτε
283 3103 394 3157 ὑπὸ
411 3103 571 3159 ,λαῶν
603 3107 1012 3177 ἐκϐιαζόμενον,
1059 3111 1194 3180 μήτε
1229 3110 1333 3163 ὑπὸ
1362 3111 1678 3164 ἐπισκόπων

1782 1939 1906 1978 cum
1938 1938 2200 1978 canonem
2243 1924 2484 1978 scientes
2515 1923 2818 1993 presbyteri
2858 1922 2941 1976 vel
2987 1922 3225 1986 diaconi,
3273 1922 3355 1975 vel

1781 2015 1896 2085 88
1919 2015 2234 2083 quicunque
2264 2014 2490 2068 omnino
2526 2013 2580 2066 in
2615 2027 2827 2068 canone
2856 2020 3232 2077 recensentur,
3285 2011 3357 2065 ah

1781 2107 2028 2162 ecclesiis
2076 2107 2426 2174 secesserint,
2475 2107 2512 2161 ii
2568 2108 2623 2161 in
2676 2105 2853 2160 aliena
2914 2105 3149 2159 ecclesia
3203 2103 3354 2158 nullo

1784 2198 1945 2253 modo
1976 2197 2144 2267 recipi
2180 2197 2401 2262 debent,
2449 2197 2545 2253 sed
2597 2197 2826 2250 omnino
2861 2196 3088 2265 cogendi
3125 2202 3256 2248 sunt
3297 2195 3354 2248 in

1783 2304 1916 2344 suas
1971 2287 2218 2357 ipsorum
2273 2288 2566 2357 parochias
2621 2288 2959 2342 redirezvel
3011 2286 3056 2339 si
3103 2299 3356 2355 perseve-
3407 2296 3413 2301 ·

1782 2388 1924 2443 rent,
1969 2393 2063 2433 COS
2105 2393 2137 2432 a
2184 2379 2573 2433 communione
2629 2385 2909 2447 separatos
2955 2391 3077 2431 esse
3117 2383 3350 2444 oportet.

1784 2469 1881 2525 Sin
1919 2477 2100 2524 autem
2133 2469 2297 2522 etiam
2338 2484 2506 2524 ausus
2530 2469 2551 2500 ⁷
2582 2468 2747 2522 fuerit
2777 2467 3046 2538 quispiam
3082 2481 3229 2529 cum,
3257 2465 3353 2534 qui

1783 2564 1848 2618 ad
1882 2563 2050 2616 alium
2082 2561 2315 2630 pertinet
2341 2563 2644 2631 subripere,
2667 2571 2723 2617 et
2748 2562 3003 2616 ordinare
3025 2560 3079 2614 in
3119 2559 3351 2613 ecclesia

1782 2673 1888 2712 non
1917 2657 2290 2711 consentiente
2323 2656 2541 2727 proprio
2572 2656 2828 2724 episcopo
2855 2693 2870 2717 ,
2918 2669 2948 2708 a
2978 2667 3089 2722 quo
3128 2655 3356 2707 recessit

1781 2754 1873 2823 qui
1909 2754 1962 2808 in
2005 2769 2214 2810 canone
2253 2762 2540 2818 censetur,
2584 2751 2736 2805 irrita
2767 2750 2835 2804 sit
2865 2749 3160 2806 ordinatio.

2117 2847 2343 2904 Concilii
2375 2845 2689 2900 Antiocheni
2720 2860 2890 2898 canon
2924 2843 3018 2898 Ἡ.

1851 2941 1941 2997 2|.
1991 2943 2295 3013 Episcopus
2350 2939 2419 2994 ab
2477 2939 2583 2992 alia
2642 2937 2898 3006 parochia
2964 2936 3018 2989 in
3069 2935 3228 2988 aliam
3288 2947 3357 2987 nt.

1783 3043 2042 3098 transeat,
2085 3047 2186 3088 nec
2229 3047 2290 3086 se
2318 3045 2417 3086 sua
2447 3037 2641 3099 sponte
2676 3029 2950 3096 ingerens,
2980 3042 3080 3082 nec
3113 3044 3140 3078 ιι
3185 3041 3357 3095 popu-

1784 3127 1851 3181 lis
1877 3127 1925 3180 vi
1978 3126 2230 3188 adactus,
2286 3137 2384 3177 nec
2419 3122 2486 3175 ab
2527 3119 2802 3190 episcopis
2843 3127 3107 3173 coactus:
3142 3126 3356 3170 maneat

106 3168 564 3267 ἀναγκαζόμενον·
600 3168 788 3269 μένειν
828 3168 885 3253 δὲ
917 3168 1094 3272 είςῖῆιν
1119 3168 1410 3273 ἐκληρώθη
1447 3203 1552 3257 ὑπὸ
1580 3203 1675 3257 τοῦ

1793 3168 1850 3181 ..υ
1886 3168 1925 3180 ..
1978 3168 2230 3188 ..........-..,
2287 3168 2384 3177 ..-ν
2419 3168 2482 3175 η
2533 3168 2800 3190 -r----r__
2848 3168 3063 3173 __-_--__
3307 3168 3310 3169 ν

1793 3227 1961 3273 autem
1997 3219 2049 3271 in
2088 3232 2152 3272 ea
2197 3230 2362 3286 quam
2396 3230 2425 3268 a
2462 3213 2572 3268 Deo
2616 3213 2847 3268 sortitus
2895 3221 2980 3267 est
3009 3210 3264 3270 ecclesia,
3301 3214 3356 3261 et

109 3286 234 3339 Θεοῦ
265 3287 330 3352 ἐξ
359 3289 536 3360 ἀρχῆς
559 3290 844 3363 ἐκκλησίᾳ,
869 3293 964 3344 καὶ
996 3293 1070 3364 μὴ
1099 3293 1456 3362 μεθίστασθαι
1485 3295 1678 3364 αὐτῆς,

109 3376 244 3431 κατὰ
297 3378 392 3432 τὸν
442 3381 542 3452 ήδη
595 3383 858 3454 πρότερον
913 3383 1041 3453 περὶ
1093 3384 1283 3437 τούτου
1331 3384 1679 3456 ἐξενεχθέντα

110 3484 246 3538 ορον.

278 3563 554 3618 Συνόδου
583 3564 966 3633 Χαλκηδόνος
989 3566 1191 3620 κανὼν
1227 3573 1289 3631 ε’,
1333 3565 1385 3633 ι’,
1415 3573 1487 3621 κ’.

174 3662 234 3711 ε’.
267 3656 410 3728 Περὶ
438 3655 545 3709 τῶν
576 3656 1011 3726 μεταϐαινόντων
1038 3657 1146 3711 ἀπὸ
1174 3658 1380 3722 πόλεως
1410 3659 1488 3723 είς
1521 3658 1677 3712 πόλιν

112 3747 421 3803 ἐπισκόπων
450 3748 482 3819 ἢ
519 3748 815 3819 κληρικῶν,
847 3749 994 3813 εδοξε
1022 3751 1146 3814 τοὺς
1178 3749 1306 3814 περὶ⁸
1344 3749 1551 3804 τούτων
1590 3769 1681 3804 τε-

115 3840 293 3906 θέντας
319 3840 551 3904 κανόνας
581 3841 731 3911 παρὰ
759 3841 868 3895 τῶν
905 3841 1077 3912 ἁγίων
1108 3843 1366 3914 Πατέρων
1411 3842 1557 3914 ἔχειν
1582 3843 1680 3915 τὴν

117 3933 238 3987 ίδῐαν
263 3933 447 4004 ἰσχύν.

181 4026 228 4080 ι’.
263 4029 360 4097 Μὴ
400 4027 600 4093 ἐξεῖναι
628 4025 884 4097 κληρικδν
915 4028 973 4082 ἑν
1013 4027 1106 4080 δύο
1135 4028 1344 4082 πόλεων
1375 4027 1517 4082 κατὰ
1547 4046 1683 4082 ταυ-

114 4120 194 4173 τὶν
229 4118 634 4188 καταλέγεσθαι
696 4120 1034 4190 ἐκκλησίαις,
1075 4121 1134 4173 ἐν
1256 4139 1314 4174 τε
1360 4121 1459 4192 τὴν
1511 4121 1683 4192 ἀρχὴν

117 4211 506 4281 ἐχειροτονήθη,
533 4209 625 4263 καὶ
654 4211 709 4263 ἐν
799 4211 1138 4281 προσέερυγεν
1163 4211 1240 4274 ὡς
1271 4212 1476 4280 μείζονι
1500 4212 1682 4280 δῆθεν,

116 4303 194 4356 διὰ
216 4305 377 4374 δόξης
408 4307 569 4374 κενῆς
595 4301 908 4374 ἐπιθυμίαν.
944 4303 1081 4367 Τοὺς
1099 4302 1155 4356 δέ
1186 4321 1248 4371 γε
1278 4305 1436 4356 τοῦτο
1461 4303 1680 4357 ποιοῦν-

118 4412 234 4462 τας,
287 4395 762 4450 ἀποκαθίστασθαι
817 4398 883 4466 τῇ
939 4395 1043 4467 ίδίᾳ
1105 4394 1367 4466 ἐκκλησίᾳ
1425 4397 1483 4449 ἐν
1626 4393 1684 4462 ἐξ

1782 3311 1850 3364 ab
1897 3325 1961 3363 ca
2007 3324 2115 3362 non
2152 3307 2395 3372 recedat,
2441 3305 2745 3362 secundum
2777 3305 3053 3359 decretum
3104 3303 3257 3372 prius
3289 3300 3355 3355 de

1781 3415 1846 3455 ea
1875 3414 1933 3453 re
1963 3398 2188 3453 editum.

1939 3573 2161 3629 Concilii
2183 3571 2618 3626 Chalcedonensis
2657 3586 2884 3624 canones
2911 3569 2964 3632 5,
3002 3569 3090 3631 10,
3118 3567 3210 3624 ’20.

1854 3666 1907 3720 5.
1939 3665 2013 3719 De
2041 3664 2336 3733 episcopis,
2373 3661 2455 3716 vel
2483 3661 2719 3724 clericis,
2753 3662 2842 3729 qui
2875 3677 2904 3714 a
2938 3663 3156 3716 civitate
3187 3662 3239 3714 in
3275 3659 3351 3714 ci-

1784 3759 2000 3812 vitatem
2042 3763 2346 3818 transeunt,
2380 3752 2583 3822 placuit
2608 3767 2704 3806 eos
2733 3753 2824 3821 qui
2855 3751 2981 3805 editi
3009 3759 3138 3806 sunt
3161 3765 3190 3804 τι
3223 3765 3351 3805 san-

1782 3853 1884 3907 ctis
1909 3849 2164 3904 Patribus
2195 3861 2457 3911 canones,
2487 3845 2633 3902 vires
2674 3845 2942 3900 obtinere.

1855 4034 1942 4088 10.
1977 4033 2097 4088 Νοη
2143 4032 2306 4086 licere
2370 4031 2570 4087 clerico
2597 4030 2650 4083 in
2684 4028 2917 4083 duarum
2956 4027 3235 4081 civitatum
3268 4041 3358 4081 cc-

1784 4126 1964 4181 clesiis
1993 4125 2181 4180 eodem
2232 4133 2478 4193 tempore
2520 4123 2574 4176 in
2619 4121 2927 4190 cataIOgum
2979 4118 3190 4183 referri,
3215 4126 3269 4172 et
3303 4117 3356 4169 in

1784 4235 1847 4272 ea
1880 4219 1933 4272 in
2001 4232 2109 4286 qua
2142 4231 2174 4271 a
2226 4215 2500 4286 principio
2565 4215 2853 4269 ordinatus
2878 4223 2981 4277 est,
3016 4223 3069 4266 ct
3112 4212 3274 4272 inea,
3302 4209 3355 4261 in

1787 4323 1950 4377 quam
1985 4316 2242 4375 tanquam
2271 4304 2340 4358 ad
2381 4302 2666 4373 majorem,
2696 4302 2958 4371 confugit,
2993 4311 3212 4370 prapter
3242 4299 3362 4352 ina-

1789 4400 1874 4454 nis
1910 4397 2092 4467 gloriae
2127 4397 2478 4466 cupiditatem
2505 4413 2518 4448 :
2545 4411 2641 4450 eos
2669 4404 2849 4449 autem
2875 4395 2966 4463 qui
2995 4395 3096 4448 hoc
3122 4392 3355 4455 iaciunt,

120 4487 273 4558 ἀρχῆς
307 4488 815 4559 ἐχειροτονήθησαν,
849 4489 942 4541 καὶ
971 4490 1087 4539 ἐκεῖ
1129 4488 1289 4556 μόνον
1319 4488 1677 4558 λειτουργεῖν.

1793 4491 2022 4562 propria:
2048 4489 2294 4546 ecclesia:
2324 4489 2560 4553 restitui,
2604 4489 2657 4542 in
2701 4503 2807 4557 qua
2837 4487 2906 4541 ab
2945 4486 3102 4540 initio
3123 4485 3357 4538 ordinati

121 4577 174 4629 El
219 4581 320 4648 μέν
361 4596 444 4631 τοι
491 4578 588 4648 ἤδη
639 4597 722 4642 τις
769 4579 1029 4648 μετετέθη
1082 4578 1139 4645 ἐξ
1179 4578 1344 4650 ἄλλης
1392 4581 1472 4644 εἰς
1515 4580 1682 4650 ἄλλην

121 4665 422 4735 ἐκκλησίαν,
479 4666 646 4736 μηδὲν
707 4669 820 4729 τοῖς
868 4670 967 4737 τῆς
1019 4668 1288 4740 προτέρας
1352 4670 1681 4740 ἐκκλησίας,

1783 4593 1934 4648 ευηι,
1968 4592 2027 4636 ιιι
2073 4582 2183 4636 illic
2207 4582 2386 4636 solum
2445 4581 2797 4636 ministrent:
2835 4580 2927 4634 sed
2957 4579 3003 4634 si
3058 4577 3172 4647 jam
3204 4578 3359 4646 quis-

1779 4677 1922 4748 piam
1947 4691 2012 4730 ex
2039 4676 2144 4730 alia
2165 4675 2218 4728 in
2246 4675 2408 4728 aliam
2431 4673 2719 4728 ecclesiam
2749 4673 3042 4726 translatus
3084 4679 3188 4733 est,
3225 4669 3358 4722 nihil

122 4753 224 4823 ἢτοι
273 4756 386 4808 τῶν
442 4757 533 4810 ὑπ’
595 4757 764 4828 αὐτὴν
814 4760 1158 4829 μαρτυρείων
1209 4760 1242 4832 ἢ
1308 4763 1588 4834 πτωχείων
1649 4764 1682 4834 ἢ

1793 4769 1978 4838 prioris
2003 4767 2247 4822 ecclesia:
2275 4767 2358 4821 vel
2379 4780 2570 4820 eorum
2602 4779 2722 4834 quae
2747 4764 2850 4818 sub
2874 4777 2937 4816 ea
2963 4770 3091 4818 sunt
3150 4770 3359 4830 marty-

125 4844 448 4918 ξενοδοχείων
473 4851 842 4902 ἐπικοινωνεῖν
873 4852 1194 4920 πράγμασι·
1227 4854 1353 4917 τοὺς
1379 4855 1434 4907 δὲ
1469 4873 1532 4923 γε
1563 4855 1684 4909 τολ·

127 4938 360 5005 μ’ἷιντας,
413 4940 550 5010 μετὰ
589 4940 678 4993 τὸν
712 4941 835 5011 ὅρον
893 4942 994 5012 τῆς
1053 4944 1299 5016 μεγάλης
1349 4947 1443 4999 καὶ
1499 4949 1680 4999 οἰκου-

125 5031 341 5100 μενικῆς
383 5031 583 5102 ταύτης
624 5032 864 5097 συνόδου,
898 5035 1158 5105 πράττειν
1196 5053 1247 5090 τι
1281 5038 1392 5092 τῶν
1445 5039 1537 5090 νῦν
1573 5041 1680 5092 ἀπ-

123 5122 514 5192 ηγορευμένων,
542 5124 738 5196 ῶρισεν
767 5128 800 5196 η
830 5125 959 5195 ἁγία
1003 5127 1218 5193 σύνοδος
1261 5131 1548 5185 ἐκπίπτειν
1586 5131 1680 5185 τοῦ

125 5210 312 5266 οἰκείου
348 5212 580 5284 βαθμοῦ.

184 5311 247 5359 κ’.
305 5305 615 5376 Κληρικοὺς
655 5308 735 5371 είς
783 5309 1081 5381 ἐκκλησίαν
1133 5312 1454 5379 τελοῦντας,
1491 5313 1674 5378 καθὼς

127 5393 216 5465 ἠδη
241 5396 545 5468 ὡρίσαμεν,
584 5400 658 5467 μὴ
687 5398 886 5463 ἐξεῖναι
938 5402 1014 5464 εἰς
1055 5401 1224 5473 ἄλλης
1250 5404 1460 5468 πόλεως
1487 5407 1677 5460 τάττε-

130 5483 236 5540 σθαι
262 5487 578 5559 ἐκκλησίαν,
605 5490 742 5544 ἀλλὰ
769 5493 1014 5564 στέργειν
1045 5494 1259 5564 ἐκείνην
1284 5497 1341 5551 ἐν
1439 5496 1612 5550 λειτου
1623 5515 1681 5569 ρ-

222 5681 586 5757 prostJS;
625 5687 834 5744 Sardic.
885 5691 947 5756 l;
984 5689 1179 5749 Leonis
1207 5693 1294 5750 58.

134 5751 289 5815 Afric.
311 5751 419 5827 '21;
463 5751 648 5816 lnnoc.
679 5760 773 5827 l4;
806 5751 990 5818 Gela's.
1032 5763 1116 5819 25.

1405 5693 1634 5768 “Apost.
1669 5698 1733 5753 15
1762 5709 1816 5756 et
1845 5701 1948 5769 53;
1987 5703 2245 5760 Antioch.
2271 5703 2340 5769 '5;
2371 5701 2562 5758 Chalc.
2596 5700 2629 5757 5
2659 5709 2713 5759 et
2735 5701 2826 5757 20.

1782 4862 2012 4924 riorum,
2041 4858 2126 4913 vel
2163 4857 2726 4928 ptochotrophiorum,
2759 4857 2837 4910 vel
2862 4855 3071 4910 xenodo
3108 4854 3358 4908 chiorum

1788 4953 1950 5007 rebus
2004 4950 2429 5006 communicare.
2483 4951 2590 5005 Eos
2624 4960 2802 5004 autem
2846 4947 2937 5018 qui
2989 4946 3105 5001 ausi
3160 4945 3362 4999 fuerint

1788 5055 1911 5115 post
1935 5061 2144 5116 magnae
2161 5045 2322 5116 hujus
2337 5051 2390 5098 et
2409 5043 2732 5098 universalis
2756 5041 2948 5112 synodi
2967 5039 3357 5102 deﬁnitionem,

1789 5140 1994 5209 aliquid
2051 5154 2242 5194 eorum
2289 5137 2402 5208 89
2433 5152 2554 5205 quae
2599 5145 2731 5191 sunt
2787 5134 3057 5204 prohibita
3083 5173 3098 5196 ,
3137 5131 3315 5184 facere
3341 5170 3356 5194 ,

1789 5233 1974 5288 Statuit
1997 5239 2183 5286 sancta
2219 5231 2458 5300 synodus
2483 5245 2577 5284 eos
2620 5228 2840 5298 proprio
2885 5226 3052 5294 gradu
3086 5223 3355 5277 excidere.

1859 5321 1950 5376 20.
1983 5320 2221 5376 Clericos
2268 5321 2322 5374 in
2373 5320 2620 5374 ecclesiis
2683 5316 2987 5370 ministerio
3040 5315 3357 5384 fungentes,

1787 5413 2244 5484 quemadmodum
2280 5414 2391 5482 jam
2423 5412 2733 5474 statuimus,
2780 5425 2886 5464 non
2931 5408 3093 5462 licere
3127 5408 3182 5462 in
3221 5407 3361 5462 alius

1787 5502 2022 5558 civitatis
2049 5504 2278 5560 ecclesia
2307 5503 2549 5559 ordinari
2586 5519 2598 5556 :
2628 5501 2719 5556 sed
2763 5499 2854 5555 illa
2886 5513 3007 5555 csse
3046 5507 3355 5566 contentos,

2959 5701 2980 5734 ⁷
3003 5700 3194 5773 Apost.
3257 5698 3355 5764 16;
