  <div class='ocr_page' id='page_1' title='image "/cluster/home/n/w/nwhite01/storage/ocr_20150623/104/hvd.32044018872853/277.png"; bbox 0 0 3994 6410; ppageno 0'>
   <div class='ocr_carea' id='block_1_1' title="bbox 622 356 725 421">
    <p class='ocr_par' dir='ltr' id='par_1_1' title="bbox 622 356 725 421">
     <span class='ocr_line' id='line_1_1' title="bbox 622 356 725 421; baseline 0 0"><span class='ocrx_word' id='word_1_1' title='bbox 622 356 725 421; x_wconf 66' lang='grc'><strong>543</strong></span> 
     </span>
    </p>
   </div>
   <div class='ocr_carea' id='block_1_2' title="bbox 1773 326 2725 413">
    <p class='ocr_par' dir='ltr' id='par_1_2' title="bbox 1773 326 2725 413">
     <span class='ocr_line' id='line_1_2' title="bbox 1773 326 2725 413; baseline 0.001 -1"><span class='ocrx_word' id='word_1_2' title='bbox 1773 352 2036 413; x_wconf 74' lang='grc' dir='ltr'>ιιιιοτιι</span> <span class='ocrx_word' id='word_1_3' title='bbox 2082 326 2583 413; x_wconf 65' lang='lat' dir='ltr'><strong>IiA&#39;raIARCH/n</strong></span> <span class='ocrx_word' id='word_1_4' title='bbox 2618 339 2725 413; x_wconf 79' lang='lat' dir='ltr'><strong>cr‘.</strong></span> 
     </span>
    </p>
   </div>
   <div class='ocr_carea' id='block_1_3' title="bbox 3779 348 3872 413">
    <p class='ocr_par' dir='ltr' id='par_1_3' title="bbox 3779 348 3872 413">
     <span class='ocr_line' id='line_1_3' title="bbox 3779 348 3872 413; baseline -0.011 0"><span class='ocrx_word' id='word_1_5' title='bbox 3779 348 3872 413; x_wconf 66' lang='lat' dir='ltr'><strong>5M</strong></span> 
     </span>
    </p>
   </div>
   <div class='ocr_carea' id='block_1_4' title="bbox 626 458 2215 534">
    <p class='ocr_par' dir='ltr' id='par_1_4' title="bbox 626 458 2203 534">
     <span class='ocr_line' id='line_1_4' title="bbox 626 458 2203 534; baseline -0.006 -11"><span class='ocrx_word' id='word_1_6' title='bbox 626 471 681 523; x_wconf 91' lang='lat' dir='ltr'><strong>in</strong></span> <span class='ocrx_word' id='word_1_7' title='bbox 712 479 815 534; x_wconf 85' lang='lat' dir='ltr'><strong>qua</strong></span> <span class='ocrx_word' id='word_1_8' title='bbox 851 464 921 519; x_wconf 89' lang='lat' dir='ltr'><strong>ab</strong></span> <span class='ocrx_word' id='word_1_9' title='bbox 949 462 1110 518; x_wconf 77' lang='lat' dir='ltr'><strong>initio</strong></span> <span class='ocrx_word' id='word_1_10' title='bbox 1139 470 1199 517; x_wconf 84' lang='lat' dir='ltr'><strong>ut</strong></span> <span class='ocrx_word' id='word_1_11' title='bbox 1223 460 1624 526; x_wconf 81' lang='lat' dir='ltr'><strong>ministrarent,</strong></span> <span class='ocrx_word' id='word_1_12' title='bbox 1660 458 1807 529; x_wconf 81' lang='lat' dir='ltr'>digni</span> <span class='ocrx_word' id='word_1_13' title='bbox 1836 461 2005 515; x_wconf 90' lang='lat' dir='ltr'><strong>babiti</strong></span> <span class='ocrx_word' id='word_1_14' title='bbox 2038 473 2203 516; x_wconf 87' lang='lat' dir='ltr'><strong>sunt:</strong></span> 
     </span>
    </p>
   </div>
   <div class='ocr_carea' id='block_1_5' title="bbox 2313 458 3872 534">
    <p class='ocr_par' dir='ltr' id='par_1_5' title="bbox 2313 458 3872 533">
     <span class='ocr_line' id='line_1_5' title="bbox 2313 458 3872 533; baseline -0.003 -17"><span class='ocrx_word' id='word_1_15' title='bbox 2313 466 2428 531; x_wconf 81' lang='grc' dir='ltr'><strong>γεῖν</strong></span> <span class='ocrx_word' id='word_1_16' title='bbox 2463 464 2524 529; x_wconf 83' lang='grc' dir='ltr'><strong>ἐξ</strong></span> <span class='ocrx_word' id='word_1_17' title='bbox 2556 463 2729 533; x_wconf 84' lang='grc' dir='ltr'>ἀρχῆς</span> <span class='ocrx_word' id='word_1_18' title='bbox 2770 460 3102 532; x_wconf 76' lang='grc' dir='ltr'>ὴξιὼθησανο</span> <span class='ocrx_word' id='word_1_19' title='bbox 3149 459 3305 523; x_wconf 69' lang='grc' dir='ltr'>ἐκτὸς</span> <span class='ocrx_word' id='word_1_20' title='bbox 3346 458 3590 523; x_wconf 86' lang='grc' dir='ltr'>ἐκείνων,</span> <span class='ocrx_word' id='word_1_21' title='bbox 3634 458 3687 512; x_wconf 80' lang='grc' dir='ltr'>οἵ</span> <span class='ocrx_word' id='word_1_22' title='bbox 3741 476 3872 519; x_wconf 79' lang='grc' dir='ltr'>τινες</span> 
     </span>
    </p>
   </div>
   <div class='ocr_carea' id='block_1_6' title="bbox 626 551 2201 629">
    <p class='ocr_par' dir='ltr' id='par_1_6' title="bbox 626 551 2201 629">
     <span class='ocr_line' id='line_1_6' title="bbox 626 551 2201 629; baseline -0.004 -18"><span class='ocrx_word' id='word_1_23' title='bbox 626 568 821 629; x_wconf 66' lang='grc' dir='ltr'>ιιι-αξιοι</span> <span class='ocrx_word' id='word_1_24' title='bbox 847 558 968 611; x_wconf 91' lang='lat' dir='ltr'><strong>illos</strong></span> <span class='ocrx_word' id='word_1_25' title='bbox 1006 555 1099 625; x_wconf 88' lang='lat' dir='ltr'><strong>qui</strong></span> <span class='ocrx_word' id='word_1_26' title='bbox 1140 554 1341 608; x_wconf 89' lang='lat' dir='ltr'><strong>amissa</strong></span> <span class='ocrx_word' id='word_1_27' title='bbox 1374 568 1472 607; x_wconf 88' lang='lat' dir='ltr'><strong>sua</strong></span> <span class='ocrx_word' id='word_1_28' title='bbox 1508 552 1700 621; x_wconf 83' lang='lat' dir='ltr'><strong>patria,</strong></span> <span class='ocrx_word' id='word_1_29' title='bbox 1736 552 1789 603; x_wconf 92' lang='lat' dir='ltr'><strong>in</strong></span> <span class='ocrx_word' id='word_1_30' title='bbox 1830 551 1993 604; x_wconf 88' lang='lat' dir='ltr'><strong>aliam</strong></span> <span class='ocrx_word' id='word_1_31' title='bbox 2026 554 2201 607; x_wconf 84' lang='lat' dir='ltr'><strong>eccle-</strong></span> 
     </span>
    </p>
   </div>
   <div class='ocr_carea' id='block_1_7' title="bbox 626 638 2204 709">
    <p class='ocr_par' dir='ltr' id='par_1_7' title="bbox 626 638 2204 709">
     <span class='ocr_line' id='line_1_7' title="bbox 626 638 2204 709; baseline -0.006 -7"><span class='ocrx_word' id='word_1_32' title='bbox 626 651 762 703; x_wconf 83' lang='lat' dir='ltr'><strong>siam</strong></span> <span class='ocrx_word' id='word_1_33' title='bbox 813 645 1125 700; x_wconf 87' lang='lat' dir='ltr'><strong>necessario</strong></span> <span class='ocrx_word' id='word_1_34' title='bbox 1192 642 1546 696; x_wconf 89' lang='lat' dir='ltr'><strong>transierunt.</strong></span> <span class='ocrx_word' id='word_1_35' title='bbox 1595 638 1651 693; x_wconf 89' lang='lat' dir='ltr'><strong>Si</strong></span> <span class='ocrx_word' id='word_1_36' title='bbox 1702 640 1795 709; x_wconf 88' lang='lat' dir='ltr'><strong>qui</strong></span> <span class='ocrx_word' id='word_1_37' title='bbox 1851 648 2032 693; x_wconf 88' lang='lat' dir='ltr'><strong>autem</strong></span> <span class='ocrx_word' id='word_1_38' title='bbox 2088 641 2204 708; x_wconf 88' lang='lat' dir='ltr'><strong>epi-</strong></span> 
     </span>
    </p>
   </div>
   <div class='ocr_carea' id='block_1_8' title="bbox 628 732 2201 809">
    <p class='ocr_par' dir='ltr' id='par_1_8' title="bbox 628 732 2201 809">
     <span class='ocr_line' id='line_1_8' title="bbox 628 732 2201 809; baseline -0.006 -14"><span class='ocrx_word' id='word_1_39' title='bbox 628 741 777 806; x_wconf 77' lang='lat' dir='ltr'><strong>scopi</strong></span> <span class='ocrx_word' id='word_1_40' title='bbox 823 749 947 809; x_wconf 90' lang='lat' dir='ltr'><strong>post</strong></span> <span class='ocrx_word' id='word_1_41' title='bbox 977 740 1078 792; x_wconf 92' lang='lat' dir='ltr'><strong>boc</strong></span> <span class='ocrx_word' id='word_1_42' title='bbox 1112 737 1412 796; x_wconf 88' lang='lat' dir='ltr'><strong>decretum,</strong></span> <span class='ocrx_word' id='word_1_43' title='bbox 1461 732 1719 785; x_wconf 87' lang='lat' dir='ltr'><strong>clericum</strong></span> <span class='ocrx_word' id='word_1_44' title='bbox 1776 732 1867 800; x_wconf 85' lang='lat' dir='ltr'><strong>qui</strong></span> <span class='ocrx_word' id='word_1_45' title='bbox 1924 733 1990 785; x_wconf 89' lang='lat' dir='ltr'><strong>ad</strong></span> <span class='ocrx_word' id='word_1_46' title='bbox 2035 732 2201 786; x_wconf 85' lang='lat' dir='ltr'><strong>alium</strong></span> 
     </span>
    </p>
   </div>
   <div class='ocr_carea' id='block_1_9' title="bbox 628 821 2203 899">
    <p class='ocr_par' dir='ltr' id='par_1_9' title="bbox 628 821 2203 899">
     <span class='ocr_line' id='line_1_9' title="bbox 628 821 2203 899; baseline -0.006 -15"><span class='ocrx_word' id='word_1_47' title='bbox 628 836 942 899; x_wconf 80' lang='lat' dir='ltr'><strong>episcopum</strong></span> <span class='ocrx_word' id='word_1_48' title='bbox 1005 827 1255 896; x_wconf 87' lang='lat' dir='ltr'><strong>pertinet,</strong></span> <span class='ocrx_word' id='word_1_49' title='bbox 1290 822 1654 891; x_wconf 86' lang='lat' dir='ltr'><strong>susceperint,</strong></span> <span class='ocrx_word' id='word_1_50' title='bbox 1710 821 2060 890; x_wconf 81' lang='lat' dir='ltr'><strong>placuitesse</strong></span> <span class='ocrx_word' id='word_1_51' title='bbox 2105 838 2203 876; x_wconf 82' lang='lat' dir='ltr'><strong>ex-</strong></span> 
     </span>
    </p>
   </div>
   <div class='ocr_carea' id='block_1_10' title="bbox 629 914 2201 983">
    <p class='ocr_par' dir='ltr' id='par_1_10' title="bbox 629 914 2201 983">
     <span class='ocr_line' id='line_1_10' title="bbox 629 914 2201 983; baseline -0.006 -10"><span class='ocrx_word' id='word_1_52' title='bbox 629 921 1087 981; x_wconf 77' lang='lat' dir='ltr'><strong>communicatos,</strong></span> <span class='ocrx_word' id='word_1_53' title='bbox 1122 930 1355 983; x_wconf 87' lang='lat' dir='ltr'><strong>eumque</strong></span> <span class='ocrx_word' id='word_1_54' title='bbox 1396 914 1487 983; x_wconf 90' lang='lat' dir='ltr'><strong>qui</strong></span> <span class='ocrx_word' id='word_1_55' title='bbox 1524 923 1810 981; x_wconf 87' lang='lat' dir='ltr'><strong>susceptus</strong></span> <span class='ocrx_word' id='word_1_56' title='bbox 1841 923 1945 975; x_wconf 85' lang='lat' dir='ltr'><strong>est,</strong></span> <span class='ocrx_word' id='word_1_57' title='bbox 1974 924 2028 965; x_wconf 86' lang='lat' dir='ltr'><strong>et</strong></span> <span class='ocrx_word' id='word_1_58' title='bbox 2053 928 2201 978; x_wconf 85' lang='lat' dir='ltr'><strong>eum,</strong></span> 
     </span>
    </p>
   </div>
   <div class='ocr_carea' id='block_1_11' title="bbox 628 1003 2203 1081">
    <p class='ocr_par' dir='ltr' id='par_1_11' title="bbox 628 1003 2203 1081">
     <span class='ocr_line' id='line_1_11' title="bbox 628 1003 2203 1081; baseline -0.004 -17"><span class='ocrx_word' id='word_1_59' title='bbox 628 1013 718 1081; x_wconf 86' lang='lat' dir='ltr'><strong>qui</strong></span> <span class='ocrx_word' id='word_1_60' title='bbox 749 1012 987 1079; x_wconf 81' lang='lat' dir='ltr'><strong>suscepit</strong></span> <span class='ocrx_word' id='word_1_61' title='bbox 1017 1050 1032 1072; x_wconf 89' lang='lat'><strong>,</strong></span> <span class='ocrx_word' id='word_1_62' title='bbox 1064 1010 1237 1062; x_wconf 90' lang='lat' dir='ltr'><strong>donec</strong></span> <span class='ocrx_word' id='word_1_63' title='bbox 1265 1005 1499 1061; x_wconf 85' lang='lat' dir='ltr'><strong>clericus</strong></span> <span class='ocrx_word' id='word_1_64' title='bbox 1524 1004 1618 1073; x_wconf 89' lang='lat' dir='ltr'><strong>qui</strong></span> <span class='ocrx_word' id='word_1_65' title='bbox 1652 1004 1923 1073; x_wconf 79' lang='lat' dir='ltr'><strong>migravit,</strong></span> <span class='ocrx_word' id='word_1_66' title='bbox 1958 1003 2012 1056; x_wconf 91' lang='lat' dir='ltr'><strong>in</strong></span> <span class='ocrx_word' id='word_1_67' title='bbox 2048 1018 2203 1057; x_wconf 86' lang='lat' dir='ltr'><strong>suam</strong></span> 
     </span>
    </p>
   </div>
   <div class='ocr_carea' id='block_1_12' title="bbox 629 1102 1142 1157">
    <p class='ocr_par' dir='ltr' id='par_1_12' title="bbox 629 1102 1142 1157">
     <span class='ocr_line' id='line_1_12' title="bbox 629 1102 1142 1157; baseline -0.008 0"><span class='ocrx_word' id='word_1_68' title='bbox 629 1104 915 1157; x_wconf 76' lang='lat' dir='ltr'><strong>ecclesiam</strong></span> <span class='ocrx_word' id='word_1_69' title='bbox 940 1102 1142 1155; x_wconf 82' lang='lat' dir='ltr'><strong>redeat.</strong></span> 
     </span>
    </p>
   </div>
   <div class='ocr_carea' id='block_1_13' title="bbox 840 1204 1959 1270">
    <p class='ocr_par' dir='ltr' id='par_1_13' title="bbox 840 1204 1959 1270">
     <span class='ocr_line' id='line_1_13' title="bbox 840 1204 1959 1270; baseline -0.009 -1"><span class='ocrx_word' id='word_1_70' title='bbox 840 1212 1061 1269; x_wconf 75' lang='lat' dir='ltr'><strong>Concilii</strong></span> <span class='ocrx_word' id='word_1_71' title='bbox 1091 1210 1420 1263; x_wconf 75' lang='lat' dir='ltr'><strong>Sardicensis</strong></span> <span class='ocrx_word' id='word_1_72' title='bbox 1448 1222 1669 1261; x_wconf 82' lang='lat' dir='ltr'><strong>canones</strong></span> <span class='ocrx_word' id='word_1_73' title='bbox 1703 1208 1751 1270; x_wconf 82' lang='grc' dir='ltr'>Ι,</span> <span class='ocrx_word' id='word_1_74' title='bbox 1780 1204 1836 1270; x_wconf 72' lang='grc'>2,</span> <span class='ocrx_word' id='word_1_75' title='bbox 1872 1205 1959 1259; x_wconf 75' lang='grc'><strong>15.</strong></span> 
     </span>
    </p>
   </div>
   <div class='ocr_carea' id='block_1_14' title="bbox 634 1274 2206 1351">
    <p class='ocr_par' dir='ltr' id='par_1_14' title="bbox 634 1274 2206 1351">
     <span class='ocr_line' id='line_1_14' title="bbox 634 1274 2206 1351; baseline -0.007 -13"><span class='ocrx_word' id='word_1_76' title='bbox 634 1282 833 1338; x_wconf 69' lang='lat' dir='ltr'><strong>Sancta</strong></span> <span class='ocrx_word' id='word_1_77' title='bbox 904 1283 1137 1351; x_wconf 79' lang='lat' dir='ltr'><strong>synodus</strong></span> <span class='ocrx_word' id='word_1_78' title='bbox 1196 1282 1436 1335; x_wconf 73' lang='lat' dir='ltr'><strong>Serdica:</strong></span> <span class='ocrx_word' id='word_1_79' title='bbox 1497 1286 1817 1347; x_wconf 79' lang='lat' dir='ltr'><strong>congregata</strong></span> <span class='ocrx_word' id='word_1_80' title='bbox 1870 1291 1933 1328; x_wconf 74' lang='lat' dir='ltr'><strong>ex</strong></span> <span class='ocrx_word' id='word_1_81' title='bbox 1986 1274 2206 1328; x_wconf 75' lang='lat' dir='ltr'><strong>diversis</strong></span> 
     </span>
    </p>
   </div>
   <div class='ocr_carea' id='block_1_15' title="bbox 877 1351 1949 1422">
    <p class='ocr_par' dir='ltr' id='par_1_15' title="bbox 877 1351 1949 1422">
     <span class='ocr_line' id='line_1_15' title="bbox 877 1351 1949 1422; baseline -0.007 -16"><span class='ocrx_word' id='word_1_82' title='bbox 877 1354 1184 1422; x_wconf 73' lang='lat' dir='ltr'><strong>provinciis,</strong></span> <span class='ocrx_word' id='word_1_83' title='bbox 1223 1351 1459 1419; x_wconf 80' lang='lat' dir='ltr'><strong>deﬁnivit</strong></span> <span class='ocrx_word' id='word_1_84' title='bbox 1492 1366 1606 1418; x_wconf 82' lang='lat' dir='ltr'><strong>qua:</strong></span> <span class='ocrx_word' id='word_1_85' title='bbox 1636 1356 1949 1416; x_wconf 83' lang='lat' dir='ltr'><strong>sequuntur.</strong></span> 
     </span>
    </p>
   </div>
   <div class='ocr_carea' id='block_1_16' title="bbox 706 1434 2206 1509">
    <p class='ocr_par' dir='ltr' id='par_1_16' title="bbox 706 1434 2206 1509">
     <span class='ocr_line' id='line_1_16' title="bbox 706 1434 2206 1509; baseline -0.005 -14"><span class='ocrx_word' id='word_1_86' title='bbox 706 1443 937 1498; x_wconf 75' lang='lat' dir='ltr'><strong>LOsius</strong></span> <span class='ocrx_word' id='word_1_87' title='bbox 969 1444 1121 1497; x_wconf 79' lang='lat' dir='ltr'><strong>urbis</strong></span> <span class='ocrx_word' id='word_1_88' title='bbox 1143 1443 1409 1495; x_wconf 70' lang='lat' dir='ltr'><strong>Cordubae</strong></span> <span class='ocrx_word' id='word_1_89' title='bbox 1435 1437 2008 1509; x_wconf 70' lang='lat' dir='ltr'><strong>(‘25)episcopusdixit</strong></span> <span class='ocrx_word' id='word_1_90' title='bbox 2042 1454 2054 1490; x_wconf 93' lang='lat'><strong>:</strong></span> <span class='ocrx_word' id='word_1_91' title='bbox 2090 1434 2206 1488; x_wconf 82' lang='lat' dir='ltr'><strong>Non</strong></span> 
     </span>
    </p>
   </div>
   <div class='ocr_carea' id='block_1_17' title="bbox 632 1529 2206 1601">
    <p class='ocr_par' dir='ltr' id='par_1_17' title="bbox 632 1529 2206 1601">
     <span class='ocr_line' id='line_1_17' title="bbox 632 1529 2206 1601; baseline -0.008 -11"><span class='ocrx_word' id='word_1_92' title='bbox 632 1549 739 1590; x_wconf 85' lang='lat' dir='ltr'><strong>tam</strong></span> <span class='ocrx_word' id='word_1_93' title='bbox 778 1537 918 1589; x_wconf 87' lang='lat' dir='ltr'><strong>mala</strong></span> <span class='ocrx_word' id='word_1_94' title='bbox 952 1534 1309 1595; x_wconf 83' lang='lat' dir='ltr'><strong>consuetudo,</strong></span> <span class='ocrx_word' id='word_1_95' title='bbox 1346 1548 1508 1601; x_wconf 88' lang='lat' dir='ltr'><strong>quam</strong></span> <span class='ocrx_word' id='word_1_96' title='bbox 1541 1529 2002 1600; x_wconf 80' lang='lat' dir='ltr'><strong>perniciosissima</strong></span> <span class='ocrx_word' id='word_1_97' title='bbox 2024 1542 2206 1580; x_wconf 84' lang='lat' dir='ltr'><strong>rerum</strong></span> 
     </span>
    </p>
   </div>
   <div class='ocr_carea' id='block_1_18' title="bbox 632 1621 2208 1694">
    <p class='ocr_par' dir='ltr' id='par_1_18' title="bbox 632 1621 2208 1694">
     <span class='ocr_line' id='line_1_18' title="bbox 632 1621 2208 1694; baseline -0.006 -14"><span class='ocrx_word' id='word_1_98' title='bbox 632 1628 965 1694; x_wconf 78' lang='lat' dir='ltr'><strong>Corruptela,</strong></span> <span class='ocrx_word' id='word_1_99' title='bbox 992 1635 1075 1678; x_wconf 83' lang='lat' dir='ltr'><strong>est</strong></span> <span class='ocrx_word' id='word_1_100' title='bbox 1114 1641 1176 1678; x_wconf 76' lang='lat' dir='ltr'><strong>ex</strong></span> <span class='ocrx_word' id='word_1_101' title='bbox 1209 1624 1340 1693; x_wconf 83' lang='lat' dir='ltr'><strong>ipsis</strong></span> <span class='ocrx_word' id='word_1_102' title='bbox 1373 1622 1741 1675; x_wconf 78' lang='lat' dir='ltr'><strong>fundamentis</strong></span> <span class='ocrx_word' id='word_1_103' title='bbox 1773 1622 1987 1688; x_wconf 86' lang='lat' dir='ltr'><strong>penitus</strong></span> <span class='ocrx_word' id='word_1_104' title='bbox 2008 1621 2208 1672; x_wconf 80' lang='lat' dir='ltr'><strong>exstir-</strong></span> 
     </span>
    </p>
   </div>
   <div class='ocr_carea' id='block_1_19' title="bbox 633 1710 2207 1785">
    <p class='ocr_par' dir='ltr' id='par_1_19' title="bbox 633 1710 2207 1785">
     <span class='ocr_line' id='line_1_19' title="bbox 633 1710 2207 1785; baseline -0.006 -16"><span class='ocrx_word' id='word_1_105' title='bbox 633 1718 809 1785; x_wconf 86' lang='lat' dir='ltr'><strong>panda</strong></span> <span class='ocrx_word' id='word_1_106' title='bbox 852 1734 865 1769; x_wconf 87' lang='lat'><strong>:</strong></span> <span class='ocrx_word' id='word_1_107' title='bbox 905 1732 971 1769; x_wconf 90' lang='lat' dir='ltr'><strong>ne</strong></span> <span class='ocrx_word' id='word_1_108' title='bbox 1000 1716 1087 1769; x_wconf 90' lang='lat' dir='ltr'><strong>cui</strong></span> <span class='ocrx_word' id='word_1_109' title='bbox 1115 1715 1372 1784; x_wconf 84' lang='lat' dir='ltr'><strong>episcopo</strong></span> <span class='ocrx_word' id='word_1_110' title='bbox 1406 1713 1567 1767; x_wconf 85' lang='lat' dir='ltr'><strong>liceat</strong></span> <span class='ocrx_word' id='word_1_111' title='bbox 1595 1728 1624 1764; x_wconf 86' lang='lat' dir='ltr'><strong>a</strong></span> <span class='ocrx_word' id='word_1_112' title='bbox 1668 1726 1835 1779; x_wconf 88' lang='lat' dir='ltr'><strong>parva</strong></span> <span class='ocrx_word' id='word_1_113' title='bbox 1874 1711 2096 1765; x_wconf 81' lang='lat' dir='ltr'><strong>civitate</strong></span> <span class='ocrx_word' id='word_1_114' title='bbox 2150 1710 2207 1761; x_wconf 89' lang='lat' dir='ltr'><strong>in</strong></span> 
     </span>
    </p>
   </div>
   <div class='ocr_carea' id='block_1_20' title="bbox 634 1802 2282 1873">
    <p class='ocr_par' dir='ltr' id='par_1_20' title="bbox 634 1802 2282 1873">
     <span class='ocr_line' id='line_1_20' title="bbox 634 1802 2282 1873; baseline -0.005 -16"><span class='ocrx_word' id='word_1_115' title='bbox 634 1806 795 1858; x_wconf 79' lang='lat' dir='ltr'><strong>aliam</strong></span> <span class='ocrx_word' id='word_1_116' title='bbox 844 1805 1101 1873; x_wconf 82' lang='lat' dir='ltr'><strong>migrare.</strong></span> <span class='ocrx_word' id='word_1_117' title='bbox 1155 1802 1288 1871; x_wconf 84' lang='lat' dir='ltr'><strong>Ejus</strong></span> <span class='ocrx_word' id='word_1_118' title='bbox 1339 1802 1486 1855; x_wconf 89' lang='lat' dir='ltr'><strong>enim</strong></span> <span class='ocrx_word' id='word_1_119' title='bbox 1539 1815 1721 1854; x_wconf 73' lang='lat' dir='ltr'><strong>causa:</strong></span> <span class='ocrx_word' id='word_1_120' title='bbox 1768 1809 2066 1868; x_wconf 70' lang='lat' dir='ltr'><strong>prmtextus</strong></span> <span class='ocrx_word' id='word_1_121' title='bbox 2121 1806 2206 1851; x_wconf 89' lang='lat' dir='ltr'><strong>est</strong></span> <span class='ocrx_word' id='word_1_122' title='bbox 2236 1813 2282 1870; x_wconf 78' lang='grc' dir='ltr'><strong>Β</strong></span> 
     </span>
    </p>
   </div>
   <div class='ocr_carea' id='block_1_21' title="bbox 636 1880 2209 1963">
    <p class='ocr_par' dir='ltr' id='par_1_21' title="bbox 636 1880 2209 1963">
     <span class='ocr_line' id='line_1_21' title="bbox 636 1880 2209 1963; baseline -0.004 -16"><span class='ocrx_word' id='word_1_123' title='bbox 636 1880 983 1957; x_wconf 75' lang='lat' dir='ltr'><strong>manifestus,</strong></span> <span class='ocrx_word' id='word_1_124' title='bbox 1012 1902 1233 1963; x_wconf 88' lang='lat' dir='ltr'><strong>propter</strong></span> <span class='ocrx_word' id='word_1_125' title='bbox 1269 1906 1430 1961; x_wconf 83' lang='lat' dir='ltr'><strong>quem</strong></span> <span class='ocrx_word' id='word_1_126' title='bbox 1483 1891 1613 1945; x_wconf 88' lang='lat' dir='ltr'><strong>talia</strong></span> <span class='ocrx_word' id='word_1_127' title='bbox 1660 1896 1962 1942; x_wconf 83' lang='lat' dir='ltr'><strong>tentantur.</strong></span> <span class='ocrx_word' id='word_1_128' title='bbox 2017 1885 2209 1941; x_wconf 87' lang='lat' dir='ltr'><strong>Nullus</strong></span> 
     </span>
    </p>
   </div>
   <div class='ocr_carea' id='block_1_22' title="bbox 634 1979 2209 2054">
    <p class='ocr_par' dir='ltr' id='par_1_22' title="bbox 634 1979 2209 2054">
     <span class='ocr_line' id='line_1_22' title="bbox 634 1979 2209 2054; baseline -0.006 -14"><span class='ocrx_word' id='word_1_129' title='bbox 634 1988 780 2040; x_wconf 78' lang='lat' dir='ltr'><strong>enim</strong></span> <span class='ocrx_word' id='word_1_130' title='bbox 811 1986 1102 2054; x_wconf 85' lang='lat' dir='ltr'><strong>episcopus</strong></span> <span class='ocrx_word' id='word_1_131' title='bbox 1125 1985 1302 2038; x_wconf 85' lang='lat' dir='ltr'><strong>adhuc</strong></span> <span class='ocrx_word' id='word_1_132' title='bbox 1329 1982 1561 2036; x_wconf 74' lang='lat' dir='ltr'><strong>inveniri</strong></span> <span class='ocrx_word' id='word_1_133' title='bbox 1595 1980 1791 2051; x_wconf 89' lang='lat' dir='ltr'><strong>potuit,</strong></span> <span class='ocrx_word' id='word_1_134' title='bbox 1817 1980 1908 2049; x_wconf 92' lang='lat' dir='ltr'><strong>qui</strong></span> <span class='ocrx_word' id='word_1_135' title='bbox 1953 1995 1982 2031; x_wconf 89' lang='lat' dir='ltr'><strong>a</strong></span> <span class='ocrx_word' id='word_1_136' title='bbox 2017 1979 2209 2047; x_wconf 85' lang='lat' dir='ltr'><strong>majori</strong></span> 
     </span>
    </p>
   </div>
   <div class='ocr_carea' id='block_1_23' title="bbox 636 2069 2211 2133">
    <p class='ocr_par' dir='ltr' id='par_1_23' title="bbox 636 2069 2211 2133">
     <span class='ocr_line' id='line_1_23' title="bbox 636 2069 2211 2133; baseline -0.008 0"><span class='ocrx_word' id='word_1_137' title='bbox 636 2079 856 2133; x_wconf 84' lang='lat' dir='ltr'><strong>civitate</strong></span> <span class='ocrx_word' id='word_1_138' title='bbox 886 2079 938 2132; x_wconf 89' lang='lat' dir='ltr'><strong>in</strong></span> <span class='ocrx_word' id='word_1_139' title='bbox 971 2079 1237 2131; x_wconf 86' lang='lat' dir='ltr'><strong>minorem</strong></span> <span class='ocrx_word' id='word_1_140' title='bbox 1274 2077 1506 2130; x_wconf 86' lang='lat' dir='ltr'><strong>transire</strong></span> <span class='ocrx_word' id='word_1_141' title='bbox 1551 2074 1843 2128; x_wconf 80' lang='lat' dir='ltr'><strong>studuerit.</strong></span> <span class='ocrx_word' id='word_1_142' title='bbox 1880 2069 2034 2125; x_wconf 86' lang='lat' dir='ltr'><strong>Unde</strong></span> <span class='ocrx_word' id='word_1_143' title='bbox 2078 2088 2211 2123; x_wconf 85' lang='lat' dir='ltr'><strong>con-</strong></span> 
     </span>
    </p>
   </div>
   <div class='ocr_carea' id='block_1_24' title="bbox 638 2163 2209 2237">
    <p class='ocr_par' dir='ltr' id='par_1_24' title="bbox 638 2163 2209 2237">
     <span class='ocr_line' id='line_1_24' title="bbox 638 2163 2209 2237; baseline -0.007 -13"><span class='ocrx_word' id='word_1_144' title='bbox 638 2180 746 2225; x_wconf 86' lang='lat' dir='ltr'><strong>stat</strong></span> <span class='ocrx_word' id='word_1_145' title='bbox 793 2186 889 2225; x_wconf 88' lang='lat' dir='ltr'><strong>eos</strong></span> <span class='ocrx_word' id='word_1_146' title='bbox 917 2170 1126 2225; x_wconf 85' lang='lat' dir='ltr'><strong>ardenti</strong></span> <span class='ocrx_word' id='word_1_147' title='bbox 1154 2169 1305 2237; x_wconf 87' lang='lat' dir='ltr'><strong>plura</strong></span> <span class='ocrx_word' id='word_1_148' title='bbox 1333 2166 1565 2221; x_wconf 86' lang='lat' dir='ltr'><strong>habendi</strong></span> <span class='ocrx_word' id='word_1_149' title='bbox 1603 2166 1898 2235; x_wconf 83' lang='lat' dir='ltr'><strong>cupiditate</strong></span> <span class='ocrx_word' id='word_1_150' title='bbox 1931 2163 2209 2226; x_wconf 80' lang='lat' dir='ltr'><strong>succendi,</strong></span> 
     </span>
    </p>
   </div>
   <div class='ocr_carea' id='block_1_25' title="bbox 637 2256 2211 2330">
    <p class='ocr_par' dir='ltr' id='par_1_25' title="bbox 637 2256 2211 2330">
     <span class='ocr_line' id='line_1_25' title="bbox 637 2256 2211 2330; baseline -0.005 -15"><span class='ocrx_word' id='word_1_151' title='bbox 637 2269 693 2315; x_wconf 88' lang='lat' dir='ltr'><strong>et</strong></span> <span class='ocrx_word' id='word_1_152' title='bbox 724 2265 896 2329; x_wconf 78' lang='lat' dir='ltr'><strong>magis</strong></span> <span class='ocrx_word' id='word_1_153' title='bbox 926 2260 1251 2330; x_wconf 78' lang='lat' dir='ltr'><strong>arrogantia:</strong></span> <span class='ocrx_word' id='word_1_154' title='bbox 1280 2259 1508 2322; x_wconf 83' lang='lat' dir='ltr'><strong>servire,</strong></span> <span class='ocrx_word' id='word_1_155' title='bbox 1544 2267 1605 2310; x_wconf 90' lang='lat' dir='ltr'><strong>ut</strong></span> <span class='ocrx_word' id='word_1_156' title='bbox 1640 2256 1923 2309; x_wconf 83' lang='lat' dir='ltr'><strong>videantur</strong></span> <span class='ocrx_word' id='word_1_157' title='bbox 1950 2256 2211 2324; x_wconf 75' lang='lat' dir='ltr'><strong>maon-ent</strong></span> 
     </span>
    </p>
   </div>
   <div class='ocr_carea' id='block_1_26' title="bbox 640 2341 2213 2419">
    <p class='ocr_par' dir='ltr' id='par_1_26' title="bbox 640 2341 2213 2419">
     <span class='ocr_line' id='line_1_26' title="bbox 640 2341 2213 2419; baseline -0.005 -15"><span class='ocrx_word' id='word_1_158' title='bbox 640 2352 843 2406; x_wconf 81' lang='lat' dir='ltr'><strong>habere</strong></span> <span class='ocrx_word' id='word_1_159' title='bbox 878 2358 1227 2419; x_wconf 86' lang='lat' dir='ltr'><strong>potestatem.</strong></span> <span class='ocrx_word' id='word_1_160' title='bbox 1256 2347 1511 2400; x_wconf 82' lang='lat' dir='ltr'><strong>Placetne</strong></span> <span class='ocrx_word' id='word_1_161' title='bbox 1537 2346 1639 2399; x_wconf 87' lang='lat' dir='ltr'><strong>hoc</strong></span> <span class='ocrx_word' id='word_1_162' title='bbox 1665 2343 1946 2409; x_wconf 85' lang='lat' dir='ltr'><strong>omnibus,</strong></span> <span class='ocrx_word' id='word_1_163' title='bbox 1983 2352 2043 2396; x_wconf 92' lang='lat' dir='ltr'><strong>ut</strong></span> <span class='ocrx_word' id='word_1_164' title='bbox 2066 2341 2213 2411; x_wconf 80' lang='lat' dir='ltr'><strong>ejus-</strong></span> 
     </span>
    </p>
   </div>
   <div class='ocr_carea' id='block_1_27' title="bbox 638 2433 2214 2511">
    <p class='ocr_par' dir='ltr' id='par_1_27' title="bbox 638 2433 2214 2511">
     <span class='ocr_line' id='line_1_27' title="bbox 638 2433 2214 2511; baseline -0.008 -14"><span class='ocrx_word' id='word_1_165' title='bbox 638 2444 785 2497; x_wconf 75' lang='lat' dir='ltr'><strong>nodi</strong></span> <span class='ocrx_word' id='word_1_166' title='bbox 844 2443 1161 2511; x_wconf 85' lang='lat' dir='ltr'><strong>improbitas</strong></span> <span class='ocrx_word' id='word_1_167' title='bbox 1224 2440 1474 2495; x_wconf 86' lang='lat' dir='ltr'><strong>acerbius</strong></span> <span class='ocrx_word' id='word_1_168' title='bbox 1531 2437 1887 2493; x_wconf 85' lang='lat' dir='ltr'><strong>vindicetur?</strong></span> <span class='ocrx_word' id='word_1_169' title='bbox 1949 2433 2214 2488; x_wconf 79' lang='lat' dir='ltr'><strong>Existimo</strong></span> 
     </span>
    </p>
   </div>
   <div class='ocr_carea' id='block_1_28' title="bbox 636 2527 2214 2600">
    <p class='ocr_par' dir='ltr' id='par_1_28' title="bbox 636 2527 2214 2600">
     <span class='ocr_line' id='line_1_28' title="bbox 636 2527 2214 2600; baseline -0.007 -13"><span class='ocrx_word' id='word_1_170' title='bbox 636 2534 783 2587; x_wconf 89' lang='lat' dir='ltr'><strong>enim</strong></span> <span class='ocrx_word' id='word_1_171' title='bbox 821 2547 918 2587; x_wconf 88' lang='lat' dir='ltr'><strong>eos</strong></span> <span class='ocrx_word' id='word_1_172' title='bbox 947 2546 1016 2587; x_wconf 87' lang='lat' dir='ltr'><strong>ne</strong></span> <span class='ocrx_word' id='word_1_173' title='bbox 1050 2532 1316 2585; x_wconf 83' lang='lat' dir='ltr'><strong>laicorum</strong></span> <span class='ocrx_word' id='word_1_174' title='bbox 1351 2529 1569 2600; x_wconf 87' lang='lat' dir='ltr'><strong>quidem</strong></span> <span class='ocrx_word' id='word_1_175' title='bbox 1600 2528 1796 2583; x_wconf 85' lang='lat' dir='ltr'><strong>debere</strong></span> <span class='ocrx_word' id='word_1_176' title='bbox 1824 2527 2025 2581; x_wconf 85' lang='lat' dir='ltr'><strong>habere</strong></span> <span class='ocrx_word' id='word_1_177' title='bbox 2067 2540 2214 2579; x_wconf 85' lang='lat' dir='ltr'><strong>com-</strong></span> 
     </span>
    </p>
   </div>
   <div class='ocr_carea' id='block_1_29' title="bbox 638 2640 982 2681">
    <p class='ocr_par' dir='ltr' id='par_1_29' title="bbox 638 2640 982 2681">
     <span class='ocr_line' id='line_1_29' title="bbox 638 2640 982 2681; baseline -0.006 -1"><span class='ocrx_word' id='word_1_178' title='bbox 638 2644 689 2680; x_wconf 82' lang='lat' dir='ltr'><strong>Ili</strong></span> <span class='ocrx_word' id='word_1_179' title='bbox 700 2640 982 2681; x_wconf 76' lang='lat' dir='ltr'><strong>unionem.</strong></span> 
     </span>
    </p>
   </div>
   <div class='ocr_carea' id='block_1_30' title="bbox 708 2845 2035 2919">
    <p class='ocr_par' dir='ltr' id='par_1_30' title="bbox 708 2845 2035 2919">
     <span class='ocr_line' id='line_1_30' title="bbox 708 2845 2035 2919; baseline -0.003 -16"><span class='ocrx_word' id='word_1_180' title='bbox 708 2850 916 2905; x_wconf 81' lang='lat' dir='ltr'><strong>Omnes</strong></span> <span class='ocrx_word' id='word_1_181' title='bbox 946 2849 1184 2919; x_wconf 83' lang='lat' dir='ltr'><strong>episcopi</strong></span> <span class='ocrx_word' id='word_1_182' title='bbox 1218 2848 1475 2903; x_wconf 82' lang='lat' dir='ltr'><strong>dixerunt</strong></span> <span class='ocrx_word' id='word_1_183' title='bbox 1506 2866 1520 2902; x_wconf 89' lang='lat'><strong>:</strong></span> <span class='ocrx_word' id='word_1_184' title='bbox 1553 2846 1737 2901; x_wconf 85' lang='lat' dir='ltr'><strong>Placet</strong></span> <span class='ocrx_word' id='word_1_185' title='bbox 1760 2845 2035 2902; x_wconf 87' lang='lat' dir='ltr'><strong>omnibus.</strong></span> 
     </span>
    </p>
   </div>
   <div class='ocr_carea' id='block_1_31' title="bbox 709 3022 2218 3097">
    <p class='ocr_par' dir='ltr' id='par_1_31' title="bbox 709 3022 2218 3097">
     <span class='ocr_line' id='line_1_31' title="bbox 709 3022 2218 3097; baseline -0.003 -16"><span class='ocrx_word' id='word_1_186' title='bbox 709 3029 767 3082; x_wconf 73' lang='grc' dir='ltr'>Ξ.</span> <span class='ocrx_word' id='word_1_187' title='bbox 798 3028 962 3083; x_wconf 90' lang='lat' dir='ltr'><strong>Osius</strong></span> <span class='ocrx_word' id='word_1_188' title='bbox 988 3028 1279 3097; x_wconf 87' lang='lat' dir='ltr'><strong>episcopus</strong></span> <span class='ocrx_word' id='word_1_189' title='bbox 1306 3025 1475 3079; x_wconf 82' lang='lat' dir='ltr'><strong>dixit:</strong></span> <span class='ocrx_word' id='word_1_190' title='bbox 1512 3024 1570 3080; x_wconf 89' lang='lat' dir='ltr'><strong>Si</strong></span> <span class='ocrx_word' id='word_1_191' title='bbox 1591 3026 1715 3094; x_wconf 88' lang='lat' dir='ltr'><strong>quis</strong></span> <span class='ocrx_word' id='word_1_192' title='bbox 1741 3034 1921 3078; x_wconf 89' lang='lat' dir='ltr'><strong>autem</strong></span> <span class='ocrx_word' id='word_1_193' title='bbox 1948 3023 2082 3077; x_wconf 90' lang='lat' dir='ltr'><strong>adeo</strong></span> <span class='ocrx_word' id='word_1_194' title='bbox 2107 3022 2218 3093; x_wconf 81' lang='lat'><strong>90</strong></span> 
     </span>
    </p>
   </div>
   <div class='ocr_carea' id='block_1_32' title="bbox 642 3117 2213 3187">
    <p class='ocr_par' dir='ltr' id='par_1_32' title="bbox 642 3117 2213 3187">
     <span class='ocr_line' id='line_1_32' title="bbox 642 3117 2213 3187; baseline -0.004 -11"><span class='ocrx_word' id='word_1_195' title='bbox 642 3123 887 3187; x_wconf 85' lang='lat' dir='ltr'><strong>insanus,</strong></span> <span class='ocrx_word' id='word_1_196' title='bbox 924 3123 1005 3175; x_wconf 85' lang='lat' dir='ltr'><strong>vel</strong></span> <span class='ocrx_word' id='word_1_197' title='bbox 1035 3122 1213 3175; x_wconf 77' lang='lat' dir='ltr'><strong>audax</strong></span> <span class='ocrx_word' id='word_1_198' title='bbox 1245 3118 1580 3180; x_wconf 87' lang='lat' dir='ltr'><strong>inveniatur,</strong></span> <span class='ocrx_word' id='word_1_199' title='bbox 1626 3128 1686 3172; x_wconf 92' lang='lat' dir='ltr'><strong>ut</strong></span> <span class='ocrx_word' id='word_1_200' title='bbox 1736 3118 1803 3171; x_wconf 89' lang='lat' dir='ltr'><strong>de</strong></span> <span class='ocrx_word' id='word_1_201' title='bbox 1849 3118 1917 3172; x_wconf 90' lang='lat' dir='ltr'><strong>iis</strong></span> <span class='ocrx_word' id='word_1_202' title='bbox 1965 3117 2213 3171; x_wconf 87' lang='lat' dir='ltr'><strong>videatur</strong></span> 
     </span>
    </p>
   </div>
   <div class='ocr_carea' id='block_1_33' title="bbox 642 3209 2213 3283">
    <p class='ocr_par' dir='ltr' id='par_1_33' title="bbox 642 3209 2213 3283">
     <span class='ocr_line' id='line_1_33' title="bbox 642 3209 2213 3283; baseline -0.003 -15"><span class='ocrx_word' id='word_1_203' title='bbox 642 3216 879 3283; x_wconf 82' lang='lat' dir='ltr'><strong>aliquam</strong></span> <span class='ocrx_word' id='word_1_204' title='bbox 909 3212 1104 3268; x_wconf 66' lang='grc' dir='ltr'>θίγοι-ιο</span> <span class='ocrx_word' id='word_1_205' title='bbox 1135 3212 1546 3267; x_wconf 83' lang='lat' dir='ltr'><strong>excusationem</strong></span> <span class='ocrx_word' id='word_1_206' title='bbox 1571 3252 1585 3275; x_wconf 95' lang='lat'><strong>,</strong></span> <span class='ocrx_word' id='word_1_207' title='bbox 1617 3225 1871 3265; x_wconf 86' lang='lat' dir='ltr'><strong>asserens</strong></span> <span class='ocrx_word' id='word_1_208' title='bbox 1914 3209 2014 3263; x_wconf 88' lang='lat' dir='ltr'><strong>sibi</strong></span> <span class='ocrx_word' id='word_1_209' title='bbox 2048 3229 2077 3262; x_wconf 85' lang='lat' dir='ltr'><strong>a</strong></span> <span class='ocrx_word' id='word_1_210' title='bbox 2114 3223 2213 3278; x_wconf 89' lang='lat' dir='ltr'><strong>po-</strong></span> 
     </span>
    </p>
   </div>
   <div class='ocr_carea' id='block_1_34' title="bbox 642 3299 2215 3375">
    <p class='ocr_par' dir='ltr' id='par_1_34' title="bbox 642 3299 2215 3375">
     <span class='ocr_line' id='line_1_34' title="bbox 642 3299 2215 3375; baseline -0.003 -18"><span class='ocrx_word' id='word_1_211' title='bbox 642 3307 771 3375; x_wconf 83' lang='lat' dir='ltr'><strong>pqu</strong></span> <span class='ocrx_word' id='word_1_212' title='bbox 801 3305 995 3359; x_wconf 85' lang='lat' dir='ltr'><strong>allatas</strong></span> <span class='ocrx_word' id='word_1_213' title='bbox 1024 3318 1145 3359; x_wconf 90' lang='lat' dir='ltr'><strong>esse</strong></span> <span class='ocrx_word' id='word_1_214' title='bbox 1177 3303 1419 3368; x_wconf 90' lang='lat' dir='ltr'><strong>litteras;</strong></span> <span class='ocrx_word' id='word_1_215' title='bbox 1450 3302 1656 3357; x_wconf 89' lang='lat' dir='ltr'><strong>clarum</strong></span> <span class='ocrx_word' id='word_1_216' title='bbox 1687 3312 1770 3354; x_wconf 88' lang='lat' dir='ltr'><strong>est</strong></span> <span class='ocrx_word' id='word_1_217' title='bbox 1793 3299 2035 3368; x_wconf 86' lang='lat' dir='ltr'><strong>potuisse</strong></span> <span class='ocrx_word' id='word_1_218' title='bbox 2075 3314 2215 3367; x_wconf 79' lang='lat' dir='ltr'><strong>pau-</strong></span> 
     </span>
    </p>
   </div>
   <div class='ocr_carea' id='block_1_35' title="bbox 643 3389 2219 3467">
    <p class='ocr_par' dir='ltr' id='par_1_35' title="bbox 643 3389 2219 3467">
     <span class='ocr_line' id='line_1_35' title="bbox 643 3389 2219 3467; baseline -0.004 -16"><span class='ocrx_word' id='word_1_219' title='bbox 643 3415 737 3453; x_wconf 85' lang='lat' dir='ltr'><strong>cos</strong></span> <span class='ocrx_word' id='word_1_220' title='bbox 771 3398 987 3467; x_wconf 89' lang='lat' dir='ltr'><strong>aliquos</strong></span> <span class='ocrx_word' id='word_1_221' title='bbox 1027 3396 1278 3450; x_wconf 89' lang='lat' dir='ltr'><strong>mercede</strong></span> <span class='ocrx_word' id='word_1_222' title='bbox 1327 3404 1382 3449; x_wconf 88' lang='lat' dir='ltr'><strong>et</strong></span> <span class='ocrx_word' id='word_1_223' title='bbox 1436 3396 1611 3464; x_wconf 84' lang='lat' dir='ltr'><strong>pretio</strong></span> <span class='ocrx_word' id='word_1_224' title='bbox 1669 3401 1958 3461; x_wconf 87' lang='lat' dir='ltr'><strong>corruptos</strong></span> <span class='ocrx_word' id='word_1_225' title='bbox 2006 3392 2060 3443; x_wconf 89' lang='lat' dir='ltr'><strong>in</strong></span> <span class='ocrx_word' id='word_1_226' title='bbox 2117 3389 2219 3445; x_wconf 90' lang='lat' dir='ltr'><strong>Ec-</strong></span> 
     </span>
    </p>
   </div>
   <div class='ocr_carea' id='block_1_36' title="bbox 642 3484 2218 3550">
    <p class='ocr_par' dir='ltr' id='par_1_36' title="bbox 642 3484 2218 3550">
     <span class='ocr_line' id='line_1_36' title="bbox 642 3484 2218 3550; baseline -0.006 -6"><span class='ocrx_word' id='word_1_227' title='bbox 642 3491 805 3544; x_wconf 72' lang='lat' dir='ltr'><strong>clesia</strong></span> <span class='ocrx_word' id='word_1_228' title='bbox 840 3490 1160 3543; x_wconf 84' lang='lat' dir='ltr'><strong>seditionem</strong></span> <span class='ocrx_word' id='word_1_229' title='bbox 1195 3502 1434 3548; x_wconf 89' lang='lat' dir='ltr'><strong>movere.</strong></span> <span class='ocrx_word' id='word_1_230' title='bbox 1470 3496 1527 3540; x_wconf 92' lang='lat' dir='ltr'><strong>ut</strong></span> <span class='ocrx_word' id='word_1_231' title='bbox 1576 3485 1828 3539; x_wconf 91' lang='lat' dir='ltr'><strong>eumdem</strong></span> <span class='ocrx_word' id='word_1_232' title='bbox 1884 3484 2073 3550; x_wconf 84' lang='lat' dir='ltr'><strong>utique</strong></span> <span class='ocrx_word' id='word_1_233' title='bbox 2118 3496 2218 3550; x_wconf 80' lang='lat' dir='ltr'><strong>po-</strong></span> 
     </span>
    </p>
   </div>
   <div class='ocr_carea' id='block_1_37' title="bbox 643 3572 2219 3649">
    <p class='ocr_par' dir='ltr' id='par_1_37' title="bbox 643 3572 2219 3649">
     <span class='ocr_line' id='line_1_37' title="bbox 643 3572 2219 3649; baseline -0.004 -15"><span class='ocrx_word' id='word_1_234' title='bbox 643 3580 846 3634; x_wconf 86' lang='lat' dir='ltr'><strong>stulent</strong></span> <span class='ocrx_word' id='word_1_235' title='bbox 876 3580 1076 3633; x_wconf 81' lang='lat' dir='ltr'><strong>habere</strong></span> <span class='ocrx_word' id='word_1_236' title='bbox 1107 3579 1445 3649; x_wconf 85' lang='lat' dir='ltr'><strong>episcopum.</strong></span> <span class='ocrx_word' id='word_1_237' title='bbox 1472 3576 1709 3630; x_wconf 90' lang='lat' dir='ltr'><strong>Omnino</strong></span> <span class='ocrx_word' id='word_1_238' title='bbox 1727 3590 1857 3643; x_wconf 81' lang='lat' dir='ltr'><strong>ergo</strong></span> <span class='ocrx_word' id='word_1_239' title='bbox 1880 3574 1981 3627; x_wconf 86' lang='lat' dir='ltr'><strong>bas</strong></span> <span class='ocrx_word' id='word_1_240' title='bbox 2001 3572 2219 3627; x_wconf 85' lang='lat' dir='ltr'><strong>fraudes</strong></span> 
     </span>
    </p>
   </div>
   <div class='ocr_carea' id='block_1_38' title="bbox 641 3666 2219 3741">
    <p class='ocr_par' dir='ltr' id='par_1_38' title="bbox 641 3666 2219 3741">
     <span class='ocr_line' id='line_1_38' title="bbox 641 3666 2219 3741; baseline -0.004 -15"><span class='ocrx_word' id='word_1_241' title='bbox 641 3683 696 3726; x_wconf 89' lang='lat' dir='ltr'><strong>et</strong></span> <span class='ocrx_word' id='word_1_242' title='bbox 726 3683 869 3726; x_wconf 88' lang='lat' dir='ltr'><strong>artes</strong></span> <span class='ocrx_word' id='word_1_243' title='bbox 903 3670 1207 3741; x_wconf 76' lang='lat' dir='ltr'><strong>puniendas</strong></span> <span class='ocrx_word' id='word_1_244' title='bbox 1236 3686 1358 3725; x_wconf 84' lang='lat' dir='ltr'><strong>esse</strong></span> <span class='ocrx_word' id='word_1_245' title='bbox 1386 3670 1677 3733; x_wconf 78' lang='lat' dir='ltr'><strong>existimo;</strong></span> <span class='ocrx_word' id='word_1_246' title='bbox 1710 3676 1768 3722; x_wconf 92' lang='lat' dir='ltr'><strong>nt</strong></span> <span class='ocrx_word' id='word_1_247' title='bbox 1816 3682 1976 3720; x_wconf 89' lang='lat' dir='ltr'><strong>nemo</strong></span> <span class='ocrx_word' id='word_1_248' title='bbox 2025 3666 2219 3735; x_wconf 89' lang='lat' dir='ltr'><strong>possit,</strong></span> 
     </span>
    </p>
   </div>
   <div class='ocr_carea' id='block_1_39' title="bbox 642 3757 2220 3834">
    <p class='ocr_par' dir='ltr' id='par_1_39' title="bbox 642 3757 2220 3834">
     <span class='ocr_line' id='line_1_39' title="bbox 642 3757 2220 3834; baseline -0.006 -16"><span class='ocrx_word' id='word_1_249' title='bbox 642 3766 735 3834; x_wconf 86' lang='lat' dir='ltr'><strong>qui</strong></span> <span class='ocrx_word' id='word_1_250' title='bbox 784 3772 868 3817; x_wconf 89' lang='lat' dir='ltr'><strong>est</strong></span> <span class='ocrx_word' id='word_1_251' title='bbox 916 3762 1207 3832; x_wconf 77' lang='lat' dir='ltr'><strong>ejusmodi,</strong></span> <span class='ocrx_word' id='word_1_252' title='bbox 1254 3778 1321 3815; x_wconf 91' lang='lat' dir='ltr'><strong>ne</strong></span> <span class='ocrx_word' id='word_1_253' title='bbox 1375 3761 1429 3815; x_wconf 92' lang='lat' dir='ltr'><strong>in</strong></span> <span class='ocrx_word' id='word_1_254' title='bbox 1483 3759 1587 3813; x_wconf 76' lang='lat' dir='ltr'><strong>[ine</strong></span> <span class='ocrx_word' id='word_1_255' title='bbox 1618 3759 1835 3827; x_wconf 90' lang='lat' dir='ltr'><strong>quidem</strong></span> <span class='ocrx_word' id='word_1_256' title='bbox 1879 3757 2015 3810; x_wconf 88' lang='lat' dir='ltr'><strong>laica</strong></span> <span class='ocrx_word' id='word_1_257' title='bbox 2066 3771 2220 3811; x_wconf 89' lang='lat' dir='ltr'><strong>com-</strong></span> 
     </span>
    </p>
   </div>
   <div class='ocr_carea' id='block_1_40' title="bbox 644 3849 2221 3922">
    <p class='ocr_par' dir='ltr' id='par_1_40' title="bbox 644 3849 2221 3922">
     <span class='ocr_line' id='line_1_40' title="bbox 644 3849 2221 3922; baseline -0.003 -15"><span class='ocrx_word' id='word_1_258' title='bbox 644 3856 906 3907; x_wconf 85' lang='lat' dir='ltr'><strong>munione</strong></span> <span class='ocrx_word' id='word_1_259' title='bbox 930 3854 1129 3922; x_wconf 79' lang='lat' dir='ltr'><strong>dignus</strong></span> <span class='ocrx_word' id='word_1_260' title='bbox 1157 3852 1371 3905; x_wconf 85' lang='lat' dir='ltr'><strong>haberi.</strong></span> <span class='ocrx_word' id='word_1_261' title='bbox 1407 3852 1490 3905; x_wconf 88' lang='lat' dir='ltr'><strong>An</strong></span> <span class='ocrx_word' id='word_1_262' title='bbox 1522 3865 1654 3920; x_wconf 80' lang='lat' dir='ltr'><strong>ergo</strong></span> <span class='ocrx_word' id='word_1_263' title='bbox 1685 3852 1802 3905; x_wconf 63' lang='lat' dir='ltr'><strong>haec</strong></span> <span class='ocrx_word' id='word_1_264' title='bbox 1844 3849 2053 3918; x_wconf 83' lang='lat' dir='ltr'><strong>placeat</strong></span> <span class='ocrx_word' id='word_1_265' title='bbox 2095 3863 2221 3904; x_wconf 83' lang='lat' dir='ltr'><strong>sen-</strong></span> 
     </span>
    </p>
   </div>
   <div class='ocr_carea' id='block_1_41' title="bbox 645 3944 1671 4011">
    <p class='ocr_par' dir='ltr' id='par_1_41' title="bbox 645 3944 1671 4011">
     <span class='ocr_line' id='line_1_41' title="bbox 645 3944 1671 4011; baseline -0.006 -14"><span class='ocrx_word' id='word_1_266' title='bbox 645 3944 841 4009; x_wconf 88' lang='lat' dir='ltr'><strong>tentia,</strong></span> <span class='ocrx_word' id='word_1_267' title='bbox 881 3944 1223 4011; x_wconf 87' lang='lat' dir='ltr'><strong>respondete.</strong></span> <span class='ocrx_word' id='word_1_268' title='bbox 1664 3946 1671 3951; x_wconf 88' lang='lat'>&#39;</span> 
     </span>
    </p>
   </div>
   <div class='ocr_carea' id='block_1_42' title="bbox 716 4115 1945 4192">
    <p class='ocr_par' dir='ltr' id='par_1_42' title="bbox 716 4115 1945 4192">
     <span class='ocr_line' id='line_1_42' title="bbox 716 4115 1945 4192; baseline -0.004 -19"><span class='ocrx_word' id='word_1_269' title='bbox 716 4120 1133 4192; x_wconf 78' lang='lat' dir='ltr'><strong>Responderunt</strong></span> <span class='ocrx_word' id='word_1_270' title='bbox 1164 4137 1178 4173; x_wconf 88' lang='lat'><strong>:</strong></span> <span class='ocrx_word' id='word_1_271' title='bbox 1206 4117 1433 4173; x_wconf 86' lang='lat' dir='ltr'><strong>Placent</strong></span> <span class='ocrx_word' id='word_1_272' title='bbox 1470 4131 1591 4186; x_wconf 68' lang='lat' dir='ltr'><strong>qua:</strong></span> <span class='ocrx_word' id='word_1_273' title='bbox 1622 4115 1766 4171; x_wconf 87' lang='lat' dir='ltr'><strong>dicta</strong></span> <span class='ocrx_word' id='word_1_274' title='bbox 1798 4122 1945 4170; x_wconf 91' lang='lat' dir='ltr'><strong>sunt.</strong></span> 
     </span>
    </p>
   </div>
   <div class='ocr_carea' id='block_1_43' title="bbox 718 4207 2222 4282">
    <p class='ocr_par' dir='ltr' id='par_1_43' title="bbox 718 4207 2222 4282">
     <span class='ocr_line' id='line_1_43' title="bbox 718 4207 2222 4282; baseline -0.005 -14"><span class='ocrx_word' id='word_1_275' title='bbox 718 4216 807 4271; x_wconf 81' lang='grc'><strong>15.</strong></span> <span class='ocrx_word' id='word_1_276' title='bbox 848 4214 1012 4270; x_wconf 86' lang='lat' dir='ltr'><strong>Osius</strong></span> <span class='ocrx_word' id='word_1_277' title='bbox 1058 4214 1349 4282; x_wconf 87' lang='lat' dir='ltr'><strong>cpiscopus</strong></span> <span class='ocrx_word' id='word_1_278' title='bbox 1400 4210 1538 4264; x_wconf 82' lang='lat' dir='ltr'><strong>dixit</strong></span> <span class='ocrx_word' id='word_1_279' title='bbox 1573 4227 1587 4263; x_wconf 90' lang='lat'><strong>:</strong></span> <span class='ocrx_word' id='word_1_280' title='bbox 1618 4207 1729 4261; x_wconf 83' lang='lat' dir='ltr'><strong>[loc</strong></span> <span class='ocrx_word' id='word_1_281' title='bbox 1754 4221 1976 4277; x_wconf 86' lang='lat' dir='ltr'><strong>quoque</strong></span> <span class='ocrx_word' id='word_1_282' title='bbox 2029 4220 2222 4261; x_wconf 82' lang='lat' dir='ltr'><strong>omnes</strong></span> 
     </span>
    </p>
   </div>
   <div class='ocr_carea' id='block_1_44' title="bbox 645 4298 2220 4374">
    <p class='ocr_par' dir='ltr' id='par_1_44' title="bbox 645 4298 2220 4374">
     <span class='ocr_line' id='line_1_44' title="bbox 645 4298 2220 4374; baseline -0.008 -9"><span class='ocrx_word' id='word_1_283' title='bbox 645 4312 1004 4373; x_wconf 85' lang='lat' dir='ltr'><strong>delluiamus,</strong></span> <span class='ocrx_word' id='word_1_284' title='bbox 1047 4317 1105 4361; x_wconf 91' lang='lat' dir='ltr'><strong>ut</strong></span> <span class='ocrx_word' id='word_1_285' title='bbox 1147 4306 1193 4361; x_wconf 91' lang='lat' dir='ltr'><strong>si</strong></span> <span class='ocrx_word' id='word_1_286' title='bbox 1220 4305 1345 4374; x_wconf 90' lang='lat' dir='ltr'><strong>quis</strong></span> <span class='ocrx_word' id='word_1_287' title='bbox 1389 4305 1681 4373; x_wconf 78' lang='lat' dir='ltr'><strong>episcopus</strong></span> <span class='ocrx_word' id='word_1_288' title='bbox 1721 4319 1787 4356; x_wconf 81' lang='lat' dir='ltr'><strong>ex</strong></span> <span class='ocrx_word' id='word_1_289' title='bbox 1822 4302 1926 4355; x_wconf 90' lang='lat' dir='ltr'><strong>alia</strong></span> <span class='ocrx_word' id='word_1_290' title='bbox 1961 4298 2220 4370; x_wconf 88' lang='lat' dir='ltr'><strong>parocbia</strong></span> 
     </span>
    </p>
   </div>
   <div class='ocr_carea' id='block_1_45' title="bbox 646 4391 2222 4463">
    <p class='ocr_par' dir='ltr' id='par_1_45' title="bbox 646 4391 2222 4463">
     <span class='ocr_line' id='line_1_45' title="bbox 646 4391 2222 4463; baseline -0.006 -9"><span class='ocrx_word' id='word_1_291' title='bbox 646 4404 775 4456; x_wconf 78' lang='lat' dir='ltr'><strong>velit</strong></span> <span class='ocrx_word' id='word_1_292' title='bbox 833 4402 1069 4455; x_wconf 84' lang='lat' dir='ltr'><strong>alienum</strong></span> <span class='ocrx_word' id='word_1_293' title='bbox 1122 4400 1435 4455; x_wconf 88' lang='lat' dir='ltr'><strong>ministrum</strong></span> <span class='ocrx_word' id='word_1_294' title='bbox 1495 4397 1615 4451; x_wconf 89' lang='lat' dir='ltr'><strong>sine</strong></span> <span class='ocrx_word' id='word_1_295' title='bbox 1683 4409 1960 4450; x_wconf 89' lang='lat' dir='ltr'><strong>consensu</strong></span> <span class='ocrx_word' id='word_1_296' title='bbox 2015 4391 2222 4463; x_wconf 85' lang='lat' dir='ltr'><strong>proprii</strong></span> 
     </span>
    </p>
   </div>
   <div class='ocr_carea' id='block_1_46' title="bbox 2303 552 3874 622">
    <p class='ocr_par' dir='ltr' id='par_1_46' title="bbox 2303 552 3874 622">
     <span class='ocr_line' id='line_1_46' title="bbox 2303 552 3874 622; baseline -0.003 -14"><span class='ocrx_word' id='word_1_297' title='bbox 2303 556 2667 617; x_wconf 77' lang='grc' dir='ltr'><strong>ἀπολέσαντες</strong></span> <span class='ocrx_word' id='word_1_298' title='bbox 2708 556 2809 616; x_wconf 81' lang='grc' dir='ltr'><strong>τὰς</strong></span> <span class='ocrx_word' id='word_1_299' title='bbox 2863 554 2999 616; x_wconf 85' lang='grc' dir='ltr'>ἰδίας</span> <span class='ocrx_word' id='word_1_300' title='bbox 3035 552 3321 622; x_wconf 79' lang='grc' dir='ltr'><strong>πατρίδας,</strong></span> <span class='ocrx_word' id='word_1_301' title='bbox 3371 553 3481 605; x_wconf 74' lang='grc' dir='ltr'>ἀπὸ</span> <span class='ocrx_word' id='word_1_302' title='bbox 3525 552 3776 619; x_wconf 77' lang='grc' dir='ltr'><strong>ἀνάγκης</strong></span> <span class='ocrx_word' id='word_1_303' title='bbox 3804 555 3874 614; x_wconf 81' lang='grc' dir='ltr'><strong>εἰς</strong></span> 
     </span>
    </p>
   </div>
   <div class='ocr_carea' id='block_1_47' title="bbox 2303 643 3876 715">
    <p class='ocr_par' dir='ltr' id='par_1_47' title="bbox 2303 643 3876 715">
     <span class='ocr_line' id='line_1_47' title="bbox 2303 643 3876 715; baseline -0.003 -16"><span class='ocrx_word' id='word_1_304' title='bbox 2303 645 2470 714; x_wconf 80' lang='grc' dir='ltr'>ἀλλην</span> <span class='ocrx_word' id='word_1_305' title='bbox 2493 646 2787 715; x_wconf 80' lang='grc' dir='ltr'><strong>ἐκκλησίαν</strong></span> <span class='ocrx_word' id='word_1_306' title='bbox 2821 644 3107 714; x_wconf 82' lang='grc' dir='ltr'>μετῆλθον.</span> <span class='ocrx_word' id='word_1_307' title='bbox 3142 645 3203 696; x_wconf 80' lang='grc' dir='ltr'><strong>Εἰ</strong></span> <span class='ocrx_word' id='word_1_308' title='bbox 3224 644 3283 696; x_wconf 82' lang='grc' dir='ltr'>δέ</span> <span class='ocrx_word' id='word_1_309' title='bbox 3312 661 3393 705; x_wconf 87' lang='grc' dir='ltr'><strong>τις</strong></span> <span class='ocrx_word' id='word_1_310' title='bbox 3419 643 3720 706; x_wconf 76' lang='grc' dir='ltr'><strong>ἐπίσκοπος</strong></span> <span class='ocrx_word' id='word_1_311' title='bbox 3750 644 3876 711; x_wconf 72' lang='grc' dir='ltr'>μετὰ</span> 
     </span>
    </p>
   </div>
   <div class='ocr_carea' id='block_1_48' title="bbox 2301 734 3877 808">
    <p class='ocr_par' dir='ltr' id='par_1_48' title="bbox 2301 734 3877 808">
     <span class='ocr_line' id='line_1_48' title="bbox 2301 734 3877 808; baseline -0.003 -18"><span class='ocrx_word' id='word_1_312' title='bbox 2301 738 2393 790; x_wconf 75' lang='grc' dir='ltr'><strong>τὸν</strong></span> <span class='ocrx_word' id='word_1_313' title='bbox 2426 739 2551 808; x_wconf 83' lang='grc' dir='ltr'>ὅρον</span> <span class='ocrx_word' id='word_1_314' title='bbox 2571 737 2782 799; x_wconf 78' lang='grc' dir='ltr'>τοῦτον,</span> <span class='ocrx_word' id='word_1_315' title='bbox 2816 736 2959 806; x_wconf 76' lang='grc' dir='ltr'>ἄλλῳ</span> <span class='ocrx_word' id='word_1_316' title='bbox 2992 735 3275 804; x_wconf 83' lang='grc' dir='ltr'>ἐπισκὸπῳ</span> <span class='ocrx_word' id='word_1_317' title='bbox 3305 736 3655 805; x_wconf 82' lang='grc' dir='ltr'>προσήκοντα</span> <span class='ocrx_word' id='word_1_318' title='bbox 3679 734 3877 798; x_wconf 77' lang='grc' dir='ltr'>δέξοιτο</span> 
     </span>
    </p>
   </div>
   <div class='ocr_carea' id='block_1_49' title="bbox 2303 824 3877 899">
    <p class='ocr_par' dir='ltr' id='par_1_49' title="bbox 2303 824 3877 899">
     <span class='ocr_line' id='line_1_49' title="bbox 2303 824 3877 899; baseline -0.001 -18"><span class='ocrx_word' id='word_1_319' title='bbox 2303 828 2582 899; x_wconf 78' lang='grc' dir='ltr'>κληρικὸν,</span> <span class='ocrx_word' id='word_1_320' title='bbox 2606 828 2783 894; x_wconf 75' lang='grc' dir='ltr'>ἔδοξεν</span> <span class='ocrx_word' id='word_1_321' title='bbox 2812 829 3175 895; x_wconf 81' lang='grc' dir='ltr'>ἀκοινώνητον</span> <span class='ocrx_word' id='word_1_322' title='bbox 3212 824 3350 880; x_wconf 79' lang='grc' dir='ltr'>εἰναι</span> <span class='ocrx_word' id='word_1_323' title='bbox 3381 829 3476 880; x_wconf 71' lang='grc' dir='ltr'>καὶ</span> <span class='ocrx_word' id='word_1_324' title='bbox 3504 828 3595 880; x_wconf 79' lang='grc' dir='ltr'>τὸν</span> <span class='ocrx_word' id='word_1_325' title='bbox 3627 828 3877 895; x_wconf 80' lang='grc' dir='ltr'>δεχθέντα</span> 
     </span>
    </p>
   </div>
   <div class='ocr_carea' id='block_1_50' title="bbox 2303 912 3878 990">
    <p class='ocr_par' dir='ltr' id='par_1_50' title="bbox 2303 912 3878 990">
     <span class='ocr_line' id='line_1_50' title="bbox 2303 912 3878 990; baseline -0.001 -17"><span class='ocrx_word' id='word_1_326' title='bbox 2303 920 2398 973; x_wconf 72' lang='grc' dir='ltr'>καὶ</span> <span class='ocrx_word' id='word_1_327' title='bbox 2454 919 2544 972; x_wconf 84' lang='grc' dir='ltr'>τὸν</span> <span class='ocrx_word' id='word_1_328' title='bbox 2589 919 2918 989; x_wconf 77' lang='grc' dir='ltr'><strong>δεξάμενον⁶</strong></span> <span class='ocrx_word' id='word_1_329' title='bbox 2971 919 3079 983; x_wconf 76' lang='grc' dir='ltr'>ἓως</span> <span class='ocrx_word' id='word_1_330' title='bbox 3123 912 3188 973; x_wconf 79' lang='grc' dir='ltr'>ἂν</span> <span class='ocrx_word' id='word_1_331' title='bbox 3224 922 3252 972; x_wconf 82' lang='grc' dir='ltr'>ὁ</span> <span class='ocrx_word' id='word_1_332' title='bbox 3306 920 3581 989; x_wconf 81' lang='grc' dir='ltr'>μεταστὰς</span> <span class='ocrx_word' id='word_1_333' title='bbox 3621 919 3878 990; x_wconf 69' lang='grc' dir='ltr'>κληρικὸς</span> 
     </span>
    </p>
   </div>
   <div class='ocr_carea' id='block_1_51' title="bbox 2304 1010 3311 1083">
    <p class='ocr_par' dir='ltr' id='par_1_51' title="bbox 2304 1010 3311 1083">
     <span class='ocr_line' id='line_1_51' title="bbox 2304 1010 3311 1083; baseline 0.004 -20"><span class='ocrx_word' id='word_1_334' title='bbox 2304 1012 2384 1075; x_wconf 89' lang='grc' dir='ltr'><strong>εἰς</strong></span> <span class='ocrx_word' id='word_1_335' title='bbox 2405 1011 2503 1083; x_wconf 77' lang='grc' dir='ltr'>τὴν</span> <span class='ocrx_word' id='word_1_336' title='bbox 2536 1010 2673 1066; x_wconf 88' lang='grc' dir='ltr'>ἰδίαν</span> <span class='ocrx_word' id='word_1_337' title='bbox 2704 1010 2973 1081; x_wconf 77' lang='grc' dir='ltr'><strong>ἐπανέλθῃ</strong></span> <span class='ocrx_word' id='word_1_338' title='bbox 2997 1012 3311 1083; x_wconf 83' lang='grc' dir='ltr'>ἐκκλησίαν.</span> 
     </span>
    </p>
   </div>
   <div class='ocr_carea' id='block_1_52' title="bbox 2551 1253 3671 1325">
    <p class='ocr_par' dir='ltr' id='par_1_52' title="bbox 2551 1253 3671 1325">
     <span class='ocr_line' id='line_1_52' title="bbox 2551 1253 3671 1325; baseline 0.002 -18"><span class='ocrx_word' id='word_1_339' title='bbox 2551 1253 2820 1325; x_wconf 75' lang='grc' dir='ltr'>Συνόδου</span> <span class='ocrx_word' id='word_1_340' title='bbox 2849 1254 3145 1324; x_wconf 61' lang='grc' dir='ltr'>Σῳδικῆς</span> <span class='ocrx_word' id='word_1_341' title='bbox 3165 1256 3367 1325; x_wconf 75' lang='grc' dir='ltr'>κανὼν</span> <span class='ocrx_word' id='word_1_342' title='bbox 3392 1254 3464 1319; x_wconf 86' lang='grc' dir='ltr'>α’,</span> <span class='ocrx_word' id='word_1_343' title='bbox 3492 1254 3559 1325; x_wconf 86' lang='grc' dir='ltr'><strong>β’,</strong></span> <span class='ocrx_word' id='word_1_344' title='bbox 3588 1255 3671 1310; x_wconf 88' lang='grc' dir='ltr'>ιε’.</span> 
     </span>
    </p>
   </div>
   <div class='ocr_carea' id='block_1_53' title="bbox 2319 1319 3874 1394">
    <p class='ocr_par' dir='ltr' id='par_1_53' title="bbox 2319 1319 3874 1394">
     <span class='ocr_line' id='line_1_53' title="bbox 2319 1319 3874 1394; baseline 0.002 -18"><span class='ocrx_word' id='word_1_345' title='bbox 2319 1319 2549 1394; x_wconf 31' lang='grc' dir='ltr'><strong>ἸΙΑὰγία</strong></span> <span class='ocrx_word' id='word_1_346' title='bbox 2577 1324 2836 1389; x_wconf 83' lang='grc' dir='ltr'><strong>σύνοδος</strong></span> <span class='ocrx_word' id='word_1_347' title='bbox 2858 1327 2894 1391; x_wconf 74' lang='grc' dir='ltr'>ἡ</span> <span class='ocrx_word' id='word_1_348' title='bbox 2929 1319 2997 1377; x_wconf 72' lang='grc' dir='ltr'>ἓν</span> <span class='ocrx_word' id='word_1_349' title='bbox 3019 1319 3279 1394; x_wconf 63' lang='grc' dir='ltr'>Σάρδικῆ</span> <span class='ocrx_word' id='word_1_350' title='bbox 3314 1319 3795 1393; x_wconf 51' lang='lat' dir='ltr'><strong>ain-113021108700</strong></span> <span class='ocrx_word' id='word_1_351' title='bbox 3817 1326 3874 1379; x_wconf 78' lang='grc' dir='ltr'><strong>ἐκ</strong></span> 
     </span>
    </p>
   </div>
   <div class='ocr_carea' id='block_1_54' title="bbox 2378 1391 3809 1465">
    <p class='ocr_par' dir='ltr' id='par_1_54' title="bbox 2378 1391 3809 1465">
     <span class='ocr_line' id='line_1_54' title="bbox 2378 1391 3809 1465; baseline 0.003 -22"><span class='ocrx_word' id='word_1_352' title='bbox 2378 1391 2679 1459; x_wconf 62' lang='grc' dir='ltr'>διαφόρων</span> <span class='ocrx_word' id='word_1_353' title='bbox 2702 1396 3003 1463; x_wconf 79' lang='grc' dir='ltr'><strong>ἐπαρχιῶν</strong></span> <span class='ocrx_word' id='word_1_354' title='bbox 3038 1391 3215 1463; x_wconf 63' lang='grc' dir='ltr'>ὥρισε</span> <span class='ocrx_word' id='word_1_355' title='bbox 3240 1391 3312 1449; x_wconf 68' lang='grc' dir='ltr'>τὰ</span> <span class='ocrx_word' id='word_1_356' title='bbox 3340 1391 3809 1465; x_wconf 65' lang='grc' dir='ltr'>ὑποτεταγμένα.</span> 
     </span>
    </p>
   </div>
   <div class='ocr_carea' id='block_1_55' title="bbox 2380 1480 3877 1556">
    <p class='ocr_par' dir='ltr' id='par_1_55' title="bbox 2380 1480 3877 1556">
     <span class='ocr_line' id='line_1_55' title="bbox 2380 1480 3877 1556; baseline 0.001 -21"><span class='ocrx_word' id='word_1_357' title='bbox 2380 1488 2446 1535; x_wconf 85' lang='grc' dir='ltr'>α’.</span> <span class='ocrx_word' id='word_1_358' title='bbox 2483 1484 2664 1546; x_wconf 71' lang='lat' dir='ltr'><strong>&quot;Dato;</strong></span> <span class='ocrx_word' id='word_1_359' title='bbox 2695 1484 2991 1548; x_wconf 77' lang='grc' dir='ltr'>ἐπίσκοπος</span> <span class='ocrx_word' id='word_1_360' title='bbox 3023 1485 3228 1549; x_wconf 86' lang='grc' dir='ltr'>πόλεως</span> <span class='ocrx_word' id='word_1_361' title='bbox 3258 1484 3571 1556; x_wconf 80' lang='grc' dir='ltr'>Κορδούϐης</span> <span class='ocrx_word' id='word_1_362' title='bbox 3598 1480 3773 1538; x_wconf 69' lang='grc' dir='ltr'><strong>εἶπεν⁸</strong></span> <span class='ocrx_word' id='word_1_363' title='bbox 3811 1485 3877 1537; x_wconf 71' lang='grc' dir='ltr'><strong>Οὐ</strong></span> 
     </span>
    </p>
   </div>
   <div class='ocr_carea' id='block_1_56' title="bbox 2309 1574 3875 1647">
    <p class='ocr_par' dir='ltr' id='par_1_56' title="bbox 2309 1574 3875 1647">
     <span class='ocr_line' id='line_1_56' title="bbox 2309 1574 3875 1647; baseline 0.001 -19"><span class='ocrx_word' id='word_1_364' title='bbox 2309 1574 2626 1644; x_wconf 80' lang='grc' dir='ltr'>τοσοῦτονή</span> <span class='ocrx_word' id='word_1_365' title='bbox 2678 1574 2856 1644; x_wconf 86' lang='grc' dir='ltr'>φαύλη</span> <span class='ocrx_word' id='word_1_366' title='bbox 2907 1576 3190 1646; x_wconf 79' lang='grc' dir='ltr'>συνήθεια,</span> <span class='ocrx_word' id='word_1_367' title='bbox 3243 1577 3367 1630; x_wconf 82' lang='grc' dir='ltr'>ὅσον</span> <span class='ocrx_word' id='word_1_368' title='bbox 3414 1578 3448 1645; x_wconf 83' lang='grc' dir='ltr'>ἠ</span> <span class='ocrx_word' id='word_1_369' title='bbox 3498 1577 3875 1647; x_wconf 69' lang='grc' dir='ltr'>βλαϐερωτάτη</span> 
     </span>
    </p>
   </div>
   <div class='ocr_carea' id='block_1_57' title="bbox 2310 1666 3877 1739">
    <p class='ocr_par' dir='ltr' id='par_1_57' title="bbox 2310 1666 3877 1739">
     <span class='ocr_line' id='line_1_57' title="bbox 2310 1666 3877 1739; baseline 0.001 -20"><span class='ocrx_word' id='word_1_370' title='bbox 2310 1666 2416 1719; x_wconf 79' lang='grc' dir='ltr'><strong>τῶν</strong></span> <span class='ocrx_word' id='word_1_371' title='bbox 2448 1666 2787 1737; x_wconf 75' lang='grc' dir='ltr'>πραγμάτων</span> <span class='ocrx_word' id='word_1_372' title='bbox 2816 1667 3116 1738; x_wconf 76' lang='grc' dir='ltr'>διαφθορὰ,</span> <span class='ocrx_word' id='word_1_373' title='bbox 3168 1668 3225 1734; x_wconf 83' lang='grc' dir='ltr'><strong>ἐξ</strong></span> <span class='ocrx_word' id='word_1_374' title='bbox 3254 1668 3433 1721; x_wconf 79' lang='grc' dir='ltr'>αὐτῶν</span> <span class='ocrx_word' id='word_1_375' title='bbox 3469 1669 3575 1722; x_wconf 84' lang='grc' dir='ltr'><strong>τῶν</strong></span> <span class='ocrx_word' id='word_1_376' title='bbox 3621 1669 3877 1739; x_wconf 81' lang='grc' dir='ltr'>θεμελίων</span> 
     </span>
    </p>
   </div>
   <div class='ocr_carea' id='block_1_58' title="bbox 2312 1759 3876 1833">
    <p class='ocr_par' dir='ltr' id='par_1_58' title="bbox 2312 1759 3876 1833">
     <span class='ocr_line' id='line_1_58' title="bbox 2312 1759 3876 1833; baseline 0.003 -24"><span class='ocrx_word' id='word_1_377' title='bbox 2312 1759 2456 1810; x_wconf 72' lang='grc' dir='ltr'>ἐστὶν</span> <span class='ocrx_word' id='word_1_378' title='bbox 2486 1759 2805 1829; x_wconf 75' lang='grc' dir='ltr'>ἐκριζωτὲα’</span> <span class='ocrx_word' id='word_1_379' title='bbox 2842 1760 2928 1813; x_wconf 81' lang='grc' dir='ltr'>ἵνα</span> <span class='ocrx_word' id='word_1_380' title='bbox 2960 1761 3149 1830; x_wconf 72' lang='grc' dir='ltr'>μηδενὶ</span> <span class='ocrx_word' id='word_1_381' title='bbox 3179 1762 3286 1813; x_wconf 81' lang='grc' dir='ltr'><strong>τῶν</strong></span> <span class='ocrx_word' id='word_1_382' title='bbox 3309 1763 3623 1816; x_wconf 73' lang='grc' dir='ltr'>ἐπισκόπων</span> <span class='ocrx_word' id='word_1_383' title='bbox 3652 1762 3747 1833; x_wconf 77' lang='grc' dir='ltr'><strong>ἐξῇ</strong></span> <span class='ocrx_word' id='word_1_384' title='bbox 3778 1764 3876 1814; x_wconf 68' lang='grc' dir='ltr'><strong>ἀπὸ</strong></span> 
     </span>
    </p>
   </div>
   <div class='ocr_carea' id='block_1_59' title="bbox 2313 1849 3875 1922">
    <p class='ocr_par' dir='ltr' id='par_1_59' title="bbox 2313 1849 3875 1922">
     <span class='ocr_line' id='line_1_59' title="bbox 2313 1849 3875 1922; baseline 0.003 -22"><span class='ocrx_word' id='word_1_385' title='bbox 2313 1849 2516 1912; x_wconf 86' lang='grc' dir='ltr'>πόλεως</span> <span class='ocrx_word' id='word_1_386' title='bbox 2567 1852 2768 1919; x_wconf 69' lang='grc' dir='ltr'>μικρᾶς</span> <span class='ocrx_word' id='word_1_387' title='bbox 2817 1852 2897 1913; x_wconf 88' lang='grc' dir='ltr'><strong>εἰς</strong></span> <span class='ocrx_word' id='word_1_388' title='bbox 2945 1852 3139 1922; x_wconf 81' lang='grc' dir='ltr'>ἑτέραν</span> <span class='ocrx_word' id='word_1_389' title='bbox 3187 1852 3340 1905; x_wconf 81' lang='grc' dir='ltr'>πόλιν</span> <span class='ocrx_word' id='word_1_390' title='bbox 3380 1851 3759 1921; x_wconf 81' lang='grc' dir='ltr'>μεθίστασθαι.</span> <span class='ocrx_word' id='word_1_391' title='bbox 3817 1853 3875 1904; x_wconf 81' lang='grc' dir='ltr'><strong>Ἤ</strong></span> 
     </span>
    </p>
   </div>
   <div class='ocr_carea' id='block_1_60' title="bbox 2312 1940 3875 2012">
    <p class='ocr_par' dir='ltr' id='par_1_60' title="bbox 2312 1940 3875 2012">
     <span class='ocr_line' id='line_1_60' title="bbox 2312 1940 3875 2012; baseline 0.001 -21"><span class='ocrx_word' id='word_1_392' title='bbox 2312 1942 2419 2010; x_wconf 76' lang='grc' dir='ltr'>γὰρ</span> <span class='ocrx_word' id='word_1_393' title='bbox 2453 1940 2546 2010; x_wconf 76' lang='grc' dir='ltr'>τῆς</span> <span class='ocrx_word' id='word_1_394' title='bbox 2595 1940 2771 2003; x_wconf 88' lang='grc' dir='ltr'>αἰτίας</span> <span class='ocrx_word' id='word_1_395' title='bbox 2805 1941 3006 2010; x_wconf 77' lang='grc' dir='ltr'>ταύτης</span> <span class='ocrx_word' id='word_1_396' title='bbox 3054 1942 3327 2012; x_wconf 81' lang='grc' dir='ltr'>πρόφασις</span> <span class='ocrx_word' id='word_1_397' title='bbox 3370 1942 3579 2012; x_wconf 83' lang='grc' dir='ltr'>φανερά</span> <span class='ocrx_word' id='word_1_398' title='bbox 3604 1942 3670 1995; x_wconf 78' lang='grc' dir='ltr'>δι’</span> <span class='ocrx_word' id='word_1_399' title='bbox 3701 1943 3770 2012; x_wconf 82' lang='grc' dir='ltr'>ἣν</span> <span class='ocrx_word' id='word_1_400' title='bbox 3815 1944 3875 1993; x_wconf 64' lang='grc' dir='ltr'>τὶ</span> 
     </span>
    </p>
   </div>
   <div class='ocr_carea' id='block_1_61' title="bbox 2310 2030 3873 2103">
    <p class='ocr_par' dir='ltr' id='par_1_61' title="bbox 2310 2030 3873 2103">
     <span class='ocr_line' id='line_1_61' title="bbox 2310 2030 3873 2103; baseline 0.001 -21"><span class='ocrx_word' id='word_1_401' title='bbox 2310 2030 2532 2083; x_wconf 79' lang='grc' dir='ltr'>τοιαῦτα</span> <span class='ocrx_word' id='word_1_402' title='bbox 2562 2032 2943 2101; x_wconf 83' lang='grc' dir='ltr'>ἐπιχειρεῖται.</span> <span class='ocrx_word' id='word_1_403' title='bbox 2980 2032 3168 2096; x_wconf 75' lang='grc' dir='ltr'>Οὐδεὶς</span> <span class='ocrx_word' id='word_1_404' title='bbox 3200 2034 3306 2103; x_wconf 74' lang='grc' dir='ltr'><strong>γὰρ</strong></span> <span class='ocrx_word' id='word_1_405' title='bbox 3350 2033 3570 2085; x_wconf 83' lang='grc' dir='ltr'>πώποτε</span> <span class='ocrx_word' id='word_1_406' title='bbox 3601 2034 3873 2102; x_wconf 74' lang='grc' dir='ltr'>εὑρεθῆναι</span> 
     </span>
    </p>
   </div>
   <div class='ocr_carea' id='block_1_62' title="bbox 2312 2122 3874 2192">
    <p class='ocr_par' dir='ltr' id='par_1_62' title="bbox 2312 2122 3874 2192">
     <span class='ocr_line' id='line_1_62' title="bbox 2312 2122 3874 2192; baseline 0.001 -19"><span class='ocrx_word' id='word_1_407' title='bbox 2312 2122 2609 2185; x_wconf 87' lang='grc' dir='ltr'>ἐπίσκοπος</span> <span class='ocrx_word' id='word_1_408' title='bbox 2648 2122 2967 2192; x_wconf 79' lang='grc' dir='ltr'>δεδύνηται,</span> <span class='ocrx_word' id='word_1_409' title='bbox 3000 2123 3057 2186; x_wconf 82' lang='grc' dir='ltr'>ὃς</span> <span class='ocrx_word' id='word_1_410' title='bbox 3104 2124 3211 2176; x_wconf 76' lang='grc' dir='ltr'><strong>ἀπὸ</strong></span> <span class='ocrx_word' id='word_1_411' title='bbox 3260 2123 3508 2191; x_wconf 79' lang='grc' dir='ltr'>μείζονος</span> <span class='ocrx_word' id='word_1_412' title='bbox 3550 2123 3757 2186; x_wconf 81' lang='grc' dir='ltr'>πόλεως</span> <span class='ocrx_word' id='word_1_413' title='bbox 3804 2125 3874 2186; x_wconf 79' lang='grc' dir='ltr'><strong>εἰς</strong></span> 
     </span>
    </p>
   </div>
   <div class='ocr_carea' id='block_1_63' title="bbox 2314 2214 3872 2285">
    <p class='ocr_par' dir='ltr' id='par_1_63' title="bbox 2314 2214 3872 2285">
     <span class='ocr_line' id='line_1_63' title="bbox 2314 2214 3872 2285; baseline -0.001 -18"><span class='ocrx_word' id='word_1_414' title='bbox 2314 2214 2728 2284; x_wconf 83' lang='grc' dir='ltr'>ἐλαχιστοτέραν</span> <span class='ocrx_word' id='word_1_415' title='bbox 2777 2214 2931 2266; x_wconf 76' lang='grc' dir='ltr'>πόλιν</span> <span class='ocrx_word' id='word_1_416' title='bbox 2978 2214 3276 2268; x_wconf 78' lang='grc' dir='ltr'>ἐσπούδασε</span> <span class='ocrx_word' id='word_1_417' title='bbox 3344 2214 3711 2285; x_wconf 80' lang='grc' dir='ltr'>μεταστῆναι·</span> <span class='ocrx_word' id='word_1_418' title='bbox 3764 2215 3872 2268; x_wconf 71' lang='grc' dir='ltr'>ὅθεν</span> 
     </span>
    </p>
   </div>
   <div class='ocr_carea' id='block_1_64' title="bbox 2316 2304 3871 2376">
    <p class='ocr_par' dir='ltr' id='par_1_64' title="bbox 2316 2304 3871 2376">
     <span class='ocr_line' id='line_1_64' title="bbox 2316 2304 3871 2376; baseline -0.001 -19"><span class='ocrx_word' id='word_1_419' title='bbox 2316 2308 2611 2375; x_wconf 72' lang='grc' dir='ltr'>συνέστηκε</span> <span class='ocrx_word' id='word_1_420' title='bbox 2643 2304 2891 2376; x_wconf 82' lang='grc' dir='ltr'>διαπύρῳ</span> <span class='ocrx_word' id='word_1_421' title='bbox 2923 2306 3239 2371; x_wconf 79' lang='grc' dir='ltr'>πλεονεξίας</span> <span class='ocrx_word' id='word_1_422' title='bbox 3270 2306 3453 2373; x_wconf 80' lang='grc' dir='ltr'>τρόπῳ</span> <span class='ocrx_word' id='word_1_423' title='bbox 3492 2306 3871 2358; x_wconf 84' lang='grc' dir='ltr'>ύπεκκαίεσθαι</span> 
     </span>
    </p>
   </div>
   <div class='ocr_carea' id='block_1_65' title="bbox 2313 2396 3865 2467">
    <p class='ocr_par' dir='ltr' id='par_1_65' title="bbox 2313 2396 3865 2467">
     <span class='ocr_line' id='line_1_65' title="bbox 2313 2396 3865 2467; baseline -0.001 -20"><span class='ocrx_word' id='word_1_424' title='bbox 2313 2398 2439 2459; x_wconf 82' lang='grc' dir='ltr'>τοὺς</span> <span class='ocrx_word' id='word_1_425' title='bbox 2469 2396 2774 2460; x_wconf 85' lang='grc' dir='ltr'>τοιούτους,</span> <span class='ocrx_word' id='word_1_426' title='bbox 2807 2398 2901 2449; x_wconf 77' lang='grc' dir='ltr'>καὶ</span> <span class='ocrx_word' id='word_1_427' title='bbox 2936 2399 3135 2466; x_wconf 80' lang='grc' dir='ltr'>μᾶλλον</span> <span class='ocrx_word' id='word_1_428' title='bbox 3164 2400 3232 2467; x_wconf 82' lang='grc' dir='ltr'>τῇ</span> <span class='ocrx_word' id='word_1_429' title='bbox 3267 2398 3559 2467; x_wconf 75' lang='grc' dir='ltr'>ἀλαζονείᾳ</span> <span class='ocrx_word' id='word_1_430' title='bbox 3592 2397 3865 2459; x_wconf 65' lang='grc' dir='ltr'>δουλεύειν,</span> 
     </span>
    </p>
   </div>
   <div class='ocr_carea' id='block_1_66' title="bbox 2314 2489 3869 2559">
    <p class='ocr_par' dir='ltr' id='par_1_66' title="bbox 2314 2489 3869 2559">
     <span class='ocr_line' id='line_1_66' title="bbox 2314 2489 3869 2559; baseline -0.003 -16"><span class='ocrx_word' id='word_1_431' title='bbox 2314 2491 2461 2553; x_wconf 85' lang='grc' dir='ltr'>ὅπως</span> <span class='ocrx_word' id='word_1_432' title='bbox 2490 2489 2736 2553; x_wconf 77' lang='grc' dir='ltr'>ἐξουσίαν</span> <span class='ocrx_word' id='word_1_433' title='bbox 2780 2491 2988 2542; x_wconf 65' lang='grc' dir='ltr'>δοκοῖεν</span> <span class='ocrx_word' id='word_1_434' title='bbox 3035 2491 3258 2559; x_wconf 79' lang='grc' dir='ltr'>μείζονα</span> <span class='ocrx_word' id='word_1_435' title='bbox 3288 2489 3610 2556; x_wconf 75' lang='grc' dir='ltr'>κεκτῆσθαι.</span> <span class='ocrx_word' id='word_1_436' title='bbox 3662 2490 3721 2541; x_wconf 80' lang='grc' dir='ltr'>Εἰ</span> <span class='ocrx_word' id='word_1_437' title='bbox 3754 2490 3869 2541; x_wconf 68' lang='grc' dir='ltr'>πᾶσι</span> 
     </span>
    </p>
   </div>
   <div class='ocr_carea' id='block_1_67' title="bbox 2312 2582 3869 2652">
    <p class='ocr_par' dir='ltr' id='par_1_67' title="bbox 2312 2582 3869 2652">
     <span class='ocr_line' id='line_1_67' title="bbox 2312 2582 3869 2652; baseline -0.001 -18"><span class='ocrx_word' id='word_1_438' title='bbox 2312 2582 2490 2635; x_wconf 80' lang='grc' dir='ltr'>τοίνυν</span> <span class='ocrx_word' id='word_1_439' title='bbox 2522 2583 2679 2635; x_wconf 78' lang='grc' dir='ltr'>τοῦτο</span> <span class='ocrx_word' id='word_1_440' title='bbox 2710 2583 2958 2652; x_wconf 81' lang='grc' dir='ltr'>ἀρέσκει,</span> <span class='ocrx_word' id='word_1_441' title='bbox 2994 2582 3131 2636; x_wconf 81' lang='grc' dir='ltr'>ὥστε</span> <span class='ocrx_word' id='word_1_442' title='bbox 3178 2583 3275 2652; x_wconf 74' lang='grc' dir='ltr'>τὴν</span> <span class='ocrx_word' id='word_1_443' title='bbox 3307 2582 3561 2652; x_wconf 82' lang='grc' dir='ltr'>τοιαύτην</span> <span class='ocrx_word' id='word_1_444' title='bbox 3594 2582 3869 2651; x_wconf 74' lang='grc' dir='ltr'>σκαιότητα</span> 
     </span>
    </p>
   </div>
   <div class='ocr_carea' id='block_1_68' title="bbox 2313 2672 3866 2745">
    <p class='ocr_par' dir='ltr' id='par_1_68' title="bbox 2313 2672 3866 2745">
     <span class='ocr_line' id='line_1_68' title="bbox 2313 2672 3866 2745; baseline -0.001 -18"><span class='ocrx_word' id='word_1_445' title='bbox 2313 2674 2709 2744; x_wconf 76' lang='grc' dir='ltr'>αὐστηρότερον</span> <span class='ocrx_word' id='word_1_446' title='bbox 2738 2674 3125 2744; x_wconf 75' lang='grc' dir='ltr'>ἐκδικηθῆναι,</span> <span class='ocrx_word' id='word_1_447' title='bbox 3172 2672 3411 2743; x_wconf 76' lang='grc' dir='ltr'>ἡγοῦμαι</span> <span class='ocrx_word' id='word_1_448' title='bbox 3458 2676 3565 2745; x_wconf 76' lang='grc' dir='ltr'>γὰρ</span> <span class='ocrx_word' id='word_1_449' title='bbox 3601 2674 3733 2744; x_wconf 86' lang='grc' dir='ltr'><strong>μηδέ</strong></span> <span class='ocrx_word' id='word_1_450' title='bbox 3764 2675 3866 2725; x_wconf 86' lang='grc' dir='ltr'>λαῖ-</span> 
     </span>
    </p>
   </div>
   <div class='ocr_carea' id='block_1_69' title="bbox 2313 2762 3605 2835">
    <p class='ocr_par' dir='ltr' id='par_1_69' title="bbox 2313 2762 3605 2835">
     <span class='ocr_line' id='line_1_69' title="bbox 2313 2762 3605 2835; baseline -0.002 -18"><span class='ocrx_word' id='word_1_451' title='bbox 2313 2765 2427 2818; x_wconf 87' lang='grc' dir='ltr'>κῶν</span> <span class='ocrx_word' id='word_1_452' title='bbox 2454 2764 2596 2835; x_wconf 76' lang='grc' dir='ltr'>ἔχειν</span> <span class='ocrx_word' id='word_1_453' title='bbox 2623 2765 2747 2827; x_wconf 81' lang='grc' dir='ltr'>τοὺς</span> <span class='ocrx_word' id='word_1_454' title='bbox 2773 2764 3046 2827; x_wconf 79' lang='grc' dir='ltr'>τοιούτους</span> <span class='ocrx_word' id='word_1_455' title='bbox 3075 2766 3269 2833; x_wconf 77' lang='grc' dir='ltr'>χρῆναι</span> <span class='ocrx_word' id='word_1_456' title='bbox 3298 2762 3605 2815; x_wconf 83' lang='grc' dir='ltr'>κοινωνίαν.</span> 
     </span>
    </p>
   </div>
   <div class='ocr_carea' id='block_1_70' title="bbox 2386 2852 3862 2927">
    <p class='ocr_par' dir='ltr' id='par_1_70' title="bbox 2386 2852 3862 2927">
     <span class='ocr_line' id='line_1_70' title="bbox 2386 2852 3862 2927; baseline -0.001 -17"><span class='ocrx_word' id='word_1_457' title='bbox 2386 2859 2661 2920; x_wconf 83' lang='grc' dir='ltr'>Ἀπαντες</span> <span class='ocrx_word' id='word_1_458' title='bbox 2704 2858 2753 2910; x_wconf 89' lang='grc' dir='ltr'><strong>οἰ</strong></span> <span class='ocrx_word' id='word_1_459' title='bbox 2821 2858 3110 2911; x_wconf 80' lang='grc' dir='ltr'>ἐπίσκοποι</span> <span class='ocrx_word' id='word_1_460' title='bbox 3170 2852 3359 2910; x_wconf 78' lang='grc' dir='ltr'>εἰπονο</span> <span class='ocrx_word' id='word_1_461' title='bbox 3429 2854 3600 2908; x_wconf 77' lang='grc' dir='ltr'>Τοῦτο</span> <span class='ocrx_word' id='word_1_462' title='bbox 3667 2855 3862 2927; x_wconf 82' lang='grc' dir='ltr'>ἀρέσκει</span> 
     </span>
    </p>
   </div>
   <div class='ocr_carea' id='block_1_71' title="bbox 2314 2953 2502 3005">
    <p class='ocr_par' dir='ltr' id='par_1_71' title="bbox 2314 2953 2502 3005">
     <span class='ocr_line' id='line_1_71' title="bbox 2314 2953 2502 3005; baseline 0.005 -1"><span class='ocrx_word' id='word_1_463' title='bbox 2314 2953 2502 3005; x_wconf 84' lang='grc' dir='ltr'>πᾶσιν.</span> 
     </span>
    </p>
   </div>
   <div class='ocr_carea' id='block_1_72' title="bbox 2389 3057 3865 3132">
    <p class='ocr_par' dir='ltr' id='par_1_72' title="bbox 2389 3057 3865 3132">
     <span class='ocr_line' id='line_1_72' title="bbox 2389 3057 3865 3132; baseline -0.004 -16"><span class='ocrx_word' id='word_1_464' title='bbox 2389 3061 2454 3132; x_wconf 85' lang='grc' dir='ltr'><strong>β’.</strong></span> <span class='ocrx_word' id='word_1_465' title='bbox 2495 3062 2681 3127; x_wconf 87' lang='grc' dir='ltr'>Ὅσιος</span> <span class='ocrx_word' id='word_1_466' title='bbox 2728 3062 3024 3125; x_wconf 77' lang='grc' dir='ltr'>ἐπίσκοπος</span> <span class='ocrx_word' id='word_1_467' title='bbox 3073 3057 3246 3115; x_wconf 74' lang='grc' dir='ltr'>εἶπεν·</span> <span class='ocrx_word' id='word_1_468' title='bbox 3296 3061 3361 3114; x_wconf 84' lang='grc' dir='ltr'><strong>Εἰ</strong></span> <span class='ocrx_word' id='word_1_469' title='bbox 3408 3060 3465 3114; x_wconf 80' lang='grc' dir='ltr'>δέ</span> <span class='ocrx_word' id='word_1_470' title='bbox 3513 3077 3599 3123; x_wconf 84' lang='grc' dir='ltr'><strong>τις</strong></span> <span class='ocrx_word' id='word_1_471' title='bbox 3654 3058 3865 3121; x_wconf 65' lang='lat' dir='ltr'><strong>ceto-3:0;</strong></span> 
     </span>
    </p>
   </div>
   <div class='ocr_carea' id='block_1_73' title="bbox 2240 3149 3865 3225">
    <p class='ocr_par' dir='ltr' id='par_1_73' title="bbox 2240 3149 3865 3225">
     <span class='ocr_line' id='line_1_73' title="bbox 2240 3149 3865 3225; baseline -0.003 -18"><span class='ocrx_word' id='word_1_472' title='bbox 2240 3165 2283 3225; x_wconf 66' lang='grc' dir='ltr'>(ς</span> <span class='ocrx_word' id='word_1_473' title='bbox 2316 3153 2624 3225; x_wconf 82' lang='grc' dir='ltr'>εὑρίσκοιτο</span> <span class='ocrx_word' id='word_1_474' title='bbox 2652 3152 2927 3225; x_wconf 85' lang='grc' dir='ltr'>μανιώδης</span> <span class='ocrx_word' id='word_1_475' title='bbox 2949 3153 2982 3224; x_wconf 81' lang='grc' dir='ltr'>ἢ</span> <span class='ocrx_word' id='word_1_476' title='bbox 3008 3152 3299 3222; x_wconf 77' lang='grc' dir='ltr'>τολμηρὸς,</span> <span class='ocrx_word' id='word_1_477' title='bbox 3322 3152 3397 3216; x_wconf 84' lang='grc' dir='ltr'>ὡς</span> <span class='ocrx_word' id='word_1_478' title='bbox 3421 3155 3548 3224; x_wconf 72' lang='grc' dir='ltr'>περὶ</span> <span class='ocrx_word' id='word_1_479' title='bbox 3577 3151 3686 3204; x_wconf 84' lang='grc' dir='ltr'>τῶν</span> <span class='ocrx_word' id='word_1_480' title='bbox 3719 3149 3865 3203; x_wconf 74' lang='grc' dir='ltr'>τοιού-</span> 
     </span>
    </p>
   </div>
   <div class='ocr_carea' id='block_1_74' title="bbox 2318 3240 3865 3314">
    <p class='ocr_par' dir='ltr' id='par_1_74' title="bbox 2318 3240 3865 3314">
     <span class='ocr_line' id='line_1_74' title="bbox 2318 3240 3865 3314; baseline -0.005 -16"><span class='ocrx_word' id='word_1_481' title='bbox 2318 3262 2426 3298; x_wconf 88' lang='grc' dir='ltr'><strong>των</strong></span> <span class='ocrx_word' id='word_1_482' title='bbox 2462 3243 2610 3309; x_wconf 81' lang='grc' dir='ltr'>δόξαι</span> <span class='ocrx_word' id='word_1_483' title='bbox 2637 3244 2758 3297; x_wconf 82' lang='grc' dir='ltr'>τινὰ</span> <span class='ocrx_word' id='word_1_484' title='bbox 2804 3243 2990 3314; x_wconf 79' lang='grc' dir='ltr'>φέρειν</span> <span class='ocrx_word' id='word_1_485' title='bbox 3026 3243 3376 3314; x_wconf 86' lang='grc' dir='ltr'>παραίτησιν,</span> <span class='ocrx_word' id='word_1_486' title='bbox 3420 3240 3865 3311; x_wconf 63' lang='grc' dir='ltr'>διαϐεϐαιούμενοι</span> 
     </span>
    </p>
   </div>
   <div class='ocr_carea' id='block_1_75' title="bbox 2318 3332 3867 3406">
    <p class='ocr_par' dir='ltr' id='par_1_75' title="bbox 2318 3332 3867 3406">
     <span class='ocr_line' id='line_1_75' title="bbox 2318 3332 3867 3406; baseline -0.003 -17"><span class='ocrx_word' id='word_1_487' title='bbox 2318 3337 2425 3389; x_wconf 83' lang='grc' dir='ltr'>ἀπὸ</span> <span class='ocrx_word' id='word_1_488' title='bbox 2452 3336 2545 3391; x_wconf 80' lang='grc' dir='ltr'>τοῦ</span> <span class='ocrx_word' id='word_1_489' title='bbox 2578 3336 2812 3405; x_wconf 87' lang='grc' dir='ltr'>πλήθους</span> <span class='ocrx_word' id='word_1_490' title='bbox 2843 3336 3035 3388; x_wconf 78' lang='grc' dir='ltr'>ἐαυτὸν</span> <span class='ocrx_word' id='word_1_491' title='bbox 3066 3335 3393 3405; x_wconf 85' lang='grc' dir='ltr'>κεκομίσθαι</span> <span class='ocrx_word' id='word_1_492' title='bbox 3426 3337 3726 3406; x_wconf 66' lang='grc' dir='ltr'>γράμματα</span> <span class='ocrx_word' id='word_1_493' title='bbox 3747 3374 3761 3396; x_wconf 91' lang='grc'><strong>,</strong></span> <span class='ocrx_word' id='word_1_494' title='bbox 3791 3332 3867 3401; x_wconf 76' lang='grc' dir='ltr'><strong>δῆ-</strong></span> 
     </span>
    </p>
   </div>
   <div class='ocr_carea' id='block_1_76' title="bbox 2318 3426 3866 3497">
    <p class='ocr_par' dir='ltr' id='par_1_76' title="bbox 2318 3426 3866 3497">
     <span class='ocr_line' id='line_1_76' title="bbox 2318 3426 3866 3497; baseline -0.003 -16"><span class='ocrx_word' id='word_1_495' title='bbox 2318 3428 2409 3481; x_wconf 85' lang='grc' dir='ltr'>λόν</span> <span class='ocrx_word' id='word_1_496' title='bbox 2437 3429 2584 3482; x_wconf 86' lang='grc' dir='ltr'>ἐστιν</span> <span class='ocrx_word' id='word_1_497' title='bbox 2608 3427 2822 3496; x_wconf 84' lang='grc' dir='ltr'>ὀλίγους</span> <span class='ocrx_word' id='word_1_498' title='bbox 2848 3428 3001 3492; x_wconf 77' lang='grc' dir='ltr'>τινας</span> <span class='ocrx_word' id='word_1_499' title='bbox 3030 3427 3369 3497; x_wconf 78' lang='grc' dir='ltr'>δεδυνῆσθαι,</span> <span class='ocrx_word' id='word_1_500' title='bbox 3409 3426 3586 3496; x_wconf 84' lang='grc' dir='ltr'>μισθῷ</span> <span class='ocrx_word' id='word_1_501' title='bbox 3618 3427 3708 3478; x_wconf 74' lang='grc' dir='ltr'>καὶ</span> <span class='ocrx_word' id='word_1_502' title='bbox 3729 3426 3866 3493; x_wconf 77' lang='grc' dir='ltr'>τιμή·</span> 
     </span>
    </p>
   </div>
   <div class='ocr_carea' id='block_1_77' title="bbox 2324 3515 3865 3589">
    <p class='ocr_par' dir='ltr' id='par_1_77' title="bbox 2324 3515 3865 3589">
     <span class='ocr_line' id='line_1_77' title="bbox 2324 3515 3865 3589; baseline -0.005 -16"><span class='ocrx_word' id='word_1_503' title='bbox 2324 3537 2454 3589; x_wconf 87' lang='grc' dir='ltr'>ματι</span> <span class='ocrx_word' id='word_1_504' title='bbox 2484 3518 2915 3589; x_wconf 80' lang='grc' dir='ltr'>διαφθαρέντας,</span> <span class='ocrx_word' id='word_1_505' title='bbox 2946 3520 3004 3571; x_wconf 86' lang='grc' dir='ltr'><strong>ἐν</strong></span> <span class='ocrx_word' id='word_1_506' title='bbox 3030 3521 3097 3589; x_wconf 79' lang='grc' dir='ltr'>τῇ</span> <span class='ocrx_word' id='word_1_507' title='bbox 3139 3517 3404 3589; x_wconf 76' lang='grc' dir='ltr'>ἐκκλησίᾳ</span> <span class='ocrx_word' id='word_1_508' title='bbox 3442 3518 3767 3581; x_wconf 76' lang='grc' dir='ltr'>στασιάζειν,</span> <span class='ocrx_word' id='word_1_509' title='bbox 3806 3515 3865 3575; x_wconf 83' lang='grc' dir='ltr'>ὼς</span> 
     </span>
    </p>
   </div>
   <div class='ocr_carea' id='block_1_78' title="bbox 2319 3608 3864 3682">
    <p class='ocr_par' dir='ltr' id='par_1_78' title="bbox 2319 3608 3864 3682">
     <span class='ocr_line' id='line_1_78' title="bbox 2319 3608 3864 3682; baseline -0.005 -17"><span class='ocrx_word' id='word_1_510' title='bbox 2319 3612 2484 3681; x_wconf 80' lang='grc' dir='ltr'>δῆθεν</span> <span class='ocrx_word' id='word_1_511' title='bbox 2529 3613 2621 3665; x_wconf 80' lang='grc' dir='ltr'>τὸν</span> <span class='ocrx_word' id='word_1_512' title='bbox 2668 3614 2827 3666; x_wconf 76' lang='grc' dir='ltr'>αὐτὸν</span> <span class='ocrx_word' id='word_1_513' title='bbox 2864 3612 3007 3682; x_wconf 73' lang='grc' dir='ltr'>ἔχειν</span> <span class='ocrx_word' id='word_1_514' title='bbox 3042 3612 3340 3665; x_wconf 88' lang='grc' dir='ltr'>ἐπίσκοπον</span> <span class='ocrx_word' id='word_1_515' title='bbox 3379 3611 3682 3675; x_wconf 83' lang='grc' dir='ltr'>ἀξιοῦντας.</span> <span class='ocrx_word' id='word_1_516' title='bbox 3740 3608 3864 3661; x_wconf 78' lang='grc' dir='ltr'>Καθ-</span> 
     </span>
    </p>
   </div>
   <div class='ocr_carea' id='block_1_79' title="bbox 2322 3699 3861 3776">
    <p class='ocr_par' dir='ltr' id='par_1_79' title="bbox 2322 3699 3861 3776">
     <span class='ocr_line' id='line_1_79' title="bbox 2322 3699 3861 3776; baseline -0.006 -18"><span class='ocrx_word' id='word_1_517' title='bbox 2322 3704 2469 3769; x_wconf 87' lang='grc' dir='ltr'>άπαξ</span> <span class='ocrx_word' id='word_1_518' title='bbox 2507 3700 2599 3758; x_wconf 74' lang='grc' dir='ltr'>οὖν</span> <span class='ocrx_word' id='word_1_519' title='bbox 2642 3707 2739 3769; x_wconf 69' lang='grc' dir='ltr'>τὰς</span> <span class='ocrx_word' id='word_1_520' title='bbox 2785 3705 3043 3767; x_wconf 87' lang='grc' dir='ltr'>τοιαύτας</span> <span class='ocrx_word' id='word_1_521' title='bbox 3094 3704 3445 3776; x_wconf 67' lang='grc' dir='ltr'>ῥᾳδιουργίας</span> <span class='ocrx_word' id='word_1_522' title='bbox 3478 3704 3572 3756; x_wconf 70' lang='grc' dir='ltr'>καὶ</span> <span class='ocrx_word' id='word_1_523' title='bbox 3610 3702 3786 3771; x_wconf 79' lang='grc' dir='ltr'>τέχνας</span> <span class='ocrx_word' id='word_1_524' title='bbox 3814 3699 3861 3750; x_wconf 75' lang='grc' dir='ltr'>οὐ</span> 
     </span>
    </p>
   </div>
   <div class='ocr_carea' id='block_1_80' title="bbox 2318 3790 3861 3867">
    <p class='ocr_par' dir='ltr' id='par_1_80' title="bbox 2318 3790 3861 3867">
     <span class='ocr_line' id='line_1_80' title="bbox 2318 3790 3861 3867; baseline -0.006 -17"><span class='ocrx_word' id='word_1_525' title='bbox 2318 3798 2563 3860; x_wconf 88' lang='grc' dir='ltr'>δεκτέας,</span> <span class='ocrx_word' id='word_1_526' title='bbox 2588 3796 2723 3849; x_wconf 87' lang='grc' dir='ltr'><strong>ἀλλά</strong></span> <span class='ocrx_word' id='word_1_527' title='bbox 2757 3797 2958 3867; x_wconf 81' lang='grc' dir='ltr'>μᾶλλον</span> <span class='ocrx_word' id='word_1_528' title='bbox 2986 3796 3285 3859; x_wconf 86' lang='grc' dir='ltr'>κολαστέας</span> <span class='ocrx_word' id='word_1_529' title='bbox 3321 3790 3461 3849; x_wconf 71' lang='grc' dir='ltr'>εἶναι</span> <span class='ocrx_word' id='word_1_530' title='bbox 3488 3794 3708 3865; x_wconf 74' lang='grc' dir='ltr'>νομίζω,</span> <span class='ocrx_word' id='word_1_531' title='bbox 3747 3792 3861 3844; x_wconf 69' lang='grc' dir='ltr'>ὥστε</span> 
     </span>
    </p>
   </div>
   <div class='ocr_carea' id='block_1_81' title="bbox 2326 3882 3861 3960">
    <p class='ocr_par' dir='ltr' id='par_1_81' title="bbox 2326 3882 3861 3960">
     <span class='ocr_line' id='line_1_81' title="bbox 2326 3882 3861 3960; baseline -0.006 -18"><span class='ocrx_word' id='word_1_532' title='bbox 2326 3890 2530 3960; x_wconf 76' lang='grc' dir='ltr'>μηδένα</span> <span class='ocrx_word' id='word_1_533' title='bbox 2557 3888 2795 3942; x_wconf 79' lang='grc' dir='ltr'>τοιοῦτον</span> <span class='ocrx_word' id='word_1_534' title='bbox 2821 3889 2952 3959; x_wconf 85' lang='grc' dir='ltr'><strong>μηδέ</strong></span> <span class='ocrx_word' id='word_1_535' title='bbox 2974 3890 3030 3941; x_wconf 86' lang='grc' dir='ltr'><strong>ἐν</strong></span> <span class='ocrx_word' id='word_1_536' title='bbox 3056 3889 3134 3959; x_wconf 84' lang='grc' dir='ltr'>τῷ</span> <span class='ocrx_word' id='word_1_537' title='bbox 3158 3889 3301 3941; x_wconf 83' lang='grc' dir='ltr'>τέλει</span> <span class='ocrx_word' id='word_1_538' title='bbox 3329 3888 3528 3955; x_wconf 78' lang='grc' dir='ltr'>λαῐκῆς</span> <span class='ocrx_word' id='word_1_539' title='bbox 3560 3886 3685 3955; x_wconf 77' lang='grc' dir='ltr'>γοῦν</span> <span class='ocrx_word' id='word_1_540' title='bbox 3712 3882 3861 3947; x_wconf 74' lang='grc' dir='ltr'>ἀξιοῦο</span> 
     </span>
    </p>
   </div>
   <div class='ocr_carea' id='block_1_82' title="bbox 2325 3974 3857 4051">
    <p class='ocr_par' dir='ltr' id='par_1_82' title="bbox 2325 3974 3857 4051">
     <span class='ocr_line' id='line_1_82' title="bbox 2325 3974 3857 4051; baseline -0.007 -15"><span class='ocrx_word' id='word_1_541' title='bbox 2325 3983 2449 4036; x_wconf 90' lang='grc' dir='ltr'>σθαι</span> <span class='ocrx_word' id='word_1_542' title='bbox 2486 3980 2787 4044; x_wconf 87' lang='grc' dir='ltr'>κοινωνίας.</span> <span class='ocrx_word' id='word_1_543' title='bbox 2829 3981 2891 4033; x_wconf 86' lang='grc' dir='ltr'><strong>Εί</strong></span> <span class='ocrx_word' id='word_1_544' title='bbox 2921 3980 3101 4034; x_wconf 85' lang='grc' dir='ltr'>τοίνυν</span> <span class='ocrx_word' id='word_1_545' title='bbox 3145 3979 3369 4051; x_wconf 84' lang='grc' dir='ltr'>ἀρέσκει</span> <span class='ocrx_word' id='word_1_546' title='bbox 3418 3978 3559 4048; x_wconf 75' lang='grc' dir='ltr'>αὕτη</span> <span class='ocrx_word' id='word_1_547' title='bbox 3609 3974 3857 4048; x_wconf 74' lang='grc' dir='ltr'>ἠγνώμη,</span> 
     </span>
    </p>
   </div>
   <div class='ocr_carea' id='block_1_83' title="bbox 2324 4069 2713 4141">
    <p class='ocr_par' dir='ltr' id='par_1_83' title="bbox 2324 4069 2713 4141">
     <span class='ocr_line' id='line_1_83' title="bbox 2324 4069 2713 4141; baseline -0.008 -15"><span class='ocrx_word' id='word_1_548' title='bbox 2324 4069 2713 4141; x_wconf 85' lang='grc' dir='ltr'>ἀποκρίνασθε.</span> 
     </span>
    </p>
   </div>
   <div class='ocr_carea' id='block_1_84' title="bbox 2403 4159 3485 4233">
    <p class='ocr_par' dir='ltr' id='par_1_84' title="bbox 2403 4159 3485 4233">
     <span class='ocr_line' id='line_1_84' title="bbox 2403 4159 3485 4233; baseline -0.002 -17"><span class='ocrx_word' id='word_1_549' title='bbox 2403 4160 2831 4233; x_wconf 68' lang='grc' dir='ltr'>’Δπεκρίναντοξ·</span> <span class='ocrx_word' id='word_1_550' title='bbox 2864 4160 2946 4213; x_wconf 69' lang='grc' dir='ltr'><strong>Τὰ</strong></span> <span class='ocrx_word' id='word_1_551' title='bbox 2973 4160 3235 4230; x_wconf 84' lang='grc' dir='ltr'>λεχθέντα</span> <span class='ocrx_word' id='word_1_552' title='bbox 3268 4159 3485 4229; x_wconf 71' lang='grc' dir='ltr'>ἤρεσεν.</span> 
     </span>
    </p>
   </div>
   <div class='ocr_carea' id='block_1_85' title="bbox 2398 4247 3850 4315">
    <p class='ocr_par' dir='ltr' id='par_1_85' title="bbox 2398 4247 3850 4315">
     <span class='ocr_line' id='line_1_85' title="bbox 2398 4247 3850 4315; baseline -0.008 -8"><span class='ocrx_word' id='word_1_553' title='bbox 2398 4260 2479 4310; x_wconf 79' lang='grc' dir='ltr'>ιε’.</span> <span class='ocrx_word' id='word_1_554' title='bbox 2516 4254 2705 4315; x_wconf 82' lang='grc' dir='ltr'>Ὅσιος</span> <span class='ocrx_word' id='word_1_555' title='bbox 2748 4252 3046 4315; x_wconf 80' lang='grc' dir='ltr'>ἐπίσκοπος</span> <span class='ocrx_word' id='word_1_556' title='bbox 3094 4247 3237 4304; x_wconf 74' lang='grc' dir='ltr'>εἷπε·</span> <span class='ocrx_word' id='word_1_557' title='bbox 3275 4251 3387 4305; x_wconf 74' lang='grc' dir='ltr'><strong>Καὶ</strong></span> <span class='ocrx_word' id='word_1_558' title='bbox 3420 4252 3581 4305; x_wconf 81' lang='grc' dir='ltr'>τοῦτο</span> <span class='ocrx_word' id='word_1_559' title='bbox 3613 4251 3663 4304; x_wconf 82' lang='grc' dir='ltr'>δὲ</span> <span class='ocrx_word' id='word_1_560' title='bbox 3692 4249 3850 4306; x_wconf 71' lang='grc' dir='ltr'>πάντες</span> 
     </span>
    </p>
   </div>
   <div class='ocr_carea' id='block_1_86' title="bbox 2322 4339 3849 4418">
    <p class='ocr_par' dir='ltr' id='par_1_86' title="bbox 2322 4339 3849 4418">
     <span class='ocr_line' id='line_1_86' title="bbox 2322 4339 3849 4418; baseline -0.007 -19"><span class='ocrx_word' id='word_1_561' title='bbox 2322 4346 2617 4418; x_wconf 84' lang='grc' dir='ltr'>δρίσωμεν,</span> <span class='ocrx_word' id='word_1_562' title='bbox 2648 4345 2733 4397; x_wconf 74' lang='grc' dir='ltr'><strong>ἵνα</strong></span> <span class='ocrx_word' id='word_1_563' title='bbox 2765 4344 2819 4396; x_wconf 81' lang='grc' dir='ltr'><strong>εί</strong></span> <span class='ocrx_word' id='word_1_564' title='bbox 2842 4360 2926 4407; x_wconf 90' lang='grc' dir='ltr'><strong>τις</strong></span> <span class='ocrx_word' id='word_1_565' title='bbox 2957 4344 3257 4407; x_wconf 87' lang='grc' dir='ltr'>ἐπίσκοπος</span> <span class='ocrx_word' id='word_1_566' title='bbox 3295 4344 3353 4409; x_wconf 79' lang='grc' dir='ltr'><strong>ἐξ</strong></span> <span class='ocrx_word' id='word_1_567' title='bbox 3385 4344 3577 4414; x_wconf 83' lang='grc' dir='ltr'>ἐτέρας</span> <span class='ocrx_word' id='word_1_568' title='bbox 3606 4339 3849 4411; x_wconf 69' lang='grc' dir='ltr'>παροικίας</span> 
     </span>
    </p>
   </div>
   <div class='ocr_carea' id='block_1_87' title="bbox 2328 4435 3846 4509">
    <p class='ocr_par' dir='ltr' id='par_1_87' title="bbox 2328 4435 3846 4509">
     <span class='ocr_line' id='line_1_87' title="bbox 2328 4435 3846 4509; baseline -0.007 -18"><span class='ocrx_word' id='word_1_569' title='bbox 2328 4438 2561 4509; x_wconf 83' lang='grc' dir='ltr'>βουληθῇ</span> <span class='ocrx_word' id='word_1_570' title='bbox 2608 4438 2885 4508; x_wconf 86' lang='grc' dir='ltr'>ἀλλότριον</span> <span class='ocrx_word' id='word_1_571' title='bbox 2957 4435 3268 4506; x_wconf 79' lang='grc' dir='ltr'>ὑπηρέτην,</span> <span class='ocrx_word' id='word_1_572' title='bbox 3322 4436 3493 4506; x_wconf 79' lang='grc' dir='ltr'>χωρὶς</span> <span class='ocrx_word' id='word_1_573' title='bbox 3536 4438 3631 4506; x_wconf 84' lang='grc' dir='ltr'>τῆς</span> <span class='ocrx_word' id='word_1_574' title='bbox 3688 4446 3846 4498; x_wconf 72' lang='grc' dir='ltr'>συγκα-</span> 
     </span>
    </p>
   </div>
   <div class='ocr_carea' id='block_1_88' title="bbox 646 4484 2215 4598">
    <p class='ocr_par' dir='ltr' id='par_1_88' title="bbox 646 4484 2215 4598">
     <span class='ocr_line' id='line_1_88' title="bbox 646 4484 2215 4561; baseline -0.006 -15"><span class='ocrx_word' id='word_1_575' title='bbox 646 4493 883 4561; x_wconf 88' lang='lat' dir='ltr'><strong>episcopi</strong></span> <span class='ocrx_word' id='word_1_576' title='bbox 924 4493 978 4545; x_wconf 92' lang='lat' dir='ltr'><strong>in</strong></span> <span class='ocrx_word' id='word_1_577' title='bbox 1020 4492 1204 4560; x_wconf 87' lang='lat' dir='ltr'><strong>aliquo</strong></span> <span class='ocrx_word' id='word_1_578' title='bbox 1238 4492 1407 4560; x_wconf 76' lang='lat' dir='ltr'><strong>gradu</strong></span> <span class='ocrx_word' id='word_1_579' title='bbox 1446 4488 1799 4550; x_wconf 88' lang='lat' dir='ltr'><strong>constituere,</strong></span> <span class='ocrx_word' id='word_1_580' title='bbox 1852 4487 2005 4539; x_wconf 88' lang='lat' dir='ltr'><strong>irrita</strong></span> <span class='ocrx_word' id='word_1_581' title='bbox 2032 4493 2087 4538; x_wconf 90' lang='lat' dir='ltr'><strong>et</strong></span> <span class='ocrx_word' id='word_1_582' title='bbox 2133 4484 2215 4537; x_wconf 90' lang='lat' dir='ltr'><strong>in-</strong></span> 
     </span>
     <span class='ocr_line' id='line_1_89' title="bbox 651 4577 2185 4598; baseline 0 0"><span class='ocrx_word' id='word_1_583' title='bbox 651 4586 677 4598; x_wconf 81' lang='lat' dir='ltr'><strong><em>n</em></strong></span> <span class='ocrx_word' id='word_1_584' title='bbox 875 4586 885 4596; x_wconf 76' lang='grc' dir='ltr'>ι</span> <span class='ocrx_word' id='word_1_585' title='bbox 1077 4585 1107 4598; x_wconf 75' lang='grc' dir='ltr'>ιι</span> <span class='ocrx_word' id='word_1_586' title='bbox 1276 4588 1330 4598; x_wconf 78' lang='grc'><strong>.--</strong></span> <span class='ocrx_word' id='word_1_587' title='bbox 1382 4583 1443 4598; x_wconf 36' lang='grc' dir='ltr'><strong>,ιν</strong></span> <span class='ocrx_word' id='word_1_588' title='bbox 1511 4597 1514 4598; x_wconf 64' lang='lat'>,</span> <span class='ocrx_word' id='word_1_589' title='bbox 1570 4580 1708 4598; x_wconf 45' lang='grc'><strong>·,-9..,</strong></span> <span class='ocrx_word' id='word_1_590' title='bbox 1736 4588 1839 4598; x_wconf 51' lang='grc' dir='ltr'>..μη</span> <span class='ocrx_word' id='word_1_591' title='bbox 1898 4578 1951 4598; x_wconf 71' lang='lat' dir='ltr'><strong>L‘:</strong></span> <span class='ocrx_word' id='word_1_592' title='bbox 1993 4577 2075 4598; x_wconf 61' lang='lat'><strong>,_--!</strong></span> <span class='ocrx_word' id='word_1_593' title='bbox 2121 4593 2185 4598; x_wconf 80' lang='lat'><strong>-_-</strong></span> 
     </span>
    </p>
   </div>
   <div class='ocr_carea' id='block_1_89' title="bbox 2313 4484 3845 4598">
    <p class='ocr_par' dir='ltr' id='par_1_89' title="bbox 2322 4484 3845 4598">
     <span class='ocr_line' id='line_1_90' title="bbox 2328 4484 3763 4509; baseline -0.003 0"><span class='ocrx_word' id='word_1_594' title='bbox 2328 4484 2561 4509; x_wconf 68' lang='grc' dir='ltr'><strong>Γ⁷”“Ὶ”1Ι</strong></span> <span class='ocrx_word' id='word_1_595' title='bbox 2610 4484 2876 4508; x_wconf 66' lang='grc' dir='ltr'><strong>“’“””Γ”⁷’</strong></span> <span class='ocrx_word' id='word_1_596' title='bbox 2964 4484 2982 4488; x_wconf 66' lang='lat'>&#39;</span> <span class='ocrx_word' id='word_1_597' title='bbox 3019 4484 3223 4506; x_wconf 61' lang='lat' dir='ltr'><strong>&quot;H&#39;&quot;&#39;l&#39;</strong></span> <span class='ocrx_word' id='word_1_598' title='bbox 3252 4484 3268 4499; x_wconf 84' lang='lat'><strong><em>&quot;</em></strong></span> <span class='ocrx_word' id='word_1_599' title='bbox 3323 4484 3490 4506; x_wconf 30' lang='lat' dir='ltr'><strong>(\f7&quot;</strong></span> <span class='ocrx_word' id='word_1_600' title='bbox 3548 4484 3627 4506; x_wconf 76' lang='lat' dir='ltr'><strong>&quot;l&#39;</strong></span> <span class='ocrx_word' id='word_1_601' title='bbox 3754 4484 3763 4498; x_wconf 85' lang='grc'><strong><em>⁸</em></strong></span> 
     </span>
     <span class='ocr_line' id='line_1_91' title="bbox 2322 4524 3845 4598; baseline -0.009 -11"><span class='ocrx_word' id='word_1_602' title='bbox 2322 4534 2595 4596; x_wconf 82' lang='grc' dir='ltr'>ταθέσεως</span> <span class='ocrx_word' id='word_1_603' title='bbox 2643 4532 2736 4585; x_wconf 78' lang='grc' dir='ltr'>τοῦ</span> <span class='ocrx_word' id='word_1_604' title='bbox 2806 4531 2937 4585; x_wconf 86' lang='grc' dir='ltr'>ἰδίου</span> <span class='ocrx_word' id='word_1_605' title='bbox 2996 4530 3336 4597; x_wconf 83' lang='grc' dir='ltr'>ἐπισκόπου,</span> <span class='ocrx_word' id='word_1_606' title='bbox 3394 4532 3476 4595; x_wconf 81' lang='grc' dir='ltr'>εἷς</span> <span class='ocrx_word' id='word_1_607' title='bbox 3522 4548 3637 4584; x_wconf 87' lang='grc' dir='ltr'>τινα</span> <span class='ocrx_word' id='word_1_608' title='bbox 3682 4524 3845 4598; x_wconf 68' lang='grc' dir='ltr'>βαθμίν</span> 
     </span>
    </p>
   </div>
   <div class='ocr_carea' id='block_1_90' title="bbox 2494 4568 3336 4597">
    <p class='ocr_par' dir='ltr' id='par_1_90' title="bbox 2494 4568 3336 4597">
     <span class='ocr_line' id='line_1_92' title="bbox 2494 4568 3336 4597; baseline -0.004 -12"><span class='ocrx_word' id='word_1_609' title='bbox 2494 4568 2593 4596; x_wconf 72' lang='lat' dir='ltr'><strong>.‘..un.</strong></span> <span class='ocrx_word' id='word_1_610' title='bbox 2654 4568 2735 4585; x_wconf 66' lang='grc' dir='ltr'><strong>υυυ</strong></span> <span class='ocrx_word' id='word_1_611' title='bbox 2806 4568 2937 4585; x_wconf 65' lang='grc' dir='ltr'><em>δυυυυ</em></span> <span class='ocrx_word' id='word_1_612' title='bbox 2996 4568 3294 4583; x_wconf 64' lang='grc' dir='ltr'>ειυυυηυιυυψ</span> <span class='ocrx_word' id='word_1_613' title='bbox 3321 4572 3336 4597; x_wconf 76' lang='lat'><strong>,</strong></span> 
     </span>
    </p>
   </div>
   <div class='ocr_carea' id='block_1_91' title="bbox 648 4577 2220 4653">
    <p class='ocr_par' dir='ltr' id='par_1_91' title="bbox 648 4577 2220 4653">
     <span class='ocr_line' id='line_1_93' title="bbox 648 4577 2220 4653; baseline -0.007 -14"><span class='ocrx_word' id='word_1_614' title='bbox 648 4586 803 4639; x_wconf 83' lang='lat' dir='ltr'><strong>ﬁrma</strong></span> <span class='ocrx_word' id='word_1_615' title='bbox 840 4585 1111 4653; x_wconf 89' lang='lat' dir='ltr'><strong>ejusmodi</strong></span> <span class='ocrx_word' id='word_1_616' title='bbox 1137 4583 1457 4637; x_wconf 89' lang='lat' dir='ltr'><strong>constitutio</strong></span> <span class='ocrx_word' id='word_1_617' title='bbox 1497 4580 1861 4635; x_wconf 76' lang='lat' dir='ltr'><strong>exiStimetur.</strong></span> <span class='ocrx_word' id='word_1_618' title='bbox 1898 4578 1953 4630; x_wconf 88' lang='lat' dir='ltr'><strong>Si</strong></span> <span class='ocrx_word' id='word_1_619' title='bbox 1985 4577 2078 4643; x_wconf 86' lang='lat' dir='ltr'><strong>qui</strong></span> <span class='ocrx_word' id='word_1_620' title='bbox 2119 4593 2220 4630; x_wconf 85' lang='lat' dir='ltr'><strong>au-</strong></span> 
     </span>
    </p>
   </div>
   <div class='ocr_carea' id='block_1_92' title="bbox 648 4666 2219 4743">
    <p class='ocr_par' dir='ltr' id='par_1_92' title="bbox 648 4666 2219 4743">
     <span class='ocr_line' id='line_1_94' title="bbox 648 4666 2219 4743; baseline -0.006 -15"><span class='ocrx_word' id='word_1_621' title='bbox 648 4686 754 4728; x_wconf 84' lang='lat' dir='ltr'><strong>tem</strong></span> <span class='ocrx_word' id='word_1_622' title='bbox 820 4675 922 4727; x_wconf 87' lang='lat' dir='ltr'><strong>hoc</strong></span> <span class='ocrx_word' id='word_1_623' title='bbox 972 4675 1076 4729; x_wconf 88' lang='lat' dir='ltr'><strong>sibi</strong></span> <span class='ocrx_word' id='word_1_624' title='bbox 1134 4674 1268 4743; x_wconf 91' lang='lat' dir='ltr'><strong>ipsis</strong></span> <span class='ocrx_word' id='word_1_625' title='bbox 1328 4671 1710 4741; x_wconf 87' lang='lat' dir='ltr'><strong>permiserint,</strong></span> <span class='ocrx_word' id='word_1_626' title='bbox 1762 4686 1791 4721; x_wconf 85' lang='lat' dir='ltr'><strong>a</strong></span> <span class='ocrx_word' id='word_1_627' title='bbox 1850 4666 2109 4721; x_wconf 78' lang='lat' dir='ltr'><strong>fratribus</strong></span> <span class='ocrx_word' id='word_1_628' title='bbox 2167 4674 2219 4720; x_wconf 87' lang='lat' dir='ltr'><strong>et</strong></span> 
     </span>
    </p>
   </div>
   <div class='ocr_carea' id='block_1_93' title="bbox 647 4760 1955 4836">
    <p class='ocr_par' dir='ltr' id='par_1_93' title="bbox 647 4760 1955 4836">
     <span class='ocr_line' id='line_1_95' title="bbox 647 4760 1955 4836; baseline -0.005 -17"><span class='ocrx_word' id='word_1_629' title='bbox 647 4766 981 4836; x_wconf 55' lang='lat' dir='ltr'><strong>coepisciipis</strong></span> <span class='ocrx_word' id='word_1_630' title='bbox 1007 4774 1061 4819; x_wconf 88' lang='lat' dir='ltr'><strong>et</strong></span> <span class='ocrx_word' id='word_1_631' title='bbox 1095 4766 1377 4819; x_wconf 87' lang='lat' dir='ltr'><strong>admoneri</strong></span> <span class='ocrx_word' id='word_1_632' title='bbox 1408 4772 1462 4817; x_wconf 91' lang='lat' dir='ltr'><strong>et</strong></span> <span class='ocrx_word' id='word_1_633' title='bbox 1499 4762 1697 4831; x_wconf 79' lang='lat' dir='ltr'><strong>corrigi</strong></span> <span class='ocrx_word' id='word_1_634' title='bbox 1736 4760 1955 4815; x_wconf 82' lang='lat' dir='ltr'><strong>debent.</strong></span> 
     </span>
    </p>
   </div>
   <div class='ocr_carea' id='block_1_94' title="bbox 720 4964 2221 5036">
    <p class='ocr_par' dir='ltr' id='par_1_94' title="bbox 720 4964 2221 5036">
     <span class='ocr_line' id='line_1_96' title="bbox 720 4964 2221 5036; baseline -0.004 -17"><span class='ocrx_word' id='word_1_635' title='bbox 720 4968 922 5021; x_wconf 80' lang='lat' dir='ltr'><strong>Omnes</strong></span> <span class='ocrx_word' id='word_1_636' title='bbox 978 4968 1229 5022; x_wconf 81' lang='lat' dir='ltr'><strong>dixerunt</strong></span> <span class='ocrx_word' id='word_1_637' title='bbox 1272 4983 1287 5020; x_wconf 91' lang='lat'><strong>:</strong></span> <span class='ocrx_word' id='word_1_638' title='bbox 1326 4964 1436 5020; x_wconf 86' lang='lat' dir='ltr'><strong>Hoc</strong></span> <span class='ocrx_word' id='word_1_639' title='bbox 1496 4982 1717 5036; x_wconf 87' lang='lat' dir='ltr'><strong>quoque</strong></span> <span class='ocrx_word' id='word_1_640' title='bbox 1778 4964 2060 5017; x_wconf 87' lang='lat' dir='ltr'><strong>decretum</strong></span> <span class='ocrx_word' id='word_1_641' title='bbox 2117 4970 2221 5015; x_wconf 90' lang='lat' dir='ltr'><strong>stct</strong></span> 
     </span>
    </p>
   </div>
   <div class='ocr_carea' id='block_1_95' title="bbox 648 5057 1281 5114">
    <p class='ocr_par' dir='ltr' id='par_1_95' title="bbox 648 5057 1281 5114">
     <span class='ocr_line' id='line_1_97' title="bbox 648 5057 1281 5114; baseline -0.005 0"><span class='ocrx_word' id='word_1_642' title='bbox 648 5061 863 5114; x_wconf 83' lang='lat' dir='ltr'><strong>iirmum</strong></span> <span class='ocrx_word' id='word_1_643' title='bbox 898 5066 953 5111; x_wconf 87' lang='lat' dir='ltr'><strong>ct</strong></span> <span class='ocrx_word' id='word_1_644' title='bbox 987 5057 1281 5111; x_wconf 86' lang='lat' dir='ltr'><strong>immobile.</strong></span> 
     </span>
    </p>
   </div>
   <div class='ocr_carea' id='block_1_96' title="bbox 838 5149 2021 5218">
    <p class='ocr_par' dir='ltr' id='par_1_96' title="bbox 838 5149 2021 5218">
     <span class='ocr_line' id='line_1_98' title="bbox 838 5149 2021 5218; baseline 0.001 -15"><span class='ocrx_word' id='word_1_645' title='bbox 838 5150 1062 5203; x_wconf 78' lang='lat' dir='ltr'><strong>Concilii</strong></span> <span class='ocrx_word' id='word_1_646' title='bbox 1093 5149 1529 5218; x_wconf 77' lang='lat' dir='ltr'><strong>Carthaginensis</strong></span> <span class='ocrx_word' id='word_1_647' title='bbox 1558 5165 1780 5202; x_wconf 82' lang='lat' dir='ltr'><strong>canones</strong></span> <span class='ocrx_word' id='word_1_648' title='bbox 1811 5149 1898 5213; x_wconf 68' lang='grc'><strong>54,</strong></span> <span class='ocrx_word' id='word_1_649' title='bbox 1933 5150 2021 5204; x_wconf 82' lang='grc'>90.</span> 
     </span>
    </p>
   </div>
   <div class='ocr_carea' id='block_1_97' title="bbox 726 5238 2216 5378">
    <p class='ocr_par' dir='ltr' id='par_1_97' title="bbox 726 5238 2216 5378">
     <span class='ocr_line' id='line_1_99' title="bbox 726 5238 2216 5378; baseline -0.001 -85"><span class='ocrx_word' id='word_1_650' title='bbox 726 5238 793 5293; x_wconf 83' lang='lat' dir='ltr'><strong>Ut</strong></span> <span class='ocrx_word' id='word_1_651' title='bbox 872 5241 1075 5294; x_wconf 83' lang='lat' dir='ltr'><strong>alienus</strong></span> <span class='ocrx_word' id='word_1_652' title='bbox 1156 5239 1378 5361; x_wconf 64' lang='lat' dir='ltr'><strong>clericuls</strong></span> <span class='ocrx_word' id='word_1_653' title='bbox 1446 5240 1670 5378; x_wconf 48' lang='lat' dir='ltr'><strong>(iteratione</strong></span> <span class='ocrx_word' id='word_1_654' title='bbox 1750 5240 2079 5308; x_wconf 74' lang='lat' dir='ltr'><strong>suscipiatur</strong></span> <span class='ocrx_word' id='word_1_655' title='bbox 2150 5241 2216 5294; x_wconf 84' lang='lat' dir='ltr'><strong>ab</strong></span> 
     </span>
     <span class='ocr_line' id='line_1_100' title="bbox 1305 5310 1579 5378; baseline 0.004 -17"><span class='ocrx_word' id='word_1_656' title='bbox 1305 5325 1412 5361; x_wconf 89' lang='lat' dir='ltr'><strong>ato</strong></span> <span class='ocrx_word' id='word_1_657' title='bbox 1524 5310 1579 5378; x_wconf 79' lang='lat'><strong>&#39;).</strong></span> 
     </span>
    </p>
   </div>
   <div class='ocr_carea' id='block_1_98' title="bbox 1305 5310 1579 5379">
    <p class='ocr_par' dir='ltr' id='par_1_98' title="bbox 1305 5310 1579 5379">
     <span class='ocr_line' id='line_1_101' title="bbox 1305 5310 1579 5379; baseline 0.007 -18"><span class='ocrx_word' id='word_1_658' title='bbox 1305 5310 1412 5361; x_wconf 84' lang='lat' dir='ltr'><strong>alio</strong></span> <span class='ocrx_word' id='word_1_659' title='bbox 1446 5310 1579 5379; x_wconf 71' lang='lat'><strong>(26).</strong></span> 
     </span>
    </p>
   </div>
   <div class='ocr_carea' id='block_1_99' title="bbox 2326 4615 3840 4693">
    <p class='ocr_par' dir='ltr' id='par_1_99' title="bbox 2326 4615 3840 4693">
     <span class='ocr_line' id='line_1_102' title="bbox 2326 4615 3840 4693; baseline -0.008 -14"><span class='ocrx_word' id='word_1_660' title='bbox 2326 4626 2682 4693; x_wconf 78' lang='grc' dir='ltr'>καταστῆσαι,</span> <span class='ocrx_word' id='word_1_661' title='bbox 2713 4623 2916 4692; x_wconf 80' lang='grc' dir='ltr'>ἄκυρος</span> <span class='ocrx_word' id='word_1_662' title='bbox 2943 4622 3037 4674; x_wconf 78' lang='grc' dir='ltr'>καὶ</span> <span class='ocrx_word' id='word_1_663' title='bbox 3086 4621 3339 4683; x_wconf 78' lang='grc' dir='ltr'>ἀϐέϐαιος</span> <span class='ocrx_word' id='word_1_664' title='bbox 3388 4624 3420 4692; x_wconf 81' lang='grc' dir='ltr'>ἠ</span> <span class='ocrx_word' id='word_1_665' title='bbox 3486 4622 3781 4678; x_wconf 79' lang='grc' dir='ltr'>κατάστασις</span> <span class='ocrx_word' id='word_1_666' title='bbox 3819 4615 3840 4681; x_wconf 79' lang='grc' dir='ltr'><strong>ή</strong></span> 
     </span>
    </p>
   </div>
   <div class='ocr_carea' id='block_1_100' title="bbox 2326 4710 3837 4785">
    <p class='ocr_par' dir='ltr' id='par_1_100' title="bbox 2326 4710 3837 4785">
     <span class='ocr_line' id='line_1_103' title="bbox 2326 4710 3837 4785; baseline -0.002 -16"><span class='ocrx_word' id='word_1_667' title='bbox 2326 4716 2545 4785; x_wconf 87' lang='grc' dir='ltr'>τοιαύτη</span> <span class='ocrx_word' id='word_1_668' title='bbox 2595 4714 2899 4785; x_wconf 74' lang='grc' dir='ltr'>νομίζοιτο·</span> <span class='ocrx_word' id='word_1_669' title='bbox 2936 4713 2988 4765; x_wconf 84' lang='grc' dir='ltr'><strong>εί</strong></span> <span class='ocrx_word' id='word_1_670' title='bbox 3033 4729 3179 4776; x_wconf 89' lang='grc' dir='ltr'>τινες</span> <span class='ocrx_word' id='word_1_671' title='bbox 3222 4713 3279 4766; x_wconf 83' lang='grc' dir='ltr'>δὲ</span> <span class='ocrx_word' id='word_1_672' title='bbox 3319 4712 3480 4766; x_wconf 81' lang='grc' dir='ltr'>τοῦτο</span> <span class='ocrx_word' id='word_1_673' title='bbox 3528 4710 3837 4785; x_wconf 69' lang='grc' dir='ltr'>ἐπιτρέψειανν</span> 
     </span>
    </p>
   </div>
   <div class='ocr_carea' id='block_1_101' title="bbox 2329 4799 3837 4878">
    <p class='ocr_par' dir='ltr' id='par_1_101' title="bbox 2329 4799 3837 4878">
     <span class='ocr_line' id='line_1_104' title="bbox 2329 4799 3837 4878; baseline -0.008 -16"><span class='ocrx_word' id='word_1_674' title='bbox 2329 4808 2480 4878; x_wconf 77' lang='grc' dir='ltr'><strong>παρά</strong></span> <span class='ocrx_word' id='word_1_675' title='bbox 2540 4806 2649 4859; x_wconf 78' lang='grc' dir='ltr'><strong>τῶν</strong></span> <span class='ocrx_word' id='word_1_676' title='bbox 2695 4805 2939 4873; x_wconf 78' lang='grc' dir='ltr'>ἀδελφῶν</span> <span class='ocrx_word' id='word_1_677' title='bbox 2985 4804 3080 4857; x_wconf 67' lang='grc' dir='ltr'>καὶ</span> <span class='ocrx_word' id='word_1_678' title='bbox 3131 4807 3549 4859; x_wconf 78' lang='grc' dir='ltr'>συνεπισκὸπων</span> <span class='ocrx_word' id='word_1_679' title='bbox 3600 4804 3730 4874; x_wconf 70' lang='grc' dir='ltr'>ἡμῶν</span> <span class='ocrx_word' id='word_1_680' title='bbox 3770 4799 3837 4852; x_wconf 76' lang='grc' dir='ltr'>καὶ</span> 
     </span>
    </p>
   </div>
   <div class='ocr_carea' id='block_1_102' title="bbox 2330 4897 3687 4969">
    <p class='ocr_par' dir='ltr' id='par_1_102' title="bbox 2330 4897 3687 4969">
     <span class='ocr_line' id='line_1_105' title="bbox 2330 4897 3687 4969; baseline -0.003 -16"><span class='ocrx_word' id='word_1_681' title='bbox 2330 4898 2843 4969; x_wconf 78' lang='grc' dir='ltr'>ύπομιμνήσκεσθαι</span> <span class='ocrx_word' id='word_1_682' title='bbox 2880 4898 2974 4951; x_wconf 71' lang='grc' dir='ltr'>καὶ</span> <span class='ocrx_word' id='word_1_683' title='bbox 3002 4897 3344 4967; x_wconf 83' lang='grc' dir='ltr'>διορθοῦσθαι</span> <span class='ocrx_word' id='word_1_684' title='bbox 3376 4898 3687 4965; x_wconf 71' lang='grc' dir='ltr'>ὀφείλουσιν.</span> 
     </span>
    </p>
   </div>
   <div class='ocr_carea' id='block_1_103' title="bbox 2396 4982 3838 5061">
    <p class='ocr_par' dir='ltr' id='par_1_103' title="bbox 2396 4982 3838 5061">
     <span class='ocr_line' id='line_1_106' title="bbox 2396 4982 3838 5061; baseline -0.006 -16"><span class='ocrx_word' id='word_1_685' title='bbox 2396 4994 2668 5054; x_wconf 68' lang='grc' dir='ltr'>’Ἅπαντες</span> <span class='ocrx_word' id='word_1_686' title='bbox 2717 4992 3009 5061; x_wconf 75' lang='grc' dir='ltr'>εἰρήκασι*</span> <span class='ocrx_word' id='word_1_687' title='bbox 3076 4989 3187 5043; x_wconf 74' lang='grc' dir='ltr'><strong>Καὶ</strong></span> <span class='ocrx_word' id='word_1_688' title='bbox 3250 4982 3408 5052; x_wconf 76' lang='grc' dir='ltr'>οὗτος</span> <span class='ocrx_word' id='word_1_689' title='bbox 3472 4992 3500 5043; x_wconf 87' lang='grc' dir='ltr'><strong><em>ὁ</em></strong></span> <span class='ocrx_word' id='word_1_690' title='bbox 3540 4991 3655 5059; x_wconf 84' lang='grc' dir='ltr'>ὅρος</span> <span class='ocrx_word' id='word_1_691' title='bbox 3704 4982 3838 5051; x_wconf 80' lang='grc' dir='ltr'>στήτω</span> 
     </span>
    </p>
   </div>
   <div class='ocr_carea' id='block_1_104' title="bbox 2324 5084 2639 5146">
    <p class='ocr_par' dir='ltr' id='par_1_104' title="bbox 2324 5084 2639 5146">
     <span class='ocr_line' id='line_1_107' title="bbox 2324 5084 2639 5146; baseline -0.006 -8"><span class='ocrx_word' id='word_1_692' title='bbox 2324 5084 2639 5146; x_wconf 74' lang='grc' dir='ltr'>ἀσάλευτος.</span> 
     </span>
    </p>
   </div>
   <div class='ocr_carea' id='block_1_105' title="bbox 2537 5166 3673 5241">
    <p class='ocr_par' dir='ltr' id='par_1_105' title="bbox 2537 5166 3673 5241">
     <span class='ocr_line' id='line_1_108' title="bbox 2537 5166 3673 5241; baseline -0.006 -13"><span class='ocrx_word' id='word_1_693' title='bbox 2537 5178 2582 5228; x_wconf 89' lang='grc' dir='ltr'><strong><em>Σ</em></strong></span> <span class='ocrx_word' id='word_1_694' title='bbox 2590 5172 2806 5227; x_wconf 64' lang='grc' dir='ltr'><strong>κυνόδου</strong></span> <span class='ocrx_word' id='word_1_695' title='bbox 2828 5174 3244 5241; x_wconf 75' lang='grc' dir='ltr'>Κτιρθαγέννης</span> <span class='ocrx_word' id='word_1_696' title='bbox 3271 5170 3475 5224; x_wconf 82' lang='grc' dir='ltr'>κανὼν</span> <span class='ocrx_word' id='word_1_697' title='bbox 3501 5168 3588 5234; x_wconf 86' lang='grc' dir='ltr'>νδ¹,</span> <span class='ocrx_word' id='word_1_698' title='bbox 3611 5166 3673 5233; x_wconf 62' lang='grc' dir='ltr'>ιζ.</span> 
     </span>
    </p>
   </div>
   <div class='ocr_carea' id='block_1_106' title="bbox 2326 5243 3835 5331">
    <p class='ocr_par' dir='ltr' id='par_1_106' title="bbox 2326 5243 3835 5331">
     <span class='ocr_line' id='line_1_109' title="bbox 2326 5243 3835 5331; baseline 0 -16"><span class='ocrx_word' id='word_1_699' title='bbox 2326 5262 2465 5331; x_wconf 78' lang='grc' dir='ltr'>Περί</span> <span class='ocrx_word' id='word_1_700' title='bbox 2505 5262 2612 5315; x_wconf 86' lang='grc' dir='ltr'>τοῦ</span> <span class='ocrx_word' id='word_1_701' title='bbox 2650 5262 3010 5331; x_wconf 72' lang='grc' dir='ltr'>ἀλλοτρίους</span> <span class='ocrx_word' id='word_1_702' title='bbox 3057 5261 3385 5327; x_wconf 70' lang='grc' dir='ltr'>κληρικοὺς</span> <span class='ocrx_word' id='word_1_703' title='bbox 3427 5256 3693 5329; x_wconf 83' lang='grc' dir='ltr'>μηδαμῶς</span> <span class='ocrx_word' id='word_1_704' title='bbox 3733 5243 3835 5315; x_wconf 61' lang='grc' dir='ltr'><strong>παρ’</strong></span> 
     </span>
    </p>
   </div>
   <div class='ocr_carea' id='block_1_107' title="bbox 2586 5330 3626 5402">
    <p class='ocr_par' dir='ltr' id='par_1_107' title="bbox 2586 5330 3626 5402">
     <span class='ocr_line' id='line_1_110' title="bbox 2586 5330 3626 5402; baseline -0.003 -16"><span class='ocrx_word' id='word_1_705' title='bbox 2586 5332 2802 5402; x_wconf 79' lang='grc' dir='ltr'>ἐτέρων</span> <span class='ocrx_word' id='word_1_706' title='bbox 2838 5330 3239 5400; x_wconf 80' lang='grc' dir='ltr'>ὑποδέχεσθαι</span> <span class='ocrx_word' id='word_1_707' title='bbox 3266 5331 3626 5385; x_wconf 76' lang='grc' dir='ltr'>ἐπισκόπων.</span> 
     </span>
    </p>
   </div>
   <div class='ocr_carea' id='block_1_108' title="bbox 2148 5511 2382 5569">
    <p class='ocr_par' dir='ltr' id='par_1_108' title="bbox 2148 5511 2382 5569">
     <span class='ocr_line' id='line_1_111' title="bbox 2148 5511 2382 5569; baseline 0.009 -2"><span class='ocrx_word' id='word_1_708' title='bbox 2148 5511 2382 5569; x_wconf 66' lang='lat' dir='ltr'><strong>NOTAE.</strong></span> 
     </span>
    </p>
   </div>
   <div class='ocr_carea' id='block_1_109' title="bbox 722 5605 2226 5677">
    <p class='ocr_par' dir='ltr' id='par_1_109' title="bbox 722 5605 2226 5677">
     <span class='ocr_line' id='line_1_112' title="bbox 722 5605 2226 5677; baseline 0.004 -22"><span class='ocrx_word' id='word_1_709' title='bbox 722 5605 1114 5677; x_wconf 74' lang='lat' dir='ltr'><strong>(‘25)Canones</strong></span> <span class='ocrx_word' id='word_1_710' title='bbox 1166 5608 1318 5671; x_wconf 87' lang='lat' dir='ltr'><strong>istos,</strong></span> <span class='ocrx_word' id='word_1_711' title='bbox 1373 5623 1479 5658; x_wconf 87' lang='lat' dir='ltr'><strong>non</strong></span> <span class='ocrx_word' id='word_1_712' title='bbox 1528 5622 1685 5661; x_wconf 76' lang='lat' dir='ltr'><strong>secus</strong></span> <span class='ocrx_word' id='word_1_713' title='bbox 1735 5618 1895 5673; x_wconf 83' lang='lat' dir='ltr'><strong>atque</strong></span> <span class='ocrx_word' id='word_1_714' title='bbox 1942 5606 2226 5661; x_wconf 75' lang='lat' dir='ltr'><strong>Africanos</strong></span> 
     </span>
    </p>
   </div>
   <div class='ocr_carea' id='block_1_110' title="bbox 649 5677 2226 5745">
    <p class='ocr_par' dir='ltr' id='par_1_110' title="bbox 649 5677 2226 5745">
     <span class='ocr_line' id='line_1_113' title="bbox 649 5677 2226 5745; baseline -0.001 -12"><span class='ocrx_word' id='word_1_715' title='bbox 649 5679 842 5733; x_wconf 86' lang='lat' dir='ltr'><strong>Latine</strong></span> <span class='ocrx_word' id='word_1_716' title='bbox 860 5677 1025 5731; x_wconf 77' lang='lat' dir='ltr'><strong>fuisse</strong></span> <span class='ocrx_word' id='word_1_717' title='bbox 1052 5678 1287 5745; x_wconf 86' lang='lat' dir='ltr'><strong>primum</strong></span> <span class='ocrx_word' id='word_1_718' title='bbox 1312 5678 1484 5729; x_wconf 81' lang='lat' dir='ltr'><strong>editos</strong></span> <span class='ocrx_word' id='word_1_719' title='bbox 1504 5678 1659 5731; x_wconf 59' lang='lat' dir='ltr'><strong>«lueet</strong></span> <span class='ocrx_word' id='word_1_720' title='bbox 1681 5678 1968 5745; x_wconf 73' lang='lat' dir='ltr'><strong>Dionysius</strong></span> <span class='ocrx_word' id='word_1_721' title='bbox 1989 5677 2226 5745; x_wconf 74' lang='lat' dir='ltr'><strong>Exiguus</strong></span> 
     </span>
    </p>
   </div>
   <div class='ocr_carea' id='block_1_111' title="bbox 648 5744 2224 5818">
    <p class='ocr_par' dir='ltr' id='par_1_111' title="bbox 648 5744 2224 5818">
     <span class='ocr_line' id='line_1_114' title="bbox 648 5744 2224 5818; baseline -0.002 -13"><span class='ocrx_word' id='word_1_722' title='bbox 648 5750 703 5805; x_wconf 89' lang='lat' dir='ltr'><strong>in</strong></span> <span class='ocrx_word' id='word_1_723' title='bbox 737 5744 1065 5802; x_wconf 56' lang='lat' dir='ltr'><strong>Praéfatione</strong></span> <span class='ocrx_word' id='word_1_724' title='bbox 1104 5744 1169 5800; x_wconf 87' lang='lat' dir='ltr'><strong>ad</strong></span> <span class='ocrx_word' id='word_1_725' title='bbox 1231 5746 1561 5816; x_wconf 74' lang='lat' dir='ltr'><strong>Stephanum</strong></span> <span class='ocrx_word' id='word_1_726' title='bbox 1610 5750 1777 5818; x_wconf 71' lang='lat' dir='ltr'><strong>ispisc.</strong></span> <span class='ocrx_word' id='word_1_727' title='bbox 1821 5744 2224 5803; x_wconf 81' lang='lat' dir='ltr'><strong>Salonitauutn.</strong></span> 
     </span>
    </p>
   </div>
   <div class='ocr_carea' id='block_1_112' title="bbox 2408 5605 3829 5681">
    <p class='ocr_par' dir='ltr' id='par_1_112' title="bbox 2408 5605 3829 5681">
     <span class='ocr_line' id='line_1_115' title="bbox 2408 5605 3829 5681; baseline -0.008 -17"><span class='ocrx_word' id='word_1_728' title='bbox 2408 5610 2522 5681; x_wconf 72' lang='grc'>(26)</span> <span class='ocrx_word' id='word_1_729' title='bbox 2562 5609 2772 5681; x_wconf 75' lang='lat' dir='ltr'><strong>concil.</strong></span> <span class='ocrx_word' id='word_1_730' title='bbox 2822 5608 3078 5681; x_wconf 82' lang='lat' dir='ltr'><strong>Cartliag.</strong></span> <span class='ocrx_word' id='word_1_731' title='bbox 3135 5625 3217 5674; x_wconf 91' lang='grc' dir='ltr'>ιιι,</span> <span class='ocrx_word' id='word_1_732' title='bbox 3268 5624 3389 5679; x_wconf 87' lang='lat' dir='ltr'><strong>cap.</strong></span> <span class='ocrx_word' id='word_1_733' title='bbox 3435 5611 3521 5673; x_wconf 61' lang='grc'><strong>44,</strong></span> <span class='ocrx_word' id='word_1_734' title='bbox 3564 5618 3610 5665; x_wconf 89' lang='lat' dir='ltr'><strong>et</strong></span> <span class='ocrx_word' id='word_1_735' title='bbox 3653 5605 3829 5661; x_wconf 44' lang='lat' dir='ltr'><strong>Forma.</strong></span> 
     </span>
    </p>
   </div>
   <div class='ocr_carea' id='block_1_113' title="bbox 2335 5680 3547 5750">
    <p class='ocr_par' dir='ltr' id='par_1_113' title="bbox 2335 5680 3547 5750">
     <span class='ocr_line' id='line_1_116' title="bbox 2335 5680 3547 5750; baseline 0.002 -17"><span class='ocrx_word' id='word_1_736' title='bbox 2335 5682 2435 5735; x_wconf 84' lang='lat' dir='ltr'><strong>dus</strong></span> <span class='ocrx_word' id='word_1_737' title='bbox 2460 5696 2581 5749; x_wconf 84' lang='lat' dir='ltr'><strong>cap.</strong></span> <span class='ocrx_word' id='word_1_738' title='bbox 2613 5680 2701 5745; x_wconf 74' lang='lat'><strong>&#39;27,</strong></span> <span class='ocrx_word' id='word_1_739' title='bbox 2735 5694 2801 5734; x_wconf 79' lang='lat' dir='ltr'><strong>ex</strong></span> <span class='ocrx_word' id='word_1_740' title='bbox 2829 5680 3025 5735; x_wconf 88' lang='lat' dir='ltr'><strong>concil.</strong></span> <span class='ocrx_word' id='word_1_741' title='bbox 3062 5681 3315 5750; x_wconf 77' lang='lat' dir='ltr'><strong>Carthag.</strong></span> <span class='ocrx_word' id='word_1_742' title='bbox 3348 5684 3431 5737; x_wconf 89' lang='lat' dir='ltr'><strong>tit.</strong></span> <span class='ocrx_word' id='word_1_743' title='bbox 3464 5683 3547 5737; x_wconf 81' lang='lat'><strong>55.</strong></span> 
     </span>
    </p>
   </div>
  </div>
