3994 6466
134 433 298 496 545
977 428 1375 492 SYNTAGMA
1420 428 1808 490 CANONUM.
1844 453 1912 464 —
1951 427 2102 489 TlT.
2155 429 2205 503 Ι,
2247 430 2404 490 CAP.
2445 431 2655 495 XXVI.
3352 433 3459 495 546

232 545 357 600 νδ’.
413 544 720 611 Ἐπιγόνιος
746 544 1043 606 ἐπισκοπος
1073 538 1245 596 εἶπεν·
1283 544 1372 596 Ἐν
1405 542 1627 604 πολλαῖς
1658 560 1779 595 συν-

1953 544 2044 597 54.
2089 544 2386 614 Epigonius
2417 546 2708 615 episcopus
2739 546 2877 601 dixit
2904 563 2929 600 ι
2954 546 3012 601 In
3042 545 3229 602 multis
3268 550 3456 603 conci-

122 635 329 701 ὀδοις
358 640 522 690 τοῦτο
566 637 804 707 ὁρισθὲν,
841 637 936 689 xui
970 637 1065 690 νῦν
1100 637 1180 689 ἐτι
1211 638 1319 706 μὴν
1349 639 1413 690 ἐκ
1445 638 1543 706 τῆς
1576 636 1772 706 ὑμετὲ-

1899 636 1965 689 iis
1994 638 2097 689 hoc
2133 647 2393 692 statutum
2427 649 2508 693 est
2530 638 2573 703 ⁸,
2610 642 2774 694 etiam
2808 655 2953 694 nunc
2986 639 3088 693 hoc
3128 638 3458 701 confirmau—

132 743 282 793 ρας
345 727 624 798 βεδαιωθῇ
686 727 990 792 συνέσεως,
1048 728 1462 798 μακαριώτατοι
1513 728 1771 796 ἀδελφοὶ,

1899 728 2006 781 lum
2048 738 2132 784 est
2160 745 2189 783 a
2227 740 2404 785 vestra
2437 734 2745 801 prudentia,
2786 732 3082 788 beatissimi
3135 731 3351 796 fratres,
3400 742 3458 786 ut

130 816 331 870 ὥστε
363 819 577 888 μηδένα
605 820 904 871 ἐπίσκοπον
938 818 1311 873 ίδιοποιεῖσθαι
1338 820 1619 890 ἀλλότριον
1642 819 1776 890 κλη-

1899 820 2138 873 :lcricum
2185 822 2424 874 alienum
2478 824 2663 876 nullus
2703 823 2810 877 sibi
2844 823 3122 892 praeripiat
3166 824 3457 893 episr‘Opus

134 908 344 975 ρικδν
384 911 543 979 παρὰ
571 909 669 980 τὴν
698 909 879 979 κρίσιν
910 909 1001 962 τοῦ
1049 910 1316 982 προτέρου
1347 910 1513 963 αὐτοῦ
1547 911 1774 964 ἐπισκό-

1899 922 2074 967 irazter
2110 912 2229 981 ejus
2264 914 2569 979 arbitrium,
2605 914 2764 982 cujus
2819 913 2985 967 fuerit
3026 914 3280 969 clericus.
3330 915 3458 969 Dico

133 1014 316 1051 που.
363 1001 655 1070 Ἀναφὲρω
697 1000 754 1053 δέ
814 1000 1097 1055 Ἰουλιανδν
1138 1001 1452 1070 ἀχαρίστως
1482 999 1776 1070 ἁνεχθέντα

1899 1012 2058 1057 iutem
2095 1003 2368 1059 Julianum
2402 1006 2539 1074 (‘27),
2570 1007 2658 1075 qui
2691 1005 2937 1075 ingratus
2971 1015 3055 1060 est
3106 1005 3199 1060 Dei
3248 1006 3455 1061 beneli-

134 1092 316 1159 περὶ
347 1091 455 1155 τὰς
483 1091 571 1144 διὰ
599 1093 698 1162 τῆς
725 1093 867 1161 ἐμῆς
901 1092 1238 1164 βραχύτητος
1264 1093 1345 1156 είς
1379 1093 1542 1146 αὐτὸν
1569 1110 1776 1161 σωρευ-

1899 1093 1978 1148 ηἰίε
2006 1109 2102 1164 per
2129 1110 2305 1148 meam
2345 1097 2664 1163 parvitatem
2706 1095 2757 1148 in
2799 1110 2859 1149 se
2892 1097 3127 1158 collatis,
3179 1098 3251 1150 ita
3286 1106 3456 1151 teme-

141 1181 381 1245 οείσας
432 1183 699 1246 τοσαύτας
744 1184 836 1236 τοῦ
882 1182 1017 1237 Θεοῦ
1065 1184 1421 1252 εὐεργεσίας,
1467 1184 1563 1238 xui
1603 1183 1776 1247 οὕτως

1899 1183 2082 1237 'arium
2136 1193 2190 1237 et
2241 1185 2501 1237 audacem
2552 1187 2850 1248 exstitisse,
2901 1187 3080 1255 nt91
3111 1203 3235 1241 eum
3284 1190 3377 1258 qui
3423 1204 3452 1243 a

139 1275 490 1339 προπετῶς
521 1277 612 1327 καὶ
641 1275 929 1344 τολμηρῶς
954 1275 1355 1344 διαγενόμενον,
1380 1275 1521 1329 ὥστε
1549 1276 1640 1329 τὸν
1669 1275 1776 1329 ἀπὸ

1899 1288 1966 1327 ne
2014 1275 2320 1343 baptizatus
2367 1285 2468 1337 est,
2515 1292 2637 1330 cum
2676 1285 2823 1331 esset
2867 1293 3002 1346 puer
3047 1279 3452 1347 egentissimus,

141 1365 394 1432 νηπίας
446 1366 662 1434 ἡλικίας
701 1367 792 1419 ὑπ’
818 1368 953 1436 ἐμοῦ
994 1367 1368 1436 βαπτισθέντα
1389 1409 1405 1433 ,
1436 1367 1528 1421 τὸν
1571 1368 1666 1421 xui
1690 1368 1778 1422 διὰ

1899 1363 2011 1417 nibi
2065 1366 2134 1417 ab
2203 1364 2391 1418 eodem
2450 1366 2903 1426 commendatus;
2972 1383 3208 1437 cumque
3270 1368 3455 1422 multis

62 1526 71 1535 .
143 1457 402 1523 πολλὴν
452 1458 659 1511 ἔνδειαν
691 1458 751 1522 ἐξ
792 1459 957 1512 αὐτοῦ
999 1461 1378 1531 παρατεθέντα
1412 1478 1524 1529 μοι,
1557 1461 1655 1514 xui
1683 1444 1778 1513 sui

1899 1454 2037 1508 mnis
2085 1468 2116 1507 a
2156 1470 2244 1507 me
2283 1454 2522 1508 aleretur
2565 1464 2727 1524 atque
2778 1457 3139 1521 incresceret;
3185 1458 3350 1521 hunc,
3396 1469 3455 1513 ut

147 1546 367 1599 πολλὰ
399 1547 497 1617 ἔτη
539 1546 597 1611 ἐξ
624 1546 759 1616 ἐμοῦ
789 1548 1062 1617 τραφέντα
1088 1549 1182 1599 καὶ
1215 1548 1540 1617 αὐξηθέντα,
1576 1552 1668 1601 τὸν
1701 1547 1776 1611 ώς

1899 1546 1989 1599 lixi
2013 1584 2027 1607 ,
2058 1545 2385 1612 baptizatum
2417 1561 2538 1600 esse
2568 1546 2623 1600 in
2667 1547 2896 1603 ecclesia
2937 1564 3055 1603 mea
3087 1564 3180 1618 per
3228 1562 3451 1604 manum

146 1633 346 1690 εἷπον
382 1640 445 1689 ἐν
477 1642 542 1708 τῇ
576 1642 682 1708 ἐμῇ
711 1638 975 1709 ἐκκλησίᾳ
1001 1641 1066 1709 τῇ
1095 1640 1238 1710 χειρὶ
1263 1640 1360 1709 τῆς
1388 1641 1526 1709 ἐμῆς
1558 1642 1773 1709 μετριό-

1899 1638 2163 1692 ιιιι·νὶιιιιῖε
2188 1652 2320 1691 meae
2344 1648 2579 1693 constat.
2608 1638 2752 1693 ldem
2780 1640 2830 1693 in
2853 1639 3073 1695 direcesi
3099 1640 3451 1710 Mappalieusi

148 1746 351 1798 τητος
387 1730 756 1799 βαπτισθέντα
776 1770 791 1794 ,
826 1732 919 1783 xui
950 1731 1298 1801 δεικνύμενον
1327 1734 1385 1784 ἐν
1412 1735 1477 1801 τῇ
1507 1732 1615 1784 τῶν
1649 1732 1772 1784 Mu-

1899 1737 2049 1782 ector
2077 1745 2198 1784 esse
2229 1739 2487 1800 cmpcrat,
2522 1732 2633 1787 imo
2665 1732 2825 1786 annis
2856 1732 3023 1786 ferme
3056 1734 3270 1789 duobus
3308 1734 3453 1805 lege-

153 1821 441 1873 πσλιτῶν
497 1823 761 1893 παροικίᾳ
803 1822 1161 1894 ἀναγνώστην
1206 1824 1519 1893 γενόμενον,
1556 1826 1653 1878 xui
1684 1824 1774 1876 ἐπὶ

1899 1830 1982 1875 'at.
2014 1822 2204 1876 Nescio
2250 1838 2359 1893 quo
2399 1832 2710 1893 contemptu
2761 1825 3089 1879 humilitatis
3138 1841 3271 1880 mea:
3312 1826 3448 1880 idem

150 1910 277 1964 δύο
307 1913 410 1982 ἐτη
443 1916 621 1966 ἐκεῖσε
665 1913 1128 1983 ἀναγινώσκοντα,
1158 1917 1346 1968 τοῦτον
1378 1916 1476 1969 οὐκ
1501 1912 1615 1969 οἴδα
1644 1916 1773 1988 ποία

1899 1909 2129 1965 lulianus
2159 1927 2282 1965 eum
2323 1911 2580 1979 abripuit,
2621 1928 2783 1982 quem
2818 1912 2950 1967 dicit
2979 1916 3136 1982 quasi
3172 1917 3447 1977 proprium

153 2005 604 2074 καταφρονήσει
660 2007 759 2075 τῆς
821 2006 965 2076 ἐμῆς
1014 2008 1402 2078 μετριότητος,
1448 2009 1772 2079 ἀφαρπάσαι

1899 2003 2055 2056 :ivem
2106 2002 2187 2055 sui
2240 2002 2347 2057 loci
2394 2000 2727 2066 Vazaritani,
2787 2017 2875 2055 me
2930 1999 3241 2052 inconsulto
3290 2004 3449 2045 usur-

149 2093 275 2145 τὸν
302 2094 473 2147 αὐτὸν
532 2095 831 2160 Ἰουλιανὸν,
866 2097 961 2149 xui
989 2097 1170 2163 λέγειν
1202 2097 1427 2167 πολίτην
1462 2099 1554 2152 τοῦ
1583 2098 1770 2167 διαφέ-

1899 2107 2008 2147 iare
2042 2111 2056 2148 :
2088 2080 2215 2148 nam
2248 2102 2303 2148 et
2345 2093 2638 2148 diaconum
2683 2092 2839 2147 illum
2890 2087 3183 2143 ordinavit.
3242 2084 3354 2137 lloe
3396 2080 3447 2133 si

158 2197 380 2249 ροντος
412 2181 562 2253 αὐτῷ
584 2183 955 2253 Βαζαριτανοῦ
980 2185 1167 2251 τόπου,
1195 2187 1290 2237 καὶ
1321 2185 1476 2255 παρὰ
1502 2184 1601 2255 τὴν
1631 2186 1769 2258 ἐμὴν

1899 2186 2021 2249 icet,
2066 2195 2249 2255 pateat
2286 2187 2400 2240 haec
2440 2183 2655 2239 licentia
2702 2199 2731 2235 a
2766 2182 2946 2247 vobis,
2997 2177 3299 2233 beatissimi
3333 2174 3446 2227 fra-

154 2271 424 2341 γνιὶιμην
456 2274 627 2345 τούτῳ
653 2275 1117 2346 κατακεχρῆσθαι·
1149 2275 1244 2328 xui
1271 2274 1379 2346 γὰρ
1410 2275 1505 2328 xui.
1525 2275 1772 2330 διάκονον

1906 2290 2034 2337 res;
2074 2277 2157 2327 sin
2194 2275 2395 2335 uiiuus,
2446 2280 2553 2324 tam
2600 2270 2888 2339 impudens
2928 2269 3267 2331 cohibeatur,
3300 2278 3367 2318 ne
3392 2277 3450 2317 se

157 2361 382 2414 τοῦτον
415 2366 813 2434 ἐχειροτόνησε.
854 2366 1026 2419 Τοῦτο
1063 2366 1112 2417 εί
1138 2363 1311 2429 ἔξεστι
1338 2406 1353 2429 ,
1393 2365 1611 2435 γνωσθῇ
1644 2366 1771 2433 ὑμῖν

1899 2365 2104 2417 niseeat
2134 2362 2506 2417 communioni
2538 2361 2889 2430 cujusquam.

163 2451 204 2517 ὴ
263 2452 501 2521 τοιαύτη
548 2454 733 2518 ἄδεια,
783 2456 1190 2525 μακαριώτατοι
1232 2454 1486 2524 ἀδελφοίο
1523 2454 1655 2507 εἰδὲ
1689 2455 1763 2525 μή
1802 2470 1898 2521 γε,
1956 2455 2018 2506 τὸ
2061 2454 2233 2518 οὕτως
2278 2453 2493 2517 ἀναιδὲς
2534 2437 2827 2521 κωλυθείη,
2887 2450 2975 2504 ἱνα
3017 2449 3093 2520 μὴ
3165 2450 3193 2502 ὁ
3238 2443 3450 2517 λεχθεὶς

183 2534 493 2606 Ἰουλιανὸς
532 2546 853 2615 ἐπικοινωνῇ
884 2545 1186 2615 ἀλλοτρίοις

256 2636 575 2703 Νουμήδιος
597 2638 890 2698 ἐπίσκοπος
921 2631 1093 2688 εἶπενο
1130 2637 1277 2696 Ἐὰν,
1304 2638 1378 2707 μὴ
1405 2635 1773 2707 ἐρωτηθείσης

1943 2629 2236 2684 Numidius
2274 2629 2562 2697 episcopus
2611 2625 2749 2680 dixit
2794 2642 2808 2679 :
2854 2625 2911 2679 Si
2976 2638 3082 2678 non
3142 2620 3449 2691 postulata,

176 2724 331 2795 μηδὲ
363 2725 678 2795 αἰτηθείσης
701 2727 799 2797 τῆς
820 2728 918 2796 σῆς
948 2726 1124 2793 ἀξίας,
1151 2727 1344 2796 φανείη
1368 2726 1523 2779 τοῦτο
1560 2726 1773 2796 πράξας

1899 2739 2054 2793 neque
2088 2722 2339 2777 consulta
2391 2731 2482 2775 tua
2531 2719 2847 2789 dignatione
2896 2716 2947 2771 id
2988 2717 3208 2770 videtur
3252 2712 3451 2769 fecisse

188 2816 501 2879 Ἰουλιανὸς
523 2858 538 2882 ,
589 2817 849 2887 κρίνομεν
882 2818 1086 2881 πάντες
1115 2818 1317 2881 ἀδίκως
1360 2818 1648 2887 γενόμενον
1682 2816 1777 2869 xui

1899 2815 2126 2869 lulianus
2155 2852 2171 2877 ,
2209 2814 2519 2883 judieamus
2568 2826 2758 2865 omnes
2815 2809 3002 2878 inique
3036 2806 3237 2861 factum
3288 2815 3453 2874 atque

183 2908 271 2980 μὴ
306 2908 501 2972 ἀξίως.
534 2909 623 2961 Διὸ
647 2911 696 2962 εἰ
726 2910 802 2980 μὴ
827 2911 855 2962 ὁ
897 2909 1057 2973 αὐτὸς
1097 2910 1383 2973 Ἰουλιανὸς
1412 2907 1775 2979 διορθώσηται

1902 2908 2117 2976 indigne.
2161 2905 2502 2974 Quapropter
2568 2902 2675 2958 nisi
2728 2902 2871 2956 idem
2905 2900 3157 2954 Julianus
3205 2912 3453 2952 correxe-

179 2999 290 3070 τὴν
332 3000 544 3053 οἰκείαν
591 2999 819 3070 πλάνην,
852 3006 945 3055 xui.
992 3002 1129 3072 μετά
1162 3002 1657 3071 ἀποθεραπεύσεως
1698 3002 1776 3073 τῷ

1899 3000 1955 3053 'it
1999 3014 2241 3053 errorem
2284 3013 2466 3061 suum,
2525 3005 2579 3050 et
2624 3010 2748 3050 cum
2790 2993 3163 3049 satisfactione
3203 2990 3450 3043 eumdem

183 3091 457 3162 ὑμετέρῳ
482 3091 597 3163 λαῷ
629 3093 718 3145 τὸν
748 3093 910 3146 αὐτὸν
941 3095 1383 3164 ἀποκαταστήσει
1412 3094 1690 3164 κληρικὸν,
1718 3094 1777 3147 ὃν

1899 3093 2167 3157 :lericum,
2200 3106 2361 3161 quem
2392 3091 2570 3144 fuerat
2598 3103 2766 3143 ausus
2794 3087 3072 3151 ordinare,
3118 3082 3458 3137 revocaverit

182 3182 471 3253 ἐτόλμησε
520 3184 928 3261 χειροτονῆσαι,
986 3184 1128 3238 κατὰ
1187 3185 1295 3238 τῶν
1339 3186 1665 3255 ὁρισθέντων
1712 3188 1778 3256 τῇ

1899 3199 1992 3239 Lua:
2036 3184 2199 3254 plebi,
2242 3191 2431 3237 contra
2472 3189 2671 3236 statuta
2731 3178 2950 3233 concilii
2981 3176 3211 3237 faciens,
3259 3183 3457 3228 contu-

188 3272 411 3342 συνόδῳ
443 3273 720 3343 πράττων,
771 3275 864 3328 καὶ
906 3276 1192 3345 χωρισθεὶς
1222 3278 1315 3344 ἀφ’
1346 3277 1527 3347 ήμῶν,
1571 3277 1670 3346 τῆς
1700 3278 1780 3330 οἰ-

1899 3275 2079 3328 macia:
2112 3288 2246 3336 suae,
2286 3281 2572 3342 separatus
2605 3287 2636 3325 a
2682 3271 2863 3337 nobis,
2897 3268 3134 3338 excipiet
3162 3264 3458 3335 judicium.

190 3364 361 3426 κείας
392 3366 699 3433 μονοτονίας
734 3366 1013 3437 ἀπενέγκῃ
1043 3368 1139 3437 τὴν
1167 3368 1367 3438 κρίσιν.

282 3454 593 3523 Ἐπιγόνιος
642 3455 940 3519 ἐπίσκοπος
970 3452 1125 3510 εἶπεν
1150 3472 1164 3487 ·
1209 3459 1266 3510 Ὀ
1298 3459 1442 3511 κατὰ
1474 3458 1573 3530 τὴν
1602 3460 1778 3528 κήραν

1952 3449 2249 3520 Epigouius
2276 3450 2566 3518 episc0pus
2591 3446 2728 3500 dixit
2758 3464 2769 3498 :
2800 3444 2984 3498 Etate
3013 3441 3173 3496 Pater
3196 3481 3210 3502 ,
3262 3449 3316 3493 ct
3347 3440 3459 3509 ipsa

192 3547 420 3617 Πατὴρ,
454 3548 546 3599 καὶ
576 3547 714 3617 αὐτῇ
742 3550 808 3619 τῇ
840 3552 1090 3620 προκοπῇ
1119 3550 1471 3620 ἀρχαιότατος
1501 3550 1783 3608 ἐπαινετὸς

192 3634 368 3706 ἀνὴρ,
395 3638 421 3687 ό
450 3636 677 3705 ἀδελφὸς
705 3638 799 3689 xui
821 3638 1238 3711 συλλειτουργὸς
1265 3640 1421 3712 ἡμῶν
1446 3640 1658 3711 Βίκτωρ
1687 3640 1785 3712 τὴν

196 3728 425 3795 αἴτησιν
450 3726 654 3795 ταύτην
699 3730 922 3800 γενικὴν
949 3729 1198 3801 βούλεται
1242 3733 1335 3784 ἐπὶ
1373 3734 1535 3785 πᾶσιν
1570 3732 1785 3785 ἐκτελε-

200 3818 429 3885 σθῆναι.

274 3908 350 3977 ιζ.
393 3910 621 3980 Ὁμοίως
652 3914 848 3983 ἤρεσεν
873 3914 959 3966 ἵνα
1008 3913 1357 3983 ὁπισδὴποτε
1392 3914 1450 3965 ἐν
1499 3911 1784 3983 ἐκκλησίᾳ,

202 4002 309 4056 κᾶν
338 4003 487 4067 ἆπαξ
507 4005 734 4073 ἀνέγνω,
753 4005 843 4058 ὐπ’
864 4006 1027 4077 ἄλλης
1047 4006 1340 4075 ἐκκλησίας
1360 4005 1491 4076 πρὸς
1513 4005 1787 4074 κλήρωσιν

206 4100 284 4170 μὴ
321 4098 640 4168 κατέχηται.
674 4100 1152 4170 Καὶύπέγραψαν.
1189 4100 1458 4169 Αὐρήλιος
1491 4090 1788 4162 ἐπίσκοπος

202 4191 305 4258 τῆς
340 4191 397 4242 ἐν
424 4189 733 4259 Καρχηδόνι
773 4191 1071 4260 Ἐκκλησία
1116 4190 1191 4257 τῷ
1224 4190 1453 4259 παρόντι
1474 4189 1785 4259 ψηφίσματι

206 4280 503 4351 συνῄνεσα,
536 4282 629 4335 καὶ
671 4281 1073 4351 ἀναγνωσθέντι
1122 4282 1433 4353 ὑπέγραψαο
1464 4280 1663 4352 ὁμοίως
1692 4279 1788 4334 xui

204 4377 253 4425 οἱ
283 4374 469 4426 λοιποὶ
497 4374 783 4427 ἐπίσκοποι
811 4374 1153 4445 ὑπέγραψαν.

240 4465 521 4519 Συνόδοῡ
551 4466 970 4535 οἱκουμενικῆς
997 4466 1178 4534 ἕκτης
1209 4466 1408 4520 κανὼν
1442 4466 1530 4533 ιζ’,
1572 4472 1660 4537 ιη’,
1693 4472 1763 4519 x'.

282 4556 374 4619 ιζ’.
434 4556 764 4627 Ἐπειδήπερ
829 4558 1099 4629 διαφόρων
1154 4558 1459 4628 ἐκκλησιῶν
1514 4557 1786 4629 κληρικοὶ,

208 4642 309 4703 τας
350 4640 483 4703 ἰδίας
516 4643 573 4694 ἐν
617 4638 702 4707 αἶς
752 4646 1242 4717 ἐχειροτονήθησαν
1297 4646 1591 4716 ἐκκλησίας
1626 4664 1790 4700 κατα-

210 4732 499 4794 λιπόντες,
529 4734 664 4802 πρὺς
689 4734 776 4785 ἐτέ
789 4752 910 4804 ρους
937 4736 1274 4806 συνέδραμον
1317 4737 1667 4804 ἐπισκόπους,
1696 4739 1789 4791 xui

210 4820 445 4890 γνώμης
473 4821 595 4891 δίχα
626 4823 719 4876 τοῦ
761 4824 960 4877 οἰκείου
996 4826 1320 4889 ἐπισκόπου,
1368 4830 1426 4879 ἐν
1468 4831 1586 4891 ταῖς
1635 4829 1790 4881 ἁλλο-

212 4913 394 4983 τρίαις
423 4915 801 4985 κατετάγησαν
831 4918 1167 4988 ἐκκλησίαις,
1195 4920 1261 4973 ἐκ
1286 4919 1474 4972 τούτου
1508 4937 1567 4973 τε
1594 4921 1788 4990 συνέϐη

215 5005 628 5069 ἀνυποτάκτους
677 5008 872 5071 αὐτοὺς
930 5010 1291 5077 καταστῆναι,
1342 5009 1595 5081 ὁρίζομεν
1650 5009 1789 5063 ὥστε

216 5097 330 5147 ἀπὸ
359 5097 453 5149 τοῦ
482 5098 611 5163 νῦν,
641 5099 760 5170 ἦτοι
810 5101 917 5155 άπὸ
962 5100 1058 5153 τοῦ
1112 5102 1439 5172 Ἰανουαρίου
1489 5101 1653 5172 μηνὸς
1693 5101 1793 5169 τῆς

220 5186 606 5258 παρελθούσης
655 5191 921 5260 τετάρτης
969 5193 1389 5262 ἐπινεμήσεως,
1436 5193 1643 5262 μηδένα
1690 5192 1799 5245 τῶν

220 5278 486 5331 ἁπάντων
502 5278 795 5349 κληρικῶν,
817 5282 920 5335 κᾶν
937 5284 993 5334 ἐν
1006 5283 1301 5354 οίῳδήποτε
1323 5284 1561 5354 τυγχάνῃ
1586 5282 1685 5353 βαθ
1695 5282 1801 5352 μῷ,

1885 3540 2230 3612 promotionc
2266 3537 2705 3607 antiquissimus,
2743 3536 2824 3589 vir
2856 3533 3170 3595 laudabilis,
3214 3530 3381 3584 frater
3410 3537 3464 3582 et

1887 3633 2093 3702 collega
2128 3638 2316 3685 noster
2354 3628 2539 3682 Victor
2580 3628 2693 3681 vult
2726 3627 2867 3679 banc
2895 3624 3207 3695 petitionem
3237 3636 3464 3691 genera-

1888 3723 1993 3778 lem
2027 3721 2282 3779 omnibus
2310 3720 2469 3775 eflici.

1959 3898 2049 3953 90.
2092 3898 2223 3953 ltem
2276 3896 2480 3967 placuit
2528 3897 2549 3929 ³
2578 3935 2594 3961 ,
2651 3904 2712 3949 ut
2764 3893 3076 3963 quicunque
3124 3890 3178 3943 in
3233 3888 3464 3943 ecclesia

1889 3990 1975 4045 vel
1997 3989 2165 4045 semel
2190 3987 2403 4056 legerit,
2434 3987 2501 4039 ab
2531 3986 2635 4039 alia
2663 3983 2895 4038 ecclesia
2921 3981 2985 4034 ad
3014 3980 3329 4034 clericatum
3358 3994 3464 4030 non

1894 4092 2163 4137 teneatur.
2189 4080 2273 4151 LEt
2302 4082 2747 4148 subscripserunt
2779 4095 2790 4128 :
2818 4075 2924 4145 92
2959 4074 3210 4126 Aurelius
3250 4070 3465 4141 cpisco-

1893 4191 1992 4243 pus
2026 4173 2284 4229 Ecclcsia:
2317 4171 2767 4239 Carthaginensis
2799 4170 2923 4222 huic
2945 4167 3165 4221 decreto
3185 4164 3463 4224 consensi,

1893 4276 1945 4322 et
1980 4268 2235 4336 praelecto
2267 4264 2588 4332 subscripsi.
2619 4261 2880 4316 Similiter
2915 4268 2969 4314 et
3008 4257 3189 4312 caeteri
3221 4256 3463 4327 episcopi

1894 4359 2341 4429 subscripserunt
2367 4356 2500 4426 (28).

2003 4455 2229 4510 Concilii
2258 4452 2559 4508 wcuiitenici
2589 4450 2725 4504 sexti
2759 4464 2982 4502 canones
3020 4446 3218 4514 17,18,
3243 4444 3333 4500 9.0.

1968 4553 2055 4606 I7.
2098 4554 2369 4619 Quoniam
2409 4550 2748 4604 diversarum
2804 4544 3163 4600 ecclesiarum
3200 4540 3243 4572 ¹⁰
3285 4541 3465 4595 clerici

1897 4646 2151 4717 propriis,
2188 4645 2238 4697 in
2266 4643 2461 4711 quibus
2492 4637 2725 4693 ordinati
2773 4645 2920 4699 sunt,
2952 4635 3158 4689 relictis
3198 4632 3465 4693 ecclesiis,

1898 4740 1962 4794 ad
2001 4737 2137 4791 alios
2189 4736 2475 4805 episcopos
2511 4748 2568 4786 se
2600 4730 2974 4791 contulerunt,
3008 4739 3062 4780 et
3106 4727 3225 4780 sine
3260 4725 3465 4795 proprii

1896 4825 2139 4899 episcopi
2202 4822 2472 4879 sententia
2524 4820 2576 4873 in
2628 4818 2821 4871 alienis
2874 4815 3121 4869 ecclesiis
3184 4812 3465 4868 constituti

1900 4926 2050 4981 sunt,
2087 4920 2141 4968 et
2169 4927 2234 4965 es
2268 4925 2332 4963 eo
2358 4909 2507 4977 ipsos
2543 4906 2692 4959 reddi
2738 4903 3034 4957 insolentes
3064 4916 3126 4954 ac
3156 4900 3473 4954 inobedieu-

1899 5019 1980 5064 tes
2006 5006 2189 5061 evenit
2229 5021 2242 5055 :
2273 5000 2584 5061 statuimus,
2630 5005 2689 5051 ut
2718 5011 2745 5048 a
2777 5010 2959 5049 mense
2986 4992 3247 5047 Januario
3278 5000 3472 5061 praete-

1903 5101 2021 5155 ritze
2046 5105 2256 5167 quartae
2288 5091 2630 5157 indictionis,
2658 5088 2843 5141 nullus
2876 5085 3100 5140 omnino
3128 5083 3381 5146 clericus,
3417 5083 3470 5135 in

1896 5202 2221 5261 quocunque
2267 5184 2336 5239 sit
2370 5182 2573 5254 gradu,
2604 5187 2926 5249 potestatem
2964 5176 3156 5229 habeat
3199 5173 3315 5227 sine
3346 5188 3473 5240 pro~

1900 5279 2000 5349 prii
2031 5276 2269 5345 episcopi
2309 5275 2509 5342 scripta
2542 5267 2874 5331 dimissoria,
2910 5266 2965 5319 in
2998 5264 3188 5317 alienze
3231 5261 3474 5316 ecclesiae

222 5368 416 5421 ἄδειαν
436 5368 578 5439 ἔχειν
590 5371 747 5434 ἐκτὸς
762 5373 858 5441 τῆς
875 5372 966 5425 τοῦ
983 5374 1181 5426 οἰκείου
1202 5374 1503 5426 ἐπισκόπου
1529 5373 1787 5443 ἐγγράφω

1907 5370 2217 5439 catalogum
2252 5365 2462 5420 referri.
2512 5363 2610 5427 Qui
2641 5362 2741 5414 hoc
2779 5359 2924 5413 enim
2957 5373 2986 5410 a
3040 5354 3291 5426 prasenti
3333 5369 3477 5407 nunc

222 5458 566 5530 ἀπολυτικῖκ
586 5499 602 5525 ,
632 5462 692 5514 ἐν
723 5462 886 5533 ἑτέρᾳ
912 5462 1343 5516 κατατάττεσθαι
1367 5462 1654 5533 ἐκκλησία·
1685 5461 1787 5513 ἐπε

1906 5472 2150 5532 tempore
2202 5475 2310 5513 non
2352 5456 2671 5518 servaverit,
2702 5453 2796 5508 sed
2828 5450 2972 5521 quod
3004 5451 3056 5503 in
3108 5464 3166 5503 se
3197 5457 3299 5513 est,
3349 5462 3474 5500 eum

223 5551 255 5603 ὀ
303 5551 381 5621 μὴ
414 5551 570 5607 τοῦτο
612 5553 721 5607 ἀπὸ
747 5553 841 5606 τοῦ
878 5553 973 5607 νῦν
1030 5546 1584 5624 παραφυλαττόμενος
1608 5592 1622 5619 ,
1668 5553 1787 5606 me

1912 5554 2008 5623 qui
2041 5552 2115 5605 illi
2142 5566 2338 5605 manus
2367 5545 2648 5617 imposuit,
2683 5543 2951 5596 dedecore
3000 5537 3261 5603 afl‘ecerit,
3308 5535 3478 5605 depo-

304 5663 326 5694 ⁸
350 5664 653 5720 Concilium
682 5665 852 5721 Afric.
883 5680 1003 5735 cap.
1038 5665 1128 5720 2i.

1240 5667 1261 5697 ⁹
1288 5664 1590 5720 Concilium
1624 5663 1798 5719 Afrie.
1833 5680 1953 5735 cap.
1991 5664 2080 5719 57.

2187 5663 2229 5694 ¹⁰
2269 5659 2530 5717 Clialced.
2561 5658 2698 5712 Can.
2726 5657 2780 5720 6,
2814 5655 2902 5723 10,
2936 5654 3028 5709 20.

1734 5756 1968 5813 NOTAE.

307 5852 419 5921 (27)
461 5852 788 5921 Episcopum
827 5852 857 5906 γ
870 5855 1225 5907 azaritanum.

1985 5848 2098 5918 (εδ)
2141 5848 2271 5901 Vide
2302 5846 2529 5915 August.
2560 5842 2716 5910 epist.
2746 5841 2851 5897 210
2877 5851 2928 5895 et
2961 5840 3088 5893 2'55.
