3908 6296
661 327 768 391 547
1826 321 2082 382 ΡΠΟΤῘῙ
2112 323 2200 383 ΡΛ

2319 321 2614 383 [ΑΒΕ]Ιῖἦὲ
2653 324 2762 385 CP.
3778 338 3862 399 5-18

661 443 826 488 natur
869 439 923 486 et
962 430 1097 502 ipse,
1137 439 1193 485 et
1231 429 1324 499 qui
1375 444 1498 486 eum
1550 439 1745 501 prmter
1805 433 2071 487 rationem
2129 450 2204 490 su:

2346 436 2746 507 καταισχύνων,
2781 431 2842 490 τό
2867 453 2929 505 γε
2978 436 3064 490 ἐπ’
3089 437 3259 508 αὐτῷ,
3305 440 3396 493 τὸν
3437 441 3537 513 τὴν
3582 453 3865 517 χειροτονίαν

660 524 825 594 copit.
2343 526 2492 596 αὐτῷ
2541 529 2936 592 ἐπιτεθεικότα,
2991 530 3361 602 καθαιρείσθω
3401 535 3494 588 καὶ
3540 537 3694 600 αὐτὸς
3735 544 3866 598 καὶὸ

2345 619 2677 690 παραλόγως
2701 620 2859 672 αὐτὸν
2886 623 3339 691 προσδεξάμενος.

740 705 829 759 l8.
870 703 978 757 Eos
1001 701 1095 772 qui
1127 701 1430 757 barbaricae
1483 701 1814 757 incursionis
1846 709 2129 770 prmiextu,
2160 701 2243 754 vri

2418 709 2508 780 ιη’.
2575 710 2716 774 Τοὺς
2772 712 3044 780 προφάσει
3095 713 3432 784 βαρϐαρικῆς
3484 715 3799 788 ἐπιδρομῆς,
3840 728 3862 793 ἢ

664 799 852 866 aliquo
883 797 991 850 alio
1033 795 1198 849 modo
1236 803 1459 865 propter
1487 795 1724 864 aliquam
1771 795 2207 849 circumstantiar

2337 801 2518 866 ἄλλως
2549 820 2666 866 πως
2693 805 2758 856 ἐκ
2782 804 3156 874 περιστάσεως
3177 846 3192 868 ,
3232 806 3570 874 μετανάστας
3591 812 3866 880 γενομένους

664 889 1026 958 emigrarnnt,
1061 887 1316 952 clericos,
1347 896 1633 954 postquam
1678 886 1876 940 modus
1907 887 1997 939 ille
2035 900 2098 940 ac
2137 887 2207 938 eil

2345 893 2638 962 κληρικοῦς
2657 935 2671 957 ,
2706 895 2869 964 ἡνίκα
2896 895 2942 948 δ’
2989 896 3055 950 ἂν
3087 897 3116 949 ό
3146 897 3347 966 τρόπος
3383 899 3568 961 αὐτοῖς
3591 901 3867 974 ἀποπαύση-

667 980 1002 1034 cumstantia
1063 979 1312 1041 cessarit,
1381 979 1462 1030 Vt-l
1515 979 1815 1032 barbaricae
1877 978 2210 1032 incursiones

2343 1002 2467 1048 ται,
2499 985 2532 1055 ἢ
2562 987 2617 1038 αί
2652 986 2758 1038 τῶν
2794 986 3081 1058 βαρϐάρων
3117 989 3442 1060 ἐπιδρομαὶ,
3485 989 3552 1042 δι’
3585 991 3621 1043 ἃ
3654 992 3742 1064 τὴν
3769 996 3869 1049 ἀνα.

669 1079 888 1139 propter
925 1083 1072 1137 quas
1109 1075 1469 1131 recesserant,
1503 1082 1697 1121 rursus
1747 1068 1800 1119 in
1835 1081 1964 1121 suas
1989 1066 2210 1135 juhemu

2344 1074 2586 1146 χώρησιν
2613 1079 2972 1147 ἐποιήσαντο,
3008 1079 3164 1144 αὖθις
3207 1081 3265 1133 ἐν
3305 1083 3424 1145 ταῖς
3461 1083 3685 1146 οἰκείαις
3711 1087 3867 1156 ἐκκλη-

671 1161 929 1216 ecclesias
965 1158 1160 1212 reverti
1184 1198 1198 1221 ,
1229 1174 1329 1211 nec
1377 1173 1470 1212 cas
1515 1158 1606 1211 diu
1659 1158 1867 1226 absque
1896 1157 2042 1226 justa
2079 1171 2210 1210 caus

2347 1168 2491 1232 σίαις
2523 1169 2932 1239 προστάσσομεν
2957 1171 3384 1242 ἐπανέρχεσθαι,
3425 1173 3522 1225 καὶ
3554 1173 3628 1242 μὴ
3654 1174 3738 1226 ἐπὶ
3766 1179 3867 1232 πολὺ

670 1252 989 1318 relinquere.
1025 1249 1079 1300 Si
1107 1249 1232 1317 quis
1259 1257 1442 1302 autem
1487 1263 1617 1310 non,
1653 1257 1708 1300 ut
1739 1261 1979 1316 praesens
2005 1247 2116 1300 vult
2145 1261 2207 1302 ca

2345 1262 2548 1325 ταύτας
2581 1263 3004 1332 ἀπροφασίστως
3039 1263 3490 1332 καταλιμπάνειν.
3535 1265 3598 1316 El.
3628 1265 3681 1317 δέ
3709 1284 3780 1329 τις
3815 1271 3867 1338 μὴ

667 1358 796 1408 non,
831 1342 1044 1405 adierit,
1079 1354 1413 1410 segregetnr,
1446 1341 1621 1395 donec
1670 1341 1734 1394 ad
1771 1356 1922 1395 suam
1959 1340 2210 1394 ecclesia:

2347 1349 2489 1404 κατά
2534 1351 2626 1404 τὸν
2675 1351 2920 1422 παρόντα
2955 1351 3270 1421 διαγένηται
3304 1352 3536 1416 κανόνα,
3571 1353 3868 1424 ἀφοριζέσθω

667 1433 870 1487 redeat.
906 1434 1021 1485 Hoc
1057 1433 1233 1501 ipsum
1258 1440 1438 1486 autem
1467 1431 1626 1485 etiam
1659 1431 1715 1484 in
1743 1445 1811 1485 eo
1841 1431 1936 1483 ﬁat.
1963 1430 2210 1500 episcopc

2351 1442 2544 1511 μέχρις
2580 1441 2646 1495 ἂν
2673 1442 2809 1512 πρὸς
2831 1443 2928 1511 τὴν
2956 1443 3162 1495 οἰκείαν
3194 1443 3491 1512 ἐκκλησίαν
3521 1445 3865 1517 ἐπαναδράμοι.

667 1526 759 1595 qui
795 1525 950 1579 illum
977 1525 1207 1578 detinet.
2347 1535 2422 1588 Τὸ
2448 1534 2580 1588 αὐτὸ
2627 1536 2686 1588 δὲ
2723 1535 2880 1588 τοῦτο
2922 1535 3018 1588 καὶ
3057 1536 3148 1588 ἐπὶ
3177 1535 3256 1605 τῷ
3296 1536 3584 1606 κατέχοντι
3610 1539 3758 1592 αὐτὸν
3776 1541 3868 1592 ἐπι·

2350 1625 2536 1696 σκόπῳ
2567 1626 2819 1694 γινέσθω.

735 1724 824 1776 ΞΟ.
860 1721 938 1778 Ne
966 1723 1127 1776 liceat
1155 1722 1409 1792 episcopo
1457 1720 1513 1774 in
1544 1719 1649 1775 alia
1674 1721 1740 1786 “,
1771 1735 1892 1791 quze
1944 1719 2008 1774 ad
2049 1735 2108 1774 se
2140 1735 2245 1775 non

2422 1723 2491 1773 κ’.
2525 1719 2615 1789 Μὴ
2646 1718 2847 1783 ἐξέστω
2877 1719 3158 1791 ἐπισκόπῳ
3186 1721 3266 1784 είς
3297 1721 3493 1792 ἐτέραν
3535 1721 3634 1791 τὴν
3665 1721 3731 1791 μὴ
3755 1723 3865 1791 αὐτῷ

669 1817 920 1885 pertinet,
966 1815 1185 1868 civitate
1213 1814 1424 1883 publice
1457 1813 1676 1866 docere.
1703 1811 1759 1866 Si
1781 1813 1905 1882 quis
1940 1821 2117 1865 antem
2147 1812 2212 1864 ho

2348 1812 2733 1880 προσήκουσαν
2765 1812 2917 1864 πόλιν
2941 1813 3176 1885 δημοσίᾳ
3199 1813 3473 1867 διδάσκειν
3494 1831 3507 1845 ·
3540 1813 3666 1882 είβέ
3691 1831 3763 1876 τις
3786 1833 3866 1882 φω-

671 1907 848 1960 faeere
890 1906 1258 1974 deprehensus
1287 1903 1482 1968 fuerit,
1535 1905 1602 1956 ab
1641 1905 1952 1973 episcopatu
1983 1902 2210 1957 desistat

2349 1898 2540 1970 ραθείη
2560 1899 2718 1953 τοῦτο
2752 1901 2942 1966 ποιῶν,
2971 1903 3070 1971 τῆς
3099 1901 3405 1972 ἐπισκοπῆς
3433 1899 3716 1965 παυέσθω,
3746 1900 3801 1952 τὰ
3826 1900 3865 1951 δὲ

670 1998 964 2067 presbyteri
999 2005 1178 2050 autem
1213 2011 1438 2050 munere
1469 1995 1751 2064 fungatur.

1636 2005 1751 2050 itur.
2345 1989 2440 2044 τοῦ
2471 1989 2842 2062 πρεσϐυτέρου
2869 1993 3179 2063 ἐνεργείτω.

737 2090 845 2161 93
871 2089 1084 2143 Textus.
1104 2090 1291 2144 Const.
1309 2090 1340 2144 9
1361 2097 1414 2144 ct
1444 2089 1532 2154 10,
1560 2091 1638 2143 tit.
1664 2089 2046 2144 lNovellarum
2069 2090 2244 2155 aiunt,

2431 2080 2494 2135 Ἦ
2529 2081 2582 2135 δὲ
2607 2081 2654 2134 θ’
2688 2084 2783 2136 καὶ
2814 2090 2846 2136 ι’
2878 2084 3018 2138 διάτ.
3047 2084 3142 2137 τοῦ
3175 2085 3340 2138 α’τίτ.
3371 2084 3484 2139 τῶν
3517 2083 3716 2155 νεαρῶν
3737 2083 3861 2150 λέγει,

671 2181 810 2248 quod
865 2179 921 2232 in
972 2179 1215 2248 Magnam
1265 2177 1544 2232 ecclesiam
1592 2177 2214 2248 Constantinopolitanae

2345 2173 2464 2235 πῶς
2531 2175 2613 2236 είς
2661 2172 2763 2244 τὴν
2816 2175 3074 2246 Μεγάλην
3133 2176 3431 2247 ἐκκλησίαν
3481 2177 3863 2228 Κωνσταντινουο

669 2272 898 2325 aliarhm
930 2269 1048 2338 ejus
1077 2270 1432 2322 ecclesiarum
1468 2269 1652 2322 clerici
1683 2267 2104 2324 transferantur.

2344 2261 2556 2325 πόλεως
2604 2263 2656 2315 oi
2697 2261 2806 2317 τῶν
2847 2263 3022 2318 ἄλλων
3083 2265 3252 2338 αὐτῆς
3303 2264 3614 2336 ἐκκλησιῶν
3664 2265 3863 2334 κληρικοὶ

2347 2354 2744 2423 μετατίθενται.

743 2446 896 2502 CAP.
947 2445 1158 2501 XXVII.
1191 2477 1260 2486 —
1310 2446 1384 2500 De
1416 2461 1474 2499 eo
1514 2447 1603 2514 qui
1634 2447 1832 2516 peccati
1879 2462 2019 2512 reus,
2053 2447 2244 2502 nihilo-

2413 2446 2664 2502 ΚΕΦΑΛ.
2696 2447 2823 2502 KZ'.
2839 2477 2909 2488 —
2933 2449 3073 2516 Περὶ
3099 2448 3206 2503 τοῦ
3228 2448 3625 2520 ὑποκειμένου
3654 2447 3859 2517 ἁμαρτή-

668 2539 843 2592 minus
883 2538 1158 2591 ordinatus
1187 2537 1309 2606 fuit.

2341 2551 2499 2606 ματι,
2533 2538 2628 2591 καί
2665 2542 3203 2609 χειροτονηθέντος.

973 2627 1200 2682 (ἷοηείιὶί
1238 2625 1451 2681 Nicwm'
1500 2643 1725 2681 canones
1757 2629 1810 2692 9,
1846 2629 1933 2684 10.

2656 2633 2923 2688 Συνόδου
2947 2634 3195 2700 Νικαίας
3220 2633 3423 2687 κανὼν
3451 2632 3498 2686 θ’
3520 2670 3536 2696 ,
3575 2637 3623 2687 ι’.

739 2720 792 2775 9.
819 2719 874 2774 Si
929 2719 1023 2787 qui
1067 2720 1202 2774 citra
1250 2717 1708 2771 examinationem
1769 2720 1812 2750 "
1850 2718 2082 2788 promoti
2119 2724 2247 2772 sunt

2414 2727 2476 2782 θ’.
2518 2726 2736 2792 Εἷτινες
2766 2724 3136 2790 ἀνεξετάστως
3152 2723 3513 2795 προήχθησαν
3531 2720 3857 2792 πρεσϐύτεροι,

667 2811 990 2882 presbyteri,
1027 2810 1108 2863 vel
1133 2807 1428 2862 examinati
1448 2822 1546 2862 sua
1577 2817 1799 2878 peccata
1826 2807 2063 2863 confessi
2096 2817 2210 2862 sunl

2343 2820 2377 2892 ἢ
2405 2821 2818 2892 ἀνακρινόμενοι
2850 2817 3204 2888 ὡμολόγησαν
3227 2818 3296 2870 τὰ
3319 2816 3682 2887 ἡμαρτημένα
3701 2816 3856 2878 αὐτοξ,

666 2901 854 2969 εἰειιιιε
901 2900 1188 2963 confessis,
1242 2910 1442 2967 praeter
1491 2913 1754 2953 canonem
1815 2898 1945 2952 moti
1999 2900 2209 2952 homine

2344 2912 2436 2964 καὶ
2456 2910 2904 2981 ὁμολογησάντων
2925 2909 3124 2973 αὐτῶν,
3159 2909 3311 2980 παρά
3352 2909 3558 2962 κανόνα
3609 2906 3858 2977 κινούμενοι

669 3007 864 3045 manus
891 2991 1288 3059 imposuerunt.
1328 3004 1425 3044 eos
1458 3004 1632 3044 canon
1659 3005 1765 3044 non
1796 2990 2052 3044 admittit.
2090 2991 2212 3051 Ουιιι

2343 3001 2392 3052 οἱ
2427 3000 2724 3070 ἄνθρωποι,
2763 3003 2876 3063 τοῖς
2892 3000 3152 3062 τοιούτοις
3178 3003 3335 3070 χεῖρα
3371 2997 3859 3062 ἐπιτεθείκασι,τούο

669 3091 756 3139 est
775 3085 918 3138 enim
940 3098 969 3137 a
992 3082 1412 3152 reprehensione
1432 3081 1689 3148 alienum,
1713 3081 1952 3137 defendit
1973 3081 2212 3137 Ecclesia

2340 3111 2467 3156 τους
2515 3094 2544 3145 ὁ
2576 3092 2756 3146 κανὼν
2808 3092 2870 3146 οὐ
2909 3092 3230 3162 προσίεταιο
3269 3094 3332 3146 τὸ
3380 3091 3497 3163 γὰρ
3547 3091 3856 3162 ἀνεπίληπτον

2339 3186 2598 3256 ἐκδικεῖὴ
2628 3185 2888 3256 καθολικὴ
2924 3185 3241 3257 Ἐκκλησία.

742 3277 829 3333 10.
869 3278 1186 3348 Quicunque
1216 3295 1280 3334 ex
1315 3279 1380 3334 iis
1405 3277 1498 3350 qui
1522 3279 1658 3348 lapsi
1687 3278 1934 3342 sunt,ch
1961 3293 2056 3348 per
2089 3279 2240 3350 igno-

2411 3283 2464 3330 ι’.
2509 3275 2664 3330 Ὀσοι
2691 3276 3182 3348 προεχειρίσθησαν
3217 3276 3330 3331 τῶν
3363 3274 3854 3348 παραπεπτωκότων,

667 3369 925 3430 rantiam,
953 3369 1034 3422 vel
1069 3369 1368 3423 scientibus
1405 3369 1472 3423 iis
1502 3369 1594 3439 qui
1631 3377 2050 3438 promoverunt,
2087 3368 2205 3421 ordi

2338 3368 2479 3422 κατὰ
2500 3368 2746 3437 ἄγνοιαν,
2784 3369 2819 3439 ἢ
2841 3373 2934 3422 καὶ
2970 3370 3301 3442 προειδότων
3333 3369 3449 3424 τῶν
3490 3367 3855 3440 προχειρισαμέ-

669 3459 779 3512 nati
811 3467 959 3525 sunt,
991 3459 1093 3512 hoc
1123 3459 1495 3514 ecclesiastico
1519 3458 1715 3514 canoni
1755 3470 1864 3510 non
1901 3454 2212 3524 praeiudicat

2338 3477 2478 3525 νων,
2509 3460 2666 3515 τοῦτο
2711 3462 2774 3516 οὗ
2815 3462 3096 3542 προκρίνει
3139 3462 3217 3534 τῷ
3256 3462 3449 3517 κανόνι
3503 3461 3580 3533 τῷ
3627 3459 3857 3530 ἐκκλησια-

665 3551 708 3608 li
740 3554 882 3607 enim
909 3554 1108 3623 cogniti
1138 3553 1505 3622 deponuntur.

2341 3549 2510 3620 στικῷ
2537 3565 2552 3580 ο
2584 3550 2919 3618 γνωσθέντες
2945 3547 3054 3622 γᾶρ
3077 3550 3495 3622 καθαιροῦνται.

841 3643 1062 3698 Concilii
1087 3643 1291 3697 Nicmni
1329 3642 1776 3697 Neocmariensis
1807 3657 1974 3694 canon
2010 3639 2064 3695 9.

2554 3642 2824 3697 Συνόδου
2881 3643 3344 3710 Νεοκαισαρείιις
3378 3641 3587 3695 κανὼν
3638 3654 3657 3694 1

738 3732 794 3788 Si
849 3734 1173 3805 presbyter,
1231 3735 1322 3804 qui
1380 3749 1610 3803 corpore
1660 3735 1810 3802 prius
1873 3738 2237 3802 peccaverat,

2410 3739 2787 3810 Πρεσϐύτερος
2845 3736 2942 3790 ἐὰν
3006 3733 3456 3807 προημαρτηκὼς
3517 3731 3713 3802 σώματι
3759 3746 3852 3798 προ-

666 3834 949 3892 promotus
985 3824 1166 3888 fuerit,
1201 3833 1254 3878 et
1291 3825 1334 3878 si
1381 3835 1508 3878 ante
1540 3823 1939 3877 ordinationem
1984 3837 2206 3891 peccass

2339 3829 2499 3900 αχθῇ,
2538 3831 2632 3883 καὶ
2665 3829 2972 3899 ὁμολογήσῃ
3008 3828 3090 3880 ὃτι
3133 3827 3349 3897 ἥμαρτε
3387 3825 3499 3896 πρὸ
3525 3825 3621 3894 τῆς
3666 3837 3852 3892 χειροτο·

665 3914 951 3969 confessus
993 3913 1174 3979 fuerit,
1211 3932 1274 3968 ne
1317 3917 1526 3982 oﬂ‘urat,
1573 3930 1799 3970 manens
1839 3915 1891 3968 in
1924 3914 2065 3978 aliis,
2114 3929 2208 3984 pro

2337 3922 2476 3988 νίας,
2514 3919 2589 3991 μὴ
2639 3919 3036 3991 προσφερέτω,
3093 3918 3266 3988 μένων
3292 3919 3349 3969 ἐν
3387 3919 3507 3980 τοῖς
3551 3916 3750 3976 λοιποῖς,
3787 3912 3849 3964 διὰ

667 4017 786 4077 pter
814 4008 956 4060 aliud
996 4007 1116 4076 ejus
1165 4010 1318 4061 bona:
1347 4007 1468 4061 vitae
1511 4008 1772 4062 studium.
1821 4005 2048 4075 Reliqua
2093 4005 2210 4060 enin

2336 4011 2437 4083 τὴν
2490 4011 2657 4081 ἀλλην
2711 4011 2967 4079 σπουδήν.
3026 4009 3108 4062 Τὰ
3160 4009 3268 4079 γὰρ
3324 4007 3492 4060 λοιπὰ
3541 4007 3849 4085 ἀμαρτήματα

667 4107 886 4166 peccata
949 4097 1137 4152 dicunt
1183 4098 1329 4151 undti
1394 4113 1650 4151 manuum
1698 4097 2043 4165 impositione
2100 4097 2210 4150 tolli

2337 4101 2546 4171 ἔφασαν
2574 4103 2622 4156 οἱ
2661 4101 2846 4154 πολλοὶ
2874 4103 2970 4153 καὶ
2996 4100 3096 4170 τὴν
3130 4099 3474 4171 χειροθεσίαν
3504 4099 3724 4168 ἀφιέναι.
3758 4095 3849 4148 Ἐὰν

665 4188 820 4254 Quod
859 4189 904 4242 si
945 4189 1056 4257 ipsa
1102 4203 1208 4242 non
1256 4187 1601 4250 confiteatur,
1653 4196 1836 4257 aperte
1884 4196 2063 4240 autem
2099 4203 2204 4239 con

2336 4193 2394 4248 δὲ
2427 4193 2589 4255 αὐτὸς
2645 4192 2722 4262 μὴ
2775 4191 3034 4262 ὁμολογῇ,
3081 4189 3401 4261 ἐλεγχθῆναι
3448 4191 3506 4243 δέ
3554 4186 3770 4258 φανερῶς
3795 4184 3847 4254 μὴ

668 4282 812 4336 vinci
849 4296 956 4334 non
993 4281 1249 4350 poluerit,
1284 4281 1430 4334 illius
1465 4294 1681 4350 quoque
1709 4279 1756 4334 ei
1787 4279 1879 4333 ﬁat
1907 4286 2163 4349 potestas.

2335 4283 2561 4354 δυνηθῇ,
2594 4283 2680 4336 ἐπ’
2711 4282 2862 4352 αύτῷ
2892 4284 3084 4352 ἐκείνῳ
3112 4282 3379 4335 ποιεῖσθαι
3402 4281 3505 4352 τὴν
3534 4278 3768 4345 ἐξουσίαν.

1160 4371 1353 4425 Basilii
1415 4386 1582 4424 canon
1635 4370 1725 4423 Ἦ.

2759 4377 3085 4430 Βασιλείου
3123 4375 3324 4430 κανὼν
3349 4374 3455 4439 κζ’.

733 4465 825 4518 Ἦ.
881 4463 953 4520 De
993 4464 1304 4535 presbytero
1329 4501 1343 4526 ,
1385 4461 1476 4530 qui
1514 4461 1749 4514 insciens
1794 4458 1992 4513 illicitis
2031 4451 2276 4528 nuptiis]

2301 4457 2310 4500 ⁵
2409 4467 2512 4533 κζ’.
2531 4468 2666 4541 Περὶ
2682 4467 2776 4522 τοῦ
2797 4468 3168 4539 πρεσϐυτέρου
3184 4468 3278 4522 τοῦ
3295 4469 3436 4522 κατά
3451 4468 3662 4536 ἄγνοιαν
3673 4463 3844 4532 ἀθέσμῳ

666 4553 974 4623 implicatus
1030 4565 1131 4620 est,
1189 4553 1352 4608 statui
1409 4568 1528 4622 quae
1581 4553 1884 4621 oportebat,
1946 4550 2209 4604 cathedra

2334 4557 2498 4627 γάμῳ
2562 4558 2997 4629 περιπαρέντος,
3061 4557 3233 4626 ὥρισα
3292 4557 3329 4611 ἃ
3374 4558 3589 4630 ἐχρῆν,
3635 4553 3843 4622 καθέδρας

665 4648 880 4716 quidem
915 4648 1226 4716 participem
1259 4662 1399 4711 esse,
1438 4647 1592 4700 sed‘a
1629 4645 1851 4715 reliquis
1880 4645 2082 4699 muniis
2113 4645 2208 4697 abs

2337 4648 2438 4718 μὲν
2489 4649 2753 4718 μετέχειν,
2786 4648 2894 4702 τῶν
2922 4648 2978 4700 δὲ
3007 4648 3206 4701 λοιπῶν
3235 4649 3528 4718 ἐνεργειῶν
3558 4644 3838 4716 ἀπέχεσθαι·

667 4738 858 4793 tinere.
901 4736 1034 4790 Nam
1068 4737 1196 4792 satis
1238 4747 1319 4791 est
1366 4737 1642 4804 ejusmodi
1678 4737 1883 4791 homini
1923 4735 2104 4790 venia.
2171 4733 2208 4787 U

2332 4737 2565 4808 ἀρκετὸν
2605 4739 2714 4808 γὰρ
2765 4737 2844 4808 τῷ
2895 4739 3122 4808 τοιούτῳ
3179 4740 3212 4808 ἡ
3272 4738 3570 4809 συγγνώμη
3595 4755 3609 4769 ο
3655 4734 3840 4801 εὐλογεῖν

662 4839 848 4885 autem
876 4830 1042 4884 alium
1087 4829 1386 4894 benedicat,
1432 4828 1524 4899 qui
1574 4830 1792 4898 propria
1840 4844 2036 4884 curare
2076 4827 2205 4884 dcbe

2331 4827 2387 4881 δὲ
2431 4827 2620 4898 ἕτερον
2663 4829 2754 4882 τὸν
2795 4830 2864 4883 τὰ
2909 4831 3084 4884 οἰκεῖα
3118 4830 3376 4900 τημελεῖν
3423 4829 3690 4899 ὀφείλοντα
3714 4823 3840 4894 τραύ-

662 4922 910 4986 vulnera,
967 4919 1192 4973 minime
1243 4930 1693 4973 consentaneum.
1738 4918 2046 4974 Benedictio
2086 4920 2205 4976 enin

2337 4937 2482 4990 ματα
2537 4921 2918 4976 ἀνακόλουθον.
2966 4921 3199 4990 Εὐλογία
3245 4922 3352 4991 γὰρ
3407 4918 3671 4989 ἀγιασμοῦ
3713 4914 3838 4985 μετά-

663 5013 1114 5068 sanctiﬁcationis
1157 5009 1266 5082 94
1297 5010 1718 5064 communicatio
1763 5019 1872 5064 est.
1929 5011 2100 5076 Quam
2140 5030 2206 5084 qn

2331 5012 2476 5075 δοσίς
2520 5012 2686 5066 ἐστιν.
2753 5011 2814 5067 '0
2863 5013 2920 5065 δὲ
2980 5013 3142 5066 τυῦτο
3200 5012 3276 5084 μὴ
3321 5014 3460 5084 ἔχων
3502 5011 3586 5065 διὰ
3616 5008 3669 5062 τὸ
3695 5008 3747 5060 ἐκ
3768 5004 3837 5071 τῆς

662 5120 770 5158 non
802 5107 982 5170 habet,
1013 5114 1288 5173 propterea
1316 5101 1456 5172 quod
1490 5101 1727 5158 insciens
1756 5101 1942 5171 lapsus
1977 5113 2202 5173 cst,quo

2328 5105 2551 5174 ἀγνοίας
2593 5105 2966 5175 παράπτωμα,
3015 5103 3133 5168 πῶς
3167 5105 3336 5176 ἐτέρῳ
3365 5103 3682 5175 μεταδώσει;
3723 5099 3835 5165 Μήτε

662 5197 824 5250 modo
851 5197 972 5250 aliis
1007 5195 1310 5262 impertiet?
1353 5194 1539 5264 Itaque
1585 5209 1685 5248 nec
1732 5194 1946 5264 publice
1988 5210 2088 5251 nec
2119 5197 2200 5265 pri

2327 5197 2505 5250 τοίνυν
2532 5197 2594 5268 δη
2605 5195 2788 5267 μοσία,
2835 5198 2969 5266 μήτε
2999 5195 3105 5266 ίδίᾳ
3133 5195 3438 5265 εὐλογείτω,
3477 5198 3610 5266 μήτε
3631 5193 3684 5246 τὸ
3716 5189 3837 5257 σῶμα

664 5287 825 5338 vatim
865 5286 1164 5350 benedicat,
1195 5274 1294 5341 nec
1319 5302 1517 5356 corpus
1541 5285 1740 5341 Christi
1772 5287 2059 5342 distribuat
2083 5288 2206 5342 aliis

2328 5286 2422 5338 τοῦ
2453 5287 2691 5357 Χριστοῦ
2724 5287 3080 5358 κατανεμέτω
3108 5287 3336 5359 ἑτέροις,
3365 5288 3500 5358 μήτε
3527 5303 3580 5338 τι
3612 5283 3722 5339 ἄλλο
3762 5280 3836 5330 λει-

663 5390 760 5430 nec
794 5377 1026 5444 quodvis
1064 5376 1213 5431 aliud
1263 5394 1480 5433 sacrum
1517 5395 1716 5434 munus
1747 5379 1927 5445 obeat,
1965 5379 2080 5439 sed.
2128 5379 2200 5432 ho

2327 5379 2623 5447 τουργείτω
2647 5396 2663 5412 ο
2708 5379 2825 5432 ἀλλ’
2872 5379 3211 5451 ἀρκούμενος
3269 5382 3335 5451 τῇ
3388 5377 3656 5450 προεδρίᾳ,
3705 5387 3834 5442 προς·

659 5466 883 5521 ooritica
912 5466 1038 5521 sede
1069 5475 1379 5534 contentus,
1411 5478 1561 5538 roget
1590 5483 1717 5523 cum
1749 5467 2006 5539 laerymis
2042 5467 2202 5522 Domit

2329 5467 2562 5521 κλαιέτω
2587 5467 2666 5537 τῷ
2699 5469 2892 5542 Κυρίῳ
2932 5470 3354 5542 συγχωρηθῆναι
3381 5468 3529 5540 αύτῷ
3564 5468 3620 5521 τὸ
3669 5467 3724 5518 ἐκ
3757 5459 3831 5529 τῆς

662 5573 812 5620 num,
843 5568 902 5612 ut
923 5558 1025 5613 sibi
1048 5557 1371 5629 ignorantia:
1405 5567 1686 5628 peccatum
1716 5559 2044 5614 remittatur.

1308 5559 1371 5613 ia:
1405 5567 1686 5628 peccatum
1716 5559 2044 5614 remittatur.
2325 5556 2547 5626 ἀγνοίας
2571 5557 2849 5629 ἀνόμημα.

729 5721 769 5752 ¹¹
799 5721 983 5792 Apost.
1021 5736 1140 5778 can.
1169 5720 1268 5788 t4;
1301 5721 1556 5779 Antioch.
1589 5736 1712 5778 can.
1747 5720 1832 5776 t6.
1903 5722 1944 5756 ι’
1977 5721 2216 5781 Neocazs.
2249 5724 2301 5779 9.
