3994 6400
226 373 331 437 549

292 574 354 626 δ’.
394 572 528 641 Περὶ
557 569 613 622 δὲ
659 567 880 633 Πανοὺφ
925 563 1020 616 τοῦ
1048 561 1414 622 καταστάντος
1466 559 1716 612 διακόνου
1744 558 1804 609 ἐν

219 667 290 734 τῇ
321 661 488 730 Λυκῷ
525 660 762 730 ζητῆσαι
793 674 806 687 ·
835 655 930 710 καὶ
983 655 1033 708 εί
1085 655 1184 725 μὲν
1230 652 1480 724 εὑρεθείη
1515 643 1670 710 οὗτος
1721 648 1803 700 ἐτι

222 749 635 823 κατηχούμενος
661 748 966 817 τυγχάνων,
993 745 1092 815 τὴν
1113 744 1402 812 ἀδελφιδῆν
1441 740 1636 794 ἐαυτοῦ
1668 738 1805 809 πρὸς

222 844 407 912 γάμου
435 841 721 895 κοινωνίαν
748 839 1059 909 δεξάμενος,
1121 835 1262 907 μετά
1297 835 1354 887 δὲ
1411 833 1472 886 τὸ
1517 832 1804 903 βάπτισμα

222 937 306 997 εἰς
337 933 541 1004 κλῆρον
559 931 766 1001 ἀχθεὶς,
805 931 1011 999 μενέτω
1041 930 1098 981 ἐν
1132 926 1210 995 τῷ
1239 926 1449 996 κλήρῳ,
1475 925 1605 992 εῐγε
1625 922 1806 976 κεκοί-

227 1043 405 1097 μηται
440 1025 647 1094 ἐκείνη,
701 1023 794 1075 καὶ
821 1021 960 1092 μετά
1009 1021 1071 1073 τὸ
1119 1020 1403 1090 βάπτισμα
1429 1019 1489 1072 ού
1545 1015 1806 1072 κεκοινώ-

222 1134 400 1187 νηκεν
451 1117 610 1186 αὐτῇ.
668 1115 731 1167 Et
799 1113 854 1166 δέ
906 1111 1098 1175 πιστὸς
1159 1112 1444 1181 τυγχάνων
1492 1108 1592 1180 τὴν
1637 1107 1808 1180 αὐτὴν

220 1207 520 1276 ἀδελφιδῆν
583 1204 774 1259 ἐαυτοῦ
831 1203 966 1271 πρὸς
1014 1201 1197 1273 γάμου
1238 1201 1520 1266 κοινωνίαν
1570 1199 1806 1264 ἐδέξατο,

224 1299 376 1350 ἔστω
404 1295 498 1350 τοῦ
539 1295 745 1365 κλήρου
794 1291 1102 1360 ἀλλότριος.
1151 1292 1225 1345 Ού
1265 1292 1375 1361 γὰρ
1406 1290 1689 1359 πρόκριμα
1731 1288 1810 1360 τῷ

222 1386 518 1455 ὲπισκόπῳ
587 1384 746 1454 φέρει
817 1381 1137 1446 Ἀπόλλωνι,
1200 1381 1248 1434 εί
1305 1377 1364 1444 ἐξ
1422 1379 1646 1448 ἀγνοίας
1676 1396 1809 1433 κατ-

220 1479 466 1548 έστησεν
505 1477 686 1528 αὐτόν.

185 1634 188 1636 _
298 1568 367 1622 ε’.
405 1567 542 1638 Περὶ
598 1564 793 1620 Ἰακὼϐ
847 1565 1082 1634 ζητῆσαι
1115 1579 1130 1595 ο
1199 1563 1246 1616 εἰ
1308 1559 1662 1630 ἀναγνώστης
1712 1560 1809 1624 ὢν,

220 1661 541 1730 ἐγκλήματι
598 1658 852 1730 πορνείας
891 1656 1190 1718 ὑπεύθυνος
1231 1653 1440 1724 ἐδείχθη
1468 1694 1482 1716 ,
1527 1653 1620 1706 καὶ
1663 1653 1815 1722 παρά

219 1750 338 1803 ⁸τῶν
393 1749 774 1821 πρεσϐυτέρων
830 1746 1115 1817 ἐξεϐλήθη,
1165 1741 1286 1798 εἶτα
1345 1745 1808 1815 κεχειροτόνηται,

965 362 1362 424 ΞΥΝΤᾹΟΜΛ
1397 355 1784 419 (ἋΝΟΝΠΜ.
1832 378 1900 390 -
1933 353 2080 415 ΤΙΤ.
2120 354 2168 428 Ῐ,
2203 356 2361 416 CAP.
2397 357 2666 420 XXVIII.

279 480 570 552 Θεοφίλου
595 477 663 532 ἐκ
684 475 792 530 τοῦ
819 472 1279 542 ὑπομνηστικοῦ
1298 469 1498 523 κανὼν
1527 469 1589 530 δ’,
1623 473 1687 534 ε’,
1709 472 1783 535 η’.
1849 474 1895 526 Α

3387 360 3493 424 550

2139 465 2414 536 Theophili
2439 469 2827 523 commonitorii
2856 484 3024 525 canon
3050 471 3102 537 4,
3131 471 3188 538 5,
3225 473 3282 528 8.

1979 555 2034 608 4.
2071 555 2147 611 De
2175 555 2426 626 I‘anupb,
2451 558 2545 627 qui
2593 559 2647 613 in
2679 559 2824 632 Lyco
2855 561 3120 618 diaconus
3149 564 3494 619 constitutus

1911 656 2014 713 est,
2065 663 2310 716 quzerere
2363 660 2622 720 oportet;
2679 662 2734 707 et
2788 653 2834 707 si
2880 654 2925 710 is
2983 656 3200 725 quidem
3243 657 3498 712 inventus

1914 742 2102 807 fuerit,
2148 757 2269 796 cum
2293 753 2437 798 esset
2465 745 2912 811 catecltumenus,
2961 745 3146 801 fratris
3192 747 3274 801 sui
3329 748 3494 802 ﬁliam

1913 831 1969 886 in
2001 832 2331 887 matrimonii
2354 835 2673 889 societatem
2696 836 2994 907 accepisse,
3018 848 3143 907 post
3165 840 3494 907 baptismum

1915 920 1969 976 in
2003 921 2207 977 clerum
2253 932 2557 990 promotus,
2584 927 2636 980 in
2693 927 2840 982 clero
2891 939 3130 992 maneat,
3193 931 3237 985 si
3303 931 3391 984 illa
3429 948 3492 984 ex

1915 1013 2024 1068 vita
2051 1013 2321 1084 migrarit,
2345 1023 2400 1070 et
2429 1025 2551 1085 post
2602 1017 2930 1086 baptismum
2958 1035 3081 1074 cum
3133 1037 3194 1075 ea
3224 1038 3336 1075 rem
3392 1040 3500 1077 non

1918 1105 2193 1160 habuerit.
2243 1107 2338 1161 Sin
2393 1119 2574 1162 autem
2635 1124 2759 1164 cum
2811 1120 2957 1166 esset
3020 1113 3192 1166 ﬁdelis
3243 1116 3490 1167 eamdem

1927 1194 2117 1249 lratris
2147 1195 2233 1249 sui
2275 1194 2442 1250 tiliam
2475 1198 2528 1252 in
2561 1200 2896 1254 matrimonii
2944 1202 3259 1256 societatem
3313 1203 3497 1269 duxit,

1917 1285 1989 1340 sit
2037 1301 2067 1340 a
2097 1287 2242 1340 clero
2282 1288 2516 1344 alienus.
2574 1290 2690 1345 Non
2723 1303 2810 1348 est
2849 1293 2994 1347 enim
3040 1294 3298 1364 episcopo
3325 1295 3496 1365 Apol-

1919 1372 2014 1426 lini
2076 1374 2452 1444 przejudicium
2511 1379 2556 1434 si
2615 1394 2739 1434 cum
2796 1397 2891 1450 per
2954 1385 3316 1454 ignorantiam
3373 1401 3503 1440 cott-

1920 1465 2120 1518 stituit.

1991 1556 2046 1611 5.
2079 1555 2156 1612 De
2177 1558 2348 1614 .Iacob
2371 1576 2616 1630 quaerere
2643 1573 2876 1634 oportet.
2912 1565 2968 1621 Si
2991 1570 3135 1624 enim
3166 1571 3334 1626 lector
3361 1583 3502 1638 erat,

1920 1657 1974 1701 et
2003 1648 2220 1704 crimini
2261 1651 2642 1709 fornicationis
2692 1656 2861 1713 lui—se
2899 1674 3026 1714 eum
3067 1663 3365 1717 obnoxium
3414 1680 3504 1718 os-

1925 1745 2135 1792 tensum
2169 1741 2258 1804 sit,
2303 1750 2358 1794 et
2397 1758 2426 1796 a
2460 1744 2790 1814 presbyteris
2829 1746 2901 1801 sit
2945 1749 3168 1817 ejectus,
3202 1752 3397 1806 deinde
3457 1756 3506 1808 is

217 1838 390 1905 ούτος
419 1841 796 1906 ἐκϐαλλέσθω,
849 1839 1111 1911 ἀκριϐοῦς
1161 1838 1459 1904 ἐξετάσεως
1491 1831 1806 1907 γινομένης,

1944 1838 1993 1884 st
2045 1830 2366 1897 ordinatus,
2423 1835 2713 1903 ejiciatur,
2771 1850 3024 1895 accurata
3100 1843 3506 1901 examinatione

222 1931 326 1986 καὶ
359 1931 435 2002 μὴ
468 1931 624 2000 μόνον
661 1931 727 1983 ἐκ
755 1929 1104 2000 ψιθυρισμῶν
1139 1929 1172 2000 ἢ
1200 1929 1539 1997 κακολογιῶν
1573 1927 1810 1998 ὑποψίας

221 2026 308 2086 είς
327 2023 493 2078 αὐτὸν
521 2024 839 2094 γενομένης.
885 2023 946 2076 Εἰ
973 2023 1028 2076 δὲ
1063 2022 1138 2092 μὴ
1189 2021 1436 2094 εὑρεθείη
1485 2021 1810 2087 ὑπεύθυνος,

219 2114 449 2183 μενέτω
483 2113 540 2164 ἐν
567 2112 644 2183 τῷ
677 2111 863 2183 κλήρῳ
886 2126 900 2141 ’
935 2111 996 2164 οὐ
1021 2111 1129 2184 γὰρ
1154 2110 1235 2164 δεῖ
1262 2113 1380 2173 ταῖς
1410 2109 1668 2180 ματαίαις
1695 2109 1815 2162 δια-

222 2201 420 2264 ίολαῖς
444 2201 752 2271 προσέχειν.

299 2298 379 2361 η’.
435 2293 654 2362 Ἐπειδὴ
699 2291 872 2363 Ἰέραξ
902 2293 1049 2346 τόνδε
1087 2293 1286 2346 ὡσανεὶ
1316 2294 1408 2347 ἐπὶ
1436 2294 1658 2364 πορνεία
1697 2295 1818 2348 δια-

217 2375 587 2446 ϐαλλόμενον,
621 2378 720 2431 οὐκ
749 2379 985 2447 ὀφείλειν
1033 2382 1091 2432 ἐν
1119 2381 1196 2450 τῷ
1243 2383 1430 2453 κλήρῳ
1474 2379 1656 2459 εἶναι,
1697 2385 1723 2436 ὁ
1760 2383 1818 2436 δὲ

222 2467 537 2532 ἐπίσκοπος
608 2469 880 2525 Ἀπόλλων
932 2470 1334 2542 διῖσχυρίσατο,
1398 2474 1459 2527 τὸ
1517 2475 1820 2545 τηνικαῦτα.

227 2561 448 2630 μηδένα
478 2562 783 2633 κατήγορον
826 2564 884 2616 ἐν
925 2564 1074 2634 μέσῳ
1096 2564 1412 2633 ἐληλυθέναι
1463 2568 1582 2620 κατ’
1631 2566 1818 2628 αὑτοῦ,

226 2653 577 2718 ἐξεταζέσθω
619 2655 715 2707 καὶ
751 2648 928 2718 οὗτος.
985 2657 1096 2710 Καὶ
1150 2658 1200 2710 εί
1237 2659 1336 2728 μὲν
1396 2662 1701 2730 κατήγορός
1736 2677 1821 2724 τις

229 2745 548 2813 ἀναφύεται
602 2747 838 2811 πίστεως
887 2748 1056 2813 ἄξιος,
1106 2749 1198 2804 καὶ
1261 2750 1322 2804 τὸ
1373 2751 1628 2822 ἔγκλημα
1687 2755 1823 2806 eno-

227 2835 570 2904 δείκνυνται,
628 2839 942 2910 φερομένων
982 2840 1274 2913 μαρτύρων
1323 2843 1684 2912 ἀξιοπίστων,
1725 2846 1822 2916 τῆς

229 2927 539 2997 ἐκκλησίας
571 2930 916 2984 ἐκϐαλλέσθω
937 2947 952 2962 ο
975 2935 1023 2985 εί
1049 2933 1104 2985 δὲ
1133 2934 1226 2986 τοῦ
1269 2934 1471 3008 κλήρου
1508 2936 1655 3001 ἄξιός
1685 2939 1821 3002 ἐστι,

232 3018 340 3068 καὶ
406 3018 500 3070 ἐπὶ
579 3020 902 3094 σωφροσύνῃ
972 3026 1370 3096 μαρτυρεῖται,
1451 3026 1663 3097 μενέτω
1752 3029 1814 3082 ὲν

233 3123 441 3178 τουτῳ.

313 3198 570 3253 ΚΕΦΑΛ.
605 3197 739 3256 κη’.
772 3231 844 3242 -
878 3202 1016 3272 Περὶ
1048 3202 1153 3272 τῆς
1199 3206 1436 3275 ἡλικίας
1471 3206 1589 3262 τῶν
1632 3224 1824 3278 χειρο-

235 3289 624 3360 τονουμὲνων
661 3291 927 3360 ἀρρένων
970 3295 1070 3348 καὶ
1097 3297 1372 3364 θηλειῶν.

462 3383 733 3438 Συνόὸου
779 3387 1243 3456 Νεοκαισαρείας
1277 3389 1479 3444 κανὼν
1522 3397 1613 3446 ια’.

313 3472 410 3528 ια’.
439 3475 713 3545 Πρεσϐύτε
724 3493 814 3547 ρος
835 3478 939 3550 πρὸ
961 3479 1068 3533 τῶν
1084 3479 1126 3531 λ’
1142 3482 1276 3534 ἐτῶν
1297 3483 1371 3552 μὴ
1395 3483 1822 3554 χειροτονείσθω,

241 3565 344 3618 ἐὰν
398 3566 494 3618 καὶ
536 3567 677 3620 πάνυ
735 3568 822 3640 εἴη
877 3569 906 3621 ὁ
964 3570 1248 3640 ἄνθρωπος
1310 3572 1478 3640 ἄξιος,
1530 3573 1646 3627 ἀλλ’
1684 3574 1823 3628 ἀπο-

239 3656 543 3727 τηρείσθω.
596 3657 655 3711 '0
685 3659 793 3730 γὰρ
828 3659 1031 3730 Κύριος
1076 3663 1151 3732 ‘Ir;

240 3749 556 3821 τριακοστῷ
590 3750 700 3803 ἔτει
728 3752 1001 3824 ἐφωτίσθη
1038 3755 1133 3807 καὶ⁹
1161 3757 1362 3826 ἤρξατο
1389 3758 1682 3814 διδάσκειν.

531 3843 800 3898 Συνόδου
823 3845 1212 3914 Χαλκηδόνος
1243 3849 1442 3903 κανὼν
1467 3856 1546 3905 ιε’.

320 3939 410 3986 ιε’.
429 3934 785 3988 Διακὸνισσαν
801 3937 875 4008 μὴ
891 3939 1312 4009 χειροτονεῖσθαι
1324 3944 1556 4007 γυναῖκα
1572 3942 1678 4013 πρὸ
1692 3941 1829 3998 ἐτῶν

242 4023 679 4094 τεσσαράκοντα,
709 4027 804 4078 καὶ
823 4027 1024 4097 ταύτην
1047 4030 1183 4098 μετά
1204 4029 1463 4101 ἀκριϐοῦς
1486 4031 1826 4104 δοκιμασίας.

245 4115 312 4167 Εἰ
354 4113 411 4166 δέ
452 4131 515 4182 γε
544 4115 808 4188 δεξαμένη
836 4118 933 4188 τὴν
961 4119 1326 4190 χειροθεσίαν,
1369 4121 1462 4176 καὶ
1490 4124 1682 4193 χρόνον
1711 4125 1832 4180 τινὰ

244 4207 644 4277 παραμείνασα
692 4211 755 4279 τῇ
819 4209 1152 4282 λειτουγρίᾳ,
1197 4212 1390 4284 ἑαυτὴν
1423 4215 1592 4285 ἐπιδῴ
1644 4216 1828 4287 γάμῳ,

245 4297 529 4368 ὑϐρίσασα
558 4299 658 4368 τὴν
709 4299 802 4352 τοῦ
843 4300 977 4354 Θεοῦ
1009 4303 1195 4372 χάριν,
1227 4305 1260 4375 ἡ
1303 4305 1526 4378 τοιαύτη
1557 4308 1832 4380 ἀναθεμα-

245 4389 487 4453 τιξέσθω
523 4391 660 4460 μετά
705 4391 799 4444 τοῦ
847 4393 984 4465 αὐτῇ
1037 4395 1418 4464 συναφθέντος.

471 4614 743 4672 Συνοδου
784 4617 1201 4688 Καρθαγέννης
1255 4621 1456 4675 κανὼν
1520 4622 1617 4688 ις’.

323 4706 506 4759 Ὥστε
572 4707 806 4776 μηδένα
873 4710 1211 4764 ἐπίσκοπον
1262 4713 1300 4780 ἢ
1352 4716 1757 4783 πρεσϐύτερον
1793 4718 1832 4786 ἢ

1916 1919 2097 1986 facta;
2131 1936 2238 1975 non
2288 1933 2465 1979 autem
2511 1942 2576 1980 ex
2623 1931 2866 1985 susurris
2905 1933 2989 1987 vel
3040 1935 3339 1992 maledictis
3387 1949 3506 1992 orta

1915 2007 1969 2062 in
2005 2024 2130 2064 eum
2162 2013 2494 2081 suspicione.
2543 2017 2637 2070 Sin
2667 2032 2851 2074 autem
2904 2037 3012 2076 non
3051 2024 3216 2080 fuerit
3255 2028 3508 2084 inventus

1915 2099 2135 2154 crimini
2201 2103 2496 2169 obnoxius,
2536 2118 2756 2163 maneat
2786 2111 2838 2164 in
2886 2113 3033 2168 clero
3071 2132 3084 2169 :
3135 2131 3313 2184 neque
3359 2119 3506 2173 enim

1919 2191 2073 2244 \anis
2106 2192 2394 2248 calmnniis
2416 2194 2659 2250 animum
2686 2198 2945 2256 adbibere
2976 2213 3206 2271 oportet.

1989 2281 2045 2336 8.
2087 2280 2357 2346 Quoniam
2393 2282 2590 2340 Hierax
2629 2286 2762 2343 dicit
2806 2291 3095 2358 quemdam
3142 2309 3248 2348 non
3313 2295 3511 2352 debere

1917 2386 2039 2427 esse
2078 2372 2133 2426 in
2181 2374 2348 2440 clero,
2391 2388 2450 2430 ut
2493 2379 2587 2447 qui
2640 2381 2713 2436 sit
2743 2380 3126 2440 fornicationis
3174 2401 3507 2460 accusatus;

1919 2463 2112 2533 Apollo
2170 2477 2352 2522 autem
2415 2471 2705 2541 episcopus
2771 2483 2900 2530 tunc
2955 2477 3243 2534 alllrmavit
3301 2483 3508 2537 nullum

1920 2566 2294 2613 accusatorem
2326 2561 2592 2619 adversus
2613 2581 2738 2619 eum
2772 2568 2826 2620 in
2873 2571 3108 2624 medium
3148 2575 3510 2642 processisse,

1923 2650 2012 2706 ltic
2037 2667 2255 2722 quoque
2283 2655 2627 2710 examinetur
2653 2673 2669 2723 ;
2702 2659 2822 2714 etsi
2858 2660 3056 2734 aliquis
3099 2666 3317 2733 quidem
3347 2683 3512 2723 accu-

1924 2752 2075 2796 sator
2107 2744 2208 2798 Iitle
2231 2746 2432 2816 dignus
2465 2749 2739 2812 exoritur,
2791 2759 2846 2805 ct
2867 2752 3072 2808 crimen
3104 2759 3362 2824 probatur
3389 2776 3515 2829 pro-

1925 2831 2101 2887 ductis
2155 2835 2257 2889 lide
2302 2836 2480 2908 dignis
2534 2840 2785 2908 testibus,
2817 2845 3047 2900 ecclesia
3091 2846 3199 2916 95
3229 2849 3511 2920 ejiciatur;

1927 2925 2011 2980 sin
2047 2935 2228 2981 autem
2261 2929 2458 2998 dignus
2515 2940 2600 2986 est
2633 2933 2802 3001 clero,
2826 2945 2881 2989 et
2926 2936 2994 2991 de
3024 2938 3144 3008 ejus
3178 2943 3515 2998 continentia

1931 3018 2307 3074 testimonium
2337 3020 2564 3087 feratur,
2597 3024 2649 3078 in
2679 3040 2746 3080 eo
2774 3036 3015 3084 maneat.

1996 3233 2148 3290 CAP.
2220 3236 2462 3293 XXVIII.
2517 3271 2586 3280 —
2623 3241 2696 3296 De
2767 3244 3186 3299 ordinandorum
3249 3249 3518 3321 utriusque

1925 3341 2078 3381 εεπιιε
2110 3339 2286 3383 actate.

2204 3418 2430 3476 Concilit'
2465 3420 2919 3479 Neocmsariensis
2955 3443 3118 3482 canon
3156 3431 3242 3484 II.

1999 3508 2086 3563 ll.
2117 3510 2406 3582 Presbyter
2441 3513 2484 3544 ¹³
2539 3524 2664 3570 ante
2696 3517 2916 3586 triginta
2948 3533 3120 3574 annos
3156 3537 3260 3574 non
3295 3523 3516 3579 ordine-

1930 3607 2040 3667 tur,
2075 3601 2287 3656 etiamsi
2321 3601 2486 3658 fuerit
2542 3608 2707 3660 homo
2741 3609 2904 3662 valde
2949 3609 3165 3680 dignus,
3197 3613 3291 3666 sed
3332 3630 3512 3668 reser-

1160 3662 1286 3726 σοῦς
1342 3664 1576 3735 Χριστὸς
1630 3666 1689 3719 ἐν
1745 3665 1819 3738 τῷ

1939 3705 2100 3747 retur.
2155 3692 2421 3750 Dominus
2450 3696 2593 3750 enim
2641 3696 2798 3754 Jesus
2837 3699 3093 3758 Christus
3135 3703 3189 3757 in
3243 3705 3519 3761 tricesimo

1926 3801 2068 3841 anno
2093 3785 2398 3856 baptizatus
2423 3798 2506 3843 est
2535 3789 2599 3854 ",
2635 3800 2689 3845 et
2718 3794 2886 3862 cnspit
2917 3795 3136 3850 docere.

2225 3875 2452 3931 Concilii
2473 3877 2911 3936 Chalcedonensis
2942 3899 3114 3937 canon
3149 3884 3237 3940 I5.

2005 3967 2092 4024 15.
2127 3967 2500 4026 Diaconissam
2530 3987 2637 4027 non
2687 3989 2808 4030 esse
2845 3977 3122 4031 mulierem
3165 3979 3518 4036 ordinandam

1932 4069 2059 4116 ante
2084 4076 2288 4117 annum
2324 4064 2828 4134 quadragesimum,
2862 4076 2916 4122 et
2944 4083 3065 4122 eam
3107 4084 3232 4123 cum
3261 4081 3520 4125 accurata

1931 4155 2363 4209 examinatione.
2405 4153 2462 4209 Si
2493 4165 2675 4212 autem
2706 4167 2994 4227 postquam
3022 4160 3360 4216 ordinatione
3394 4178 3519 4217 sus-

1935 4258 2091 4315 cepta
2127 4245 2432 4302 ministerio
2467 4247 2653 4316 aliquo
2704 4255 2951 4317 tempore
2997 4252 3320 4318 permansit,
3380 4253 3524 4322 seip-

1935 4348 2051 4387 sam
2081 4334 2433 4389 matrimonio
2464 4337 2769 4401 tradiderit,
2802 4337 2894 4393 Dei
2921 4339 3110 4409 gratiae
3153 4339 3410 4409 iujuriam
3445 4341 3526 4395 Ia-

1934 4425 2106 4490 ciens,
2134 4443 2196 4480 ea
2231 4441 2336 4480 una
2354 4441 2477 4481 cunt
2507 4429 2601 4483 illo
2627 4430 2721 4498 qui
2747 4429 2796 4483 ei
2824 4431 3152 4501 coniunctus
3173 4439 3281 4498 est,
3300 4433 3528 4487 anathe-

1863 4504 1909 4559 Ῐ)
1940 4517 2250 4574 matizetur.

2134 4629 2360 4685 Concilii
2394 4631 2831 4707 Chalcedonensis
2872 4635 2985 4706 (29)
3025 4653 3193 4691 canon
3235 4639 3323 4693 ‘Io.

2013 4717 2080 4772 Ut
2104 4721 2282 4774 nullus
2314 4723 2610 4792 episcopus,
2647 4727 2932 4798 presbyter,
2963 4736 3012 4782 et
3039 4728 3296 4783 diaconus
3334 4732 3529 4785 condu-

247 4796 538 4852 διάκονον
592 4798 855 4868 tunc-a-
909 4817 1042 4854 τινα
1093 4802 1421 4889 ἰλαμϐάνειν
1449 4822 1465 4837 ο
1522 4808 1623 4860 καί
1681 4808 1819 4862 ὥστε

1941 4816 2056 4861 ctor
2080 4812 2319 4877 exsistat,
2343 4824 2389 4866 et
2413 4824 2470 4867 ut
2500 4816 2717 4870 lectores
2740 4834 2928 4872 uxores
2951 4822 3237 4890 accipiant,
3268 4833 3315 4875 et
3351 4824 3524 4876 clerici

251 4888 397 4954 τοὺς
455 4887 841 4957 ἀναγνώστας
894 4874 1148 4960 γαμετάς
1185 4893 1512 4962 λαμϐάνειν
1539 4912 1554 4926 ·
1595 4898 1693 4951 καὶ
1739 4900 1819 4954 ἵνι

1945 4902 2240 4957 abstineant
2271 4905 2334 4958 ab
2357 4909 2534 4963 usuris
2556 4925 2574 4962 :
2604 4922 2651 4965 et
2677 4928 2778 4981 quo
2810 4921 3034 4981 tempore
3059 4913 3135 4966 vel
3166 4916 3284 4982 ipsi,
3313 4916 3387 4968 rel
3418 4921 3526 4969 vir-

251 4979 307 5032 ol
361 4979 632 5046 κληρικοὶ
698 4979 998 5048 γυναικῶν
1060 4981 1159 5035 καὶ
1212 4985 1404 5039 τόκων
1444 4987 1780 5055 ἀπέχωνται
1817 5005 1832 5020 ·

1940 4994 2086 5061 gines
2112 5006 2504 5066 consecrentttr,
2535 5010 2584 5053 et
2617 5001 2680 5054 de
2704 5019 2806 5054 non
2839 5004 3124 5056 salutando
3145 5006 3353 5074 populo.

252 5072 357 5124 καὶ
410 5071 558 5136 ποίῳ
597 5070 686 5124 δεῖ
721 5071 902 5140 καιρῴ
953 5073 990 5142 ἢ
1017 5075 1234 5140 αὐτοὺς
1281 5076 1319 5144 ἣ
1366 5077 1475 5143 τὰς
1512 5080 1846 5147 παρθένους
1885 5086 2301 5153 καθιεροῦσθαι
2335 5090 2468 5146 ’καὶ
2531 5092 2803 5161 περὶτοῦ
2857 5095 2943 5163 μὴ
2994 5070 3364 5165 προσκυνεῖν
3422 5099 3528 5150 τὸν

251 5166 473 5235 δῆμονο

329 5258 427 5322 ις’.
463 5259 692 5328 Ὁμοίως
719 5261 913 5329 ἡρεσεν
935 5260 1020 5314 ἵνα
1047 5262 1334 5316 ἐπίσκοποι
1356 5265 1451 5318 καὶ
1475 5265 1833 5338 πρεσϐύτεροι

254 5352 356 5403 καὶ
385 5349 639 5418 διάκονοι,
686 5353 1023 5424 ἐκλήπτορες
1055 5353 1132 5424 μὴ
1173 5356 1430 5424 γίνωνται
1458 5357 1492 5426 ἢ
1518 5360 1830 5429 προκουράο

335 5551 381 5583 ’³
418 5550 667 5606 Distinet.
689 5551 780 5606 78.
859 5552 903 5583 “
941 5552 1070 5612 Luc.
1105 5568 1184 5618 ιιι,
1211 5553 1300 5608 25.

2013 5269 2100 5324 16.
2151 5270 2278 5326 Item
2311 5273 2355 5304 η
2405 5274 2630 5345 placuit,
2666 5285 2727 5332 ut
2779 5277 3040 5348 episcopi,
3110 5277 3432 5349 presbyteri,
3476 5287 3528 5330 rt

1940 5363 2154 5418 diaconi
2209 5379 2318 5420 non
2375 5367 2486 5423 sint
2535 5367 2900 5425 conductores
2955 5377 3048 5424 aut
3106 5377 3520 5439 procuratores,

1378 5555 1422 5586 ¹⁵
1454 5554 1711 5626 Cartltag.
1740 5571 1802 5619 ιι,
1830 5572 1952 5628 cap.
1992 5560 2076 5614 I5.

1721 5665 1953 5725 NOTAE.

333 5777 448 5849 (‘29)
505 5775 814 5837 Ferrandus
861 5795 982 5852 cap.
1047 5781 1132 5850 70,
1191 5797 1258 5838 ex
1331 5783 1526 5839 conci].
1575 5783 1834 5856 Cartltag.
1875 5785 1960 5841 tit.
2009 5787 2098 5842 24.
