3908 6296
632 314 735 380 551

1796 324 2058 384 PHOTII
2108 323 2609 385 PATRIARCII/E
2644 325 2752 386 cr.
3744 343 3822 405 5.53

626 438 805 494 neque
831 422 943 479 ullo
969 422 1116 493 turpi
1147 424 1365 493 negotio
1389 434 1442 481 et
1474 426 1763 483 inhonesto
1792 433 1992 485 vietum
2047 448 2176 500 quze-

2295 447 2471 499 τορες,
2503 432 2636 503 μηδὲ
2691 432 2754 484 ἐκ
2793 448 2940 496 τινος
2968 435 3194 507 αἰσχροῦ
3247 436 3280 508 ἢ
3330 437 3526 508 ἀτίμου
3554 444 3823 515 πράγματες

627 524 771 579 rant,
802 516 930 584 quia
960 516 1233 585 respicere
1270 518 1471 571 debent
1504 521 1765 588 scriptum
1816 522 1969 575 esse:
1998 521 2194 576 Nullas

628 608 865 660 militans
940 606 1048 660 Deo
1098 609 1337 675 implicat
1385 626 1439 662 se
1485 613 1702 679 negotiis
1749 614 2090 668 saecularibus
2128 616 2190 669 ‘°.

622 699 756 753 Itt-nt
794 700 834 729 ¹⁷
869 698 1077 766 (47-50)
1098 702 1371 768 placuitut
1405 701 1633 756 lectores
1653 719 1775 757 cum
1802 706 1867 758 ad
1898 721 2071 761 annos
2096 722 2195 775 pu-

2296 522 2502 592 τροφὴν
2530 522 2877 592 πορίζωνται.
2914 527 3216 595 Ὀφείλουσι
3244 528 3353 598 γὰρ
3372 532 3664 600 ἀποϐλέψαι
3690 540 3752 600 εἰς
3780 545 3825 593 τὸ

2296 612 2700 681 γεγραμμένον·
2781 613 2992 680 Οὐδεὶς
3057 619 3532 687 στρατευόμενος
3586 621 3658 686 τῷ
3714 629 3823 692 Θεῷ,

2293 703 2577 769 ἐμπλέκει
2638 704 2855 758 ἑαυτὸν
2902 706 3208 776 πράγμασι
3266 711 3605 779 κοσμικοῖς·
3671 716 3828 785 ἤρεσεν

624 789 850 841 bertatis
877 788 987 858 96
1016 790 1381 856 pervenerint,
1435 800 1702 859 cogantur
1743 802 1837 844 aut
1869 808 2064 846 uxores
2093 793 2176 846 ιΙιι⁴

2293 794 2431 847 ὥστε
2460 796 2586 858 τοὺς
2612 796 2984 863 ἀναγνώστας,
3042 801 3122 862 είς
3184 800 3274 853 τὸν
3340 803 3528 872 καιρὸν
3573 806 3662 873 τῆς
3716 809 3826 878 ἥϐης

622 896 764 945 cere,
797 889 890 933 aut
937 883 1328 936 continentiam
1383 883 1643 951 proﬁteri.
1699 885 1824 939 Item
1876 886 2095 954 placuit,
2133 894 2194 939 ut

620 972 873 1030 clericus.
912 973 956 1025 si
994 974 1425 1026 commodaverit
1464 976 1753 1042 pecuniam
1779 976 2015 1044 accipiat
2050 976 2184 1045 (51),

620 1063 667 1116 si
699 1063 933 1130 speciem
966 1073 1227 1129 quantam
1260 1065 1471 1118 dederit
1494 1066 1762 1135 accipiat:
1801 1076 1855 1120 et
1880 1077 1937 1120 nt
1961 1077 2087 1120 ante
2117 1068 2189 1121 25

618 1169 791 1207 annos
842 1154 1015 1207 aetatis
1060 1154 1102 1184 ’⁸
1140 1169 1237 1208 nec
1280 1154 1496 1210 diaconi
1544 1158 1869 1212 ordinentur
1902 1158 2037 1228 (52),
2073 1161 2190 1213 'nec

616 1248 851 1315 virgines
880 1248 992 1316 (35)
1032 1259 1459 1304 consecrentur:
1498 1260 1553 1305 et
1576 1262 1633 1305 ut
1666 1252 1900 1306 lectores
1926 1253 2185 1321 populum

615 1352 719 1391 non
756 1340 1011 1394 salutent.

788 1430 1012 1483 Concilii
1052 1433 1356 1486 azcumenici
1397 1449 1449 1487 Vl
1472 1450 1716 1500 canones,
1747 1435 1830 1500 14,
1875 1437 1963 1491 15.

684 1523 771 1575 14.
814 1522 1138 1577 Sanctorum
1165 1525 1586 1595 divinorumque
1611 1526 1832 1582 Patrum
1864 1539 2182 1585 nostrorum

2294 886 2623 954 ἐρχομένους
2683 890 3087 955 ἀναγκάζεσθαι
3144 892 3174 960 ἢ
3230 894 3489 962 συμϐίους
3550 898 3827 965 ἀγαγέσθαι,

2290 978 2322 1048 ἢ
2364 980 2691 1050 ἐγκράτειαν
2732 983 3037 1051 ὁμολογεῖν.
3103 986 3335 1056 Ὁμοίως
3392 989 3586 1058 ἡρεσεν
3614 990 3694 1041 ἵνα
3720 995 3827 1062 κλη-

2291 1071 2460 1140 ρικὺς,
2484 1072 2577 1126 ὲάν
2612 1075 2867 1143 χρήματα
2889 1077 2962 1146 δῷ
2995 1080 3054 1130 ὲν
3070 1079 3171 1149 χρή
3183 1095 3284 1143 σει,
3310 1079 3377 1131 τὰ
3400 1082 3649 1149 χρήματα
3676 1082 3793 1155 λάϐῃ
3816 1104 3827 1118 '

2288 1163 2381 1215 ἐὰν
2416 1164 2471 1216 δὲ
2512 1161 2667 1229 εἶδος,
2693 1167 2816 1219 ὅσον
2847 1168 3042 1222 δέδωκε
3071 1169 3210 1239 λάϐῃ
3237 1210 3251 1235 ,
3290 1171 3385 1223 καὶ
3417 1172 3502 1223 ἵνα
3530 1173 3630 1241 πρὸ
3651 1175 3745 1225 τῶν
3772 1185 3829 1229 κε’

2286 1255 2566 1321 ἐνιαυτῶν,
2595 1258 2734 1327 μήτε
2776 1260 3011 1314 διάκονοι
3045 1263 3458 1331 χειροτονῶνται
3483 1280 3496 1293 ·
3531 1263 3657 1319 ἀλλὰ
3685 1270 3766 1321 καὶ
3793 1272 3831 1322 οι

2285 1345 2626 1413 ἀναγνῶσται
2654 1349 2745 1400 τὸν
2774 1350 2943 1420 δῆμον
2993 1352 3067 1423 μὴ
3101 1354 3508 1423 προσκυνῶσιν.

2390 1458 2658 1513 Συνόδου
2686 1462 3103 1531 οἰκουμενικῆς
3130 1466 3311 1533 ἕκτης
3341 1468 3543 1519 κανὼν
3573 1468 3647 1529 ιδ’,
3676 1471 3747 1525 ιε’.

2355 1546 2434 1598 ιδ’.
2479 1548 2536 1601 ὐ
2568 1550 2675 1602 τῶν
2723 1552 2894 1619 ἁγίων
2944 1555 3039 1607 καὶ
3100 1556 3374 1627 θεοφόρων
3425 1559 3581 1627 ἡμῶν
3612 1563 3831 1633 Πατέρων

609 1630 784 1669 canon
830 1616 883 1668 in
916 1616 1001 1670 liis
1030 1632 1250 1687 quoque
1288 1618 1484 1683 valeat,
1522 1629 1580 1673 ut
1620 1622 1900 1691 presbyter
1930 1633 2053 1676 ante
2089 1624 2176 1676 tri-

2293 1638 2553 1706 κρατείτω
2589 1642 2768 1694 κανὼν
2799 1646 2893 1696 καὶ
2943 1647 3001 1698 ὲν
3059 1648 3251 1717 τούτῳ,
3290 1648 3431 1702 ὥστε
3496 1652 3827 1724 πρεσϐύτερον

610 1708 759 1776 ginta
815 1722 990 1761 annos
1042 1724 1147 1760 non
1195 1709 1497 1771 ordinetur,
1553 1709 1716 1763 etiam
1772 1711 1816 1764 si
1883 1712 1951 1765 sit
2017 1713 2178 1766 homo

609 1798 767 1850 valde
806 1798 1024 1867 dignus,
1060 1799 1153 1852 sed
1185 1808 1513 1853 reservetur.
1548 1799 1811 1855 Dominus
1846 1802 1987 1855 enim
2019 1801 2177 1857 .lcsns
2206 1790 2253 1849 Β
2283 1790 2566 1892 ἄπρακτος

607 1889 859 1943 Christus
902 1890 1181 1944 tricesimo
1226 1906 1371 1943 anno
1405 1890 1713 1960 baptizatus
1769 1901 1873 1955 est,
1918 1903 1971 1946 et
2018 1896 2181 1962 coepit

604 1982 818 2036 docere.
868 1982 1130 2038 Similiter
1166 1999 1267 2037 nec
1316 1983 1582 2040 diaconus
1618 1996 1745 2039 ante
1787 1986 1973 2057 viginti
2014 1990 2180 2054 quin-

605 2085 710 2136 quc
741 2085 934 2135 annos,
986 2086 1084 2125 nec
1112 2071 1423 2127 diaconissa
1456 2084 1582 2127 ante
1609 2073 1968 2143 quadraginta
2009 2072 2192 2128 annos’

604 2162 908 2215 ordinetur.

674 2253 761 2307 15.
814 2253 1192 2310 Subdiaconus
1237 2269 1307 2310 ne
1360 2254 1540 2310 minor
1592 2254 1780 2325 viginti
1828 2257 1987 2311 annis
2033 2257 2181 2312 ordi-

603 2355 778 2399 netur.
820 2346 876 2398 Si
913 2345 1036 2415 quis
1089 2356 1271 2401 autem
1320 2347 1373 2400 in
1405 2347 1601 2417 quovis
1655 2349 1950 2403 sacerdotii
2005 2350 2177 2419 gradu

602 2448 799 2507 praeter
842 2439 1104 2509 pratinita
1152 2449 1397 2511 tempora
1447 2441 1729 2497 ordinatus
1770 2440 1965 2507 fuerit,
2007 2443 2177 2513 depo-

602 2539 781 2583 natur.

676 2644 893 2700 Τέλειος.
939 2643 1128 2701 Const.
1165 2645 1218 2711 9,
1266 2647 1352 2701 tit.
1382 2647 1436 2712 1,
1477 2647 1573 2703 lib.
1602 2664 1642 2713 ι,
1675 2649 1798 2704 cod.
1831 2663 1939 2704 non
1978 2663 2175 2705 conce-

601 2734 679 2788 dit
700 2736 1067 2790 diaconissam
1101 2737 1236 2800 fieri,
1266 2753 1387 2807 quae
1417 2738 1812 2808 sexagesimum
1841 2758 2041 2795 annum
2068 2757 2174 2797 non

602 2826 898 2891 superavit.
935 2824 1170 2879 Constit.
1196 2842 1322 2881 vero
1352 2826 1404 2891 1,
1434 2828 1519 2882 tit.
1546 2830 1598 2895 1,
1638 2829 1985 2886 Novellarum
2020 2832 2171 2899 dicit,

603 2916 762 2987 [satis
786 2932 926 2983 esse,
960 2916 1028 2989 si]
1055 2918 1448 2989 quinquaginta
1476 2936 1742 2976 annorum
1779 2924 1866 2977 sit.
1895 2923 1958 2976 Et
1984 2926 2027 2979 si
2052 2940 2177 2992 pro-

602 3016 721 3074 pter
766 3006 1130 3059 necessariam
1172 3006 1409 3076 aliquam
1453 3022 1675 3064 causam
1731 3009 1833 3065 hac
1864 3019 2021 3065 {etate
2051 3009 2174 3082 [ali-

2281 1730 2388 1798 πρὸ
2425 1730 2465 1781 λ’
2499 1733 2633 1784 ἐτῶν
2671 1734 2743 1804 μὴ
2775 1739 3216 1805 χειροτονεῖσθαι,
3272 1742 3373 1793 κᾶν
3406 1743 3550 1794 πάνυ
3663 1745 3830 1809 ἄξιοςό

2593 1864 2607 1887 ,
2682 1827 2796 1878 ἀλλ’
2870 1829 3289 1899 ἀποτηρεῖσοαι.
3372 1834 3430 1884 '0
3474 1834 3584 1900 γὰρ
3663 1835 3830 1905 Κύριος

2298 1915 2506 1985 Ἰησοῦς
2536 1919 2766 1987 Χριστὸς
2822 1922 2879 1974 ἐν
2906 1921 2985 1992 τῷ
3042 1925 3348 1996 τριακοστῷ
3392 1926 3503 1978 ἔτει
3544 1926 3829 1997 ἐϐαπτίσθη,

2282 2003 2374 2055 καὶ
2420 2005 2623 2074 ἤρξατο
2675 2007 2946 2063 διδάσκειν
2974 2029 2987 2043 ·
3024 2012 3223 2081 ὁμοίως
3286 2016 3424 2084 μήτε
3480 2016 3716 2069 διάκονον
3747 2021 3830 2088 πρὸ

2278 2093 2386 2146 τῶν
2423 2103 2497 2147 κε’
2529 2097 2703 2163 ἑτῶν,
2764 2101 2797 2171 ἢ
2856 2101 3198 2157 διακόνισσαν
3250 2106 3356 2176 πρὸ
3388 2107 3497 2158 τῶν
3556 2113 3607 2175 μ’
3652 2110 3829 2178 χρόνων

2281 2188 2717 2255 χειροτονείσθω.

2354 2277 2434 2332 ιε’.
2474 2278 2860 2347 ’Υποδιάκονος
2888 2284 2962 2356 μὴ
2995 2287 3171 2357 ἥττων
3206 2289 3316 2341 τῶν
3350 2296 3426 2342 κε’
3457 2291 3831 2359 χειροτονείσξω

2279 2365 2563 2422 ἐνιαυτῶν.
2594 2372 2655 2423 Εἰ
2702 2372 2757 2424 δέ
2811 2391 2894 2437 τις
2924 2376 3032 2429 τῶν
3061 2378 3117 2430 ὲν
3156 2378 3337 2449 οίᾳοῦν
3397 2381 3643 2451 ίερατικῇ
3696 2398 3831 2433 κατα-

2286 2459 2474 2512 στάσει
2510 2463 2660 2533 παρὰ
2685 2464 2811 2528 τοὺς
2830 2467 3147 2536 ὁρισθέντας
3178 2473 3584 2543 χειροτονηθείη
3620 2474 3827 2543 χρόνους,

2280 2549 2670 2621 καθαιρείσθω.

2363 2642 2429 2695 Ἠ
2460 2643 2504 2696 θ’
2537 2644 2781 2712 διάταξις
2806 2650 2898 2702 τοῦ
2929 2648 2977 2703 α’
3003 2651 3107 2705 τίτ.
3139 2653 3233 2706 τοῦ
3269 2661 3318 2707 α’
3348 2655 3495 2725 βιϐλ.
3533 2657 3627 2710 τοῦ
3649 2660 3763 2713 κώδ.
3784 2662 3829 2713 οὐ

2280 2740 2555 2805 συγχωρεῖ
2581 2737 2824 2805 γίνεσθαι
2854 2741 3216 2807 διακόνισσαν,
3267 2746 3366 2817 τὴν
3408 2748 3485 2818 μὴ
3540 2750 3824 2820 ὑπερϐἄῑαν

2276 2825 2367 2878 τὸν
2396 2826 2439 2891 ξ’
2458 2830 2701 2883 ἐνιαυτόν
2730 2848 2743 2862 ·
2786 2833 2817 2902 ὴ
2844 2833 2899 2885 δὲ
2931 2834 3129 2890 α’διάτ.
3158 2836 3253 2889 τοῦ
3278 2845 3326 2890 α’
3352 2842 3455 2894 τίτ.
3478 2842 3593 2895 τῶν
3621 2846 3826 2915 νεαρῶν,

2278 2917 2417 2971 ἐτῶν
2443 2919 2614 2993 αὐτὴν
2648 2918 2785 2976 εἶναι
2816 2924 2957 2977 θέλει
2982 2933 3044 2991 ν’,
3071 2927 3146 2992 ὡς
3173 2931 3226 2983 εί
3259 2947 3344 2999 γε,
3378 2932 3467 2986 διά
3500 2953 3627 2988 τινα
3671 2940 3821 2991 αἰτίαν

2279 3009 2599 3078 ἀναγκαίαν,
2635 3014 2872 3068 ἐλάττων
2904 3016 3036 3070 οὖσα
3086 3020 3289 3092 ταύτης
3330 3024 3430 3093 τῆς
3466 3025 3682 3095 ἡλικίας
3709 3032 3826 3097 ἐχει-

603 3096 732 3169 qua]
774 3098 950 3151 minor
982 3099 1230 3153 ordinata
1264 3099 1447 3165 fuerit,
1477 3100 1673 3173 [illam]
1709 3102 1759 3157 in
1783 3104 2171 3158 monasterium

2293 3101 2563 3171 οοτονήοη,
2630 3104 2875 3173 βούλεται
2913 3113 3259 3180 μοναστηρίῳ
3297 3114 3663 3185 ἐμϐληθῆναι,
3700 3096 3750 3170 ἐν
3796 3112 3830 3185 ᾧ

602 3190 815 3243 detrudi
842 3190 977 3255 vult,
1016 3190 1069 3244 in
1100 3206 1209 3259 quo
1248 3191 1351 3247 viri
1386 3194 1775 3247 commercium
1812 3209 1917 3247 non
1951 3194 2171 3261 habent,

603 3297 703 3334 nec
744 3282 909 3335 libera
938 3283 1151 3336 vivendi
1187 3284 1323 3338 ratio
1359 3293 1458 3337 est.
1494 3283 1691 3337 Verum
1724 3293 1899 3339 const.
1951 3286 1986 3337 2
2030 3286 2178 3356 ejus-

602 3374 722 3427 dem
757 3374 841 3428 tit.
891 3374 1134 3429 ecclesia:
1172 3375 1541 3429 diaconissam
1579 3376 1694 3428 fieri
1742 3391 1850 3429 non
1892 3377 2026 3437 vult,
2056 3392 2178 3444 qua:

601 3466 959 3536 quadraginta
991 3468 1153 3522 annis
1207 3469 1386 3521 minor
1423 3468 1512 3521 sit.
1550 3467 1747 3522 Eadem
1796 3483 1960 3537 porro
1994 3475 2174 3525 const.

600 3559 727 3612 ait:
798 3557 1170 3613 Ordinandum
1226 3560 1601 3629 presbyterum
1654 3576 1762 3613 non
1810 3560 2006 3613 debere
2056 3574 2176 3614 esse

601 3653 866 3705 minorem
908 3652 1068 3706 annis
1122 3652 1380 3721 triginta,
1434 3653 1718 3706 diaconum
1770 3651 1861 3712 25,
1917 3653 2170 3705 lectorem

599 3745 901 3797 octodecnn
935 3785 949 3808 ,
986 3744 1302 3811 episcopum
1336 3741 1614 3815 [denique]
1653 3742 1873 3811 triginta
1908 3743 2170 3810 quinque.

600 3832 704 3887 Sed
746 3841 922 3887 const.
977 3835 1042 3898 1]
1088 3835 1332 3903 ejusdem
1370 3836 1452 3888 tit.
1509 3834 1623 3888 vult
1659 3842 1716 3887 ut
1744 3832 2030 3901 episc0pus
2077 3832 2175 3887 tri-

598 3926 865 3993 gesiznum
897 3941 1099 3979 annum
1125 3927 1443 3982 excesserit.

660 4017 768 4086 97
791 4017 943 4071 CAP.
980 4017 1324 4072 XXIX—ﬂe
1369 4017 1853 4087 chorepiscoparum
1888 4021 2169 4084 creatione,

596 4117 645 4160 et
704 4113 910 4176 quando
964 4125 1027 4160 ac
1075 4109 1333 4176 quomodo
1388 4109 1618 4177 offerant
1670 4110 1746 4165 vel
1776 4113 1786 4178 |
1816 4111 2028 4162 tradant
2086 4125 2166 4163 res

595 4217 799 4267 sacras,
834 4211 883 4255 et
905 4218 1157 4270 quosnam
1184 4218 1247 4255 ex
1265 4202 1337 4254 eis
1370 4202 1618 4255 ordinare
1644 4201 1799 4254 liceat
1825 4218 1917 4255 nec
1944 4218 2024 4255 ne.

952 4292 1177 4347 Concilii
1207 4293 1477 4363 Ancyrani
1511 4309 1678 4346 canon
1713 4294 1802 4346 15.

669 4387 757 4440 15.
791 4384 1226 4452 Chorepiscopos
1254 4398 1359 4437 non
1389 4383 1549 4436 licere
1581 4383 1921 4452 presbyteros
1942 4382 2026 4437 vel
2050 4383 2169 4438 dia-

598 4494 770 4535 conos
807 4478 1084 4537 ordinare,
1139 4476 1233 4529 sed
1271 4491 1448 4543 neque
1490 4475 1639 4529 urbis
1675 4475 2038 4544 presbyteros,
2070 4478 2173 4532 nisi

2293 4477 2467 4543 ιιόνους
2523 4489 2848 4554 χειροτονεῖν
2901 4502 2917 4518 '

598 4588 721 4625 cum
758 4569 955 4623 litteris
971 4568 1039 4621 ab
1060 4568 1318 4636 episcopo
1339 4568 1667 4636 permissum
1695 4566 1879 4632 fuerit,
1911 4568 1964 4621 in
1990 4568 2166 4626 aliena

597 4661 874 4729 ,sat-ocliia.

879 4774 1106 4828 Concilii
1128 4772 1567 4829 Ncoccesariensis
1598 4792 1767 4830 canon
1794 4778 1880 4832 15.

666 4868 754 4920 15.
792 4866 992 4920 Vicarii
1020 4876 1201 4921 autem
1247 4867 1548 4937 presbyteri
1586 4883 1696 4921 non
1730 4879 1960 4937 possunt
1992 4868 2045 4922 in
2072 4867 2171 4921 do-

593 4959 795 5011 minico
834 4957 1031 5011 oﬂ‘crre
1066 4967 1329 5026 prazsente
1357 4959 1635 5027 episcopo,
1660 4960 1741 5013 vel
1766 4960 1915 5014 urbis
1948 4960 2171 5029 presby-

592 5052 725 5105 teris
756 5070 769 5105 :
807 5067 981 5119 neque
1037 5066 1229 5118 panem
1264 5053 1397 5106 dare
1442 5053 1797 5121 precationis,
1833 5067 2007 5119 neque
2034 5051 2169 5103 cali-

589 5160 726 5197 cem.
764 5145 857 5197 Sin
886 5153 1063 5197 autem
1092 5145 1293 5213 absint,
1325 5155 1379 5201 et
1407 5146 1560 5202 solus
1586 5148 1649 5200 ad
1680 5143 2043 5214 precationem
2076 5156 2169 5194 vo-

588 5244 744 5291 catus
771 5238 954 5304 fuerit,
986 5238 1099 5295 dat.

642 5349 685 5379 ¹⁶
714 5348 755 5402 ll
808 5349 949 5405 Tim.
981 5368 1040 5417 ιι,
1070 5352 1125 5405 4.
1201 5353 1241 5383 ¹⁷
1266 5353 1522 5425 Carthag.
1552 5369 1630 5418 ιιι,
1656 5366 1776 5421 cap.
1806 5350 1889 5405 19.

2278 3192 2486 3263 ἀνδρῶν
2517 3196 2767 3266 ἐπιμιξία
2789 3200 2885 3252 οὐκ
2913 3201 3078 3266 ἔστιν,
3112 3202 3232 3256 οὔτε
3260 3207 3613 3271 αὑτεξούσιος
3639 3211 3797 3264 δίαιτα
3818 3229 3831 3243 ⁸

2275 3285 2308 3353 ή
2348 3284 2449 3353 μέν
2491 3304 2572 3338 τοι
2616 3288 2660 3357 β’
2700 3289 2840 3344 διάτ.
2883 3293 2975 3343 τοῦ
3012 3294 3174 3348 αὐτοῦ
3210 3297 3316 3351 τίτ.
3365 3300 3426 3352 οὐ
3476 3300 3623 3354 θέλει
3675 3303 3832 3355 διακό-

2276 3392 2463 3428 νισσαιο
2490 3377 2783 3450 ἐκκλησίας
2832 3384 3098 3450 γίνεσθαι,
3140 3389 3249 3463 τῷν
3278 3397 3329 3460 μ’
3354 3392 3493 3446 ἐτῶν
3526 3394 3738 3464 ἥττονα.
3778 3395 3830 3448 ’11

2276 3467 2412 3536 αὑτὴ
2460 3469 2515 3521 δὲ
2575 3470 2712 3525 διάτ,
2765 3476 2917 3542 φησὶ,
2945 3476 3032 3528 τὸν
3080 3482 3559 3553 χειροτονούμενον
3622 3487 3830 3555 πρεσϐύ·

2273 3576 2429 3629 τερον
2465 3561 2537 3631 μὴ
2570 3563 2802 3631 ὀφείλειν
2839 3562 2977 3619 εἶναι
2999 3569 3196 3638 ἥττονα
3228 3574 3335 3626 τῶν
3371 3574 3415 3627 λ’
3448 3577 3612 3642 ἐτῶν,
3660 3579 3745 3631 καὶ
3768 3566 3829 3630 κε’

2273 3650 2366 3702 τὸν
2399 3651 2663 3719 διάκονον,
2698 3658 2786 3709 τὸν
2834 3659 2889 3711 δὲ
2922 3661 3274 3734 ἀναγνώστην
3329 3666 3420 3736 ιη’,
3464 3669 3564 3721 καὶ
3599 3670 3685 3722 τὸν
3732 3672 3830 3723 ὲπί-

2277 3759 2474 3798 σκοπον
2514 3747 2619 3799 λε”
2652 3751 2684 3819 ἠ
2721 3751 2775 3803 δὲ
2803 3752 2867 3816 ιζ’
2903 3753 3042 3808 διάτ.
3083 3756 3174 3809 τοῦ
3199 3758 3362 3812 αὐτοῦ
3390 3760 3495 3817 τίτ.
3533 3761 3670 3816 θέλει
3695 3762 3828 3817 αὑτὸν

2275 3838 2709 3910 ὑπερϐεϐηκέναι
2749 3845 2816 3896 τὰ
2849 3844 2889 3896 λ’
2928 3846 3043 3916 ἐτη.

2343 4018 2592 4077 ΚΕΦΑΛ.
2618 4022 2744 4078 KB'.
2777 4055 2847 4065 —-
2876 4028 3011 4095 Περὶ
3045 4031 3340 4098 ποιήσεως
3361 4040 3823 4103 χωρεπισκόπων,

2272 4109 2369 4162 καὶ
2400 4112 2561 4176 πότε,
2607 4115 2703 4167 καὶ
2738 4116 2863 4182 πῶς
2883 4123 3330 4190 προσφέρουσιν
3367 4126 3404 4195 ἣ
3442 4130 3821 4198 μεταδιδόασι,

2271 4203 2368 4256 καὶ
2398 4205 2564 4272 τινας
2601 4212 3050 4275 χειροτονοῦσιν
3077 4214 3114 4283 ἢ
3147 4217 3238 4270 οὗ.

2557 4302 2827 4356 Συνόδου
2898 4304 3175 4375 Ἀγκύρας
3220 4313 3423 4367 κανὼν
3452 4322 3545 4385 ιγ’.

2344 4395 2430 4455 ιγ’.
2449 4391 2899 4462 Χωρεπισκόποις
2927 4400 3002 4469 μὴ
3028 4400 3225 4465 ἐξεῖναι
3248 4408 3652 4482 πρεσϐυτέρους
3673 4411 3701 4482 ἧ
3725 4410 3821 4463 δια-

2974 4490 3109 4544 ἀλλά
3170 4494 3276 4564 μὴν
3328 4497 3465 4567 μηδὲ
3534 4501 3822 4559 ἐπισκόποις

2274 4571 2501 4636 πόλεως,
2529 4578 2695 4645 χωρὶς
2724 4578 2816 4630 τοῦ
2849 4581 3216 4653 ἐπιτραπῆναι
3253 4586 3356 4640 ὑπὸ
3399 4590 3499 4642 τοῦ
3541 4594 3817 4645 ἐπισκόπου

2274 4664 2409 4732 μετὰ
2441 4671 2800 4738 γραμμάτων,
2831 4675 2889 4726 ὲν
2912 4675 3075 4746 ἑτέρᾳ
3104 4682 3385 4752 παροικίᾳ.

2442 4781 2712 4836 Συνόδου
2779 4788 3241 4857 Νεοκαισαρείας
3311 4795 3515 4849 κανὼν
3578 4806 3663 4867 ιγ’.

2339 4868 2426 4938 ιγ’.
2465 4872 2774 4944 Ἐπιχὼριοι
2803 4878 3161 4951 πρεσϐύτεροι
3186 4884 3244 4934 ἐν
3268 4885 3345 4953 τῷ
3363 4890 3615 4960 κυριακῷ
3638 4893 3724 4960 τῆς
3740 4892 3820 4943 πό-

2264 4960 2401 5023 λεως
2434 4967 2762 5034 προσφέρειν
2792 4971 2852 5022 οὐ
2879 4970 3152 5038 δύνανται,
3188 4977 3458 5044 παρόντος
3486 4983 3814 5051 ἐπισκόποιῆ

2265 5052 2651 5124 πρεσϐυτέρων
2686 5058 2892 5123 πόλεως
2921 5102 2937 5127 ,
2990 5062 3115 5114 οὔτε
3172 5064 3277 5135 μὴν
3316 5068 3482 5139 ἄρτον
3537 5073 3729 5126 διδὸνιι
3772 5079 3817 5124 ἐν

2265 5143 2398 5212 εὐχῇ
2455 5144 2575 5195 οὐδὲ
2622 5149 2878 5217 ποτήριον
2905 5167 2920 5181 ο
2964 5152 3061 5206 ἐάν
3098 5155 3155 5207 δὲ
3195 5157 3398 5225 ἀπῶσι,
3430 5163 3525 5214 καὶ
3560 5166 3639 5225 εἰς
3677 5166 3817 5233 εὐχὴν

2267 5233 2462 5304 κληθῇ,
2496 5237 2656 5303 μόνος
2688 5238 2920 5297 δίδωσιν.
3654 5264 3657 5265 ⁷

1974 5348 2016 5379 ¹⁸
2046 5346 2304 5415 (Zartbag.
2337 5364 2417 5413 ιιι,
2446 5365 2566 5419 cap.
2600 5351 2684 5407 ιο.

2089 5436 2321 5492 NOTAE.

587 5531 867 5652 “(43-750)
911 5532 974 5587 Et
1002 5532 1310 5590 Ferrandus
1333 5550 1454 5605 cap.
1485 5535 1608 5598 129,
1636 5546 1689 5591 et
1715 5552 1872 5592 conc.
1904 5533 2155 5601 Carthag.

611 5617 620 5651 ι
651 5639 663 5652 .
720 5608 738 5628 ν
796 5641 806 5652 .

611 5608 663 5652 ιι.
720 5608 806 5654 ‘27.

654 5672 761 5752 (51)
793 5674 895 5728 Ms.
926 5674 985 5729 Si
1024 5676 1429 5733 commodaverit
1463 5678 1737 5745 pecuniam
1759 5721 1772 5746 ,
1802 5689 1850 5733 et
1884 5682 2155 5749 pecuniam

581 5754 828 5809 arripuit.

2338 5534 2698 5621 (522n(_loncil.
2745 5541 3001 5621 Gartbag.
3040 5564 3121 5610 ιιι,
3154 5567 3274 5621 cap.
3313 5556 3365 5621 ό,
3416 5565 3468 5610 et
3500 5554 3813 5611 Fcrrandus.

2266 5608 2645 5690 θερί-μίμῳ(
2670 5614 2864 5690 congii.
2891 5608 3142 5690 carthag.
3176 5608 3258 5676 ιίἰ,
3293 5624 3346 5678 9.

2294 5745 2306 5756 .
2336 5677 2737 5759 (ὖῆῌξειιριθιιιε
2774 5684 3003 5740 Eborac.
3041 5677 3121 5743 tif:
3161 5692 3251 5757 91,
3296 5677 3445 5751 addit
3481 5715 3492 5751 :
3546 5714 3566 5750 ι
3594 5695 3711 5751 Nisi
3742 5712 3813 5747 ra-

2266 5748 2504 5802 tionabili
2536 5754 2841 5809 necessitate
2867 5769 3094 5826 cogente.
3132 5780 3149 5815 ι
