3994 6452
273 331 371 392 55Ἱ

533 440 807 494 Συνόδου
876 440 1241 509 Ἀντιοχείας
1291 440 1495 495 κανὼν
1525 448 1579 496 ι’.

339 526 391 582 ι’.
418 530 558 593 Τοὺς
592 532 650 584 ἐν
698 533 819 594 ταῖς
852 530 1064 601 κώμαις
1095 532 1127 603 ἢ
1159 532 1389 603 χώραις,
1430 533 1464 603 ἢ
1512 535 1639 597 τοὺς
1665 532 1856 588 καλου-

264 620 460 689 μένους
528 624 1012 694 χωρεπισκόπους,
1082 625 1132 677 ei
1191 625 1286 677 καὶ
1342 625 1683 695 χειροθεσίαν
1743 622 1853 678 εἶεν

263 714 583 768 ἐπισκόπων
632 716 937 786 εἰληφότες,
970 717 1117 782 ἔδοξε
1160 720 1226 787 τῇ
1257 718 1389 788 ἁγίᾳ
1425 717 1629 788 συνόδῳ
1651 717 1852 773 ειδέναι

260 808 327 858 τὰ
380 807 592 859 ἑαυτῶν
647 807 843 879 μέτρα,
884 808 992 860 καὶ
1045 808 1269 861 διοικεῖν
1322 810 1422 873 τὰς
1480 809 1850 879 ὑποκειμένας

259 897 447 958 αὐτοῖς
473 898 792 969 ἐκκλησίας,
830 900 923 952 καὶ
951 902 1015 970 τῇ
1039 900 1246 954 τούτων
1274 900 1563 969 ἀρκεῖσθαι
1607 900 1851 971 φροντίδι

261 989 355 1039 καὶ
384 989 707 1059 κηδεμονίᾳ,
760 989 1024 1061 καθιστᾷν
1080 1009 1144 1044 τε
1188 991 1540 1060 ἀναγνώστας
1579 994 1674 1047 καὶ
1712 994 1848 1047 ὑπο-

257 1079 544 1144 διακόνους
592 1082 685 1134 καὶ
716 1083 1057 1156 emissae,
1086 1085 1181 1138 καὶ
1220 1087 1286 1155 τῇ
1319 1083 1524 1138 τούτων
1559 1086 1847 1156 ἀρκεῖσθαι

261 1176 590 1244 προαγωγῇ,
650 1174 894 1244 pilam}.
956 1175 1328 1245 πρεσϐύτερον
1387 1178 1526 1247 μήτε
1592 1178 1840 1233 διάκονον

257 1267 590 1333 χειροτονεῖν
612 1265 817 1337 τολμᾷν
850 1267 973 1336 δίχα
1003 1267 1094 1320 τσῦ
1125 1269 1182 1319 ἐν
1220 1271 1287 1339 τῇ
1322 1268 1477 1321 πόλει
1523 1271 1844 1337 ἐπισκόπου,

256 1349 293 1426 ᾖ
321 1356 612 1409 ὑπόκειται
641 1358 805 1420 αὑτός
829 1376 888 1411 τε
928 1358 1022 1412 καὶ
1049 1360 1083 1430 ἡ
1119 1358 1292 1430 χώρα.
1345 1360 1405 1411 Ei
1452 1359 1510 1413 δὲ
1556 1362 1847 1431 τολμήσειε

254 1463 342 1507 τις
398 1447 712 1518 παραϐῆναι
766 1451 834 1503 τὰ
884 1451 1188 1521 ὁρισθέντα,
1252 1451 1634 1523 καθαιρεῖσθαι
1684 1454 1846 1509 αὐτὸν

255 1538 354 1589 καὶ
403 1533 469 1609 ἦς
504 1540 722 1610 μετέχει
766 1542 970 1611 τιμῆς·
1010 1544 1434 1611 χωρεπίσκοπον
1482 1543 1541 1596 δὲ
1600 1544 1846 1613 γίνεσθαι

254 1628 364 1682 ὑπὸ
394 1630 489 1682 τοῦ
519 1631 618 1701 τῆς
648 1631 851 1694 πόλεως
933 1633 1561 1701 ὑπόκειταινὲπισκόποο.
1588 1702 1591 1703 ν

330 1722 659 1775 Βασαείου
718 1723 788 1775 ἐκ
828 1722 938 1791 τῆς
985 1723 1136 1792 πρὸς
1170 1724 1310 1790 τοὺς
1348 1729 1845 1795 χωρεπισκόπους

1016 331 1413 394 SYNTAGMA
1452 332 1841 394 CANONUM.
1862 334 2096 395 --'I‘lT.
2118 336 2167 395 Ι.
2187 335 2343 394 CAP.
2383 335 2788 396 XXIX-XXX.
3423 338 3527 400 551

2312 443 2535 499 Concilii
2563 443 2875 496 Antiocheni
2896 458 3063 495 canon
3090 443 3172 497 10.

2033 535 2116 589 10.
2136 536 2175 589 li
2195 534 2284 605 qui
2303 545 2430 589 sunt
2451 535 2502 587 in
2523 536 2656 588 vicis
2687 535 2769 588 vel
2796 534 3070 603 pagis,qui
3091 534 3348 589 dicuntur
3369 525 3529 590 clior.-

1953 626 2219 695 episcOpi,
2262 626 2477 681 etiamsi
2514 626 2751 694 episcopi
2774 626 3172 679 ordinationem
3196 640 3528 681 manuumve

1953 718 2353 788 impositiouem
2392 717 2721 786 acceperint,
2759 718 2934 770 visum
2966 723 3072 779 est.
3114 724 3173 770 ut
3212 732 3373 771 suum
3405 732 3527 771 mo-

1952 809 2080 863 dum
2134 809 2331 873 sciaut,
2391 819 2446 881 et
2493 808 2597 863 sibi
2644 808 2920 877 subjectas
2977 807 3240 862 ecclesias
3289 809 3527 861 admini-

1952 909 2147 963 strent,
2166 915 2468 969 earumque
2496 908 2707 967 curaet
2728 898 3099 954 sollicitudine
3128 900 3363 969 gerenda
3386 915 3525 955 con-

1952 991 2087 1046 tenti
2130 992 2277 1047 sint:
2313 992 2651 1048 constituant
2697 1001 2880 1046 autem
2940 992 3194 1057 lectores,
3257 992 3521 1062 hypodia-

1949 1098 2122 1139 conos
2149 1094 2203 1138 et
2223 1084 2614 1149 exorcistas,et
2638 1099 2826 1138 eorum
2847 1083 3248 1153 promotionem
3272 1083 3523 1139 suilicerc

1949 1171 2289 1238 existiment,
2333 1187 2435 1227 nec
2477 1171 2876 1242 presbyterum,
2919 1187 3018 1227 nec
3042 1172 3329 1227 diaconum
3369 1173 3519 1227 ordi-

1949 1279 2082 1318 nare
2113 1264 2349 1318 audeant
2380 1265 2587 1333 absque
2617 1264 2771 1319 urbis
2790 1264 3066 1333 episcopo,
3099 1264 3185 1318 cui
3230 1262 3521 1331 subjicitur

1946 1357 2064 1425 ipse
2096 1365 2149 1410 et
2181 1356 2354 1426 regio.
2407 1357 2464 1410 Si
2495 1357 2620 1426 quis
2649 1366 2830 1411 autem
2866 1372 2928 1410 ea
2972 1373 3093 1425 quae
3117 1356 3341 1411 definita
3388 1363 3519 1411 sunt

1949 1448 2256 1517 transgredi
2315 1450 2532 1512 audeat,
2564 1450 2699 1518 ipse
2726 1464 2945 1519 quoque
2997 1451 3297 1518 deponatur
3344 1449 3413 1503 ab
3448 1463 3517 1503 eo

1948 1539 2156 1594 honore
2179 1555 2340 1610 quem
2374 1542 2556 1596 habet.
2594 1540 2716 1596 Fiat
2744 1556 2925 1596 autem
2969 1542 3395 1612 chorepiscopus
3446 1542 3517 1596 ab

1945 1632 2203 1702 episcopo
2236 1634 2495 1700 civitatis,
2530 1634 2619 1689 cui
2649 1634 2955 1702 subjicitur.

2021 1722 2134 1793 98
2156 1723 2357 1778 Basilii
2384 1740 2448 1778 em
2471 1725 2691 1793 epistola
2714 1726 2782 1778 ad
2811 1726 3221 1797 chorepiscopos,
3242 1725 3393 1791 Qusd
3415 1743 3517 1781 non

249 1810 617 1881 ἐπιστολῆς,
661 1813 817 1868 ὥστε
867 1818 954 1885 μὴ
988 1817 1260 1885 γίνεσθαι
1306 1816 1482 1886 χωρὶς
1509 1819 1697 1874 αὑτοῦ
1728 1825 1837 1877 ὐπ-

1945 1822 2180 1882 oporteat
2206 1815 2323 1882 ﬁeri
2360 1816 2629 1870 ministros
2653 1824 2836 1871 contra
2861 1832 3101 1873 canones.

254 1904 478 1972 ηρέτας
500 1908 661 1975 παρὰ
685 1907 827 1975 τοὺς
856 1910 1156 1975 κανόνας.

330 1997 481 2049 Πάνυ
509 2015 577 2066 με
604 1998 765 2052 λυπεῖ
784 2002 865 2054 ὅτι
885 2000 1259 2055 ἐπιλελοίπασι
1289 2002 1495 2073 λοιπὸν,
1527 2026 1582 2061 κ.
1622 2025 1677 2061 τ.
1700 2007 1748 2059 ὶ.

330 2088 585 2144 ΚΕΦΑΛ.
617 2087 700 2143 Λ⁹.
732 2120 804 2130 —-
827 2092 968 2160 Περὶ
995 2092 1102 2146 τοῦ
1137 2093 1289 2148 ἑπτὰ
1324 2098 1420 2150 καὶ
1438 2100 1667 2168 μόνους
1694 2095 1846 2154 εἶναι

250 2178 579 2248 διακόνους
608 2183 892 2252 ὀφείλειν,
925 2186 1039 2241 κᾶν
1065 2188 1104 2256 ἠ
1135 2191 1313 2256 πόλις
1350 2191 1584 2264 μεγάλη

441 2275 715 2330 Συνόδου
741 2279 1217 2348 Νεοκαισαρείας
1237 2284 1441 2339 κανὼν
1475 2286 1555 2355 ιδ’,
1582 2293 1664 2342 ιε’.

328 2364 414 2419 ιδ’.
443 2367 506 2419 Οί
540 2367 596 2420 δὲ
619 2369 1025 2440 χωρεπίσκοποι
1048 2374 1170 2428 ἐἰσὶ
1204 2375 1304 2446 μὲν
1331 2380 1411 2440 είς
1438 2379 1610 2434 τύπον
1643 2380 1753 2435 τῶν
1776 2388 1840 2448 o',

250 2454 329 2519 ὡς
359 2456 419 2509 δὲ
468 2457 892 2531 συλλειτουργοὶ,
940 2462 1028 2516 διὰ
1055 2465 1156 2534 τὴν
1209 2468 1442 2539 σπουδὴν
1478 2469 1577 2542 τὴν
1608 2473 1688 2536 είς
1713 2473 1840 2536 τοὺς

251 2549 538 2617 πτωχοὺς,
565 2550 927 2622 προσφέρουσι
949 2554 1275 2625 τιμώμενοι.

330 2649 415 2695 ιε’.
441 2644 689 2697 Διάκονοι
712 2638 851 2699 ἑπτὰ
874 2646 1177 2716 ὀφείλουσιν
1198 2646 1492 2705 εἷναικατὰ
1505 2652 1597 2707 τὸν
1614 2656 1835 2721 κανόνα,

251 2733 363 2785 κᾶν
400 2733 541 2786 πάνυ
589 2736 799 2807 μεγάλη
846 2732 880 2812 ᾗ
917 2740 950 2809 ἠ
998 2739 1151 2804 πόλις
1175 2756 1190 2772 ·
1220 2742 1487 2814 πεισθήσῃ
1519 2744 1575 2798 δὲ
1607 2746 1716 2801 ἀπὸ
1740 2750 1837 2819 τῆς

252 2824 446 2894 βίϐλου
473 2827 581 2880 τῶν
606 2828 884 2899 Πράξεων.
954 2872 959 2877 ι

411 2918 677 2973 Συνόδου
703 2921 1121 2991 οίκουμενικῆς
1153 2923 1335 2991 ἕκτης
1367 2926 1570 2980 κανὼν
1593 2927 1691 2991 ις’.

324 3006 426 3072 ις’.
444 3010 662 3081 Ἐπειδὴ
682 3013 738 3064 αἱ
768 3012 877 3065 τῶν
902 3012 1159 3084 Πράξεων
1173 3013 1375 3085 βίϐλοι,
1395 3017 1533 3079 ἑπτὰ
1554 3017 1833 3083 διακόνους

251 3101 364 3153 ὑπὸ
393 3101 505 3154 τῶν
531 3102 842 3157 ἀποστόλων
866 3106 1205 3176 καταστῆναι
1248 3109 1656 3178 παραδιδόασιν,
1691 3113 1741 3164 οί
1774 3112 1831 3165 δὲ

249 3194 355 3263 τῆς
407 3197 551 3249 κατὰ
594 3196 1055 3270 Νεοκαισάρειαν»
1098 3201 1321 3254 συνόδου
1397 3203 1569 3266 οὕτως
1616 3205 1676 3256 ὲν
1717 3207 1829 3268 τοῖς

250 3285 521 3340 ἑκτεθείσι
548 3290 677 3358 παρ’
696 3288 874 3343 αὐτῶν
933 3290 1122 3344 κανόσι
1160 3293 1347 3361 σαφῶς
1399 3294 1676 3365 διεξῆλθον
1698 3339 1713 3363 ,
1751 3298 1833 3350 ὅτι

248 3376 490 3429 διάκονοι
510 3379 653 3431 ἑπτὰ
679 3380 986 3450 ὀφείλουσιν
1021 3381 1161 3437 εἶναι
1186 3386 1326 3438 κατὰ
1361 3386 1454 3438 τὸν
1487 3389 1706 3453 κανόνα,
1732 3388 1835 3441 κᾶν

250 3470 394 3522 πάνυ
428 3471 639 3541 μεγάλη
671 3473 705 3541 ή
738 3473 888 3534 πόλις
910 3474 1017 3544 εῐη,
1042 3475 1312 3547 πεισθήσῃ
1338 3476 1395 3530 δὲ
1425 3478 1488 3529 ὲκ
1517 3479 1614 3547 τῆς
1650 3478 1834 3549 βίϐλου

250 3562 361 3613 τῶν
385 3562 664 3632 Πράξεων·
694 3564 854 3638 ἡμεῖς
895 3565 974 3637 τῷ
1024 3567 1364 3639 ἀποστολικῷ
1416 3569 1564 3642 ρητῷ
1588 3571 1678 3624 τὸν
1711 3571 1837 3626 νοῦν

252 3654 667 3723 ὲφαρμόσαντες
715 3654 823 3709 τῶν
883 3659 1168 3728 Πατέρων,
1202 3657 1439 3730 εὕρομεν
1486 3660 1563 3725 ὡς
1616 3662 1645 3714 ὁ
1676 3662 1836 3726 λόγος

251 3747 437 3808 αὐτοῖς
470 3746 531 3798 οὐ
560 3747 690 3818 περὶ
731 3747 840 3800 τῶν
870 3751 982 3813 τοῖς
1034 3752 1355 3823 μυστηρίοις
1401 3751 1834 3824 διακονουμένων

250 3837 464 3906 ἀνδρῶν
526 3834 617 3909 ἦν,
675 3838 809 3892 ἀλλὰ
861 3841 988 3910 περὶ
1048 3842 1149 3913 τῆς
1199 3845 1258 3896 ὲν
1317 3844 1439 3905 ταῖς
1482 3845 1691 3915 χρείαις
1724 3844 1834 3898 τῶν

250 3927 542 3995 τραπεζῶν
596 3930 899 4003 ὑπουργίας
931 3949 946 3966 ·
1007 3934 1108 4003 τῆς
1152 3935 1260 3988 τῶν
1324 3935 1583 4007 Πράξεων
1654 3937 1833 4008 βίϐλου

250 4018 424 4081 οὕτως
454 4021 729 4092 ἐχούσης·
775 4024 880 4077 Ἐν
922 4025 1053 4089 ταῖς
1079 4025 1328 4094 ἡμέραις
1373 4028 1634 4096 ἐκείναις
1678 4033 1837 4097 πλη·

250 4112 560 4165 θυνόντων
588 4112 707 4166 τῶν
723 4113 1023 4183 μαθητῶν,
1057 4112 1291 4187 ἐγένετο
1325 4120 1664 4189 γογγυσμὸς
1714 4119 1836 4174 τῶν

261 4202 674 4270 Ἑλληνιστῶν
719 4206 865 4273 πρὸς
891 4208 1033 4275 τοὺς
1062 4208 1388 4278 Ἑϐραίους,
1420 4212 1509 4267 ὅτι
1541 4216 1834 4280 παρεθεω-

243 4296 465 4362 ροῦντο
510 4296 581 4350 ἐν
608 4297 681 4365 τῇ
710 4298 983 4368 διακονίᾳ
1028 4301 1103 4370 τῇ
1153 4303 1522 4373 καθημερινῇ
1566 4309 1623 4359 al
1655 4305 1836 4373 χῆραι

247 4386 450 4441 αὐτῶν
471 4403 485 4417 ο
516 4390 1082 4459 προσκαλεσάμενοι
1116 4394 1182 4446 δὲ
1211 4396 1265 4448 οὶ
1301 4394 1531 4449 δώδεκα
1566 4396 1634 4449 τὸ
1672 4396 1834 4463 πλῆ-

2016 1992 2411 2049 Permolestum
2445 1994 2725 2060 mihi,etc.
2763 1993 2830 2049 Ut
2855 2009 2976 2065 pag.
3010 1992 3136 2049 490.

2014 2084 2168 2141 CAP.
2198 2083 2369 2139 XXX.
2408 2115 2492 2137 —.
2531 2083 2601 2139 Ut
2644 2086 2697 2138 in
2728 2101 3043 2155 unaquaque
3096 2085 3243 2149 urbe,
3306 2086 3519 2140 etiamsi

1945 2192 2137 2245 magna
2166 2176 2272 2242 sit,
2300 2191 2402 2229 non
2437 2176 2541 2230 sint
2565 2176 2775 2229 diaconi
2800 2175 2917 2244 plus
2946 2192 3104 2245 quam
3124 2184 3338 2245 septem.

2161 2265 2385 2336 Concilii
2414 2266 2837 2322 Neocwsarensis
2858 2284 3081 2322 canones
3116 2267 3197 2333 14,
3231 2267 3317 2321 15.

2015 2358 2102 2413 14.
2155 2359 2541 2429 Chorepiscopi
2593 2369 2777 2415 autem
2813 2370 2940 2414 sunt
2988 2360 3208 2429 quidem
3250 2361 3305 2413 in
3346 2360 3516 2430 ﬁgura

1942 2452 2281 2520 septuaginta
2318 2468 2331 2504 :
2373 2462 2432 2505 ut
2477 2461 2656 2505 autem
2695 2452 3083 2514 comministri,
3128 2463 3352 2521 propter
3397 2462 3515 2506 stu—

1940 2542 2092 2597 dium
2119 2542 2173 2596 in
2200 2558 2489 2612 pauperes,
2522 2543 2758 2599 oderunt
2788 2545 3059 2598 honorati.

2010 2634 2098 2690 15.
2120 2634 2339 2689 Diaconi
2360 2643 2567 2705 septem
2593 2650 2714 2691 esse
2735 2635 2935 2693 debent
2966 2650 3033 2691 ex
3072 2651 3301 2705 canone,
3330 2638 3517 2694 etiam-

1938 2729 1983 2783 si
2037 2728 2108 2783 sit
2152 2743 2349 2799 magna
2381 2728 2601 2785 civitas.
2652 2728 2783 2800 Ejus
2812 2738 2994 2785 autem
3032 2731 3110 2786 rei
3167 2732 3326 2791 ﬁdem
3354 2732 3514 2788 faciet

1938 2819 2074 2874 liber
2101 2821 2383 2875 Actorum.

2234 2916 2459 2971 Concilii
2480 2914 2780 2971 aecumenici
2807 2928 2863 2969 vr
2901 2930 3072 2971 canon
3103 2914 3194 2971 16.

2011 3013 2096 3069 16.
2135 3012 2409 3080 Quoniam
2439 3011 2675 3064 Actuum
2709 3007 2859 3064 liber.
2890 3015 3100 3077 septem
3134 3007 3395 3065 diaconos
3442 3009 3514 3064 ab

1937 3105 2198 3177 apostolis
2272 3102 2604 3158 constitutos
2660 3114 2783 3155 esse
2834 3099 3027 3164 tradit,
3077 3099 3514 3157 Neocaesarensis

1937 3209 2116 3254 autem
2147 3194 2447 3267 synodus“
2475 3193 2556 3249 sic
2581 3194 2634 3247 in
2667 3208 2697 3246 a
2734 3206 2794 3248 se
2821 3192 2980 3247 editis
3001 3192 3301 3247 cauonibus
3330 3202 3515 3261 aperte

1935 3290 2230 3357 disseruit;
2271 3288 2416 3359 quod
2446 3295 2651 3356 septem
2679 3285 2879 3340 debent
2917 3299 3042 3341 esse
3076 3285 3291 3340 diaconi
3316 3301 3383 3340 ex
3423 3300 3516 3341 ca-

1937 3397 2099 3447 none,
2127 3381 2343 3437 etiamsi
2369 3380 2443 3435 sit
2468 3377 2620 3433 valde
2651 3392 2846 3446 magna
2890 3376 3105 3439 civitas,
3135 3391 3203 3431 ex
3233 3376 3373 3430 libro
3411 3392 3513 3430 au-

1935 3486 2045 3531 tem
2083 3474 2311 3529 Actuum
2357 3470 2818 3542 persuadeberis:
2860 3484 2963 3525 nos
3022 3484 3149 3525 cum
3191 3470 3337 3524 dicto
3377 3485 3515 3540 apo-

1936 3567 2131 3623 stolico
2176 3564 2399 3620 Patrum
2432 3571 2668 3618 mentem
2729 3562 3166 3631 adaptassemus,
3206 3561 3517 3617 invenimus

1936 3674 2032 3714 eos
2062 3673 2184 3715 esse
2211 3659 2424 3713 locutos
2452 3670 2563 3710 non
2589 3655 2658 3711 de
2682 3654 2838 3720 viris,
2882 3654 2978 3724 qui
3022 3653 3345 3708 ministrant
3390 3669 3512 3724 my-

1935 3749 2118 3805 steriis
2144 3790 2160 3815 ,
2204 3749 2298 3804 sed
2330 3749 2399 3804 de
2429 3745 2734 3802 ministerio
2789 3745 2935 3814 quod
2966 3744 3020 3798 in
3064 3758 3169 3799 usu
3200 3758 3516 3798 mensarum

1936 3844 2314 3908 adhibebatur,
2368 3856 2496 3897 cum
2548 3840 2685 3894 liber
2722 3840 2959 3892 Actuum
3014 3837 3096 3892 sic
3145 3837 3343 3891 habeat
3392 3852 3407 3889 :
3447 3835 3519 3890 In

1936 3935 2283 3999 diebus,illis
2348 3949 2469 3987 cum
2526 3930 2914 4000 discipulorum
2973 3928 3258 3983 multitudo
3302 3944 3518 3982 cresce-

1937 4040 2052 4092 ret,
2116 4028 2220 4097 fuit
2266 4024 2571 4081 Graecorum
2625 4040 2870 4077 murmur
2927 4024 3176 4077 adversus
3228 4022 3514 4087 Hebraros,

1935 4118 2074 4189 quod
2103 4115 2525 4186 despiciebantur
2553 4131 2733 4169 eorum
2763 4112 2937 4166 vidua:
2967 4113 3024 4165 in
3052 4113 3345 4165 ministerio
3383 4128 3517 4179 quo-

1937 4213 2161 4266 tidiana.
2191 4210 2303 4279 99
2332 4207 2621 4262 Duodecim
2650 4221 2796 4276 ergo,
2829 4205 3092 4258 accersita
3134 4205 3517 4271 discipulorum

1938 4302 2274 4357 multitudine
2299 4302 2589 4354 dixerunt:
2619 4297 2739 4351 Non
2769 4296 2959 4365 placet,
2993 4304 3048 4348 ut
3098 4297 3248 4350 verba
3283 4295 3380 4349 Dei
3428 4311 3516 4348 re-

1936 4397 2062 4450 licto
2093 4396 2283 4449 mensis
2310 4394 2630 4455 serviamus;
2656 4389 2919 4460 providete
2947 4404 3068 4457 ergo
3087 4426 3102 4451 ,
3129 4389 3344 4457 fratres,
3376 4391 3513 4443 viros

247 4482 351 4543 θος
376 4476 497 4530 τῶν
510 4479 808 4546 μαθητῶν,
830 4476 1022 4533 εἷπον·
1061 4484 1181 4535 οὐκ
1209 4484 1467 4551 ἀρεστόν
1481 4485 1651 4537 ἐστιν
1677 4484 1834 4553 ἡμᾶς

1945 4502 2001 4541 ea:
2031 4485 2198 4551 vobis,
2229 4486 2293 4538 de
2316 4484 2505 4553 quibus
2532 4483 2723 4535 bonum
2749 4483 2814 4534 sit
2849 4482 3209 4535 testimonium
3229 4523 3244 4547 ,
3293 4492 3511 4552 septem,

247 4570 731 4637 καταλείψαντας
745 4571 1048 4640 τὸνλόγον
1061 4574 1162 4626 τοῦ
1182 4575 1349 4637 Θεοῦ,
1373 4576 1675 4630 διακονεῖν
1698 4593 1834 4645 τρα-

248 4659 449 4725 πέζαις
472 4675 488 4692 ·
518 4660 935 4729 ἐπισκέψασθε
961 4658 1075 4717 οὖν
1100 4703 1113 4727 ,
1144 4664 1395 4732 ἀδελφοὶ
1418 4705 1433 4727 ,
1488 4664 1713 4732 ἄνδρας
1761 4667 1831 4730 ἐξ

246 4750 417 4818 ὑμῶν
443 4752 966 4821 μαρτυρουμένους
994 4755 1163 4819 ἑπτὰ,
1209 4757 1464 4825 πλήρεις
1486 4759 1832 4826 Πνεύματος

248 4845 420 4911 ἁγίου
473 4845 572 4896 καὶ
608 4845 849 4912 σοφίας,
903 4846 1011 4911 οὓς
1070 4849 1537 4918 καταστήσομεν
1576 4849 1677 4902 ἐπὶ
1717 4849 1830 4917 τῆς

248 4937 453 5003 χρείας
508 4937 730 5004 ταύτης
758 4953 771 4965 ⁸
816 4939 987 5005 ἡμεῖς
1042 4939 1110 4991 δὲ
1158 4940 1232 5008 τῇ
1262 4941 1578 5011 προσευχῇ
1617 4942 1714 4995 καὶ
1755 4940 1830 5009 τῇ

247 5026 526 5092 διακονίᾳ
596 5027 703 5081 τοῦ
760 5029 948 5094 λόγου
1021 5031 1650 5099 προσκαρτερήσομεν.
1723 5022 1835 5085 Καὶ

249 5118 473 5186 ἤρεσεν
502 5121 533 5171 ό
569 5120 751 5187 λόγος
792 5120 892 5172 ἐπὶ
940 5123 1165 5187 παντὸς
1212 5123 1318 5176 τοῦ
1364 5125 1644 5189 πλήθους
1672 5140 1685 5155 ·
1737 5125 1833 5177 καί

248 5211 608 5274 ἐξελέξαντο
632 5211 936 5280 Στέφανον
963 5214 1151 5281 ἄνδρα
1188 5214 1390 5284 πλήρη
1426 5217 1687 5282 πίστεως
1734 5217 1833 5269 καὶ

252 5304 600 5369 Πνεύμιιτος
622 5303 812 5373 ἁγίου,
846 5304 942 5356 καὶ
982 5305 1301 5371 Φίλιππον,
1355 5306 1454 5359 καὶ
1504 5308 1828 5376 Πρόχορον,

251 5395 345 5450 καί
371 5394 690 5461 Νικάνορα,
722 5394 820 5447 καὶ
876 5397 1102 5463 Τίμωνα
1126 5438 1139 5461 ,
1179 5399 1272 5449 καὶ
1335 5398 1670 5466 Παρμενᾶν,
1728 5400 1829 5453 καὶ

249 5488 547 5541 Νικόλαον
602 5486 995 5554 προσήλυτον
1027 5488 1353 5556 Ἀντιοχέα,
1406 5490 1512 5556 οὓς
1556 5490 1833 5557 ἔστησαν

251 5581 508 5634 ἐνώπιον
562 5580 682 5633 τῶν
740 5581 1123 5634 ἀποστόλων.
1161 5580 1348 5635 Ταῦτα
1399 5580 1770 5652 διερμηνεύων
1803 5582 1832 5634 ό

250 5672 691 5743 τῆςἘκκλησίας
727 5672 1042 5735 διδάσκαλος
1086 5673 1337 5743 Ἰωάννης
1372 5677 1398 5726 ὁ
1427 5673 1829 5743 Χρυσόστομος,

328 5791 371 5821 ’⁵
408 5792 544 5843 (Ian.
581 5790 668 5844 15.

463 5888 735 5945 ΡΑΤιιοι..
785 5886 903 5946 (in.
952 5886 1106 5947 CIV.

748 5790 793 5820 ²⁰
826 5788 948 5843 Act.
981 5806 1054 5855 vi,
1096 5790 1205 5844 1-7.
1284 5791 1326 5822 ¹¹
1360 5788 1560 5845 llomil.
1589 5788 1653 5843 15
1680 5767 1731 5843 ἧι
1763 5791 1915 5843 Acta.

1932 4580 2138 4648 Spiritu
2169 4586 2353 4631 sancto
2384 4585 2431 4630 et
2468 4575 2733 4644 sapientia
2780 4573 2980 4643 plenos,
3027 4589 3157 4644 quos
3186 4576 3239 4628 in
3286 4577 3384 4629 hoc
3412 4592 3515 4630 usu

1930 4674 2306 4726 constituemus
2334 4682 2353 4721 :
2384 4684 2475 4722 nos
2506 4678 2683 4721 autent
2716 4668 2773 4719 in
2795 4668 3036 4720 oratione
3066 4678 3115 4721 et
3176 4668 3314 4721 verbi
3357 4670 3515 4723 mini-

1929 4764 2093 4818 sterio
2129 4763 2340 4832 fortiter
2370 4758 2836 4829 perseverabimus.
2886 4757 2957 4812 Et
2994 4760 3376 4828 placuitsermo
3421 4778 3512 4815 co-

1928 4873 2044 4910 ram
2081 4855 2225 4909 omni
2280 4852 2639 4913 multitudine,
2683 4861 2730 4904 et
2748 4850 3015 4920 elegerunt
3063 4850 3385 4920 Stephanum
3435 4856 3511 4907 vi-

1934 4961 2052 4997 rum
2087 4942 2297 5012 plenum
2348 4941 2451 5009 ﬁde
2477 4950 2526 4993 et
2585 4939 2794 5008 Spiritu
2830 4949 3036 5002 sancto,
3070 4939 3397 5009 Philippum,
3460 4955 3510 4996 et

1936 5033 2280 5094 Prochorum,
2305 5040 2356 5083 et
2390 5029 2733 5093 Nicanorem,
2774 5039 2824 5082 et
2876 5028 3167 5093 Timonem,
3211 5041 3259 5084 et
3290 5030 3512 5085 Parme-

1937 5142 2078 5186 nam,
2128 5135 2175 5176 et
2234 5122 2521 5174 Nicolaum
2560 5121 2885 5190 proselytum
2940 5122 3343 5186 Antiochenam,
3380 5140 3509 5192 quos

1934 5226 2231 5270 statuerunt
2259 5232 2441 5269 coram
2474 5214 2728 5282 apostolis
2754 5215 2819 5264 ’°.
2855 5212 2979 5266 llzec
3008 5212 3373 5280 interpretans
3404 5214 3508 5267 Ec-

1940 5306 2119 5360 clesiae
2146 5306 2338 5360 doctor
2362 5303 2601 5358 Joannes
2643 5301 3155 5371 Chrysostomus“,
3208 5302 3287 5357 sic
3322 5319 3511 5372 prose-

1931 5399 2118 5468 quitur
2146 5415 2159 5451 :
2195 5396 2292 5451 Est
2315 5410 2495 5465 operae
2529 5393 2763 5464 pretium
2790 5393 3071 5458 admirari,
3092 5395 3365 5463 quomodo
3400 5413 3508 5451 non

1930 5501 2012 5546 est
2056 5490 2231 5546 scissa
2285 5488 2580 5543 multitudo
2622 5488 2677 5541 in
2721 5486 2967 5540 virorum
3026 5484 3309 5553 electione,
3374 5504 3512 5556 quo-

1930 5581 2094 5637 modo
2137 5598 2245 5636 non
2279 5590 2409 5637 sunt
2460 5580 2529 5634 ab
2573 5579 2704 5648 ipsis
2736 5577 2918 5646 rejecli
2955 5591 3019 5631 ac
3073 5578 3343 5646 reprobati
3370 5594 3503 5647 apo-

1931 5672 2081 5728 stoli.
2125 5670 2430 5737 Quamnam
2466 5678 2647 5724 autem
2692 5668 2963 5723 habebant
3016 5666 3071 5722 hi
3103 5668 3507 5736 auctoritatem,

3036 5884 3108 5942 18
