3908 6296
519 285 625 350 555

1674 275 1940 336 ΡΗΟΤΙΙ
1977 273 2484 335 PATRIARCHAS
2504 275 2628 335 (ΣΡ.

3670 275 3763 339 556

518 406 573 454 et
597 409 762 466 quam
794 396 1125 463 acceperunt
1170 386 1593 452 ordinationem.
1624 386 1767 442 scire
1789 394 1875 441 est
1904 399 2096 439 neces-

2213 380 2371 445 )ὓτως
2405 382 2652 447 διέξεισιο
2682 381 2973 452 Θαυμάσαι
3004 382 3153 448 ἄξιον
3184 383 3299 445 πῶς
3321 382 3425 437 οὐκ
3462 382 3687 454 ’ἐσχίσθη
3713 389 3767 440 τὸ

518 489 748 545 sarium.
792 482 1071 555 Numquid
1101 476 1682 548 diaconorumtAtqui
1716 476 1823 531 hoc
1862 489 1972 529 non
2010 482 2096 529 est

518 578 573 632 in
616 573 887 631 ecclesiis.
941 570 1048 627 Sed
1099 577 1184 626 est
1225 570 1666 638 presbyterorum
1714 562 2096 634 dispensatio?

516 663 681 734 Atqui
722 661 907 715 nullus
936 658 1117 713 adhuc
1158 666 1277 711 erat
1307 654 1618 723 episcopus,
1675 651 1769 707 sed
1813 650 1915 705 soli
1964 665 2095 720 apo-

517 752 663 807 stoli.
694 748 848 804 Unde
871 763 971 801 nec
993 746 1373 806 diaconorum,
1404 756 1502 796 nec
1524 740 1964 810 presbyterorum
1996 753 2097 791 no-

519 852 642 891 men
658 834 1041 890 existimamus
1054 838 1301 899 apertum
1332 840 1456 881 esse
1482 840 1545 879 ac
1567 823 1938 879 manifestum.
1964 820 2099 877 Pro-

518 936 640 996 pter
670 924 772 978 hoc
805 936 935 991 ergo
966 934 1063 974 nos
1101 930 1314 987 quoque
1346 913 1729 983 praedicamus,
1771 923 1832 967 ut
1858 911 2099 982 praedicti

520 1025 725 1087 septem
760 1012 976 1069 diaconi
1018 1025 1123 1064 non
1148 1010 1215 1063 de
1262 1008 1332 1063 iis
1363 1006 1724 1075 accipiantur,
1770 1005 1864 1075 qui
1900 1013 2100 1075 myste-

2200 473 2403 545 πλῆθος
2440 473 2532 526 ἐπὶ
2565 476 2629 545 τῇ
2664 474 2873 545 αἱρέσει
2901 473 3010 527 τῶν
3028 474 3262 545 ἀνδρῶν,
3284 475 3401 538 πῶς
3441 475 3542 528 οὑκ
3591 476 3769 530 ἀπεδοσ

2202 564 2550 635 κιμάσθησαν
2580 565 2676 618 ὑπ’
2703 566 2883 619 αὑτῶν
2914 567 2963 619 οἰ
2988 567 3277 620 ἀπόστολοι
3313 582 3327 598 ·
3362 568 3545 619 ὁποῖον
3575 564 3632 619 δὲ
3672 569 3771 641 ἄρα

2200 656 2417 727 ἀξίωμα
2448 652 2594 727 εἶχον
2631 650 2796 721 οὗτοι,
2824 657 2919 711 καὶ
2950 658 3111 711 ποίαν
3141 658 3393 725 ἐδέξαντο
3426 660 3770 729 χειροτονίαν,

2202 751 2500 818 ἀναγκαῖον
2533 750 2726 819 μαθεῖν
2751 765 2767 781 ⁸
2797 746 2907 824 ἆρα
2932 752 3032 823 τὴν
3054 753 3162 806 τῶν
3196 752 3493 818 διακόνωνς
3522 752 3619 807 καὶ
3674 756 3770 823 μὴν

2202 839 2363 893 τοῦτο
2399 840 2457 894 ἐν
2496 842 2622 904 ταῖς
2653 841 2972 913 ἐκκλησίαις
3005 842 3107 897 οὑκ
3142 843 3311 896 ἔστιν’
3342 841 3481 895 ἀλλὰ
3505 842 3616 893 τῶν
3653 860 3776 913 πρε-

2202 934 2479 1006 σϐυτέρων
2515 936 2665 988 ἐστὶν
2696 936 2728 1005 ἠ
2764 936 3045 1005 οἰκονομία
3079 951 3092 1001 ;
3120 935 3229 988 Καί
3256 953 3335 988 τοι
3363 936 3576 991 οὐδέπω
3611 937 3778 1000 οὐδεὶς

2196 1026 2493 1090 ἐπίσκοπος
2549 1022 2637 1097 ἦν,
2679 1027 2793 1081 ἀλλ’
2841 1029 2891 1081 οἱ
2925 1028 3213 1082 ἀπόστολοι
3265 1030 3425 1099 μόνον
3459 1047 3473 1058 ·
3500 1029 3625 1081 ὅθεν
3663 1027 3777 1080 οὔτε

518 1110 615 1163 riis
651 1107 920 1167 serviunt,
949 1112 1007 1157 ut
1062 1099 1325 1170 estprius
1363 1098 1611 1168 exposita
1665 1096 1938 1159 doctrina,
2000 1095 2095 1151 sed

2213 1120 2475 1185 ῐιακόνων,
2530 1095 2654 1172 ούτε
2706 1122 3093 1191 πρεσϐυτέρων
3131 1095 3362 1176 εἶναι-τὸ
3399 1120 3573 1189 ὄνομα
3629 1120 3777 1188 δῆλον

517 1214 611 1253 eos
646 1196 986 1266 esseﬁquibus
1005 1194 1105 1247 l'uit
1126 1191 1439 1247 concredita
1461 1206 1525 1244 ac
1543 1189 1740 1245 tradita
1759 1188 2093 1259 dispensatio

2213 1210 2451 1280 ρανερόν.
2500 1209 2624 1262 Ἐπὶ
2664 1188 2871 1273 τούτοις
2903 1188 2996 1264 οὖν
3056 1210 3405 1281 κηρύσσομεν
3454 1188 3549 1263 καὶ
3600 1211 3775 1279 ἡμεῖς,

517 1288 796 1344 communi
826 1301 1008 1341 eorum
1034 1300 1157 1347 usu,
1192 1283 1287 1352 qui
1314 1292 1445 1337 tunc
1461 1282 1672 1335 collecti
1695 1281 1911 1335 fuerant
1945 1282 2086 1351 (54),

516 1382 608 1452 qui
649 1380 807 1434 nobis
843 1380 899 1433 in
940 1379 1044 1432 hoc
1091 1391 1308 1447 quoque
1344 1376 1515 1429 forma
1553 1373 1705 1429 fuere
1734 1374 2091 1430 humanitatis

516 1484 570 1529 et
594 1474 759 1529 studii
800 1474 853 1526 in
878 1486 971 1527 eos
1002 1472 1097 1541 qui
1122 1471 1387 1540 indigent.

2198 1298 2339 1351 ὥστε
2369 1299 2495 1361 τοὺς
2514 1300 2948 1370 προειρημένους
2973 1301 3113 1353 ἐπτὰ
3133 1300 3439 1365 διακόνους,
3467 1299 3543 1370 μὴ
3566 1301 3659 1352 ἐπὶ
3680 1300 3779 1352 τῶν

2199 1386 2313 1446 τοῖς
2344 1385 2661 1456 μυστηρίοις
2720 1386 3155 1457 διακονουμένων
3205 1389 3606 1459 λαμϐάνεσθαι,
3648 1390 3781 1442 κατὰ

2202 1476 2301 1547 τὴν
2332 1479 2871 1550 προερμηνευθεῖσαν
2923 1481 3295 1547 διδασκαλίαν,
3343 1480 3478 1534 ἀλλὰ
3510 1482 3642 1543 τοὺς
3692 1480 3783 1551 τὴν

514 1565 827 1636 οἰκονομίαν
891 1564 989 1635 τῆς
1028 1563 1215 1631 κοινῆς
1288 1559 1477 1631 χρείας
1523 1557 1635 1611 τῶν
1696 1558 1817 1613 τότε
1869 1563 2349 1636 συνηθροισμένων
2388 1570 2849 1641 ἐγχειρισθέντας,
2893 1571 3118 1635 τούτους
3168 1572 3459 1643 ὑπάρχειν,
3526 1571 3578 1624 οῖ
3622 1571 3784 1633 τύπος

516 1662 650 1731 ἡμῖν
701 1658 803 1710 κάν
862 1655 1037 1725 τούτῳ
1073 1654 1332 1723 γεγόνασι
1364 1653 1466 1721 τῆς
1492 1654 1621 1723 περὶ
1646 1652 1772 1715 τοὺς
1804 1652 2094 1723 δεομένους
2134 1660 2545 1732 φιλανθρωπίας
2593 1679 2654 1716 τε
2708 1663 2806 1716 καὶ
2853 1664 3110 1735 σπουδῆς.

590 1748 807 1804 Textus.
846 1747 1040 1802 Const.
1093 1762 1133 1811 ι,
1169 1748 1254 1801 tit.
1293 1748 1317 1801 1
1352 1748 1703 1802 Novellarunt
1734 1744 1898 1809 dicit,
1945 1747 2090 1816 quod
2124 1755 2166 1809 Β

516 1857 711 1895 eorum
749 1854 1058 1905 numerum,
1091 1838 1259 1908 quiin
1282 1854 1610 1909 unaquaque
1638 1839 1874 1894 ecclesia
1933 1840 2097 1894 mini-

516 1941 715 1996 strant,
764 1932 1037 1986 reditunm
1111 1930 1271 2001 100
1328 1932 1604 2001 quantitas
1669 1938 1723 1984 et
1798 1929 2096 1985 inveterata

516 2012 858 2079 consuettido
920 2023 1160 2078 deﬁniat.
1216 2023 1407 2078 Const.
1456 2038 1585 2077 vero
1636 2021 1669 2077 9
1709 2020 1955 2091 ejusdem
2009 2022 2093 2076 tit.

512 2118 700 2187 jubet,
747 2126 807 2171 ut
858 2117 913 2170 in
950 2116 1141 2187 Magna
1207 2115 1435 2171 ecclesia
1486 2114 2093 2184 Constantinopolitana

518 2212 627 2264 sint
660 2209 965 2281 presbyteri
1007 2208 1311 2279 sexaginta,
1367 2208 1585 2263 diaconi
1621 2215 1840 2262 centum
1862 2249 1877 2274 ,
1908 2208 2094 2262 diaco-

516 2301 681 2357 nissze
720 2302 931 2371 viginti,
966 2300 1288 2356 subdiaconi
1338 2300 1637 2370 nonaginta
1660 2342 1676 2366 ,
1710 2299 1942 2354 lectores
1971 2314 2103 2354 cen-

516 2400 630 2445 tum
662 2398 716 2445 et
755 2390 978 2454 decem,
1018 2398 1275 2463 cantores
1310 2389 1502 2459 viginti
1566 2388 1843 2459 quinque,
1890 2390 2101 2444 ostiarii

517 2490 762 2537 centum.
817 2481 1074 2551 Ejusdem
1124 2491 1306 2536 autem
1365 2483 1449 2536 tit.
1492 2491 1666 2536 const.
1719 2481 1808 2544 iO.
1859 2483 2008 2549 vult,
2045 2492 2106 2538 ut

518 2574 573 2627 in
602 2573 724 2627 aliis
748 2571 995 2626 ecclesiis
1022 2578 1268 2625 servetur
1308 2569 1377 2623 ab
1419 2569 1575 2622 initio
1607 2568 1889 2623 deﬁnitum
1927 2579 2102 2624 statu-

517 2674 655 2719 tnm.
702 2663 973 2718 Caeterum
1021 2678 1118 2731 per
1170 2662 1399 2715 formam
1442 2660 1647 2715 domini
1706 2658 1941 2714 Heraclii
1978 2676 2104 2714 con-

517 2756 692 2814 stituti
749 2767 872 2810 sunt
925 2755 979 2808 in
1030 2754 1222 2809 eadem
1283 2752 1473 2823 Magna
1532 2752 1763 2807 ecclesia
1808 2753 2107 2824 presbyteri

518 2849 816 2918 octoginta,
853 2846 1072 2899 diaconi
1111 2844 1549 2915 quinquagiuta,
1598 2843 1921 2899 diaconissa:
1970 2861 2109 2914 qua-

2278 1752 2410 1806 Ἡδὲ
2436 1760 2485 1806 α’
2507 1753 2748 1820 διάταξις
2766 1756 2861 1809 τοῦ
2892 1763 2940 1808 α’
2967 1756 3074 1810 τίτ.
3107 1756 3217 1810 τῶν
3247 1754 3475 1823 Νεαρῶν
3502 1755 3642 1825 φησὶ
3665 1794 3679 1820 ,
3708 1752 3784 1808 ὅτι

2199 1843 2291 1896 τὸν
2315 1845 2549 1916 ἀριθμὸν
2569 1846 2677 1900 τῶν
2701 1849 2757 1900 ἐν
2784 1848 2990 1919 ἑκάστη
3011 1848 3277 1919 ἐκκλησίᾳ
3300 1847 3783 1919 λειτουργούντων.

2201 1936 2499 2008 ήποσότης
2542 1939 2644 2007 τῆς
2689 1939 2953 2009 προσόδου
2992 1940 3090 1993 καὶ
3145 1941 3179 2011 ή
3238 1940 3563 2011 κρατήσασα
3617 1938 3784 2010 ὁρίζει

2202 2025 2481 2095 συνήθεια,
2528 2028 2595 2079 Ἥ
2621 2027 2677 2079 δὲ
2730 2026 2776 2079 θ’
2805 2026 2898 2080 τοῦ
2951 2026 3114 2080 αὑτοῦ
3149 2026 3359 2092 τίτλου,
3404 2028 3592 2081 τάττει
3627 2026 3685 2077 ἐν
3722 2027 3787 2095 τῇ

2198 2117 2428 2189 Μεγάλῃ
2483 2118 2751 2189 ἐκκλησίᾳ
2814 2118 3445 2181 Κωνσταντινουπόλεως
3484 2117 3788 2189 πρεσϐυτέ-

2200 2225 2328 2278 ρους
2348 2208 2412 2275 ξθ,
2442 2209 2724 2275 διακόνους
2746 2210 2813 2280 ρ’,
2835 2210 3179 2274 διακονίσσας
3196 2216 3270 2280 μ’,
3304 2209 3697 2273 ὑποδιακόνους
3719 2207 3785 2276 Lf,

2200 2298 2552 2368 ἀναγνώστας
2585 2308 2674 2371 ρι’,
2703 2302 2912 2371 ψάλτας
2946 2309 3044 2368 κε’,
3077 2302 3363 2373 θυρωροὺς
3389 2307 3453 2372 ρ’⁶
3481 2304 3515 2372 η
3542 2301 3603 2354 δὲ
3639 2307 3670 2354 ι’
3698 2302 3786 2353 τοῦ

2200 2386 2366 2441 αὑτοῦ
2396 2387 2501 2443 τίτ.
2528 2390 2668 2443 διάτ.
2699 2390 2949 2460 βούλεται
2970 2392 3027 2443 ἐν
3063 2394 3183 2454 ταῖς
3223 2389 3413 2453 ἄλλαις
3462 2389 3786 2459 ἐκκλησίαις

2202 2478 2564 2545 φυλάττεσθαι
2588 2480 2649 2532 τὸ
2689 2482 2747 2546 ἐξ
2785 2482 2959 2552 ἀρχῆς
2990 2482 3207 2552 ὁρισθὲν
3266 2480 3584 2535 στατοῦτον.
3655 2480 3786 2534 Ἀπὸ

2200 2569 2257 2622 δὲ
2279 2569 2450 2625 τύπου
2471 2571 2565 2624 τοῦ
2590 2572 2852 2626 δεσπότου
2892 2574 3213 2645 Ἡρακλείου
3266 2572 3588 2644 ὼρίσθησαν
3617 2573 3681 2624 ἐν
3724 2574 3787 2642 τῇ

2204 2662 2341 2733 αὐτῇ
2367 2662 2597 2735 Μεγάλῃ
2620 2664 2886 2735 ἐκκλησίᾳ
2914 2666 3277 2737 πρεσϐύτεροι
3310 2663 3388 2731 π’,
3421 2663 3666 2717 διάκονοι
3692 2671 3784 2732 ρν’,

2204 2752 2541 2807 διακόνισσαι
2562 2760 2639 2824 μ’,
2678 2756 3020 2811 ὑποδιάκονοι
3047 2756 3113 2821 ο’,
3152 2757 3498 2827 ἀναγνῶσται
3532 2750 3786 2826 ρξ’,ψάλ-

2206 2863 2295 2899 ται
2326 2852 2427 2914 κε’,
2460 2848 2701 2920 θυρωροὶ
2734 2855 2830 2904 σε’.

518 2941 795 3013 draginta,
845 2938 1170 2994 subdiaconi
1200 2938 1568 3008 septuaginta,
1613 2938 1846 2993 lectores
1872 2948 2093 2994 centum
2136 2941 2443 3012 sexaginta,
2473 2952 2725 2998 cantores
2749 2943 2939 3015 viginti
2968 2943 3237 3014 quinque,
3296 2945 3511 3001 ostiarii
3563 2956 3787 3017 septua-

519 3042 666 3115 ginta
700 3040 969 3109 quinque.

589 3130 743 3187 CAP.
794 3129 989 3184 XXXI.
1036 3160 1102 3170 —
1131 3128 1361 3195 Quinam
1409 3126 1514 3181 sint
1557 3126 1770 3191 clerici,
1824 3126 1929 3182 sive
1976 3126 2097 3194 qni-

2276 3122 2527 3178 ΚΕΦᾹΔ.
2574 3120 2700 3175 AA'.
2752 3152 2823 3162 -—
2856 3123 3023 3186 Τίνες
3070 3113 3191 3177 εισὶ
3238 3120 3553 3190 κληρικοὶ,
3608 3122 3649 3189 ἢ
3688 3120 3791 3189 τῆς

522 3242 644 3280 nam
678 3225 746 3277 ad
776 3222 1189 3278 ecclesiasticum
1223 3220 1458 3274 ordinem
1490 3220 1847 3288 pertinentes?

867 3313 1095 3371 Concilii
1138 3311 1423 3366 Laudiceni
1463 3325 1630 3364 canon
1660 3310 1752 3364 ει.

586 3408 677 3463 28.
700 3406 855 3474 Quod
896 3420 1003 3460 non
1034 3412 1253 3475 Oportet
1281 3411 1544 3467 sacratos,
1577 3417 1608 3456 a
1647 3399 1979 3483 presbyteris
2007 3414 2103 3453 us-

520 3510 626 3565 que
672 3497 736 3549 ad
783 3495 1062 3559 diaconos,
1116 3501 1170 3547 et
1219 3491 1477 3561 deinceps
1506 3490 1803 3562 quemlibet
1837 3490 2097 3545 ecclesia-

520 3587 641 3643 stici
669 3587 879 3643 ordinis
926 3599 1101 3656 usque
1149 3585 1215 3639 ad
1261 3584 1569 3649 ministros,
1609 3584 1693 3638 vel
1734 3583 1986 3648 lectores,
2016 3582 2103 3635 vel

522 3690 797 3747 cantores,
825 3680 913 3735 vel
942 3678 1367 3734 exercitatorum
1404 3675 1649 3743 ordines,
1694 3674 1749 3729 in
1795 3689 2101 3745 cauponam

523 3772 756 3841 ingredi.

592 3861 807 3916 Textus.
864 3860 1054 3916 Const.
1102 3876 1179 3927 ιι,
1220 3860 1309 3915 tit.
1353 3860 1375 3914 1
1427 3857 1816 3923 Novellarum,
1873 3858 2100 3929 presby-

522 3965 689 4019 teros,
712 3953 995 4019 diaconos,
1030 3953 1281 4017 lectores,
1309 3962 1564 4006 cantores
1589 3991 1605 4017 ,
1670 3950 1901 4005 clericos
1938 3948 2104 4022 [esse]

520 4045 671 4101 dicit.
731 4044 874 4112 Quin
934 4045 1335 4100 esorcistarnm
1408 4042 1573 4097 etiam
1637 4051 1692 4096 et
1750 4040 2101 4096 ostiariorum

522 4147 696 4192 const.
732 4136 788 4196 6.
816 4137 902 4191 tit.
930 4136 984 4201 ὅ,
1019 4136 1115 4191 lib.
1151 4150 1191 4189 I.
1221 4134 1345 4189 eod.
1374 4132 1646 4187 meminit.

588 4316 743 4370 CAP.
774 4314 994 4370 XXXII.
1033 4342 1103 4353 —
1123 4312 1208 4368 Ne
1250 4314 1297 4367 is
1319 4312 1589 4365 ordinetur
1615 4312 1765 4379 cujus
1787 4268 1922 4365 uxor
1945 4310 2107 4379 fuerit

518 4411 785 4465 adultera.
853 4408 993 4474 Quid
1045 4416 1223 4461 autem
1275 4404 1322 4459 si
1377 4403 1556 4458 clerici
1602 4417 1738 4456 uxor
1785 4402 2104 4457 adulterium

518 4500 842 4555 committat?

814 4589 1039 4647 Concilii
1070 4586 1519 4642 Neocaesariensis
1545 4602 1713 4640 canon
1741 4586 1795 4641 8.

588 4686 641 4740 8.
680 4682 736 4738 Si
777 4684 1012 4753 alicujus
1042 4696 1207 4746 usor,
1232 4695 1359 4735 cum
1392 4688 1539 4735 esset
1570 4680 1765 4742 laicus.
1794 4678 2101 4753 adulterata

517 4778 690 4831 fuisse
719 4778 971 4830 convicta
996 4776 1181 4842 fuerit,
1216 4774 1263 4829 is
1298 4788 1403 4827 non
1435 4782 1612 4843 potest
1636 4771 1704 4827 ad
1734 4773 2094 4827 ministerium

516 4866 795 4923 accedere.
833 4867 986 4936 ιοι
1030 4868 1128 4922 Sin
1183 4875 1366 4922 autem
1416 4866 1580 4920 etiam
1623 4874 1745 4933 post
1800 4865 2085 4919 ordinatio-

2201 3212 2712 3283 ἐκκλησωστικῆς
2738 3212 2962 3279 τάξεως
2995 3230 3013 3278 ;

2441 3308 2711 3364 Συνόδου
2758 3307 3110 3373 Λαοδικείας
3171 3306 3374 3361 κανὼν
3426 3304 3524 3363 κδ’.

2272 3400 2371 3456 κδ’.
2402 3402 2525 3454 Ὀτι
2555 3401 2617 3454 οὐ
2648 3400 2728 3454 δεῖ
2776 3399 3083 3471 ίερατικοὺς
3120 3398 3230 3451 ἀπὸ
3264 3397 3656 3468 πρεσϐυτέριον
3688 3397 3788 3460 ἕως

2200 3496 2484 3559 διακόνων,
2514 3492 2609 3548 καὶ
2638 3490 2765 3563 ἑξῆς
2791 3493 2893 3562 τῆς
2912 3489 3375 3561 ἐκκληααστικῆς
3405 3489 3642 3556 τάξεως,
3681 3490 3785 3552 ἕως

2202 3586 2512 3657 ὑπηρετῶν,
2557 3584 2591 3655 ἢ
2639 3584 3022 3653 ἀναγνωστῶν,
3076 3583 3110 3654 ἢ
3155 3582 3396 3652 ψαλτῶν,
3459 3584 3495 3654 ἢ
3534 3585 3785 3655 ἐπιορκι-

2207 3679 2370 3742 στῶν,
2403 3677 2435 3749 ἢ
2463 3676 2797 3749 θυρωρῶν,ἢ
2827 3676 2921 3729 τοῦ
2952 3676 3232 3746 τάγματος
3261 3676 3374 3730 τῶν
3397 3676 3678 3747 ἀσκητῶν,
3708 3676 3783 3736 είς

2203 3768 2497 3840 καπηλεῖον
2548 3768 2793 3820 εἰσιέναι.

2282 3862 2351 3915 Ἦ
2382 3863 2429 3931 β’
2456 3860 2698 3925 διάταξις
2735 3859 2833 3913 τοῦ
2864 3858 2911 3913 α’
2937 3859 3042 3913 τίτ.
3071 3859 3179 3913 τῶν
3206 3858 3435 3929 Νεαρῶν
3484 3857 3783 3931 κληρικοὺς

2206 3952 2343 4023 ἔχει,
2377 3952 2809 4023 πρεσϐυτέρους,
2850 3951 3155 4015 διακόνους,
3196 3950 3606 4017 ὑποδιακόνους,
3656 3954 3782 4007 ἀνα·

2204 4043 2475 4112 γνώστας,
2490 4042 2721 4113 ψάλτας.
2762 4043 2827 4096 Ἦ
2844 4042 3026 4111 μέντοι
3053 4042 3263 4107 ς’διάτ.
3283 4042 3378 4095 τοῦ
3402 4048 3457 4110 γ’
3476 4044 3581 4096 τίτ.
3620 4044 3713 4096 τοῦ
3733 4043 3781 4098 α’

2209 4134 2354 4204 βιδλ.
2410 4133 2505 4188 τοῦ
2564 4133 2695 4188 κώδ.
2750 4135 2845 4188 καὶ
2889 4133 3221 4205 ἐξορκιστῶν
3250 4135 3346 4188 καὶ
3382 4135 3654 4207 πυλωρῶν
3684 4137 3781 4206 μέ-

2209 4245 2430 4298 μνηται.

2278 4320 2530 4373 ΚΕΦΑΔ.
2554 4317 2751 4373 AB'.—
2774 4318 2911 4388 Περὶ
2948 4318 3056 4373 τοῦ
3075 4318 3160 4388 μὴ
3188 4318 3656 4387 χειροτονεῖσθαι
3683 4314 3779 4374 οὖ-

2206 4429 2371 4479 τινος
2405 4412 2442 4479 ἠ
2467 4411 2623 4481 γυνὴ
2656 4412 2973 4481 ἐμοιχεύθη
3004 4428 3018 4443 ·
3048 4411 3147 4464 καὶ
3177 4411 3286 4465 ἐὰν
3311 4411 3467 4480 γυνὴ
3488 4412 3776 4482 κληρυιοῦ

2141 4504 2181 4557 D
2202 4502 2514 4573 μοιχευθῇ.

2396 4594 2666 4649 Συνόδου
2725 4596 3193 4662 Νεοκαισαρειας
3237 4595 3442 4648 κανὼν
3499 4599 3569 4665 η’.

2271 4684 2492 4758 η⁹.Γυνή
2516 4703 2659 4749 τινος
2681 4686 3024 4757 μοιχευθεῖσα
3042 4684 3229 4739 λαῖκοῦ
3243 4686 3415 4749 ὄντος,
3440 4686 3534 4741 ἐὰν
3551 4684 3776 4755 ἐλεγχθῇ

2200 4778 2473 4849 φανερῶς,
2509 4781 2538 4833 ὁ
2574 4778 2815 4841 τοιοῦτος
2868 4780 2948 4842 είς
3001 4779 3305 4849 ὑπηρεσίαν
3365 4779 3538 4832 ἐλθεῖν
3587 4779 3646 4831 οὑ
3682 4779 3773 4830 δύ-

2198 4887 2357 4924 ναται
2391 4887 2405 4901 ·
2463 4870 2559 4923 ἐὰν
2624 4871 2682 4925 δὲ
2752 4873 2893 4941 μετά
2944 4870 3042 4941 τὴν
3091 4872 3428 4942 χειροτονίαν
3492 4870 3769 4941 μοιχευθῇ,

516 4972 640 5012 nem
695 4955 1001 5011 adulterata
1033 4955 1216 5021 fuerit,
1258 4955 1418 5011 debet
1443 4971 1562 5010 eam
1614 4955 1911 5010 dimittere.
1938 4953 2095 5020 Quod

2213 4962 2403 5031 icpeDtet
2431 4964 2703 5018 ἀπολῦσαι
2742 4965 2912 5035 αὑτήν
2936 4981 2955 4996 α
3005 4964 3101 5017 ἐάν
3153 4965 3211 5018 δὲ
3252 4963 3410 5035 συζῇ,
3461 4964 3520 5016 ού
3554 4964 3772 5017 δύναται

516 5051 563 5104 si
593 5050 890 5115 coliabitet,
934 5064 1040 5104 non
1074 5058 1252 5115 potest
1305 5051 1412 5106 sibi
1452 5048 1807 5104 commissum
1844 5046 2094 5101 ministe-

514 5143 656 5196 rium
678 5144 925 5213 exsequi.

588 5232 804 5288 Textus.
861 5233 1038 5288 Etiam
1095 5234 1271 5289 civilis
1324 5234 1443 5298 lex,
1489 5247 1847 5304 quoscunque
1892 5245 2094 5286 uxores

2197 5054 2416 5125 ἔχεσθαι
2436 5055 2537 5126 τῆς
2557 5054 2999 5127 ἐγχειρισθείσης
3026 5054 3178 5125 αὑτῷ
3200 5053 3529 5126 ὑπηρεσίας.

2267 5232 2377 5285 Καὶ
2408 5232 2438 5284 ὁ
2479 5231 2754 5295 πολιτικὸς
2781 5231 2945 5300 νόμος
2993 5230 3201 5294 πάντας
3230 5230 3358 5295 τοὺς
3388 5230 3487 5292 τὰς
3511 5228 3770 5297 γυναῖκας

517 5339 645 5378 snas
676 5324 949 5380 adulteras
975 5341 1082 5378 non
1133 5326 1443 5396 repudiant,
1477 5327 1653 5397 punit.
1683 5326 1877 5381 Const.
1908 5333 2089 5380 autem

2213 5324 2402 5377 εαυτῶν
2430 5322 2843 5394 μοιχευομένας,
2871 5322 2946 5394 μὴ
2982 5321 3320 5386 ἀπολύοντας
3349 5322 3704 5393 τιμωρεῖται·
3734 5319 3767 5388 ἡ

520 5416 575 5477 2,
610 5414 691 5469 tit.
726 5416 778 5481 9,
812 5416 908 5470 lib.
938 5433 991 5470 ix
1040 5417 1163 5471 cod.
1208 5418 1454 5472 lenonem
1485 5432 1607 5472 esse
1636 5417 1766 5471 dicit
1809 5429 1959 5478 eum,
1995 5414 2088 5483 qui

2213 5419 2245 5470 ἑὲ
2280 5416 2325 5487 β’
2358 5417 2499 5470 διάτ.
2539 5416 2634 5471 τοῦ
2666 5416 2710 5469 θ’
2736 5416 2842 5471 τίτ.
2881 5415 2978 5470 τοῦ
3019 5416 3062 5469 θ’
3281 5415 3375 5469 τοῦ
3412 5414 3542 5468 κώδ.
3600 5411 3764 5479 λέγειν

516 5524 741 5564 uxorem
776 5525 931 5565 suam
963 5512 1016 5564 in
1051 5510 1319 5564 adulterio
1345 5510 1770 5580 deprehensam,
1804 5509 1858 5562 in
1896 5507 2090 5562 matri-

2188 5512 2271 5563 ὅτι
2297 5512 2621 5580 προαγωγός
2659 5511 2807 5563 ἐστιν
2839 5512 2866 5564 ὁ
2908 5510 3007 5579 τὴν
3050 5509 3216 5565 αὑτοῦ
3258 5511 3507 5583 γαμετὴν
3551 5520 3762 5578 μοιχευ-

586 5688 701 5758 βι)
730 5706 747 5737 ι
781 5688 884 5754 Qui
917 5703 1039 5742 cum
1072 5688 1331 5758 apostolis
1359 5687 1677 5760 congregati
1699 5697 1882 5752 erant,
1908 5694 1961 5740 et
1984 5684 2379 5752 crediderant,»
2407 5688 2581 5756 inquit
2614 5686 3063 5751 Zonaras.liard.
