3994 6424
319 309 418 374 557
1009 307 1406 368 SYNTAGMA
1448 300 2072 364 CANONUM.~TIT.
2101 300 2151 359 Ι.
2184 302 2344 362 CAP.
2381 300 2864 362 XXXI-XXXVI.
3455 306 3561 372 55‘}

315 399 499 451 θεῖσαν
532 395 610 466 μὴ
651 394 927 460 ἀπολύσας
952 410 968 426 ο
1009 397 1071 448 οὐ
1101 395 1206 465 μὴν
1235 395 1262 446 ὁ
1301 391 1474 462 ψιλῶς
1525 389 1891 450 ὑποπτεύσας.

2014 388 2181 440 nonio
2212 388 2540 444 detinuerit:
2569 405 2677 444 non
2705 400 2912 453 autem,
2943 390 3106 445 etiam
3135 391 3229 462 qui
3258 391 3562 450 adulteram

313 489 563 560 Σήμερον
592 487 650 541 δὲ
685 487 780 541 καὶ
807 486 946 557 μετὰ
987 486 1144 554 δίκην
1169 484 1394 537 δύναται
1445 484 1472 533 ὁ
1503 480 1642 549 ἀνὴρ
1684 479 1887 531 ἀναλα-

2013 479 2338 534 ιοΙυιιιιιιοιΙο
2379 490 2690 550 suspectam
2734 481 3006 537 habuerit.
3042 481 3215 538 Hodie
3240 499 3372 538 vero
3396 488 3564 543 etiam

313 583 426 634 δεῖν
458 585 523 634 ἐκ
570 580 665 634 τοῦ
715 577 1075 649 μοναστηρίου
1127 577 1229 646 τὴν
1292 573 1667 645 μοιχευθεῖσαν
1719 568 1886 624 αὑτοῦ

2013 583 2111 625 ιοει
2139 571 2644 626 condemnationem
2673 581 2854 641 potest
2883 574 3110 628 maritus
3153 590 3378 630 uxorem
3408 592 3565 632 suam

309 673 568 738 γυναῖκα,
591 671 733 724 κατὰ
753 669 850 740 τὴν
891 670 1274 742 παρατήρησιν
1306 667 1402 736 τῆς
1425 665 1557 736 περὶ
1611 663 1885 732 repudium

2013 663 2287 716 tdulteram
2350 678 2380 718 e
2429 664 2761 717 monasterio
2810 664 3092 731 recipere:
3131 665 3340 738 [idque]
3377 683 3567 724 secun-

313 759 401 834 pp.’
424 763 644 831 νεαρᾶς.

2013 755 2117 809 Ιιιιη
2153 755 2586 810 observationem
2620 753 2867 840 Novellte
2899 756 3020 818 154,
3058 759 3125 812 de
3157 759 3418 827 reputliis.

384 855 636 908 ΚΕΦΑΛ.
694 853 816 908 ΛΓ.
857 882 924 896 -ο
971 853 1109 920 Περὶ
1149 848 1257 905 τοῦ
1284 850 1370 920 μὴ
1418 845 1887 918 χειροτονεῖσθαι

2060 848 2214 904 CAP.
2236 847 2482 902 XXXIII.
2507 879 2578 888 ——
2613 848 2694 902 Ne
2713 851 2889 903 clerici
2923 850 3082 904 libere
3110 851 3449 917 ordinentur,
3474 852 3565 906 sed

307 944 643 1012 aulnpmobc
712 943 1180 1013 ἀπολελυμένως
1211 984 1226 1008 ,
1265 941 1440 996 ἀλλὰ
1494 939 1733 1005 πάντως
1764 980 1769 985 .
1800 940 1887 1003 εις

2013 942 2203 995 ηιιηίηο
2245 941 2322 994 vel
2354 950 2508 994 certa:
2535 940 2769 995 ecclesia:
2819 943 2898 995 vel
2944 944 3268 996 monasterio
3313 945 3567 1014 deputen-

303 1035 652 1104 ἐκκλησίαν
674 1036 713 1104 ἣ
743 1039 828 1104 εἰς
849 1036 1283 1104 μοναστήριον.
1988 1044 2094 1087 tur.

594 1127 863 1182 Συνόδου
894 1126 1278 1194 Χαλκηδόνος
1302 1126 1502 1182 κανὼν
1531 1131 1606 1189 ς’.

2269 1124 2492 1181 Concilii
2519 1124 2960 1182 Chalcedonensis
2998 1145 3169 1183 canon
3196 1127 3250 1182 6.

386 1219 685 1290 ς¹.Μηδένα
703 1219 1118 1289 ἁπολελυμένως
1135 1217 1575 1290 χειροτονεῖσθαι.
1597 1216 1734 1286 μήτε
1756 1230 1891 1284 πρε-

2061 1221 2115 1275 6.
2133 1218 2350 1274 Nullum
2375 1219 2622 1274 absolute
2638 1220 3014 1284 ordinari,nec
3041 1221 3438 1292 presbyterum,
3464 1236 3567 1275 nec.

305 1310 600 1381 σὸύτερον,
637 1312 774 1382 μήτε
822 1311 1092 1376 διάκονον,
1118 1312 1254 1383 μήτε
1306 1311 1442 1373 ὅλως
1492 1311 1615 1362 τινὰ
1667 1306 1776 1359 τῶν
1832 1308 1890 1359 ἐν

2013 1314 2303 1378 liaconum,
2323 1326 2440 1392 -nec
2475 1313 2702 1366 omnino
2729 1313 2964 1383 aliquem
2991 1328 3183 1368 eorum
3216 1315 3311 1384 qui
3351 1325 3480 1368 sunt
3509 1313 3565 1368 in

301 1406 393 1474 τῷ
418 1404 852 1476 ἐκκλησιαστικῷ
872 1403 1134 1475 τάγματι,
1161 1407 1208 1458 εί
1237 1402 1312 1476 μὴ
1342 1401 1523 1464 ίδικῶς
1548 1403 1604 1454 ἐν
1625 1399 1890 1469 ἐκκλησίᾳ

2013 1406 2181 1460 ιιοιὶὶιιο
2206 1404 2597 1470 ecclesiastico,
2633 1404 2738 1459 nisi
2769 1407 3080 1475 specialiter
3131 1407 3183 1460 in
3229 1406 3458 1461 ecclesia
3487 1407 3567 1460 ci-

305 1499 524 1560 πόλεως
576 1497 608 1568 ἢ
654 1494 866 1566 κώμης,
908 1496 941 1566 ἣ
976 1495 1292 1567 μαρτυρείῳ
1340 1494 1373 1564 ἢ
1433 1491 1799 1565 μοναστηρίῳ,
1860 1489 1890 1543 ὁ

2013 1497 2198 1564 vitatis,
2259 1497 2342 1551 vel
2393 1497 2538 1568 pagi,
2582 1498 2667 1552 vel
2705 1500 2988 1569 martyrio,
3042 1500 3123 1555 vel
3157 1501 3488 1557 monasterio
3519 1500 3567 1554 is

303 1587 790 1658 χειροτονούμενος
834 1585 1290 1659 ἐπικηρύττοιτοο
1337 1587 1464 1649 τοὺς
1501 1585 1559 1638 δὲ
1604 1582 1890 1645 ἁπολύτως

300 1677 846 1749 χειροτονουμένους,
895 1676 1096 1750 ὥρισεν
1150 1679 1184 1748 ὴ
1238 1677 1372 1746 ἁγία
1409 1677 1626 1741 σύνοδος
1681 1676 1886 1744 ἄκυρον

1992 1589 2086 1660 qui
2135 1588 2442 1653 ordinatur,
2474 1590 2805 1660 designetur.
2836 1590 2943 1645 Eos
2972 1601 3149 1646 autem
3191 1592 3282 1661 qui
3315 1590 3564 1648 absolute

1995 1682 2339 1746 ordinantur,
2363 1681 2602 1736 decrevit
2632 1691 2821 1736 sancta
2850 1683 3093 1752 synodus
3125 1684 3336 1738 irritam
3369 1699 3434 1739 ac
3481 1685 3566 1737 in-

297 1769 459 1838 ἔχειν
491 1769 590 1839 τὴν
637 1768 894 1840 τοιαύτην
946 1768 1308 1840 χειροθεσίαν,
1345 1767 1443 1822 καὶ
1494 1765 1748 1838 μηδαμοῦ
1805 1765 1894 1820 δύ..

2013 1773 2228 1828 validam
2295 1772 2496 1828 habere
2531 1771 2800 1842 ejusmodi
2839 1788 3098 1827 manuum
3136 1773 3563 1843 impositiouein,

297 1858 507 1914 νασθαι
530 1862 794 1931 ἐνεργεῖν,
822 1861 909 1931 ἐφ’
941 1859 1099 1933 ὕϐρει
1129 1858 1224 1914 τοῦ
1255 1860 1752 1932 χειροτονήσαντος.

387 2063 640 2118 ΚΕΦΔΛ.
667 2062 791 2122 ΔΔ’.
818 2097 889 2108 -
908 2064 1050 2134 Περὶ
1077 2062 1477 2135 περιοδευτῶν
1515 2059 1616 2118 καὶ
1662 2059 1784 2117 τῶν
1827 2062 1898 2116 ἐν

297 2157 442 2224 ταῖς
491 2157 710 2228 κώμαις
753 2157 1114 2226 ἐκκλησιῶν.

599 2274 874 2329 Συνόδου
906 2271 1261 2340 Λαοδικείας
1284 2273 1486 2327 κανὼν
1515 2275 1592 2337 νζ⁹

382 2360 484 2427 νξ.
506 2363 631 2418 Ὅτι
652 2365 713 2418 οὑ
737 2366 817 2419 δεῖ
843 2366 903 2420 ἐν
935 2368 1056 2431 ταῖς
1085 2365 1297 2436 κώμαις
1329 2366 1422 2418 καὶ
1441 2369 1498 2419 ἐν
1517 2367 1635 2428 ταῖς
1666 2363 1896 2435 χώραις,

297 2455 674 2510 καθίστασθαι
719 2458 1092 2525 ἐπισκόπους,
1145 2455 1283 2510 ἀλλὰ
1326 2457 1679 2527 περιοδευτάς
1707 2472 1720 2485 ·
1771 2455 1898 2518 τοὺς

304 2549 502 2618 μέντοι
554 2547 655 2619 ήδη
684 2549 1257 2619 προκατασταθέντας,
1293 2548 1461 2619 μηδὲν
1487 2547 1747 2618 πράττειν
1769 2545 1895 2599 ἄνευ

298 2638 540 2709 γνώμης
567 2638 662 2691 τοῦ
690 2639 987 2693 ἐπισκόπου
1016 2639 1110 2692 τοῦ
1140 2642 1198 2694 ἐν
1226 2643 1291 2713 τῇ
1321 2640 1473 2692 πόλει
1505 2654 1520 2669 ·
1556 2639 1818 2702 ὡσαύτως
1838 2638 1897 2692 δὲ

303 2731 568 2793 καὶτοὺς
610 2728 1038 2801 πρεσϐυτέρους,
1074 2729 1240 2801 μηδὲν
1294 2731 1560 2802 πράττειν
1613 2730 1744 2784 ἄνευ
1795 2730 1896 2802 τῆς

300 2821 536 2893 γνώμης
567 2822 660 2875 τοῦ
687 2822 1009 2877 ἐπισκόπου.

397 2914 462 2967 Ἦ
490 2913 548 2966 δὲ
574 2919 641 2967 ια’
667 2912 908 2978 διάταξις
935 2912 1030 2968 τοῦ
1067 2920 1116 2984 γ’
1137 2913 1243 2969 τίτ.
1266 2912 1359 2968 τοῦ
1381 2914 1428 2969 α’
1456 2913 1597 2984 βιῦλ.
1634 2914 1804 2984 λέγει,
1834 2915 1896 2967 ἐκ

300 3005 424 3058 τῶν
448 3006 662 3077 χωρίων
697 3007 916 3060 καὶτῶν
944 3007 1168 3077 κωμῶν,
1204 3009 1299 3061 καὶ
1329 3009 1430 3061 οὐκ
1459 3008 1658 3073 ἔξωθεν
1690 3010 1769 3066 εἰς
1797 3007 1896 3071 τὰς

1997 1875 2052 1918 et
2077 1879 2350 1934 nusquam
2375 1877 2630 1917 exercere
2658 1877 2724 1919 ac
2764 1864 2978 1932 operari
3006 1879 3166 1934 posse
3202 1865 3268 1919 ad
3304 1864 3422 1936 ejus
3475 1868 3570 1935 qui

1998 1953 2268 2008 ordinavit
2297 1953 2578 2023 injuriam.
2806 1937 2811 1941 ”

2072 2065 2222 2122 CAP.
2254 2065 2498 2123 XXXIV.
2540 2097 2610 2109 —
2656 2065 2734 2123 De
2782 2069 3107 2140 periodeutis
3143 2079 3193 2124 et
3243 2070 3308 2124 de
3337 2068 3571 2125 ecclesiis

1997 2157 2304 2214 rusticanis.

2343 2270 2568 2327 Coucilii
2605 2271 2890 2329 Laodiceni
2934 2291 3103 2328 canon
3129 2273 3218 2331 57.

2067 2365 2157 2420 57.
2193 2364 2348 2432 Quod
2404 2381 2512 2419 non
2553 2365 2608 2419 in
2651 2367 2788 2422 vicis
2835 2377 2889 2422 et
2933 2369 3084 2440 pagis
3122 2370 3412 2440 episcopos
3441 2386 3578 2426 con-

1999 2455 2188 2518 stitni,
2240 2454 2332 2510 sed
2377 2455 2534 2526 102
2582 2457 2948 2527 periodeutas,
3005 2458 3110 2512 hoc
3155 2467 3281 2523 est,
3338 2460 3574 2517 circum-

1997 2556 2454 2612 cursatores;eos
2482 2558 2661 2602 autem
2695 2549 2788 2620 qui
2818 2548 2970 2618 prius
3014 2550 3298 2604 constituti
3332 2549 3574 2619 fuerunt,

2000 2638 2132 2693 nihil
2163 2654 2322 2710 agere
2354 2639 2473 2695 sine
2502 2647 2683 2693 mente
2722 2639 2961 2710 episcopi
2993 2640 3086 2710 qui
3122 2650 3206 2695 est.
3238 2642 3291 2695 in
3329 2643 3572 2698 civitate.

1999 2731 2265 2787 Similiter
2309 2740 2492 2787 autem
2544 2739 2599 2788 et
2650 2733 3001 2804 presbyteros
3049 2734 3185 2788 nihil
3233 2750 3392 2806 agere
3452 2737 3574 2790 sine

1997 2831 2175 2876 mente
2207 2822 2469 2893 episcopi.

2072 2912 2286 2969 Textus.
2332 2917 2521 2970 Const.
2570 2931 2644 2980 tt,
2669 2916 2756 2971 tit.
2793 2917 2847 2979 5,
2878 2915 2974 2972 lib.
3001 2933 3015 2971 ι
3044 2956 3058 2979 ,
3082 2917 3254 2983 dicit,
3287 2933 3351 2972 ex
3391 2916 3578 2989 [ipse]

2000 3006 2441 3074 possessionibus
2483 3016 2539 3063 et
2582 3007 2758 3074 vicis,
2812 3023 2922 3062 non
2964 3019 3146 3062 autem
3209 3009 3465 3072 aliunde,
3522 3007 3577 3062 in

299 3097 610 3167 ἐκκλησίας
643 3095 824 3151 αὐτῶν
852 3097 1297 3169 χειροτονεῖσθαι,
1323 3097 1465 3152 ὥστε
1495 3099 1770 3152 συντελεῖν
1796 3099 1894 3169 τὴν

2013 3097 2261 3153 ιοοιοείοε
2305 3099 2548 3169 ipsorum
2595 3099 2841 3154 ordinari
2886 3098 3154 3172 [debere],
3191 3109 3251 3154 ut
3300 3099 3574 3170 propriam

305 3187 454 3243 ἰδίαν
489 3187 848 3242 καπιτατιόνα
880 3190 976 3244 καὶ
1022 3187 1085 3243 τὸ
1129 3187 1411 3259 δημόσιον.
1460 3191 1523 3243 Ἡ
1548 3191 1605 3242 δὲ
1641 3197 1712 3256 ις’
1741 3189 1884 3244 διάτ.

299 3283 409 3337 τοῦ
448 3281 614 3336 αὑτοῦ
650 3283 852 3347 τίτλου,
890 3283 987 3338 καὶ
1018 3285 1052 3354 ἡ
1082 3282 1129 3354 β’
1156 3283 1251 3337 τοῦ
1289 3287 1338 3335 α’
1371 3282 1475 3338 τίτ.
1507 3281 1616 3334 τῶν
1639 3280 1886 3351 Νεαρῶν,

303 3375 446 3445 φασὶ
475 3375 599 3439 τοὺς
630 3375 1065 3448 ἐναπογράφους,
1083 3377 1178 3429 καὶ
1204 3375 1446 3429 ἀκόντων
1463 3375 1570 3427 τῶν
1591 3373 1889 3437 δεσποτῶν,

304 3471 372 3522 ἐν
404 3471 522 3532 ταῖς
549 3471 669 3523 κατ’
723 3469 922 3534 αὐτοὺς
951 3470 1175 3540 κτήσεσι
1223 3469 1683 3540 χειροτονεῖσθαι·
1734 3468 1819 3535 ἐφ’
1847 3457 1892 3534 ᾧ

303 3561 401 3615 διὰ
429 3561 541 3614 τῶν
558 3561 832 3616 δεσποτῶν
858 3560 956 3632 τὴν
987 3561 1346 3615 καπιτατιόνα
1378 3560 1673 3626 συντελεῖν,
1706 3561 1804 3614 καὶ
1823 3558 1891 3612 δι’

307 3651 768 3706 ὐπκαταστάτου
797 3650 1152 3724 λειτουργεῖν.

383 3830 637 3887 ΚΕΨΑΛ.
680 3830 804 3886 AE'.
845 3863 915 3873 —
948 3833 1083 3900 Περὶ
1124 3830 1231 3886 τοῦ
1269 3829 1386 3887 ὑπὸ
1423 3831 1530 3886 τὸν
1557 3832 1896 3886 ἐπίσκοπον

308 3917 426 3991 τῆς
462 3924 694 3989 πόλεως
717 3921 870 3976 εἶναι
895 3923 1036 3990 τοὺς
1073 3923 1401 3992 κληρικοὺς
1443 3923 1560 3978 τῶν
1591 3923 1896 3992 πτωχείων

307 4015 413 4069 καὶ
446 4016 866 4085 μοναστηρίων
917 4017 1014 4070 καὶ
1053 4017 1442 4087 μαρτυρείων.

597 4127 867 4182 Συνόδου
900 4127 1290 4195 Χαλκηδόνος
1326 4128 1529 4182 κανὼν
1559 4134 1607 4200 η’

379 4215 458 4289 η’.
475 4219 537 4274 Ol
564 4219 815 4290 κληρικοὶ
838 4220 947 4273 τῶν
970 4221 1254 4293 πτωχείων
1271 4223 1365 4275 καὶ
1384 4222 1762 4292 μοναστηρίων
1800 4222 1896 4277 καὶ

312 4311 684 4382 μαρτυρείων,
706 4310 811 4364 ὑπὸ
836 4311 936 4384 τὴν
959 4313 1208 4379 ἐξουσίαν
1232 4314 1340 4366 τῶν
1379 4315 1438 4367 ὲν
1483 4314 1688 4386 ἐκάστῃ
1740 4313 1895 4367 πόλει

309 4405 630 4459 ἐπισκόπων
658 4406 796 4459 κατὰ
823 4406 922 4478 τὴν
949 4405 1059 4459 τῶν
1087 4407 1258 4476 ἁγίων
1290 4407 1550 4477 Πατέρων
1598 4408 1895 4478 παράδοσιν

308 4496 737 4567 διαμενέτωσαν,
777 4498 872 4551 καὶ
904 4498 979 4567 μὴ
1015 4497 1156 4550 κατὰ
1177 4495 1466 4551 αὐθάδειαν
1507 4499 1893 4568 ἁφηνιὰτωσαν

310 4586 408 4640 τοῦ
433 4585 561 4640 ἰδίου
588 4585 908 4639 ἐπισκόπου.
961 4588 1023 4641 Ol
1043 4586 1100 4640 δέ
1120 4586 1427 4656 τολμῶντες
1451 4587 1779 4660 ἀνατρέπειν
1796 4590 1894 4661 τὴν

322 4678 568 4748 τοιαύτην
594 4677 926 4734 διατύπωσιν
953 4678 1075 4732 καθ’
1097 4681 1412 4750 οἱονδήποτε
1444 4683 1665 4751 τρόπον.
1701 4686 1794 4736 καὶ
1819 4685 1893 4756 μὴ

320 4773 742 4843 δποταττόμενοι
789 4772 866 4842 τῷ
923 4773 1036 4843 ἰδίῳ
1076 4774 1380 4845 ἐπισκόπῳ,
1417 4775 1589 4844 εἰμὲν
1625 4773 1733 4828 εἷεν
1763 4775 1896 4846 κλη-

321 4864 465 4934 putei
491 4903 506 4929 ,
564 4866 677 4926 τοῖς
734 4863 842 4917 τῶν
900 4865 1141 4917 κανόνων
1226 4864 1644 4917 ὑποκείσθωσαν
1722 4866 1897 4919 ἐπιτι-

318 4955 462 5027 μίοις
490 4970 505 4985 ’
547 4957 596 5010 ei
627 4956 686 5010 δὲ
742 4957 1063 5027 μονάζοντες
1115 4957 1149 5027 ἢ
1201 4957 1401 5023 λαῖκοὶ,
1459 4958 1702 5014 ἔστωσαν
1747 4960 1890 5013 ἀκοιο

314 5048 562 5119 νώνητοι.
1251 5061 1254 5064 ’

387 5163 640 5216 ΚΕΦΑΛ.
672 5160 812 5229 Δεῖ.
867 5193 938 5204 ~—-
985 5163 1122 5232 Περὶ
1162 5163 1397 5218 δούλων
1450 5166 1892 5235 κληρουμένων.

739 5256 1124 5310 ’Λποστόλων
1183 5258 1385 5311 κανὼν
1421 5259 1531 5327 πβ’.

391 5349 499 5418 πβ’.
532 5349 762 5410 Οἰκέτας
819 5351 898 5411 είς
927 5349 1126 5421 κλῆρον
1156 5351 1598 5422 προχειρίζεσθαι
1633 5352 1759 5406 ἄνευ
1797 5354 1898 5423 τῆς

320 5444 424 5498 τῶν
458 5443 730 5497 δεσποτῶν
761 5442 1004 5512 γνώμης,
1049 5444 1148 5496 οὐκ
1208 5445 1573 5514 ἐπιτρέπομεν
1612 5448 1705 5498 ἐπὶ
1751 5446 1897 5521 λύπῃ

317 5537 425 5589 τῶν
445 5535 823 5606 κεκτημένων·
863 5535 1027 5589 οἴκων
1055 5536 1177 5606 ,γὰρ
1209 5536 1520 5606 ἀνατροπὴν
1571 5539 1630 5588 τὸ
1687 5538 1899 5593 τοιοῦτο

323 5627 632 5698 ἐργάζεται.
668 5629 728 5681 El
757 5628 814 5680 δέ
836 5645 966 5680 ποτε
989 5629 1085 5681 καὶ
1111 5627 1259 5692 ἄξιος
1290 5627 1485 5699 φανείη
1514 5629 1730 5699 οἰκέτης
1759 5631 1896 5700 πρὸς

325 5720 651 5792 χειροτονίαν
685 5719 918 5798 βαθμοῦ.
948 5713 1058 5777 οἷος
1096 5723 1192 5792 καὶ
1215 5723 1255 5796 ,ὁ
1296 5721 1574 5798 ἡμέτερος,
1605 5721 1896 5792 Ὀνήσιμος

1991 3189 2382 3258 capitationcm
2414 3204 2480 3246 ac
2506 3190 2735 3261 vectigal
2767 3191 3141 3246 contribuant.
3186 3190 3420 3248 Constit.
3445 3207 3578 3248 vero

1994 3280 2061 3336 16
2091 3281 2336 3352 ejusdem
2372 3281 2460 3337 tit.
2491 3292 2544 3338 et
2580 3285 2650 3348 2,
2696 3286 2783 3339 tit.
2835 3283 3184 3340 Novellarum
3219 3286 3406 3349 aiunt,
3441 3300 3576 3341 cen-

1992 3373 2146 3428 silius
2197 3383 2526 3440 annotatos,
2572 3375 2736 3431 etiam
2785 3376 2970 3431 invitis
3004 3375 3166 3447 [agri]
3203 3375 3460 3440 dominis,
3519 3375 3574 3429 in

1995 3463 2060 3516 iis
2082 3462 2219 3518 vicis
2246 3464 2301 3516 in
2326 3465 2530 3532 quibus
2561 3466 2879 3527 mansitant,
2904 3467 3183 3520 ordinari:
3217 3466 3317 3538 [ita
3340 3465 3574 3540 tamen,]

1994 3564 2054 3608 ut
2105 3554 2490 3624 capitatiouem
2549 3557 2932 3622 contribuere,
2995 3566 3052 3612 et
3104 3573 3200 3628 per
3252 3558 3576 3615 substitutos

1997 3647 2203 3701 ruralia
2234 3646 2499 3718 obsequia
2543 3648 2791 3718 exsequi,
2819 3664 2916 3718 per
2951 3647 3207 3705 dominos
3236 3649 3575 3720 compellan-

1999 3750 2105 3794 Illl‘.

2064 3828 2217 3884 CAP.
2244 3825 2466 3886 XXXV.
2493 3860 2564 3872 -ο
2594 3828 2663 3885 Ut
2688 3831 2928 3900 episcopo
2967 3831 3110 3885 urbis
3154 3831 3358 3885 subsint
3394 3831 3576 3888 clerici

1996 3930 2103 3972 tam
2139 3921 2196 3972 in
2239 3921 2532 3988 hospitibus
2575 3937 2888 3991 pauperum,
2926 3938 3084 3992 quam
3107 3922 3164 3976 in
3215 3926 3576 3992 monasteriis,

1999 4010 2074 4065 vel
2112 4011 2244 4065 locis
2270 4028 2388 4082 quae
2415 4013 2670 4067 dicuntur
2692 4016 2956 4084 martyrio
2987 4023 3271 4069 versantes.

2069 4122 2300 4179 Concilii
2335 4125 2781 4181 Chalcedonensis
2823 4140 2994 4179 canon
3020 4125 3074 4180 8.

2069 4218 2124 4275 8.
2160 4219 2357 4273 Clerici
2408 4217 2973 4288 ptochotrophiorum,
3023 4219 3484 4272 monasteriorum
3522 4227 3580 4272 et

1999 4313 2319 4382 templorum
2371 4321 2692 4381 martyrum,
2728 4309 2830 4363 sub
2869 4318 3138 4377 potestate
3169 4313 3577 4379 episcoporum.

1999 4405 2092 4475 qui
2117 4413 2246 4460 sunt
2281 4405 2336 4458 in
2360 4417 2691 4472 unaquaque
2721 4401 2944 4456 civitate
2965 4442 2979 4466 ,
3011 4417 3076 4455 ex
3117 4410 3430 4456 sanctorum
3471 4399 3578 4455 Pa-

2001 4509 2143 4551 trum
2195 4495 2506 4558 traditione,
2544 4503 2920 4562 permaneant,
2956 4505 3008 4547 et
3044 4509 3151 4548 non
3187 4509 3280 4561 per
3314 4509 3579 4564 arrogan-

2002 4594 2127 4644 tiam
2160 4604 2221 4644 se
2278 4604 2308 4642 a
2349 4589 2572 4658 proprio
2613 4586 2892 4656 episcOpo,
2925 4587 3214 4657 imperium
3246 4586 3365 4657 ejus
3398 4589 3578 4642 detre—

1998 4690 2233 4744 ctantes,
2282 4679 2611 4735 subducant.
2648 4677 2753 4744 Qui
2813 4681 2952 4734 hanc
2987 4689 3169 4735 autem
3221 4681 3577 4736 constitutio-

1999 4791 2120 4829 nem
2157 4783 2401 4828 avertere
2424 4772 2542 4826 ausi
2587 4770 2814 4838 fuerint,
2871 4773 2917 4829 si
2958 4785 3139 4829 autem
3181 4773 3460 4841 monachi,
3493 4773 3575 4828 vel

1997 4867 2144 4931 laici,
2179 4867 2287 4922 sint
2313 4867 2794 4921 excommunicati.

2071 5157 2222 5214 CAP.
2242 5154 2642 5211 XXXVl.-—-De
2658 5160 2817 5213 servis
2829 5159 2918 5228 qui
2942 5159 2995 5212 in
3014 5156 3210 5211 clerum
3226 5158 3573 5227 recipiuntur.

2439 5252 2809 5321 Apostolorum
2839 5268 3007 5306 canon
3046 5251 3131 5306 82.

2069 5350 2137 5405 8'2
2173 5349 2313 5424 [Si].
2349 5350 2548 5406 Servos
2582 5349 2635 5403 in
2665 5349 2868 5402 clerum
2901 5346 3124 5416 provehi
3155 5345 3276 5400 sine
3296 5345 3577 5400 voluntate

2003 5446 2157 5517 103
2193 5445 2567 5507 dominorum,
2601 5456 2707 5494 non
2749 5438 3135 5508 permittimus,
3165 5437 3232 5491 ad
3263 5452 3450 5491 eorum
3481 5436 3576 5503 qui

1999 5540 2281 5609 possident
2327 5538 2651 5592 molestiam.
2705 5535 2999 5587 Domorum
3039 5533 3187 5587 enim
3233 5532 3574 5586 eversionem

2002 5633 2124 5686 talia
2155 5631 2416 5686 efﬁciunt.
2456 5630 2513 5683 Si
2545 5627 2764 5698 quando
2799 5636 2978 5681 autem
3011 5625 3172 5681 etiam
3214 5625 3413 5695 dignus
3457 5638 3577 5679 ser-

2000 5739 2102 5777 vus
2133 5723 2283 5779 visus
2314 5721 2408 5790 sit,
2435 5720 2525 5790 qni
2557 5719 2621 5773 ad
2649 5717 2876 5788 gradum
2903 5717 3154 5789 eligatur,
3183 5700 3364 5786 qualis
3392 5721 3577 5769 noster
