3994 6430
470 312 571 376 559

1623 296 1883 359 ΡΗΟἸἹΙ
1920 297 2039 356 ΡΛἸ

2147 298 2426 359 ῘΛΒΕΗᾹΞ
2453 299 2564 362 CP.
3606 299 3701 361 560

468 436 686 493 qiuoque
718 399 1013 472 OneSimus
1064 394 1217 470 visus
1262 421 1364 475 est,
1405 420 1459 466 et
1504 410 1713 466 domini
1755 423 2039 466 concesse-

2147 409 2339 481 ἐφάνη,
2363 413 2459 463 καὶ
2504 410 2951 481 συγχωρήσουσιν
3014 410 3065 463 oi
3110 409 3364 464 δεσπόται
3404 408 3513 475 ¹καὶ.
3570 412 3710 465 ἐλευ-

468 516 580 571 rint
606 528 671 569 ac
700 509 1073 575 liberaverint,
1102 516 1157 565 et
1191 507 1404 562 aedibus
1428 506 1733 571 emiserint,
1767 506 1879 559 ﬁat.

537 686 727 742 Const.
764 684 855 749 56,
889 686 973 740 tit.
1013 682 1082 738 '59
1112 673 1284 749 lib.,l,'
1322 672 1548 737 eed.ait
1593 696 1809 736 servum
1843 696 1911 736 ne
1945 696 2040 735 vo-

466 777 843 855 lentejquidem
861 776 1084 830 domino
1102 774 1353 829 clericum
1378 772 1517 836 ﬁeri,
1540 773 1642 828 nisi
1668 772 1819 842 prius
1852 788 2043 827 manu-

469 869 738 922 mittatur.
794 866 984 921 Const.
1037 864 1112 931 2,
1167 864 1253 918 tit.
1310 864 1334 917 I
1388 863 1729 917 Novellarum
1784 864 1858 917 ait
1903 879 1918 919 :
1983 861 2039 917 Si

469 965 677 1019 sciente
725 977 902 1031 neque
937 959 1346 1015 contradicente
1396 952 1617 1010 domino
1676 956 1911 1010 clericus
1958 954 2041 1009 In;

469 1065 589 1110 etus
620 1054 800 1117 fuerit,
832 1050 1003 1124 [eum]
1036 1051 1266 1105 liberum
1301 1063 1443 1113 esse,
1475 1062 1538 1101 ac
1578 1048 1690 1102 ﬁeri
1722 1047 2046 1117 ingenuum.‘

471 1142 529 1198 Si
560 1158 688 1198 vero
741 1140 1040 1213 [dominus]
1082 1156 1205 1195 cum
1247 1140 1601 1210 ignorasset,
1645 1138 1785 1192 intra
1835 1152 2040 1191 annum

471 1233 569 1306 [illi
597 1232 777 1305 suam]
804 1232 1078 1286 fortunam
1124 1232 1399 1295 ostendat,
1456 1229 1604 1301 [eum
1646 1229 1802 1285 illum
1854 1227 2039 1300 posse]

469 1328 732 1397 recipere.
768 1322 1061 1397 [Denique]
1104 1324 1335 1378 liberum
1375 1321 1605 1383 factum,
1651 1320 2041 1381 simundanus

469 1420 589 1486 Iiat,
617 1420 840 1476 domino
875 1433 976 1474 suo
1007 1418 1060 1472 in
1092 1416 1408 1472 servitutem
1440 1415 1601 1467 tradi.
1635 1412 1833 1467 Eadem
1861 1419 2039 1467 const.

465 1513 595 1569 dicit
642 1512 1015 1581 episcopatum
1086 1524 1118 1564 a
1162 1508 1342 1563 servili
1400 1516 1563 1577 atque
1612 1500 2041 1576 aseriplitiorum

466 1606 795 1671 conditione,
823 1614 877 1659 et
905 1619 935 1658 a
967 1603 1143 1673 patria
1184 1609 1451 1670 potestate
1499 1598 1749 1654 liberare.
1779 1596 1934 1664 Quod
1959 1596 2043 1666 ip-

466 1721 588 1761 sum
636 1718 768 1759 sane
814 1702 975 1756 etiam
1008 1695 1227 1751 Novella
1272 1696 1506 1763 8I,qua3
1544 1692 1729 1760 tradit,
1775 1707 1872 1759 per
1904 1707 2041 1762 quas

2144 500 2462 571 θερώσουσι,
2516 501 2611 554 καὶ
2663 499 2759 554 τοῦ
2810 500 2959 555 οἷκου
3017 500 3225 557 ἐαυτῶν
3274 501 3708 571 ἐξαποστείλωσι,

2142 592 2393 659 γινέσθω.

2223 682 2289 737 Ἠ
2321 684 2378 737 δέ
2397 684 2483 748 λς’
2516 684 2757 752 διάταξις
2772 683 2866 737 τοῦ
2893 684 2943 753 γ’
2968 685 3074 739 τίτ.
3098 686 3192 740 τοῦ
3216 691 3265 741 α’
3287 686 3429 757 βιὸλ.
3454 684 3551 740 τοῦ
3566 686 3711 750 κώδ..

2143 773 2327 845 φησιν,
2359 775 2439 827 ὅτι
2469 774 2671 839 δοῦλος,
2705 774 2830 827 οὔτε
2858 776 2998 829 κατὰ
3035 774 3263 845 γνώμην
3316 775 3410 829 τοῦ
3458 775 3714 829 δεσπότου

2143 848 2243 933 κλη
2255 865 2464 933 ροῦται,
2489 866 2536 917 εί
2573 866 2648 935 μὴ
2674 866 2939 936 πρότερον
2970 866 3326 937 ἐλευθερωθῇ.
3357 866 3426 920 Ἦ
3445 866 3500 919 δὲ
3522 866 3714 937 β’διάτ.

2141 955 2234 1008 τοῦ
2261 961 2309 1009 α’
2340 955 2444 1009 τίτ.
2478 957 2584 1009 τῶν
2614 957 2864 1027 Νεαρῶν,
2908 957 3073 1028 φησὶν
3107 958 3189 1010 ὅτι
3222 958 3317 1011 ἐὰν
3357 956 3719 1027 γινώσκοντος

2142 1045 2237 1097 καὶ
2268 1044 2345 1115 μὴ
2377 1044 2751 1114 ἀντιλέγοντος
2786 1045 2881 1100 τοῦ
2910 1046 3177 1099 δεσπότου
3199 1046 3477 1119 κληρωθῇ,
3510 1048 3720 1101 ἐλευθε-

2146 1138 2330 1210 ροῦται
2379 1140 2470 1194 καὶ
2521 1141 2748 1213 εὐγενὴς
2794 1141 3027 1211 γίνεται.
3075 1143 3141 1198 EI
3170 1142 3227 1196 δέ
3284 1143 3555 1215 ἠγνόησεν
3596 1144 3721 1197 εἵσω

2141 1233 2384 1287 ἐνιαυτοῦ
2409 1235 2621 1298 δεικνὺς
2658 1236 2760 1306 τὴν
2811 1236 3002 1308 τύχην,
3047 1236 3317 1307 λαμϐάνει
3365 1237 3551 1292 αὐτόν.
3587 1222 3647 1289 Ὀ
3666 1237 3720 1289 δὲ

2142 1324 2614 1397 ἐλευθερούμενος,
2657 1327 2752 1381 ἐὰν
2778 1327 3039 1398 κοσμικδς
3081 1328 3327 1398 γένηται,
3368 1329 3720 1399 παραδίδοται

2142 1416 2221 1478 είς
2243 1415 2487 1469 δουλείαν
2514 1416 2594 1487 τῷ
2622 1416 2859 1489 δεσπότῃ
2903 1416 3089 1470 αὑτοῦ.
3130 1416 3195 1469 Ἦ
3221 1417 3281 1470 δέ
3312 1418 3450 1486 αὐτὴ
3477 1415 3721 1480 διάταξις

2142 1502 2309 1576 λέγει,
2335 1509 2417 1561 ὅτι
2444 1509 2478 1579 ἡ
2512 1508 2806 1580 ἐπισκοπὴ,
2831 1510 2923 1562 καὶ
2946 1510 3197 1581 ὼυλικῆς
3222 1511 3315 1564 καὶ
3337 1504 3721 1580 ἐναπογράφου

2141 1599 2310 1670 τύχης
2333 1600 2615 1671 ἐλευθεροῖ
2648 1602 2741 1654 καὶ
2781 1600 3229 1671 ὐπεξουσιότητος
3253 1617 3269 1632 ο
3297 1601 3363 1654 τὸ
3396 1600 3607 1655 αὑτὸδὲ
3630 1601 3722 1653 καὶ

2143 1690 2269 1761 ἡοε⁹
2298 1694 2467 1763 νεαρὰ
2504 1694 2539 1763 ἡ
2566 1692 3006 1763 διαλαμϐάνουσα
3047 1693 3138 1747 διὰ
3188 1693 3358 1747 ποίων
3396 1692 3721 1763 ἀξιωμάτων

465 1780 757 1866 dignitates
800 1794 967 1849 curiae
1020 1788 1212 1862 [nexu]
1257 1786 1539 1858 patriaque
1593 1792 1863 1856 potestate
1914 1784 2039 1854 quis

2147 1784 2521 1858 βουλευτηρίου
2560 1804 2645 1852 τις
2679 1786 3059 1857 ἐλευθεροῦται
3088 1774 3182 1841 καὶ
3211 1788 3667 1857 ὑπεεουσιότητος
3703 1802 3718 1816 ο

466 1891 748 1945 liberetur.

538 2000 691 2058 CAP.
726 1996 970 2054 XXXVI.
1003 2027 1068 2038 —
1092 1994 1171 2050 De
1204 1991 1544 2079 d‘iacouissis,
1586 2000 1637 2046 et
1678 1988 1818 2061 quod
1850 1968 2040 2041 mulier

464 2092 870 2165 presbyteralem
898 2088 1210 2160 dignitatem
1236 2102 1338 2141 non
1365 2083 1620 2140 obtineat.
1646 2096 1649 2097 '

848 2201 1071 2257 Concilii
1116 2200 1327 2255 Nica’ni
1370 2214 1538 2252 canon
1573 2194 1657 2250 I9.
1676 2262 1686 2277 η.

538 2297 628 2351 I9.
656 2294 730 2350 De
763 2278 1137 2355 Paulianistis,
1157 2290 1249 2361 qui
1277 2286 1472 2344 deinde
1496 2287 1563 2342 ad
1591 2285 1875 2342 ecclesiam
1902 2297 2035 2339 con-

468 2378 756 2458 fugerunt,
807 2392 1071 2439 statutum
1116 2389 1244 2447 est,
1295 2387 1357 2450 ut
1415 2379 1483 2433 ii‘
1518 2378 1743 2433 omnino
1791 2376 2035 2445 rebapti-

465 2488 681 2535 zentur.
720 2476 776 2531 Si
812 2475 905 2545 qui
954 2488 1085 2528 vero
1125 2482 1366 2541 tempore
1406 2469 1684 2540 praeterito
1717 2467 2039 2523 in’clerico-

466 2568 585 2627 rum
623 2560 853 2624 numero
886 2572 1064 2630 erant,
1095 2564 1139 2619 si
1161 2562 1380 2635 quidem
1404 2576 1435 2616 a
1469 2560 1627 2630 culpa
1656 2568 1712 2613 et
1740 2559 2037 2629 reprehen-

464 2665 621 2717 sione
644 2661 809 2728 aliqui
833 2659 935 2713 visi
959 2656 1182 2723 fuerint,
1213 2652 1544 2725 rebaptizati
1553 2652 1875 2709 ‘ordinentur
1894 2666 1923 2705 a
1948 2666 2040 2706 ea-

464 2755 679 2811 tholica'.
692 2751 851 2823 104
865 2748 1124 2806 Ecclesiae
1153 2749 1429 2818 episcopo.
1468 2745 1524 2801 Si
1551 2760 1681 2801 vero
1703 2745 2039 2801 examinatio

462 2859 559 2900 eos
607 2857 716 2897 non
750 2856 872 2896 esse
917 2848 1075 2909 aptos
1105 2836 1489 2907 deprehendit,
1525 2835 1720 2904 deponi
1751 2850 1847 2889 eos
1872 2849 2039 2904 opor-

465 2918 565 2991 tet.
602 2933 869 2988 Similiter
907 2940 1088 2985 autem
1118 2937 1173 2985 et
1215 2930 1283 2983 de
1334 2927 1685 2992 diaeonissis,
1733 2934 1788 2981 et
1815 2926 2041 2983 omnino

466 3027 533 3079 de
573 3023 833 3080 omnibus
862 3019 959 3091 qui
991 3020 1135 3074 inter
1178 3019 1410 3074 clericos
1458 3026 1909 3083 annumerantur,
1950 3032 2040 3072 ea-

2144 1880 2177 1949 ὴ
2209 1882 2320 1949 γὰρ
2349 1886 2391 1933 o'
2422 1880 2592 1950 νεαρὰ
2618 1880 2935 1935 ἐπισκόπων
2976 1880 3039 1934 οὐ
3074 1880 3381 1950 μέμνηται.

2208 1990 2463 2045 ΚΕΦΔΛ.
2521 1990 2643 2046 ΛΖ’.
2695 2022 2764 2032 -
2811 1992 2951 2073 Περί
2996 1992 3424 2055 διακονισσῶν,
3478 1990 3579 2063 καί
3616 1990 3720 2051 ,ὅτι

2142 2082 2293 2151 γυνὴ
2324 2085 2397 2139 οὐ
2434 2084 2659 2156 γίνεται
2692 2078 3084 2156 πρεσϐυτέρα.

2471 2196 2743 2251 Συνόδου
2788 2186 3038 2264 Νικαίας
3083 2195 3286 2251 κανὼν
3333 2196 3419 2250 ιθ’.

2210 2284 2464 2362 ιθ’.,ῙΙερ“ι
2491 2288 3120 2354 τῶννΠαυλιανισάντων,
3152 2284 3274 2342 εἶτα
3301 2286 3718 2360 προσφυγόντων

2138 2382 2206 2453 τῇ
2239 2365 2504 2463 καθολικῇ
2549 2382 2845 2453 Ἐκκλησία
2864 2423 2880 2448 ,
2910 2382 3034 2452 ὅρος
3079 2376 3379 2434 ἐκτέθειται
3409 2377 3721 2449 ,ἀναὸαπτί-

2139 2471 2331 2536 ξεσθαι
2372 2472 2569 2528 αὐτοὺς
2590 2471 2909 2537 ἐξάπαντος.
2943 2471 3005 2525 Εἰ
3052 2470 3109 2524 δέ
3135 2488 3279 2534 τινες
3319 2469 3397 2539 τῷ
3421 2467 3718 2539 ιταρεληλυ⁶

2141 2563 2256 2618 θότι
2315 2564 2491 2635 χρόνῳ
2541 2564 2602 2617 ἐν
2668 2563 2747 2630 τῷ
2799 2563 2988 2635 κλήρῳ
3064 2561 3463 2633 ἐξητάσθησαν,
3521 2563 3572 2614 εί
3625 2561 3718 2631 μὲν

2140 2661 2421 2733 ἄμεμπτοι
2452 2660 2544 2713 καὶ
2579 2657 2937 2727 ἀνεπίληπτοι
2970 2661 3207 2727 φανεῖεν,
3222 2656 3715 2719 ἀναδαπτισθέντες

2141 2750 2652 2825 χειροτονείσθωσαν
2683 2750 2785 2804 ὑπὸ
2814 2750 2905 2804 τοῦ
2930 2752 3030 2820 τῆς
3060 2750 3357 2820 καθολικῆς
3394 2748 3715 2821 Ἐκκλησίας

2142 2843 2462 2898 ἐπισκόπου.
2494 2844 2556 2895 El
2583 2842 2641 2895 δὲ
2672 2845 2708 2912 ἡ
2757 2844 3046 2913 ἀνάκρισις
3078 2842 3487 2913 ἀνεπιτηδείους
3520 2844 3714 2905 αὐτοὺς

2142 2936 2409 3005 εὑρίσκει,
2466 2932 2853 3003 καθαιρεῖσθαι
2876 2933 3073 2997 αὐτοὺς
3113 2934 3401 3005 προσήκει.
3449 2933 3714 2997 Ὡσαύτως

2140 3027 2195 3079 δὲ
2226 3027 2463 3098 καὶπερὶ
2494 3026 2604 3080 τῶν
2638 3027 3016 3093 διακονισσῶν,
3049 3029 3140 3081 καὶ
3177 3028 3315 3093 ὅλως
3352 3027 3481 3100 περὶ
3523 3028 3632 3081 τῶν
3659 3028 3712 3079 ἐν

464 3119 587 3172 dem
622 3115 795 3169 forma
830 3112 1155 3168 servabitur.
1203 3111 1648 3167 Diaconissarum
1691 3120 1875 3165 autem
1924 3125 2039 3164 me-

2147 3118 2226 3188 τῷ
2260 3119 2444 3171 κανόνι
2481 3118 2906 3191 ἐξεταζομένων,
2959 3122 2987 3173 ό
3017 3119 3178 3183 αὐτὸς
3208 3122 3381 3185 τόπος
3415 3120 3713 3193 περιφυλα·

469 3208 726 3261 minimus
770 3219 894 3274 quae
941 3203 995 3258 in
1046 3203 1236 3258 habitu
1274 3202 1496 3273 quidem
1549 3209 1863 3264 censentur,
1910 3215 2042 3270 quo-

469 3299 616 3352 niam
653 3311 753 3352 nec
793 3296 960 3351 ullam
994 3295 1197 3350 habent
1223 3309 1484 3349 manuum
1519 3292 1945 3362 impositioncm,
1984 3300 2042 3345 ut

468 3389 692 3445 omnino
732 3388 876 3444 inter
909 3387 1081 3444 laicos
1112 3387 1243 3458 ipsa:
1274 3394 1759 3441 connumerentur.

826 3570 1051 3625 Concilii
1088 3568 1371 3624 Laodiceni
1400 3584 1571 3623 canon
1594 3567 1682 3622 Il.

478 3666 484 3671 '
536 3663 624 3717 II.
650 3661 769 3718 Non
797 3673 1051 3732 oportere
1076 3678 1171 3719 eas
1194 3678 1315 3732 quae
1346 3661 1602 3718 dicuntur
1633 3660 2041 3732 presbyterae'et

465 3754 838 3826 praesidentes,
863 3755 917 3809 in
942 3754 1194 3810 ecclesiis
1222 3752 1503 3811 constitui.

754 3864 980 3921 Concilii
1008 3863 1450 3920 Chalcedonensis
1472 3850 1644 3931 canon
1667 3864 1755 3920 ts.

537 3951 621 4007 l5.
662 3951 1051 4029 Diaconissam
1092 3970 1202 4010 non
1243 3942 1371 4011 esse
1419 3957 1728 4021 mulierem,
1780 3966 1914 4020 etc.,
1976 3966 2038 4030 ut

464 4058 589 4114 pag.
622 4042 748 4099 550.
778 4046 783 4051 ⁷
964 4043 968 4047 ’
1666 4042 1667 4045 “
1754 4056 1755 4059 ‘

713 4132 941 4190 Concilii
968 4134 1273 4209 aecumenici
1300 4135 1434 4211 sexti
1466 4152 1635 4190 canon
1664 4137 1751 4192 l4.

512 4224 623 4278 ‘M.
685 4222 1015 4281 Sanctorum
1051 4226 1474 4297 divinorumque
1512 4218 1779 4290 l’a‘trum.‘
1808 4236 1941 4293 etc.,
1978 4238 2033 4282 ut

461 4316 734 4386 pag.55l‘.
973 4325 976 4328 ’
1220 4326 1221 4331 ‘
1302 4326 1361 4343 '-
1438 4334 1443 4339 ’

472 4422 475 4423 ⁷
529 4409 686 4465 CAP.
724 4408 1031 4485 XXXVIII.‘
1063 4441 1133 4452 —
1156 4412 1443 4481 Quatenus
1467 4434 1471 4438 '
1498 4431 1590 4486 per
1650 4416 2033 4471 ordinationem

439 4511 677 4570 peccata
706 4500 996 4579 solvantur.
1046 4514 1052 4525 '
1222 4495 1231 4503 ’
1280 4502 1287 4511 '

686 4610 691 4613 ’
759 4612 985 4670 (Σοίιοίίίἱ
1010 4606 1649 4693 Nepemariensiscanon
1673 4623 1727 4677 9.
1758 4616 1759 4619 “

474 4766 475 4781 1
536 4711 591 4789 ξ).
612 4710 672 4771 Si
694 4698 994 4782 presbyter,
1010 4706 1099 4789 qui
1117 4728 1345 4793 corpore
1363 4717 1514 4785 prius
1542 4700 1882 4786 peccaverat,
1900 4704 2039 4783 etc.,

449 4804 522 4863 ,ιιι
552 4804 670 4870 p‘ag.
701 4802 839 4858 547.
912 4801 919 4807 ’
1079 4801 1083 4806 ’
1122 4796 1135 4855 γ’
1234 4810 1237 4815 ’
1284 4804 1305 4869 ί
1446 4800 1449 4803 ’
1596 4802 1599 4807 ’
1880 4800 1881 4803 ’
2032 4794 2037 4801 ”

2149 3207 2429 3278 χθήσεται,
2470 3208 2823 3281 ἐμνήσθημεν
2840 3210 2898 3264 δέ
2921 3212 3029 3265 τῶν
3054 3212 3413 3269 διακονισσῶν
3434 3215 3544 3270 τῶν
3560 3217 3617 3269 ἐν
3640 3213 3710 3284 τῷ

2149 3301 2387 3371 σχήματι
2418 3301 2828 3369 ἐξετασθεισῶν,
2880 3304 3003 3357 ἐπεὶ
3058 3304 3192 3377 μηδὲ
3239 3307 3577 3379 χειροθεσίαν
3597 3302 3709 3360 τινά

2147 3393 2400 3464 έχουσινο
2464 3394 2608 3449 ὥστε
2658 3395 2961 3463 ἐξάπαντος
3020 3397 3078 3450 ἐν
3128 3399 3240 3462 τοῖς
3292 3396 3515 3464 λαῖκοϊς
3548 3399 3707 3463 αὐτάς

2147 3484 2518 3551 ἐξετάζεσθαι.

2376 3600 2379 3601 ⁷
2447 3581 2715 3636 Συνόδου
2744 3581 3095 3649 Λαοδικείας
3116 3584 3315 3636 κανὼν
3349 3591 3440 3638 ια’.

2219 3668 2311 3725 ια’.
2338 3670 2473 3742 Περὶ
2502 3672 2597 3724 τοῦ
2633 3670 2710 3741 μὴ
2730 3672 2840 3725 δεῖν
2868 3671 2969 3735 τὰς
2995 3672 3295 3742 λεγομένας
3332 3669 3701 3746 πρεσϐύτιδας,

2147 3764 2261 3833 ἤτοι
2279 3762 2727 3835 προκαθημένας,
2752 3764 2813 3816 ἐν
2835 3763 3101 3835 ἐκκλησίᾳ
3132 3764 3510 3820 καθίστασθαι.

2393 3876 2681 3953 ,Συνόδου
2714 3876 3101 3946 Χαλκηδόνος
3145 3877 3347 3932 κανὼν
3373 3878 3454 3933 ιε’.

2218 3970 2301 4026 ιε’.
2319 3962 2679 4049 Διακόνισσαν
2705 3971 2781 4043 μὴ
2805 3971 3485 4042 χειροτονεῖσθαιγυναίκα,
3502 3988 3623 4043 κ.τ.
3650 3970 3706 4037 λ.

2258 4150 2531 4206 Συνόδου
2580 4149 3000 4221 οίκουμενικῆς
3035 4150 3214 4229 ἕκτης
3260 4152 3462 4206 κανὼν
3504 4152 3585 4207 ιδ’.

2215 4245 2296 4299 ιδ’.
2345 4244 2403 4296 Ὀ
2432 4243 2541 4297 τῶν
2571 4243 2741 4311 ἁγίων
2788 4244 2882 4297 καὶ
2930 4244 3207 4314 θεοφόρων
3243 4244 3400 4315 ἡμῶν
3429 4245 3692 4315 Πατέρων,

2144 4354 2196 4390 κ.
2226 4353 2276 4390 τ.
2302 4334 2353 4389 λ.

2213 4428 2463 4482 ΚΕΦΑΛ.
2505 4426 2638 4481 AH’.
2671 4457 2727 4466 —-
2770 4426 2910 4494 Περὶ
2932 4425 3053 4481 τῶν
3090 4428 3187 4482 διὰ
3208 4425 3332 4507 τῆςν
3341 4429 3693 4499 χειροτονίας

2143 4518 2454 4589 λυομένων
2489 4520 2934 4589 ἁμαρτημάτων.

2389 4632 2660 4687 Συνόδου
2688 4613 3154 4707 Νεοκαισῳὲίας
3191 4634 3391 4688 κανὼν
3415 4634 3479 4687 θ’.

2217 4724 2281 4780 θ’.
2299 4714 2675 4797 Πρεσϐύτερος
2693 4726 2786 4779 ἐὰν
2807 4727 3250 4797 προημαρτηκὼς
3264 4716 3569 4797 σώματιςκ.
3586 4742 3632 4781 τ.
3648 4724 3691 4776 λ.
