3994 6406
293 497 398 565 551

1174 500 1573 561 SYNTAGMA
1605 498 1994 560 CANONUM.
2026 522 2089 536 ···
2129 500 2276 560 ΤΙΤ.
2310 498 2393 558 II.
2432 498 2588 558 CAP.
2620 500 2667 557 Ι.

3447 468 3557 560 562

1622 803 2043 897 ’ΤΙΤΛΟΣ
2116 804 2233 893 Β’.

289 1011 459 1065 ΠΕΡΙ
492 1012 829 1067 ΠΟΙΗΣΕΩΣ
842 1011 1249 1068 ΕΚΚΑΗΣΙΩΝ
1281 1014 1399 1065 ΚΑΙ
1425 1012 1586 1066 ΠΕΡΙ
1606 979 1807 1066 ΙΕΡΩΝ
1837 1012 2112 1067 ΣΚΕΥΩΝ
2148 1014 2266 1067 ΚΑΙ
2291 1014 2791 1081 ΛΝΑΘΗΜΑΤΩΝ,
2829 1013 2950 1069 ΚΑΙ
2978 1012 3339 1067 ΚΛΗΡΙΚΩΝ
3368 1010 3550 1066 ΠΑΡΛ

1106 1084 1399 1140 ΓΝΩΜΗΝ
1442 1083 1838 1137 ΕΠΙΣΚΟΠΩΝ
1869 1083 2217 1138 ΙΣΤΩΝΤΩΝ
2248 1082 2729 1140 ΘΥΣΙΑΣΤΗΡΙΑ.

1441 1389 1598 1463 ι⁰⁵
1645 1409 2166 1502 TITULUS
2259 1411 2392 1498 ll.

284 1603 387 1661 DE
414 1601 946 1662 EXSTRUCTIONE
979 1601 1495 1668 ECCLESIARUM,
1522 1602 1610 1657 ET
1643 1601 1730 1657 DE
1774 1601 2021 1658 SACRIS
2076 1600 2275 1658 VASIS
2310 1600 2546 1669 ATQUE
2589 1600 2952 1671 DONARllS,
2994 1601 3083 1659 ET
3117 1602 3203 1658 DE
3240 1597 3555 1657 CLERICIS

514 1698 517 1701 ·
642 1716 643 1719 η
928 1674 1245 1732 PRAL‘TER
1274 1673 1719 1731 SENTENTIAM
1748 1671 2055 1731 EPISCOPI
2092 1672 2396 1728 ALTARIA
2424 1672 2909 1730 ElllGENTIBUS.

274 1984 297 2027 r
365 1984 762 2038 ΚΕΦΑΛΑΙΟΝ
791 1983 1158 2041 lJPOTON.—
1175 1985 1315 2050 Περι
1353 1986 1754 2055 καθιερώσεως
1778 1987 1873 2042 ἐκ·
1901 2042 1903 2049 λ

2047 1984 2279 2044 CAPUT
2331 1983 2624 2041 PRIMUM.
2664 2015 2732 2025 -—
2760 1984 2832 2038 De
2875 1985 3266 2039 consecratione
3306 1984 3557 2038 ecclesia-

276 2076 567 2144 κλησιῶν
617 2076 715 2132 καί
758 2078 1132 2148 μαοτυρείων
1172 2077 1279 2147 μὴ
1312 2076 1577 2147 ἐχόντων
1612 2071 1898 2148 λείψανα

276 2170 497 2240 ἁγίων.

457 2260 729 2315 Συνόόου
781 2260 1206 2331 Κῳθαγέννης
1239 2260 1442 2316 κανὼν
1477 2268 1554 2330 ς’,
1584 2262 1700 2331 πγ’.

368 2350 546 2405 Ὥστε
577 2352 806 2421 χρίσμα
845 2353 964 2407 ἀπὸ
1021 2353 1437 2424 πρεσϐυτέρων
1468 2353 1553 2423 μὴ
1582 2354 1871 2425 τίνεσθαι.

368 2441 446 2507 ς’.
474 2432 874 2514 Φουρτουνάτος
895 2445 1193 2510 ἐπίσκοπος
1234 2441 1407 2500 εἶπεν·
1446 2445 1536 2501 Ἐν
1580 2449 1702 2511 ταῖς
1741 2464 1875 2517 προ·

276 2532 589 2597 λαϐούσαις
621 2536 859 2603 συνόδοις
900 2537 1229 2609 μεμνήμεθα
1267 2538 1337 2593 τὰ
1371 2538 1675 2610 ὁρισθέντα,
1734 2538 1873 2593 ὥστε

283 2624 528 2696 χρίσμα,
564 2627 969 2701 ἥκαταλλαγὴν
999 2630 1424 2700 μετανοούντων,
1470 2631 1505 2703 ἢ
1540 2631 1741 2703 κορῶν,
1782 2632 1876 2686 καὶ

283 2718 502 2785 τόπων,
526 2720 621 2775 καὶ
646 2723 787 2776 ναῶν
836 2723 1163 2792 καθιέρωσιν
1214 2724 1323 2778 ἀπὸ
1380 2724 1769 2797 πρεσϐυτέρων
1798 2725 1875 2797 μὴ

286 2810 585 2880 γίνεσθαι·
633 2816 729 2870 ἐὰν
760 2814 817 2868 δέ
854 2832 937 2880 τις
966 2816 1180 2887 ἀναφυῇ
1214 2817 1372 2870 τοῦτο
1398 2816 1674 2886 πράττων,
1712 2817 1766 2871 τί
1796 2817 1877 2871 δεῖ

289 2903 434 2974 περὶ
461 2904 648 2959 τούτου
694 2907 911 2977 ὁρίσαις
949 2908 1218 2980 Αὐρήλιος
1246 2909 1545 2972 ἐπίσκοπος
1572 2906 1748 2963 εἶπεν·
1800 2910 1875 2963 Τὸ

287 2997 566 3068 ὑμέτερον
617 2998 835 3068 ἀξίωμα
887 3001 1090 3072 ἤκουσε
1139 3000 1199 3054 τὸ
1248 3001 1532 3072 ἀνενεχϐὲν
1577 3002 1729 3073 παρὰ
1779 3001 1873 3056 τοῦ

284 3084 527 3155 ἀδελφοῦ
553 3088 647 3142 καὶ
674 3088 1113 3161 ’συλλειτουργοῦ
1157 3091 1317 3162 ἡμῶν
1354 3094 1782 3163 Φουρτουνάτου,
1818 3094 1874 3147 τί

286 3180 438 3249 πρὸς
461 3180 635 3235 ταῦτα
681 3181 904 3251 λέγετε;
947 3182 1079 3237 Ἀπδ
1124 3184 1343 3239 πάντων
1396 3184 1506 3237 τῶν
1556 3186 1873 3240 ἐπισκόπων

288 3270 518 3343 ὲλέχΘηο
552 3264 868 3345 Χρίσματος
911 3275 1147 3345 ποίησις,
1171 3276 1266 3331 καὶ
1299 3275 1476 3347 κορῶν
1523 3276 1871 3348 καθιέρωσις,

287 3361 407 3415 ἀπὸ
441 3363 831 3437 πρεσϐυτέρων
874 3366 953 3439 μὴ
990 3367 1237 3437 γένηται,
1280 3369 1417 3439 μήτε
1446 3367 1504 3422 δὲ
1540 3369 1874 3435 καταλλάξαι
1909 3355 1952 3411 Β

288 3453 423 3506 τινὰ
451 3453 531 3516 είς
546 3452 810 3525 δημοσίαν
841 3455 1184 3528 λειτουργίαν
1220 3457 1577 3531 πρεσϐυτέρῳ
1632 3454 1873 3531 ἐξεῖναι,⁸

290 3544 457 3600 τοῦτο
487 3548 651 3601 πᾶσιν
696 3549 940 3620 ἀρέσκει.

368 3640 510 3708 Περὶ
536 3638 655 3695 τῶν
694 3643 984 3698 πλαστῶν
1003 3645 1310 3715 μνημείων
1345 3642 1465 3698 τῶν
1474 3645 1808 3713 μαρτύρων.

371 3738 485 3795 πγ¹.
528 3733 761 3805 Ὁμοίως
809 3736 1005 3808 ῆρςσεν
1034 3737 1120 3790 ἵνα
1171 3737 1238 3791 τὰ
1282 3734 1558 3805 πανταχοῦ
1614 3736 1718 3790 ἀνὰ
1755 3740 1882 3800 τοὺς

293 3822 506 3892 ἀγροὺς
542 3824 637 3878 καὶ
695 3825 821 3890 τοὺς
873 3826 1206 3898 ἀμπελῶνας
1261 3827 1644 3899 Θυσιαστήρια,
1679 3827 1882 3883 ὡσανεὶ

292 3915 377 3978 είς
409 3914 634 3986 μνήμην
696 3916 988 3990 μαρτύρων
1038 3919 1431 3990 καθιστάμενα,
1479 3921 1537 3974 ὲν
1562 3914 1644 3983 οἷς
1668 3919 1786 3974 οὐδὲ
1824 3920 1881 3977 ἓν

295 4006 463 4089 σῶμα
513 4008 546 4078 ἢ
590 4007 817 4078 λείψανα
854 4012 1149 4084 μαρτύρων
1204 4017 1544 4085 ἀποκείμενα
1586 4015 1878 4085 δείκνυται,

293 4098 407 4151 ἀπ’)
451 4099 562 4152 τῶν
592 4101 854 4155 ἐντοπίων
887 4105 1203 4159 ἐπισκόπων
1250 4108 1298 4160 εί
1360 4110 1475 4163 ἔστι
1512 4112 1736 4166 δυνατὸν
1778 4130 1878 4167 κα-

294 4192 731 4263 ταστρέφωνται.
774 4195 836 4248 El
885 4196 939 4250 δὲ
979 4197 1137 4259 τοῦτο
1187 4199 1437 4271 Θορύὸοις
1472 4204 1789 4275 δημοτικοῖς
1818 4206 1878 4259 οὐ

297 4286 689 4354 συγχωρεῖται,
732 4286 882 4355 ὅμως
910 4287 981 4341 τὰ
1015 4288 1196 4373 πλήθη
1244 4292 1612 4365 νουθετηθῶσι
1648 4296 1724 4368 μὴ
1755 4298 1879 4367 ὀχλ-

293 4377 539 4444 αγωγεῖν
590 4378 715 4442 τοὺς
744 4380 944 4444 τόπους
987 4380 1231 4446 ἐκείνους
1259 4400 1273 4416 ·
1320 4386 1414 4439 καὶ
1445 4386 1531 4440 ἵνα
1562 4390 1609 4441 οί
1644 4386 1713 4441 τὰ
1746 4389 1881 4459 ὀρθὰ

292 4469 625 4540 φρονοῦντες
688 4470 930 4542 μηδεμιᾷ
994 4472 1385 4547 δεισιδαιμονίᾳ
1446 4476 1552 4530 τῶν
1624 4478 1879 4532 τοιούτων

289 4561 479 4614 τόπων
514 4563 1000 4633 καταδεσμῶνται·
1045 4567 1137 4621 καὶ
1179 4568 1458 4631 παντελῶς
1504 4571 1640 4642 μηδὲ
1689 4572 1877 4644 μνήμη

293 4656 596 4728 μαρτύρων
628 4659 967 4733 ἐπιτελεσθῇ,
1034 4665 1083 4716 εί
1133 4665 1206 4735 μή
1265 4683 1365 4718 που
1410 4665 1443 4735 ἢ
1482 4666 1708 4737 σῶμαῆ
1756 4685 1878 4722 τινα

1981 2096 2100 2136 rum
2127 2090 2176 2136 et
2206 2082 2582 2153 martyriorum
2608 2095 2725 2151 quae
2757 2088 3061 2134 sanctorum
3092 2079 3320 2150 reliquiis
3354 2085 3554 2134 carent.

2220 2257 2445 2314 Concilii
2474 2256 2907 2330 Carthagineusis
2937 2273 3104 2313 canon
3138 2258 3191 2323 6,
3230 2259 3318 2313 85.

2057 2350 2124 2406 Ut
2152 2352 2381 2407 chrisma
2410 2368 2444 2406 a
2469 2352 2786 2421 presbyteris
2814 2368 2919 2406 non
2948 2352 3042 2420 ﬁat
3069 2352 3134 2407 “.

2055 2444 2107 2500 6.
2140 2443 2471 2500 Fortunatus
2492 2444 2783 2515 episcopus
2814 2444 2985 2500 dixit:
3015 2443 3072 2498 ln
3103 2442 3396 2515 praeteritis
3426 2456 3561 2498 con-

1981 2536 2125 2592 ciliis
2155 2546 2417 2593 statutum
2464 2535 2615 2610 [mss.
2664 2533 2985 2607 constituta]
3016 2535 3369 2592 meminimus
3398 2550 3556 2604 esse,

1981 2639 2043 2687 ut
2078 2630 2317 2686 chrisma
2356 2630 2441 2685 vel
2471 2629 2846 2685 reconciliatio
2890 2628 3273 2700 poenitentium
3296 2669 3310 2694 ,
3343 2643 3556 2685 necnon

1980 2733 2034 2780 et
2056 2723 2359 2795 puellarum
2392 2724 2766 2789 consecratio,
2805 2737 2837 2778 a
2879 2722 3214 2793 presbyteris
3242 2737 3352 2777 non
3382 2722 3513 2777 [iam
3543 2739 3557 2777 :

1982 2817 2029 2873 si
2068 2817 2193 2887 quis
2225 2826 2408 2872 autem
2437 2817 2724 2875 emerserit
2766 2819 2869 2872 hoc
2917 2815 3158 2883 faciens,
3207 2815 3338 2887 quid
3386 2816 3452 2871 de
3494 2832 3561 2872 eo

1984 2908 2135 2982 [mss.
2170 2911 2236 2966 de
2265 2909 2392 2982 hoc]
2444 2909 2793 2966 statuendum
2828 2910 2948 2965 sit?
2986 2908 3244 2965 Aurelius
3273 2908 3558 2979 episcopus

1980 2999 2156 3055 dixit:
2196 3001 2416 3057 Audivit
2457 3001 2699 3071 dignatio
2722 3011 2900 3058 vestra
2932 3002 3335 3072 suggestionem
3374 2998 3561 3056 fratris

1986 3103 2040 3148 et
2083 3094 2386 3164 coepiscopi
2434 3094 2607 3151 nostri
2652 3092 2971 3161 Fortunati;
3018 3094 3148 3165 quid
3184 3093 3250 3149 ad
3281 3093 3398 3149 haec
3422 3093 3559 3148 dici-

1980 3187 2198 3244 tis?Ab
2230 3189 2501 3245 universis
2523 3190 2792 3260 episcopis
2829 3189 3033 3245 dictum
3070 3196 3153 3244 est
3183 3206 3197 3243 :
3233 3186 3561 3244 Cbrismatis

1982 3279 2122 3352 fma.
2172 3277 2460 3352 chrisma]
2493 3280 2782 3348 confectio,
2814 3290 2869 3337 et
2896 3281 3196 3351 puellarum
3220 3279 3562 3337 consecratio

1979 3388 2010 3428 a
2052 3373 2381 3445 presbyteris
2426 3389 2537 3430 non
2588 3376 2681 3429 ﬁat
2712 3375 2834 3429 :vel
2858 3374 3211 3430 reconciliare
3228 3388 3558 3445 quemquam

1979 3465 2034 3520 in
2052 3465 2271 3535 publica
2301 3465 2469 3521 missa
2495 3465 2810 3537 presbytero
2839 3479 2946 3519 non
2967 3465 3153 3533 licere,
3174 3465 3277 3521 hoc
3306 3464 3566 3519 omnibus

1981 3558 2178 3631 placet.

2230 3650 2306 3704 De
2337 3649 2686 3704 monumentis
2718 3657 3012 3719 martyrum
3043 3648 3293 3717 factitiis.

2048 3742 2135 3799 83.
2185 3739 2316 3797 ltem
2348 3741 2417 3809 ³³,
2472 3750 2531 3796 ιιι
2562 3740 2750 3796 altaris
2781 3756 2902 3810 quae
2944 3741 3146 3810 passim
3188 3754 3283 3810 per
3312 3753 3473 3810 agros
3509 3750 3564 3795 et

1981 3849 2077 3905 per
2104 3834 2222 3889 vias
2260 3843 2520 3905 tanquam
2555 3832 2837 3888 memoriae
2867 3839 3171 3904 martyrum
3214 3831 3563 3887 constituun-

1982 3934 2091 3993 tur,
2122 3923 2178 3979 in
2202 3925 2403 3996 quibus
2418 3924 2627 3980 nullum
2651 3938 2855 3994 corpus
2886 3933 2981 3978 aut
2998 3921 3240 3995 reliquiae
3263 3932 3561 3994 martyrum

1982 4016 2217 4073 condita
2254 4016 2579 4087 probantur,
2629 4014 2700 4070 ab
2743 4013 3018 4084 episcopis
3057 4014 3151 4084 qui
3181 4012 3319 4069 locis
3357 4012 3562 4070 eisdem

1982 4119 2224 4180 praesunt
2267 4110 2458 4181 106,
2481 4110 2523 4166 si
2554 4108 2671 4163 lieri
2698 4115 2898 4177 potest,
2923 4113 3263 4163 evertantur.
3295 4107 3353 4161 Si
3379 4118 3560 4162 autem

1984 4198 2089 4253 hoc
2120 4211 2217 4267 per
2249 4197 2514 4251 tumultus
2538 4194 2830 4267 populares
2863 4210 2972 4249 non
3000 4194 3220 4258 sinitur,
3260 4195 3448 4264 plebes
3477 4203 3562 4251 ta-

1982 4302 2107 4342 men
2137 4287 2560 4352 admoneantur,
2595 4301 2663 4342 ne
2694 4285 2787 4341 illa
2818 4285 2939 4342 loca
2976 4284 3349 4356 frequentem,
3384 4274 3567 4357 utqui

1984 4388 2126 4434 recte
2143 4377 2387 4446 sapiunt,
2406 4376 2554 4432 nulla
2578 4378 2649 4432 ibi
2672 4377 3065 4447 superstitione
3082 4377 3318 4433 devincti
3343 4385 3565 4434 tenean-

1984 4478 2092 4523 tur.
2118 4468 2185 4524 Et
2223 4470 2453 4525 omnino
2482 4469 2632 4525 nulla
2665 4469 2932 4524 memoria
2970 4479 3270 4544 martyrum
3304 4470 3561 4541 probabi-

1983 4560 2104 4616 liter
2134 4570 2464 4632 acceptetur,
2492 4561 2597 4616 nisi
2619 4561 2709 4616 ubi
2734 4576 2935 4632 corpus
2967 4569 3062 4617 aut
3089 4562 3287 4634 aliquae
3314 4562 3561 4633 reliquia:

1982 4662 2131 4715 sunt,
2161 4654 2317 4724 origo
2355 4653 2589 4724 alicujus
2618 4654 2972 4711 habitationis
3009 4656 3091 4710 vel
3123 4656 3396 4725 passionis
3429 4656 3559 4711 lide-

290 4714 528 4820 λείξζιανα
571 4746 724 4819 ὦσιν,
756 4753 788 4822 ἢ
818 4714 1173 4826 ἀρίαιογονίέι
1194 4714 1343 4822 ἶτινὸς
1370 4714 1661 4832 οἰκήσεῶς,
1691 4714 1724 4831 ἦ
1756 4763 1876 4815 κτί-

1991 4742 2193 4799 lissima
2238 4714 2456 4813 origine
2491 4714 2743 4798 traditur.
2787 4742 2923 4798 Nam
2965 4759 3087 4815 quae
3116 4714 3210 4813 per
3250 4743 3461 4797 somnia
3503 4752 3559 4797 ct

290 4861 458 4907 σεως,
524 4845 558 4915 ἢ
629 4844 838 4909 πάθους
887 4851 1055 4919 πιστῇ
1107 4851 1429 4922 ἀρχαιότητι
1483 4853 1874 4921 παραδίδοταιο

287 4937 396 4991 ὅσα
437 4938 550 5008 γὰρ
590 4936 659 4990 δι’
708 4938 975 4994 ἐνυπνίων
1028 4941 1124 4993 xal
1179 4943 1428 5012 ματαίων
1474 4946 1876 5016 ἀποκαλύψεων

289 5028 602 5099 ἀνθρώπων
647 5030 811 5085 τινῶν
868 5033 1207 5105 ὁπουδήποτε
1263 5035 1618 5090 καθίστανται
1675 5038 1873 5093 ουσια-

293 5124 498 5190 στήρια
522 5162 537 5187 ,
593 5122 757 5175 παντὶ

295 5209 525 5265 ςθῶσιν.

509 5303 781 5358 Συνόδου
802 5306 1045 5373 Νικαίας
1068 5307 1136 5363 τὸ
1162 5308 1246 5378 β’,
1266 5312 1469 5365 κανὼν
1502 5313 1664 5379 ζ’,ιῦ

365 5396 501 5449 ὀτι
541 5396 685 5463 τοὺς
727 5398 1221 5469 ἐγκαινισθέντας
1258 5405 1443 5473 ναοὺς
1469 5406 1645 5475 ἐκτὸς
1694 5426 1878 5465 κατα-

296 5486 518 5550 θέσεως
594 5490 779 5558 ἁγίων
855 5493 1165 5561 λειψάνων
1188 5536 1204 5561 ,
1294 5496 1435 5552 δέον
1516 5500 1876 5569 ἀναπληρω-

297 5578 493 5647 θῆναι.

366 5670 435 5734 ζ’.
462 5674 605 5745 Ἔφη
634 5673 846 5739 Παῦλος
870 5677 897 5730 ὁ
926 5676 1068 5742 θεῖος
1089 5679 1405 5745 ἀπόστολος·
1441 5681 1622 5736 Ιινῶν
1648 5684 1877 5753 ἀνθρὼ-

299 5775 427 5815 πων
486 5766 544 5817 αἱ
588 5765 863 5835 ἁμαρτίαι
919 5769 1213 5839 πρόδηλοί
1264 5773 1422 5841 εισι,
1483 5774 1602 5828 τισί
1652 5773 1721 5828 δὲ
1774 5778 1871 5831 καί

842 5124 1028 5196 τρόπῳ
1095 5125 1165 5179 τὰ
1246 5126 1468 5181 τοιαῦτα
1536 5129 1871 5201 ἀποδοκιμα-

376 5914 420 5945 ²⁸
452 5916 670 5990 Cartag.
705 5937 778 5987 ιι,
810 5937 932 5978 can.
968 5927 1017 5980 5.

1978 4850 2076 4905 per
2118 4836 2312 4891 inanes
2344 4836 2503 4906 quasi
2544 4835 2911 4891 revelationes
2954 4834 3327 4906 quorumlibet
3376 4834 3556 4887 homi-

1980 4943 2110 4982 num
2154 4927 2469 4999 ubicunque
2506 4928 2921 4985 constituuntur
2955 4927 3171 4993 altaria,
3215 4926 3363 4981 omni
3396 4925 3571 4981 modo.

1981 5019 2379 5090 improbentur.

2229 5314 2459 5370 Coucilii
2491 5314 2700 5371 Nicaeni
2730 5331 2767 5369 ιι
2801 5328 3026 5369 canones
3055 5312 3085 5364 7
3118 5322 3171 5367 et
3210 5311 3295 5365 l7.

2055 5404 2282 5476 Templis
2297 5422 2413 5477 qua:
2430 5407 2623 5476 absque
2647 5404 2970 5473 depositione
3005 5418 3282 5457 sacrarunt
3304 5401 3555 5472 reliquia—

1980 5518 2099 5556 rum
2136 5502 2346 5571 fuerunt
2378 5499 2644 5566 dedicata,
2672 5500 2789 5568 fieri
2820 5497 2966 5552 debet
3007 5496 3284 5567 depositio.

2059 5684 2110 5738 7.
2144 5684 2234 5739 Ait
2260 5682 2461 5737 Paulus
2484 5682 2701 5737 divinus
2720 5680 3003 5751 apostolus
3031 5697 3043 5734 :
3073 5676 3435 5745 Quorumdam
3467 5676 3557 5729 lio-

1984 5780 2184 5830 minam
2213 5784 2427 5845 peccata
2451 5783 2571 5829 sunt
2598 5774 2902 5842 manifesta,
2928 5772 3205 5849 nonnullos
3230 5780 3406 5824 autem
3432 5784 3529 5822 con

1100 5928 1143 5960 ’³
1180 5928 1487 5985 Concilium
1518 5930 1775 6004 Cartltag.
1802 5949 1853 5999 ι’,
1882 5952 1928 5989 c.
1962 5934 2020 5988 ll
2048 5952 2061 5997 ;
2088 5932 2382 5991 concilium
2412 5931 2665 5996 Alric.,c.
2703 5931 2791 5986 50.
