3908 6296
473 425 585 491 563

1631 420 1894 486 PHOTII
1925 420 2058 481 PA'I

2165 419 2432 479 saeue
2470 419 2578 479 cr.
3629 418 3720 484 55.;

475 544 764 606 sequuntur
789 533 855 587 ’⁷.
899 521 1342 588 Ρταιρεᾶεηιίῢιιε
1391 539 1573 584 autem
1628 529 1906 598 peccatis,
1947 527 2053 582 alia

2165 527 2701 582 ἐπακολουθοῦσιν.
2775 527 3084 598 Ἀμαρτιῶν
3131 523 3225 578 οὖν
3272 527 3725 598 προκαταλαμϐα-

476 641 698 697 quoque
714 641 775 680 ea
795 637 1123 696 sequuntur.
1159 623 1385 692 lmpiam
1413 637 1544 690 ergo
1563 621 1815 675 haeresim
1840 635 2052 681 eorum,

477 719 573 789 qui
604 718 951 774 Christianos
995 725 1277 778 accusant,
1329 715 1434 768 alia
1470 727 1690 783 quoque
1729 712 1895 782 impia
1926 726 2044 765 con-

477 820 666 867 secuta
721 819 869 867 sunt.
927 807 1396 876 Quemadmodum
1455 806 1598 860 enim
1660 795 2096 860 venerabilium'

478 902 782 972 imaginum
813 909 1092 970 aspectum
1125 915 1191 952 ex
1239 897 1472 952 ecclesia
1517 896 1878 958 sustulerunt,
1919 894 2057 948 alios

481 1008 698 1061 quoque
750 1005 932 1045 mores
985 989 1360 1057 reliquerunt,
1405 1002 1544 1057 quos
1577 985 1796 1056 quidem
1844 994 2058 1054 oportet

481 1082 780 1145 renovari,
835 1091 890 1135 et
942 1089 1049 1133 tam
1099 1095 1165 1134 ex
1195 1079 1320 1147 jure
1365 1079 1570 1148 scripto
1631 1077 1712 1132 sic
1753 1075 2057 1130 observari.

483 1170 850 1240 Quatcumque
885 1184 1016 1240 ergo
1060 1169 1261 1238 templa
1295 1177 1621 1223 consecrata
1673 1177 1801 1222 sunt
1851 1163 2059 1234 absque

482 1264 654 1318 sacris
685 1262 931 1332 reliquiis
966 1269 1294 1332 martyrum,
1323 1260 1377 1314 in
1406 1261 1473 1316 iis
1501 1261 1618 1315 ﬁeri
1646 1259 1940 1314 statuimus
1969 1272 2056 1311 re-

481 1352 1206 1425 liquiarumdepositiouem
1261 1367 1387 1406 cum
1446 1351 1724 1407 consuetis
1778 1349 2055 1419 precibus.

481 1448 780 1518 Episcopus
813 1454 993 1500 autem
1035 1446 1262 1514 posthac
1293 1443 1551 1514 templum
1579 1457 1913 1497 consecrans
1941 1442 2059 1496 sine

479 1540 686 1598 Sanctis
743 1539 993 1608 reliquiis
1022 1579 1037 1604 ,
1067 1540 1394 1609 deponatur,
1442 1535 1614 1605 utqui
1655 1535 2059 1590 ecclesiasticas

478 1631 800 1686 traditiones
832 1640 1210 1699 transgressus
1239 1631 1330 1685 sit.

553 1720 636 1775 Ne
663 1723 779 1792 quis
811 1738 929 1775 cum
962 1739 1063 1776 non
1086 1721 1273 1775 habeat
1303 1738 1420 1792 quae
1452 1721 1522 1774 ad
1548 1720 1915 1790 perfectionem
1935 1736 2053 1785 per-

481 1820 646 1868 iment
672 1814 912 1866 oratoria
942 1813 1208 1878 terti/icare
1232 1813 1598 1882 aggrediatur.

551 1904 636 1958 17.
664 1903 896 1970 Quidam
929 1905 1178 1960 monachi
1212 1905 1327 1958 suis
1358 1903 1514 1972 107
1557 1903 1904 1958 monasteriis
1932 1902 2058 1955 reli-

478 1995 602 2060 ctis,
633 2005 692 2050 ut
711 1997 804 2066 qui
829 1999 1100 2066 imperare
1126 1995 1458 2061 desiderent,
1490 2004 1543 2050 et
1564 2011 1756 2066 parere
1779 2004 2056 2061 recusant,

479 2090 722 2142 oratoria
760 2088 1028 2142 azdilicare
1073 2088 1486 2158 aggrediuntur.
1539 2101 1662 2142 cum
1729 2102 1792 2140 ea
1820 2100 1924 2139 non
1961 2088 2056 2138 ha-

481 2178 643 2232 beant
687 2194 807 2247 qum
837 2178 902 2232 ad
930 2177 1314 2246 perfectionem
1347 2179 1644 2249 pertinent.
1691 2178 1748 2232 Si
1776 2177 1900 2247 quis
1931 2192 2060 2248 ergo

479 2269 586 2324 hoc
610 2269 788 2325 facere
845 2285 1136 2341 aggressus
1195 2269 1384 2338 fuerit,
1448 2270 1805 2338 prohibeatur
1839 2271 1908 2323 ab
1934 2269 2056 2338 ejus

479 2363 582 2418 loci
616 2363 892 2433 episcopo.
924 2363 980 2416 Si
1013 2364 1136 2432 quis
1166 2373 1346 2417 autem
1388 2377 1450 2416 ea
1481 2362 1645 2416 habet
1674 2377 1794 2432 quae
1833 2360 1898 2414 ad
1931 2376 2059 2428 per-

479 2457 766 2512 l'ertiuuem
800 2456 1095 2522 suﬂieiunt,
1129 2472 1250 2526 qua:
1296 2456 1365 2510 ab
1401 2456 1520 2526 ipso
1549 2455 1850 2510 deliberata
1906 2463 2054 2516 sunt,

479 2548 544 2602 ad
574 2549 735 2601 linem
770 2547 1125 2602 deducantur.
1161 2546 1306 2602 Idem
1342 2558 1523 2602 autem
1557 2555 1804 2601 servetur
1860 2544 1917 2599 in
1954 2542 2056 2597 lai-

477 2640 556 2696 cis
583 2649 635 2694 et
669 2640 904 2695 clericis.

553 2731 768 2788 Textus.
808 2731 866 2786 ln
895 2747 1015 2804 cap.
1046 2733 1134 2798 Η,
1168 2732 1250 2787 tit.
1278 2731 1312 2786 5
1363 2731 1646 2801 praesentis
1683 2728 1864 2800 Operis
1908 2737 2060 2783 trau-

481 2827 702 2895 srripsi,
755 2827 1031 2894 quomodo
1086 2825 1176 2878 ﬁat
1219 2823 1476 2880 ecclesia.
1535 2820 1676 2875 Dicit
1726 2834 1856 2875 vero
1895 2819 2059 2874 etiam

479 2930 662 2974 const.
696 2919 782 2983 15,
816 2919 896 2974 tit.
930 2920 986 2984 2,
1019 2918 1112 2973 lib.
1143 2935 1158 2973 ι
1188 2918 1313 2973 cod.
1343 2919 1488 2988 quod
1520 2917 1566 2971 si
1611 2917 1735 2986 quis
1766 2930 1881 2968 rem
1933 2928 2054 2968 mo-

482 3013 668 3078 bilem,
719 3012 1080 3076 immobilem,
1128 3023 1223 3065 aut
1275 3012 1511 3080 seipsam
1567 3016 1896 3072 moventem,
1932 3021 2060 3075 per-

481 3117 632 3157 sona:
695 3099 1050 3174 [cujuspiam]
1115 3099 1395 3168 martyris,
1459 3105 1554 3152 aut
1613 3097 1912 3166 prophetat,
1965 3104 2059 3149 aut

2159 618 2386 684 νουσῶν,
2424 620 2520 673 καλ⁸
2567 619 2752 690 ἕτεραι
2779 621 3046 690 ἁμαρτίαι
3099 621 3438 691 παρέπονται
3461 621 3678 687 ταύταις
3707 641 3721 656 ο

2157 717 2225 786 τῇ
2265 711 2358 768 οὖν
2381 713 2566 767 ἀσεϐεῖ
2595 713 2802 785 αἱρέσει
2825 713 2933 766 τῶν
2963 714 3608 785 Χριστιανοκατηγόρων,
3641 719 3727 771 καὶ

2157 807 2294 861 ἄλλα
2321 805 2646 876 ἀσεϐήματα
2678 803 3084 875 συνηκολούθει.
3112 806 3330 876 ’Ὠσπερ
3361 809 3469 875 γὰρ
3499 806 3598 876 τὴν
3628 808 3728 862 τῶν

2160 898 2374 952 σεπτῶν
2401 898 2626 952 εἰκόνων
2677 896 2800 966 ὄψιν
2848 897 3134 966 ἀφείλοντο
3164 899 3228 952 ἐκ
3275 902 3374 970 τῆς
3417 899 3728 966 ἐκκλησίας,

2159 991 2254 1045 καὶ
2278 991 2443 1062 ἐτερά
2473 1007 2594 1044 τινα
2634 988 2729 1059 ἐθη
2761 989 2879 1042 ἀντὶ
2911 989 3004 1042 τοῦ
3035 990 3444 1060 ἀπεδοκίμασαν
3492 993 3731 1062 παραλε-

2158 1083 2428 1147 λοίπασιν,
2462 1081 2498 1136 ἁ
2520 1081 2626 1152 χρὴ
2646 1081 3038 1150 ἀνανεωθῆναι.
3059 1084 3149 1136 καὶ
3173 1083 3314 1136 κατά
3338 1084 3434 1154 τὴν
3460 1084 3732 1152 ἔγγραφον

2161 1177 2254 1241 καὶ
2287 1177 2532 1246 ἄγραφον
2565 1175 2922 1242 θεσμοθεσίαν
2952 1173 3123 1236 οὕτως
3173 1179 3396 1245 κρατεῖν
3421 1192 3435 1206 ·
3479 1178 3598 1230 ὅσοι
3643 1176 3732 1231 οῦν

2163 1267 2347 1320 σεπτοὶ
2398 1267 2516 1319 ναοὶ
2575 1263 3009 1336 καθιερώθησαν,
3049 1267 3205 1328 ὲκτδς
3265 1267 3435 1334 ἁγίων
3468 1267 3734 1336 λειψάνων

2164 1359 2479 1430 μαρτύρων,
2521 1356 2780 1427 ὁρίζομεν
2797 1359 2854 1410 ἐν
2889 1359 3073 1421 αὐτοῖς
3131 1359 3428 1411 κατάθεσιν
3480 1358 3734 1426 γενέσθαι

2159 1449 2452 1518 λειψάνων,
2521 1449 2658 1520 μετὰ
2721 1449 2818 1518 τῆς
2862 1449 3126 1519 συνήθους
3172 1450 3358 1519 εὐχῆς.
3398 1451 3458 1502 ’0
3504 1449 3560 1502 δὲ
3615 1451 3736 1504 ἄνευ

2161 1542 2334 1610 ἁγίων
2370 1540 2638 1610 λειψάνων
2698 1539 2971 1612 καθιερῶν
3027 1542 3177 1606 ναὸν,
3243 1540 3638 1612 καθαιρείσθω,
3667 1543 3740 1607 ὡς

2161 1630 2559 1704 παραϐεϐηκὼς
2581 1632 2680 1695 τὰς
2708 1631 3169 1699 ἐκκλησιαστικὰς
3209 1634 3558 1704 παραδόσεις.

2235 1726 2362 1777 Ὅτι
2378 1723 2464 1792 μὴ
2489 1723 2646 1790 ἔχων
2672 1739 2762 1788 τις
2786 1721 2856 1774 τὰ
2881 1721 3030 1789 πρὸς
3067 1722 3466 1792 ἀπαρτισμὸν,
3497 1723 3588 1792 μὴ
3620 1723 3740 1776 ἐπι-

2163 1815 2384 1886 χειροίη
2419 1813 2632 1874 κτίζειν
2651 1813 2967 1880 εὐκτήριον
2997 1814 3184 1869 οἷκον.

2237 1907 2323 1972 ιζ’.
2381 1907 2504 1960 ’Ότι
2559 1905 2700 1968 τινὲς
2740 1904 2850 1957 τῶν
2900 1905 3153 1974 μοναχῶν
3219 1904 3618 1967 καταλιπόντες
3677 1903 3741 1956 τὰ

2163 1998 2372 2054 ἑαυτῶν
2411 1999 2770 2069 μοναστήρια,
2813 1996 2889 2059 ὡς
2918 1997 3194 2066 ἐφιέμενοι
3220 1998 3409 2068 ἄρχειν
3435 1997 3530 2049 καὶ
3553 1996 3619 2048 τὺ
3641 1996 3741 2049 ὑπ-

2162 2091 2382 2145 ακούειν
2429 2091 2878 2160 ἀπαναινόμενοι,
2912 2089 3225 2159 ἐγχειροῦσι
3286 2090 3493 2151 κτίζειν
3541 2088 3739 2156 εὐκτηο

2162 2185 2312 2254 ρίους
2337 2183 2538 2247 οἴκους,
2564 2184 2630 2237 τὰ
2671 2184 2805 2256 πρὸς
2825 2181 3170 2256 ἀπαρτισμὸν
3205 2181 3279 2252 μὴ
3303 2180 3540 2250 ἔχοντες.
3571 2178 3641 2230 Εἴ
3663 2193 3742 2240 τις

2161 2274 2426 2328 οὖντοῦτο
2448 2277 2791 2348 ἐπιχειρήσοι
2819 2279 3017 2339 ποιεῖν,
3039 2273 3333 2328 κωλυέσθω
3357 2272 3462 2324 ὑπὸ
3485 2271 3582 2323 τοῦ
3608 2270 3744 2323 κατὰ

2161 2367 2251 2420 τὸν
2279 2368 2444 2420 τόπον
2496 2369 2795 2421 ἐπισκόπου
2829 2383 2845 2398 ⁶
2875 2369 2922 2421 εί
2979 2367 3036 2419 δὲ
3086 2366 3154 2418 τὰ
3199 2367 3338 2435 πρὸς
3394 2363 3742 2434 ἀπαρτισμὸν

2161 2459 2295 2528 ἔχοι,
2327 2458 2396 2511 τά
2427 2458 2825 2528 βεϐουλευμένα
2865 2459 3014 2529 αὑτῷ
3053 2460 3132 2521 είς
3183 2457 3360 2526 πέρας
3396 2454 3740 2524 ἀγέσθωσαν.

2161 2551 2236 2604 Τὸ
2265 2551 2399 2605 αύτδ
2441 2552 2498 2606 δέ
2557 2551 2912 2622 φυλαττέσθω
2961 2554 3054 2604 καὶ
3107 2551 3200 2603 ἐπὶ
3249 2547 3454 2602 λαῖκῶν
3481 2547 3581 2601 καὶ
3614 2547 3743 2617 κλη-

2163 2641 2352 2713 ρικῶν.

2243 2736 2330 2788 Ἐν
2359 2733 2436 2806 τῷ
2469 2733 2527 2788 ιδ’
2557 2733 2840 2804 κεφαλαίῳ
2867 2732 2959 2786 τοῦ
2983 2740 3031 2801 γ’
3061 2731 3166 2786 τίτ.
3197 2731 3290 2784 τοῦ
3323 2731 3593 2800 παρόντος
3618 2745 3742 2781 συν-

2165 2827 2472 2898 τάγματος,
2505 2826 2836 2897 παρέγραψα
2873 2825 2988 2889 πῶς
3029 2825 3236 2894 γίνεται
3262 2822 3548 2894 ἐκκλησία,
3582 2822 3743 2890 Λέγει

2159 2922 2216 2976 δὲ
2247 2921 2338 2974 καὶ
2360 2921 2497 2974 διάτ.
2532 2926 2590 2974 ιε’
2619 2919 2714 2972 τοῦ
2758 2919 2802 2990 β’
2832 2921 2936 2972 τίτ.
2969 2917 3066 2970 τοῦ
3097 2915 3142 2970 α’
3185 2917 3328 2987 βιϐλ.
3359 2917 3451 2970 τοῦ
3483 2916 3618 2969 κώδ.
3673 2915 3745 2978 ὡς

2159 3014 2255 3067 ἐάν
2274 3030 2356 3077 τις
2377 3012 2686 3083 δωρήσηται
2709 3013 2942 3082 πρᾶγμα
2960 3009 3178 3082 κινητὸν
3199 3010 3230 3080 ἦ
3256 3009 3514 3080 ἀκίνητον
3529 3007 3564 3078 ἢ
3592 3007 3747 3060 αὑτο-

2159 3107 2421 3177 κίνητονῆ
2442 3105 2648 3160 δίκαιον
2665 3107 2744 3167 είς
2766 3106 3057 3174 πρόσωπον
3075 3105 3372 3175 μάρτυρος,
3390 3103 3420 3174 ἢ
3439 3102 3742 3174 προφήτου.

485 3195 687 3266 angeli,
723 3206 983 3264 tanquam
1033 3194 1134 3262 ipsi
1179 3191 1478 3246 oratOrium
1529 3200 1909 3246 exstructurus
1959 3192 2057 3243 do-

2165 3200 2195 3270 ῆ
2217 3199 2446 3269 ἀγγέλου
2462 3241 2477 3262 ,
2507 3197 2582 3261 ὡς
2609 3196 2774 3251 αὑτοῦ
2818 3197 3024 3266 μέλλων
3047 3198 3331 3267 εὐκτηριον
3355 3194 3709 3265 οἰκοδομῆσαι
3727 3231 3746 3259 ,

483 3287 715 3353 naverit,
759 3287 1222 3354 donationemque
1275 3283 1368 3336 ubi
1428 3290 1666 3351 oportet,
1702 3281 1754 3334 iu
1799 3290 1918 3334 acta
1971 3295 2056 3335 re-

483 3379 671 3434 tulerit
703 3399 714 3433 :
746 3389 972 3448 cogatur
1006 3391 1166 3446 opus,
1201 3389 1515 3444 quanquam
1549 3382 1788 3442 emptum
1823 3389 1930 3427 non
1965 3373 2056 3436 sit,

480 3487 605 3528 cum
666 3471 973 3525 haeredibus
1031 3468 1367 3537 adimplere,
1425 3464 1540 3537 [eo]
1593 3483 1701 3536 que
1764 3467 2058 3535 adimpleto

479 3564 836 3618 donationem
890 3559 1166 3616 conferre.
1234 3559 1497 3630 Idemque
1548 3560 1614 3613 de
1678 3560 2056 3626 xeuodochio,

480 3655 836 3718 uosocomio,
885 3663 1048 3724 atque
1080 3653 1301 3724 ptochio
1337 3650 1513 3724 [dicit.
1553 3650 1689 3705 Tum
1722 3649 1912 3723 etiam]
1942 3651 2056 3720 epi-

479 3745 661 3817 Scapis
678 3754 734 3800 et
761 3744 1084 3807 meonomis,
1111 3752 1170 3799 ut
1192 3745 1290 3798 hos
1318 3750 1556 3814 urgeret,
1580 3742 1892 3796 facultatem
1915 3757 2056 3796 esse.

482 3837 772 3894 Postremo
807 3837 921 3891 hmc
953 3835 1248 3904 completa,
1293 3843 1455 3905 prout
1484 3833 1847 3888 donatoribus
1879 3831 2058 3885 visum

480 3939 584 3994 est,
641 3945 705 3984 ac
762 3928 1064 3984 secundum
1119 3926 1396 3996 injunctas
1441 3925 1834 3995 praeceptiones
1881 3922 2060 3977 admi-

483 4021 725 4076 nistrari.
756 4021 834 4074 Ac
863 4028 1038 4076 const.
1075 4019 1162 4081 45,
1193 4019 1275 4072 tit.
1307 4019 1362 4080 5,
1391 4016 1638 4086 ejusdem
1673 4032 1685 4069 ι
1735 4016 1828 4069 lib.
1864 4015 1997 4068 dicit
2042 4029 2056 4067 :

482 4112 640 4179 Quod
675 4113 721 4167 si
768 4112 892 4181 quis
931 4121 1025 4166 aut
1066 4126 1160 4181 per
1211 4110 1634 4172 institutionem,
1675 4117 1769 4162 aut
1796 4108 2057 4176 legatum,

482 4206 1065 4268 ﬁdeicommissumve,
1099 4213 1195 4258 aut
1225 4203 1417 4258 mortis
1449 4217 1613 4256 causa
1648 4199 2001 4254 donationem
2042 4236 2058 4261 ,

479 4298 624 4368 piam
658 4296 1068 4366 dispositionem
1102 4294 1310 4363 fecerit,
1341 4304 1566 4366 cogatur
1596 4308 1690 4362 per
1741 4292 2060 4360 episcopum

480 4388 883 4454 mandatarius,
918 4389 1082 4442 etiam
1116 4388 1160 4442 si
1191 4388 1449 4456 episcopo
1495 4401 1523 4438 a
1572 4392 1832 4438 testatore
1881 4381 2061 4450 prohi-

491 4484 666 4537 bitum
723 4483 815 4546 sit,
859 4497 927 4536 ne
967 4489 1141 4543 curet,
1195 4487 1254 4534 ut
1298 4479 1344 4534 si
1391 4478 1676 4533 ecclesiam
1732 4477 1915 4529 facere
1959 4474 2060 4542 ipsi

2162 3291 2256 3344 καὶ
2296 3289 2394 3360 τὴν
2440 3290 2650 3359 δωρεὰν
2691 3288 2969 3358 ἐμφανίσῃ
3005 3289 3090 3356 ἐφ’
3131 3281 3205 3340 ὧν
3237 3285 3535 3353 ἀναγκαῖόν
3577 3285 3745 3344 ἐστιν,

2162 3381 2532 3450 ἀναγκάζεται
2561 3379 2621 3432 τὸ
2663 3380 2824 3451 ἔργον
2870 3380 2972 3432 κᾶν
3002 3379 3075 3450 μὴ
3107 3377 3285 3449 ῆρχθη
3333 3374 3577 3447 πληροῦν
3608 3384 3747 3445 μετα

2162 3475 2540 3544 κληρονόμων,
2574 3473 2668 3524 καὶ
2705 3471 3043 3541 πληρωθέντι
3073 3469 3256 3522 δοῦναι
3278 3468 3347 3521 τὰ.
3383 3467 3484 3536 τῆς
3511 3465 3742 3534 δωρεᾶς.

2163 3567 2236 3618 Τὸ
2261 3566 2392 3617 αὐτὸ
2417 3565 2474 3616 δὲ
2502 3565 2596 3619 καὶ
2622 3566 2714 3617 ἐπὶ
2743 3563 2850 3616 τῶν
2884 3562 3225 3633 ξενοδοχείων
3256 3562 3351 3614 καὶ
3379 3560 3745 3628 νοσοκομείων

2162 3659 2255 3710 καὶ
2291 3657 2600 3726 πτωχείων·
2636 3655 2818 3719 ἁδείας
2843 3653 3010 3724 οὔσης
3038 3657 3150 3718 τοῖς
3180 3653 3500 3715 ἐπισκόποις
3537 3651 3635 3704 καὶ
3664 3653 3745 3704 οξ·-

2163 3749 2413 3818 κονόμοις
2438 3749 2650 3816 ἐνάγειν
2675 3747 2890 3803 αὐτούς.
2929 3745 3148 3800 Τούτων
3177 3745 3231 3799 δὲ
3265 3744 3676 3816 πληρουμένων,
3710 3744 3743 3812 ἡ

2161 3835 2424 3905 διοίκησις
2470 3836 2611 3888 κατὰ
2663 3835 2733 3887 τὰ
2775 3835 3006 3902 δόξαντα
3053 3837 3165 3897 τοῖς
3217 3834 3744 3904 φιλοτιμησαμένοις

2162 3931 2254 3982 καὶ
2284 3928 2408 3990 τοὺς
2438 3926 2782 3992 ἐπιτεθέντας
2818 3928 2976 3998 ὅρους
3011 3927 3248 3994 γίνεται,
3283 3927 3378 3980 καὶ
3410 3929 3443 3997 ή
3481 3933 3563 3995 με’
3601 3925 3740 3978 star.

2161 4020 2255 4073 τοῦ
2286 4027 2333 4089 γ’
2360 4020 2465 4074 τίτ.
2507 4017 2598 4074 τοῦ
2625 4019 2788 4072 αὑτοῦ
2829 4027 2875 4073 α’
2909 4019 3046 4090 βιϐλ.
3087 4023 3272 4090 φησὶν,
3309 4021 3388 4072 ὅτι
3422 4019 3516 4071 ἐάν
3545 4036 3629 4081 τις
3651 4019 3744 4070 εὖ·

2165 4112 2300 4182 σεϐῆ
2331 4113 2608 4182 ποιήσοιτο
2649 4111 3006 4175 διατύπωσιν,
3051 4115 3108 4166 ἐν
3148 4113 3400 4165 ἐνστάσει
3428 4113 3461 4180 ἢ
3499 4110 3738 4181 ληγάτῳ,

2163 4205 2194 4275 ἢ
2225 4205 2350 4274 ﬁdei
2385 4205 2663 4259 commisso
2699 4207 2882 4258 mortis
2909 4222 3070 4258 causa
3110 4204 3321 4276 δωρεᾷ,
3356 4204 3603 4274 ἀνάγκην
3632 4202 3742 4271 ἔχει

2163 4298 2190 4347 ὁ
2222 4294 2533 4357 κελευσθεὶς
2566 4295 2653 4348 διὰ
2691 4295 2785 4346 τοῦ
2839 4295 3172 4357 ἐπισκόπου,
3213 4295 3316 4347 κᾶν
3347 4293 3593 4363 ἐκωλύθη
3641 4294 3742 4346 ὑπὸ

2165 4388 2257 4438 τοῦ
2319 4387 2638 4456 διαθεμένου
2668 4389 3016 4456 ’προνοῆσαι,
3061 4389 3108 4440 εί
3157 4387 3255 4457 μὲν
3303 4386 3601 4455 ἐκκλησίαν
3646 4391 3742 4438 ἐπ-

2166 4479 2380 4549 ετράπη
2418 4479 2664 4549 ποιῆσαι,
2691 4479 2931 4549 πληροῦν
2957 4481 3126 4548 αὐτὴν
3147 4480 3278 4532 εἵσω
3309 4481 3551 4549 τριετίας
3569 4497 3582 4509 ·
3605 4479 3651 4530 εἰ
3685 4477 3740 4530 δέ

481 4576 788 4646 iujunctum
843 4575 1029 4639 fuerit,
1073 4574 1219 4627 intra
1252 4573 1552 4626 triennium
1586 4569 1732 4622 illam
1777 4567 2056 4622 absolvat:

2169 4573 2405 4638 ξενῶνα,
2440 4573 2572 4626 εἴσω
2609 4573 2891 4626 ἐνιαυτοῦ·
2938 4573 3159 4626 δυνατὸν
3191 4573 3299 4642 γὰρ
3337 4575 3430 4626 καὶ
3471 4571 3613 4626 οἶκον
3659 4575 3740 4635 είς

481 4671 526 4724 si
563 4683 694 4722 vero
734 4667 1196 4735 xettouen1,,itttra
1227 4680 1454 4719 annum.
1503 4662 1714 4716 Etenim
1763 4661 1891 4714 dum
1921 4675 2060 4729 opus

481 4771 920 4822 consummatur,
963 4757 1291 4826 recipiendis
1317 4755 1536 4827 trgrotis
1581 4751 1790 4825 [aliam]
1833 4738 2058 4806 domum

481 4871 512 4910 c
536 4853 716 4908 mduci
749 4868 935 4921 posse.
969 4852 1169 4904 Deinde
1208 4865 1274 4903 eo
1303 4859 1543 4916 tempore
1589 4848 1796 4917 elapso,
1845 4845 2060 4914 episeo-

481 4963 612 5014 pum
657 4945 840 5000 relicta
891 4941 1144 5015 [pariter]
1185 4958 1308 4995 cum
1355 4939 1623 4994 fructibus
1672 4951 1836 5009 atque
1874 4952 2062 4992 acces-

483 5037 733 5092 sionibus
779 5053 808 5090 a
855 5045 1100 5103 tempore
1148 5033 1341 5086 mortis
1377 5031 1653 5086 testatoris
1695 5033 1912 5098 exigere
1947 5048 1958 5083 :
1997 5043 2061 5082 ac

484 5128 770 5192 ecclesias,
809 5126 970 5195 108
1008 5139 1271 5185 xenoues,
1305 5125 1732 5194 gerontocomia,
1783 5123 2063 5190 orphano-

485 5219 730 5288 trophia,
770 5217 1112 5279 nosoeomia,
1144 5225 1238 5270 aut
1287 5215 1503 5284 ptochia
1538 5217 1806 5269 a~dilicare
1839 5233 1851 5268 :
1897 5211 2060 5284 [tum]

482 5313 648 5369 etiam
683 5309 1154 5364 administratores
1185 5310 1317 5379 ipsis
1347 5309 1646 5379 praglicere,
1683 5307 1787 5361 uisi
1812 5317 2057 5372 testator,

482 5404 610 5472 quis
641 5401 1030 5458 administrare
1069 5399 1284 5462 debeat,
1329 5414 1588 5468 expresse
1619 5397 1859 5452 dixerit:
1892 5407 1946 5452 et
1977 5406 2060 5450 ta-

478 5496 643 5553 metsi
702 5493 1228 5568 [administratorem
1279 5490 1533 5564 testator]
1592 5491 1910 5556 nominarit,
1965 5505 2056 5560 po-

484 5598 731 5647 lt'Slalem
788 5582 1021 5660 [tamen]
1059 5585 1259 5637 habere
1307 5583 1620 5651 episcopum
1660 5621 1674 5644 ,
1723 5589 1780 5634 ut
1823 5581 1868 5636 si
1921 5583 2060 5636 male

482 5688 574 5742 ille
597 5680 966 5744 administret,
1001 5673 1237 5750 [ipsum]
1265 5684 1560 5740 removeat,
1592 5683 1647 5728 et
1678 5673 1843 5726 alium
1875 5673 2056 5727 faciat:

485 5781 532 5836 si
567 5793 694 5833 vero
735 5773 829 5845 qui
865 5771 1064 5840 jussus-
1091 5778 1196 5832 est,
1249 5769 1317 5822 ab
1364 5767 1624 5835 episcopo
1683 5767 2060 5836 interpellatus

489 5869 902 5940 magistratuum
954 5857 1171 5933 [etiatul
1245 5858 1670 5916 admonitionem
1745 5866 2056 5930 exspectet,

2165 4665 2448 4718 ἀνάκλισιν
2470 4665 2576 4718 τῶν
2597 4663 2896 4737 ἀρρώστων
2915 4665 3258 4736 μισθοῦσθαι,
3280 4667 3387 4730 ἕως
3416 4661 3478 4720 οὗ
3501 4667 3560 4719 τὸ
3583 4667 3740 4735 ἔργον

2164 4757 2448 4830 πληρωθῇ.
2504 4757 2609 4810 Τοῦ
2662 4758 2719 4810 δὲ
2771 4758 3011 4811 τοιούτου
3061 4761 3253 4830 χρόνου
3307 4760 3736 4831 παρερχομένου.

2163 4852 2385 4904 ἀπαιτεῖ
2427 4849 2488 4902 ca
2534 4849 2896 4918 καταλειφθὲν
2936 4851 2964 4902 ό
3001 4851 3301 4915 ἐπίσκοπος
3339 4855 3476 4918 μετά
3517 4851 3737 4921 καρπῶν

2165 4940 2258 4992 καὶ
2291 4940 2571 5009 αὖξήσεων
2604 4939 2711 4992 ἀπὸ
2754 4939 2848 4992 τοῦ
2895 4939 3087 5010 καιροῦ
3142 4942 3239 5011 τῆς
3284 4941 3378 4994 τοῦ
3425 4941 3734 5008 διαθεμένου

2161 5031 2418 5101 τελευτῆς
2439 5073 2454 5096 ,
2483 5031 2578 5082 καὶ⁸
2603 5034 2839 5085 ποιεῖται
2865 5031 2961 5094 τὰς
2984 5031 3272 5102 οἰκοδομὰς
3300 5033 3407 5086 τῶν
3437 5033 3734 5090 ἐκκλησιῶν

2163 5127 2256 5178 καὶ
2280 5124 2388 5178 τῶν
2414 5123 2676 5189 ξενώνων,
2707 5126 2739 5194 ἢ
2768 5125 2876 5178 τῶν
2916 5127 3316 5196 γηροκομείων,
3343 5126 3376 5196 ἢ
3407 5129 3731 5196 ὀρφανοτρο-

2162 5216 2351 5283 φείων,
2387 5216 2419 5286 ἢ
2450 5215 2834 5284 νοσοκομείων,
2872 5214 2904 5284 ἢ
2941 5216 3248 5285 πτωχείων,
3278 5217 3370 5268 καὶ
3402 5213 3732 5286 προχειρίζε-

2159 5323 2249 5359 ται
2276 5307 2402 5369 τοὺς
2426 5305 2702 5374 διοικητὰς
2728 5305 2928 5357 αὐτῶνθ
2953 5304 3008 5358 εί
3034 5321 3096 5372 γε
3124 5304 3198 5374 μὴ
3227 5305 3408 5376 ῥητῶς
3431 5310 3458 5360 ὁ
3486 5307 3730 5376 τελευτή-

2163 5413 2260 5460 σας
2285 5392 2406 5449 εἷπε
2444 5398 2536 5449 τὸν
2568 5396 2864 5464 ξόφείλοντα
2908 5399 3149 5452 διοικεῖν·
3199 5402 3246 5453 εί
3293 5401 3388 5452 καὶ
3438 5400 3726 5470 ὠνόμασεν,

2159 5488 2344 5543 ἄδειαν
2375 5487 2404 5539 ὁ
2446 5487 2744 5552 ἐπίσκοπος
2781 5491 2892 5561 ἔχει
2923 5493 3111 5556 κακῶς
3149 5493 3308 5545 αὑτὸν
3341 5492 3725 5561 διαγινόμενον,

2159 5584 2463 5644 ἀποκινεῖν,
2494 5584 2588 5636 καὶ
2625 5587 2800 5636 ποιεῖν
2843 5585 3023 5640 ἄλλον.
3060 5586 3121 5638 Εἰ
3151 5584 3206 5638 δέ
3236 5585 3264 5636 ό
3295 5584 3606 5647 κελευσθεὶς
3635 5583 3724 5637 καὶ

2161 5677 2314 5747 παρὰ
2343 5676 2435 5728 τοῦ
2467 5677 2766 5730 ἐπισκόπου
2801 5676 3080 5747 ὀχληοεὶς,
3146 5677 3381 5749 ἀρχικὴν
3431 5678 3724 5748 ὑπόμνησιν

2160 5767 2449 5840 ἀναμείνῃ,
2480 5768 2660 5821 δίδωσι
2688 5768 2910 5822 διπλοῦν
2938 5769 2999 5822 τὸ
3025 5769 3402 5838 καταλειφθέν
3431 5767 3724 5839 ῥᾳθυμοῦν-

2165 5876 2252 5923 τος
2277 5859 2334 5913 δὲ
2369 5858 2462 5914 τοῦ
2491 5861 2818 5927 ἐπισκόπου,
2848 5860 3147 5929 ἀναγκάζει
3180 5859 3535 5933 πληρωθῆναι
3564 5860 3618 5913 τὸ
3637 5858 3717 5912 δια
