3994 6432
1060 342 1095 367 ἡ

225 441 267 503 5
280 443 363 505 ’ρὸ
1114 450 1509 514 SYNTAGMA
1550 456 1855 518 CANONU

1976 486 2043 495 -·-
2082 461 2227 523 Tl'l‘.
2273 464 2353 525 II.
2396 465 2553 529 CAP.
2595 467 2644 527 Ι.
3418 475 3520 539 5ί6

218 550 504 603 τυπωθὲν
528 552 555 603 6
580 550 1002 623 μητροπολίτης,
1036 554 1067 624 ἢ
1099 557 1126 608 6
1150 557 1252 627 τῆς
1280 557 1599 630 διοικήσεως
1626 562 1841 631 ἐκείνης

1976 566 2178 640 ipsum]
2213 573 2357 640 quod
2406 574 2652 630 relictum
2690 586 2792 643 est,
2851 577 3187 649 duplicatum
3234 579 3363 636 dare
3407 583 3504 638 :si

218 642 720 711 ἁρχιεπίσκοπος,
768 646 861 697 καὶ
912 647 1020 710 πᾶς
1074 647 1400 719 βουλόμενος
1446 651 1554 705 τῶν
1605 653 1840 707 πολιτῶν

1970 660 2238 731 ιρίεοορυε
2283 665 2648 737 negligentius
2688 677 2833 740 agat,
2872 642 3376 741 metropolitanum,
3424 682 3521 728 aut

219 739 413 789 κινεῖ.
444 737 506 789 Εἰ
534 737 591 790 δὲ
637 739 779 807 μετὰ
805 738 902 809 τὴν
941 740 1078 793 ἰδίαν
1109 740 1392 813 τελευτὴν,
1427 744 1476 796 οἰ
1515 744 1840 815 κληρονόμοι

1970 757 2151 804 ractus
2181 749 2335 807 istius
2364 737 2861 827 archiepiscopum,
2904 769 2965 814 ut
3001 737 3148 830 quod
3189 737 3517 830 praeceptum

220 828 655 900 ἐκελεύσθησαν
692 829 876 884 δοῦναι
924 832 956 904 ἢ
1008 834 1272 902 ποιῆσαι,
1326 838 1354 887 6
1400 836 1839 907 προδηλούμενος

1970 845 2028 889 εει
2077 836 2458 907 adimpleatur,
2514 859 2728 913 cogere,
2781 856 2833 901 et
2892 828 3275 917 quemcunque
3315 828 3516 903 civium

218 919 443 988 χρόνος
482 923 619 990 μετὰ
645 925 744 992 τὴν
778 923 1076 977 ἀποϐίωσιν
1106 924 1287 979 αὐτῶν
1327 926 1674 997 ἀριθμεῖται,
1705 929 1755 982 οἰ
1780 927 1837 981 δὲ

1971 938 2134 993 posse
2163 927 2547 1000 quaestionem]
2584 948 2836 988 movere:
2873 935 2919 988 si
2950 945 3072 1004 post
3102 946 3331 990 mortem
3361 952 3515 990 suam

218 1010 511 1081 ἄρχοντες
540 1013 911 1082 ἀναγκάζουσι
943 1016 1117 1070 ταῦτα
1154 1017 1513 1089 πληροῦσθαι.

1970 1011 2184 1066 Heredes
2213 1012 2419 1084 aliquid
2449 1016 2581 1072 dare
2620 1028 2714 1073 aut
2747 1021 2925 1076 facere
2953 1022 3094 1091 jussi
3127 1022 3350 1089 fuerint,
3386 1039 3518 1093 prte-

219 1108 461 1164 dictum
494 1122 710 1181 tempus
735 1121 859 1180 post
899 1110 1118 1165 illorum
1150 1111 1436 1169 decessum
1470 1112 1779 1187 computari
1815 1130 1829 1167 :
1873 1108 2180 1182 [denique,]
2223 1120 2282 1166 ut
2313 1112 2428 1168 haec
2494 1112 2841 1184 impleantur,
2890 1114 3089 1188 [ipsos]
3155 1116 3517 1186 magistratus

221 1219 451 1275 cogere
487 1204 760 1279 [debere.]
3072 1246 3077 1251 .

320 1297 400 1359 Ἦ
434 1305 485 1368 γ’
513 1300 656 1353 διὰτ.
692 1301 788 1354 τοῦ
825 1300 875 1353 α’
907 1299 1015 1355 τίτ.
1041 1300 1151 1355 τῶν
1178 1302 1408 1373 Νεαρῶν
1443 1301 1600 1374 φησι,
1631 1300 1721 1354 διὰ
1747 1300 1845 1369 δη-

2022 1291 2240 1347 Textus.
2291 1291 2480 1347 Const.
2513 1294 2567 1359 5,
2618 1294 2701 1349 tit.
2743 1296 2769 1349 1
2804 1293 3153 1353 Novellarum
3187 1299 3262 1354 ait
3290 1299 3523 1373 [aliquid

227 1389 464 1458 μοσίων
498 1390 806 1461 προσώπων
849 1393 931 1457 δὶς
977 1393 1303 1465 ὀχλούμενον
1343 1396 1437 1449 τὸν
1481 1394 1843 1449 κελευσθέντα

1970 1387 2131 1441 acere
2153 1395 2245 1439 aut
2276 1385 2427 1458 dare]
2445 1385 2683 1452 jussum,
2716 1388 2759 1442 si
2789 1389 2858 1443 ab
2879 1390 3133 1461 episcopo
3158 1402 3209 1447 et
3234 1407 3525 1448 mconomo

225 1484 404 1553 παρὰ
431 1485 528 1538 τοῦ
567 1487 869 1539 ἐπισκόπου
897 1488 991 1541 κα)⁸
1017 1487 1111 1541 τοῦ
1141 1489 1427 1560 οἰκονόμου
1445 1530 1461 1556 ,
1495 1487 1590 1542 καὶ
1613 1485 1844 1551 ὑπερθέ-

1970 1492 2045 1531 ier
2077 1476 2325 1546 publicas
2360 1491 2625 1546 personas
2662 1477 2745 1531 bis
2770 1479 3083 1559 admonitus
3116 1481 3297 1537 adhuc
3320 1482 3525 1551 diﬂ'ert,

232 1595 439 1647 μενον,
490 1580 780 1633 ἐκπίπτειν
828 1580 1029 1644 παντὸς
1076 1576 1324 1652 κέρδους*
1383 1582 1478 1635 καὶ
1521 1579 1622 1652 τὴν
1659 1580 1846 1633 ούσίαν

1970 1569 2019 1623 ιι)
2045 1568 2194 1622 omni
2231 1569 2384 1623 lucro
2413 1569 2688 1635 excidere,
2717 1578 2773 1623 et
2798 1570 3111 1641 episc0pum
3141 1588 3360 1629 omnem
3394 1576 3527 1629 sub-

230 1673 439 1726 πὶσαν
468 1672 608 1742 μετὰ
642 1672 755 1726 τῶν
801 1674 858 1725 ὲν
906 1674 1057 1743 μέσῳ
1088 1673 1444 1743 ὲπαυξήσεων
1476 1674 1505 1726 6
1545 1671 1846 1734 ἐπίσκοπος

1970 1664 2208 1719 stantiam
2260 1678 2385 1718 cum
2438 1663 2600 1718 medii
2641 1664 2899 1733 temporis
2942 1666 3374 1731 accessionibus,
3420 1682 3529 1721 non

230 1764 471 1831 δαπανᾷ
498 1766 579 1827 είς
623 1765 693 1817 τὰ
720 1763 1150 1828 διατυπωθέντα,
1199 1766 1273 1835 μὴ
1316 1761 1843 1835 παρακρατουμένου

1970 1765 2162 1811 'etenta
2212 1755 2452 1829 [abillo]
2487 1756 2747 1823 falcidia,
2801 1758 2856 1812 in
2900 1775 3021 1829 quae
3043 1762 3400 1816 constitutum
3449 1769 3533 1815 est

234 1854 566 1921 φαλκιδίου.
608 1855 683 1908 Τὸ
729 1856 859 1909 αὑτό
909 1856 1047 1920 ἐστι,
1090 1855 1194 1909 κᾶν
1238 1855 1531 1926 προσάπαξ
1571 1870 1626 1907 τι
1670 1852 1844 1924 ληγαη

1973 1864 2231 1905 nsumere
2276 1867 2289 1903 :
2328 1858 2378 1904 ct
2427 1849 2473 1904 si
2515 1850 2899 1905 universaliter
2947 1853 3225 1922 quippiam
3285 1853 3529 1924 legetur,

234 1946 442 2017 τευθῇ.
483 1946 551 1999 Ἦ
579 1946 636 2000 δὲ
657 1952 706 2015 γ’
732 1947 873 2001 διάτ.
908 1946 1003 2000 τοῦ
1032 1945 1075 2017 β’
1112 1945 1218 2000 τίτ.
1262 1945 1373 2000 τῶν
1407 1944 1637 2016 Νεαρῶν
1662 1946 1848 2015 φησὶν,

1976 1942 2098 1994 dem
2130 1955 2271 1995 esse.
2310 1939 2513 1995 Eadem
2546 1951 2725 1996 const.
2755 1944 2806 2007 3,
2845 1943 2929 1998 tit.
2965 1943 3001 1996 2
3038 1942 3385 2001 Novellarum
3434 1945 3531 2013 ait,

233 2039 384 2091 εἵσω
418 2038 482 2103 ἓξ
511 2039 698 2109 μηνῶν
727 2040 865 2109 μετὰ
905 2039 1002 2111 τὴν
1027 2040 1329 2109 ὲμςράνειαν
1357 2040 1459 2109 τῆς
1484 2037 1755 2109 διαθήκης
1793 2037 1851 2102 ἐξ

1978 2045 2096 2087 ntra
2119 2048 2211 2087 sex
2244 2048 2459 2088 menses
2490 2042 2613 2104 post
2634 2046 2946 2106 aperturum
2967 2039 3275 2093 testamenti
3307 2039 3533 2111 [relictis

238 2128 607 2200 ὑπερθέσεως
624 2168 638 2193 ,
667 2130 910 2200 καρποὺς
932 2131 1024 2182 καὶ
1051 2129 1244 2193 τόκους
1269 2128 1363 2181 καὶ
1389 2128 1718 2198 ὲπαυξήσεις
1742 2126 1853 2179 ἀπὸ

237 2222 521 2293 τελευτῆς
566 2222 664 2277 τοῦ
713 2223 1102 2286 καταλιπόντος
1149 2221 1519 2278 ἀπαιτεῖσθαι.
1582 2220 1649 2273 Ἦ
1700 2219 1759 2272 δὲ
1802 2217 1852 2286 γ’

240 2314 397 2371 διάτ.
452 2317 547 2369 τοῦ
598 2314 644 2386 β’
698 2316 803 2371 τίτ.
862 2315 956 2370 τοῦ
1004 2315 1168 2369 αὑτοῦ
1216 2317 1325 2369 τῶν
1379 2313 1608 2384 Νεαρῶν
1658 2311 1854 2367 συντά·

241 2426 472 2477 γματος
515 2410 703 2478 φησιν,
736 2408 869 2462 εἴσω
893 2409 1215 2472 πενταετίας
1244 2409 1342 2477 τὴν
1371 2405 1670 2477 ἐκκλησίαν
1710 2404 1855 2473 ὀφεί-

242 2501 372 2552 λειν
429 2500 804 2571 πληροῦσθαι·
852 2502 977 2565 τοὺς
1029 2501 1088 2555 δὲ
1130 2501 1325 2564 ἄλλους
1366 2501 1586 2568 εὐαγεῖς
1635 2497 1851 2559 οἴκους,

247 2594 395 2648 εἴσω
434 2596 706 2651 ἐνιαυτοῦ.
761 2595 826 2649 Εἰ
859 2597 916 2650 δὲ
957 2598 1032 2667 μὴ
1078 2595 1229 2659 ἐντὸς
1274 2595 1368 2648 τοῦ
1398 2592 1647 2647 ἐνιαυτοῦ
1700 2590 1857 2660 ποιή-

250 2705 455 2741 σουσιν
486 2689 538 2741 0i.
580 2689 944 2760 κληρονόμοι,
992 2687 1493 2757 ἀναγκαζέσθωσαν
1532 2680 1681 2738 οἷκον
1725 2684 1856 2750 ἀγοσ-

1956 2142 2063 2181 non
2091 2125 2280 2199 datis],
2316 2138 2537 2198 propter
2567 2129 2883 2184 dilationem
2926 2130 3162 2199 fructus,
3210 2146 3407 2188 usuras
3445 2143 3533 2187 at-

1956 2234 2064 2288 que
2101 2220 2450 2276 accessiones
2499 2237 2529 2276 a
2570 2231 2744 2276 morte
2775 2223 2893 2290 ejus
2933 2224 3029 2293 qui
3076 2224 3316 2293 reliquit,
3368 2224 3532 2295 exigi.

1956 2311 2159 2367 Eadem
2194 2322 2371 2367 const.
2403 2314 2456 2378 5,
2499 2314 2581 2369 tit.
2613 2314 2646 2366 2
2683 2313 3032 2368 Novellarum
3073 2316 3167 2381 ait,
3197 2318 3337 2369 intra
3367 2318 3535 2386 quin-

1957 2406 2259 2472 quennium
2299 2406 2589 2461 ecclesiam
2624 2406 2823 2461 debere
2873 2406 3056 2475 perlici
3085 2425 3098 2459 :
3126 2408 3260 2463 alias
3311 2422 3537 2462 venera-

1958 2496 2094 2550 biles
2141 2497 2339 2551 domus
2387 2498 2530 2551 intra
2583 2514 2807 2552 annum.
2857 2499 2911 2552 Si
2957 2514 3085 2553 vero
3139 2499 3279 2553 intra
3330 2515 3533 2555 annum

1959 2590 2201 2645 Ineredes
2228 2589 2369 2663 [cas]
2395 2606 2501 2644 non
2538 2589 2767 2646 fecerint
2790 2590 2989 2663 [ipsos]
3010 2593 3130 2660 cogi
3162 2592 3385 2648 domum
3414 2592 3534 2649 lali-

1958 2697 2123 2752 quam
2154 2680 2270 2754 aut]
2302 2696 2483 2737 emere
2511 2689 2606 2736 aut
2646 2683 2975 2747 conducere,
3020 2683 3112 2737 ubi
3144 2683 3299 2753 jussa
3332 2695 3537 2755 queant

252 2782 520 2853 ράςεινῆ
556 2782 913 2853 μισθοῦσθαι,
954 2781 1083 2836 ἔνθα
1114 2782 1342 2836 δύναται
1387 2779 1457 2833 τὰ
1498 2774 1858 2832 κελευσθέντα

250 2876 631 2945 πληροῦσθαι.
683 2876 765 2929 Τὰ
824 2876 881 2930 δὲ
941 2877 1070 2947 περὶ
1120 2877 1219 2946 τῆς
1272 2874 1594 2943 διοικήσεως
1655 2868 1858 2940 ὁμοίως

250 2971 321 3038 τῇ
354 2967 715 3041 προλαόούσῃ
746 2968 1017 3022 διατυποῖ.

328 3060 507 3127 Λέγει
530 3059 585 3112 δὲ
605 3059 740 3130 βιὸλ.
774 3066 822 3111 α’
850 3059 959 3114 τῶν
974 3060 1235 3126 διγὲστων
1258 3059 1362 3112 τίτ.
1384 3067 1424 3111 ν’
1452 3060 1591 3130 βιὸλ.
1617 3066 1647 3112 ι’
1672 3060 1765 3112 καὶ
1786 3066 1854 3123 α’,

1958 2774 2203 2843 exsequi.
2246 2774 2691 2828 Procurationem
2726 2784 2909 2829 autem
2939 2776 3164 2845 perinde
3203 2784 3368 2848 atque
3401 2794 3538 2849 prm-

1960 2871 2127 2926 missa
2159 2878 2338 2924 const.
2367 2870 2627 2925 instituit.

2034 3057 2192 3127 109
2207 3056 2420 3111 Texlus.
2446 3056 2701 3111 Lib.vero
2725 3075 2762 3121 ι,
2779 3057 2970 3129 digest.
2989 3057 3168 3122 tit.50,
3190 3057 3284 3112 lib.
3307 3073 3366 3123 ιι,
3385 3056 3537 3122 dicit,

252 3148 342 3201 ὅτι
363 3148 438 3201 τὰ
456 3148 579 3217 ἱερὰ
597 3148 740 3201 θείου
760 3148 967 3202 δικαίου
986 3151 1109 3209 εἰσὶ,
1127 3149 1219 3202 καὶ
1241 3150 1331 3202 ὑπ’
1350 3150 1558 3213 οὐδενὸς
1574 3151 1860 3215 δεσπόζον-

1970 3164 2051 3203 res
2078 3162 2264 3202 sacras
2293 3148 2464 3202 divini
2491 3148 2653 3218 juris,
2680 3163 2741 3202 ac
2768 3148 2819 3201 in
2855 3149 3054 3203 nullius
3077 3149 3236 3203 bonis
3263 3164 3404 3202 esse.
3436 3146 3543 3203 lies

253 3254 373 3290 ται·
415 3237 564 3307 ἱερὸν
591 3237 649 3290 δὲ
679 3239 912 3310 πρᾶγμά
931 3240 1070 3302 ἐστι,
1101 3240 1163 3291 16
1186 3239 1481 3310 ἀνιερωθὲν
1503 3239 1756 3311 δημοσίᾳ.
1778 3241 1860 3292 Τὰ

257 3330 374 3400 γὰρ
404 3330 650 3383 ἰδιωτικὰ
665 3331 764 3384 οὐκ
787 3330 924 3384 εἰσὶν
952 3333 1092 3402 ίερὰ,
1115 3332 1248 3386 ἀλλὰ
1278 3332 1499 3404 βέϐηλα’
1531 3333 1579 3384 εἰ
1603 3331 1659 3383 δὲ
1686 3348 1858 3385 κατα-

262 3424 414 3493 πέσῃ
448 3422 511 3475 τὸ
537 3424 909 3494 οἰκοδόμημα,
946 3426 1096 3495 μένει
1141 3426 1170 3478 6
1199 3425 1362 3487 τόπος
1410 3425 1552 3495 ἰερδς
1574 3463 1590 3489 ,
1620 3424 1694 3487 ὡς
1722 3423 1862 3494 βι6λ.

259 3513 376 3583 δίγ.
402 3513 480 3580 ςὀ
520 3515 902 3584 καθιεροῦνται
941 3518 995 3570 δὲ
1025 3519 1118 3570 καὶ
1150 3520 1207 3571 ὲν
1230 3517 1416 3570 πόλεσι
1434 3516 1528 3569 καὶ
1545 3519 1602 3570 ἐν
1620 3514 1861 3587 χωρίοις.

263 3609 545 3680 Δημόσιος
561 3609 617 3662 δὲ
634 3610 795 3671 τόπος
815 3609 966 3680 παρᾶ
996 3609 1241 3662 κέλευσιν
1267 3607 1552 3678 βασιλέως,
1575 3609 1634 3660 ού
1654 3609 1864 3676 γίνεται

270 3703 425 3771 ἱερὸς
444 3744 457 3765 ,
490 3701 565 3764 ὡς
589 3701 832 3772 δὶγεστον
863 3698 911 3773 η’
939 3703 1032 3753 καὶ
1071 3700 1134 3753 θ’·
1178 3700 1531 3770 ἁδιατίμητον
1558 3699 1616 3752 δέ
1657 3700 1774 3751 ἐστι
1802 3698 1863 3751 16

270 3794 444 3863 ἱερὸν,
471 3793 547 3853 ὡς
571 3793 813 3861 δίγεστον
837 3799 888 3846 ι”
914 3790 1487 3846 καὶἸνστιτουτιώνων
1517 3790 1656 3861 βιόλ.
1685 3790 1789 3846 τίτ.
1816 3788 1864 3843 α’

270 3885 466 3954 φησιν,
507 3885 589 3937 ὅτι
625 3884 771 3954 ἱερόν
816 3886 964 3947 ἐστι,
991 3884 1052 3936 τὸ
1080 3882 1258 3954 ὀρθῶς
1300 3884 1397 3936 καὶ
1424 3883 1514 3935 διὰ
1538 3883 1631 3935 τοῦ
1672 3882 1863 3952 ἱερέως

269 3978 349 4047 τῷ
382 3977 508 4045 Θεῷ
532 3976 919 4048 ἀνιερωμένον·
949 3975 1026 4039 ὡς
1066 3977 1117 4029 οί
1153 3976 1274 4030 ναοὶ
1310 3975 1407 4029 καὶ
1434 3975 1501 4028 τὰ
1544 3974 1735 4043 σκεύηο
1768 3974 1865 4027 καὶ

272 4069 369 4122 τοῦ
403 4069 537 4123 ναοῦ
585 4069 1021 4134 καταπεσόντος,
1055 4068 1210 4138 μένει
1253 4068 1281 4120 ό
1325 4068 1489 4130 τόπος
1537 4067 1703 4137 ἱερός.
1750 4066 1864 4119 Ούκ

273 4161 395 4217 ἔστι
442 4162 502 4216 δὲ
542 4161 705 4233 ίερδν,
748 4163 886 4232 ὅπερ
926 4178 1010 4224 τις
1054 4163 1175 4214 κατ’
1208 4162 1416 4214 οἰκείαν
1455 4158 1741 4213 αύθεντίαν
1789 4158 1865 4222 ὡς

275 4257 429 4328 ἱερὸν
454 4257 693 4328 ποιήσει’
722 4254 815 4307 καί⁸
853 4255 957 4309 τίτ.
986 4255 1168 4321 ς’·’ὄτι
1211 4254 1273 4306 ού
1299 4252 1494 4307 κτᾶταί
1519 4270 1605 4315 τις
1633 4252 1705 4305 τὰ
1744 4252 1866 4322 ἱερὰ

275 4351 364 4404 διὰ
416 4350 519 4419 τῆς
561 4350 782 4422 χρονίας
818 4349 1008 4419 νομῆςο
1055 4348 1179 4403 οὔτε
1225 4348 1461 4419 ἰσχυρῶς
1488 4365 1571 4411 τις
1611 4348 1865 4418 ἐπερωτᾷ

278 4440 470 4493 λαϐεῖν
504 4442 670 4512 ἱερὸν,
706 4440 1173 4495 Ἰνστιτουτιώνων
1207 4441 1275 4510 ιγ’
1298 4442 1404 4494 τίτ.
1431 4440 1492 4493 ιε’
1505 4442 1599 4493 καὶ
1622 4439 1725 4493 τίτ.
1756 4444 1863 4505 κγ’⁶

1967 3251 2147 3293 autem
2190 3256 2342 3296 sacra
2370 3251 2471 3305 est,
2506 3257 2629 3310 qua:
2667 3241 2883 3310 publice
2918 3253 3235 3296 consecrata
3272 3251 3375 3295 est.
3404 3239 3539 3293 Nam

1964 3349 2085 3403 qua:
2136 3334 2416 3387 hominum
2470 3334 2803 3403 privatorum
2838 3343 2985 3400 sunt,
3042 3352 3150 3388 non
3199 3350 3358 3390 sacra
3390 3343 3538 3398 sunt,

1964 3425 2055 3479 sed
2087 3425 2337 3494 profana.
2369 3425 2426 3479 Si
2461 3442 2590 3479 vero
2622 3426 2909 3481 aedilicium
2934 3425 3201 3499 [sacrum]
3238 3427 3540 3496 collapsum

1966 3516 2151 3581 fuerit,
2186 3518 2339 3573 locus
2365 3534 2520 3573 sacer
2546 3530 2749 3584 manet,
2784 3529 2844 3573 ut
2872 3520 3082 3590 digesto
3116 3520 3171 3574 6.
3196 3519 3539 3574 Consecran-

1966 3617 2053 3662 tur
2096 3624 2226 3664 vero
2272 3608 2439 3683 [loca]
2472 3618 2525 3664 et
2579 3610 2896 3666 civitatibus
2957 3618 3013 3664 et
3046 3610 3100 3664 in
3152 3611 3321 3679 agris.
3364 3610 3544 3665 Locus

1963 3701 2214 3768 publicus
2246 3702 2383 3755 citra
2432 3702 2649 3769 jussum
2703 3701 2964 3772 principis
3012 3717 3119 3756 non
3170 3702 3228 3755 tit
3274 3717 3451 3766 sacer,
3483 3713 3543 3757 ut

1964 3796 2173 3865 digesto
2203 3796 2256 3862 8,
2287 3804 2339 3850 et
2358 3798 2410 3851 9.
2439 3796 2546 3850 Res
2573 3812 2728 3850 sacra
2757 3811 2861 3849 non
2885 3796 3076 3866 recipit
3100 3794 3540 3861 aestimationem,

1965 3897 2025 3943 ut
2062 3889 2272 3957 digesto
2305 3889 2391 3944 lt).
2428 3888 2487 3941 Et
2525 3887 2670 3961 [liln]
2706 3886 2880 3944 lnstit.
2914 3905 2974 3955 ιι,
3008 3890 3092 3943 tit.
3126 3890 3151 3943 1
3190 3887 3408 3944 :Sacra:
3437 3889 3545 3959 (in-

1964 3980 2105 4051 quit)
2131 3997 2218 4036 res
2247 3990 2395 4046 sunt,
2443 3997 2564 4050 qua:
2617 3981 2716 4035 rite
2765 3996 2859 4049 per
2893 3981 3176 4050 pontifices
3211 3981 3317 4035 Deo
3351 3995 3545 4036 conse-

1965 4076 2129 4121 crata:
2160 4077 2289 4122 sunt
2319 4087 2331 4123 :
2366 4068 2529 4123 veluti
2564 4069 2705 4123 azdes
2733 4083 2925 4133 sacrte,
2956 4079 3009 4124 et
3052 4087 3200 4124 vasa.
3237 4070 3300 4125 Et
3336 4062 3545 4125 milibus

1966 4159 2137 4215 sueris
2175 4160 2397 4226 dirutis,
2435 4170 2617 4215 manet
2656 4162 2808 4215 locus
2858 4177 3034 4217 sacer.
3066 4161 3183 4217 Non
3230 4173 3312 4219 est
3362 4174 3543 4218 autem

1967 4267 2206 4315 sacrum,
2239 4253 2381 4323 quod
2402 4253 2672 4323 quispiam
2693 4270 2787 4309 sua
2807 4255 3129 4311 auctoritate
3154 4257 3307 4325 quasi
3326 4273 3542 4311 sacrum

1970 4343 2344 4396 constituerit.
2381 4343 2443 4397 Et
2482 4344 2566 4397 tit.
2598 4343 2650 4406 9,
2696 4346 2969 4398 neminem
3011 4346 3378 4415 possessionis
3434 4346 3549 4413 sui}

1971 4430 2143 4498 fragio
2183 4448 2269 4488 res
2309 4448 2497 4490 sacras
2533 4451 2856 4505 usucapere.
2903 4434 3073 4490 Nemo
3108 4436 3309 4490 utiliter
3340 4453 3426 4491 res
3457 4456 3544 4491 sa-

280 4537 363 4589 ὅτι
398 4534 572 4597 οὐδεὶς
596 4536 652 4587 ὲν
680 4535 879 4606 εἱδήσει
909 4533 1170 4603 ἀγοράζει
1213 4534 1377 4606 ἱερόν⁹
1407 4533 1533 4586 εἰδὲ
1561 4531 1864 4603 ἀπατηθεὶς

1976 4541 2096 4579 cras
2125 4527 2437 4595 stipulatur,
2468 4537 2525 4581 ut
2556 4528 2733 4583 Instit.
2765 4531 2817 4593 5,
2853 4529 2936 4583 tit.
2969 4530 3054 4583 19.
3086 4529 3151 4583 Ει
3186 4530 3267 4584 tit.
3292 4529 3364 4584 25
3395 4547 3408 4583 :
3440 4529 3549 4583 Ne-

279 4629 559 4699 ἡγόρασεν
584 4628 658 4691 ὡς
686 4628 970 4692 ἰδιωτικὸν,
1002 4629 1144 4680 κινεῖ
1169 4628 1263 4679 ἐπὶ
1296 4628 1373 4696 τῷ
1410 4627 1742 4697 διαφέροντι’
1773 4625 1869 4678 καὶ

297 4719 853 4784 Ἰνστιτουτιώνωνῖιδ
869 4722 973 4775 τίτ.
1003 4727 1086 4786 ιε’,
1123 4722 1205 4774 ὅτι
1237 4720 1590 4773 ὲπιϐλέπουσι
1632 4721 1699 4773 τὰ
1744 4719 1865 4791 ἱερὰ

287 4814 382 4865 καὶ
412 4810 929 4883 παρασκευάζουσιν
956 4811 1095 4864 αὐτὰ
1138 4808 1568 4881 φιλοκαλεῖσθαι.
1602 4808 1755 4865 Βιὸλ.
1803 4808 1868 4878 β’,

286 4903 394 4956 τίτ.
424 4902 506 4966 ιδ’,
526 4901 667 4971 βιόλ.
701 4908 800 4967 ις’,
832 4902 894 4968 ξ’·
926 4903 988 4955 ού
1021 4903 1201 4965 καλῶς
1224 4920 1309 4965 τις
1335 4902 1599 4955 πακτεύει
1639 4903 1712 4974 μὴ
1738 4904 1873 4957 καθ-

291 4994 471 5065 ιεροῦν
500 4994 589 5046 τὸν
618 4995 748 5047 ἴδιον
772 4996 954 5048 τόπον·
986 4994 1126 5065 βιῦλ.
1158 5000 1232 5059 ς’,
1266 4995 1370 5048 τίτ.
1404 5001 1473 5059 α’,
1495 4995 1739 5063 δίγεστον
1764 5000 1869 5063 κγ’·

287 5089 355 5140 τὰ
387 5088 510 5159 ἱερὰ
547 5086 622 5149 ὡς
650 5088 893 5157 ἡμέτερα
918 5087 1158 5141 ἐκδικεῖν
1195 5088 1255 5139 οὑ
1295 5087 1592 5158 δυνάμεθα·
1628 5088 1769 5159 βιόλ.
1799 5095 1870 5159 η’,

290 5182 395 5235 τίτ.
414 5188 488 5247 α’,
521 5181 662 5251 βιϐλ.
690 5186 785 5245 ις’,
808 5182 886 5234 ιδ’·
911 5181 1056 5253 ἱεροῦ
1076 5180 1242 5234 τόπου
1270 5180 1751 5252 παρεντιθεμένου,
1778 5184 1873 5236 καὶ

294 5276 326 5343 ὴ
370 5273 439 5325 δι’
474 5271 641 5326 αὐτοῦ
671 5275 903 5343 πάροδος
939 5275 1019 5336 εἰς
1049 5275 1316 5327 ἰδιωτικὸν
1361 5273 1733 5344 ὲμποδίζεται·
1758 5275 1875 5329 δου-

294 5364 415 5417 λεία
441 5365 551 5434 γὰρ
573 5366 635 5418 οὐ
669 5365 980 5419 συνίσταται
1005 5365 1092 5419 διὰ
1114 5364 1209 5419 τοῦ
1235 5365 1473 5418 τοιούτου
1503 5367 1691 5419 τόπου’
1731 5367 1870 5438 βιϐλ.

300 5467 392 5523 ια’,
412 5458 517 5512 τίτ.
536 5457 600 5524 ζ’,
618 5458 757 5529 βιϐλ,
782 5459 878 5525 ις’,
895 5460 1003 5524 λς’·
1018 5460 1088 5512 τὰ
1109 5460 1229 5530 ἱερὰ
1251 5460 1511 5530 γινόμενα
1526 5460 1630 5512 ὑπὸ
1649 5462 1774 5524 τοὺς
1786 5478 1876 5514 πο-

300 5549 543 5621 λεμίους,
572 5550 833 5605 παύονται
860 5550 1159 5623 εἷναιξίερά·
1197 5551 1384 5624 ὥσπερ
1415 5554 1646 5622 όξὲλεύθε
1658 5571 1745 5624 ρος
1767 5554 1877 5606 δουο

300 5642 511 5706 λωθείς·
536 5642 874 5697 ἀπολυθέντα
900 5645 956 5698 δὲ
980 5646 1404 5715 τῆςῖσυμφορᾶς,
1433 5644 1876 5715 ἀναλαμϐάνουσι

304 5737 398 5805 τὴν
430 5735 701 5809 προτέραν
727 5737 1077 5790 κατάστασινο
1103 5738 1195 5789 καὶ
1213 5737 1353 5806 βιὸλ.
1380 5735 1466 5803 ιζ’,
1499 5736 1603 5790 τίτ.
1637 5736 1703 5808 β’,
1731 5737 1873 5807 βιδλ.

309 5834 403 5893 ις’,
424 5830 525 5898 ξγ”
546 5833 628 5885 ὅτι
653 5832 747 5885 ἐὰν
771 5831 1038 5903 ἀνιερωθῇ
1062 5832 1123 5884 16
1146 5832 1321 5884 κοινὸν
1352 5833 1605 5901 πρᾶγμα,
1630 5830 1816 5885 λύεται
1844 5833 1876 5901 ἡ

310 5924 391 5975 ἐπ’
418 5923 566 5995 αὐτῷ
594 5924 861 5979 κοινωνία.
892 5924 1039 5994 Βιβλ.
1070 5930 1158 5994 ιη’,
1183 5914 1373 5989 una,
1400 5924 1540 5993 βιὸλ.
1568 5921 1663 5992 ις’,
1717 5922 1776 5990 ε’,
1800 5922 1869 5988 ς’.

1983 4632 2073 4669 ιιιο
2099 4616 2280 4671 sciens
2316 4616 2509 4690 [recte]
2542 4619 2670 4673 emit
2701 4636 2811 4674 rem
2849 4636 3084 4675 sacram.
3116 4619 3174 4676 Si
3219 4636 3350 4676 vero
3388 4621 3549 4675 dece-

1979 4718 2102 4777 ptus
2135 4709 2266 4763 emit
2295 4710 2449 4778 quasi
2480 4712 2769 4780 privatam,
2815 4714 2923 4783 agit
2955 4712 3021 4766 ad
3049 4713 3099 4767 id
3122 4714 3267 4782 quod
3299 4714 3547 4769 interest.

1975 4800 2041 4852 Et
2070 4799 2200 4854 Inst.
2232 4816 2303 4863 ιν,
2332 4802 2415 4855 tit.
2448 4802 2535 4869 15,
2570 4804 2621 4856 in
2656 4802 2828 4875 [loco]
2871 4818 3030 4858 sacro
3063 4803 3334 4858 ardiﬁcare
3362 4803 3552 4873 prohi-

1977 4892 2188 4946 bemur.
2242 4892 2359 4948 Lib.
2398 4893 2558 4968 [dig]
2599 4912 2635 4961 l,
2687 4897 2768 4950 tit.
2812 4897 2911 4960 l6,
2945 4896 3052 4966 dig.
3092 4896 3166 4951 7:
3200 4894 3550 4966 Magistratus

1975 4984 2119 5038 aedes
2147 4999 2333 5041 sacras
2359 4987 2678 5058 inspiciunt,
2704 5005 2767 5045 ac
2800 4992 3077 5044 ornandas
3094 4996 3308 5043 curant.
3338 4985 3457 5041 Lib.
3487 5002 3547 5053 ιι,

1978 5080 2058 5132 tit.
2094 5077 2183 5148 M,
2234 5079 2431 5152 digest.
2474 5078 2562 5135 60.
2596 5078 2715 5135 Non
2759 5090 2905 5136 recte
2942 5080 3067 5149 quis
3109 5078 3431 5148 paciscitur,
3484 5091 3555 5129 ne

1977 5177 2155 5231 locum
2187 5190 2347 5235 suum
2366 5175 2600 5230 dedicet.
2630 5173 2749 5228 Lib.
2775 5190 2850 5240 vn,
2888 5175 2971 5227 tit.
3005 5172 3075 5225 23
3106 5188 3119 5225 :
3148 5169 3341 5242 [Loca]
3372 5183 3550 5233 sacra,

1976 5269 2133 5339 quasi
2165 5271 2374 5332 nostra,
2411 5267 2464 5321 in
2496 5282 2609 5321 rem
2636 5268 2853 5322 actione
2878 5275 3059 5336 petere
3090 5280 3198 5319 non
3222 5279 3545 5334 possumus.

1976 5362 2096 5418 Lib.
2130 5377 2245 5427 vnt,
2282 5360 2365 5415 tit.
2398 5356 2448 5427 1,
2483 5360 2592 5430 dig.
2627 5360 2695 5413 14
2728 5377 2740 5412 :
2776 5358 2945 5413 Sacro
2969 5358 3093 5412 loco
3134 5356 3553 5417 interveniente,

1979 5457 2081 5510 iter
2119 5472 2215 5526 per
2238 5456 2416 5525 ipsum
2451 5454 2502 5507 in
2532 5454 2799 5524 privatum
2832 5450 3063 5524 [locum]
3086 5450 3399 5521 impeditur.
3430 5447 3559 5502 Ser-

1978 5549 2124 5602 \‘itus
2140 5546 2285 5600 enim
2306 5561 2400 5615 per
2418 5542 2725 5600 istiusmodi
2746 5543 2923 5595 locum
2943 5556 3046 5594 non
3066 5539 3338 5595 consistit.
3360 5539 3479 5593 Lib.
3500 5552 3555 5591 ιι

1979 5641 2121 5704 tit.7,
2141 5639 2356 5701 lib.xvr,
2378 5637 2572 5705 digest.
2592 5633 2659 5690 36
2675 5652 2687 5666 ·
2708 5633 2851 5689 Loca
2876 5648 3029 5688 sacra
3045 5634 3114 5687 ab
3129 5632 3380 5687 hostibus
3399 5638 3554 5698 capta

1979 5734 2235 5787 desinunt
2254 5746 2376 5787 esse
2403 5745 2583 5794 sacra,
2613 5728 2752 5784 sicut
2773 5724 2986 5800 [homo]
3008 5727 3143 5781 liber
3160 5725 3213 5775 in
3235 5719 3551 5776 servitutem

1981 5832 2306 5894 pertractus.
2343 5820 2594 5894 Ab[bac]
2630 5820 2938 5875 calamitate
2982 5819 3207 5873 liberata
3258 5807 3549 5873 pristinum

1983 5928 2183 5974 statum
2236 5918 2527 5987 recipiunt.
2555 5914 2676 5971 Lib.
2708 5928 2840 5978 xvn,
2877 5911 2959 5967 tit.
2994 5914 3027 5967 2
3091 5907 3183 5963 lib.
3214 5919 3326 5967 ιινι,
3349 5902 3545 5973 digest.
