3994 6470
504 419 611 483 567

1663 435 1929 497 PHOTII
1960 438 2464 501 PATRIARCIIE
2493 445 2605 507 (ΥΡ.

2906 330 2943 355 ο

3651 457 3748 519 568

501 536 588 592 6'5.
626 535 683 591 Si
727 552 813 594 res
841 542 1150 598 communis
1191 554 1509 600 consecrata
1548 545 1709 603 fuerit
1735 589 1751 615 ,
1787 550 1840 605 in
1881 550 1968 605 illa
1993 568 2069 607 so

2185 546 2300 623 ξβ”·
2334 556 2428 609 τοῦ
2478 557 2628 629 ἱεροῦ
2655 558 2981 629 πράγματος
3014 563 3283 635 ἀγορασία
3304 564 3634 630 συνίσταται,
3660 570 3750 621 ἐὰν

499 630 669 685 cictas
694 632 941 688 solvitur.
977 635 1097 691 Lib.
1136 652 1287 701 xvm,
1318 639 1401 691 tit.
1443 639 1497 702 l,
1526 639 1716 711 digest.
1754 643 1806 707 5,
1836 643 1889 708 6,
1918 646 2077 715 110

500 722 570 777 6‘2
607 742 619 775 :
655 723 834 780 Sacra:
878 728 955 781 rei
995 730 1196 798 emptio
1242 731 1524 797 consistit,
1575 734 1621 788 si
1671 734 1817 789 illam
1862 754 2073 793 sacram

498 830 621 869 esse
646 826 857 886 emptor
880 818 1091 888 ignoret
1124 840 1135 873 :
1166 822 1435 891 habetque
1457 824 1718 880 adversus
1739 827 2072 884 venditorem

502 904 823 979 [actionem]
868 912 1054 978 quanti
1093 912 1212 978 ejus
1245 912 1506 975 interfuit,
1533 931 1599 969 ne
1642 914 1727 986 [ea
1764 917 1869 988 res]
1902 919 2075 972 vindi-

498 1008 736 1053 caretur.
759 1001 815 1053 Si
842 1016 969 1055 vero
994 1003 1377 1072 sciatemptor,
1403 1020 1509 1058 non
1532 1008 1783 1062 consistit
1808 1010 2071 1062 venditio.

500 1089 566 1144 Et
609 1091 803 1161 digest.
858 1092 925 1147 75
958 1134 972 1158 ,
1028 1094 1271 1163 ejusdem
1309 1096 1371 1150 tit
1423 1114 1435 1150 :
1487 1096 1625 1152 Ede
1667 1114 1821 1153 sacra
1868 1098 2072 1165 diruta,

497 1182 653 1240 locus
708 1200 815 1239 non
859 1186 918 1239 lit
973 1202 1170 1242 sacer:
1227 1188 1370 1243 unde
1417 1204 1593 1259 neque
1646 1190 1842 1246 vamire
1872 1200 2070 1261 potest.

573 1368 792 1426 Textus.
844 1371 910 1426 Et
956 1373 1048 1430 lib.
1070 1373 1162 1440 24,
1186 1375 1268 1429 ιίι.
1296 1374 1596 1442 l,dist.16,
1627 1375 1682 1430 5.
1726 1374 1891 1431 Recte
1927 1376 2072 1431 dono

502 1465 660 1518 uxori
699 1478 834 1519 mea:
866 1464 1072 1533 locum,
1111 1477 1170 1520 ut
1205 1467 1256 1519 in
1287 1465 1405 1536 ipso
1433 1466 1603 1521 aedem
1644 1481 1853 1521 sacram
1886 1466 2068 1533 faciat,

499 1564 665 1623 atque
695 1556 849 1611 locus
882 1558 939 1611 lit
969 1572 1145 1613 sacer.
1177 1558 1299 1613 Lib.
1324 1573 1492 1622 xxvii,
1518 1559 1599 1612 tit.
1621 1558 1708 1626 l0,
1734 1558 1935 1629 digest.
1962 1559 2067 1613 12:

496 1645 712 1701 Furiosi
762 1655 984 1703 curator
1046 1663 1159 1703 rem
1212 1648 1342 1719 ejus
1402 1648 1656 1704 dedicare
1714 1664 1822 1703 non
1870 1656 2067 1719 potest.

497 1734 618 1791 Lib.
656 1739 747 1804 ὅθ,
783 1739 978 1809 digest.
1012 1739 1080 1794 39
1114 1740 1258 1806 :Qui
1302 1756 1414 1794 rem
1449 1756 1659 1795 sacram
1694 1741 1858 1811 legat,
1889 1740 2069 1796 furere

495 1829 748 1886 videtur:
781 1846 957 1900 neque
982 1831 1246 1887 aestimato
1277 1831 1438 1904 [ejus]
1462 1842 1778 1902 praestatur;
1806 1834 2063 1903 quoniam

498 1922 648 1977 nullo
678 1938 905 1993 prorsus
951 1924 1113 1978 modo
1161 1924 1505 1980 distrahitur.
1546 1924 1666 1980 Lib.
1707 1941 1857 1989 xxxx,
1885 1926 1970 1980 tit.
2010 1927 2063 1993 l;

495 2016 694 2085 digest.
740 2016 764 2071 l
812 2034 825 2069 :
860 2015 995 2089 Novi
1025 2018 1204 2087 operis
1251 2018 1518 2072 nuntiatio
1554 2018 1730 2073 locum
1779 2019 1966 2086 habet,
2002 2036 2070 2075 ne

497 2116 690 2160 contra
724 2106 869 2178 leges
897 2109 950 2162 in
987 2123 1142 2163 sacro
1182 2108 1301 2162 loco
1328 2124 1465 2177 opus
1495 2108 1607 2162 ﬁat.
1648 2108 1752 2163 Tit.
1786 2109 1840 2175 '5,
1871 2109 2064 2180 digest.

496 2199 563 2253 17
589 2216 604 2253 :
639 2198 810 2256 Sacro
865 2201 983 2257 loco
1019 2202 1411 2257 interveniente
1440 2203 1674 2257 servitus
1702 2202 1856 2275 [non]
1882 2205 2067 2259 consi-

492 2291 610 2348 stit.
653 2291 770 2348 Lib.
801 2310 910 2360 xu,
946 2295 1030 2349 tit.
1060 2294 1116 2361 Ξ,
1161 2295 1357 2366 digest.
1399 2296 1460 2351 '5l
1502 2314 1516 2352 :
1553 2295 1865 2354 Desinimus
1892 2299 2069 2369 possi-

494 2384 623 2440 dere
650 2385 856 2451 locum,
882 2386 975 2440 ubi
1006 2387 1095 2442 ille
1123 2402 1284 2442 sacer
1328 2385 1507 2443 factus
1539 2397 1624 2443 est
1656 2406 1670 2443 :
1703 2390 1918 2444 tametsi
1957 2405 2067 2444 non

491 2483 553 2530 ut
598 2477 779 2541 talem,
813 2477 907 2532 sed
937 2485 996 2531 ut
1043 2478 1316 2549 privatum
1356 2494 1482 2535 eum
1531 2479 1818 2545 habemus,
1848 2478 1957 2535 Tit.
2007 2480 2064 2544 3,

491 2568 686 2637 digest.
748 2570 825 2624 9:
858 2568 964 2623 Res
996 2584 1184 2626 sacras
1232 2584 1338 2625 non
1395 2570 1735 2641 acquirimus
1780 2586 1875 2640 per
1921 2572 2066 2643 longi

495 2660 757 2729 temporis
800 2660 1230 2729 possessionem.
1260 2659 1378 2715 Lib.
1411 2675 1567 2727 xuu,
1603 2662 1687 2715 tit.
1719 2663 1743 2715 l
1770 2660 1878 2716 et2
1904 2681 1919 2719 :
1946 2662 2066 2718 Non

492 2752 655 2808 debet
677 2751 883 2821 aliquid
914 2752 1027 2805 lieri
1057 2751 1110 2804 in
1140 2766 1300 2807 sacro
1327 2751 1469 2814 loco,
1496 2752 1711 2821 etquod
1735 2751 1936 2808 factum
1962 2764 2065 2819 est,

492 2846 815 2901 restituitur.
857 2842 965 2897 Tit.
1000 2843 1033 2897 6
1069 2843 1316 2913 ejusdem
1356 2843 1451 2898 lib.
1488 2843 1693 2914 Digest.
1722 2861 1760 2900 ι.
1789 2844 1908 2900 Νοιι
1944 2847 2069 2901 licet

494 2938 699 3009 aliquid
726 2937 907 2991 facere
932 2936 985 2990 in
1020 2936 1138 2990 loco
1169 2950 1350 3001 sacro,
1384 2936 1438 2990 in
1479 2952 1605 2990 eum
1635 2936 1719 2991 vel
1755 2938 2064 3005 immittere,

492 3033 638 3105 quod
673 3028 1078 3087 deformitatem
1106 3030 1206 3095 illi,
1231 3040 1286 3084 et
1314 3046 1421 3084 nou
1441 3039 1820 3084 ornamentum
1856 3030 2066 3087 afferat.

492 3126 609 3181 Hoc
630 3135 812 3179 autem
845 3124 908 3177 ad
935 3123 1143 3193 privata
1163 3137 1317 3176 sacra
1335 3136 1443 3176 non
1478 3122 1729 3191 pertinet.
1748 3123 1913 3178 Plane
1937 3140 2065 3178 cura

2176 646 2342 717 ἀγνοῇ
2379 648 2406 698 6
2438 650 2751 719 ἀγοραστὴς
2797 652 2940 720 ἱερὸν
2975 654 3105 706 αὐτὸ
3132 652 3293 721 εἶναι,
3344 657 3439 708 καὶ
3473 657 3583 727 ἔχει
3618 660 3754 710 κατὰ

2174 744 2269 795 τοῦ
2302 744 2532 814 πράτου,
2566 748 2649 809 εἰς
2681 748 2817 816 ὅπερ
2856 748 3004 818 αὐτῷ
3031 750 3245 821 διέφερε
3275 752 3349 822 μὴ
3382 751 3749 822 ἀπατηθῆναι*

2175 834 2225 885 εἰ
2255 833 2312 885 δὲ
2333 834 2595 905 γινώσκει,
2621 837 2649 888 6
2674 839 3002 908 ἀγοραστὴς,
3034 842 3094 893 οὐ
3119 842 3434 896 συνίσταται
3465 844 3498 912 ἡ
3532 845 3751 913 πράσις.

2176 924 2326 980 Βισλ.
2378 928 2444 991 ζ’,
2480 934 2581 995 ογ’,
2636 928 2728 980 τοῦ
2759 930 2923 982 αὐτοῦ
2956 931 3062 986 τίτ.
3083 931 3177 984 τοῦ
3233 932 3380 1002 ἱεροῦ
3435 939 3692 996 πεσόντος
3729 938 3755 987 6

2174 1016 2334 1080 τόπος
2362 1018 2423 1070 οὐ
2463 1020 2675 1086 γίνεται
2712 1019 2957 1089 βέϐηλος·
2987 1022 3108 1075 ὅθεν
3137 1023 3256 1076 οὐδέ
3282 1024 3565 1077 πωλεῖται.
3606 1024 3751 1077 Βιδλ.

2173 1106 2272 1174 κδ’,
2312 1108 2416 1162 τίτ.
2441 1116 2489 1164 α’
2525 1111 2773 1179 δίγεσιτον
2808 1118 2904 1177 ις’,
2930 1118 2991 1165 ε’·
3024 1113 3207 1177 καλῶς
3238 1112 3517 1185 δωροῦμαι
3553 1116 3622 1184 τῇ
3656 1132 3752 1180 γα-

2176 1204 2313 1271 μετῇ
2350 1219 2451 1272 μου
2484 1203 2648 1257 τόπον
2680 1205 2767 1273 ἐφ’
2789 1197 2833 1271 ᾧ
2863 1205 3086 1276 ποιῆσαι
3116 1207 3240 1260 ναὸν
3270 1207 3327 1259 ἐν
3348 1206 3519 1277 αὐτῷ,
3550 1209 3647 1260 καὶ
3677 1209 3757 1274 γίο

2170 1309 2321 1347 νεται
2356 1294 2384 1346 6
2429 1295 2595 1358 τόπος
2638 1297 2804 1366 ἱερός.
3052 1292 3057 1296 ’

2243 1381 2394 1437 Βι6λ.
2440 1384 2555 1449 κζ’,
2600 1386 2704 1440 τίτ.
2773 1384 2843 1451 ι’,
2876 1386 2983 1455 δίγ.
3037 1387 3142 1457 ιβ’·
3187 1389 3216 1440 ὁ
3274 1388 3369 1441 τοῦ
3428 1390 3755 1458 μαινομένου

2171 1476 2457 1549 κουράτωρ
2473 1478 2532 1530 οὐ
2564 1477 2789 1531 δύναται
2818 1481 3050 1550 πρᾶγμα
3080 1481 3241 1535 αὐτοῦ
3272 1482 3581 1551 καθιεροῦν·
3616 1482 3752 1551 eum.

2175 1567 2241 1631 λ’,
2272 1567 2379 1635 δίγ.
2440 1568 2539 1621 λθ¹⁶
2571 1572 2599 1623 6
2657 1570 2802 1640 ἱερὸν
2858 1571 3192 1639 ληγατεύων,
3244 1574 3532 1643 μαίνεσθαι
3579 1573 3755 1639 δοκεῖ,

2170 1659 2266 1712 καὶ
2314 1659 2439 1713 οὔτε
2492 1662 2555 1714 τὸ
2612 1661 2833 1732 τίμημα
2902 1663 3131 1729 δίδοται,
3180 1664 3365 1735 ἐπειδὴ
3426 1665 3550 1717 οὐδὲ
3622 1666 3757 1728 ὅλως

2169 1751 2454 1805 πωλεῖται.
2511 1752 2784 1817 Βιόλ.λθ’,
2847 1754 2957 1808 τίτ.
2998 1761 3067 1820 α’,
3100 1754 3206 1824 δίγ.
3268 1757 3411 1825 α’·ἡ
3472 1756 3606 1827 περὶ
3657 1758 3756 1825 τῆς

2169 1844 2515 1912 καινοτομίας
2549 1846 2929 1915 παραγγελία,
2972 1846 3155 1917 χώραν
3194 1847 3345 1917 ἔχει,
3383 1848 3470 1901 ἵνα
3537 1850 3616 1919 μὴ
3666 1848 3756 1918 γέ-

2178 1954 2341 2006 νηται
2384 1936 2536 2007 παρὰ
2583 1939 2676 1990 τὸν
2731 1939 2895 2007 νόμον
2941 1939 3102 2008 ἔργον
3155 1942 3214 1993 ἐν
3254 1939 3385 2011 ἱερῷ
3431 1941 3609 2009 τόπῳ·
3648 1943 3750 1994 τξτ.

2168 2034 2239 2097 γ’,
2262 2028 2402 2097 βιόλ.
2423 2027 2521 2092 ις’,
2552 2028 2637 2093 ιζ’·
2672 2029 2815 2099 ἱεροῦ
2843 2028 3009 2082 τόπου
3032 2031 3513 2101 παρεντιθεμένου,
3541 2031 3756 2084 δουλεία

2168 2120 2230 2173 οὐ
2292 2120 2634 2175 συνίσταται.
2691 2121 2842 2175 Βιόλ.
2896 2128 3007 2191 μα’,
3057 2122 3164 2175 τίτ.
3211 2123 3277 2192 β’,
3336 2123 3478 2193 βιὸλ.
3508 2131 3609 2188 ις’,
3653 2124 3752 2177 λα’·

2170 2212 2458 2282 παυόμεθα
2495 2212 2758 2283 νέμεσθαι
2802 2215 2985 2278 τόπον,
3036 2215 3322 2284 γινομένου
3368 2215 3537 2269 αὑτοῦ
3585 2216 3752 2286 ἱεροῦ,

2169 2304 2273 2358 κᾶν
2304 2303 2379 2375 μὴ
2406 2303 2483 2368 ὡς
2508 2304 2749 2358 τοιοῦτον
2775 2305 2890 2357 ἀλλ’
2916 2305 2991 2368 ὡς
3024 2306 3291 2360 ἰδιωτικὸν
3323 2308 3485 2361 αὑτὸν
3516 2308 3750 2379 ἔχωμεν·

2167 2398 2273 2451 τίτ.
2311 2404 2383 2465 γ’,
2415 2396 2557 2467 βιὸλ.
2601 2395 2697 2462 ις’,
2733 2394 2800 2449 θ’·
2848 2398 2919 2450 τὰ
2944 2398 3071 2469 ἱερὰ
3120 2398 3181 2449 οὐ
3224 2397 3485 2467 κτώμεθα
3536 2400 3631 2453 διὰ
3657 2400 3754 2467 τῆς

2167 2490 2386 2561 χρονίας
2404 2490 2595 2560 νομῆς.
2614 2489 2763 2543 Βιὸλ.
2786 2488 2896 2559 pf,
2912 2488 3015 2545 τίτ.
3040 2496 3110 2555 α’,
3137 2490 3383 2560 βιδλ.ις¹,
3403 2498 3474 2556 α’,
3498 2492 3567 2562 β’·
3596 2492 3661 2546 οὐ
3680 2494 3755 2545 δεῖ

2167 2579 2411 2650 γίνεσθαί
2437 2597 2491 2633 τι
2517 2580 2658 2634 κατὰ
2686 2578 2833 2650 ἱεροῦ
2863 2579 3050 2641 τόπου,
3076 2581 3169 2633 καὶ
3193 2580 3484 2650 γενόμενον
3508 2583 3751 2636 ἀποκαθ-

2171 2674 2403 2727 ίσταται·
2440 2671 2544 2727 τίτ,
2578 2670 2635 2733 ς’
2661 2670 2755 2724 τοῦ
2788 2669 2951 2725 αὐτοῦ
2980 2669 3184 2740 βιϐλίου
3205 2710 3219 2734 ,
3249 2670 3389 2739 βιδλ.
3424 2670 3520 2735 ις’,
3555 2678 3631 2725 α’·
3658 2674 3753 2725 οὐκ

2168 2768 2344 2835 ἔξεστί
2377 2784 2430 2820 τι
2453 2765 2680 2836 ποιείνῆ
2717 2765 3010 2837 ἐμϐάλλειν
3044 2763 3173 2833 ιερῷ
3205 2764 3375 2834 τόπῳ,
3403 2765 3541 2834 ὅπερ
3583 2767 3753 2835 ἀμορο

2169 2854 2297 2922 φίαν
2336 2857 2432 2908 καὶ
2478 2856 2537 2909 οὑ
2570 2856 2774 2925 κόσμον
2808 2854 2956 2924 αὐτῷ
2987 2855 3164 2923 φέρει·
3208 2853 3367 2907 τοῦτο
3411 2855 3469 2907 δὲ
3512 2858 3656 2925 πρὸς
3689 2856 3756 2909 τὰ

2169 2948 2290 3019 ἱερὰ
2317 2948 2417 3000 οὐκ
2447 2949 2639 3019 ἀνήκει
2667 2947 2736 2999 τὰ
2768 2947 3032 3000 ἰδιωτικὰ·
3062 2949 3095 3015 ἡ
3119 2948 3174 3000 δὲ
3203 2946 3419 3017 φυλακὴ
3451 2946 3563 3000 τῶν
3600 2949 3757 3017 ἱερῶν

2165 3042 2278 3103 τοῖς
2314 3040 2651 3109 προεστῶσιν
2699 3039 2877 3091 αὐτῶν
2911 3040 3327 3111 ἐπιτέτραπται·
3353 3039 3460 3093 τίτ.
3495 3047 3571 3110 η’,
3612 3041 3749 3109 βιὸλ,

2172 3139 2267 3198 ις’,
2301 3132 2367 3202 β’·
2408 3134 2508 3185 οὐκ
2554 3132 2732 3198 ἔξεστι
2782 3132 2923 3185 κατὰ
2960 3132 3124 3185 τόπου
3173 3131 3318 3203 ἱεροῦ
3341 3132 3574 3198 κτίζειν,
3625 3134 3753 3187 ἀλλά

492 3232 775 3272 sacrorum
800 3217 1042 3270 locorum
1073 3214 1327 3267 mandata
1348 3222 1432 3268 est
1454 3214 1537 3267 bis
1567 3215 1659 3282 qui
1684 3214 1789 3269 illis
1805 3225 2065 3284 praesunt.

2176 3226 2267 3275 καὶ
2315 3220 2375 3273 τὸ
2405 3221 2621 3274 κτισθὲν
2648 3221 2995 3275 καταλύεται.
3028 3220 3180 3275 Βι6λ.
3224 3221 3326 3290 μδ’,
3346 3222 3453 3275 τίτ.
3498 3228 3552 3286 ς’
3576 3263 3595 3287 ,
3615 3223 3746 3293 βιϐλ.

490 3310 602 3365 Tit.
634 3311 691 3374 8,
724 3308 916 3378 digest.
948 3306 983 3360 2
1005 3325 1017 3360 :
1043 3304 1159 3361 Non
1186 3307 1310 3361 licet
1340 3305 1393 3359 in
1422 3306 1543 3360 loco
1572 3321 1729 3359 sacro
1748 3306 2016 3361 aediﬁcare
2047 3327 2061 3362 :

492 3404 588 3460 sed
635 3411 687 3458 et
743 3400 889 3471 quod
930 3398 1251 3455 aediﬁcatum
1302 3406 1405 3464 est,
1456 3399 1710 3453 diruitur.
1743 3398 1861 3455 Lib.
1902 3416 2064 3466 κων,

494 3496 581 3549 tit.
615 3493 670 3561 6,
718 3493 912 3564 digest.
945 3493 978 3546 5
1008 3509 1022 3545 :
1058 3489 1176 3543 Non
1210 3490 1337 3544 licet
1366 3506 1480 3545 rem
1513 3488 1801 3560 litigiosam
1838 3492 1944 3547 lieo
1975 3493 2069 3547 de-

493 3588 676 3642 dicare
707 3603 721 3640 :
752 3595 806 3640 et
834 3584 929 3655 qui
971 3584 1075 3639 hoc
1106 3583 1331 3648 fecerit,
1363 3592 1581 3652 praestat
1614 3584 1847 3653 duplum.
1874 3585 2066 3638 adver-

492 3680 670 3745 sario,
692 3693 757 3733 eo
774 3677 920 3749 quod
944 3676 1260 3731 adversario
1284 3676 1513 3730 traditus
1534 3676 1605 3730 sit
1635 3677 1726 3731 illo
1754 3677 2066 3746 potentiori.

567 3773 783 3827 Tcxtus.
812 3771 931 3826 Lib.
963 3786 1085 3837 xcv,
1105 3770 1189 3825 tit.
1225 3786 1239 3822 l
1268 3768 1459 3838 digest.
1484 3768 1555 3823 38
1575 3787 1587 3822 :
1610 3768 1773 3823 Recte
1794 3770 1947 3837 ιιι
1972 3769 2069 3823 abs

492 3879 546 3923 te
585 3866 839 3936 stipulor,
874 3872 929 3916 ut
962 3862 1131 3915 aedem
1180 3874 1392 3913 sacram
1420 3860 1674 3915 aediﬁces.
1728 3860 1796 3914 Et
1824 3862 1877 3913 iu
1909 3860 2069 3915 istius

491 3960 635 4015 modi
677 3952 785 4029 [re]
816 3955 1014 4010 locatio
1046 3953 1205 4007 valet.
1244 3952 1520 4022 Digestum
1551 3950 1651 4006 83:
1687 3951 1819 4006 Rem
1857 3968 2066 4007 sacram

490 4052 739 4122 stipulari
768 4065 874 4104 non
902 4061 1211 4121 possumus,
1245 4045 1503 4115 quamvis
1557 4044 1783 4114 profana
1810 4046 1921 4099 fieri
1948 4061 2073 4115 pos-

489 4147 587 4201 sit.
617 4144 753 4199 Nam
774 4140 988 4198 tametsi
1010 4140 1189 4194 locum
1218 4137 1506 4208 profanum
1536 4138 1858 4207 promisere,
1890 4139 2070 4192 illum-

489 4254 597 4310 que
618 4239 753 4294 citra
767 4237 948 4292 dolum
982 4248 1161 4288 meum
1190 4232 1497 4288 consecrari
1516 4232 2068 4301 contingat,liberor:

489 4348 591 4387 nec
622 4332 667 4386 si
699 4330 854 4385 locus
887 4342 1080 4382 rursus
1119 4326 1236 4395 lege
1263 4325 1443 4394 aliqua
1497 4338 1651 4379 sacer
1677 4339 1795 4379 esse
1822 4324 2068 4393 coeperit,

488 4423 544 4478 in
580 4421 959 4489 obligationem
988 4432 1233 4473 revocor.
1275 4416 1464 4487 Neque
1501 4433 1615 4471 rem
1656 4433 1868 4472 sacram
1896 4417 2071 4488 stipu-

486 4515 591 4572 lari
625 4528 847 4583 possum
874 4511 978 4567 sub
1001 4510 1332 4576 conditione,
1387 4509 1609 4579 quando
1673 4508 1898 4579 profana
1947 4524 2070 4565 esse

2172 3322 2272 3383 ις’,
2302 3320 2371 3384 τ’·
2404 3315 2507 3367 οὐκ
2538 3314 2716 3380 ἔξεστι
2734 3314 2795 3367 τὸ
2818 3314 3059 3367 ἐπίδικον
3086 3314 3164 3383 τῷ
3183 3314 3301 3385 Θεῷ
3314 3314 3637 3385 καθιεροῦν·
3663 3316 3752 3368 καὶ

2168 3409 2197 3461 6
2229 3408 2387 3462 τοῦτο
2418 3408 2679 3478 ποιήσας,
2705 3406 2886 3460 δίδωσι
2913 3406 2975 3460 τὸ
3000 3406 3224 3459 διπλοῦν
3256 3406 3335 3476 τῷ
3365 3406 3627 3478 ἀντιδίκῳ
3658 3408 3750 3459 αὐο

2167 3503 2284 3569 τοῦ,
2322 3503 2462 3575 ὑπὲρ
2492 3498 2567 3557 ὧν
2599 3500 2955 3572 δυνατωτέρῳ
2980 3500 3146 3555 αὐτοῦ
3169 3500 3425 3572 ἀντιδίκῳ
3458 3499 3747 3571 παρεδόθη.

2240 3773 2392 3829 Βιδλ.
2428 3772 2657 3842 με’,τίτ.
2699 3768 2771 3838 α’,
2811 3770 2951 3841 βιελ.
3006 3778 3105 3838 ις’,
3148 3770 3253 3843 λη’·
3314 3750 3496 3835 καλῶς
3544 3772 3749 3843 ἐπερω-

2169 3865 2246 3919 τῶ
2276 3883 2335 3919 σε
2392 3866 2575 3919 κτίσαι
2619 3865 2793 3933 ἱερόν·
2852 3865 2947 3918 καὶ
2991 3868 3024 3934 ἡ
3090 3864 3184 3917 ἐπὶ
3229 3863 3307 3934 τῷ
3355 3862 3584 3934 τοιούτῳ
3649 3864 3748 3931 γὰρ

2173 3958 2434 4028 μίσθωσις
2458 3958 2721 4029 ἔρρωται.
2762 3956 2913 4011 Βιὸλ.
2963 3963 3059 4021 ις’,
3091 3963 3203 4024 πγ”
3251 3956 3312 4009 οὐ
3358 3956 3584 4009 δυνατὸν
3614 3955 3748 4024 ἱερὸν

2170 4049 2474 4118 ἐπερωτᾷν,
2514 4047 2617 4100 κᾶν
2644 4050 2692 4100 εί
2714 4046 2939 4100 δύναται
2960 4048 3214 4115 γενέσθαι
3246 4047 3537 4100 ἰδιωτικόν·
3567 4049 3615 4099 εί
3648 4046 3747 4115 γὰρ

2171 4140 2266 4192 καὶ
2300 4139 2565 4192 ἰδιωτικὸν
2611 4139 2948 4209 ἐπερωτηθῶ
2983 4140 3167 4204 τόπον,
3221 4141 3315 4194 καὶ
3362 4140 3549 4209 συμϐῇ
3596 4138 3749 4192 αὐτὸν

2170 4232 2340 4301 χωρὶς
2363 4231 2514 4283 δόλου
2553 4247 2656 4301 μου
2696 4231 3096 4301 καθιερωθῆναι
3129 4230 3543 4301 ἐλευθεροῦμαι·
3582 4232 3672 4283 καὶ
3702 4229 3745 4280 εἰ

2173 4322 2355 4393 συμϐῇ
2385 4322 2449 4374 ἐκ
2480 4340 2626 4386 τινος
2657 4323 2823 4391 νόμου
2856 4321 3107 4389 γενέσθαι
3141 4322 3409 4374 ἰδιωτικὸν
3449 4320 3542 4372 τὸν
3572 4322 3741 4378 τόπον,

2170 4416 2271 4468 οὐκ
2313 4415 2591 4485 ἐνέχομαι.
2638 4416 2712 4467 υὺ
2755 4414 2987 4484 δύναμαι
3027 4415 3083 4467 δὲ
3129 4414 3275 4483 ἱερὸν
3325 4415 3611 4484 ἐπερωτᾷν
3653 4411 3746 4464 ὑπὸ

2172 4509 2384 4578 αἰρεσιν
2406 4507 2506 4576 τὴν
2534 4507 2663 4560 ὅταν
2704 4506 2970 4559 ἰδιωτικὸν
2995 4506 3242 4574 γένηται·
3281 4506 3468 4558 ἐκεῖνα
3501 4505 3610 4576 γὰρ
3654 4506 3744 4556 ἐπ-

487 4582 741 4675 crperit.
774 4603 870 4657 Illa
897 4602 1042 4658 enim
1086 4598 1397 4674 [duntaxat]
1446 4600 1692 4671 stipulari
1750 4616 2066 4669 possumus,

2176 4602 2385 4671 ερωτᾷν
2409 4600 2705 4669 δυνάμεθα,
2733 4600 2832 4652 ὅσα
2859 4598 3000 4653 κατὰ
3024 4600 3116 4651 τὸν
3142 4598 3331 4669 καιρὸν
3359 4599 3459 4668 τῆς
3476 4598 3745 4669 ἐπερωτή-

488 4708 613 4764 ιιυαι
650 4702 892 4761 tempore
922 4691 1292 4760 stipulationis
1326 4690 1519 4759 subjici
1550 4691 1740 4745 usibus
1791 4691 2068 4746 dominio-

489 4802 597 4857 que
625 4794 817 4839 nostro
838 4790 1091 4854 possunt.
1120 4782 1324 4852 Digest.
1346 4780 1409 4836 91
1445 4798 1460 4833 :
1489 4780 1544 4835 Si
1564 4795 1651 4835 res
1684 4780 1737 4835 in
1762 4782 2070 4851 stipulatio-

489 4896 615 4935 nem
640 4880 869 4936 deducta
888 4880 942 4933 in
960 4878 1125 4932 rebus
1146 4876 1402 4931 humanis
1427 4876 1517 4940 sit,
1550 4875 1644 4930 sed
1666 4875 1783 4929 dari
1804 4892 1909 4931 non
1948 4891 2074 4947 pos-

486 4973 583 5036 sit,
615 4972 759 5042 quod
783 4969 921 5026 forte
936 4986 1090 5026 sacra
1126 4968 1262 5023 facta
1294 4968 1366 5022 sit
1393 4984 1407 5021 :
1436 4975 1490 5021 et
1523 4981 1651 5021 vero
1698 4974 1942 5036 tempore
1970 4968 2073 5023 sti—

490 5061 786 5133 pulationis
812 5061 892 5115 vel
915 5069 1103 5131 postea
1122 5057 1492 5128 promissoriis
1514 5055 1651 5129 [illa]
1677 5056 1864 5122 fuerit,
1902 5067 1956 5112 et
1982 5060 2075 5112 ale-

489 5154 618 5209 inde
640 5167 795 5209 sacra
831 5152 969 5205 l'acta
1000 5150 1091 5214 sit,
1125 5159 1339 5204 tenetur
1366 5147 1714 5219 [promissor]
1750 5166 1764 5204 :
1810 5149 2075 5219 quemado

497 5245 724 5300 modum
739 5242 1151 5313 etiam,quando
1167 5240 1276 5313 [res
1296 5240 1366 5295 ab
1379 5238 1521 5311 ipso]
1539 5239 1773 5294 alienata
1795 5255 1891 5309 per
1902 5241 2069 5295 alium

493 5350 654 5393 sacra
702 5335 842 5390 l‘acta
885 5344 990 5389 est.
1046 5332 1101 5387 Si
1135 5348 1262 5387 vero
1315 5347 1404 5388 res
1445 5331 1620 5386 aliena
1668 5330 1855 5397 fuerit,
1911 5343 1963 5387 et
2006 5332 2075 5387 ab

494 5430 604 5483 alio
631 5443 750 5482 eam
782 5443 991 5483 sacram
1023 5426 1137 5480 ﬁeri
1169 5425 1481 5494 contigerit,
1514 5439 1621 5477 non
1675 5432 1892 5477 tenetur
1943 5439 2075 5493 pro-

492 5522 699 5578 missor
737 5520 882 5575 :nisi
906 5532 1258 5590 posteaquam
1306 5531 1514 5571 moram
1568 5514 1720 5580 fecit,
1782 5530 1873 5569 res
1915 5531 2071 5570 sacra

494 5614 662 5683 tiacta
692 5614 872 5669 fuerit.
902 5613 1022 5684 Dig,
1050 5614 1149 5667 157
1178 5632 1191 5667 :
1224 5610 1489 5665 lnutiliter
1519 5608 1746 5678 stipulor
1767 5609 1869 5663 sub
1890 5610 2079 5664 condi-

492 5710 642 5775 ione,
669 5724 788 5779 quae
807 5723 836 5761 a
865 5707 977 5777 lege
1007 5705 1278 5776 prohibita
1307 5713 1390 5759 est
1414 5722 1425 5758 :
1455 5712 1511 5756 ut
1540 5720 1553 5757 :
1614 5702 1807 5765 Dabis,
1858 5704 1904 5755 si
1956 5703 2073 5771 quis

496 5820 606 5856 rem
655 5819 864 5856 sacram
912 5800 1225 5855 uendiderit.
1286 5795 1528 5852 Tametsi
1588 5794 1701 5850 lieri
1755 5798 1943 5865 possit,
2016 5804 2073 5849 ut

495 5896 839 5967 jwstmodum
864 5897 980 5969 ejus
999 5896 1090 5968 jus
1117 5901 1378 5952 mutetur.

2178 4712 2344 4759 σεως,
2376 4694 2477 4764 τῆς
2506 4694 2757 4763 χρήσεως
2785 4693 2880 4746 καὶ¹
2925 4693 3024 4762 τῆς
3056 4692 3375 4755 δεσποτείας
3422 4692 3580 4761 ἡμῶν
3619 4686 3746 4744 εἶναι

2176 4785 2418 4840 δύναται.
2456 4784 2609 4838 Βιὸλ.
2642 4784 2738 4848 ις’,
2764 4788 2871 4850 ια’·
2916 4784 3009 4836 ἐὰν
3050 4783 3111 4836 τὸ
3140 4782 3491 4852 ἐπρωτηθέν
3528 4783 3745 4852 πρᾶγμα

2178 4876 2293 4930 ἐστι
2327 4876 2426 4947 μὲν
2450 4877 2508 4929 ἐν
2532 4875 2713 4943 φύσει,
2743 4876 2804 4928 οὐ
2829 4874 3053 4927 δύναται
3078 4874 3135 4926 δὲ
3158 4874 3379 4943 δοθῆναι
3406 4872 3492 4926 διὰ
3518 4873 3580 4925 τὸ
3600 4869 3746 4939 τυχὸν

2179 4970 2311 5023 αὐτὸ
2344 4969 2599 5038 γενέσθαι
2647 4968 2810 5038 ἱερὸν,
2865 4970 2914 5020 εί
2947 4972 3046 5037 μὲν
3081 4969 3141 5019 ἐν
3174 4965 3353 5036 καιρῷ
3398 4964 3502 5034 τῆς
3548 4966 3745 5032 ἐπερω-

2178 5063 2410 5131 τήσεως,
2440 5062 2474 5132 ἢ
2520 5062 2659 5131 μετὰ
2685 5059 2882 5121 ταῦτα,
2926 5059 3022 5112 τοῦ
3063 5058 3502 5130 ἐπερωτηθέντος
3542 5052 3631 5126 ἦν,
3665 5050 3744 5105 καὶ

2181 5153 2352 5215 οὕτως
2374 5152 2597 5220 γέγονεν
2642 5151 2807 5221 ἱερὸν,
2851 5150 3117 5220 ἐνέχεται·
3164 5149 3353 5219 ὥσπερ
3403 5147 3500 5200 καὶ
3549 5146 3635 5199 ὅτε
3683 5138 3741 5193 δι’

2183 5244 2371 5314 ἑτέρου
2408 5243 2781 5312 πωλήσαντος,
2826 5242 2960 5295 αὐτὸ
2989 5241 3216 5309 γέγονεν
3264 5238 3433 5308 ἱερόν.
3462 5237 3525 5290 El
3568 5236 3625 5288 δὲ
3657 5228 3739 5284 τοῦ

2182 5336 2509 5407 πράγματος
2538 5334 2691 5397 ὄντος
2737 5333 3041 5402 ἀλλοτρίου,
3076 5331 3254 5401 συμϐῇ
3299 5331 3367 5383 δι’
3398 5330 3585 5398 ἐτέρου
3625 5319 3739 5378 αὐτὸ

2184 5430 2328 5499 ἱερὸν
2358 5426 2647 5496 γενέσθαι,
2681 5426 2781 5478 οὐκ
2824 5427 3068 5495 ἐνέχεται
3100 5425 3127 5476 ό
3172 5420 3575 5492 ἐπερωτηθεὶς,
3606 5419 3650 5470 εί
3673 5413 3736 5483 μὴ

2185 5520 2323 5590 μετὰ
2346 5520 2405 5572 τὸ
2428 5520 2652 5588 ποιῆσαι
2680 5518 2840 5571 αὐτὸν
2870 5517 3182 5588 ὑπέρθεσιν,
3212 5514 3404 5584 γέγονε
3432 5513 3491 5565 τὸ
3525 5512 3735 5581 πρᾶγμα

2186 5614 2350 5684 ἱερόν·
2388 5611 2539 5664 Bim-
2589 5614 2684 5673 ις’,
2725 5608 2853 5680 ρλζ’”
2900 5608 3219 5679 ἀνισχύρως
3247 5603 3507 5676 ἐπερωτῶ
3531 5602 3629 5654 ὑπὸ
3661 5595 3733 5650 αῖ·-

2187 5720 2333 5775 ρεσιν
2361 5702 2464 5753 ὑπὸ
2503 5699 2597 5753 τοῦ
2636 5699 2803 5769 νόμου
2846 5697 3259 5769 κεκωλυμένην·
3308 5693 3419 5749 οἷον
3462 5694 3616 5753 δίδως
3653 5688 3731 5740 ἐάν

2181 5814 2263 5858 τις
2295 5794 2520 5865 πωλήσῃ
2555 5793 2610 5846 τὸ
2636 5792 2800 5863 ἱερὸν,
2826 5793 2873 5843 εἰ
2899 5792 2991 5844 καὶ
3019 5790 3094 5862 μὴ
3117 5790 3339 5845 δυνατόν
3360 5791 3503 5843 ἐστιν
3529 5782 3732 5851 ὕστερον

2185 5885 2539 5955 ἐναλλαγῆναι
2565 5885 2623 5938 τὸ
2646 5884 2850 5938 δίκαιον
2872 5881 3059 5937 αὑτοῦ.
