3994 6420
272 451 376 512 .369

1125 461 1522 525 SYNTAGMA
1556 468 1948 531 CANONUM.
1979 496 2047 506 —
2076 469 2226 531 TIT.
2262 472 2344 533 ΙΙ.
2381 474 2536 535 (ἋΡ.
2579 476 2628 537 Ι.

3423 475 3526 537 570

343 565 500 621 8:61.
529 566 636 636 μζ,
660 566 765 620 τίτ.
792 567 896 638 κβ’,
916 567 1055 639 βιϐλ.
1083 578 1177 636 ις’,
1220 573 1288 643 ﬂ"
1319 576 1369 628 οἱ
1401 577 1496 630 σὺν
1522 578 1705 642 ὅπλοις
1734 597 1863 633 κατ-

2036 583 2247 638 Texlus.
2291 584 2410 638 Lib.
2443 600 2609 651 XLVII,
2651 589 2733 640 tit.
2773 583 2861 648 32,
2893 591 2947 637 et
2983 583 3077 637 lib.
3119 598 3309 648 vattt,
3350 584 3435 638 tit.
3470 589 3521 647 4,

266 654 497 723 ἔχοντες
524 657 689 709 τόπον
722 658 899 727 ἱερὸν,
931 659 1243 714 ὑπόκεινται
1280 667 1459 734 ποινῇ·
1496 667 1723 719 κινεῖται
1750 669 1859 737 γὰρ

264 748 403 797 κατ’
432 748 612 800 αὐτῶν
650 750 679 801 ό
706 750 831 819 περὶ
866 749 1243 816 καθοσιώσεως
1264 792 1280 815 ,
1307 753 1381 818 ὡς
1414 756 1557 825 βιϐλ.
1592 763 1704 827 μην,
1750 762 1856 814 τίτ.

266 837 354 903 ιδ’,
385 838 535 907 βιϐλ.
569 840 664 903 ις’,
683 846 750 902 α’,
775 840 1099 909 βιϐλ.ν’,τίτ.
1126 850 1220 909 ις’,
1239 845 1379 914 βιϐλ.
1409 845 1507 912 ις’,
1536 845 1620 910 ιζ”
1646 846 1716 899 τὰ
1739 848 1861 919 ἱερὰ

264 932 374 983 οὐκ
404 934 516 986 εἰσὶ
535 933 786 1003 δημόσια.
1480 938 1485 943 ’

344 1024 510 1077 Βιϐλ.
532 1025 632 1091 λγ’,
662 1026 769 1081 τίτ.
812 1024 879 1092 α’,
900 1028 1010 1095 δίγ.
1043 1028 1137 1080 καὶ
1164 1034 1234 1090 κ’,
1253 1028 1349 1081 ἐὰν
1389 1028 1710 1099 ληγατεύσω
1749 1032 1861 1094 τοῖς

270 1116 603 1185 ἱεροφύλαξι
621 1119 752 1171 δέκα
769 1121 1078 1190 νομίσματα
1090 1120 1328 1174 δίδοσθαι
1342 1120 1418 1190 τῷ
1436 1121 1613 1190 καιρῷ
1624 1122 1723 1191 τῆς
1736 1123 1861 1193 ἐορ·

265 1208 399 1275 τῆς,
418 1209 660 1279 αὐτῷτῴ
678 1211 807 1281 ἱερῷ
830 1212 971 1264 δοκῶ
991 1212 1253 1282 διηνεκῶς
1275 1214 1343 1266 τὰ
1359 1214 1716 1267 ι’καταλιπεῖν
1734 1216 1863 1286 ἐτή-

272 1315 392 1351 σια.
417 1301 567 1355 Βιϐλ.
587 1302 660 1355 λδ⁹
674 1304 778 1357 τίτ.
797 1310 844 1357 α’
860 1304 967 1371 δίγ.
991 1304 1078 1367 ιζ’*
1097 1305 1221 1358 Ἐὰν
1240 1306 1505 1376 ἀφορίσας
1519 1306 1736 1371 δούλους
1759 1326 1860 1378 μου

274 1392 360 1454 εἰς
398 1393 802 1464 παραφυλακὴν
834 1395 926 1447 τοῦ
962 1397 1090 1466 παρ’
1138 1396 1272 1465 ἐμοῦ
1306 1396 1627 1467 κτιζομένου
1680 1399 1860 1467 ἱεροῦ,

276 1482 612 1553 ληγατεύσω
644 1486 828 1547 αὐτοῖς
862 1487 1055 1557 ἐτήσια
1102 1487 1239 1557 πρὸς
1272 1488 1608 1560 ἀποτροφὴν,
1642 1491 1736 1542 καὶ
1772 1490 1856 1558 βε-

280 1575 533 1645 στιάριον
562 1576 928 1644 λαμϐάνουσιν
973 1578 1080 1630 ἀπὸ
1110 1577 1369 1647 τελευτῆς
1415 1597 1515 1649 μου
1567 1580 1759 1649 μέχρις
1802 1575 1863 1635 οὗ

278 1666 552 1737 πληρωθῇ
583 1669 611 1719 ό
633 1669 782 1733 ναὸς,
818 1668 995 1721 δοῦλοι
1026 1669 1083 1721 δὲ
1120 1670 1341 1740 μένουσι
1374 1671 1468 1723 τοῦ
1500 1672 1859 1743 κληρονόμου,

280 1757 375 1821 οὓς
412 1759 444 1811 ό
475 1759 796 1829 διαθέμενος
843 1763 924 1826 είς
956 1763 1337 1835 περιφυλακὴν
1394 1766 1487 1819 τοῦ
1538 1767 1702 1820 αὐτοῦ
1748 1784 1864 1820 κτι-

284 1850 510 1914 σθέντος
542 1852 690 1921 ἱεροῦ
734 1852 1034 1925 ἀφώρισεν,
1060 1857 1108 1907 εἰ
1142 1857 1215 1926 μὴ
1241 1858 1437 1922 αὐτοὺς
1466 1858 1859 1929 ἠλευθέρωσεν,

1962 678 2160 746 digest.
2190 679 2211 730 1
2247 697 2259 732 :
2293 677 2395 742 Qui
2427 694 2550 731 cum
2580 680 2749 732 armis
2779 678 2957 731 locum
2992 691 3205 730 sacrum
3234 690 3522 744 occupant,

1962 769 2185 823 obnoxii
2218 784 2390 837 poena}
2427 776 2578 824 sunt.
2612 769 2857 822 Movetur
2881 768 3028 821 enim
3081 768 3347 820 adversus
3378 768 3527 835 ipsos

1960 861 2048 915 lex
2086 860 2278 932 [Julia]
2311 861 2633 931 majestatis.
2669 859 2789 913 Lib.
2830 876 2881 922 L,
2926 859 3031 935 tit.
3059 857 3148 919 16,
3195 856 3386 924 digest.
3422 856 3524 908 l7:

1964 953 2127 1008 Sacra
2160 968 2264 1006 non
2292 962 2419 1008 sunt
2448 954 2687 1023 publica.

2035 1042 2252 1096 Texlus.
2278 1042 2399 1097 Lib.
2422 1026 2618 1107 χχχιιι,
2647 1043 2728 1096 ιὶι.
2756 1043 2807 1107 1,
2837 1042 3035 1110 digest.
3058 1040 3127 1094 20
3162 1058 3173 1093 :
3205 1038 3259 1093 Si
3280 1039 3528 1107 legavcro

1964 1150 2252 1189 sacrarum
2309 1151 2490 1189 rerttm
2524 1134 2843 1188 custodibus
2890 1133 3114 1186 denaria
3148 1131 3358 1193 decem,
3404 1127 3561 1199 [ita].

1963 1229 2024 1275 ιιι
2057 1222 2253 1276 dentur
2285 1222 2373 1275 die
2419 1221 2597 1279 festo:
2640 1221 2827 1274 videor
2861 1222 3046 1274 decem
3093 1218 3312 1272 denaria
3350 1232 3529 1271 annua

1964 1311 2296 1378 relinquere.
2332 1307 2451 1362 Lib.
2485 1324 2669 1370 xxxiv,
2694 1307 2774 1361 tit.
2814 1308 2865 1373 l,
2898 1306 3092 1375 digest.
3121 1305 3183 1358 l7
3215 1323 3227 1357 :
3256 1303 3314 1358 Si
3356 1304 3529 1358 servis

1964 1401 2104 1456 meis
2143 1403 2209 1454 ad
2238 1400 2543 1455 custodiam
2580 1400 2762 1469 templi
2810 1415 2840 1453 a
2880 1415 2965 1454 me
3008 1397 3310 1453 aediﬁcandi
3360 1396 3529 1451 desti-

1965 1489 2129 1554 natis,
2172 1487 2422 1557 legavero
2474 1502 2655 1540 annua
2705 1486 2911 1540 cibaria
2941 1495 2995 1541 et
3040 1486 3197 1553 112
3226 1484 3479 1538 vestiat-ia
3514 1500 3527 1536 :

1965 1582 2188 1651 capiunt
2224 1581 2323 1650 (illi
2358 1580 2486 1653 ista]
2518 1596 2547 1634 a
2578 1589 2752 1634 morte
2776 1596 2919 1644 mea,
2952 1580 3217 1648 tantisper
3238 1578 3367 1632 dum
3392 1589 3530 1639 tent-

1966 1673 2115 1743 plum
2143 1684 2580 1727 consummatum
2614 1673 2704 1725 sit.
2739 1671 2891 1726 Servi
2922 1680 3122 1735 tamen,
3144 1685 3283 1738 quos
3304 1677 3530 1723 testator

1965 1766 2031 1818 ad
2062 1764 2245 1833 templi
2273 1780 2301 1817 a
2325 1779 2384 1819 se
2412 1764 2715 1818 aediﬁcandi
2748 1762 3051 1819 custodiam
3079 1760 3393 1821 destinavit,
3424 1758 3530 1812 nisi

1970 1853 2122 1921 ipsos
2151 1852 2491 1917 manumisit,
2524 1852 2755 1905 haeredis
2782 1860 3003 1905 manent
3033 1869 3047 1906 :
3084 1860 3141 1903 ιιι
3180 1850 3274 1903 lib.
3318 1865 3406 1913 ιι,
3446 1849 3529 1902 tit.

281 1943 359 2005 ὡς
378 1942 525 2011 stat.
547 1944 621 2014 μ’,
646 1946 753 1999 τίτ.
781 1946 867 2015 ιβ’,
895 1948 1001 2015 δίγ.
1035 1948 1126 2013 λε’,
1150 1948 1289 2017 βιελ.
1322 1950 1420 2012 κδ’,
1449 1950 1555 2005 τιτ.
1582 1927 1777 2021 α’,δίγ.
1796 1958 1860 2004 ε’·

1967 1946 2058 2011 12,
2091 1946 2201 2015 dig.
2234 1946 2325 2000 '55.
2356 1944 2474 1999 Lib.
2509 1962 2657 2009 xxiv,
2710 1946 2793 1999 tit.
2830 1959 2873 2010 ι,
2915 1945 3025 2012 dig.
3060 1943 3132 1997 5:
3179 1941 3345 1997 Recte
3388 1941 3534 1995 dono

282 2036 465 2099 καλῶς
493 2037 770 2110 δωροῦμαι
802 2047 868 2112 τῇ
908 2045 1118 2113 γαμετῇ
1173 2060 1273 2113 μου
1304 2044 1559 2113 πρᾶγμα,
1594 2045 1680 2112 ἐφ’
1712 2037 1756 2111 ᾧ
1783 2045 1864 2115 τῷ

278 2128 404 2199 Θεῷ
434 2137 806 2201 προσαγαγεῖν
853 2134 1006 2187 αὐτό.
1059 2134 1211 2188 Βιϐλ.
1241 2136 1335 2200 λδν,
1382 2136 1489 2188 τίτ.
1531 2136 1596 2203 β’,
1620 2135 1725 2204 δίγ.
1760 2137 1861 2201 λζνο

293 2220 424 2276 Ἐὰν
449 2224 587 2276 είπω
617 2225 869 2292 γενέσθαι
900 2226 1165 2296 σταυροὺς
1183 2227 1289 2279 ἀπὸ
1316 2225 1508 2279 ἑκατὸν
1536 2226 1750 2297 λιτρῶν,
1768 2228 1863 2280 καὶ

279 2313 608 2383 ἀνατεθῆναι
655 2315 715 2365 ἐν
761 2314 899 2385 τῷδε
944 2314 1023 2385 τῷ
1072 2315 1236 2385 ἱερῷ,
1270 2317 1470 2377 πάντες
1502 2315 1557 2367 δὲ
1604 2316 1654 2368 οἱ
1696 2317 1754 2368 ἐν
1785 2316 1863 2386 τῷ

279 2403 434 2472 αὐτῷ
461 2403 591 2474 ίερῷ
618 2404 788 2466 ὄντες,
820 2407 1052 2475 ἀργυροῖ
1072 2404 1169 2458 καὶ
1192 2407 1385 2475 χαλκοῖ
1406 2407 1565 2469 είσιν,
1589 2404 1865 2476 ἀργυροῦς

276 2497 307 2549 ό
337 2495 677 2566 κληρονόμος
709 2498 1081 2564 ἀναγκάζεται
1108 2501 1300 2567 ποιεῖν.

353 2588 786 2658 Βιϐλ.λε’,τίτ.β¹,
806 2588 987 2656 δίγ.α’,
1001 2590 1092 2641 καὶ
1104 2589 1195 2641 ἐπὶ
1209 2591 1320 2653 τοῖς
1338 2588 1415 2659 τῷ
1430 2587 1548 2658 Θεῷ
1567 2588 1865 2657 ληγατευοο

280 2681 471 2749 μένοις
488 2680 639 2750 χώρα
656 2680 731 2751 τῷ
753 2680 1034 2750 φαλκιδίῳ·
1059 2680 1201 2750 βιϐλ.
1219 2679 1393 2746 ν’,τίτ.
1421 2680 1508 2748 ιβ’,
1537 2680 1642 2749 δίγ.
1666 2681 1865 2750 β’.Ἐάν

272 2790 368 2835 τις
383 2775 617 2843 πρᾶγμα
638 2773 1055 2841 καρποφορήσῃ,
1069 2770 1278 2838 γίνεται
1294 2771 1454 2833 αὐτὸς
1466 2771 1667 2839 ἔνοχος,
1682 2772 1742 2823 οὐ
1759 2772 1882 2844 μὴν,

273 2865 341 2917 τὸ
369 2865 632 2934 πρᾶγμασ
662 2864 749 2915 ὅτε
779 2863 836 2915 δὲ
870 2864 929 2914 τὸ
959 2864 1192 2932 πρᾶγμα
1226 2862 1561 2933 καταϐληθῇ,
1599 2865 1730 2916 αὐτὸ
1765 2865 1864 2932 μὲν

278 2958 432 3027 ἱερὸν
460 2959 522 3010 οὐ
558 2956 801 3025 γίνεται,
830 2954 1207 3023 ἐλευθεροῦται
1236 2954 1293 3007 δὲ
1319 2957 1347 3007 ό
1372 2954 1863 3024 ἐπαγγειλάμενος·

277 3050 348 3102 ἐκ
372 3049 431 3102 δὲ
459 3050 557 3119 τῆς
583 3049 841 3117 τοιαύτης
865 3048 1198 3116 ἐπαγγελίας
1223 3047 1498 3116 ἐνέχονται
1528 3047 1865 3112 αὐτεξούσιοι

279 3139 504 3208 ἔφηϐοι,
543 3139 604 3192 οὐ
636 3138 743 3209 μὴν
771 3138 1082 3202 ὐπεξούσιοι
1118 3137 1266 3209 παρὰ
1294 3136 1518 3207 γνώμην
1550 3137 1659 3189 τῶν
1699 3138 1868 3191 πατέ-

281 3250 401 3305 ρων
446 3231 478 3301 ἢ
528 3231 636 3284 τῶν
680 3230 974 3285 δεσποτῶν.
1016 3232 1077 3283 El
1126 3230 1185 3283 δέ
1218 3248 1303 3294 τις
1344 3230 1405 3283 τὸ
1445 3230 1669 3282 δέκατον
1700 3232 1866 3301 μέρος
1893 3256 1938 3316 c

281 3328 705 3394 καρποφορήσει
744 3325 855 3376 τῶν
902 3322 1068 3375 αὐτοῦ
1103 3323 1467 3393 πραγμάτων,
1508 3321 1613 3385 ἕως
1641 3322 1708 3375 ἂν
1737 3322 1867 3375 αὐτὸ

282 3415 500 3488 χωρίσῃ
521 3457 536 3476 ,
579 3417 640 3469 οὐ
682 3415 916 3469 παύεται
956 3410 1095 3468 εἶναι
1133 3417 1235 3483 τῆς
1267 3416 1455 3478 οὐσίας
1486 3414 1684 3467 αὐτοῦ·
1715 3416 1765 3467 εί
1809 3412 1866 3466 δὲ

280 3509 604 3577 τελευτήσει
651 3509 726 3577 μὴ
772 3509 1045 3577 χωρίσας,
1098 3508 1377 3578 ἐνέχονται
1423 3509 1469 3560 οί
1515 3508 1865 3578 κληρονόμοιο

281 3599 554 3653 διαϐαίνει
593 3600 699 3670 γὰρ
743 3602 823 3662 είς
856 3599 1221 3669 κληρονόμους
1268 3602 1300 3669 ή
1350 3599 1450 3669 τῆς
1492 3600 1869 3670 καρποφορίας

285 3693 472 3762 ἐνοχή.
502 3691 653 3744 Βιϐλ.
677 3697 725 3744 α’
766 3691 859 3743 τοῦ
891 3692 1050 3757 κώδ.,
1074 3692 1179 3744 τίτ.
1208 3690 1274 3762 β’,
1298 3691 1439 3744 διάτ.
1473 3697 1543 3745 α’·
1580 3692 1754 3757 ἔξεστι
1790 3692 1868 3763 τῷ

286 3784 598 3855 βουλομένῳ
641 3784 1073 3853 καταλιμπάνειν
1129 3787 1187 3837 ἐν
1246 3785 1532 3855 τελευταίᾳ
1586 3784 1864 3855 βουλήσειο

284 3876 393 3945 τῆς
418 3876 579 3945 ἁγίας
621 3876 945 3947 Ἐκκλησίας
974 3877 1085 3947 γὰρ
1130 3873 1269 3930 εἶναι
1313 3878 1393 3930 δεῖ
1417 3878 1514 3941 τὰς
1542 3879 1653 3931 τῶν
1683 3878 1869 3930 τελευ-

281 3965 507 4020 τώντων
537 3966 853 4038 βουλήσειςο
903 3967 1043 4022 διάτ.
1084 3966 1171 4035 ιγ’·
1226 3968 1512 4038 ἐρρωμένη
1551 3968 1781 4040 διαθήκῃ
1834 3967 1867 4038 ἦ

284 4056 598 4127 κωδικέλλῳ
637 4058 668 4125 ἦ
708 4056 941 4127 ἀγράφῳ
983 4056 1265 4126 βουλήσει,
1303 4056 1476 4121 ἔξεστι
1513 4059 1633 4120 ταῖς
1672 4059 1870 4127 χήραις

283 4151 386 4202 καὶ
409 4152 528 4212 ταῖς
560 4149 962 4210 διακονίσσαις,
1006 4149 1101 4200 καὶ
1129 4150 1249 4210 ταῖς
1278 4147 1463 4210 ἄλλαις
1498 4149 1667 4216 ἱεραῖς
1704 4164 1871 4200 κατα-

282 4243 580 4313 λιμπάνειν
610 4241 946 4311 ἐκκλησίαις
979 4241 1073 4291 καὶ
1119 4238 1363 4309 κληρικῷ
1397 4240 1492 4292 καὶ
1521 4239 1737 4309 μοναχῷ
1778 4239 1871 4292 καὶ

283 4331 493 4402 πτωχῷ
522 4332 579 4383 ἐν
608 4330 857 4383 ἐνστάσει
884 4329 979 4382 καὶ
1002 4326 1462 4392 ὐποκαταστάσει,
1492 4328 1585 4380 καὶ
1614 4327 1871 4398 ληγάτοις

280 4422 388 4477 καὶ
437 4420 911 4499 φειδικομμίσσοις
962 4420 1148 4483 ίδικοῖς
1173 4420 1266 4472 καὶ
1302 4419 1425 4473 καθ’
1446 4420 1644 4489 όμάδα.

1968 2033 2120 2087 uxori
2174 2048 2307 2087 mea:
2360 2048 2496 2097 rem,
2542 2048 2705 2101 quam
2762 2031 2870 2087 Deo
2923 2030 3139 2085 oderat.
3178 2028 3298 2082 Lib.
3343 2044 3529 2089 xxxiv,

1965 2123 2051 2176 tit.
2082 2122 2139 2185 2,
2169 2121 2361 2189 digest.
2398 2120 2466 2173 '57
2503 2137 2515 2173 :
2557 2120 2612 2173 Si
2639 2119 2889 2182 dixerim,
2933 2127 2993 2172 ut
3042 2120 3173 2171 [iant
3226 2131 3420 2171 cruces
3463 2130 3531 2169 ex

1965 2222 2183 2267 centum
2221 2212 2393 2277 libris,
2430 2221 2482 2265 et
2523 2211 2576 2265 in
2627 2211 2715 2264 illa
2750 2226 2905 2265 sacra
2938 2210 3053 2264 aede
3085 2218 3434 2263 statuantur:
3469 2221 3533 2260 ac

1966 2320 2093 2358 vero
2120 2319 2242 2373 qum
2287 2303 2339 2356 in
2388 2317 2449 2355 ea
2490 2299 2727 2373 [cruces]
2772 2310 2899 2354 sunt
2940 2315 3130 2354 omnes
3175 2307 3440 2369 argenteae
3481 2308 3535 2351 et

1964 2410 2119 2449 aerea:
2144 2395 2252 2450 sint
2287 2412 2300 2449 :
2336 2402 2622 2463 argenteas
2658 2392 2837 2447 facere
2868 2394 3040 2447 haeres
3064 2403 3308 2461 cogetur.

2039 2578 2256 2633 Tenus.
2293 2576 2415 2631 Lib.
2452 2592 2620 2641 xxxv,
2663 2575 2746 2630 tit.
2778 2576 2835 2640 ‘2,
2865 2575 3063 2645 digest.
3097 2574 3121 2627 1
3153 2591 3167 2627 :
3201 2572 3258 2625 ln
3305 2573 3374 2625 iis
3413 2586 3533 2640 qua!

1968 2671 2075 2724 Dco
2106 2671 2281 2739 legata
2309 2677 2460 2733 sunt,
2492 2669 2646 2722 locus
2689 2666 2816 2738 [est]
2861 2666 3136 2720 Falcidize.
3180 2665 3297 2718 Lib.
3344 2679 3396 2726 L,
3446 2664 3530 2717 tit.

1965 2762 2055 2827 12,
2082 2763 2276 2829 digest.
2306 2763 2343 2815 9..
2382 2778 2397 2815 :
2435 2760 2493 2816 Si
2525 2760 2648 2830 quis
2674 2774 2785 2814 rem
2811 2757 3097 2830 [aliquam]
3135 2756 3366 2819 voverit,
3416 2755 3535 2823 ipse

1966 2857 2262 2926 obligatur,
2291 2870 2396 2909 non
2428 2863 2611 2909 autem
2638 2850 2748 2908 res.
2770 2852 2999 2918 Quando
3025 2866 3152 2905 vero
3180 2865 3264 2903 res
3282 2848 3531 2909 solvitur,

1968 2948 2085 3016 ipsa
2116 2960 2273 3000 sacra
2311 2960 2418 2998 non
2447 2943 2696 3005 etiicitur,
2741 2942 2834 2997 sed
2881 2941 3201 3011 promissori
3247 2940 3532 2993 liberatur.

1969 3035 2045 3089 Ex
2078 3034 2171 3088 tali
2202 3042 2383 3087 autem
2414 3031 2779 3101 promissione
2826 3030 2910 3083 sui
2949 3029 3093 3096 juris
3133 3028 3361 3097 puberes
3399 3026 3537 3080 obli-

1969 3133 2188 3197 gantur,
2215 3140 2323 3180 non
2351 3135 2534 3177 autem
2571 3124 2761 3177 aliena:
2808 3121 3028 3176 obnoxii
3073 3121 3193 3175 sine
3241 3118 3409 3188 patris
3440 3118 3537 3171 do-

1970 3218 2171 3271 minive
2229 3216 2571 3270 auctoritate.
2625 3214 2683 3268 Si
2750 3213 3020 3267 decimam
3086 3213 3214 3281 quis
3264 3211 3533 3265 bonorum

1970 3315 2183 3372 voveat,
2212 3321 2320 3359 non
2356 3307 2510 3375 prius
2543 3304 2681 3376 [illa]
2717 3305 2769 3358 in
2797 3304 2917 3371 ejus
2956 3304 3115 3358 bonis
3154 3317 3273 3357 esse
3311 3302 3534 3365 desinit,

1968 3414 2130 3467 quam
2164 3398 2339 3466 ipsam
2375 3406 2589 3466 separet
2616 3414 2630 3450 :
2661 3398 2705 3450 si
2736 3412 2866 3450 vero
2896 3411 2959 3450 ea
2999 3382 3240 3449 nondum
3283 3406 3534 3463 separata

1968 3488 2286 3551 decesserit,
2324 3488 2742 3556 obstringuntur
2770 3487 3014 3539 lueredes
3048 3485 3186 3555 ejus.
3228 3482 3349 3537 Voti
3386 3483 3532 3537 enim

1968 3582 2233 3651 obligatio
2272 3581 2337 3634 ad
2385 3580 2631 3633 lueredes
2673 3581 2895 3633 transit.
2939 3577 3059 3631 Lib.
3112 3576 3279 3631 tcod.
3334 3577 3420 3628 tit.
3476 3574 3532 3638 2,

1966 3682 2145 3728 const.
2190 3673 2213 3725 1
2251 3690 2266 3727 :
2314 3669 2465 3725 Licet
2517 3670 2815 3738 unicuique
2859 3669 2913 3722 in
2957 3683 3210 3737 suprema
3254 3666 3537 3720 voluntate

1968 3767 2175 3821 sanctis
2219 3762 2469 3817 ecclesiis
2500 3762 2828 3830 relinquere.
2870 3759 3083 3813 Firmas
3117 3758 3261 3812 enim
3297 3756 3535 3811 morien-

1970 3858 2103 3911 tium
2128 3855 2435 3909 voluntates
2477 3868 2598 3907 esse
2627 3862 2862 3921 oportet.
2905 3851 3095 3905 Const.
3131 3850 3233 3903 l5:
3266 3848 3418 3903 Licet
3454 3849 3534 3902 vi-

1968 3948 2114 4014 duis,
2158 3946 2520 4013 diaconissis,
2566 3946 2871 4015 virginibus
2914 3944 3023 3999 Deo
3074 3943 3292 4006 dicatis,
3333 3942 3537 3997 sancti-

1970 4040 2321 4104 monialibus,
2353 4046 2407 4093 et
2442 4038 2564 4093 aliis
2587 4038 2854 4108 religiosis
2880 4035 3167 4108 [feminis],
3205 4045 3262 4089 ut
3285 4038 3367 4089 vel
3389 4036 3537 4103 justo

1968 4122 2320 4199 testamento,
2353 4131 2434 4186 vel
2464 4129 2735 4195 codicillo,
2766 4129 2850 4183 vel
2878 4129 3154 4181 voluntate
3176 4143 3283 4180 non
3313 4128 3537 4196 scripta,

1969 4224 2085 4278 sive
2129 4221 2497 4285 institutione,
2543 4221 2658 4275 sive
2703 4219 3126 4285 substitutione,
3176 4220 3292 4273 sive
3338 4218 3538 4286 legato,

1967 4314 2054 4369 vel
2102 4312 2565 4376 lideicommisso,
2624 4325 2719 4365 seu
2770 4310 2994 4379 speciali
3044 4325 3141 4364 seu
3208 4308 3537 4373 universali,

1971 4402 2223 4477 [aliquid]
2278 4403 2591 4472 relinquant
2621 4400 2889 4464 ecclesiis,
2936 4402 3171 4465 clericis,
3227 4399 3537 4456 monachis.

1968 4501 2065 4547 aut
2094 4478 2467 4560 pauperibus.

351 4600 504 4654 Διάτ.
527 4600 611 4653 ιϐ’·
631 4600 685 4652 al
701 4598 980 4668 γινόμεναι
997 4598 1157 4669 μέχρι
1175 4605 1227 4667 φ’
1250 4599 1470 4653 σολίδων
1483 4600 1871 4670 ἀνεμφάνιστοι
1900 4604 1948 4662 D
2047 4582 2461 4638 Τοπικεοθοηδί·
2482 4579 2571 4635 19-
2589 4581 2718 4645 Quae
2733 4577 3054 4634 δοηίδίίοηθδ
3073 4578 3228 4650 113
3244 4580 3377 4635 Cilla
3397 4588 3539 4634 πίο-

278 4692 485 4762 δωρεαὶ
505 4692 585 4755 είς
604 4690 921 4761 ἐκκλησίαν,
948 4691 981 4760 ἢ
1011 4689 1352 4760 ξενοδοχεῖον,
1386 4690 1419 4761 ἢ
1444 4695 1807 4761 νοσοκομεῖον,
1828 4692 1861 4764 ἢ

277 4786 767 4853 όρφανοτροφεῖον,
793 4783 825 4853 ἢ
854 4784 1136 4852 πτωχεῖον,
1166 4782 1457 4852 ἔρρωνται.
1481 4783 1546 4835 Αἱ
1573 4783 1629 4835 δὲ
1657 4783 1862 4848 λοιπαὶ,

277 4874 391 4930 κᾶν
420 4876 499 4938 είς
528 4875 773 4938 εὐσεϐεῖς
803 4875 978 4936 αἰτίας
1012 4873 1305 4941 γένωνται,
1338 4874 1630 4944 χρῄζουσιν
1680 4878 1862 4945 ἐμφα-

276 4967 469 5030 νείας’
497 4968 592 5021 καὶ
623 4968 675 5020 al
716 4967 986 5037 λεχθεῖσαι
1041 4965 1180 5035 ὑπὲρ
1215 4967 1342 5029 τοὺς
1379 4972 1429 5034 φ’
1487 4966 1669 5035 φόλεις
1709 4962 1866 5019 οὖσαι

275 5060 636 5131 ἐξῃρημένων
659 5058 766 5112 τῶν
796 5056 1090 5129 βασιλικῶν
1128 5058 1365 5128 δωρεῶνο
1400 5057 1540 5113 διάτ.
1568 5058 1674 5127 κβ’.
1838 5054 1843 5059 ’

355 5233 439 5287 Τὰ
475 5234 554 5296 είς
578 5234 794 5301 εὐαγεῖς
822 5234 1003 5296 οῐκους
1034 5234 1141 5287 ἀπὸ
1166 5230 1520 5303 βουλευτικῆς
1554 5230 1863 5301 φιλοτιμίας

272 5326 593 5396 ἐρχόμενα,
643 5327 740 5396 οὐχ
777 5327 1094 5379 ὑπόκεινται
1143 5328 1210 5395 τῇ
1249 5326 1356 5377 τῶν
1404 5323 1704 5394 ἐπικερδῶν
1746 5324 1863 5376 δια-

271 5419 495 5487 γραφῇ·
526 5417 664 5471 διάτ.
693 5423 796 5485 κγ’.
856 5418 981 5471 Ἐάν
1006 5435 1061 5469 τι
1084 5417 1300 5486 δωρηθῇ
1324 5457 1338 5480 ,
1366 5417 1397 5487 ἢ
1434 5415 1763 5486 κληρονομία
1784 5453 1797 5477 ,
1826 5414 1859 5485 ἢ

270 5506 521 5575 ληγάτον
576 5507 768 5575 εὐαγεί
812 5507 962 5576 τόπῳ
1011 5502 1403 5573 καταλειφθῇ,
1441 5504 1520 5565 είς
1564 5502 1863 5572 ἀνάρρυσιν

272 5597 671 5665 αἰχμαλώτων,
702 5597 974 5669 κινητδνῆ
1006 5598 1280 5664 ἀκίνητον,
1322 5597 1653 5666 ἀρμόζουσιν
1682 5613 1861 5663 perso-

274 5690 436 5745 nalia
465 5691 557 5743 καὶ
581 5692 635 5743 in
675 5707 782 5744 rem
815 5692 909 5743 καὶ
950 5690 1339 5761 ὐποθηκαρίαι,
1368 5690 1462 5742 καὶ
1494 5688 1628 5759 μόνῃ
1658 5691 1722 5758 τῇ
1754 5690 1861 5741 τῶν

275 5780 486 5837 ἑκατὸν
512 5782 773 5834 ἐνιαυτῶν
802 5781 1152 5835 ἐκϐάλλονται
1191 5782 1552 5850 παραγραφῇο
1579 5773 1733 5841 οὗτος
1754 5780 1862 5850 γὰρ

278 5878 313 5927 ὁ
362 5871 549 5944 χρόνος
590 5872 706 5925 ἐστὶ
737 5870 832 5925 τοῦ
880 5872 1175 5943 μακροϐίου
1222 5871 1530 5944 ἀνθρώπου·
1577 5871 1713 5925 διάτ.
1761 5869 1857 5927 κε’.

1975 4692 2096 4730 rum
2135 4674 2531 4730 coniectionem
2567 4687 2743 4741 usque
2770 4671 2837 4726 ad
2868 4673 3200 4742 quingentos
3226 4673 3429 4727 solidos
3485 4675 3536 4727 in

1970 4766 2281 4833 ecclesiam,
2304 4767 2735 4831 xenodocliium,
2754 4765 3156 4828 nosocomium,
3175 4765 3539 4833 orphanotro—

1949 4862 2156 4933 'pbium
2184 4901 2199 4927 ,
2231 4860 2313 4914 vel
2353 4858 2631 4929 ptocbium
2662 4860 2804 4911 ﬁunt
2824 4895 2840 4921 ,
2880 4857 3078 4911 valent.
3116 4856 3357 4925 Reliqua:
3384 4872 3537 4921 vero,

1971 4953 2185 5009 tametsi
2205 4954 2259 5007 in
2284 4952 2400 5021 pias
2422 4966 2618 5006 causas
2639 4950 2788 5015 liant,
2813 4964 3047 5018 quaeque
3066 4950 3345 5018 amplioris
3376 4950 3541 5018 quin-

1971 5047 2143 5118 gentis
2189 5046 2379 5099 solidis
2428 5044 2748 5113 quantitatis
2800 5059 2922 5099 csse
2975 5043 3249 5108 dicuntur,
3294 5044 3538 5110 exceptis

1970 5138 2343 5209 imperialibus
2389 5137 2685 5191 donatione
2732 5151 2870 5205 opus
2927 5137 3149 5190 habent.
3196 5133 3390 5189 Const.
3443 5134 3533 5190 εε.

2040 5233 2172 5298 Qua:
2217 5246 2284 5285 ex
2334 5218 2657 5284 liberalitate
2698 5230 2926 5285 curialis
2971 5229 3039 5282 ad
3067 5229 3403 5284 venerabiles
3437 5231 3536 5281 (lo—-

1952 5338 2091 5378 ‘mus
2147 5319 2527 5391 perveniunt,.
2559 5337 2589 5375 a
2642 5322 3042 5376 lucratitiorum
3090 5320 3538 5389 inscriptionibus

1968 5418 2235 5472 immunia
2290 5427 2437 5473 sunt.
2492 5414 2812 5471 Const.'25.
2854 5412 2909 5467 Si
2957 5414 3087 5483 quid
3127 5414 3409 5477 donatum,
3442 5423 3537 5468 aut

1969 5510 2256 5565 lmereditas
2304 5510 2610 5579 legatumve
2659 5521 2838 5561 rerum
2877 5506 3159 5559 mobilium
3202 5504 3283 5559 vel
3341 5506 3539 5558 immo-

1966 5599 2157 5653 bilium
2218 5600 2272 5653 in
2328 5599 2756 5667 redemptionem
2824 5596 3162 5664 captivorum
3242 5593 3533 5647 venerabili

1967 5690 2283 5764 [cuipiam]
2338 5691 2457 5745 loco
2500 5692 2746 5744 relictum
2795 5688 2886 5753 sit,
2946 5687 3159 5762 [actio]
3215 5687 3536 5757 personalis,

1968 5786 2023 5838 in
2051 5800 2185 5849 rem,
2220 5791 2275 5837 et
2310 5782 2695 5852 ltypothccaria
2736 5782 3018 5850 competit,
3063 5792 3116 5834 et
3158 5778 3273 5833 sola
3315 5786 3534 5831 centum

1970 5890 2240 5931 annorum
2264 5873 2671 5946 praescriptione
2699 5871 2816 5943 [qui
2843 5874 3037 5929 borum
3066 5870 3341 5942 quippiam
3368 5870 3517 5925 viudi
