3994 6414
103 468 192 532 573
958 465 1186 529 SYNTA
1196 467 1353 527 GMA
1394 466 1662 531 CANONI

1769 512 1784 530 .
1817 493 1886 504 --
1925 469 2072 530 ΤΙΤ.
2113 470 2193 532 lI.
2233 470 2393 534 CAP.
2440 471 2492 532 Ι.

3238 483 3341 547 57ι

102 573 451 645 κληρονόμων,
489 572 587 624 καὶ
612 570 821 624 οἴκοθεν
847 574 980 626 αὐτὸ
1000 575 1234 639 δίδωσιν,
1262 574 1334 636 ὼς
1358 576 1389 643 ἡ
1428 580 1496 626 γε’
1521 574 1661 627 διάτ.

1769 590 2041 630 versatur.
2078 577 2320 647 Singulis
2350 579 2495 633 enim
2533 577 2695 636 annis
2735 581 3003 638 nascitur.
3037 582 3181 641 Sane
3210 603 3339 643 vero

99 665 177 718 τοῦ
203 662 362 715 αὐτοῦ
395 661 504 715 τίτ.

167 928 223 981 'l-l
258 928 312 981 δὲ
352 934 400 995 γ’
438 927 585 982 διάτ.
630 925 723 979 τοῦ
773 926 818 997 β’
845 927 949 983 τίτ.
990 928 1100 981 τῶν
1137 929 1384 1000 Νεαρῶν,
1431 930 1522 982 ἐπὶ
1569 932 1662 984 τοῦ

126 1023 314 1074 οιούτου
357 1020 602 1090 ληγάτου
636 1020 817 1089 φησὶν,
849 1022 929 1072 ὅτι
956 1023 1003 1073 εί
1038 1022 1133 1090 μὲν
1156 1024 1202 1074 οἱ
1234 1022 1531 1091 λαμϐάνειν
1567 1026 1661 1077 καὶ

102 1115 345 1168 οῑδδὸναι
388 1113 874 1183 κελευσθέντες,ἢ
923 1115 951 1166 ὁ
995 1114 1156 1176 τόπος
1202 1114 1261 1181 ἐξ
1304 1114 1367 1167 οὗ
1411 1116 1661 1188 ἐτυπώθη

102 1208 342 1269 δίδοσθαι,
374 1208 432 1258 ἐν
477 1209 546 1275 τῇ
578 1207 713 1275 αὐτῇ
751 1206 781 1275 ἢ
826 1208 892 1276 τῇ
933 1206 1135 1274 γείτονι
1167 1207 1408 1279 ἐπαρχίᾳ
1452 1211 1663 1279 εἴησαν,

110 1299 272 1369 μηδενὶ
306 1298 493 1368 τρόπῳ
520 1298 586 1350 τὸ
614 1298 849 1367 ληγάτον
875 1299 1235 1354 ἐκποιείσθαι.
1267 1301 1326 1352 El
1355 1300 1411 1353 δὲ
1444 1304 1665 1372 πορρω-

105 1389 225 1457 τέρω
262 1381 412 1451 ὦσιν,
459 1387 675 1451 ἔξεστιν
709 1389 972 1459 ἐκατέρου
1019 1390 1218 1461 μέρους
1251 1392 1660 1456 συναινοῦντος,

108 1480 304 1549 πλησίον
346 1478 489 1548 ὑπὲρ
527 1479 695 1532 αὐτοῦ
757 1479 1057 1549 λαμϐάνειν
1105 1482 1364 1551 πρόσοδον
1408 1480 1662 1553 εὖπορον,

110 1572 186 1623 καὶ
214 1570 343 1638 μετὰ
372 1571 698 1639 προσθήκης
722 1569 817 1622 τοῦ
842 1572 1104 1642 τετάρτου
1140 1572 1240 1635 τῆς
1284 1574 1665 1642 καταλειφθεί-

110 1678 191 1730 σης
218 1662 505 1729 ποσότητος
538 1662 613 1732 μὴ
641 1660 1026 1732 βεϐαρημένης
1054 1663 1269 1727 πολλοῖς
1302 1665 1659 1735 τελέσμασιν.

109 1755 160 1806 Et
188 1754 237 1806 δὲ
265 1754 518 1821 πωλῆσαι
565 1756 628 1807 τὸ
676 1755 911 1826 ληγάτον
942 1755 1217 1826 βούλοιντο
1239 1797 1253 1820 ,
1287 1758 1361 1828 μὴ
1389 1759 1664 1828 λαμϐανέ-

109 1863 258 1899 τωσαν
287 1847 488 1915 ἥττονα
527 1850 696 1919 τιμὴν
729 1849 824 1901 τοῦ
855 1852 1220 1919 συναγομένου
1247 1851 1341 1903 ἐπὶ
1382 1850 1457 1903 λε’
1486 1853 1665 1903 ἐνιαυ-

111 1941 232 2000 τοὺς,
260 1940 361 1991 ἀπὸ
388 1938 486 1991 τοῦ
518 1940 780 2009 ληγάτου’
814 1940 954 1993 ὥστε
1016 1941 1204 2010 μέντοι
1245 1942 1305 1995 τὸ
1336 1943 1551 2012 τίμημα
1583 1945 1661 2005 είς

110 2030 159 2082 τὸ
182 2030 441 2101 συμφέρον
465 2030 565 2084 τοῦ
594 2032 893 2102 σεϐασμίου
918 2030 1073 2085 οἴκου
1097 2026 1140 2101 ᾧ
1168 2033 1499 2103 κατελείφθη
1525 2050 1660 2104 προ-

112 2126 345 2190 χωρῆσαι.

181 2214 306 2266 Ἡδὲ
337 2214 426 2283 μη’
449 2214 593 2269 διάτ.
623 2214 718 2268 τοῦ
753 2222 801 2284 γ’
839 2216 941 2269 τίτ.
974 2216 1069 2270 τοῦ
1109 2224 1156 2270 α’
1194 2217 1336 2287 βιϐλ.
1368 2216 1554 2287 φησὶν,
1579 2218 1661 2270 ὅτι

115 2307 403 2375 ἐρρωμένως
433 2325 519 2370 τις
563 2307 767 2379 γράφει
809 2311 934 2371 τοὺς
977 2310 1357 2379 αἰχμαλώτους
1405 2309 1663 2380 κληρονόο

117 2414 251 2463 μους,
281 2400 367 2449 καὶ
394 2398 667 2467 λαμϐάνει
707 2400 806 2469 τὴν
846 2400 1212 2470 κληρονομίαν
1257 2404 1284 2454 ὁ
1326 2402 1659 2467 ἐπίσκοπος,

117 2488 193 2538 καὶ
224 2490 247 2538 ὁ
282 2490 371 2557 τῆς
400 2490 611 2553 πόλεως
652 2492 935 2561 οἰκονόμος
972 2494 1029 2545 ἐν
1145 2491 1242 2561 τὴν
1264 2491 1478 2561 οἴκησιν
1516 2488 1659 2560 εἷχε,

117 2582 190 2631 καὶ
226 2581 523 2634 δαπανῶσιν
569 2585 654 2646 εἰς
699 2585 1005 2655 ἀνάρρυσιν
1053 2583 1437 2654 αἰχμαλώτων,
1493 2583 1525 2654 ἢ
1564 2583 1663 2645 τὰς

118 2673 255 2739 τιμὰς
298 2674 396 2725 τῶν
446 2677 814 2745 πραγμάτων,
844 2676 878 2747 ἢ
909 2678 1008 2740 τὰς
1050 2676 1344 2746 προσόδους
1388 2676 1498 2729 τῶν
1537 2675 1658 2729 ἀκμ

119 2768 279 2829 νήτων.
305 2767 373 2836 μὴ
397 2768 887 2838 παρακρατοῦντες
919 2768 1218 2838 φαλκίδιον·
1253 2768 1345 2821 καὶ
1375 2769 1659 2835 ἐνάγονται

122 2857 193 2908 ἐπι
244 2862 342 2921 τοῖς
404 2862 589 2929 χρέεσι
620 2876 634 2889 ·
695 2862 791 2912 καὶ
864 2864 991 2923 τοὺς
1044 2859 1293 2929 πτωχούς
1346 2876 1430 2922 τις
1482 2859 1661 2922 καλῶς

122 2952 288 3015 γρὰφει
352 2952 755 3022 κληρονόμους,
818 2953 913 3006 καὶ
972 2952 1068 3006 ἐὰν
1146 2953 1222 3023 μὴ
1303 2950 1664 3022 προσδιορίσῃ

124 3042 313 3105 ποίους,
367 3046 394 3097 ὁ
428 3044 713 3115 νξενοδόχος
770 3045 871 3113 τῆς
910 3044 1080 3114 αὐτῆς
1128 3045 1334 3107 πόλεως
1394 3042 1663 3112 λαμϐάνει

123 3132 177 3181 τὰ
204 3134 512 3203 πράγματα,
551 3137 654 3189 καὶ
703 3138 769 3189 ὲκ
800 3136 899 3206 τῆς
937 3136 1283 3205 διαπράσεώς
1321 3135 1501 3188 αὐτῶν
1534 3136 1663 3201 ἁγο-

129 3224 249 3290 ράξιι
298 3228 566 3295 πρόσοδον.
608 3230 669 3281 El
702 3229 759 3281 δὲ
806 3228 987 3281 πολλοὶ
1036 3228 1259 3292 ξενῶνές
1303 3229 1446 3281 εἰσιν
1490 3229 1547 3279 ἐν
1596 3228 1660 3294 τῇ
1693 3255 1733 3312 C

127 3314 268 3380 πόλει,
296 3319 321 3369 ὁ
344 3319 691 3390 ἀπορώτερος
720 3322 861 3374 αὐτὰ
891 3320 1179 3389 λαμϐάνει,
1207 3321 1275 3373 τὸ.
1310 3321 1439 3390 περὶ
1471 3318 1661 3371 τούτου

125 3406 462 3477 ἱοκιμάζοντος
486 3412 580 3466 τοῦ
618 3413 917 3466 ἐπισκόπου
945 3414 1037 3465 καὶ
1067 3411 1178 3465 τῶν
1208 3411 1299 3465 ὑπ’
1340 3411 1502 3464 αὑτὸν
1533 3410 1664 3479 κλη-

131 3498 297 3567 ρικῶν·
336 3504 381 3554 εἰ
410 3504 463 3556 δὲ
498 3505 575 3575 μὴ
609 3504 720 3573 ἔχει
767 3502 972 3569 ξενῶνα
1020 3504 1053 3571 ὴ
1105 3503 1284 3563 πόλις,
1321 3501 1664 3568 διανέμονται

130 3588 185 3641 τὰ
213 3593 480 3662 πράγματα
514 3598 623 3650 ὑπὸ
646 3596 739 3649 τοῦ
772 3596 1068 3649 ἐπισκόπου
1099 3593 1132 3663 ἢ
1162 3592 1254 3647 τοῦ
1277 3592 1562 3659 οίκονόμου
1587 3593 1665 3653 είς

131 3683 231 3745 τοὺς
252 3690 532 3760 πτωχοὺςῆ
568 3690 744 3752 ἄλλως
772 3689 997 3751 ἐνδεεῖς,
1034 3688 1107 3758 μὴ
1138 3683 1663 3757 παρακρατουμηένου

134 3775 391 3839 ςαλκιδίου.
424 3783 483 3834 El
512 3783 571 3835 δὲ
597 3780 916 3852 πρόδηλονῆ
950 3780 1143 3851 ἄδηλον
1172 3779 1343 3849 ὄνομα
1370 3777 1663 3848 ἐκκλησίας

134 3867 160 3936 ἢ
200 3870 397 3939 εὐαγοῦς
451 3874 603 3928 οἴκου
651 3874 860 3927 ἀπιδὼν
918 3872 1232 3937 κατέλιπεν,
1283 3870 1446 3933 αὐτὸς
1502 3869 1660 3940 μόνος

136 3960 384 4032 λαμϐάνει,
421 3970 492 4039 μὴ
522 3970 891 4037 ὑφιστάμενος
922 3966 1221 4034 (ιοοιλκίδιον⁸
1258 3967 1291 4034 ὴ
1333 3964 1391 4017 δέ
1439 3970 1486 4032 γ’
1518 3964 1659 4015 διάτ.

136 4053 209 4106 τοῦ
230 4056 268 4123 β’
285 4062 380 4113 τίτ.
406 4062 510 4115 τῶν
535 4059 768 4131 Νεαρῶν
791 4059 959 4127 λέγει,
991 4058 1072 4111 ὃτι
1100 4059 1207 4119 τοῖς
1238 4056 1432 4127 πένησι
1458 4054 1547 4108 διὰ
1566 4052 1660 4105 τοῦ

139 4144 386 4204 ἐπισκόπου
413 4154 779 4221 διανέμονται.

192 4240 282 4293 Καὶ
310 4245 340 4314 ἠ
371 4245 443 4315 νβ’
469 4246 608 4300 διάτ.
640 4245 734 4298 τοῦ
770 4243 812 4314 β’
842 4243 947 4296 τίτ.
986 4241 1079 4295 τοῦ
1124 4247 1171 4295 α’
1205 4240 1348 4311 βιϐλ.
1394 4243 1487 4294 τοῦ
1526 4241 1655 4295 κώδ.

141 4332 287 4398 φησὶν,
314 4334 389 4389 δτι
434 4338 527 4392 ἐάν
553 4354 639 4400 τις
675 4336 884 4407 βαρηθῇ
922 4335 1363 4388 ἀποκαταστάσει
1394 4335 1426 4405 ἢ
1457 4336 1661 4387 ὑποκαα

139 4426 349 4479 ταστάσει
373 4429 426 4495 ἐξ
457 4430 744 4493 ἀπαιδίας,
787 4429 881 4481 καὶ
923 4426 997 4498 μὴ
1032 4426 1265 4496 βουληθῇ
1294 4429 1544 4497 γαμῆσαι
1591 4426 1659 4477 δι’

143 4510 345 4585 ἄσκησιν,
374 4520 513 4589 μένει
537 4521 676 4591 ἔχων
699 4518 769 4571 τὰ
788 4518 1109 4589 πράγματα,
1134 4518 1227 4570 καὶ
1248 4518 1459 4587 δαπανᾷ
1484 4517 1658 4569 ταῦτα

1766 668 1859 737 qui
1884 683 2079 723 aurum
2109 669 2278 735 dedit,
2303 670 2407 725 sibi
2438 671 2737 727 obnoxium
2758 673 2919 729 habet
2944 692 3067 729 eum
3094 679 3186 747 qui
3213 696 3339 735 cum

1769 761 1888 830 ipso
1934 761 2235 827 contraxit,
2287 764 2517 834 ejusque
2565 766 2827 833 haeredes,
2879 778 2939 823 ut
2971 768 3215 838 ejusdem
3251 773 3335 827 tit.

1766 862 1941 908 const.
1971 854 2061 908 55.
2091 854 2327 927 [tradit.]

1841 947 2058 1003 Textus.
2093 948 2284 1003 Const.
2329 965 2455 1004 vero
2481 951 2533 1011 5,
2573 951 2653 1005 tit.
2684 950 2718 1003 2
2744 949 3090 1006 Novellarum
3133 954 3199 1007 de
3226 956 3336 1010 hu-

1760 1037 2006 1107 jnsmodi
2056 1039 2233 1109 legato
2276 1040 2449 1094 dicit:
2492 1038 2549 1093 Si
2600 1042 2691 1110 qui
2745 1039 2845 1112 [id]
2891 1057 3085 1111 capere.
3125 1053 3177 1096 et
3207 1045 3339 1099 dare

1763 1128 1905 1197 jussi
1940 1138 2090 1193 sunt,
2126 1139 2220 1183 aut
2248 1130 2402 1185 locus
2445 1147 2507 1183 ex
2545 1148 2653 1200 quo
2688 1134 3042 1186 constitutum
3081 1143 3163 1187 ιιι-ι
3196 1136 3336 1197 dari,

1771 1221 1827 1275 in
1858 1220 2048 1274 eadem
2081 1232 2177 1275 aut
2204 1222 2381 1276 vicina
2432 1224 2712 1291 provincia
2745 1225 2874 1289 sint,
2908 1240 2976 1279 ne
3019 1241 3128 1294 quo
3177 1228 3338 1281 modo

1769 1312 1899 1366 illud
1936 1315 2239 1376 alienetur;
2274 1316 2358 1369 sin
2408 1315 2461 1369 in
2509 1317 2893 1371 remotioribus
2928 1319 3037 1370 sint
3070 1318 3333 1386 partibus,

1767 1404 1896 1460 licet
1926 1414 2161 1476 utroque
2194 1408 2567 1462 consentiente
2612 1409 2849 1462 vicinum
2882 1408 3162 1481 [aliquem]
3196 1410 3337 1463 redi-

1767 1504 1884 1551 tum
1917 1501 2139 1552 uberem
2190 1514 2369 1567 neque
2404 1501 2590 1555 multis
2621 1502 3064 1569 praestationibus
3098 1518 3335 1570 pratgra-

1767 1598 1977 1651 vatum,
2005 1604 2129 1642 cum
2159 1594 2476 1644 accessione
2504 1591 2824 1659 quadrantis
2869 1593 3070 1646 relicta:
3115 1593 3335 1661 quanti-

1767 1679 1918 1745 tatis,
1950 1696 2045 1749 pro
2080 1681 2170 1734 illo
2200 1681 2341 1749 capi.
2373 1681 2429 1734 Si
2462 1695 2590 1735 vero
2622 1684 2856 1736 vendere
2886 1683 3119 1753 legatum
3148 1684 3333 1747 velint,

1769 1785 1836 1823 ne
1883 1770 2066 1824 minus
2113 1771 2271 1841 pretii
2304 1774 2528 1827 nomine
2570 1773 2815 1841 capiant,
2848 1789 3009 1842 quam
3045 1790 3111 1829 ex
3159 1774 3334 1844 legato

1772 1875 1865 1928 per
1904 1861 2126 1930 triginta
2156 1862 2400 1931 quinque
2446 1878 2621 1916 annos
2650 1863 2934 1932 colligatur
2962 1880 2975 1917 :
3023 1865 3097 1917 ita
3130 1872 3332 1926 taxeen,

1770 1960 1829 2006 ut
1878 1955 2111 2021 pretium
2168 1953 2234 2006 ad
2287 1955 2577 2009 utilitatem
2634 1956 2960 2010 venerabilis
2994 1958 3211 2021 domus,
3246 1956 3334 2009 cui

1766 2044 2012 2098 relictum
2042 2054 2144 2109 est,
2186 2045 2459 2114 procedat.

1837 2199 2060 2254 Textus.
2096 2199 2288 2253 Const.
2330 2199 2420 2264 48,
2452 2200 2536 2253 tit.
2571 2200 2626 2264 5,
2663 2201 2757 2255 lib.
2788 2217 2825 2265 ι,
2859 2201 2933 2254 ait
2964 2219 2977 2255 :
3021 2199 3177 2265 Quod
3211 2200 3335 2270 quis

1763 2301 1912 2347 recte
1972 2293 2218 2361 captivos
2261 2292 2521 2360 [lucredes
2564 2294 2798 2359 scribat,
2855 2294 3335 2369 hacreditatcmque

1763 2384 2055 2454 episcopus
2085 2393 2139 2439 et
2165 2400 2489 2439 oeconomus
2524 2386 2780 2446 civitatis,
2826 2387 2877 2439 in
2914 2400 3019 2454 qua
3059 2384 3332 2458 [testator]

1764 2478 1934 2531 larem
1978 2478 2131 2543 fovit,
2166 2478 2494 2544 suscipiant,
2533 2478 2625 2545 qui
2663 2486 2756 2530 aut
2787 2492 2970 2530 rerum
3007 2478 3201 2546 pretia,
3241 2488 3336 2530 aut

1766 2571 2135 2624 immobilium
2189 2571 2398 2624 reditus
2448 2570 2500 2622 in
2535 2569 2960 2637 redemptionem
2992 2570 3332 2639 captivorum

1766 2672 2131 2717 consumant:
2164 2672 2217 2714 et
2251 2659 2407 2732 [non]
2441 2669 2648 2714 retenta
2674 2659 2910 2713 Falcidia
2942 2661 3337 2714 conveniantur

1765 2763 1987 2824 propter
2023 2752 2225 2806 debita.
2261 2751 2348 2814 Et,
2374 2750 2568 2821 [quod]
2601 2766 2866 2819 pauperes
2902 2761 3050 2805 recte
3077 2752 3197 2821 quis
3226 2751 3337 2805 hae-

1766 2850 1920 2899 rezles
1952 2846 2177 2907 scribat,
2211 2862 2273 2897 ac
2306 2843 2466 2915 [tum]
2501 2848 2544 2898 si
2579 2859 2682 2896 non
2725 2845 2970 2904 deliniat,
3011 2860 3149 2913 quos
3200 2842 3337 2916 [haz-

1766 2953 1823 2989 re
1849 2939 1922 2989 Pes
1957 2951 2077 2989 esse
2121 2933 2273 3005 velit]
2313 2936 2665 2989 xenodothus
2705 2936 2864 3005 116
2900 2937 3143 3005 ejusdem
3188 2936 3336 2993 urbis

1766 3028 2060 3082 facultates
2097 3027 2300 3095 capiat,
2344 3035 2396 3080 et
2425 3042 2489 3079 ex
2529 3028 2843 3080 venditione
2890 3027 3100 3079 illarum
3134 3029 3338 3080 reditus

1766 3131 2071 3190 comparet.
2113 3119 2168 3173 St
2198 3134 2327 3171 vero
2370 3119 2526 3172 multi
2565 3134 2804 3172 renones
2852 3120 2903 3171 in
2937 3118 3160 3172 civitate
3206 3120 3335 3176 sint.

1766 3213 2152 3283 pauperrimus
2208 3212 2329 3265 illas
2371 3211 2593 3279 capiat:
2632 3226 2753 3263 eam
2807 3209 3035 3282 [autem]
3081 3226 3193 3264 rem
3228 3212 3341 3279 epi-

1768 3321 1968 3374 scopus
2002 3314 2058 3359 et
2085 3306 2188 3359 sub
2221 3307 2342 3373 ipso
2376 3303 2659 3358 constituti
2692 3304 2875 3357 clerici
2911 3304 3226 3356 discutiant.
3269 3304 3338 3355 At

1767 3396 1812 3451 si
1846 3397 2045 3451 civitas
2080 3412 2349 3450 xenonem
2384 3412 2490 3449 non
2526 3396 2743 3458 habeat,
2782 3410 2868 3448 res
2900 3410 2995 3464 per
3023 3397 3336 3464 episc0pnm

1766 3501 1861 3543 aut
1893 3506 2240 3545 meonomum
2271 3490 2322 3542 in
2359 3505 2625 3559 pauperes
2660 3490 2929 3558 alioquive
2981 3504 3181 3558 egenos
3230 3504 3337 3542 non

1766 3588 1976 3635 retenta
2010 3577 2253 3632 Falcidia
2276 3576 2699 3631 distribuantur.
2725 3578 2819 3629 Sin
2847 3586 3026 3630 autem
3052 3577 3104 3629 in
3130 3586 3334 3632 certam

1766 3687 2090 3743 personam.
2144 3669 2586 3724 venerabilemve
2633 3677 2841 3723 certam
2892 3669 3112 3724 domum
3162 3670 3338 3738 respi-

1765 3770 1918 3822 ciens
1948 3764 2230 3835 reliquerit
2261 3782 2273 3817 :
2309 3763 2397 3815 illa
2440 3762 2553 3815 sola
2592 3763 2759 3831 capit,
2804 3778 2913 3815 non
2958 3763 3181 3816 sultiens
3214 3762 3338 3815 Fal-

1764 3862 1987 3914 cidiam.
2056 3858 2286 3913 Constit.
2355 3870 2504 3909 vero.
2556 3854 2609 3907 5.
2665 3857 2750 3910 tit.
2798 3857 2834 3909 2
2886 3856 3231 3909 Novellarutn
3284 3854 3335 3909 id

1766 3968 2031 4022 pauperes
2064 3967 2159 4021 per
2188 3952 2503 4021 episcopum
2535 3948 2790 4005 distribui
2813 3948 2909 4002 ait.

1836 4228 1901 4281 Et
1929 4236 2108 4283 const.
2136 4228 2223 4291 5‘2,
2257 4226 2342 4280 tit.
2367 4226 2422 4290 9.,
2451 4227 2544 4279 lib.
2580 4242 2620 4289 ι,
2657 4225 2783 4279 coll.
2816 4225 2912 4288 ait,
2955 4223 3099 4293 quod
3135 4222 3181 4276 si
3211 4222 3337 4291 quis

1766 4327 2026 4388 gravetur
2076 4319 2474 4372 substitutione
2520 4325 2615 4369 aut
2654 4315 3035 4379 restitutione,
3084 4314 3127 4367 si
3180 4314 3336 4367 liberi

1765 4428 1874 4465 non
1908 4411 2196 4473 exsistant,
2222 4423 2286 4462 ac
2323 4409 2515 4462 nolens
2562 4408 2973 4461 matrimonium
3014 4410 3339 4461 contrahere

1769 4503 2036 4571 suscipiat
2066 4504 2230 4555 vitam
2266 4501 2647 4563 monasticam,
2690 4514 2775 4552 res
2808 4498 3073 4572 [relictas]
3119 4500 3170 4552 in
3209 4514 3336 4569 per-

143 4608 323 4673 περιὼν,
354 4610 383 4679 ἦ
417 4610 813 4680 καταλιμπάνει
847 4611 921 4671 ὡς
957 4610 1122 4672 θέλει,
1151 4609 1389 4671 εὐσεϐῶς
1450 4609 1653 4678 μέντοι.

1769 4605 1990 4664 petuum
2027 4593 2260 4655 retineat
2292 4610 2305 4645 :
2351 4607 2415 4646 ac
2454 4592 2582 4645 dum
2623 4600 2894 4659 superest,
2930 4591 3191 4656 insumat,
3242 4601 3339 4645 aut

145 4695 191 4747 Εί
214 4699 259 4750 δὲ
282 4703 363 4753 καὶ
382 4705 479 4757 ὑπὸ
499 4707 709 4775 αἵρεσιν
732 4703 1071 4765 παιδοποιίας
1094 4701 1427 4771 καταλειφθῇ
1452 4703 1655 4768 αὐτοῖς,

146 4788 315 4857 ἔχουσιν
340 4796 461 4847 αὐτὸ
504 4799 598 4849 καὶ
648 4796 721 4865 μὴ
760 4793 1224 4856 παιδοποιοῦντες.
1271 4794 1343 4844 Τὸ
1398 4792 1529 4844 αὐτὸ
1566 4791 1661 4845 καὶ

146 4878 215 4930 ἐπὶ
246 4884 671 4955 παρθενευούσαις
694 4885 787 4938 καὶ
816 4886 1046 4953 ἐπὶλτοῖς
1070 4885 1268 4952 γαμεῖν
1292 4882 1658 4951 κωλυομένοις

147 4966 393 5037 κληρεκοῖς·
431 4977 542 5044 ἠδὲ
576 4976 617 5045 β’
651 4975 788 5029 διάτ.
823 4973 916 5026 τοῦ
949 4973 996 5025 α’
1025 4974 1132 5027 τίτ.
1173 4973 1280 5025 τῶν
1316 4973 1544 5042 Νεαρῶν
1574 4971 1662 5023 λέ-

148 5072 241 5124 Υει.
266 5062 335 5116 ὅτι
371 5068 398 5117 ό
440 5068 810 5137 βεϐαρημένος
852 5066 1072 5136 ληγάτῳ
1111 5065 1145 5136 ἦ
1182 5066 1658 5129 ἁποκαταστάσει,

151 5147 231 5200 ὑπὸ
253 5155 437 5223 αἰρεσιν
471 5160 645 5230 γάμου
673 5159 705 5229 ἢ
736 5158 992 5220 ἀπαιδίας
1015 5194 1032 5221 ,
1066 5158 1099 5225 ἢ
1140 5156 1235 5209 ἐὰν
1274 5156 1416 5209 οὔτω
1438 5155 1657 5228 δωρηθῇ

150 5236 174 5304 ἢ
208 5241 318 5313 ὲαθῇ
354 5263 481 5311 τινι,
532 5251 625 5303 καὶ
670 5234 895 5319 γένηται
939 5248 1233 5318 κληρικὸς,
1268 5247 1301 5317 ἢ
1332 5247 1597 5317 μοναχὸς,
1627 5248 1660 5319 ἢ

151 5325 440 5403 διακόνισσα,
472 5340 503 5411 ἢ
535 5342 841 5411 ἀσκήτρια,
892 5339 1175 5392 σϐέννυται
1207 5341 1240 5410 ἡ
1273 5340 1662 5393 ἀποκατάσταο

154 5433 247 5481 σις’
288 5426 386 5479 ἀλλ’
428 5432 514 5484 ἐπὶ
562 5433 659 5500 μὲν
690 5432 797 5483 τῶν
845 5430 1123 5501 κληρικῶν
1170 5432 1263 5484 καὶ
1308 5430 1662 5483 διακονισσῶν

154 5509 237 5564 τῶν
262 5516 552 5592 ἐκκλησιῶν,
584 5526 671 5577 ὅτε
699 5525 856 5595 μέχρι
884 5525 982 5593 τῆς
1020 5523 1155 5586 ἰδίας
1183 5522 1328 5591 ζωῆς
1358 5526 1466 5585 τοῖς
1491 5521 1665 5575 τοιού-

155 5614 242 5665 τοις
265 5606 560 5677 ἐπιμένοιεν,
602 5616 694 5667 καὶ
725 5615 793 5666 τὰ
823 5614 925 5665 ὑπὸ
963 5611 1217 5681 τοιαύτην
1251 5612 1458 5681 αἵρεσιν
1484 5610 1662 5681 δωρη-

159 5688 286 5747 θέντα
319 5699 348 5770 ἢ
387 5704 800 5773 καταλειφθέντα
827 5743 843 5769 ,
892 5704 1129 5765 εὐσεϐῶς
1173 5703 1577 5773 δαπανήσουσιν
1624 5701 1661 5773 ἢ

157 5786 510 5849 καταλίπουσιν.
542 5798 603 5849 Οἱ
648 5796 754 5865 γὰρ
786 5797 1009 5866 μοναχοὶ
1040 5796 1134 5848 καὶ
1177 5795 1474 5866 ἀσκήτριαι
1501 5832 1519 5864 ,
1560 5794 1665 5847 κᾶν

160 5871 246 5923 τῶν
267 5888 810 5960 μοναστηρίωνμὺτῶν
837 5886 1146 5952 ἐξέλθωσιν,
1170 5886 1319 5957 ὅμως
1346 5885 1415 5940 τὰ
1445 5885 1666 5939 τοιαῦτα

1762 4684 2037 4752 relinquat
2066 4681 2345 4751 quomodo
2376 4680 2510 4741 vult,
2556 4680 2855 4735 dummodo
2901 4682 2954 4735 in
3006 4682 3126 4751 pios
3182 4698 3335 4736 usus.

1764 4772 1965 4845 [Quod]
2006 4773 2217 4829 etiamsi
2266 4773 2370 4826 sub
2415 4773 2725 4826 conditione
2760 4772 3231 4842 suscipiendorum
3271 4774 3337 4827 li-

1764 4870 2021 4924 berorum
2053 4869 2160 4922 illis
2185 4868 2433 4921 relictum
2467 4869 2535 4920 sit
2561 4866 2812 4938 [aliquid]
2863 4868 2914 4920 id
2965 4867 3216 4932 habeant,
3257 4876 3337 4920 ta-

1764 4963 1926 5017 metsi
1971 4962 2170 5015 liberos
2204 4976 2315 5014 non
2353 4961 2679 5028 suscipiant.
2712 4959 2798 5029 [Et
2826 4958 2993 5030 quod]
3025 4960 3127 5012 hoc
3157 4960 3335 5027 ipsum

1768 5052 2064 5125 [obtineat]
2097 5061 2151 5107 et
2186 5052 2239 5106 in
2268 5052 2568 5122 virginitati
2602 5052 2883 5106 servandae
2917 5050 3192 5103 obstrictis
3226 5065 3341 5103 mu-

1765 5146 2014 5212 lieribus,
2046 5155 2099 5200 et
2140 5146 2196 5200 in
2247 5145 2659 5199 matrimonium
2695 5143 3019 5197 contrahere
3048 5140 3339 5210 prohibitis

1764 5239 1999 5294 clericis.
2039 5238 2269 5292 Constit.
2307 5237 2362 5298 2,
2411 5237 2555 5291 lib.t
2596 5234 2939 5289 Novellarum
2981 5232 3134 5297 dicit,
3169 5233 3338 5301 quod,

1768 5330 1812 5383 si
1845 5330 2048 5398 legato,
2077 5336 2172 5382 aut
2202 5329 2550 5381 restitutione
2579 5336 2836 5395 gravatus
2881 5326 2982 5378 sub
3022 5324 3340 5377 conditione

1766 5421 2101 5489 nuptiarum,
2147 5420 2229 5472 vel
2285 5419 2331 5472 si
2385 5418 2542 5471 liberi
2597 5433 2704 5471 non
2747 5418 3031 5480 exsistant,
3081 5416 3339 5480 clericus,

1768 5510 2093 5572 monachus,
2124 5509 2462 5570 diaconissa,
2500 5507 2580 5559 vel
2633 5506 2860 5559 ascetria
2906 5503 3019 5569 liat,
3062 5503 3345 5557 restitutio

1766 5608 2173 5676 exstinguatur.
2227 5601 2292 5655 Et
2324 5601 2513 5674 [quod]
2557 5599 2737 5653 clerici
2783 5613 2846 5651 ac
2889 5598 3210 5651 diacooissm
3253 5609 3346 5647 co-

1767 5698 2083 5761 clesiarnm,
2113 5696 2333 5767 quando
2366 5709 2539 5764 usque
2581 5693 2645 5745 ad
2680 5690 2839 5744 ﬁnem
2870 5689 2992 5742 vitae
3036 5704 3148 5743 sua:
3178 5687 3233 5740 in
3268 5686 3347 5740 iis

1768 5791 2197 5861 permanserint,
2236 5788 2339 5843 sub
2374 5788 2473 5841 hac
2520 5783 2836 5868 conditione
2879 5782 3080 5836 donata
3122 5778 3206 5832 vel
3250 5792 3343 5833 re-

1771 5884 1922 5947 licta,
1952 5880 2007 5936 in
2040 5883 2161 5951 pios
2196 5895 2328 5936 usus
2372 5879 2647 5934 insumere
2691 5881 2787 5931 aut
2830 5872 3139 5942 relinquere
3189 5879 3341 5941 poto:
