3994 6406
600 454 705 517 575
1518 416 1544 453 ³
1779 454 2033 514 PIIO’I'II
2057 412 2571 515 .PATRIARCIL‘E
2612 454 2719 514 cr.
3742 460 3838 522 576

599 576 748 621 runt.
786 566 842 619 Si
926 572 1109 619 autem
1146 564 1396 618 monachi
1434 572 1528 617 aut
1572 564 1818 618 ascetrizn
1860 565 2181 620 monasteria

2292 565 2590 636 πράγματα
2627 563 2764 633 μετά
2810 562 2916 616 τῶν
2949 561 3125 615 ἀλλων
3169 563 3516 633 πραγμάτων
3547 564 3653 626 τοῖς
3696 582 3836 633 μονα·

598 662 884 723 dcserant,
918 661 1225 715 istiusmodi
1278 676 1365 716 res
1400 676 1524 715 cum
1563 661 1684 715 aliis
1733 660 1977 729 ipsorum
2020 663 2179 717 bonis

600 752 666 805 ad
700 751 1031 805 monasteria
1056 751 1348 818 pertinere.
1380 749 1436 803 Si
1464 759 1644 805 tamen
1666 752 1731 804 ad
1752 751 2179 821 redemptionem

602 843 945 910 captivorum
988 852 1082 897 aut
1112 843 1270 911 117
1292 843 1688 897 cxhibitionem
1721 859 2020 914 pauperum
2043 859 2182 913 pra:-

604 934 765 988 dietis
835 934 1240 995 conditionibus
1289 935 1608 990 substitutio
1659 936 1794 1003 ﬁat,
1837 936 1988 992 nullo
2038 952 2179 1007 pra:-

602 1026 876 1079 dictorurn
914 1024 1201 1078 modorum
1239 1024 1429 1097 [hanc]
1461 1027 1700 1081 excludi.

674 1121 818 1174 Dicit
856 1136 1022 1191 porro
1052 1122 1103 1187 1,
1133 1136 1309 1191 caque
1341 1125 1502 1178 unica
1537 1132 1718 1180 const.
1757 1125 1822 1179 tit
1849 1126 1936 1193 48,
1971 1126 2068 1181 lib.
2103 1142 2178 1184 vr.

603 1213 728 1267 cod.
762 1214 942 1268 valere
980 1214 1124 1283 quod
1168 1214 1497 1283 relinquitur
1532 1215 1685 1270 licito
1742 1214 2023 1289 [cuipiam]
2069 1220 2179 1273 col-

604 1306 746 1375 legio
772 1314 866 1359 aut
898 1306 1142 1376 corpori,
1178 1290 1391 1361 clericis
1418 1308 1643 1377 collegis
1672 1318 1820 1377 puta,
1849 1317 1944 1363 aut
1991 1310 2178 1376 curiae,

603 1405 698 1451 aut
729 1396 937 1451 cohorti
990 1397 1260 1466 praesulis,
1304 1408 1395 1452 aut
1435 1400 1680 1466 medicis,
1726 1408 1819 1453 aut
1847 1401 2178 1465 doctoribus,

604 1497 699 1542 aut
723 1488 1015 1555 advocatis,
1054 1499 1147 1543 aut
1179 1490 1461 1553 militibus,
1493 1500 1586 1545 aut
1610 1490 1853 1559 ejusdem
1895 1494 2028 1548 artis
2065 1494 2182 1563 opi-

603 1580 819 1644 ﬁcihus,
850 1580 1358 1645 autsacerdotihus,
1400 1583 1746 1651 autcuipiam
1770 1584 1897 1639 alii:
1930 1594 1983 1640 et
2014 1585 2178 1640 dividi

601 1671 811 1725 viritim
877 1687 942 1725 ex
975 1687 1131 1742 aequo
1163 1672 1275 1744 [iis]
1305 1676 1398 1743 qui
1431 1682 1673 1744 tempore
1720 1678 1913 1732 mortis
1972 1677 2024 1731 in
2057 1678 2179 1733 albo

545 1826 557 1838 .
605 1764 945 1833 reperiantur
975 1775 1370 1837 :praeterquam
1400 1769 1445 1824 si
1470 1780 1671 1824 certam
1691 1772 2048 1841 quantitatem
2072 1785 2179 1828 tes-

605 1861 750 1907 tatur
781 1855 1075 1926 unicuique
1104 1859 1431 1924 attribuerit,
1454 1869 1508 1915 et
1529 1861 1581 1914 in
1607 1861 1713 1917 ﬁne
1732 1863 1974 1933 ejusdem
1999 1872 2176 1920 const.

2293 656 2533 726 στηρίοις
2559 655 2827 723 διαφέρει’
2856 655 2904 707 εἰ
2935 654 2989 707 δὲ
3021 654 3115 706 ἐπὶ
3145 654 3446 726 ἀναρρύσει
3474 655 3843 724 αἰχμαλώτων,

2288 748 2320 817 ἢ
2354 748 2584 817 πτωχῶν
2614 749 2897 816 ἀποτροφῇ
2945 746 3050 799 ὑπὸ
3080 746 3177 810 τάς
3220 747 3518 817 εἰρημένας
3557 747 3783 815 αἱρέσεις
3818 750 3847 815 ἡ

2289 822 2726 902 ὑποκατάστασις
2758 840 3021 909 γένηται,
3071 839 3132 904 ἐξ
3158 839 3372 904 οὐδενὸς
3401 839 3513 893 τῶν
3557 840 3848 909 εἰρημένων

2287 931 2638 985 ἀποκλείεται
2680 932 2915 1001 τρόπων.
3154 918 3157 921 Δ

2356 1110 2519 1179 Λέγει
2551 1110 2607 1164 δὲ
2629 1110 2722 1164 καὶ
2755 1110 2788 1180 ὴ
2818 1116 2868 1163 α’
2909 1110 3002 1164 καὶ
3032 1110 3165 1183 μόνη
3212 1111 3349 1166 διάτ.
3372 1110 3468 1163 τοῦ
3507 1108 3600 1180 μη¹
3634 1109 3741 1163 τίτ.
3766 1109 3849 1162 τοῦ

2290 1200 2342 1267 ς’
2384 1202 2524 1273 βιϐλ.
2551 1203 2646 1256 τοῦ
2699 1202 2830 1257 κώδ.
2865 1202 2945 1256 ὅτι
2970 1202 3209 1274 ἔρῤωται
3233 1203 3294 1255 τὸ
3320 1202 3851 1273 καταλιμπανόμενον

2289 1293 2497 1364 θεμιτῷ
2514 1293 2837 1364 συστήματι,
2861 1294 2893 1361 ἢ
2928 1292 3243 1363 σωματείῳ,
3270 1286 3383 1345 οἷον
3411 1292 3796 1363 συγκλητικῆς,
3822 1294 3851 1362 ἢ

2291 1385 2473 1456 βουλῇ,
2505 1384 2539 1456 ἦ
2569 1384 2720 1449 τάξει
2758 1383 3038 1455 ἄρχοντος,
3084 1385 3118 1455 ἢ
3163 1385 3388 1454 ἰατροῖς,
3423 1383 3455 1453 ἢ
3504 1383 3853 1449 διδασκάλοις,

2287 1480 2318 1543 ἢ
2352 1478 2689 1549 συνηγόροις,
2713 1477 2748 1546 ἢ
2780 1474 3157 1545 στρατιώταις,
3186 1476 3219 1546 ἢ
3254 1476 3593 1546 ὁμοτέχνοις,
3620 1474 3652 1545 ἢ
3688 1476 3851 1545 ἰερεῦο

2290 1588 2390 1637 σιν,
2416 1570 2449 1640 ἢ
2479 1569 2651 1639 ἑτέρῳ
2672 1567 2799 1621 τινί·
2833 1568 2930 1621 καὶ
2963 1566 3277 1639 μερίζονται
3320 1567 3461 1620 κατά
3494 1566 3780 1636 πρόσωπον
3806 1566 3855 1629 ἐξ

2290 1664 2403 1716 ἴσου
2432 1661 2482 1715 οἰ
2527 1663 2585 1715 ὲν
2613 1661 2691 1732 τῷ
2716 1658 2896 1731 καιρῷ
2938 1660 3037 1729 τῆς
3084 1658 3344 1728 τελευτῆς
3385 1658 3447 1709 ὲν
3479 1656 3562 1727 τῷ
3591 1655 3856 1725 καταλόγῳ

2287 1754 2682 1822 εὑρισκόμενοι,
2710 1752 2757 1805 εἰ
2785 1751 2856 1821 μὴ
2885 1749 3047 1819 ῥητὸν
3073 1748 3238 1802 ποσὸν
3256 1749 3285 1800 ὁ
3309 1746 3628 1816 διαθέμενος
3653 1746 3855 1815 ἑκάστῳ

2286 1844 2482 1914 ὁρίσει·
2507 1844 2601 1898 καὶ
2629 1844 2686 1896 ὲν
2710 1842 2787 1911 τῷ
2813 1840 2961 1894 τέλει
2986 1842 3087 1903 τῆς
3118 1839 3288 1908 αὐτῆς
3309 1838 3447 1891 διατ.
3468 1839 3553 1891 ὅτι
3582 1837 3676 1890 ἐὰν
3704 1854 3858 1907 προσ-

608 1944 874 2017 [dicitur],
901 1950 1065 2017 quod,
1088 1951 1134 2004 si
1168 1951 1335 2005 semel
1366 1962 1459 2006 aut
1486 1967 1690 2007 annum
1722 1954 1775 2009 in
1798 1955 1918 2025 pios
1945 1971 2078 2012 usus
2102 1971 2181 2012 re-

2287 1937 2432 2004 άπαξ
2477 1937 2510 2009 ἢ
2570 1936 2786 2007 ἐτήσιον
2868 1931 3205 2002 καταλειφθῇ
3264 1929 3528 2025 εὐσεδῶςν
3582 1927 3857 2025 ἦ-έκκληξ

606 2037 793 2091 lictum
825 2041 895 2093 sit
919 2039 1168 2113 [aliquid]
1205 2052 1296 2097 aut
1316 2044 1587 2112 ecclesiis,
1618 2054 1713 2101 aut
1738 2048 2065 2113 xenonibus,
2089 2058 2183 2104 aut

606 2128 860 2197 ptochiis,
900 2140 996 2185 aut
1038 2134 1443 2191 venerabilibus
1472 2137 1750 2199 domibus.
1782 2149 1877 2194 aut
1906 2142 2183 2197 communi

603 2219 824 2287 clerico,
854 2232 949 2276 aut
972 2222 1038 2277 ad
1053 2226 1388 2293 captivorum
1419 2226 1863 2299 redemptionem,
1888 2230 2025 2302 [aut]
2053 2231 2184 2300 ipsis

604 2310 959 2379 pauperibus,
985 2316 1065 2367 vel
1114 2317 1363 2385 captivis,
1398 2318 1571 2373 valeat
1607 2320 1880 2377 defunctis
1909 2324 2179 2380 voluntas.

676 2400 847 2475 [Lib.]
886 2403 1058 2460 lnstit.
1084 2408 1138 2473 5,
1159 2409 1242 2463 tit.
1261 2410 1350 2467 27.
1379 2410 1629 2483 [habetur
1649 2412 1702 2486 :]
1731 2413 2003 2470 Interdum
2036 2419 2182 2488 quod

604 2510 701 2563 per
738 2511 979 2552 errorem
1016 2515 1125 2554 non
1156 2502 1417 2569 debitum,
1451 2505 1689 2559 solutum
1713 2515 1837 2587 est,‘
1855 2523 1960 2562 non
1988 2510 2185 2578 repeti-

605 2596 696 2640 tur
726 2628 744 2655 ,
788 2599 845 2642 ut
894 2589 948 2644 in
973 2590 1060 2657 iis,
1094 2608 1217 2662 quae
1253 2596 1658 2653 venerabilibus
1681 2598 1929 2655 domibus
1946 2601 2029 2655 vel
2056 2601 2183 2656 reli-

604 2678 782 2748 gionis
823 2682 906 2736 vel
940 2684 1153 2752 pictatis
1181 2686 1381 2741 intuitu
1420 2688 1595 2759 legata
1624 2697 1771 2744 sunt.
1806 2689 1974 2763 [Lib.]
2011 2691 2181 2747 lnstit.

606 2801 681 2850 Iv,
712 2786 795 2840 tit.
816 2787 902 2843 l6.
936 2789 1088 2855 Quod
1115 2793 1513 2848 venerabilibus
1540 2794 1677 2850 locis
1715 2796 1948 2865 legatum
1978 2806 2081 2864 est,
2116 2816 2185 2854 ex

603 2876 935 2935 inliciatione
960 2881 1284 2950 duplicatur.
1316 2883 1458 2939 Dicit
1500 2888 1661 2939 etiam
1683 2898 1857 2943 const.
1890 2887 1958 2955 2,
1992 2890 2076 2945 tit.
2125 2892 2181 2955 2,

602 2969 973 3039 Novellarum,
995 2977 1205 3046 quodjsi
1234 2982 1325 3047 qui
1355 2980 1663 3051 cuicunque
1684 2984 1977 3038 venerabili
1998 2985 2181 3039 domui

604 3062 826 3119 ublibel
842 3067 1152 3122 constitutae
1180 3069 1574 3128 infructuosam
1598 3079 1996 3145 possessionem
2016 3080 2185 3135 dona-

603 3155 802 3219 verint,
856 3158 1196 3215 vendiderint
1228 3163 1402 3218 aliove
1434 3166 1593 3221 modo
1633 3170 2053 3238 suppeditat-int,
2090 3182 2183 3225 aut

599 3244 814 3318 [etiam]
850 3249 1170 3319 reliquerint
1197 3272 1210 3307 :
1238 3254 1330 3309 ilta
1355 3258 1694 3326 publicorum
1724 3262 2052 3320 tributorum
2079 3283 2176 3321 no-
2207 3286 2252 3346 ο

600 3342 747 3396 mine
764 3357 870 3396 non
900 3343 1221 3413 oblzedatur,
1247 3365 1422 3420 neque
1449 3368 1775 3425 quacunque
1794 3358 1898 3413 alia
1921 3358 1989 3415 de
2014 3375 2179 3416 causa

600 3442 1014 3502 prmgravetur:
1067 3439 1161 3493 sed
1212 3456 1374 3498 omne
1417 3444 1725 3503 istiusmodi
1776 3466 2066 3529 gravamen
2122 3454 2177 3508 in

597 3540 694 3580 eos
739 3528 833 3598 qui
876 3529 1163 3601 dederunt,
1219 3550 1516 3609 earumque
1567 3541 1809 3599 bzercdes
1861 3546 2122 3603 redundet
2160 3565 2176 3615 ;

599 3628 823 3702 [quippe
848 3636 942 3704 qui
976 3646 1031 3691 et
1056 3639 1210 3695 datas
1239 3646 1620 3711 possessiones
1643 3649 1902 3719 recipere,
1935 3662 1989 3707 et
2018 3668 2181 3709 omne

601 3723 862 3780 damnum
912 3731 1059 3797 quod
1102 3736 1396 3791 venerabili
1446 3739 1632 3793 domui
1686 3743 1987 3812 obvenerit,
2043 3762 2181 3814 pra:-

595 3825 746 3870 stare
801 3832 1081 3889 cogantur.
1124 3826 1277 3889 Quod
1330 3826 1507 3901 [item]
1576 3833 1623 3886 si
1684 3834 1821 3889 forte
1861 3836 1986 3891 dolo
2037 3838 2181 3894 malo

598 3908 788 3977 aliquo
830 3926 929 3979 pro
979 3916 1289 3972 istiusmodi
1343 3922 1698 3980 infructuosis
1736 3930 1985 3983 nonnihil
2025 3946 2055 3985 a
2089 3947 2181 3986 ve-

603 4004 929 4093 nerabilium
960 4008 1219 4065 domuum
1254 4012 1772 4093 [dispensatoribus]
1806 4022 1968 4093 118
1991 4024 2176 4080 datum

596 4091 796 4150 fuerit:
830 4097 882 4151 id
914 4101 1059 4169 quod
1104 4103 1290 4158 datum
1337 4116 1441 4175 est,
1494 4091 1818 4168 venerabilis
1866 4091 2060 4172 doinus
2100 4117 2181 4172 lu-

598 4197 803 4255 eretur,
845 4201 898 4246 et
946 4210 1033 4249 res
1086 4195 1438 4256 infructuosa:
1479 4201 1529 4256 ei
1584 4204 1675 4271 qui
1732 4205 1901 4272 dedit,
1953 4209 2181 4281 ejusque

596 4278 904 4345 haeredibus
935 4289 1315 4345 restituantur.
1365 4292 1558 4351 Const.
1605 4304 1786 4351 autem
1820 4299 1887 4363 l,
1933 4278 2177 4371 ejusdem

597 4374 681 4427 tit.
734 4376 832 4431 ait.
882 4380 1027 4448 quod
1064 4423 1079 4446 ,
1122 4384 1214 4452 qui
1263 4398 1584 4443 mconomus
1622 4386 2024 4460 [religiosarum
2079 4397 2179 4452 do-

602 4466 818 4539 muum]
844 4509 859 4532 ,
887 4471 1200 4538 prml‘ectus,
1255 4478 1629 4547 xenodochus,
1665 4498 2017 4559 nosocomus,
2058 4500 2182 4559 pto-

2284 2028 2449 2094 σίαις,
2481 2028 2514 2100 ἢ
2546 2026 2789 2092 ξενῶσιν,
2830 2024 2864 2095 ἢ
2894 2023 3205 2093 πτωχείοις,
3248 2021 3281 2091 ἦ
3316 2021 3576 2090 εὐαγέσιν
3615 2019 3855 2087 obeat.ch

2284 2118 2448 2190 κοινῷ
2500 2118 2709 2190 κλήρῳ,
2759 2116 2793 2187 ἦ
2855 2118 2936 2179 εἰς
2996 2112 3361 2184 αἰχμαλώτων
3406 2111 3647 2183 λύσιν,ἢ
3682 2111 3856 2171 αὐτοῖς

2282 2212 2396 2276 τοῖς
2451 2212 2689 2280 πτωχοῖς
2726 2208 2901 2280 ἢτοῖς
2932 2205 3303 2277 αἰχμαλώτοις
3343 2206 3537 2275 κρατεῖ
3574 2205 3608 2275 ἡ
3649 2202 3747 2256 τοῦ
3792 2218 3859 2254 τε·

2282 2300 2641 2375 λευτήσαντος
2678 2300 2950 2372 βούλησις.

2302 2430 2305 2435 «
2365 2390 2832 2447 Ἰνστιτουτιώνων
2888 2386 2937 2457 γ’
2984 2385 3091 2441 τίτ.
3137 2386 3242 2451 κζ’,
3298 2383 3449 2438 ἐστιν
3502 2382 3594 2437 ὅτε
3641 2381 3707 2435 τὸ
3732 2380 3858 2435 κατά

2285 2485 2495 2555 πλάνην
2553 2483 2809 2538 ίνδέϐιτον
2865 2480 3165 2550 διδόμενον,
3205 2478 3265 2531 οὐ
3323 2474 3758 2548 ρεπετιτεύεται,
3789 2473 3853 2535 ὡς

2284 2580 2377 2633 ἐπὶ
2451 2578 2560 2631 τῶν
2626 2574 3079 2648 ληγατευομένων
3138 2569 3389 2639 εὐαγέσιν
3449 2570 3618 2631 οἰκοις
3687 2565 3858 2633 σκοπῷ

2285 2669 2638 2743 θρησκείαςῆ
2673 2664 2973 2729 εὐσεϐείας*
3027 2660 3470 2718 ίνστιτουτιώνων
3511 2660 3554 2714 δ’
3573 2660 3683 2713 τίτ.
3716 2656 3787 2724 ις’
3808 2658 3858 2709 τὸ

2283 2762 2720 2834 ληγατευόμενον
2760 2758 2983 2827 εὐαγέσι
3033 2756 3220 2818 τόποις
3264 2755 3323 2821 ἐξ
3359 2753 3647 2825 ἀρνήσεως
3680 2749 3856 2804 διπλα-

2286 2853 2548 2916 σιάζεται.
2606 2851 2745 2920 Φησί
2787 2850 2845 2903 δὲ
2897 2850 2991 2903 καὶ
3040 2849 3073 2919 ἡ
3121 2847 3165 2917 β’
3206 2846 3348 2901 διάτ.
3410 2844 3506 2898 τοῦ
3548 2844 3591 2913 β’
3619 2842 3731 2896 τίτ.
3763 2841 3857 2894 τῶν

2284 2946 2539 3016 Νεαρῶν,
2562 2945 2637 3008 ὡς
2665 2943 2760 2998 έάν
2786 2960 2931 3006 τινες
2964 2942 3271 3013 νοίῳδήποτε
3320 2938 3627 3009 καθεστῶτι
3669 2938 3858 3006 ἄπορον

2284 3040 2477 3107 κτῆσιν
2497 3030 2881 3108 ’δωρήσωνται,
2920 3034 2952 3105 ἢ
3008 3034 3358 3104 πωλήσωσιν,
3393 3032 3426 3103 ἢ
3473 3030 3647 3101 ἑτέρῳ
3690 3030 3858 3099 τρόπῳ

2284 3130 2660 3199 παράσχωσιν,
2688 3127 2722 3197 ἢ
2759 3125 3122 3189 καταλίπωσι,
3178 3124 3252 3194 μὴ
3291 3121 3622 3193 βλάπτεσθαι
3653 3121 3749 3175 τὸν
3778 3136 3856 3172 σε·

2285 3220 2518 3289 ϐάσμιον
2554 3214 2781 3287 οἷκον,ἢ
2809 3217 3053 3287 δημοσίῳ
3090 3216 3337 3286 ὀνόματι,
3370 3215 3404 3286 ἦ
3447 3214 3613 3285 ἀλλης
3650 3210 3857 3266 οἱασοῦν

2283 3311 2442 3381 χάριν
2472 3310 2649 3373 αἰτίας
2681 3308 3029 3381 βαρύνεσθαι·
3057 3306 3195 3362 ἀλλά
3223 3307 3378 3361 ἅπαν
3402 3306 3646 3361 τοιοῦτον
3676 3305 3851 3375 βάρος,

2282 3404 2362 3466 είς
2408 3403 2536 3466 τοὺς
2595 3401 2895 3465 δεδωκότας
2946 3402 3043 3455 καὶ
3086 3402 3213 3467 τοὺς
3263 3401 3446 3456 αὐτῶν
3491 3400 3856 3471 ,κληρονόμους

2281 3493 2579 3559 ἐπανιέναι,
2613 3492 3093 3563 ἀναγκαζομένους
3123 3494 3215 3547 καὶ
3247 3495 3346 3557 τάς
3367 3492 3615 3556 δοθείσας
3643 3492 3852 3560 κτήσεις

2281 3586 2593 3653 ἀναλαϐεῖν,
2649 3588 2743 3640 καὶ
2785 3588 2967 3640 πᾶσαν
3024 3587 3230 3657 ζημίαν
3291 3585 3737 3657 προσγινομένην
3790 3580 3855 3648 τῷ

2281 3680 2469 3749 εὐαγεῖ
2492 3682 2626 3751 οἴκῳ
2660 3681 3059 3752 ἀποκαθιστᾷν.
3093 3681 3157 3734 Εἰ
3199 3681 3257 3734 δὲ
3286 3679 3363 3745 ὡς
3394 3679 3543 3743 εἰκὸς
3571 3679 3715 3733 κατά
3750 3693 3855 3730 τινα

2277 3773 2450 3840 δόλον,
2501 3771 2596 3827 καί
2633 3789 2756 3827 τινα
2789 3773 2931 3843 ὑπὲρ
2988 3773 3100 3827 τῶν
3146 3773 3408 3828 τοιούτων
3449 3772 3672 3845 ἀπόρων
3712 3768 3852 3837 ἐδόθη

2280 3867 2391 3928 τοῖς
2417 3865 2672 3933 εὐαγέσιν
2704 3864 2896 3932 οἴκοις,
2938 3865 3007 3919 τὰ
3038 3866 3135 3937 μὲν
3161 3866 3385 3921 δοθέντα
3433 3866 3527 3919 τὸν
3578 3863 3853 3931 σεϐάσμιον

2280 3951 2428 4009 οἷκον
2459 3954 2892 4028 ἁποκερδαίνειν·
2920 3958 2990 4013 τὰ
3014 3958 3071 4011 δὲ
3112 3960 3295 4029 ἀπορα
3330 3958 3638 4029 πράγματα
3672 3954 3748 4024 τῷ
3782 3952 3854 4005 δε·

2281 4048 2475 4102 δωκότι
2508 4049 2741 4113 καὶτοῖς
2772 4032 2939 4102 αὐτοῦ
2970 4050 3333 4121 κληρονόμοις
3365 4046 3849 4103 ἀποκαθίστασθαι·

2283 4136 2316 4206 ἡ
2346 4135 2401 4188 δὲ
2429 4141 2476 4188 α’
2504 4135 2647 4191 διάτ.
2676 4136 2771 4190 τοῦ
2807 4137 2973 4191 αὐτοῦ
3001 4138 3111 4194 τίτ.
3146 4140 3332 4209 φησὶν,
3373 4140 3457 4192 ὅτι
3487 4140 3517 4192 ὁ
3547 4136 3785 4192 τοιοῦτόν
3807 4150 3853 4186 τι

2280 4220 2493 4294 πράξας
2515 4223 2818 4294 οἰκονόμος,
2855 4224 2889 4295 ἦ
2927 4226 3233 4298 ἡγούμενος
3253 4266 3270 4292 ,
3320 4228 3355 4299 ἢ
3394 4227 3691 4298 ξενοδόχος,
3719 4225 3753 4296 ἢ
3780 4241 3851 4277 νο-

2280 4314 2537 4384 σοκόμος,
2564 4315 2598 4387 ἢ
2630 4318 3036 4389 πτωχοτρόφος,
3064 4320 3098 4390 ἢ
3142 4319 3575 4392 ὀρφανοτρόφος,
3605 4320 3638 4391 ἢ
3668 4332 3849 4390 γερονο

2278 4406 2550 4477 τοκόμος,
2617 4410 2833 4465 οἴκοθεν
2902 4413 2981 4486 τῷ
3050 4414 3308 4469 δεδωκότι
3378 4414 3704 4488 θεραπεύσει
3766 4411 3852 4481 τὴν

2278 4497 2533 4554 ἐντεῦθεν
2556 4501 2705 4571 αὐτῷ
2731 4504 3019 4573 συμϐᾶσαν
3043 4508 3267 4577 ζημίαν.

596 4558 965 4629 chotrOphus,
1033 4567 1534 4639 orphanotrophus,
1594 4583 1689 4628 aut
1718 4558 2142 4645 geroiitocomus
2183 4588 2288 4643 tale
2326 4591 2603 4663 quippiam
2637 4558 2848 4662 fecerit
2878 4558 2897 4650 :7
2926 4558 3008 4652 de?
3432 4598 3580 4654 dedit
3610 4597 3747 4668 quod
3785 4588 3847 4648 illi

598 4654 740 4707 unde
771 4654 1030 4711 damnum
1065 4657 1370 4727 obvenerit,
1408 4665 1686 4721 resarciet.

663 4744 817 4800 CAP.
857 4743 923 4801 ll.
955 4778 1025 4790 -ο
1050 4747 1128 4803 De
1150 4753 1317 4805 sacris
1352 4756 1491 4809 uasis
1518 4765 1567 4810 et
1598 4758 1836 4815 donariis

1035 4929 1406 4997 Apostolorum
1439 4951 1610 4991 canon
1634 4939 1721 4993 75.

664 5017 734 5072 75
778 5016 891 5091 [72]
940 5017 1043 5076 Vas
1072 5037 1324 5091 aureum,
1355 5028 1440 5081 vel
1489 5042 1829 5100 argenteum,
1876 5039 1955 5092 vel
1992 5041 2173 5097 velum

595 5110 995 5177 sanctiﬁcatum
1038 5130 1200 5196 nemo
1249 5119 1485 5186 amplius
1523 5122 1577 5175 in
1609 5140 1791 5186 ,suum
1844 5144 2001 5186 usum
2034 5149 2169 5188 con-

595 5214 807 5273 vertat;
842 5210 946 5263 hoc
973 5210 1030 5264 ﬁt
1062 5212 1208 5265 enim
1240 5223 1436 5281 praeter
1464 5215 1557 5285 jus
1584 5227 1631 5272 el
1679 5232 1870 5276 contra
1904 5223 2071 5294 leges.
2116 5226 2173 5282 Si

594 5296 720 5366 quis
748 5308 932 5354 autem
963 5302 1338 5372 deprehensus
1364 5305 1550 5373 fuerit,
1586 5311 1865 5367 multetur.

600 5411 842 5483 Synodus
874 5418 928 5471 in
955 5420 1146 5489 templo
1174 5421 1276 5485 SS.
1302 5425 1665 5493 apostolorum
1689 5428 1894 5494 habita,
1926 5431 2100 5501 prima
2128 5442 2179 5487 et

848 5512 1078 5566 secunda
1106 5528 1434 5585 nuncupata,
1472 5534 1696 5574 canones
1743 5522 1793 5587 l,
1828 5522 1914 5579 l0.

673 5687 726 5743 l.
769 5687 880 5747 Res
938 5694 1076 5749 adeo
1129 5702 1463 5766 veneranda,
1519 5711 1571 5756 et
1627 5704 1991 5771 honorabilis,
2050 5718 2103 5760 et
2149 5723 2177 5762 a

602 5780 803 5847 beatis,
833 5792 887 5840 et
918 5789 1124 5843 sanctis
1145 5790 1398 5847 Patribus
1431 5794 1631 5850 nostris
1656 5795 1768 5865 jam
1797 5797 1929 5851 olim
1956 5797 2182 5866 pulchre

603 5873 931 5949 excogitata,
974 5886 1434 5941 monasteriorum
1475 5887 1799 5955 aediﬁcatio,
1844 5887 2006 5945 hodie
2038 5889 2177 5945 male

2203 4779 2251 4833 D
2350 4774 2605 4833 ΚΕΦΑΛ.
2641 4779 2717 4835 B'.
2749 4808 2817 4821 ~—
2859 4780 2999 4849 Περὶ
3034 4780 3207 4849 ἱερῶν
3249 4781 3492 4838 σκευῶν
3527 4781 3624 4837 καὶ
3650 4782 3846 4847 ἀναθη-

2279 4868 2506 4938 μάτων.

2695 4958 3082 5015 Ἀποστόλων
3105 4960 3307 5015 κανὼν
3335 4968 3440 5032 ογ’.

2352 5047 2452 5115 of.
2468 5047 2669 5113 Σκεῦος
2688 5053 2926 5121 χρυσοῦν
2948 5051 2981 5121 ἢ
3001 5053 3278 5124 ἀργυροῦν
3300 5054 3581 5123 ἀγιασθὲν,
3604 5052 3840 5124 ῆόθόνηνν

2284 5140 2471 5211 μηδεὶς
2514 5141 2593 5194 ἔτι
2638 5144 2719 5205 εἰς
2747 5144 2956 5199 οἰκείαν
2997 5147 3191 5216 χρῆσιν
3223 5143 3843 5220 σφετεριζέσθωοπαράο

2284 5250 2444 5304 μονον
2500 5233 2631 5305 γάρ’
2687 5236 2736 5288 εἰ
2786 5236 2842 5289 δέ
2875 5255 2961 5303 τις
3004 5240 3312 5313 φωραθείη,
3378 5238 3715 5311 ὲπιτιμάσθω
3747 5237 3840 5304 ἀφ-

2283 5323 2522 5395 ορισμῷ.

2350 5435 2621 5491 Συνόδου
2642 5434 2694 5490 α’
2710 5436 2808 5491 καὶ
2838 5438 2899 5503 ,ϐ’
2935 5441 3452 5511 συγκροτηθείσης
3471 5442 3542 5496 ἐν
3558 5445 3836 5497 Euromu-

2278 5528 2621 5582 τινουπόλει
2643 5528 2713 5583 ἐν
2731 5528 2812 5594 τῷ
2835 5530 2959 5595 ναῷ
2998 5532 3212 5601 Ἀγίων
3229 5533 3634 5602 Ἀποστὸλων,
3662 5530 3836 5587 κανὼν

2283 5624 2332 5669 α’
2364 5621 2458 5671 καί⁵
2500 5619 2556 5678 ι’.

2360 5717 2428 5764 α’.
2454 5713 2696 5784 Πρᾶγμα
2727 5714 2924 5785 σεμνὸν
2955 5714 3098 5769 οὕτω
3129 5717 3224 5770 καὶ
3255 5716 3461 5787 τίμιον,
3490 5722 3707 5783 καὶτοῖς
3737 5732 3830 5787 μα·

2287 5801 2498 5870 καρίοις
2552 5804 2647 5857 καὶ
2697 5805 2865 5870 ὁσίοις
2919 5808 3199 5878 ΙΙατράσιν
3263 5811 3420 5881 ἡμῶν
3470 5812 3633 5891 πάλαι
3674 5808 3829 5869 xali'u;

2288 5894 2592 5965 ὲπινοηθὲν.
2632 5898 2665 5969 ἡ
2714 5899 2820 5953 τῶν
2872 5902 3253 5976 μοναστηρίων
3295 5904 3633 5979 ἀνοικοδομὴ,
3666 5900 3823 5961 κακῶς
