3994 6426
156 315 255 380 577

998 312 1401 373 SYNTAGMA
1444 309 1833 374 CANONUM.
1874 336 1938 343 —
1980 310 2127 372 TIT.
2168 311 2250 373 II.
2288 311 2445 371 CAP.
2494 312 2575 372 II.

3315 316 3422 380 578

153 432 346 503 ὁρᾶται
397 429 773 502 πραττόμενον
840 430 1099 501 σήμερον.
1164 431 1321 495 Τινὲς
1390 430 1499 502 γὰρ
1565 430 1735 499 ὄνομα

1840 427 2064 499 geritur.
2092 427 2347 485 Nonnulli
2387 429 2531 484 enim
2587 426 2702 483 suis
2733 424 2936 496 copiis,
2980 435 3034 481 et
3067 424 3419 483 facultatibus

163 522 523 594 μοναστηρίου
561 525 683 588 ταῖς
708 523 935 587 οἰκείαις
974 526 1316 594 περιουσίαις
1346 525 1440 578 καὶ
1473 524 1741 595 ὐπάρξεσι

150 615 525 686 περιθέμενοι,
564 617 659 669 καὶ
691 617 811 686 Θεῷ
833 617 1188 687 καθαγιάζειν
1214 616 1417 681 ταύτας
1466 617 1740 686 ἐπαγγελο

146 705 400 775 λόμενοι,
453 708 680 777 κυρίους
739 725 800 762 τε
857 710 969 765 τῶν
1040 710 1460 783 ἀφιερωθέντων
1515 712 1743 776 ἑαυτοὺς

144 799 555 868 ἀναγράφουσι,
597 802 694 855 καὶ
758 802 895 873 μόνῃ
944 806 1011 875 τῇ
1074 805 1419 876 προσηγορίᾳ
1462 805 1524 858 τὸ
1584 806 1740 859 Θεῖον

141 886 861 959 ἁφοσιοῦνέκμηχανᾶσθαι
892 889 1241 959 διεγνώκασι·
1287 891 1387 963 τὴν
1435 890 1542 962 γὰρ
1569 889 1741 961 αὐτὴν

144 968 438 1047 ἐξουσίαν,
485 981 581 1034 καὶ
628 981 777 1052 μετὰ,
817 983 916 1054 τὴν
959 985 1261 1054 ἀφιέρωσιν
1305 984 1406 1037 οὐκ
1442 983 1740 1055 ἐρυθριῶσι

148 1071 590 1141 σφετερίζεσθαι,
629 1074 810 1146 ἥνπερ
889 1075 1035 1145 ἔχειν
1060 1076 1161 1129 οὐκ
1204 1077 1737 1148 ἐκωλύοντονπρότε-

142 1178 270 1232 ρον.
326 1163 439 1217 Καὶ
490 1164 724 1236 τοσαύτη
771 1166 1039 1237 καπηλεία
1073 1168 1409 1238 προσετρίϐη
1466 1168 1545 1238 τῷ
1592 1168 1734 1240 πράο

142 1268 343 1322 γματι,
378 1252 522 1306 ὥστε
560 1256 733 1311 πολλὰ
771 1255 881 1310 τῶν
913 1259 1349 1330 ἁφιερωθέντων,
1389 1260 1521 1331 παρ’
1557 1260 1737 1315 αὐτῶν

140 1362 215 1411 γε
271 1344 378 1399 τῶν
436 1347 863 1419 ἀφιερωσάντων
932 1350 1232 1423 καθορᾶται
1283 1354 1732 1425 πιπρασκόμενα,

142 1434 361 1503 θάμϐος
382 1437 519 1507 ὁμοῦ
560 1439 657 1493 καὶ
685 1443 841 1509 μῖσος
864 1444 977 1505 τοῖς
1004 1442 1208 1514 ὁρῶσιν
1234 1428 1613 1517 παρεχόμενα*
1639 1434 1735 1500 καὶ

138 1528 211 1580 οὐ
243 1528 401 1597 μόνον
435 1529 538 1584 οὐκ
584 1530 735 1585 ἔστιν
780 1533 965 1597 αὐτοῖς
1005 1535 1361 1605 μεταμέλεια,
1394 1539 1480 1606 ἐφ’
1518 1533 1601 1601 οἷς
1622 1538 1733 1593 τῶν

140 1612 299 1681 ἅπαξ
359 1616 798 1690 ἀνατεθειμένων
860 1621 981 1693 Θεῷ
1040 1623 1141 1694 τὴν
1207 1625 1459 1692 ἐξουσίαν
1516 1629 1730 1691 ἑαυτοῖς

138 1708 716 1779 ἐπιτρέπουσιν,ἀλλά
739 1714 834 1794 καὶ
863 1715 1074 1785 ἐτέροις
1102 1716 1308 1787 ταύτην
1340 1719 1516 1783 ἀδεῶς
1554 1738 1730 1789 παρα-

142 1798 482 1873 πέμπουσιν.
518 1802 747 1873 Ὠρισεν
780 1804 873 1858 οῦν
921 1806 1010 1877 διὰ
1054 1808 1222 1862 ταῦτα
1256 1811 1289 1880 ή
1321 1809 1453 1878 ἀγία
1495 1809 1731 1876 σύνοδος,

142 1893 341 1965 μηδενὶ
371 1893 569 1959 ἐξεῖναι
602 1898 963 1969 μοναστήριον
996 1900 1321 1969 οἰκοδομεῖν,
1354 1900 1481 1954 ἄνευ
1509 1905 1611 1974 τῆς
1639 1904 1733 1957 τοῦ

139 1986 451 2040 ἐπισκόπου
482 1987 707 2058 γνώμης
727 1990 827 2043 καὶ
856 1991 1070 2063 βουλῆςο
1097 1994 1309 2048 ἐκείνου
1344 1995 1403 2048 δὲ
1436 1989 1735 2062 συνειδότος

140 2081 241 2132 καὶ
266 2080 682 2150 ἐπιτρέποντος,
714 2081 809 2136 καὶ
833 2082 931 2153 τὴν
961 2084 1322 2155 ὀφειλομένην
1359 2086 1735 2152 ἐπιτελοῦντος
1778 2132 1779 2135 η

138 2169 311 2241 εὐχὴν
348 2170 427 2234 ώς
462 2173 575 2235 τοῖς
614 2172 784 2227 πάλαι
814 2172 1079 2243 θεοφιλῶς
1117 2177 1553 2248 νενομοθέτηται,
1580 2179 1733 2251 ,οἰκος

135 2260 431 2333 δομεῖσθαι
453 2261 552 2333 μὲν
574 2262 637 2315 τὺ
668 2266 1032 2336 μοναστήριον
1057 2282 1072 2295 ·
1096 2255 1098 2258 ’
1114 2266 1256 2336 μετὰ
1289 2268 1509 2341 πάντων
1541 2270 1599 2323 δὲ
1624 2269 1734 2324 τῶν

134 2352 295 2424 αὑτῷ
344 2355 729 2425 προσηκόντων
770 2356 867 2409 σὺν
915 2357 1066 2429 αὐτῷ
1106 2359 1304 2431 ἐκείνῳ
1336 2360 1541 2433 βρεϐίῳ
1569 2363 1734 2431 ἐγκα-

134 2445 552 2516 ταγρᾴφεσθαι,
575 2447 671 2500 καὶ
708 2450 822 2511 τοῖς
844 2438 1223 2515 ἐπισκοπικοίς
1258 2452 1501 2525 ἀρχείοις
1537 2455 1734 2507 ἐναπο-

136 2536 414 2590 τίθεσθαν
451 2538 715 2609 μηδαμῶς
757 2540 941 2595 ἄδειαν
978 2542 1195 2613 ἔχοντος
1227 2545 1321 2597 τοῦ
1360 2544 1730 2615 ἀφιεροῦντες,

137 2626 300 2698 παρά
324 2627 550 2700 γνώμην
572 2629 665 2683 τοῦ
689 2631 1009 2696 ἐπισκόπου,
1027 2634 1217 2688 ἑαυτὸν
1235 2634 1535 2705 ἡγούμενον
1559 2636 1591 2707 ἢ
1617 2636 1732 2689 ἀνθ’

138 2719 344 2772 ἑαυτοῦ
375 2720 561 2791 ἕτερον
610 2722 893 2795 καθιστᾷν.
923 2726 986 2777 Εἰ
1014 2726 1122 2795 γὰρ
1143 2725 1288 2797 ἅπερ
1328 2744 1413 2791 τις
1464 2726 1734 2799 ἀνθρώπῳ

137 2810 459 2880 χαρίζεται,
483 2812 688 2866 τούτων
726 2814 911 2870 οὐκέτι
946 2816 1135 2888 κύριος
1175 2814 1313 2873 εἷναι
1335 2802 1578 2887 δύναται,
1616 2821 1735 2885 πῶς

139 2902 417 2985 ἀπεριτις
464 2904 584 2987 Θεῷ
628 2906 951 2987 καθαγιάζει
984 2909 1094 2987 καὶ
1156 2912 1474 2983 ἀνατίθησι,
1528 2914 1733 2968 τούτων

137 2994 496 3077 ὑφαρπάζειν
525 2997 625 3069 τὴν
674 3000 973 3071 κυριότητα
1020 2991 1591 3077 παραχωρηθήσεταις

1848 537 2042 577 nomen
2076 522 2392 576 monasterii
2424 521 2787 590 imponentes,
2822 529 2875 573 ct
2907 534 3001 573 eas
3036 518 3147 573 Deo
3171 521 3419 575 sanctili-

1845 630 1971 670 care
2014 614 2371 685 proﬁtentes,
2408 628 2467 668 se
2506 627 2697 667 eorum
2752 626 2874 681 qua:
2914 620 3043 666 sunt
3094 623 3416 668 consecrata

1834 692 2101 762 dominos
2138 722 2264 762 esse
2294 707 2622 771 inscribunt,
2654 714 2709 760 et
2746 706 2861 761 sola
2903 706 3269 776 appellatione
3308 707 3418 763 Deo

1843 797 2094 851 dedicare
2125 796 2822 851 machinaridecreverunt.
2863 793 3118 849 Eamdem
3146 797 3292 851 enim
3319 812 3417 867 po—

1846 896 2095 943 testatem
2128 890 2293 944 etiam
2335 897 2459 958 post
2497 888 2967 943 consecrationem
3004 888 3105 941 sibi
3148 905 3415 959 usurpare

1844 996 1953 1036 non
1986 982 2343 1047 erubescunt,
2387 996 2551 1050 quam
2596 982 2749 1050 prius
2786 981 2983 1034 habere
3014 995 3122 1035 non
3150 982 3413 1035 vetaban-

1843 1081 1935 1128 tur
1969 1086 1985 1127 :
2018 1081 2073 1128 et
2100 1082 2249 1127 tanta
2289 1073 2367 1126 rei
2399 1072 2727 1140 cauponatio
2757 1071 2997 1125 adhibita
3028 1081 3133 1136 est,
3159 1081 3219 1127 ut
3243 1074 3412 1127 multa

1841 1180 2034 1221 eorum
2070 1181 2189 1234 quae
2213 1173 2344 1220 sunt
2384 1174 2725 1228 consecrata,
2757 1164 2826 1217 ab
2861 1164 2945 1218 his
2978 1165 3114 1233 ipsis
3143 1168 3237 1234 qui
3278 1181 3411 1220 con-

1840 1266 2135 1313 secrarunt
2171 1258 2389 1312 vendita
2430 1267 2744 1321 cernantur,
2783 1264 2838 1311 et
2883 1257 3327 1323 admirationem,
3359 1268 3413 1313 et

1837 1352 2021 1405 odium
2056 1351 2125 1406 iis
2150 1351 2247 1420 qui
2278 1367 2342 1406 ea
2366 1352 2553 1406 vident
2581 1351 2862 1405 aﬂerentia
2895 1368 2908 1403 :
2942 1361 2993 1405 et
3022 1359 3231 1405 tantum
3256 1352 3413 1407 abest

1837 1454 1896 1498 ut
1936 1444 2102 1497 ullam
2153 1452 2316 1517 agant
2360 1443 2739 1511 pmniteutiam
2788 1443 2859 1495 ob
2910 1442 2984 1506 id,
3028 1447 3175 1512 quod
3218 1458 3411 1499 eorum

1834 1552 1959 1606 qua:
1986 1537 2093 1610 Deo
2121 1536 2282 1605 119
2304 1536 2552 1591 dedicata
2585 1546 2732 1600 sunt,
2763 1534 2866 1589 sibi
2898 1543 3221 1604 potestatem
3252 1534 3411 1588 attri-

1835 1627 2025 1691 buant,
2058 1634 2119 1679 ut
2141 1626 2305 1680 etiam
2336 1640 2459 1681 eam
2504 1625 2571 1680 ad
2603 1626 2742 1681 alios
2773 1626 2895 1681 sine
2936 1637 3085 1680 metu
3131 1610 3414 1680 transmit-

1835 1724 1971 1770 tant.
2023 1717 2317 1786 Propterea
2365 1732 2496 1789 ergo
2549 1728 2737 1773 sancta
2787 1717 2994 1773 deﬁniit
3042 1718 3302 1789 synodus,
3351 1725 3412 1769 ιιι

1836 1808 2042 1863 nemini
2092 1796 2257 1864 liceat.
2287 1810 2685 1865 monasterium
2730 1810 3000 1865 aediﬁcare
3044 1811 3251 1877 absque
3289 1808 3407 1877 epi-

1837 1900 1988 1969 scopi
2020 1901 2318 1966 sententia,
2363 1912 2418 1955 et
2456 1902 2705 1956 consilio.
2739 1900 2836 1955 lllo
2880 1910 3061 1955 autem
3097 1884 3324 1961 sciente,
3354 1906 3411 1952 et

1835 1990 2200 2059 permittente,
2241 2000 2296 2045 et
2338 1982 2458 2046 eam
2491 1990 2653 2060 quam
2689 1980 2849 2046 debet
2897 1991 3200 2044 orationem
3244 2004 3407 2059 pera-

1834 2090 2017 2151 gente,
2050 2092 2108 2138 ut
2152 2084 2221 2138 ab
2258 2084 2498 2151 antiquis
2526 2083 2613 2153 pie
2653 2098 2718 2138 ac
2763 2066 3016 2154 religiose
3050 2066 3271 2136 cautum
3302 2090 3408 2145 est,

1836 2175 2235 2229 monasterium
2263 2174 2486 2242 quidem
2511 2175 2811 2229 aediﬁcetur
2836 2192 2849 2228 :
2874 2174 3057 2228 omnia
3080 2184 3260 2228 autem
3287 2190 3409 2243 qua:

1834 2266 1901 2319 ad
1948 2266 2125 2336 ipsum
2154 2253 2467 2337 pertinent,
2491 2262 2621 2320 cum
2648 2267 2739 2319 illo
2774 2266 2893 2334 ipso
2936 2266 2990 2318 in
3026 2266 3178 2319 brevi
3209 2265 3407 2319 inscri-

1836 2340 2161 2433 bantur,‘et
2212 2358 2267 2412 in
2316 2357 2725 2427 episcopalibus
2770 2357 3009 2411 archivis
3054 2366 3407 2424 reponantur,

1835 2452 1986 2506 nullo
2023 2432 2187 2527 modo
2224 2459 2551 2527 potestatem
2596 2438 2932 2527 habenteeo
2963 2449 3055 2518 qui
3090 2434 3408 2511 Consecrat,

1835 2559 1894 2599 se
1920 2543 2100 2613 ipsum
2132 2526 2471 2613 prmfectum,
2499 2542 2584 2596 vel
2625 2526 2724 2611 pro
2754 2557 2814 2596 se
2854 2542 3017 2601 alium
3049 2540 3407 2596 constituere.

1837 2633 1894 2689 Si
1920 2618 2284 2688 enim'eorum
2324 2647 2446 2701 quae
2488 2632 2613 2701 quis
2644 2631 2854 2686 homini
2889 2632 3117 2711 largitur
3150 2630 3407 2685 dominus

1836 2710 2073 2795 amplius
2102 2740 2223 2780 esse
2244 2737 2352 2778 non
2376 2710 2574 2793 potest,
2609 2721 2883 2793 quomodo
2908 2710 3098 2800 eorum
3131 2738 3253 2791 qua:
3281 2722 3409 2791 quis

1835 2814 1947 2869 Deo
1981 2800 2312 2878 sanctiﬁcat,
2347 2802 2399 2868 et
2426 2812 2664 2878 dedicat,
2695 2812 2798 2867 sibi
2828 2810 3134 2866 dominium
3164 2810 3409 2881 arripere

1834 2908 2046 2962 sinetur
2066 2905 2090 2958 ?

213 3086 271 3171 t'.
326 3089 539 3174 Otlzoi;
598 3078 829 3145 πάθεσιν
882 3093 1111 3158 ἑαυτοὺς
1143 3076 1394 3160 ἐκδότους
1430 3094 1730 3170 ’παραστή-

1836 3160 1841 3163 .
1906 3115 2013 3173 10.ζ
2036 3096 2142 3180 Qui,
2170 3114 2387 3185 seipsos
2418 3079 2648 3187 tradunt
2681 3080 2848 3167 animi
2873 3080 3407 3182 perturbationibus,

140 3168 363 3255 σαντες,
392 3168 497 3242 ,ὀῦ
542 3179 703 3251 μόνον
729 3181 827 3254 τὴν
858 3183 967 3237 ἀπὸ
996 3185 1104 3239 τῶν
1160 3187 1318 3258 ἱερῶν
1375 3168 1618 3246 κανόνων
1649 3168 1731 3244 τι·

139 3270 367 3341 μωρίαν
386 3271 465 3355 ὀὐ
488 3272 989 3355 φρίττουσιν,νάλλά
1019 3278 1113 3331 καὶ
1132 3278 1311 3339 αὐτῶν
1337 3264 1565 3335 ἐκείνων
1591 3300 1727 3336 κατ-

136 3354 427 3432 ορχεῖσθαι
511 3354 897 3437 τετολμήκασι.
958 3367 1285 3440 Στρεδλοῦσι
1348 3375 1456 3444 γὰρ
1507 3374 1728 3439 αὐτοὺςι

137 3455 240 3508 καὶ
298 3453 440 3524 πρὸς
485 3455 550 3508 τὸ
605 3457 850 3527 ἐμπαθὲς
880 3444 1078 3539 αὐτῶν
1124 3464 1609 3535 ἀποκιϐδηλεύουσι
1633 3466 1729 3519 τοῦ

139 3542 477 3615 θελήματος,
527 3544 613 3599 ἵνα
658 3550 725 3618 τῇ
757 3550 1038 3623 φιλοτιμίᾳ
1083 3553 1184 3623 τῆς
1226 3553 1557 3624 ἐμπαθείας,
1585 3557 1730 3611 κατά

137 3633 239 3688 τὸν
268 3634 536 3719 θεολόγον
562 3636 884 3709 Γρηγόριον,
917 3640 993 3711 μὴ
1030 3641 1192 3719 μόνον
1217 3631 1508 3699 ἀνεύθυνον
1535 3635 1732 3710 ἀὐτοῖς

136 3721 175 3800 ᾖ
200 3716 488 3794 τὸκακδν,
528 3726 665 3784 ἀλλά
697 3730 792 3783 καὶ
822 3729 963 3785 θεῖον
996 3716 1303 3803 νομίζοιτο,
1324 3737 1429 3790 Τὸν
1451 3737 1559 3808 γὰρ
1590 3739 1729 3792 ἀπο.

144 3817 397 3872 στολικὸν
426 3818 630 3872 κανόνα
656 3821 750 3875 τὸν
790 3816 1047 3892 λέγοντα,
1070 3826 1271 3893 Σκεῦος
1302 3828 1537 3899 χρυσοῦν
1567 3829 1599 3901 ἢ
1633 3831 1731 3903 ἀρ-

143 3906 361 3979 γυροῦν
406 3908 687 3979 ἀγιασθέν,
722 3912 756 3982 ἢ
794 3907 1006 3986 ὀθόνην,
1054 3914 1240 3988 μηδεὶς
1274 3918 1356 3972 ἔτι
1405 3921 1486 3984 εἰς
1520 3922 1731 3978 οἰκείαν

144 4001 342 4072 χρείαν
371 4001 775 4075 σφετεριξέσθω
799 4000 815 4036 δ
849 4008 1164 4081 παράνομον
1190 4000 1316 4082 γάρ’
1342 4013 1390 4066 εί
1424 4013 1483 4067 δέ
1504 4031 1589 4077 τις
1614 4032 1731 4084 φω-

146 4093 343 4163 ραθείη
366 4133 382 4158 ,
414 4094 764 4167 ἐπιτιμᾶσθω
801 4100 1110 4173 ἀφορισμῷο
1138 4103 1327 4159 τοῦτον
1362 4105 1455 4160 οῦν
1484 4108 1565 4171 εἰς
1612 4125 1732 4161 συν-

144 4185 379 4255 ηγορίαν
414 4185 525 4240 τῶν
570 4190 787 4244 οἰκείων
833 4197 1319 4265 παρανομημάτων
1357 4184 1732 4269 ἐκλαμϐάνον-

144 4293 255 4341 τες,
290 4277 356 4330 οὐ
379 4274 515 4346 φασὶ
547 4279 656 4334 δεῖν
681 4281 1053 4353 καθαιρέσεως
1082 4286 1266 4351 ἀξίους
1292 4276 1577 4359 ’κρίνεσθαι
1601 4291 1726 4355 τοὺς

146 4364 246 4435 τὴν
312 4368 617 4440 σεϐασμίαν
664 4371 765 4441 τῆς
795 4372 967 4456 ’ἁγίας
998 4364 1282 4448 ’τραπέζης
1341 4379 1591 4449 ἐνδυτὴν,
1648 4382 1730 4443 εἰς

146 4456 351 4511 οἰκεῖον
412 4459 615 4527 χιτῶνα
683 4461 718 4532 ἢ
784 4465 866 4527 εἰς
925 4464 1111 4535 ἕτερόν
1168 4469 1356 4523 τιτῶν
1378 4469 1729 4543 ἀμφίωνμε-

146 4546 682 4614 τασχηματίζοντας.
716 4550 791 4602 Οὐ
841 4554 946 4622 μὴν
999 4553 1115 4606 ἀλλ’
1154 4555 1277 4609 οὐδὲ
1308 4558 1437 4621 τοὺς
1472 4560 1533 4611 τὸ
1572 4550 1727 4629 ἅγιον

149 4639 437 4709 ποτήριον,
487 4638 534 4692 ὣ
573 4641 672 4711 τῆς
701 4642 956 4708 ἀσεϐείας
989 4646 1002 4698 !
1038 4646 1187 4717 ἢτὸν
1221 4648 1417 4703 σεπτὸν
1442 4651 1645 4718 δίσκον,
1692 4654 1726 4726 ἦ

149 4730 219 4781 τὰ
266 4728 483 4793 τούτοις
531 4732 1049 4805 παραπλήσια,εἰς
1108 4737 1245 4792 ἰδίαν
1300 4728 1726 4809 ἐκδαπανῶντας

151 4822 363 4893 χρείαν,
395 4822 431 4893 ἢ
462 4825 971 4895 καταχραίνοντας”
1000 4831 1029 4883 ὁ
1071 4831 1181 4902 γὰρ
1210 4824 1388 4886 κανών
1438 4816 1571 4904 φησι
1602 4838 1727 4901 τοὺς

150 4917 229 4976 εἰς
265 4906 429 4968 τοῦτο
460 4918 907 4986 περιπίπτοντας,
936 4909 1246 4994 ἀφορισμῶ
1270 4908 1723 4992 καθυποϐἀλλειν,

148 5006 261 5059 ἀλλ’
290 5007 355 5059 οὑ
402 5006 719 5079 καθαιρέσει
763 4998 1098 5069 ἐδικαίωσεν.
1150 5017 1309 5070 Ἀλλά
1349 5020 1431 5083 τίς
1463 5020 1529 5074 ἂν
1593 5022 1726 5077 ἀνά-

152 5112 333 5167 σχοιτο
359 5098 457 5169 τῆς
485 5099 752 5172 τοσαύτης
784 5107 1184 5175 περιποιήσεως
1212 5109 1306 5162 καί
1324 5110 1639 5177 δυσσεϐείας
1666 5115 1727 5168 τὺ
1750 5128 1753 5131 ⁷

154 5188 420 5257 μέγεθος;
472 5189 567 5243 τοῦ
623 5192 731 5263 γάρ
753 5186 975 5259 κανόνος
1005 5198 1116 5261 τοῖς
1160 5198 1220 5252 τὸ
1253 5200 1414 5269 μόνον
1440 5203 1723 5271 ἀγιασθὲν,

154 5282 232 5344 εἰς
256 5280 459 5352 χρῆσιν
487 5282 601 5335 ἀλλ’
629 5284 729 5337 οὐκ
753 5286 831 5349 είς
878 5278 1091 5341 τελείαν
1118 5289 1376 5363 ἁρπαγὴν
1408 5296 1723 5365 σφετεριζο-

154 5374 357 5442 μένοις,
413 5372 506 5427 τὸν
569 5374 871 5447 ἀφορισμὸν
923 5378 1371 5450 ἐπιπέμποντος,
1422 5386 1576 5439 αὐτοὶ
1632 5388 1727 5441 καὶ

152 5465 277 5527 τοὺς
333 5464 787 5535 καθαρπὰζοντας
859 5471 953 5524 καὶ
1029 5472 1437 5543 ἱεροσυλοῦντας
1501 5479 1570 5532 τὰ
1620 5480 1727 5534 τῶν

152 5556 323 5624 ἁγίων
346 5557 537 5625 Ἅγια,
556 5557 897 5630 ἐλευθεροῦσι
924 5557 1022 5631 τῆς
1049 5554 1443 5638 καθαιρέσεως⁹
1474 5572 1570 5623 καὶ
1598 5575 1725 5633 τοὺς

153 5649 229 5711 εἰς
274 5649 586 5719 βρωμάτων
633 5646 969 5723 ὑπηρεσίαν,
997 5657 1119 5708 ὅσον
1163 5674 1225 5724 γε
1280 5662 1345 5731 τῇ
1396 5663 1479 5729 ἐφ’
1514 5664 1726 5728 ἑαυτοῖς

257 5763 302 5794 ⁸⁸
330 5763 495 5833 Grcg.
524 5765 654 5837 Naz.
690 5776 827 5823 orat.
861 5769 948 5835 54,
983 5789 1033 5825 ιι,
1069 5771 1189 5825 ὕ-ἰῐι.

1832 3221 1944 3260 non
1975 3206 2155 3260 solum
2181 3204 2328 3274 quod
2351 3218 2383 3258 a
2414 3202 2588 3259 sacris
2618 3202 2921 3257 canonibus
2954 3202 3252 3256 intentatur
3278 3216 3406 3270 sup-

1832 3295 2058 3366 plicium
2090 3310 2213 3361 non
2238 3294 2625 3363 horrent,sed
2658 3278 2743 3349 eis
2779 3293 2942 3347 etiam
2987 3293 3253 3347 insultare
3284 3290 3405 3345 ausi

1832 3396 1982 3442 sunt.
2010 3372 2168 3455 ipsos
2192 3385 2340 3439 enim
2380 3392 2678 3453 torquent:
2710 3392 2766 3437 et
2789 3382 2855 3437 ad
2874 3398 3049 3441 suam
3079 3382 3247 3436 animi
3282 3396 3406 3450 per-

1832 3475 2201 3532 turbationem
2226 3488 2417 3529 eorum
2441 3488 2661 3545 quoque
2686 3472 3022 3551 voluntatem
3046 3458 3356 3526 adulteram
3386 3489 3403 3527 :

1833 3575 1893 3620 nt
1924 3573 2143 3635 pr0pter
2178 3562 2349 3635 animi
2372 3561 2459 3618 sui
2494 3569 2676 3614 motus
2707 3559 3195 3633 contentationem,
3227 3566 3289 3633 ut
3318 3557 3405 3611 in-

1830 3655 1951 3726 quit
1994 3651 2291 3723 Gregorius
2321 3650 2629 3719 Theologus
2659 3648 2731 3713 “,
2760 3663 2867 3701 non
2898 3646 3078 3703 solum
3117 3648 3189 3702 sit
3212 3662 3404 3702 eorum

1832 3747 2038 3802 malum
2087 3743 2417 3801 correctioni
2469 3756 2578 3796 non
2634 3740 2955 3807 obnoxium,
3009 3741 3105 3795 sed
3156 3740 3390 3794 divinun

1831 3851 2050 3907 quoque
2096 3818 2466 3911 existimetur.
2512 3833 2889 3909 Apostolicum
2922 3832 3069 3909 enim
3111 3846 3404 3896 canonem,

1830 3931 1924 4001 qui
1951 3929 2095 4006 dicit.
2121 3944 2136 3983 ι
2158 3925 2561 4006 Vasaureum,
2580 4000 2583 4003 _
2600 3925 2683 3979 vel
2716 3914 3060 4001 argenteum,
3084 3922 3405 4001 sanctiﬁca-

1831 4032 1971 4099 tum,
2003 4000 2095 4077 νεῖ
2120 4000 2305 4093 velum
2337 4000 2763 4099 lineum,'nemo
2795 4000 2850 4091 in
2880 4032 3042 4072 suum
3073 4030 3232 4093 usum
3263 4017 3409 4071 acci-

1830 4094 1947 4187 piat
1973 4131 1989 4169 :
2012 4122 2097 4171 est
2120 4114 2279 4189 enim.
2302 4108 2498 4189 praeter
2528 4092 2791 4187 leges._Si
2827 4110 2953 4180 quis
2993 4098 3175 4163 autem
3202 4092 3406 4177 depre-

1832 4208 2039 4262 hensus
2067 4203 2253 4267 fuerit,
2291 4203 2670 4281 segregatione
2698 4201 2979 4281 multetur.
3009 4198 3145 4253 Eum
3180 4199 3246 4253 ad
3274 4215 3404 4254 suo-

1832 4315 1956 4373 rum
2009 4298 2334 4373 delictorum
2381 4278 2753 4371 patrocinium,
2798 4278 3164 4365 assumentes,
3214 4292 3405 4348 dicunt

1832 4407 1929 4446 eos
1970 4408 2081 4445 non
2122 4400 2376 4459 oportere
2415 4388 2648 4459 iudicari
2681 4385 3019 4459 depositione
3052 4384 3267 4461 dignos,
3308 4384 3403 4453 qui

1833 4485 2204 4540 venerandum
2223 4490 2423 4538 sanctae
2437 4495 2637 4535 mensae
2655 4479 3033 4553 indumentum
3055 4477 3106 4531 in
3126 4477 3404 4546 propriam

1831 4556 2097 4642 tunicam,
2130 4577 2220 4647 vel
2255 4577 2309 4629 in
2346 4571 2753 4643 aliquodaliud
2796 4570 3179 4624 vestimentum
3221 4578 3403 4623 trans-

1830 4669 2088 4724 formant.
2136 4667 2243 4737 Sed
2287 4678 2466 4733 neque
2509 4678 2605 4717 eos
2647 4662 2741 4730 qni
2775 4652 3303 4738 san‘ctnmcalicem,
3333 4658 3405 4729 (ο

1828 4748 2228 4830 impietatem),
2259 4756 2342 4810 vel
2375 4754 2535 4823 120
2556 4752 2931 4829 venerabilem
2958 4751 3192 4830 discum,
3226 4751 3309 4805 vel
3335 4766 3402 4805 ea

1827 4826 1949 4922 qua:
1972 4858 2101 4906 sunt
2127 4826 2193 4903 iis
2225 4847 2445 4911 similia,
2482 4828 2857 4923 inproprium
2901 4826 3071 4921 usum
3094 4830 3399 4923 insumunt,

1828 4918 1911 4998 vel
1962 4924 2203 5012 polluat.
2248 4926 2459 5013 Canon‘
2486 4918 2673 5012 enim,
2707 4918 3011 5011 inquiunt,
3050 4951 3145 4990 eos
3186 4918 3281 5010 qui
3343 4938 3401 4990 in

1830 5037 1933 5089 hoc
1952 5014 2367 5105 incidunt,_esse
2387 5028 2755 5098 segregationi
2779 5044 2889 5103 non
2915 5028 3243 5098 depositioni
3271 5028 3401 5083 sub—

1824 5123 2097 5195 jiciendos
2127 5135 2343 5197 aequum
2373 5111 2615 5198 censuit.
2646 5118 2913 5197 Sedquis
2939 5128 3101 5197 tantae
3128 5110 3396 5195 perversi-

1829 5216 1978 5278 tatis,
2009 5223 2062 5268 et
2090 5211 2383 5281 impietatis
2414 5206 2845 5280 magnitudinem
2883 5210 3056 5283 ferat?
3084 5207 3398 5266 Cum'enim

1828 5322 2028 5371 canon,
2060 5319 2156 5359 eos
2176 5303 2270 5377 qui
2295 5288 2443 5372 quod
2476 5302 2542 5355 ad
2581 5318 2741 5357 usum
2775 5302 2952 5379 solum
2988 5312 3071 5357 est
3092 5304 3400 5375 sanctiﬁca-

1830 5407 2043 5463 tum,e:
2083 5397 2134 5451 id
2179 5410 2295 5470 non
2333 5394 2401 5449 ad
2438 5386 2750 5471 perfectam
2776 5394 3021 5464 rapinam
3060 5396 3163 5449 sibi
3224 5397 3403 5451 vindi-

1830 5499 1978 5563 cant,
2026 5487 2392 5563 segregationi
2420 5485 2729 5563 subjiciat,
2786 5486 2889 5555 ipsi
2918 5502 3029 5559 cos
3075 5486 3169 5561 qui
3214 5472 3405 5563 sancta

1832 5562 2150 5653 sanctorum
2174 5562 2425 5653 rapiunt,
2444 5587 2509 5647 et
2529 5562 2812 5642 saerilcgis
2848 5577 3100 5633 manibus
3125 5562 3405 5642 auferunt,

1833 5674 2173 5744 depositione
2209 5662 2487 5743 liberant:
2510 5664 2695 5725 'ct'eos
2722 5670 2813 5738 qui
2840 5670 2906 5725 ad
2934 5660 3182 5726 ‘cibtirum
3212 5661 3405 5746 minis-
