4012 6406
651 280 756 343 579
1807 279 2071 341 PHOTII
2111 282 2612 346 PATRIARCHE
2643 289 2751 352 CP.

3800 311 3903 374 580

651 388 874 451 terium,
903 399 1006 440 suo
1045 385 1270 457 quidem
1309 394 1459 442 certe
1486 386 1719 456 judicio,
1756 390 2098 445 venerabiles
2129 389 2237 446 dis-

2344 396 2546 464 κρίσει,
2590 401 2716 464 τοὺς
2751 401 3082 472 σεδασμίους
3105 405 3323 472 δίσκους
3359 409 3488 481 ἢτά
3534 409 3653 481 ίερά
3683 417 3902 486 ποτήρια

652 494 750 534 cos
790 485 848 532 et
884 493 1073 534 sacros
1109 478 1308 534 calices
1344 480 1669 548 inquinant,
1709 481 2066 550 deponendos
2091 482 2240 551 judi-

655 583 801 636 cant,
835 587 968 637 non,
1005 573 1256 641 quamvis
1299 573 1369 626 sit
1407 582 1656 642 apertum
1693 574 1994 644 piaculum,
2034 585 2089 627 et
2132 575 2244 628 cla-

656 683 776 720 rum
802 675 905 729 est,
933 664 1076 735 quod
1093 666 1188 739 qui
1223 665 1334 718 haec
1362 663 1590 728 faciunt,
1625 681 1733 719 non
1768 665 1945 719 solum
1977 666 2033 720 in
2072 665 2240 734 depo-

654 760 942 822 sitionem,
979 759 1071 812 sed
1112 760 1165 810 in
1195 768 1453 812 extrema:
1481 757 1644 811 etiam
1690 759 1990 828 impietatis
2033 758 2239 812 crimen

657 849 925 904 incidunt.
963 848 1028 902 Et
1064 847 1204 901 idem
1243 848 1434 900 statuit
1478 859 1663 901 sancta
1707 848 1971 918 synodus,
2013 864 2109 904 eos
2144 848 2237 917 qui

655 940 910 1002 calicem,
958 948 1048 992 aut
1082 938 1319 999 discum,
1372 947 1466 992 aut
1496 937 1851 1005 fuscinulam,
1897 948 1990 993 aut
2035 940 2236 1003 velum,

656 1044 751 1088 aut
775 1050 941 1087 unum
967 1033 1186 1100 aliquod
1224 1033 1276 1084 in
1305 1032 1464 1086 altari
1504 1047 1793 1086 sacrorum
1824 1040 1880 1085 et
1923 1040 2238 1086 sanctorum

656 1152 934 1201 vasorum,
980 1137 1061 1189 vel
1113 1137 1588 1201 vestimentorum,
1636 1136 1702 1189 ad
1741 1135 2024 1206 proprium
2078 1150 2238 1188 usum

653 1227 902 1294 capiunt,
939 1225 1020 1280 vel
1069 1226 1134 1278 ad
1177 1226 1469 1295 profanum
1505 1241 1663 1279 usum
1697 1233 2044 1292 convertunt,
2073 1226 2239 1278 abso-

655 1334 780 1388 lutae
812 1332 1140 1402 depositioni
1177 1332 1397 1400 subjici.
1438 1329 1554 1386 Hoc
1585 1333 1729 1386 enim
1773 1340 1854 1386 cst
1895 1332 2184 1402 profanare
2223 1352 2236 1388 :

655 1425 786 1478 illud
816 1440 944 1478 vero
981 1424 1280 1492 surripere.
1317 1423 1425 1476 Eos
1464 1424 1684 1493 quidem
1717 1433 1898 1490 certe,
1941 1425 2034 1494 qui
2077 1437 2235 1479 extra

653 1520 858 1584 altare},
887 1534 1014 1572 vasa
1053 1517 1302 1587 quazdam
1336 1525 1641 1587 segregata,
1670 1519 1750 1570 vel
1785 1526 1986 1582 vestes,
2020 1517 2122 1572 sibi
2152 1517 2239 1571 vel

654 1611 777 1664 aliis
809 1612 1072 1679 prazlient.
1107 1624 1204 1662 eos
1237 1623 1411 1662 canon
1467 1623 1687 1678 quoque
1719 1619 1968 1680 segregat
2004 1626 2017 1662 :
2052 1618 2107 1663 et
2135 1625 2234 1665 nos

653 1720 760 1758 una
795 1719 1010 1773 queque
1040 1719 1405 1773 segregamus.
1433 1701 1540 1756 Eos
1577 1713 1756 1755 autem
1789 1701 1877 1771 qui
1917 1702 2076 1771 plane
2109 1717 2233 1757 sur-

658 1794 881 1863 .-ipiunt,
905 1795 1293 1863 sacrilegorum
1328 1791 1768 1848 condemnationi
1792 1791 2138 1859 subiicimus.

2345 495 2816 565 καταμολὺνοντας
2845 497 2877 569 ἢ
2919 499 3324 567 καταλύοντας,
3358 502 3742 574 ἀκαθαιρέτους
3799 509 3905 559 sla-

2344 587 2558 654 άγουσι,
2585 589 2761 642 καίτοι
2796 590 3032 661 φανεροῦ
3053 591 3455 662 καθεστηκότος
3485 594 3578 646 τοῦ
3598 594 3904 666 μιάσματος-

2344 683 2437 735 καὶ
2486 682 2648 752 δῆλον
2682 683 2760 747 ὡς
2786 684 2835 736 οἱ
2866 683 2933 737 τά
2959 683 3188 740 τοιαῦτα
3237 686 3601 757 πράσσοντες,
3648 687 3706 740 οὑ
3751 689 3906 757 μόνον

2343 776 2737 848 καθαιρέσεως,
2783 776 2920 830 ἀλλά
2959 777 3056 831 καὶ
3092 778 3192 848 τῆς
3227 779 3466 850 ἐσχάτης
3507 779 3814 842 δυσσεὸείας
3838 780 3906 850 τῷ

2343 869 2652 939 ἐγκλήματι
2713 869 3126 940 περιπίπτουσι.
3203 871 3404 941 Διόπερ
3454 869 3657 942 ὥρισεν
3703 872 3734 941 ἡ
3787 873 3910 939 ἁγία

2345 960 2580 1024 σύνοδος,
2612 959 2740 1022 τοὺς
2761 961 2822 1012 τδ
2851 960 3007 1028 ἀγιον
3034 962 3316 1031 ποτήριον,
3350 960 3383 1032 ἦ
3407 961 3500 1013 τὸν
3522 960 3704 1012 δίσκον
3723 1001 3737 1023 ,
3761 961 3796 1030 ἦ
3821 962 3908 1030 τὴν

2340 1050 2557 1116 λαῦίδα,
2588 1052 2621 1122 ἢ
2669 1052 2768 1121 τὴν
2797 1051 3102 1121 σεδασμίαν
3153 1052 3394 1121 ὲνδυτὴν,
3431 1052 3464 1120 ἢ
3495 1051 3588 1104 τὸν
3633 1051 3910 1120 λεγόμενον

2341 1144 2500 1214 ἀέρα,
2531 1145 2563 1215 ἢ
2595 1144 2785 1206 ἁπλῶς
2813 1145 2942 1208 τοὺς
2970 1145 3028 1198 ἓν
3071 1163 3123 1198 τι
3161 1143 3270 1197 τῶν
3333 1147 3390 1197 ὲν
3431 1144 3511 1214 τῷ
3554 1143 3909 1214 θυσιαστηρίῳ

2345 1237 2507 1306 ίερῶν
2539 1239 2634 1290 καὶ⁵
2670 1238 2842 1306 ἁγίων
2885 1237 3096 1290 σκευῶν
3130 1237 3625 1308 ἢάμφιασμάτων,
3669 1236 3746 1298 είς
3793 1235 3909 1288 ἴδιον

2341 1331 2532 1402 κέρδος
2576 1331 3021 1401 ὑφαρπάζοντας,
3073 1330 3106 1402 ἢ
3145 1331 3226 1394 είς
3261 1332 3459 1400 χρῆσιν
3498 1327 3910 1398 ἀποχρωμένους

2341 1424 2593 1493 ἀνίερον,
2648 1423 2902 1476 παντελεῖ
2951 1423 3266 1493 καθαιρέσει
3310 1419 3833 1474 καθυποϐἀλλεσθαι·
3861 1419 3910 1470 τι

2344 1517 2445 1586 μὲν
2495 1517 2604 1588 γάρ
2640 1518 2756 1569 ἐστι
2804 1515 3134 1586 βεϐηλῶσαι,
3165 1515 3225 1568 τὸ
3283 1515 3338 1567 δὲ
3389 1513 3620 1583 συλῆσαι
3660 1512 3726 1565 τά
3773 1509 3906 1576 ἅγια.

2341 1608 2480 1671 Τοὺς
2538 1609 2720 1678 μέντοι
2778 1609 2845 1660 τὰ
2901 1606 3100 1673 ἔξωθεν
3149 1605 3243 1659 τοῦ
3309 1604 3702 1675 θυσιαστηρίου
3748 1602 3910 1670 ᾶμςια

2340 1701 2741 1770 ἁφωρισμένα,
2800 1699 2834 1770 ἢ
2887 1699 3057 1770 σκεύη
3115 1699 3272 1764 τινὰ,
3321 1700 3401 1762 εἰς
3453 1699 3652 1769 χρῆσιν
3713 1695 3908 1766 ἀνίερον

2341 1793 2550 1855 ἑαυτοῖς
2583 1792 2617 1863 ἢ
2654 1791 2863 1862 ἑτέροις
2908 1790 3283 1860 παρέχονταςί,
3313 1789 3537 1853 τούτους
3563 1789 3658 1843 καὶ⁵
3687 1789 3715 1841 ὁ
3747 1784 3908 1840 κανὼν

654 1885 929 1957 ἀφορίζει,
978 1886 1071 1938 καὶ
1123 1887 1287 1956 ἡμεῖς
1337 1883 1808 1954 συναφορίζομεν·
1852 1885 1984 1947 τοὺς
2034 1883 2093 1936 δὲ
2149 1882 2428 1948 παντελῶς
2480 1884 2942 1956 ἀφαρπάζοντας,
2990 1886 3056 1955 τῇ
3115 1883 3228 1937 τῶν
3281 1882 3576 1954 ἱεροσύλων
3643 1879 3895 1950 καταδίκῃ

657 1980 1164 2050 καθυποὸάλλομεν.

831 2070 1106 2142 Cyrilliex
1136 2070 1372 2141 epistola:
1419 2071 1490 2124 ad
1523 2070 1785 2124 Damnum
1817 2087 1935 2140 cap.
1968 2070 2024 2124 2.

725 2163 1021 2219 Pecuniam
1072 2173 1250 2218 autem
1288 2179 1412 2234 qum
1437 2180 1531 2233 per
1578 2163 1834 2233 injuriam
1890 2163 1992 2233 ipsi
2043 2171 2229 2232 erepta

656 2265 757 2321 est,
789 2257 989 2326 duplici
1025 2257 1247 2310 nomine
1280 2258 1327 2311 ei
1377 2257 1526 2311 reddi
1574 2273 1790 2326 aequum
1830 2265 1937 2312 est.
1981 2253 2225 2310 Primum

657 2350 873 2418 quidem
895 2349 1038 2418 quod
1069 2365 1169 2404 nec
1203 2349 1306 2403 tale
1332 2350 1488 2418 121
1517 2350 1650 2418 quid
1683 2349 1911 2403 omnino
1933 2349 2048 2404 fieri
2069 2364 2233 2418 opor-

658 2441 803 2491 tebat
856 2458 869 2492 :
902 2448 956 2491 et
987 2440 1130 2507 quod
1184 2438 1339 2493 valde
1366 2441 1506 2493 male
1537 2441 1700 2494 habet
1728 2455 2036 2509 magnaque
2066 2439 2230 2494 tristi-

655 2529 729 2585 tia
762 2531 925 2584 allicit
992 2531 1370 2585 sanctissimos
1401 2533 1688 2601 episcopos
1736 2533 1828 2601 qui
1872 2541 2001 2585 sunt
2033 2531 2235 2600 ubique

659 2631 957 2685 terrarum,
1013 2623 1155 2691 quod
1198 2632 1518 2692 sumptuum
1553 2623 1647 2692 qui
1684 2623 1790 2676 illis
1820 2623 2080 2676 eveniunt
2123 2623 2235 2676 dis—

653 2715 994 2786 pensationis
1030 2715 1168 2769 ratio
1199 2715 1266 2769 ab
1299 2715 1377 2770 cis
1407 2715 1679 2783 exigatur,
1712 2715 1827 2768 sive
1852 2731 1916 2768 ex
1945 2715 2236 2770 ecclesias-

655 2809 779 2863 ticis
808 2808 1137 2871 redditibus,
1181 2808 1294 2862 sive
1328 2824 1392 2861 ex
1429 2807 1614 2863 fructu
1675 2809 1898 2863 aliunde
1959 2820 2232 2879 percepto.

655 2901 1057 2970 Unusquisque
1109 2903 1255 2955 enim
1299 2911 1547 2956 nostrum
1581 2902 1734 2956 dabit
1789 2917 2015 2957 suorum
2065 2904 2238 2956 maleo

657 3008 780 3046 rum
813 2994 1083 3046 rationem
1120 2993 1369 3046 omnium
1398 2993 1594 3062 judici.
1636 2992 1780 3048 Vasa
1819 2995 1965 3048 enim
1997 2997 2236 3063 pretiosa

656 3093 714 3139 et
747 3085 1127 3154 possessiones
1159 3084 1467 3138 immobiles
1497 3091 1712 3154 oportet
1779 3087 1986 3139 servari
2047 3084 2238 3140 Eccle-

659 3177 758 3232 siis
787 3193 801 3242 ;
827 3176 1098 3246 episcopis
1142 3185 1320 3231 autem
1377 3178 1470 3246 qui
1505 3185 1637 3231 tunc
1687 3178 1952 3247 temporis
1991 3178 2235 3231 divinum

662 3268 1036 3322 sacerdotium
1072 3269 1482 3333 administrant,
1524 3269 1881 3325 incidentium
1916 3284 2234 3341 sumptuum

659 3360 1127 3431 dispensationem
1156 3376 1348 3416 secure
1377 3361 1547 3416 credi.

733 3455 922 3511 Const.
961 3453 1046 3517 l7,
1074 3455 1156 3508 tit.
1216 3453 1270 3519 2,
1309 3454 1401 3508 lib.
1439 3455 1561 3509 eod.
1596 3455 1692 3509 ait.
1725 3458 1869 3526 quod
1925 3457 2054 3512 dum
2087 3465 2239 3511 extra
2264 3451 2308 3513 C

659 3558 815 3598 sacra
851 3559 977 3598 vasa
1015 3543 1182 3616 [alize]
1209 3559 1296 3598 res
1325 3545 1556 3598 mobiles
1588 3555 1736 3609 sunt,
1768 3562 1950 3600 rerum
1993 3562 2245 3602 necessa-

659 3636 863 3691 riarum
896 3637 1254 3691 immobilium
1286 3647 1339 3690 et
1379 3652 1660 3696 sacrorum
1696 3653 1955 3693 vasorum
1985 3640 2241 3694 alienatio

659 3736 824 3796 atque
859 3717 1162 3798 hypotlieca
1205 3737 1401 3782 cessat.
1440 3728 1502 3781 Et
1543 3737 1719 3784 const.
1747 3731 1838 3795 21,
1873 3729 2119 3800 ejusdem
2149 3731 2237 3785 tit.

657 3821 754 3882 ait,
789 3819 933 3888 quod
957 3820 1048 3888 qui
1095 3835 1201 3873 non
1230 3835 1326 3888 per
1355 3835 1576 3875 causam
1619 3821 2064 3876 redimendorum
2106 3838 2244 3890 cap-

659 3913 892 3965 tivornm
928 3925 1082 3966 sacra
1110 3926 1241 3966 vasa
1270 3913 1354 3966 vel
1385 3912 1613 3967 donaria
1645 3914 1796 3978 emit,
1825 3923 1917 3967 aut
1966 3914 2019 3967 in
2067 3913 2242 3986 hypo-

657 4006 869 4059 thccam
926 4003 1190 4073 pignusve
1253 4006 1448 4074 capit,
1518 4005 1682 4058 etiam
1737 4006 1910 4074 pretio
1965 4007 2238 4061 excidat:

654 4109 826 4164 eaque
860 4110 956 4164 per
981 4094 1294 4164 episcopos.
1345 4109 1684 4160 osconomos,
1749 4105 1802 4150 et
1837 4113 2090 4152 vasorum
2141 4112 2241 4152 eu-

657 4187 851 4240 stodes
884 4187 1250 4250 vindicantur,
1285 4184 1500 4239 etiamsi
1531 4185 1764 4242 conﬂata
1801 4189 1909 4242 sint
1948 4204 1962 4241 :
1993 4197 2088 4242 aut
2117 4189 2242 4243 illo-

658 4294 774 4331 rum
807 4277 1098 4346 exigantur
1123 4277 1321 4345 pretia,
1351 4277 1395 4331 si
1438 4293 1542 4332 non
1570 4288 1944 4347 compareant.
1974 4278 2114 4334 Dicit
2143 4281 2236 4336 lib.

655 4385 808 4434 xvm,
837 4370 919 4434 tit,
955 4368 1004 4434 1,
1032 4368 1142 4439 dig.
1175 4369 1263 4430 6'2,
1295 4371 1439 4438 quod
1474 4371 1565 4439 qui
1595 4374 1849 4427 nesciens
1881 4388 1996 4427 rem
2025 4388 2236 4427 sacram

655 4477 754 4530 pro
779 4461 987 4530 privata
1024 4470 1330 4530 Comparat,
1379 4461 1508 4516 licet
1556 4463 1794 4518 venditio
1848 4479 1956 4519 non
2029 4473 2229 4531 teneat,

658 4565 834 4608 tamen
877 4552 1194 4626 [aetionem]
1226 4554 1488 4610 adverSus
1517 4555 1864 4608 venditorem
1923 4556 2140 4621 habeat,
2179 4556 2234 4610 in

657 4655 883 4714 qautum
945 4644 1065 4714 ejus
1113 4643 1379 4707 interluit,
1448 4661 1515 4701 ne
1565 4646 1929 4714 deciperetur.
1973 4645 2037 4700 Et
2089 4645 2234 4720 [lib.]

656 4738 790 4792 inst.
829 4753 882 4800 ιι,
921 4738 1004 4790 tit.
1046 4737 1100 4804 1,
1147 4738 1292 4803 dicit,
1321 4738 1463 4808 quod
1499 4754 1654 4794 sacra
1713 4754 1842 4794 vasa
1889 4754 2062 4806 neque
2106 4739 2237 4792 alie-

2271 2082 2316 2142 Β
2345 2067 2650 2136 Κυρίλλου
2678 2065 2746 2119 ἐκ
2773 2062 2880 2131 τῆς
2909 2061 3060 2132 πρὸς
3084 2062 3317 2131 Δόμνον
3337 2061 3672 2129 ἐπιστολῆς
3698 2079 3826 2130 κερ.
3853 2061 3904 2132 β’.

2409 2161 2490 2214 Τὰ
2539 2159 2596 2213 δὲ
2648 2158 2849 2221 ἀδίκως
2911 2155 3185 2227 ληφθέντα
3249 2153 3379 2224 παρ’
3410 2152 3576 2207 αὑτοῦ
3645 2155 3905 2224 χρήματα,

2339 2253 2664 2323 ἀναδοθῆναι
2718 2251 2926 2304 δίκαιον
2963 2249 3104 2303 κατά
3131 2247 3225 2301 δύο
3260 2246 3528 2318 τρόπους·
3567 2245 3791 2317 πρῶτον
3828 2245 3910 2315 μὲν

2338 2349 2419 2400 ὃτι
2442 2345 2560 2398 οὑδὲ
2586 2345 2752 2416 ἐχρῆν
2769 2343 2906 2405 ὅλως
2925 2341 3175 2408 γενέσθαι
3193 2357 3244 2393 τι
3266 2339 3527 2401 τοιοῦτον,
3557 2339 3750 2392 καθότι
3771 2339 3909 2391 λυπεῖ

2344 2439 2584 2510 σφόδρα,
2631 2438 2726 2491 καὶ
2774 2437 2854 2500 είς
2903 2434 3141 2506 ἐσχάτην
3184 2433 3414 2504 ἀκηδίαν
3460 2434 3768 2502 καταφέρει
3805 2435 3908 2494 τοὺς

2341 2531 2690 2601 ἁπανταχόσε
2744 2529 2847 2598 γῆς
2881 2528 3042 2591 ὄντας
3077 2525 3531 2588 θεοσεῦεστάτους
3571 2525 3906 2588 ἐπισκόπους,

2340 2625 2400 2678 τὸ
2427 2623 2776 2678 ἀπαιτεῖσθαι
2801 2620 2990 2689 λόγους
3019 2622 3119 2689 τῆς
3161 2618 3476 2687 οἰκονομίας
3524 2620 3634 2672 τῶν
3690 2635 3910 2690 παραπι-

2345 2718 2592 2771 πτόντων
2654 2715 2839 2777 αὐτοῖς
2899 2711 3290 2782 ἀναλωμάτων,
3359 2715 3468 2766 εἴτε
3529 2715 3593 2766 ἐκ
3654 2714 3907 2783 προσόδων

2344 2807 2834 2878 ὲκκλησιαστικῶν,
2885 2805 2983 2858 εἴτ’
3030 2802 3122 2860 οὑν
3158 2806 3253 2860 καὶ
3299 2805 3406 2859 ἀπ’)
3427 2805 3530 2873 τῆς
3588 2822 3757 2858 τινων
3791 2822 3908 2874 καρ-

2345 2905 2644 2975 ποφορίας·
2697 2903 2928 2965 ἕκαστος
2980 2902 3090 2972 γὰρ
3143 2899 3300 2971 ἡμῶν
3345 2898 3454 2951 τῶν
3513 2897 3673 2950 ἰδίων
3753 2897 3908 2967 καιρῷ

2343 2999 2504 3050 δώσει
2557 2996 2712 3066 λόγον
2749 2996 2827 3066 τῷ
2866 2995 3084 3048 πάντων
3133 2993 3318 3064 κριτῇ.
3362 2990 3643 3061 Κειμὴλια
3700 2992 3796 3060 μὲν
3823 2992 3910 3058 γὰρ

2355 3091 2447 3144 καὶ
2474 3091 2696 3162 κτήσεις
2723 3090 3034 3160 ἀκινήτους,
3057 3087 3432 3156 ἀνεκποιήτως
3459 3087 3581 3148 ταῖς
3612 3084 3908 3155 ἐκκλησίαις

2347 3179 2618 3245 σώζεσθαι
2657 3181 2762 3250 χρή
2786 3195 2800 3211 ⁸
2833 3176 3149 3250 θαρσείσθαι
3193 3176 3250 3229 δὲ
3281 3176 3408 3238 τοὺς
3437 3174 3582 3228 κατὰ
3608 3175 3803 3243 καιρῆν
3830 3176 3910 3242 τὴν

2345 3273 2495 3327 θείαν
2551 3273 2836 3336 διέποντας
2896 3267 3233 3339 ἱερωσύνην,
3287 3266 3399 3319 τῶν
3467 3268 3909 3338 παραπιπτόντων

2344 3367 2714 3435 ἀναλωμάτων
2733 3365 2834 3434 τὴν
2855 3362 3189 3431 οίκονομίαν.

2428 3457 2491 3510 Ἦ
2524 3455 2588 3520 ιζ’
2625 3453 2865 3518 διάταξις
2909 3452 3003 3506 τοῦ
3053 3451 3097 3522 β’
3152 3453 3259 3506 τίτ.
3289 3449 3383 3504 τοῦ
3415 3458 3464 3504 α’
3497 3450 3643 3520 βιϐλ.
3672 3450 3768 3503 τοῦ
3796 3449 3903 3503 κὼδ.

2347 3549 2532 3621 φησὶν,
2601 3549 2684 3602 ὅτι
2737 3547 2972 3617 κινητῶν
3042 3545 3288 3598 ὑπόντων
3348 3543 3549 3608 ἔξωθεν
3615 3543 3730 3597 τῶν
3773 3542 3907 3614 ίερῶν

2347 3641 2578 3702 σκευῶν,
2645 3639 2804 3708 ἀργεῖ
2861 3638 2970 3690 τῶν
3015 3635 3332 3704 ἀναγκαίων
3380 3636 3656 3704 ἀκινήτων
3698 3634 3904 3688 καὶτῶν

2345 3732 2524 3803 ἄρτιον
2553 3735 2586 3802 ἡ
2621 3730 2907 3800 ὲκποίησις
2932 3729 3026 3782 καὶ
3077 3730 3110 3798 ἡ
3147 3727 3395 3798 ὑποθήκη
3423 3739 3436 3755 ·
3472 3728 3568 3780 καὶ
3600 3727 3630 3799 ἡ
3658 3733 3748 3780 xz.’
3788 3726 3903 3779 διάτ.

2343 3826 2438 3878 τοῦ
2476 3824 2642 3879 αὑτοῦ
2684 3825 2790 3877 τίτ.
2826 3824 3011 3894 φησὶν,
3040 3823 3121 3876 ὅτι
3147 3824 3175 3875 ό
3203 3821 3277 3893 μὴ
3305 3821 3372 3875 δι’
3416 3822 3723 3894 ἀνάρρυσιν
3768 3822 3905 3892 αίχμ-

2344 3918 2566 3972 αλώτων
2590 3918 2874 3987 ἀγοράζων
2919 3917 3042 3987 ίερά
3071 3916 3263 3987 σκεύη,
3295 3915 3328 3988 ἢ
3370 3915 3703 3986 ἀπλώματα,
3733 3917 3764 3985 ἢ
3792 3917 3904 3983 λαμ-

2345 4003 2521 4058 ϐάνων
2553 4006 2630 4065 είς
2658 4003 2938 4074 ὑποθήκην
2981 4005 3013 4076 ἢ
3041 4006 3321 4076 ἐνέχυρον,
3354 4006 3445 4058 καὶ
3473 4006 3586 4059 τῶν
3617 4006 3791 4076 τιμῶν
3827 4002 3901 4056 καὶ

2341 4097 2435 4151 τοῦ
2466 4097 2662 4168 χρέους
2705 4097 2984 4162 ἐκπίπτει,
3027 4098 3121 4150 καὶ
3151 4095 3493 4149 ὲκδικοῦνται
3532 4096 3620 4149 διά
3659 4097 3767 4150 τῶν
3807 4097 3900 4148 ἑπι-

2345 4190 2562 4244 σκόπων
2603 4189 2698 4242 καὶ
2749 4189 3049 4258 οἰκονόμων
3089 4187 3184 4240 καὶ
3231 4187 3676 4258 σκευοφυλάκων,
3733 4189 3778 4241 εί
3826 4185 3899 4238 καὶ

2341 4281 2753 4353 ἔχωνεὺθησαν*
2798 4281 2832 4352 ἢ
2875 4283 2968 4334 καὶ
3014 4280 3070 4333 αἱ
3117 4279 3272 4348 τιμαὶ
3321 4279 3502 4332 αὑτῶν
3542 4280 3896 4337 ἀπαιτοῦνται,

2341 4373 2390 4424 εί
2447 4372 2521 4440 μὴ
2578 4371 2877 4439 φαίνονται.
2937 4369 3105 4438 Φησὶν
3131 4369 3273 4440 βισλ.
3323 4375 3391 4437 ιη’
3419 4370 3525 4422 τξτ,
3569 4371 3617 4423 α’
3652 4370 3784 4424 διάτ,
3815 4367 3893 4436 ξβι,

2339 4463 2420 4516 ὅτι
2443 4465 2542 4516 ὀὲν
2573 4461 2766 4533 ἀγνοίᾳ
2793 4460 3016 4532 τδίερδν
3048 4459 3399 4522 ὠςίδιωτικδν
3429 4459 3797 4530 άγοράζων,εί
3822 4459 3893 4511 καὶ

2343 4557 2417 4627 μὴ
2458 4555 2769 4609 συνίσταται
2809 4557 2842 4623 ἠ
2873 4555 3095 4625 πράσις,
3129 4555 3278 4623 ὅμως
3295 4553 3408 4623 ἔχει
3431 4555 3572 4608 κατά
3592 4553 3685 4607 τοῦ
3717 4556 3890 4624 πρᾶτον

2338 4649 2416 4710 είς
2440 4649 2575 4717 ὅπερ
2597 4646 2742 4717 αὑτῷ
2763 4646 2978 4718 διέφερε
3001 4646 3074 4717 μὴ
3100 4644 3468 4717 ἀπατηθῆναυ
3492 4648 3588 4700 καὶ
3618 4645 3887 4700 Ἱνστιτουτ.

2340 4739 2426 4803 ιβ’.
2445 4736 2545 4790 τίτ.
2567 4740 2615 4790 α’
2633 4735 2914 4805 φησὶν,ζὸτι
2949 4737 3018 4788 τά
3041 4736 3159 4805 ίερά
3186 4734 3375 4805 σκεύη,
3399 4735 3526 4788 οὑτε
3555 4736 3888 4808 πιπράσκεται

660 4842 883 4890 nentur,
923 4844 1097 4898 neque
1129 4831 1458 4897 obligentur,
1487 4830 1591 4883 nisi
1634 4837 1857 4899 propter
1905 4829 2234 4899 redemptio-

2340 4822 2461 4875 οὔτε
2494 4822 2829 4889 ὑποτίθεται,
2850 4825 2896 4875 εί
2922 4822 2994 4892 μὴ
3017 4823 3103 4875 διὰ
3125 4822 3279 4876 λὺσιν
3300 4823 3665 4894 αἰχμαλώτων
3691 4843 3704 4856 σ
3729 4827 3759 4896 ἡ
3783 4824 3829 4876 δὲ
3849 4811 3886 4874 α’

653 4935 775 4974 nem
805 4921 1165 4989 captivorum.
1211 4919 1400 4976 Const.
1450 4927 1632 4974 autem
1681 4921 1726 4984 l,
1786 4919 1868 4974 tit.
1897 4919 1934 4973 2
1981 4919 2234 4975 Novella-

653 5030 775 5068 rum
806 5013 982 5083 pomis
1014 5013 1236 5081 subjicit
1276 5027 1391 5077 eos,
1428 5013 1518 5082 qui
1557 5027 1710 5065 sacra
1740 5027 1872 5066 vasa
1928 5024 2116 5067 contra
2158 5014 2236 5068 le-

653 5122 774 5178 gem
816 5117 1038 5176 propter
1065 5107 1490 5175 redemptionem
1523 5107 1883 5174 captivorum.

729 5282 943 5337 Textus.
988 5283 1176 5338 Const.
1213 5284 1268 5349 2,
1291 5284 1533 5354 ejusdem
1561 5286 1647 5340 tit.
1675 5284 1829 5348 dicit,
1879 5295 1935 5337 ut
1977 5301 2044 5339 ne
2076 5300 2228 5339 saera

650 5391 778 5432 rasa
813 5376 970 5448 122
1015 5377 1271 5432 Ecclesiae
1302 5379 1947 5450 Constantinopolitanae,
1981 5387 2074 5433 aut
2119 5379 2233 5432 ubi-

649 5485 866 5539 cunque
889 5471 1307 5526 constitutorum
1337 5473 1704 5526 oratoriorum
1731 5472 1885 5526 aliter
1905 5471 2228 5536 vendantur,

649 5572 1099 5632 opponanturque
1120 5564 1522 5634 pignori,quam
1545 5580 1640 5634 pro
1658 5565 1999 5633 captivorum
2022 5565 2231 5619 redem-

648 5656 852 5726 ptione.
893 5654 1035 5711 Sane
1059 5657 1110 5710 si
1146 5657 1299 5726 plura
1333 5672 1461 5711 vasa
1507 5656 1651 5721 sint,
1694 5671 1815 5725 qum
1863 5657 2228 5710 necessarium

647 5746 740 5821 [de
770 5748 855 5821 se]
891 5764 1049 5805 usum
1079 5765 1185 5806 non
1213 5749 1509 5819 pra'beant,
1539 5757 1592 5803 et
1623 5750 1932 5816 usuveniat,
1968 5759 2025 5804 ut
2055 5750 2228 5818 aliqua

2335 4912 2475 4965 διάτ.
2508 4911 2601 4964 τοῦ
2646 4911 2693 4983 β’
2719 4913 2825 4965 τίτ.
2855 4912 2964 4964 τῶν
2993 4913 3223 4984 Νεαρῶν
3247 4955 3262 4980 ,
3291 4915 3590 4985 ἐπιτιμίοις
3632 4915 3885 4969 ὑποϐάλλει

2337 5006 2463 5068 τοὺς
2499 5004 2566 5058 τὰ
2591 5005 2710 5077 ίερὲ
2741 5005 2908 5077 σκεύη
2933 5006 3083 5076 παρά
3119 5005 3211 5058 τὸν
3251 5007 3417 5077 νόμον
3466 5008 3880 5079 ὲνεχυράζοντας.

2335 5098 2732 5168 ἥπωλοῦντας,
2768 5097 2799 5168 ἢ
2841 5099 3199 5168 χωνεὺοντας,
3247 5099 3281 5170 ἢ
3334 5101 3708 5166 ἐκποιοῦντας,
3752 5101 3793 5153 εί
3823 5097 3880 5168 μὴ

2335 5191 2421 5244 διὰ
2451 5191 3006 5261 ).ύσινἀίχμαλὼτων.

2417 5284 2483 5336 Ἠ
2508 5285 2562 5336 δὲ
2586 5284 2631 5355 β’
2660 5286 2801 5339 διάτ.
2833 5286 2927 5339 τοῦ
2959 5285 3123 5338 αὑτοῦ
3149 5285 3254 5341 τίτ.
3301 5285 3488 5357 φησιν,
3535 5286 3672 5340 ὥστε
3697 5286 3759 5338 τὰ
3782 5280 3877 5352 ἱερᾶ

2339 5377 2506 5448 σκεύη
2533 5378 2631 5446 τῆς
2659 5379 2985 5449 Ἐκκλησίας
3019 5379 3660 5443 Κωνσταντινουπόλεως,
3691 5379 3776 5432 καὶ
3793 5373 3876 5428 τῶν

2334 5471 2667 5542 ὁπουδήποτε
2739 5473 3006 5542 κειμένων
3035 5472 3361 5542 εὑκτηρίων,
3395 5472 3470 5544 μὴ
3495 5472 3664 5537 ἄλλως
3705 5466 3876 5539 πιπρά-

2338 5563 2559 5616 σκεσθαι
2607 5564 2640 5636 ἢ
2677 5565 3044 5632 ὑποτίθεσθαι,
3087 5566 3138 5617 εί
3170 5564 3244 5636 μὴ
3274 5567 3354 5629 είς
3397 5565 3689 5637 ἀνάρρυσιν
3735 5562 3869 5628 αἰχμ·

2338 5650 2559 5710 αλὼτων
2583 5673 2597 5688 ⁸
2628 5660 2676 5710 εί
2697 5657 2752 5710 δὲ
2788 5657 3008 5711 πλείονα
3045 5653 3156 5711 εἷεν
3205 5657 3395 5729 σκεύη,
3431 5657 3692 5729 μηδεμίαν
3730 5654 3870 5716 ἀνᾶγ’

2339 5749 2498 5802 καίαν
2541 5748 2798 5803 ποιοῦντα
2827 5749 3046 5821 χρῆσιν,
3084 5750 3264 5822 συμϐῇ
3292 5749 3350 5803 δέ
3396 5766 3518 5804 τινα
3544 5748 3647 5803 τῶν
3689 5738 3866 5809 svnt?"
