4012 6422
136 315 222 384 581
967 307 1370 368 SYNTAGMA
1416 305 1805 368 CANONUM.
1841 329 1910 341 -
1950 308 2096 367 TIT.
2130 307 2212 369 Ιῐ.
2244 306 2405 366 CAP.
2448 306 2533 366 II.
3283 302 3390 370 582

134 429 280 481 οἴκων
329 419 655 492 βαρύνεσθαι
713 419 947 489 χρέεσιν,
1014 423 1064 473 εἰ
1125 420 1201 490 μὴ
1246 420 1485 483 ,ὕπεστιν
1532 420 1692 491 ἕτερα

1800 421 2191 475 venerabilium
2241 421 2502 475 domuum
2539 434 2646 473 tere
2678 417 2855 472 alieno
2890 429 3162 487 gravetur,
3198 435 3377 492 neque

134 515 314 587 κινητὰ
342 513 665 584 πράγματα,
709 510 769 576 ἐξ
816 504 891 565 ὧν
927 510 1134 579 ὀφείλει
1175 511 1393 580 δοθῆναι
1425 510 1492 563 τὰ
1540 511 1700 581 χρέα,

1813 520 2113 580 suppetant
2152 511 2272 564 alia
2308 526 2395 564 res
2430 509 2682 574 mobiles,
2714 522 2775 562 ex
2816 511 3013 577 quibus
3042 525 3113 563 tes
3146 510 3382 565 alienum

133 610 270 665 ἄδεια
314 606 471 659 ἔσται
514 602 913 673 συνισταμένης
961 602 1214 674 πράξεως
1258 600 1532 673 ἀζημίως,
1580 604 1704 656 ἐπι-

1808 604 1942 657 solvi
1979 603 2173 658 debeat
2211 621 2225 658 :
2259 601 2492 657 facultas
2542 602 2667 668 erit,
2693 607 2750 655 ut
2781 609 3027 655 actorum
3065 616 3388 657 monumen-

135 701 319 755 σκόπου
371 699 473 767 μὲν
523 694 873 759 ἐκποιοῦντος
933 695 1089 765 παρὰ
1152 693 1233 765 τῷ
1305 693 1702 770 μητροπολίτῃ,

1812 692 1881 745 tis
1911 691 2170 761 episcopo
2224 692 2516 757 alienante,
2560 692 2701 760 apud
2761 692 3165 760 metropolitani
3206 707 3218 743 :
3276 708 3388 745 Ille-

135 786 519 860 μητροπολίτου
546 786 603 839 δὲ
641 784 791 857 παρὰ
838 782 916 854 τῷ
957 784 1072 854 ἰδίῳ
1107 786 1445 856 πατριάρχῃ,
1476 784 1546 839 τὰ
1583 785 1705 857 ίερὰ

1810 782 2066 852 tropolita
2096 797 2247 847 vero,
2284 781 2428 852 apud
2462 782 2631 851 ipsius
2663 782 3031 851 patriarcham
3062 782 3199 837 citra
3241 781 3394 836 datu-

136 879 289 949 σκεύη
333 878 402 931 τὰ
471 876 701 947 περιττὰ
748 876 926 939 ἄλλοις
979 875 1235 944 εὑαγέσιν
1294 876 1463 939 οἴκοις
1516 880 1706 949 χρείαν

1813 890 1939 929 num
1974 873 2260 937 confectis,
2298 874 2575 945 superﬂua
2604 876 2727 943 aliis
2770 875 3176 930 venerabilibus
3222 875 3397 929 domi-

134 971 301 1040 ἕχουσι
324 968 528 1021 πωλεῖν
558 967 589 1038 ἢ
620 966 881 1037 χωνεύειν
928 968 1022 1020 καὶ
1049 968 1412 1038 πιπράσκειν,
1461 969 1559 1023 καὶ
1605 969 1707 1040 τὴν

1813 965 1934 1027 bus,
1978 980 2098 1035 qua:
2127 963 2262 1036 [his]
2292 981 2432 1034 opus
2484 965 2707 1027 habent,
2741 964 3069 1030 vendantur,
3119 973 3215 1019 aut
3259 980 3394 1020 cun-

136 1060 299 1114 αὐτῶν
333 1059 501 1130 τιμὴν
566 1061 645 1122 είς
704 1059 765 1113 τὸ
826 1059 989 1131 χρέος
1031 1060 1318 1131 παρέχειν,
1363 1060 1504 1115 ὥστε
1537 1062 1614 1133 μὴ
1639 1064 1707 1116 τὰ

1812 1055 2009 1110 [lentur
2032 1098 2047 1123 ,
2081 1050 2144 1111 a‘c
2180 1055 2423 1129 [deinde]
2462 1056 2788 1122 vendantur,
2820 1057 3158 1127 pretiumque
3208 1073 3396 1111 eorum

136 1153 352 1222 ἀκίνητα
380 1152 745 1207 ὲκποιείσθαι.

1815 1157 1878 1210 ad
1918 1153 2325 1209 dissolvendum
2370 1169 2445 1209 ms
2484 1154 2720 1207 alienum
2777 1153 3115 1219 conleratur,
3166 1169 3234 1209 ne
3280 1153 3399 1207 illa-

1813 1263 1932 1302 rum
1973 1261 2063 1301 res
2094 1246 2405 1301 immobiles
2438 1246 2764 1300 alienantur.

199 1331 353 1397 Λέγει
380 1331 438 1383 δὲ
474 1330 617 1402 βιϐλ.
648 1331 718 1394 α’,
748 1332 851 1387 τίτ.
896 1333 984 1404 ιη’,
1012 1334 1154 1389 διάτ.
1195 1338 1284 1401 ιγ’.
1326 1332 1408 1385 ὅτι
1442 1332 1491 1385 οἱ
1518 1332 1712 1403 ἄρχον-

1893 1339 2036 1393 Dicit
2074 1354 2238 1408 porro
2270 1338 2345 1393 lib
2385 1355 2423 1405 ι,
2462 1339 2544 1392 tit.
2594 1338 2680 1403 18,
2711 1337 2906 1408 digest.
2946 1336 3034 1400 1'5,
3074 1338 3217 1406 quod
3257 1353 3398 1405 pra:-

139 1442 216 1486 τες
243 1423 575 1494 ἁναζητοῦσι
598 1427 724 1487 τοὺς
756 1426 1071 1497 ἱεροσύλους
1095 1443 1108 1457 ·
1137 1426 1229 1478 καὶ
1257 1425 1398 1495 βιϐλ.
1434 1425 1603 1490 ι’,τίτ.
1639 1424 1705 1495 β’,

1815 1431 1956 1487 sides
1983 1430 2305 1500 conquirere
2332 1431 2564 1485 debeant
2593 1432 2909 1500 sacrilegos.
2935 1429 3001 1484 Et
3027 1429 3121 1485 lib.
3148 1445 3205 1490 κ,
3255 1428 3337 1482 tit.
3365 1430 3399 1481 2

140 1517 230 1585 δίγ.
260 1516 321 1578 δ’,
348 1517 431 1569 ὅτι
461 1517 530 1570 τὰ
568 1517 625 1583 ἐξ
654 1518 957 1589 ἱεροσυλίας
1002 1518 1295 1588 κτηθέντα,
1326 1518 1385 1570 οὒ
1423 1517 1704 1588 διαιροῦν-

1819 1524 2006 1594 digest.
2041 1523 2096 1587 4,
2137 1523 2281 1592 quod
2322 1538 2442 1593 quae
2481 1522 2767 1593 sacrilegio
2799 1524 3025 1592 quaesita
3078 1532 3227 1587 sunt,
3288 1522 3403 1575 INB-

140 1627 217 1663 ται
240 1612 283 1661 oi
312 1608 638 1679 κληρονόμοι
664 1625 679 1638 ·
716 1610 809 1662 καὶ
833 1609 970 1671 βιϐλ.
997 1617 1048 1675 ι’,
1072 1610 1180 1663 τίτ.
1220 1615 1289 1672 α’,
1331 1608 1441 1677 δίγ.
1478 1616 1593 1675 κς’,
1627 1610 1710 1663 ὅτι

1817 1613 1973 1668 redes
2034 1611 2201 1685 [inter
2234 1611 2315 1683 se]
2369 1628 2477 1667 non
2511 1614 2773 1667 dividant.
2821 1611 2887 1667 Et
2938 1613 3036 1667 lib.
3072 1628 3194 1674 XLV,
3229 1612 3311 1666 tit.
3348 1610 3401 1677 1,

142 1698 427 1768 ἀνισχύρως
458 1716 545 1762 τις
578 1700 831 1770 ὁμολογεῖ
857 1701 1179 1772 ίεροσυλεῖν,
1212 1700 1309 1754 καὶ
1336 1701 1436 1771 οὐχ
1476 1701 1707 1771 ἁρμόζει

1815 1704 2013 1774 digest.
2053 1701 2148 1768 26,
2179 1704 2324 1773 quod
2357 1702 2598 1757 invalide
2625 1702 2899 1772 quispiam
2956 1718 3013 1757 se
3049 1701 3399 1772 sacrilegium

143 1793 199 1843 ἐκ
225 1791 407 1845 τούτου
438 1792 656 1862 ἀγωγή·
680 1792 774 1844 καὶ
795 1791 935 1861 βιϐλ.
977 1800 1092 1863 μη’,
1114 1792 1220 1847 τίτ.
1249 1792 1311 1859 δ’,
1347 1792 1490 1846 διὰτ.
1522 1798 1591 1858 α’,
1625 1794 1707 1846 ὅτι

1819 1795 2080 1851 factorum
2126 1795 2446 1866 promittat],
2481 1808 2642 1864 atque
2672 1796 2811 1865 [inde
2855 1797 3000 1848 actio
3039 1810 3147 1848 non
3180 1809 3403 1863 compe-

142 1881 305 1951 ὅμοιόν
338 1884 455 1935 ἐστι
482 1884 544 1936 τὸ
571 1883 823 1955 ἔγκλημα
862 1884 961 1953 τῆς
1009 1883 1415 1949 καθοσιώσεως,
1450 1883 1527 1955 τῷ
1580 1886 1709 1956 περὶ

1820 1895 1909 1943 tat.
1958 1888 2172 1944 Textus.
2236 1889 2305 1943 Et
2341 1888 2436 1942 lib.
2501 1904 2691 1955 uvnt,
2736 1890 2821 1942 tit.
2854 1887 2909 1954 4,
2944 1888 3138 1957 digest.
3171 1887 3224 1953 1,
3258 1885 3404 1955 quod

142 1975 227 2043 τῆς
256 1975 574 2044 ἱεροσυλίας·
608 1978 702 2029 καὶ
733 1976 836 2031 τίτ.
870 1983 937 2044 ιγ’
964 1976 1056 2030 τοῦ
1083 1977 1247 2032 αὐτοῦ
1268 1976 1433 2047 βιϐλ.,
1464 1978 1600 2031 διάτ.
1632 1983 1705 2042 α’,

1822 1979 2018 2034 crimen
2058 1979 2200 2033 laesa:
2255 1978 2560 2048 maiestatis
2610 1978 2901 2047 sacrilegio
2950 1977 3129 2032 simile
3187 1977 3277 2031 sit.
3340 1975 3406 2030 Et

143 2066 305 2136 ὁπερὶ
362 2068 462 2137 τῆς
519 2067 822 2138 ἱεροσυλίας
877 2069 1042 2138 νόμος
1095 2072 1362 2136 κινεῖται,
1422 2070 1568 2124 κατὰ
1611 2069 1707 2123 τοῦ

1819 2069 1899 2124 Lit.
1944 2069 2013 2124 13
2046 2069 2287 2139 ejusdem
2332 2070 2430 2135 lib,
2465 2069 2723 2140 digest.1,
2756 2070 2946 2143 [quod]
3003 2069 3273 2139 sacrilegii
3307 2084 3403 2123 ac-

146 2158 454 2229 ὐφε).ομένου
496 2161 565 2213 ὲκ
596 2159 703 2213 τῶν
754 2160 915 2231 ἱερῶν
958 2159 1338 2231 χρημάτων,ἧ
1377 2159 1709 2230 στρέψαντος

1824 2161 1889 2216 tio
1923 2170 2206 2216 moveatur
2231 2162 2496 2216 adversus
2528 2178 2675 2224 eum.
2712 2164 2802 2232 qui
2831 2179 2896 2217 ex
2930 2162 3104 2217 saeris
3158 2162 3408 2231 pecuniis

146 2251 211 2312 εἰς
233 2251 360 2315 ἰδίας
390 2251 603 2321 χρείας,
637 2252 670 2322 ἢ
698 2252 1221 2322 παρασκευάσαντος
1264 2251 1406 2305 κατὰ
1436 2251 1588 2304 δόλον
1612 2268 1708 2320 γε·

1821 2253 2144 2326 [quippiam]
2184 2255 2435 2321 abstulit,
2467 2256 2549 2309 vel
2583 2255 2637 2309 in
2690 2272 2805 2309 rem
2858 2269 3015 2309 suam
3064 2256 3245 2318 vertit,
3276 2254 3405 2308 dolo

148 2343 311 2399 νέσθαι
368 2344 578 2398 τούτων
605 2359 679 2398 τι·
741 2345 881 2400 διάτ.
938 2344 1002 2409 δ’,
1046 2346 1097 2399 οἱ
1161 2345 1429 2416 ἱερόσυλοι
1482 2344 1618 2415 πρὸς
1650 2344 1711 2397 τὸ

1826 2346 1962 2411 ierit,
2006 2361 2115 2416 quo
2145 2346 2336 2400 herum
2370 2346 2499 2415 quid
2550 2346 2721 2399 ﬁeret.
2766 2345 2971 2415 Digest.
3004 2343 3060 2408 1,
3099 2343 3163 2397 tit
3207 2343 3276 2409 4,
3318 2358 3410 2398 sa-

150 2438 282 2491 ποιὸν
304 2438 392 2491 τοῦ
419 2440 830 2510 ἁμαρτήματος
854 2438 1222 2511 τιμωροῦνται
1247 2458 1257 2470 ·
1296 2439 1438 2494 διάτ.
1468 2445 1520 2504 ς’
1560 2439 1621 2492 τὸ
1652 2438 1712 2503 ἐξ

1825 2439 2000 2510 crilegi
2036 2454 2133 2508 pro
2170 2426 2433 2509 qualitate
2466 2438 2646 2492 dilecti
2690 2437 3016 2507 puniuntur.
3063 2434 3169 2488 Jus
3222 2436 3409 2506 positi-

152 2529 277 2599 ἱεροῦ
318 2529 562 2584 ἰδιωτικὰ
590 2532 849 2601 χρήματα
880 2529 1195 2598 ὑφελέσθαι,
1224 2530 1326 2583 οὐκ
1353 2529 1467 2582 ἔστι
1497 2531 1711 2600 ἱεροσυ-

1827 2550 1950 2587 vum.
2003 2533 2206 2602 Digest.
2249 2530 2304 2585 6.
2343 2531 2417 2585 Ex
2476 2546 2632 2585 sacra
2692 2530 2806 2585 aede
2859 2530 3100 2599 privatas
3146 2528 3411 2599 pecunias

151 2621 226 2675 λία
275 2623 405 2676 ἀλλὰ
460 2624 673 2692 κλοπήν
734 2625 792 2676 ὲν
838 2623 893 2676 δὲ
921 2621 1000 2691 τῷ
1033 2626 1106 2685 ις’
1139 2621 1473 2690 διατάγματι
1514 2619 1611 2673 τοῦ
1645 2618 1711 2672 ιθ⁹

1824 2626 2102 2696 Subripere
2133 2665 2148 2690 ,
2199 2641 2307 2679 non
2346 2624 2731 2695 sacrilegium,
2785 2625 2878 2677 sed
2924 2622 3127 2676 furtum
3190 2628 3294 2677 est.
3350 2619 3408 2674 lu

152 2713 239 2770 τίτ,
264 2714 353 2767 τοῦ
384 2714 475 2784 μη⁹
512 2714 743 2785 βιϐλίου,
787 2713 937 2781 λέγει
962 2712 1052 2767 τὸν
1101 2711 1265 2765 τόπον
1297 2711 1594 2783 διακρίνειν
1620 2711 1713 2764 τὸν

1826 2720 2007 2788 digest.
2038 2718 2138 2783 16,
2171 2718 2252 2773 tit.
2298 2719 2384 2783 19,
2422 2719 2514 2773 lib.
2559 2716 2759 2787 vam},
2793 2715 2993 2772 dicitur
3019 2715 3201 2769 locum
3237 2715 3410 2769 furem

155 2804 368 2875 κλέπτην
390 2805 500 2858 ἀπὸ
530 2806 625 2858 τοῦ
674 2805 956 2876 ίεροσύλου
983 2821 997 2836 ο
1030 2804 1124 2858 καὶ
1159 2803 1302 2873 βιϐλ.
1342 2801 1395 2869 ς’
1422 2803 1517 2857 τοῦ
1553 2803 1710 2867 κώδ.,

1823 2827 1848 2867 a
1878 2812 2142 2880 sacrilego
2167 2811 2499 2865 discernere.
2541 2809 2606 2864 Et
2641 2809 2732 2863 lib.
2758 2824 2830 2873 vr,
2861 2809 2985 2861 cod.
3016 2809 3095 2861 tit.
3130 2808 3165 2860 ἓ
3185 2846 3200 2871 ,
3230 2818 3407 2860 const.

155 2895 242 2947 τίτ.
272 2895 331 2965 β’,
387 2897 528 2950 διάτ.
592 2902 663 2966 γ’,
719 2897 801 2950 ὃτι
846 2898 874 2950 ό
919 2897 1167 2952 κλέπτων
1198 2896 1259 2949 τὸ
1293 2896 1457 2968 μήπω
1485 2895 1564 2967 τῷ
1595 2893 1714 2965 Θεῷ

1829 2906 1872 2967 5,
1907 2920 2031 2959 eum
2076 2904 2170 2975 qui
2218 2902 2432 2957 furatur
2470 2902 2616 2972 quod
2668 2901 2912 2954 nondum
2946 2897 3058 2953 Deo
3103 2896 3413 2953 dedicatum

157 2986 482 3058 καθιερωθὲν,
514 2989 593 3053 ὡς
627 2990 867 3060 κλέπτης
892 2990 1168 3059 ὲνάγεται.

1817 3006 1919 3063 est,
1962 3008 2019 3051 ut
2051 2996 2223 3051 furem
2257 2994 2334 3067 [in
2378 2991 2604 3064 judicio]
2633 2976 2931 3048 conveniri.

218 3082 357 3136 Βιϐλ.
393 3089 505 3153 μη’,
547 3084 653 3137 τίτ.
691 3080 777 3151 ιγ’,
804 3082 1028 3149 διάτ.ζ’,
1061 3085 1094 3153 ἡ
1124 3082 1218 3135 τοῦ
1250 3082 1526 3154 ίεροσύλου
1553 3083 1712 3155 ποινὴ
1744 3125 1788 3187 C

1894 3090 2049 3160 123
2072 3088 2287 3143 Textus.
2312 3087 2433 3141 Lib.
2454 3102 2641 3150 xum,
2667 3086 2847 3151 tit.13,
2864 3095 3040 3140 const.
3060 3084 3111 3138 7.
3131 3085 3412 3156 Sacrilegii

159 3174 249 3226 ἀπο
276 3174 367 3242 τῆς
402 3176 688 3245 ποιότητος
724 3174 832 3228 τῶν
868 3174 1195 3245 προσώπων,
1225 3175 1317 3227 καὶ
1346 3173 1439 3227 τοῦ
1469 3176 1721 3246 ἁμαρτὴ-

1832 3197 1982 3252 paena
2023 3198 2121 3251 pro
2150 3182 2412 3251 qualitate
2449 3195 2838 3249 personarum,
2872 3181 3057 3234 delicti
3081 3220 3095 3243 ,
3126 3183 3416 3251 temporis,

163 3283 328 3334 ματος,
363 3270 457 3322 καὶ
482 3268 580 3321 τοῦ
614 3267 829 3337 καιροῦ,
857 3270 951 3321 καὶ
981 3268 1081 3337 τῆς
1106 3266 1344 3337 ἡλικίας,
1369 3268 1463 3320 καὶ
1491 3268 1591 3338 τῆς
1615 3268 1719 3336 cpt}-

1826 3277 2017 3340 tetatis,
2042 3284 2096 3329 et
2125 3291 2310 3340 sexus,
2355 3272 2573 3343 gravior
2602 3281 2697 3325 aut
2728 3272 2901 3326 levior
2941 3272 3222 3341 inﬂigitur.
3260 3271 3410 3326 Non.

160 3373 306 3424 σεως,
336 3361 367 3431 ἤ
421 3360 699 3432 βαρυτέρα
733 3360 766 3431 ἢ
801 3360 1139 3432 ἐλαφροτέρα
1174 3360 1513 3430 ἐπιφέρεται.
1562 3360 1720 3424 Τινὲς

1830 3368 1957 3423 nulli
2000 3368 2146 3423 enim
2209 3367 2399 3422 bestiis
2439 3366 2751 3429 traduntur,
2782 3365 3027 3419 nonnulli
3082 3375 3414 3431 exuruntur,

161 3451 251 3522 γὰρ
277 3452 476 3523 θηρίοις
503 3451 1074 3523 παραδίδονται,τινὲς
1105 3450 1536 3515 καίονται,τινὲς
1557 3466 1723 3522 φουρ-

1830 3460 1993 3530 aliqui
2029 3460 2080 3513 in
2106 3458 2289 3513 furcas
2319 3458 2753 3526 suspenduntur.
2784 3456 3062 3509 Moderata
3096 3472 3224 3511 vero
3250 3473 3414 3527 paena

163 3543 405 3608 κίζονται·
438 3545 833 3617 μεμετρημένη
866 3546 922 3599 δὲ
952 3546 1109 3614 ποινή
1141 3545 1278 3608 ἐστι,
1311 3545 1373 3598 τὸ
1408 3542 1721 3616 παραδοθῆυ

1830 3560 1928 3616 est,
1954 3550 1998 3604 si
2036 3561 2344 3604 nocturnus
2379 3550 2680 3619 sacrilegus
2714 3548 2905 3602 bestiis
2932 3548 3176 3602 tradatur
3204 3565 3217 3601 :
3262 3548 3414 3603 diur-

164 3654 238 3691 ναι
262 3637 458 3710 θηρίοις
488 3640 584 3692 τὸν
626 3638 938 3707 νυκτερινὸν
971 3637 1278 3707 ἱερόσυλονο
1327 3637 1417 3690 τὸν
1464 3634 1722 3707 ἡμερινὸν

1832 3658 1928 3696 nus
1949 3656 2099 3706 vero,
2147 3642 2238 3710 qui
2288 3639 2566 3693 modicum
2633 3638 2838 3707 aliquid
2898 3653 2964 3692 ex
3013 3637 3219 3707 templo
3267 3638 3416 3702 tulit,

165 3727 212 3781 δὲ
243 3729 446 3800 μέτριόν
496 3748 555 3784 τι
608 3728 989 3800 ίεροσυλοῦντα
1046 3728 1495 3799 μεταλλίζεσθαιο
1531 3727 1622 3781 τὸν
1666 3726 1723 3779 δὲ

1836 3734 2029 3788 metalli
2064 3748 2224 3803 poena
2276 3741 2594 3787 coerceatur
2628 3748 2643 3783 :
2679 3740 2776 3786 aut
2818 3731 2865 3785 si
2928 3730 3243 3785 honestiore
3290 3730 3418 3785 loco

166 3819 321 3888 τίμιον
350 3821 875 3893 δεπορτατεύεσθαιο
900 3821 1008 3889 δίγ.
1052 3827 1139 3886 ια’,
1171 3822 1221 3873 οἱ
1253 3820 1520 3892 ἱερόσυλοι
1549 3837 1722 3888 κεφα-

1827 3835 1985 3880 natus
2022 3826 2115 3891 sit,
2147 3825 2484 3893 deportetur.
2539 3823 2742 3894 Digest.
2800 3824 2886 3878 11.
2925 3823 3192 3892 Sacrilegi
3236 3823 3411 3895 capite

169 3912 311 3978 λικῶς
358 3915 698 3979 κολάζονται.
742 3914 1035 3987 Ἰερόσυλοι
1072 3913 1129 3967 δέ
1186 3915 1324 3967 εἰσιν
1374 3913 1425 3966 oi
1461 3912 1587 3977 τοὺς
1627 3912 1724 3983 δη·

1831 3918 2148 3987 puniuntur.
2188 3917 2329 3972 Sunt
2361 3925 2543 3971 autem
2587 3916 2859 3985 sacrilegi,
2890 3916 2982 3985 qui
3017 3915 3229 3984 publica
3256 3930 3415 3970 sacra

174 4006 363 4072 μοσίονς
406 4008 572 4069 ναοὺς
612 4006 971 4070 κλέπτοντες·
1007 4007 1055 4059 oi
1094 4005 1153 4059 δὲ.
1180 4004 1249 4058 τὰ
1295 4004 1540 4058 ίδιωτικὰ
1581 4005 1723 4073 ἱερὰ,

1829 4012 2123 4082 compilant
2153 4029 2166 4066 :
2202 4022 2257 4067 at
2285 4013 2378 4081 qui
2408 4012 2613 4081 privata
2646 4026 2803 4066 sacra
2826 4010 3223 4079 :edisculasque
3249 4009 3413 4063 incu-

173 4095 390 4162 καὶτοὺς
429 4099 664 4169 μικροὺς
694 4100 856 4162 ναοὺς
888 4098 1237 4167 ἀφυλάκτους
1271 4097 1431 4161 ὄντας
1465 4096 1726 4149 κλέπτονο

1830 4107 2056 4161 stoditas
2106 4106 2368 4176 spoliant,
2412 4105 2595 4161 minus
2634 4121 2801 4173 quatn
2856 4102 3126 4171 sacrilegi,
3173 4100 3414 4171 amplius

172 4203 264 4251 τες,
292 4186 445 4261 ἦττον
506 4192 610 4263 μὲν
658 4191 769 4244 τῶν
820 4190 1136 4262 ἱεροσύλων,
1169 4190 1333 4243 πλέον
1357 4189 1415 4241 δὲ
1461 4187 1571 4241 τῶν
1600 4188 1725 4241 κλε-

1830 4214 1991 4269 quam
2051 4198 2202 4253 fures
2236 4198 2560 4269 puniuntur.
2596 4197 2728 4252 ltcm
2775 4199 2867 4267 qui
2917 4195 3199 4266 peregrina
3251 4209 3414 4249 sacra

176 4282 300 4335 πτῶν
332 4283 733 4356 τιμωροῦνταιο
770 4284 799 4337 ὁ
840 4282 897 4337 δὲ
942 4282 1202 4347 ὲξωτικὸς
1245 4282 1610 4335 ὑποκλέπτων
1660 4281 1728 4333 τὰ

1832 4290 2151 4353 διιίῖυτιιιυν,
2196 4290 2470 4360 sacrilegii
2509 4289 2727 4344 crimini
2783 4287 3054 4342 obnoxius
3103 4294 3204 4340 est.
3237 4285 3416 4338 Cane-

178 4373 293 4442 ἱερὰ,
328 4376 608 4428 ὑπόκειται
662 4373 740 4444 τῷ
782 4374 885 4443 τῆς
933 4373 1242 4444 ἱεροσυλίας
1288 4372 1621 4443 ἐγκλήματι.
1666 4371 1727 4425 Ὀ

1829 4400 1953 4439 rum
1987 4384 2032 4437 si
2068 4384 2115 4438 is
2147 4383 2235 4438 cui
2271 4397 2555 4437 sacrorum
2590 4381 2835 4436 cusmdia
2862 4377 3172 4433 concredita
3207 4386 3311 4441 est,
3341 4391 3408 4429 ex

176 4466 264 4531 γὰρ
287 4466 379 4538 τὴν
408 4466 591 4519 αὐτῶν
621 4464 867 4535 φυλακὴν
899 4464 1356 4533 πεπιστευμένος,
1393 4463 1494 4515 κᾶν
1523 4464 1723 4533 ὑφέλη-
1753 4470 1760 4528 ᾗ

1831 4474 1935 4529 illis
1991 4474 2195 4543 aliquid
2228 4473 2608 4543 subripuerit,
2670 4471 2773 4542 legi
2828 4470 3101 4525 obnoxius
3156 4482 3262 4523 non
3306 4479 3414 4523 est.

175 4555 247 4607 ταί
270 4572 317 4608 τι
342 4558 399 4623 ἐξ
425 4556 628 4621 αὐτῶν,
662 4556 762 4626 οὐχ
789 4555 1071 4609 ὑπόκειται
1098 4553 1273 4625 τούτῳ
1297 4553 1378 4623 τῷ
1408 4555 1582 4624 νόμῳ·
1616 4555 1723 4621 δίγ.

1832 4566 2035 4636 Digest.
2093 4547 2206 4620 12..
2234 4565 2563 4635 Deportatur
2595 4566 2688 4635 qui
2744 4564 3018 4617 hominem
3071 4562 3124 4615 in
3167 4562 3410 4616 arculam

180 4646 250 4714 ιβ’,
269 4647 749 4720 δεπορτατεύεταιό
775 4647 1027 4719 ἐμϐαλὼν
1057 4647 1343 4718 ἄνθρωπον
1378 4647 1436 4698 ὲν
1468 4647 1726 4716 κιϐωτίῳ,

1830 4658 2077 4720 includit,
2113 4673 2346 4728 eamque
2392 4658 2447 4711 in
2480 4659 2685 4727 templo
2734 4657 2976 4727 deponit,
3013 4656 3057 4709 si
3094 4655 3185 4708 ille
3219 4654 3287 4708 de
3319 4653 3414 4707 illa

180 4739 255 4790 καὶ
298 4742 690 4812 παρενθέμενος
748 4740 909 4795 αὐτὸν
934 4742 992 4794 ὲν
1022 4738 1158 4810 ναῷ,
1193 4739 1289 4793 ἐὰν
1322 4739 1533 4801 ἐκεῖνος
1568 4737 1729 4804 ἐξιὼν

1829 4750 2016 4805 exiens
2048 4750 2308 4804 nonnulla
2349 4750 2416 4805 de
2454 4750 2655 4819 templo
2695 4748 3015 4804 sulluretur.
3069 4747 3266 4816 Digest.
3321 4744 3412 4803 16.

180 4828 259 4898 τῆς
281 4833 522 4900 κιϐωτοῦ,
567 4834 738 4905 κλέψῃ
762 4832 884 4887 τινὰ
906 4833 1001 4886 τοῦ
1035 4831 1182 4902 ἱεροῦ
1202 4846 1218 4862 ⁸
1261 4831 1368 4900 δίγ.
1400 4830 1503 4895 ις’,
1545 4830 1728 4901 τὸ⁴τῆς

1832 4840 2117 4912 Sacrilegii
2141 4841 2416 4912 judicium
2444 4842 2608 4897 etiam
2657 4842 2921 4897 adversus
2955 4842 3219 4896 lueredem
3253 4855 3410 4893 com-

185 4922 447 4991 ἱεροσυλίας
478 4926 741 4980 καὶκατὰ
779 4925 1129 4996 κληρονόμων
1173 4923 1425 4995 ἁρμόζειο
1457 4924 1587 4993 περὶ
1620 4921 1730 4993 γὰρ

1831 4934 1962 5003 petit
1992 4949 2159 5001 ;nam
2198 4934 2265 4989 de
2310 4935 2538 4991 sublatis
2568 4935 2814 5005 pecuniis
2858 4935 2910 4989 in
2948 4950 3013 4988 eo
3048 4942 3132 4987 est
3157 4933 3410 5003 quaestio»

185 5018 439 5085 χρημάτων
466 5016 867 5089 ὑφαιρεθέντων
892 5016 1039 5070 ἔστιν
1068 5016 1218 5086 αὐτῷ
1245 5017 1278 5087 ή
1322 5014 1574 5086 ζήτησις.

298 5109 557 5163 Συνόδου
587 5108 1006 5178 οίκουμενικῆς
1032 5107 1214 5175 ἕκτης
1237 5108 1439 5160 κανὼν
1479 5103 1587 5175 ξη¹.

2053 5106 2279 5161 Consilii
2316 5104 2617 5159 mcumem’ci
2670 5104 2807 5157 sexti
2865 5116 3035 5155 canon
3082 5099 3178 5154 68.

244 5196 329 5270 ξη’.
357 5202 486 5273 Περὶ
515 5201 612 5255 τοῦ
653 5200 729 5271 μὴ
760 5200 957 5266 ἐξεῖναί
988 5217 1096 5252 τινι
1123 5198 1231 5253 τῶν
1254 5200 1492 5263 πάντων,
1526 5196 1729 5266 βιϐλίον

1903 5200 1989 5254 68.
2028 5198 2167 5252 ΝυΗί
2204 5214 2271 5252 ex
2311 5198 2567 5253 omnibus
2599 5196 2759 5250 licere
2800 5193 3012 5248 Veteris
3039 5202 3094 5246 et
3139 5189 3276 5244 Novi
3308 5188 3410 5243 Te-

184 5289 265 5359 τῆς
294 5290 519 5354 Παλαιᾶς
547 5290 642 5345 καὶ
654 5288 863 5359 Καινῆς
892 5288 1167 5359 Διαθήκης
1201 5288 1311 5341 τῶν
1339 5304 1395 5340 τε
1431 5287 1606 5357 ἁγίων
1636 5287 1729 5339 καὶ

1836 5290 2085 5344 stamenti
2122 5289 2349 5355 librum,
2372 5303 2474 5342 nec
2505 5296 2819 5342 sanctorum
2854 5294 3166 5339 nostrorum
3208 5297 3420 5352 praeco-

188 5379 421 5449 ἐκκρίτων
451 5382 607 5453 ἡμῶν
638 5381 896 5453 κηρύκων
913 5380 1007 5434 καὶ
1025 5380 1358 5434 διδασκάλων
1388 5379 1729 5449 διαφθείρειν

1835 5399 1962 5436 num
2026 5397 2090 5436 ac
2145 5382 2434 5437 doctorum
2493 5393 2843 5448 corrumpere
2896 5377 2979 5432 vel
3030 5375 3419 5440 eonsrindere,

188 5469 594 5544 ἢκατατέμνειν,
622 5474 657 5546 ἢ
692 5478 804 5538 τοῖς
851 5472 1312 5543 βιϐλιοκαπήλοις,
1346 5473 1379 5543 ἢ
1413 5475 1525 5534 τοῖς
1567 5471 1729 5537 λεγο-

1836 5476 1916 5530 vcl
1948 5476 2211 5530 librorum
2262 5471 2752 5542 cauponatoribus,
2787 5470 2873 5523 vel
2914 5469 2981 5523 iis
3013 5469 3107 5539 qui
3152 5467 3420 5523 dicuntur

193 5563 345 5630 μένοις
396 5568 671 5640 μυρεψοῖς,
709 5568 744 5638 ἢ
797 5566 941 5637 ἄλλῳ
998 5566 1106 5619 τινὶ
1144 5565 1251 5618 τῶν
1298 5565 1552 5618 ἁπάντων
1588 5563 1729 5630 πρὸς

1834 5567 2203 5638 unguentarii,
2247 5567 2410 5621 alicui
2444 5565 2536 5619 alii
2571 5579 2634 5619 ex
2666 5563 2921 5617 omnibus
2966 5562 3030 5616 ad
3063 5576 3187 5615 eum
3220 5559 3409 5613 delen-

191 5657 461 5731 ἀφανισμὸν
509 5661 793 5727 ἐκδιδόναι,
824 5660 872 5712 εἰ
913 5659 993 5729 μή,
1027 5676 1080 5711 τι
1106 5658 1214 5728 ἄρα
1240 5657 1442 5722 τέλεον,
1474 5657 1583 5711 εἴτε
1618 5654 1730 5709 ὑπὸ

1832 5658 1959 5709 dum
1995 5658 2205 5712 tradere
2238 5676 2251 5711 :
2282 5656 2384 5711 nisi
2420 5657 2608 5725 utique
2633 5654 2717 5707 vel
2747 5669 2777 5707 a
2813 5654 2992 5718 tineis,
3022 5652 3107 5707 vel
3136 5653 3202 5706 ab
3243 5666 3410 5719 aqua,

194 5749 362 5817 θητῶν,
401 5753 433 5823 ἢ
461 5753 671 5819 ὓδατος,
689 5754 727 5825 ἢ
756 5754 927 5823 ἑτέρῳ
956 5750 1141 5824 τρόπῳ
1162 5750 1456 5823 ἁχρειωθῇ.
1504 5750 1561 5804 '0
1590 5750 1655 5805 δέ.
1675 5764 1725 5800 τι

1834 5747 1913 5800 vel
1949 5747 2049 5808 ab,
2079 5746 2268 5817 aliquo
2323 5744 2485 5801 modo
2527 5743 2771 5800 redditus
2842 5741 3008 5798 fuerit
3039 5741 3269 5796 inutilis.
3305 5740 3414 5805 Qui
