3908 6296
536 225 661 286 -583
1709 221 1968 282 ΡΗΟΤΙΙ
2007 224 2161 283 ΡΑΤι

2277 225 2510 285 11011.)ίί
2551 224 2659 284 CP.
3704 217 3797 279 218i

552 327 732 371 autem
759 313 863 368 tale
886 312 1014 382 quid
1042 311 1218 367 facere
1247 312 1502 383 deinceps
1532 309 1903 380 deprehensus
1936 311 2121 376 fuerit,
2151 353 2161 373 λ

2277 316 2432 367 ito-31:0
2462 317 2635 367 ποιεῖν
2653 311 2761 369 ἀπὸ
2789 309 2888 364 τοῦ
2914 309 3008 364 νῦν
3033 308 3410 377 ἁλισκόμενος,
3436 305 3532 358 ἐπὶ
3570 306 3802 360 ἐνιαυτὸν

551 422 697 460 anno
737 420 847 458 uno
876 413 1203 474 segregetur.
1238 404 1503 458 Similiter
1539 412 1593 458 et
1625 403 1717 472 qui
1763 403 1933 458 libros
1966 402 2127 474 124

2277 402 2601 472 φοριζέσθωο
2651 400 2851 471 ὁμοίως
2907 399 3002 452 καὶ
3055 400 3082 450 ὁ
3129 396 3228 460 τὰς
3283 393 3544 458 τοιαύτας
3603 394 3804 465 βίϐλους

551 498 596 551 si
633 513 728 551 eos
776 495 994 565 quidem
1037 496 1150 564 ipse
1184 510 1292 550 non
1344 495 1410 549 ad
1450 510 1607 550 suam
1649 493 1938 548 utilitatem
1995 495 2127 548 reti-

2277 494 2370 547 v05
2380 511 2558 564 μενος,
2579 494 2628 546 εί
2655 493 2791 562 μήτε
2813 491 2974 550 αὐτὸς
2995 489 3190 551 ταύτας
3213 487 3434 556 κατέχει
3453 485 3595 556 πρὸς
3614 487 3806 539 οίκείαν

554 599 697 651 neat,
731 603 830 642 nec
851 588 1021 642 altera
1054 589 1120 640 ad
1166 588 1285 655 ejus
1338 587 1660 643 beneﬁcium
1719 597 1773 642 et
1823 598 1883 642 ut
1937 587 1973 641 ii
2002 602 2126 656 per-

2277 586 2554 654 σφάλειαν,
2598 585 2734 655 μήτε
2765 583 2936 652 ἑτέρῳ
2967 581 3105 652 πρὸς
3131 578 3452 650 εὐεργεσίαν
3495 577 3595 630 καὶ
3620 576 3678 629 τὸ
3702 577 3809 629 διας

557 692 814 735 maueant
837 680 949 748 dat,
980 689 1316 750 segregetur.

2277 678 2418 729 εἶναι
2435 674 2728 740 ἀποδῶται,
2747 672 2884 728 ἀλλὰ
2905 671 3075 726 ταῦτα
3099 670 3432 740 διαφθείρειν
3457 669 3807 738 ἐπιχειρήσω,

2236 765 2598 838 ἁφοριζέσθω.
2627 819 2631 821 ,

2310 861 2560 913 ΚΕΦΑΛ.
2580 860 2729 912 Γ’.-έ
2753 856 2894 926 Περὶ
2919 853 3229 924 κληρικῶν
3250 848 3704 919 ἀποσχιζόντων
3725 849 3811 901 καὶ

2239 951 2398 1020 παρὰ
2417 951 2661 1021 γνώμην
2683 950 2790 1004 τοῦ
2813 951 3150 1004 ἐπισκόπου
3173 943 3478 1000 ἱστώντων
3499 940 3810 1005 θυσιαστή-

2232 1057 2355 1107 pta.

628 849 782 907 CAP.
817 849 908 905 111.
938 879 1007 889 -
1041 848 1113 903 De
1156 849 1362 902 cleritis
1408 849 1498 918 qui
1524 848 1754 903 schisma
1799 849 2027 919 faciunt,
2080 859 2131 903 et

559 954 750 1012 praeter
766 943 1080 997 sententiam
1103 941 1334 1009 episcopi
1365 941 1565 994 altaria
1591 949 1855 995 statuunt.

1002 1119 1374 1187 Apostolorum
1400 1134 1569 1171 canon
1601 1120 1691 1176 5|.

632 1209 870 1284 51[5θ].
921 1209 977 1263 Si
1031 1210 1156 1278 quis
1189 1210 1496 1279 presbyter.
1544 1218 1860 1279 contempto
1913 1209 2136 1280 preprio

561 1304 839 1373 episcopo,
872 1317 1123 1356 seorsum
1169 1300 1654 1372 congregationem
1702 1299 1912 1365 iecerit,
1965 1311 2019 1355 et
2052 1303 2134 1355 al-

567 1401 743 1446 terum
784 1391 959 1445 altare
1008 1389 1206 1452 lixerit,
1236 1389 1493 1458 episcopo
1540 1404 1641 1443 suo
1686 1389 1740 1442 in
1786 1389 2044 1458 religione
2073 1408 2137 1444 ac

561 1483 775 1553 justitia
807 1482 954 1536 nulla
993 1479 1046 1534 iii
1082 1496 1141 1534 re
1175 1496 1202 1535 a
1229 1496 1288 1534 se
1314 1482 1698 1546 condemnato,
1729 1481 2054 1551 deponatur,
2082 1492 2136 1534 ιιι

569 1573 858 1642 imperium
907 1571 1184 1627 obtinendi
1234 1572 1500 1639 cupidus:
1535 1572 1791 1626 estenim
1847 1581 2134 1644 tyrannus.

2277 1585 2354 1650 ’ἀρ
2378 1585 2493 1634 ἐστι
2513 1596 2525 1608 ·
2555 1579 2815 1642 ὡσαύτως
2839 1579 2896 1631 δὲ
2931 1575 3110 1630 λαῖκοὶ
3136 1573 3627 1644 ἁφοριζέσθωσανι·
3661 1571 3815 1624 ταῦτα

571 1665 835 1718 Similiter
863 1674 917 1719 et
946 1664 1140 1733 reliqui
1178 1664 1385 1727 clerici,
1437 1674 1491 1718 et
1516 1673 1786 1735 quotquot
1815 1665 1864 1719 ei
1904 1681 2152 1721 accesse-

2277 1676 2309 1726 ἑὲ
2361 1672 2498 1744 μετὰ
2547 1672 2673 1743 μίαν
2711 1671 2806 1724 καὶ
2843 1670 3102 1740 δευτέραν
3134 1668 3230 1722 καὶ
3260 1666 3450 1738 τρίτην
3485 1664 3816 1736 παράκλησιν

571 1766 719 1812 runt.
756 1755 904 1810 Laici
952 1766 1133 1810 autem
1175 1767 1552 1826 segregentur,
1585 1773 1760 1826 eaque
1806 1767 1929 1827 post
1982 1774 2148 1813 unam

2277 1760 2343 1815 ποῦ
2365 1761 2667 1814 ἐπισκόπου
2697 1759 2954 1828 γινέσθω.

571 1849 907 1920 alteramque
945 1845 1008 1903 ac
1046 1850 1257 1902 tertiam
1291 1850 1718 1904 admonitionem
1748 1853 1899 1906 liant.

925 1939 1148 1995 Concilii
1184 1940 1499 1995 Antiocheni
1529 1937 1701 1996 canon
1732 1943 1785 1998 5.

652 2036 706 2089 5.
753 2034 810 2088 Si
857 2038 980 2103 quis
1025 2033 1137 2104 (55)
1177 2034 1465 2105 presbyter
1502 2037 1583 2090 vel
1615 2037 1878 2092 diaconus
1931 2035 2152 2107 proprio

577 2126 1194 2197 contempto-episcopo,
1231 2129 1300 2181 ab
1339 2126 1582 2183 Ecclesia
1615 2129 1858 2199 scipsum
1901 2145 2155 2199 segrega-

577 2220 735 2282 verit,
766 2220 1088 2288 etprivatim
1105 2221 1584 2289 congregationem
1610 2220 1872 2286 eﬂ‘ecerit,
1902 2230 1955 2274 et
1985 2221 2157 2276 altare

576 2311 834 2376 erexerit,
879 2319 932 2364 et
958 2310 1216 2379 episcopo
1244 2320 1559 2364 aecerseute
1589 2326 1698 2363 nou
1730 2309 2018 2375 obedierit,
2060 2323 2158 2363 nec

579 2403 710 2458 velit
763 2402 811 2456 ei
870 2417 1084 2471 parere,
1117 2416 1218 2455 nec
1274 2417 1482 2456 morem
1515 2417 1714 2482 gerere
1761 2402 1939 2472 primo
1972 2411 2025 2455 et
2065 2416 2156 2456 sc-

2663 1125 3054 1180 Ἀποστόλων
3078 1119 3280 1174 κανὼν
3313 1118 3400 1173 λά.

2315 1214 2418 1271 λα’.
2462 1218 2530 1271 Et
2558 1233 2642 1280 τις
2671 1214 3042 1285 πρεσϐύτερος
3099 1211 3524 1283 καταφρονήσας
3566 1205 3660 1260 τοῦ
3696 1206 3812 1260 ίδίου

2243 1310 2542 1365 ἐπισκόπου
2560 1351 2575 1375 ,
2589 1307 2758 1378 χωρὶς
2781 1303 3088 1374 συναγάγῃ,
3107 1303 3202 1356 καὶ
3231 1300 3624 1369 θυσιαστήριον
3645 1297 3815 1368 ἕτερον

2245 1404 2428 1474 πήξει,
2457 1402 2622 1472 μηδὲν
2651 1397 3014 1467 κατεγνωκὼς
3042 1396 3134 1450 τοῦ
3165 1394 3467 1447 ἐπισκόπου
3496 1392 3556 1444 ἐν
3579 1391 3815 1461 εὐσεϐείᾳ

2247 1498 2339 1550 καί¹
2360 1492 2697 1562 δικαιοσύνῃ,
2717 1489 3087 1559 καθαιρείσθω
3139 1488 3215 1547 ὡς
3248 1485 3511 1554 φίλαρχος
3532 1499 3548 1513 ο
3573 1481 3816 1551 τύραννο;

2536 1921 2820 1993 ’Συνόδου
2866 1937 3218 2006 Ἀντιοχείας
3248 1933 3449 1990 κανὼν
3477 1939 3544 1988 ε’.

2327 2038 2393 2086 ε’.
2428 2030 2496 2083 Εἴ
2527 2048 2612 2096 τις
2645 2030 3013 2102 πρεσϐύτερος
3050 2030 3082 2101 ἢ
3116 2029 3382 2095 διάκονος,
3414 2027 3818 2095 καταφρονήσας

2254 2121 2346 2176 τοῦ
2399 2122 2530 2176 ἰδίου
2565 2122 2884 2188 ἐπισκόπου,
2919 2122 3195 2192 ἀφώρισεν
3235 2121 3428 2174 ἑαυτὸν
3467 2118 3573 2188 τῆς
3611 2117 3817 2186 Ἐκκλη-

2257 2215 2399 2279 σίας,
2447 2215 2541 2268 καὶ
2583 2215 2686 2284 ίδίᾳ
2726 2215 3020 2284 συνήγαγε,
3051 2215 3146 2268 καὶ
3185 2212 3579 2283 θυσιαστήριον
3624 2210 3817 2279 ἔστησε,

2257 2305 2353 2359 καὶ
2425 2306 2518 2357 τοῦ
2591 2300 2892 2358 ἐπισκόπου
2963 2303 3482 2375 προσκαλεσαμένου
3550 2300 3814 2371 ἀπειθοίη,

2258 2399 2353 2450 καὶ
2427 2399 2501 2466 μὴ
2589 2397 2832 2467 βούλοιτο
2907 2397 3060 2468 αὐτῷ
3132 2395 3472 2461 πείθεσθαι,
3549 2395 3682 2465 μηδὲ
3733 2395 3797 2445 im

579 2493 763 2549 eundo
796 2493 1036 2555 vocanti,
1070 2492 1116 2547 is
1158 2492 1383 2545 omnino
1439 2492 1768 2561 deponatur,
1796 2501 1852 2546 et
1899 2508 2006 2544 non
2033 2489 2159 2543 am-

582 2586 721 2654 plius
741 2585 1080 2638 curationem
1107 2584 1349 2653 assequi,
1379 2598 1477 2638 nec
1507 2599 1667 2637 suum
1693 2583 1868 2653 possit
1899 2585 2158 2636 honorem

580 2693 795 2746 capere.
835 2677 930 2730 Siu
967 2685 1151 2729 autem
1188 2682 1509 2744 perseverat
1538 2675 1859 2742 perturbare
1889 2683 1941 2728 et
1975 2671 2162 2726 Eccle—

584 2775 722 2828 siam
756 2781 1023 2833 evertere,
1060 2771 1106 2825 is
1135 2784 1229 2839 per
1259 2777 1547 2824 externam
1581 2767 1882 2838 potentiam
1918 2774 1978 2820 ut
2014 2765 2159 2821 sedi-

587 2867 760 2921 tiosus
794 2864 1112 2932 castigatur.

855 3039 1078 3100 Concilii
1115 3029 1542 3110 Cartltagineus'is
1599 3013 1768 3091 canon
1807 3036 1892 3089 10.

661 3136 737 3190 De
785 3133 1122 3205 presbyteris,
1160 3130 1250 3200 qui
1300 3146 1332 3182 a
1364 3129 1593 3199 propriis
1645 3127 1993 3193 corripientur
2029 3123 2168 3191 epis-

590 3245 754 3296 copis.

627 3335 630 3337 λ
661 3321 750 3375 10.
779 3319 1004 3390 Alypius
1032 3312 1408 3386 episcopus",
1460 3313 1684 3383 legatus
1710 3309 2005 3380 provincia:
2051 3307 2171 3360 Nu-

593 3414 798 3478 midiae,
825 3411 963 3465 dixit
998 3427 1012 3462 :
1047 3409 1154 3463 Nec
1187 3408 1320 3461 illud
1355 3406 1466 3476 (56)
1510 3402 2032 3475 praetermittendum
2065 3407 2168 3464 est,

593 3513 654 3560 ut
691 3505 737 3558 si
770 3502 896 3572 quis
927 3499 1066 3555 forte
1099 3498 1256 3569 125
1304 3497 1584 3567 presbyter
1645 3495 1713 3548 ab
1764 3494 2021 3563 episcopo
2066 3505 2167 3546 suo

592 3603 896 3664 correptus,
929 3601 1144 3646 tumore
1181 3590 1264 3644 vel
1316 3587 1570 3658 superbia
1628 3585 1848 3640 inﬂatus
1899 3585 2169 3654 putaverit

593 3674 886 3757 separatim
937 3681 1205 3738 sacriﬁcia
1254 3679 1362 3734 Deo
1403 3679 1701 3742 oil‘erenda,
1740 3677 1825 3732 vel
1860 3675 2007 3731 aliud
2059 3677 2168 3730 eri-

595 3767 829 3847 gendum
860 3776 1032 3829 altare
1057 3781 1250 3828 contra
1298 3770 1731 3827 ecclesiasticam
1786 3770 1945 3823 Iidem
2002 3768 2169 3823 disci-

596 3869 910 3940 plinamque
935 3866 1247 3929 crediderit,
1275 3879 1382 3918 nou
1408 3873 1566 3916 exeat
1613 3853 1936 3931 impunitus.
1975 3859 2169 3915 Valen-

596 3959 748 4012 tinus
781 3957 968 4026 prima:
1007 3955 1153 4009 sedis
1189 3953 1483 4024 provincia:
1523 3950 1814 4016 Numidiae,
1848 3950 1985 4005 dixit
2017 3969 2029 4002 :
2064 3949 2172 4004 Ne-

599 4048 841 4104 cessario
871 4047 1176 4118 disciplinae
1205 4044 1598 4100 ecclesiastica
1648 4053 1702 4099 et
1753 4043 1876 4097 ﬁdei
1928 4057 2172 4112 congrua

2258 2488 2498 2553 ακούειν,
2533 2487 2628 2541 καὶ
2668 2489 2884 2558 πρῶτον
2933 2486 3190 2540 καλοῦντι
3219 2486 3313 2539 καὶ
3352 2485 3630 2556 δεύτερον,
3660 2485 3820 2538 τοῦτον

2259 2580 2636 2650 καθαιρεῖσθαι
2671 2581 2970 2644 παντελῶς,
3006 2583 3100 2635 καὶ
3141 2581 3340 2652 μηκέτι
3384 2577 3686 2650 θεραπείας
3710 2594 3819 2645 τυγ-

2261 2656 2466 2744 χάνειν,
2500 2673 2636 2745 μηδὲ
2669 2673 2930 2747 δύνασθαι
2973 2673 3274 2741 λαμϐάνειν
3299 2673 3398 2744 τὴν
3431 2669 3636 2725 ἑαυτοῦ
3657 2671 3818 2740 τιμήν.

2262 2771 2324 2822 Ei
2344 2770 2398 2824 δὲ
2425 2769 2734 2840 παραμένοι
2758 2768 3001 2840 θορυϐῶν
3034 2768 3127 2821 καὶ
3155 2766 3478 2830 ἀναστατῶν
3495 2765 3596 2836 τὴν
3620 2763 3820 2830 Ἐκκλη-

2263 2863 2385 2914 σίαν
2427 2862 2516 2915 διὰ
2556 2862 2655 2932 τῆς
2708 2861 2909 2928 ἔξωθεν
2953 2860 3227 2930 ἐξουσίας,
3272 2860 3348 2924 ὡς
3382 2857 3657 2928 στασιώδη
3685 2855 3822 2911 αὑτὸν

2265 2951 2733 3022 ἀποστρέφεσθαι.

2543 3038 2813 3098 Συνὸδου
2845 3027 3263 3114 Καρθαγέννης
3294 3042 3502 3098 κανὼν
3521 3041 3571 3096 ι’.
3634 3070 3638 3071 ν

2345 3134 2482 3202 Περὶ
2520 3135 2938 3204 πρεσϐυτέρων
2966 3135 3084 3190 τῶν
3111 3136 3229 3190 ἀπὸ
3256 3135 3376 3190 τῶν
3402 3136 3641 3190 οἰκείων
3669 3150 3823 3187 κατα-

2277 3227 2732 3297 γινωσκομένων
2758 3229 3127 3284 ἐπισκόπων.
3501 3298 3504 3300 1

2347 3321 2399 3374 ι’.
2418 3320 2668 3384 Ἀλύπιος
2685 3321 2981 3385 ἐπίσκοπος
2999 3309 3199 3394 τοποτη
3207 3322 3377 3396 ρητὴς
3388 3323 3492 3394 τῆς
3508 3320 3824 3392 Νουμηδικῆς

2275 3411 2458 3485 χώρας
2505 3406 2658 3464 εἶπεν
2685 3426 2701 3444 ο
2739 3411 2814 3463 Ού
2838 3411 2882 3464 δ’
2903 3413 3081 3465 ἐκεῖνο
3103 3411 3184 3464 δεῖ
3208 3412 3512 3480 παρεᾶσαι,
3533 3410 3618 3461 ἵνα
3651 3409 3736 3460 ἐὰν
3756 3422 3822 3466 τις

2273 3505 2435 3576 τυχὸν
2472 3505 2844 3578 πρεσϐύτερος
2879 3507 2986 3559 ἀπὸ
3040 3506 3135 3560 τοῦ
3165 3506 3294 3560 ίδίου
3335 3503 3641 3558 ἐπισκόπου
3681 3519 3822 3554 κατα-

2273 3597 2571 3665 γνωσθεὶς,
2609 3597 2892 3668 φυσιότητί
2939 3617 3043 3652 τινι
3068 3600 3162 3652 καὶ
3185 3598 3540 3670 ὑπερηφανίᾳ
3565 3595 3821 3666 ἐπαρθεὶς,

2273 3689 2549 3758 ἡγήσηται
2575 3687 2811 3755 ὀφείλειν
2839 3690 3262 3760 κεχωρισμένως
3291 3689 3421 3757 ἅγια
3449 3688 3532 3758 τῷ
3548 3685 3662 3748 Θεῷ
3679 3700 3819 3753 προσ-

2274 3778 2550 3849 φέρειν,ἣ
2588 3779 2718 3834 ἄλλο
2759 3781 3021 3851 ἀνορθοῦν
3058 3780 3444 3853 θυσιαστήριον
3474 3778 3679 3848 οἰηθείη
3707 3776 3820 3829 κατὰ

2272 3870 2373 3939 τῆς
2423 3872 2885 3942 ὲκκλησιαστικῆς
2937 3873 3171 3935 πίστεως
3221 3876 3317 3926 καὶ
3361 3872 3756 3934 καταστάσεως,
3797 3869 3819 3920 ὁ

2268 3963 2506 4027 τοιοῦτος
2536 3965 2882 4037 ἀτιμώρητος
2912 3968 2987 4039 μὴ
3016 3967 3228 4038 ἐξέλθῃ.

600 4152 753 4206 sunt,
787 4157 908 4210 quae
935 4105 1102 4195 frater
1140 4148 1324 4194 uoster
1363 4138 1591 4210 Alypius
1643 4135 1808 4208 [Μεδ.
1841 4135 2006 4191 frater
2038 4105 2296 4208 vAlypius]
2325 4131 2647 4207 prosecutus
2702 4148 2787 4196 est
2814 4183 2827 4198 .
2896 4121 3121 4210 proinde
3160 4112 3289 4211 quid
3359 4105 3610 4194 videatur
3659 4133 3816 4190 νοεῖτε

600 4235 900 4299 dilectioni,
926 4235 1121 4290 edieite
1149 4232 1306 4305 [Μδε.
1338 4233 1544 4304 dicite].

875 4345 1103 4398 Concilii
1128 4345 1440 4398 aecumenici
1467 4345 1616 4415 sexti,
1637 4329 1802 4398 can-on
1835 4343 1924 4399 51.

669 4437 731 4492 51
746 4436 1025 4502 .Clericos,
1045 4438 1138 4506 qui
1164 4437 1215 4490 iu
1241 4439 1504 4492 oratoriis
1525 4436 1596 4500 ³⁸,
1625 4451 1746 4506 qua:
1772 4429 2064 4506 swLintra
2082 4437 2177 4492 do-

2198 4347 2251 4406 D

2418 4326 2689 4400 Συνόδού
2714 4345 3128 4414 οἱκουμενικῆς
3151 4345 3331 4412 ἕκτης
3369 4345 3576 4397 κανὼν
3611 4343 3701 4396 λα’.

2347 4438 2446 4495 λα’.
2493 4441 2631 4504 Τοὺς
2671 4441 2727 4492 ἐν
2770 4442 2881 4503 τοῖς
2910 4439 3224 4508 εύκτηρίοις
3265 4439 3437 4498 οἴκοις
3495 4436 3644 4492 ἔνδον,
3671 4431 3814 4492 οἰκίας

607 4547 747 4596 tuos,
781 4547 935 4586 sacra
970 4523 1195 4594 faciunt,
1223 4532 1305 4585 vel
1355 4530 1818 4609 baptizaut,.hoc
1870 4531 2016 4587 illius
2075 4533 2160 4586 loc

2277 4533 2600 4603 τυγχάνουσι
2666 4531 3115 4602 λειτουργοῦντας
3160 4531 3458 4598 κληρικοὺς
3505 4529 3606 4581 ὑπὸ
3630 4527 3814 4596 γνώμην

606 4625 843 4695 episcopi
868 4625 1134 4678 sententia
1164 4623 1345 4678 facere
1379 4624 1578 4678 debere
1601 4623 1968 4678 decernimus.
2001 4623 2161 4690 Quart

2277 4627 2435 4680 τοῦτο
2471 4627 2730 4698 πράττειν
2753 4626 2846 4678 τοῦ
2875 4624 3017 4696 κατὰ
3049 4624 3141 4677 τὸν
3164 4625 3328 4676 τόπον
3347 4624 3653 4676 ἐπισκόπου
3670 4618 3814 4688 ὁρίζω·

607 4715 653 4768 si
683 4713 808 4783 quis
835 4713 1070 4767 clericus
1101 4714 1204 4768 hoc
1230 4729 1339 4767 non
1368 4713 1449 4768 sic
1475 4712 1794 4779 servaverit,
1822 4713 2148 4783 deponatur.

605 4918 809 4989 εδιτιοᾱὶ
857 4921 1316 4981 Constantinopoli
1342 4907 1354 4975 ί
1373 4923 1427 4975 in
1455 4921 1646 4988 templo
1670 4896 1770 4976 SS.
1801 4921 2176 4990 Apostolorum

678 4992 892 5114 :tgbt'ilg’,
911 4993 1230 5117 ηιὶωιιὲίηια
1244 5002 1292 5047 et
1313 4993 1543 5046 secunda
1570 5001 1925 5059 nuncupatur,
1952 5008 2177 5046 canones

753 5103 766 5117 .
830 5085 882 5117 ι).
993 5101 1007 5117 ς
1113 5101 1126 5114 ο

753 5103 766 5125 ,
797 5085 882 5126 10,
921 5085 1007 5125 14,
1038 5085 1126 5115 ιο.

691 5154 776 5206 12.
818 5153 955 5206 Cum
993 5160 1204 5215 sancta,
1233 5161 1289 5205 et
1329 5149 1650 5204 universalis
1677 5162 1867 5207 sancta
1911 5153 2177 5222 synodus,

680 5314 726 5345 "
755 5311 1009 5381 Carthag.
1043 5327 1105 5376 ιι,
1137 5325 1261 5380 cap.
1295 5311 1349 5365 8.
1427 5313 1475 5344 “
1509 5309 1734 5367 Laudic.
1761 5327 1884 5366 can.
1914 5311 2004 5366 58.

2283 4737 2382 4788 μεν
2400 4735 2414 4749 ·
2452 4718 2592 4772 ὥστε
2636 4720 2689 4772 εί
2708 4735 2791 4782 τις
2819 4717 3080 4788 κληρικδς
3115 4716 3193 4788 μὴ
3219 4714 3374 4769 τοῦτο
3402 4715 3576 4777 οὕτως
3600 4711 3810 4780 φυλάξω.

2281 4809 2666 4883 καθαιρείσθω.

2281 4923 2551 4976 Συνόὸου
2577 4923 2634 4999 α’
2667 4924 2772 4999 καὶ.
2799 4924 2860 4987 β’
2893 4903 3411 4999 οἰ)γκροτῃθιείοέημς¹
3434 4923 3506 4975 ἐν
3524 4925 3811 4999 ,Κωνσςςιν-

2353 4995 2696 5063 τινουπόλει
2749 4995 2940 5058 ἐντῷ
2968 4989 3092 5059 ὦ·αῷ
3120 4992 3237 5046 τῶν
3275 4994 3461 5063 ἁγίων
3504 4989 3812 5045 ἀποστόλων

2353 5062 2552 5116 κανὼν
2579 5065 2666 5133 ιβ’,
2703 5063 2792 5132 ιγ’,
2829 5063 2907 5129 ιδ’,
2944 5071 3023 5117 ιε’.

2356 5153 2443 5225 ιβ’.
2460 5155 2503 5208 Τ
2507 5155 2572 5226 ἧς
2603 5157 2761 5225 ἁγίας
2783 5157 2876 5210 καὶ
2891 5155 3269 5227 οἰκουμενικῆς
3291 5156 3459 5225 ἕκτης
3485 5148 3812 5212 (revisamus;

2109 5422 2342 5478 NOTIE.

683 5558 793 5628 (55)
836 5555 970 5610 Vide
997 5557 1262 5611 actionem
1301 5572 1426 5611 mox
1475 5559 1695 5612 citatam
1733 5555 1962 5628 concilii
2009 5557 2170 5612 Chal»

612 5629 930 5683 (ξι-ιίυιιριιδὶε
963 5628 1050 5681 ubi
1084 5645 1146 5680 ex
1185 5644 1539 5681 numerorum
1578 5630 1719 5682 serie
1751 5627 1950 5680 dicitur
1983 5628 2076 5688 8-4.
2122 5639 2176 5682 et

614 5699 787 5770 Vigilii
835 5700 994 5769 epist.
1049 5703 1114 5754 ad
1171 5699 1454 5756 Rusticum
1531 5709 1584 5754 et
1629 5697 2011 5752 Sebastianum
2066 5700 2179 5753 dia—

2284 5575 2476 5702 cogi;
2495 5629 2803 5688 Ferrandus
2853 5645 2974 5700 cap.
3001 5629 3123 5696 101,
3161 5646 3226 5686 ex
3258 5645 3411 5685 conc.
3443 5627 3621 5686 Cartli.
3667 5625 3734 5679 tit.
3758 5618 3798 5676 7.
