3994 6410
202 323 328 387 585

1079 317 1478 379 SYNTAGMA
1518 317 1909 380 CANONUM.
1941 344 2011 355 -
2034 318 2185 378 Tl'l'.
2227 318 2312 379 II.
2355 319 2515 383 CAP.
2546 321 2662 381 III.

3373 329 3479 395 586

191 435 265 485 ἐν
298 434 424 495 τοῖς
447 431 762 504 εύκτηρίοις
786 430 954 493 οίκοις
974 429 1122 483 ἐνδον
1152 430 1331 495 οἰκίας
1357 430 1809 503 λειτουργοῦντας

1915 432 2162 498 clericos,
2202 432 2297 503 qui
2341 432 2396 487 in
2423 432 2700 497 oratoriis,
2735 447 2858 503 quae
2890 443 3019 491 sunt
3062 436 3204 493 intra
3235 442 3482 514 domum,

189 523 231 594 ἢ
268 524 651 595 βαπτίζοντας
678 524 994 594 κληρικοὺς,
1018 523 1171 592 παρὰ
1204 522 1432 595 γνώμην
1454 524 1551 578 τοῦ
1583 526 1807 579 ἐπισκό-

189 631 342 683 που,
371 616 699 686 καθαιρέσει
738 616 1287 686 καθυποϐαλλούσης,
1313 618 1409 670 καὶ
1450 619 1615 687 ἡμεῖς
1644 618 1807 673 τοῦτο

192 705 719 784 συμψῃφιζόμεθα·
746 709 850 778 τῆς
889 709 1000 780 γὰρ
1027 710 1191 779 ἁγίας
1232 709 1556 780 Ἐκκλησίας
1586 710 1805 782 ὀρθοτο-

193 796 468 869 μούσης,
502 800 597 853 καὶ
624 799 716 853 τὸν
755 801 934 872 ἀληθῆ
969 803 1383 873 πρεσϐευούσης
1411 802 1589 871 λόγον,
1617 804 1713 858 καὶ
1744 804 1807 857 τὸ

194 888 419 962 σεμνὸν
472 890 572 959 τῆς
610 892 887 955 πολιτείας
926 891 1297 963 συντηρούσης
1342 909 1402 946 τε
1443 892 1541 946 καὶ
1590 892 1805 946 ἐκδιδα-

193 976 483 1047 σκούσης,
512 977 727 1049 ἀπηχὲς
753 981 848 1033 καί
872 980 1088 1034 ἀνόσιον
1110 982 1464 1052 παραχωρεῖν
1492 982 1619 1046 τοὺς
1641 982 1808 1036 ἀπαι-

189 1064 406 1137 δευσίᾳ
458 1068 553 1121 καὶ
593 1070 834 1142 ἀναρχίᾳ
869 1071 1169 1137 συζῶντας,
1209 1074 1291 1137 εἰς
1320 1074 1422 1137 τὰς
1464 1074 1646 1137 οἰκίας
1674 1074 1806 1127 ὐπο-

190 1154 536 1227 δυομένους,
574 1160 673 1231 τὴν
701 1161 905 1233 ταύτης
929 1163 1184 1230 εὐταξίαν
1208 1164 1462 1237 διασπᾷν,
1479 1165 1574 1219 καὶ
1602 1165 1807 1236 πολλῆς

186 1250 471 1321 ταραχῆς
505 1253 600 1306 καὶ
647 1254 961 1309 σκανδάλων
997 1255 1372 1328 ἀποπληροῦν.
1408 1258 1606 1331 Διόπερ
1638 1259 1672 1329 ή
1709 1257 1806 1312 νῦν

196 1340 337 1411 ἱερὰ
378 1342 480 1395 καὶ
512 1342 933 1418 θεοσυνέργητος
961 1345 1201 1413 σύνοδος,
1232 1352 1297 1419 τῇ
1327 1350 1681 1421 οίκουμενικῇ
1710 1350 1807 1403 καὶ

194 1432 349 1503 ἁγίᾳ
396 1434 532 1508 ἕκτῃ
577 1437 785 1508 συνόδῳ
831 1438 1201 1509 συμφωνοῦσα
1240 1440 1807 1512 ἀποκεκληρωμένους

193 1519 359 1578 εἶναι
394 1526 525 1591 τοὺς
547 1529 606 1581 ἐν
629 1530 739 1592 τοῖς
766 1529 1074 1601 εύκτηρίοις
1100 1532 1269 1595 οίκοις
1293 1531 1440 1585 ἔνδον
1470 1534 1647 1598 οἰκίας
1683 1530 1808 1588 οὖσι

193 1614 672 1688 λειτουργοῦντας
689 1620 997 1692 διωρίσατο,
1032 1623 1134 1693 τῆς
1154 1623 1366 1695 ἀποκλη
1376 1624 1594 1695 ρῶσεως
1619 1626 1806 1697 δηλον-

194 1706 314 1770 ότι,
337 1711 496 1781 παρὰ
517 1711 610 1765 τοῦ
638 1714 777 1776 κατὰ
803 1714 893 1767 τὸν
905 1715 1068 1769 τόπον
1093 1716 1391 1770 ἐπισκόπου
1410 1718 1589 1782 αὐτοῖς
1610 1722 1808 1775 ἀπονεο

1908 524 2209 589 cclebrant,
2247 525 2333 580 vel
2363 526 2680 593 baptizant,
2716 535 2912 597 praeter
2949 530 3191 601 episcopi
3234 534 3488 591 volunta-

1908 626 2041 681 tem,
2072 617 2399 687 depositioni
2433 618 2708 687 subjiciat,
2743 633 2843 675 nos
2869 634 3088 690 quoque
3118 622 3261 679 idem
3297 626 3488 681 decer-

1908 711 2111 765 nimus.
2148 711 2281 765 Cum
2314 710 2459 765 enim
2490 719 2683 766 sancta
2715 712 2955 768 Ecclesia
2983 723 3131 770 recte
3173 717 3483 786 dispertiat,

1908 812 2209 869 veramque
2254 797 2523 853 rationem
2571 797 2845 862 defendat,
2897 808 2955 855 et
2996 802 3364 859 venerabilem
3421 821 3487 861 ac

1909 887 2199 943 honestam
2247 888 2405 946 bona;
2447 890 2810 947 institutionis
2864 891 3099 949 formam
3157 894 3374 960 doceat,
3432 906 3489 952 et

1909 990 2218 1045 conservet,
2253 982 2647 1037 inconcinnum
2686 992 2791 1048 est,
2821 992 2876 1039 et
2904 985 3171 1055 ineptum,
3207 995 3269 1041 ut
3304 989 3398 1059 qui
3429 989 3486 1044 in

1908 1070 2232 1140 petulantia,
2274 1079 2330 1127 et
2373 1071 2663 1129 insolentia
2712 1090 2775 1131 ac
2813 1075 2869 1130 in
2907 1077 3277 1134 inobedientia
3317 1081 3485 1135 vitam

1910 1169 2098 1229 agunt,
2131 1160 2328 1216 domos
2348 1162 2669 1225 subeuntes,
2688 1163 2893 1219 bonum
2922 1164 3041 1236 ejus
3081 1166 3328 1222 ordinem
3354 1184 3488 1223 con-

1909 1250 2131 1316 vellant,
2182 1259 2237 1307 et
2280 1252 2449 1307 multa
2496 1254 2946 1323 perturbatione,
2995 1265 3050 1310 et
3089 1256 3485 1315 offensionibus

1910 1339 2193 1409 impleant.
2239 1339 2303 1394 Et
2340 1338 2463 1394 ideo
2500 1354 2658 1395 sacra
2706 1356 2884 1410 nunc,
2918 1350 2973 1397 et
3010 1343 3275 1401 divinitus
3295 1355 3483 1400 coacta

1909 1432 2173 1503 synodus,
2218 1431 2516 1487 universali
2550 1441 2715 1487 sextae
2755 1434 2962 1505 synodo
2993 1436 3363 1501 Consentiens,
3388 1453 3485 1492 eos

1910 1524 2001 1591 qui
2038 1523 2094 1578 in
2129 1524 2409 1590 oratoriis,
2444 1539 2568 1595 qua-
2596 1534 2727 1580 sunt
2755 1526 2899 1581 intra
2924 1528 3145 1594 domos,
3178 1529 3480 1592 celebrant,

1908 1615 2054 1670 clero
2091 1624 2304 1672 amotos
2343 1629 2466 1672 esse
2507 1617 2718 1680 statuit,
2767 1632 2798 1672 a
2846 1619 2994 1674 clero
3028 1619 3282 1676 videlicet
3327 1635 3486 1675 amo-

1912 1707 2059 1763 tione
2085 1708 2167 1763 eis
2207 1708 2276 1763 ab
2299 1707 2420 1777 ejus
2454 1708 2557 1765 loci
2587 1708 2846 1779 episcopo
2884 1710 3048 1766 edita.
3082 1710 3141 1765 Si
3178 1713 3273 1781 qui
3300 1722 3482 1767 autem

199 1801 517 1873 μηθείσης.
561 1805 625 1857 Ei
669 1804 727 1857 δέ
774 1823 918 1869 τινες
951 1806 1103 1877 παρὰ
1138 1807 1389 1873 τούτους,
1444 1809 1540 1863 τοῦ
1588 1812 1811 1867 ἐπισκό-

1915 1807 2111 1868 praeter
2141 1814 2257 1863 eos,
2292 1815 2403 1856 non
2450 1802 2831 1857 consentiente
2870 1804 3147 1872 episcopo,
3191 1803 3247 1858 in
3290 1803 3485 1859 domos

195 1912 318 1949 που
375 1899 455 1967 μὴ
494 1898 872 1964 εὐδοκοῦντος,
918 1901 998 1962 εἰς
1032 1902 1130 1964 τὰς
1174 1900 1352 1963 οἰκίας
1391 1903 1800 1971 εἰσπίπτοντες,

199 1988 497 2062 ἅπτεσθαι
532 1991 632 2061 τῆς
669 1991 1011 2065 λειτουργίας
1039 1992 1418 2064 ἀποτολμῶσι,
1447 1996 1671 2061 τούτους
1704 1997 1805 2068 μὲν

199 2081 611 2153 καθαιρεῖσθαι
633 2100 648 2114 ’
695 2085 823 2147 τοὺς
876 2084 933 2137 δὲ
968 2083 1070 2153 τῆς
1101 2085 1281 2137 αὐτῶν
1322 2087 1608 2152 κοινωνίας
1636 2105 1804 2159 μετα-

201 2172 474 2243 σχόντας,
504 2173 584 2245 τῷ
608 2175 901 2247 ἀφορισμῷ
930 2175 1457 2233 καθυποϐἀλλεσθαι.

285 2267 386 2329 ιγ’.
439 2263 552 2322 Τὰς
603 2264 714 2317 τῶν
758 2265 1055 2335 αἰρετικῶν
1109 2263 1369 2330 ζιζανίων
1411 2267 1719 2337 ἐπισπορὰς
1746 2268 1806 2321 ἐν

197 2356 276 2425 τῇ
296 2353 401 2407 τοῦ
436 2356 672 2425 Χριστοῦ
702 2356 1000 2429 Ἐκκλησία
1028 2359 1056 2412 ὁ
1074 2358 1433 2430 παμπόνηρος
1463 2360 1803 2427 καταϐαλὼν,

200 2445 313 2499 καὶ
346 2446 556 2510 ταύτας
593 2448 737 2518 δρῶν
771 2452 838 2520 τῇ
869 2449 1117 2521 μαχαίρᾳ
1146 2449 1241 2504 τοῦ
1269 2450 1589 2521 Πνεύματος
1615 2469 1808 2523 τεμνο-

206 2537 394 2610 μένας
440 2540 756 2611 πορρίζους,
806 2541 894 2610 ἐφ’
945 2542 1141 2613 ἑτέραν
1191 2538 1324 2615 ἦλθε
1362 2544 1636 2614 μεθοδείας
1666 2546 1803 2610 ὁδὸν,

203 2633 280 2701 τῇ
325 2631 442 2683 τῶν
501 2632 878 2701 σχισματικῶν
930 2634 1097 2705 μανίᾳ
1144 2634 1207 2688 τὸ
1250 2636 1344 2689 τοῦ
1377 2636 1614 2706 Χριστοῦ
1649 2639 1807 2708 σῶμα

209 2722 481 2793 μερίζειν
506 2723 799 2793 ἐπιχειρῶν
818 2739 832 2754 ·
865 2723 1001 2778 ἀλλὰ
1028 2714 1122 2778 καὶ
1145 2727 1349 2796 ταύτην
1378 2726 1541 2781 αὑτοῦ
1563 2727 1663 2799 τὴν
1688 2729 1807 2783 ἐπι-

206 2811 427 2883 ϐουλὴν
450 2815 484 2883 ἡ
514 2814 647 2882 ἁγία
675 2813 890 2880 σύνοδος
906 2817 1306 2872 ἀναστέλλουσα
1325 2820 1622 2886 παντελῶς,
1640 2821 1808 2892 ὥρισε

206 2906 316 2960 τοῦ
361 2906 577 2973 λοιποῦ,
616 2908 703 2962 ἵνα
750 2910 803 2961 εί
835 2925 919 2972 τις
965 2910 1339 2984 πρεσϐύτερος
1388 2913 1708 2983 ἢδιάκονος,
1733 2914 1809 2978 ὠς

208 2994 391 3065 δῆθεν
441 2998 531 3050 ἐπ’
571 2998 887 3069 ἐγκλήμασί
920 3016 1032 3052 τισι
1069 2999 1164 3052 τοῦ
1210 3000 1410 3055 οἰκείου
1450 3000 1810 3071 κατεγνωκὼς

212 3089 555 3154 ἐπισκόπου,
585 3090 693 3160 πρὸ
727 3091 1010 3161 συνοδικῆς
1042 3090 1341 3159 ἐξετάσεώς
1364 3110 1423 3146 τε
1454 3095 1546 3146 καὶ
1577 3092 1811 3162 διαγνώ-

1906 1890 2200 1957 irruentes,
2234 1892 2628 1950 celebrationis
2670 1892 3039 1949 ministerium
3078 1893 3344 1963 attingere
3384 1909 3485 1948 au-

1904 1983 2090 2050 deant,
2120 1984 2159 2038 ii
2181 1984 2403 2054 quidem
2424 1985 2801 2055 deponantur:
2826 1984 2919 2055 qui
2942 1998 3073 2039 vero
3106 1984 3268 2055 126
3294 1999 3483 2040 eorum

1906 2074 2311 2129 communionis
2357 2084 2485 2130 sunt
2537 2075 3262 2146 participes,segregationi
3314 2076 3486 2147 subji-

1906 2166 2139 2219 ciantur.
3140 2230 3147 2235 _

1978 2258 2064 2311 15.
2105 2256 2493 2314 [hereticorum
2543 2261 2882 2317 zizaniorum
2913 2264 3124 2319 semina
3158 2265 3212 2318 in
3245 2263 3337 2318 Dei
3380 2263 3485 2316 Ec-

1908 2347 2071 2404 clesia
2104 2350 2378 2421 malignus
2415 2351 2699 2421 dejiciens,
2725 2362 2781 2407 et
2812 2368 2905 2408 eas
2942 2353 3133 2409 videns
3162 2353 3344 2424 gladio
3371 2354 3484 2422 spi-

1907 2439 2049 2495 ritus
2085 2440 2333 2496 exscindi
2373 2442 2660 2509 radicitus,
2689 2443 2758 2498 ad
2795 2444 2956 2498 aliam
2973 2445 3119 2498 venit
3160 2444 3481 2498 insidiarum

1908 2530 2076 2596 viam,
2109 2533 2585 2588 schismaticorum
2622 2535 2838 2589 insania
2874 2534 3077 2590 Christi
3108 2549 3310 2604 corpus
3343 2534 3484 2587 divi-

1909 2622 2038 2677 dere
2085 2625 2425 2695 aggrediens.
2470 2624 2575 2681 Sed
2617 2635 2672 2681 et
2714 2628 2815 2682 has
2861 2627 2981 2696 ejus
3022 2626 3251 2680 insidias
3294 2632 3484 2679 sancta

1910 2716 2152 2785 synodus
2190 2719 2517 2788 reprimens,
2551 2720 2777 2774 omnino
2804 2718 3016 2775 defiuiit
3040 2718 3297 2787 deinceps
3330 2725 3415 2779 ut,
3436 2716 3482 2769 si

1908 2809 2035 2878 quis
2084 2811 2391 2883 presbyter,
2440 2814 2525 2867 vel
2576 2813 2864 2876 diaconus,
2907 2820 2969 2864 ut
3018 2809 3112 2880 qui
3175 2809 3365 2879 utique
3414 2809 3486 2862 oh

1911 2899 2092 2969 aliqua
2125 2901 2361 2957 crimina
2410 2901 2693 2972 prOprium
2735 2902 3048 2971 episcopum
3085 2900 3482 2960 condemnarit,

1912 3002 2037 3045 ante
2066 2993 2383 3063 synodalem
2410 2994 2805 3064 cognitionem,
2830 3003 2882 3048 et
2918 2992 3401 3053 examinationem,
3433 3000 3489 3045 ct

1912 3082 2212 3150 perfectam
2235 3084 2357 3155 ejus
2385 3086 2922 3152 condemnationem,
2956 3086 3027 3139 ab
3060 3083 3207 3139 illius
3240 3098 3487 3139 commu-

215 3195 391 3242 σεως,
422 3180 519 3233 καὶ
562 3180 663 3251 τῆς
694 3180 783 3232 ἐπ’
811 3181 961 3253 αὐτῷ
998 3182 1208 3245 τελείας
1237 3174 1632 3255 κατακρίσεως,
1677 3184 1812 3237 ἁπο-

1916 3172 2078 3227 nione
2093 3173 2376 3232 discedere
2400 3190 2570 3231 ausus
2592 3176 2777 3242 fuerit,
2798 3185 2850 3231 et
2874 3176 2990 3245 ejus
3014 3190 3211 3230 nomen
3235 3176 3289 3229 in
3312 3174 3489 3229 sacris

218 3268 425 3336 στῆναι
473 3270 734 3341 τολμήσοι
776 3276 875 3344 τῆς
907 3273 1072 3327 αὐτοῦ
1104 3276 1407 3340 κοινωνίας,
1432 3276 1527 3328 καὶ
1558 3276 1616 3329 τὸ
1641 3276 1812 3346 ὄνομα

216 3361 397 3415 αὑτοῦ
446 3363 504 3415 ἐν
545 3366 665 3426 ταῖς
720 3364 892 3432 ἱεραῖς
919 3365 1027 3418 τῶν
1059 3366 1411 3437 λειτουργιῶν
1445 3366 1653 3437 εὐχαῖς,
1670 3367 1812 3420 κατὰ

218 3452 286 3504 τὸ
314 3452 753 3523 παραδεδομένον
781 3457 846 3525 τῇ
884 3455 1202 3527 Ἐκκλησία,
1219 3458 1292 3527 μὴ
1314 3456 1597 3528 ἀναφέροι,
1622 3456 1814 3510 τοῦτον

220 3542 556 3598 ὑποκεῖσθαι
578 3546 915 3617 καθαιρέσει,
941 3547 1038 3601 καὶ
1066 3548 1247 3616 πάσης
1277 3549 1554 3617 ἱερατικῆς
1578 3549 1811 3603 ἀποστε-

224 3634 452 3707 ρεῖσθαι
483 3637 669 3707 τιμῆς.
719 3637 779 3691 '0
817 3640 926 3709 γὰρ
958 3640 1015 3691 ἐν
1041 3639 1414 3709 πρεσϐυτέρου
1462 3638 1617 3706 τάξει
1654 3654 1812 3693 τετα-

228 3726 463 3797 γμένος,
495 3728 589 3780 καὶ
620 3728 730 3782 τῶν
762 3729 1171 3800 μητροπολιτῶν
1195 3730 1454 3800 ἁρπάζων
1481 3733 1580 3800 τὴν
1609 3729 1811 3799 κρίσιν,

233 3818 337 3872 καὶ
373 3818 483 3889 πρὸ
510 3819 746 3890 κρίσεως
780 3820 941 3884 αὐτὸς
974 3821 1340 3891 κατακρίνων,
1367 3822 1490 3874 ὅσον
1514 3822 1575 3874 τὸ
1598 3822 1685 3875 ἐπ’
1714 3822 1815 3875 αὑ-

228 3911 333 3980 τῷ,
361 3911 455 3963 τὸν
478 3912 675 3965 οἰκεῖον
694 3911 905 3983 πατέρα
928 3914 1021 3966 καὶ
1050 3913 1369 3976 ἐπίσκοπον,
1396 3905 1550 3977 οὗτος
1571 3912 1691 3966 οὐδὲ
1711 3913 1814 3981 τῆς

230 4002 331 4056 τοῦ
347 4002 718 4075 πρεσϐυτέρου
742 4005 888 4058 ἐστὶν
909 4004 1057 4069 ἄξιος
1074 4005 1239 4075 τιμῆς
1268 4003 1301 4075 ἢ
1331 4005 1646 4075 ὀνομασίας.
1672 4006 1737 4058 Ol
1757 4004 1814 4058 δέ

228 4093 452 4158 τούτοις
504 4097 892 4167 συνεπόμενοι,
941 4097 990 4149 εἰ
1040 4096 1140 4167 μὲν
1188 4096 1296 4149 τῶν
1343 4096 1654 4167 ἱερωμένων
1702 4092 1813 4151 εἶέν

229 4202 406 4249 τινες,
431 4186 527 4238 καὶ
557 4188 711 4240 αὐτοὶ
738 4188 838 4258 τῆς
863 4187 1070 4251 οἰκείας
1099 4189 1264 4258 τιμῆς
1290 4188 1704 4241 ἐκπιπτέτωσαν
1722 4204 1738 4220 ο
1764 4190 1813 4241 εἰ

229 4270 291 4331 δὲ
345 4278 573 4348 μοναχοὶ
618 4278 653 4349 ἢ
704 4278 905 4342 λαῖκοὶ,
930 4280 1379 4351 ἀφοριζέσθωσαν
1402 4278 1682 4341 παντελῶς
1711 4278 1814 4349 τῆς

232 4371 594 4440 Ἐκκλησίας,
633 4370 825 4443 μέχρις
856 4371 923 4425 ἂν
958 4372 1055 4443 τὴν
1083 4372 1220 4444 πρὸς
1251 4372 1378 4435 τοὺς
1419 4371 1813 4442 σχισματικοῦς

233 4463 540 4533 συνάφειαν
595 4463 1009 4528 διαπτύσαντες,
1044 4465 1180 4536 πρὸς
1205 4463 1298 4518 τὸν
1342 4465 1543 4518 οἰκεῖον
1585 4464 1808 4517 ἐπίσκοο
1838 4503 1890 4561 D

234 4572 339 4609 πον
361 4556 777 4627 ἐπιστραφεῖεν.

300 4650 385 4703 ιδ’.
414 4647 485 4702 El
505 4666 590 4712 τις
617 4648 916 4712 ἐπίσκοπος
953 4646 1295 4719 ἐγκλήματος
1333 4647 1605 4717 πρόφασιν
1631 4648 1815 4702 ποιού-

235 4758 427 4812 μενος,
457 4742 601 4795 κατὰ
624 4741 720 4794 τοῦ
743 4741 946 4795 οἰκείου
979 4741 1370 4813 μητροπολίτου
1398 4742 1503 4813 πρὸ
1531 4741 1815 4811 συνοδικῆς

231 4832 580 4903 διαγνώσεως
613 4835 913 4904 ἀποστήσει
954 4834 1145 4888 ἐαυτὸν
1173 4836 1273 4905 τῆς
1318 4834 1454 4905 πρὸς
1504 4834 1666 4887 αὐτὸν
1696 4850 1815 4887 κοι-

235 4928 469 4990 νωνίας,
494 4928 595 4980 καὶ
648 4927 725 4998 μὴ
785 4926 1048 4997 ἀναφέροι
1085 4926 1145 4979 τὸ
1185 4926 1356 4996 ὄνομα
1390 4925 1556 4979 αὑτοῦ
1591 4926 1733 4979 κατὰ
1756 4923 1817 4978 τὸ

238 5016 551 5085 εἰθισμένον
582 5016 640 5068 ἐν
678 5018 744 5085 τῇ
778 5014 899 5087 θείᾳ
932 5015 1310 5086 μυσταγωγίᾳ,
1341 5014 1527 5067 τοῦτον
1554 5014 1753 5085 ὥρισεν
1781 5016 1816 5085 ἡ

242 5109 373 5175 ἁγία
408 5106 626 5168 σύνοδος
667 5106 1045 5179 καθῃρημένον
1073 5101 1234 5170 εἶναι,
1256 5108 1305 5158 εἰ
1343 5104 1501 5176 μόνον
1534 5104 1814 5176 ἐλεγχθείη

242 5198 487 5260 ἀποστὰς
510 5196 605 5251 τοῦ
633 5199 835 5250 οἰκείου
868 5196 1282 5269 μητροπολίτου,
1305 5197 1399 5248 καὶ
1427 5195 1631 5265 σχίσμα
1660 5195 1820 5264 ποιή-

245 5307 361 5352 σας.
394 5291 487 5342 Δεῖ
511 5289 621 5357 γὰρ
649 5289 877 5341 ἕκαστον
905 5289 974 5343 τὰ
993 5290 1168 5342 οἰκεῖα
1196 5288 1370 5359 μέτρα
1392 5286 1700 5355 γινώσκειν,
1724 5286 1820 5339 καί⁹

249 5383 385 5451 μήτε
446 5380 543 5433 τὸν
613 5379 981 5449 πρεσϐύτερον
1064 5382 1427 5449 καταφρονεῖν
1471 5378 1565 5433 τοῦ
1618 5377 1820 5431 οἰκείου

247 5473 571 5535 ἐπισκόπου,
608 5474 745 5543 μήτε
777 5474 866 5525 τὸν
908 5474 1205 5526 ἐπίσκοπον
1241 5471 1336 5525 τοῦ
1365 5471 1566 5525 οἰκείου
1613 5486 1820 5543 μητρο-

248 5567 493 5633 πολίτου,
530 5567 669 5638 μήτε
698 5567 789 5620 τὸν
825 5568 1223 5639 μητροπολίτην
1248 5566 1342 5620 τοῦ
1380 5566 1580 5620 οἰκείου
1622 5583 1821 5638 πατρι-

251 5657 443 5730 ἀρχου.

321 5750 405 5805 ιε’.
429 5752 511 5804 Τὰ
537 5751 825 5820 ὁρισθέντα
854 5752 944 5804 ἐπὶ
976 5751 1362 5823 πρεσϐυτέρων
1386 5752 1479 5807 καὶ
1512 5750 1824 5805 ἐπισκόπων

566 5850 841 5915 fuam).
881 5850 997 5909 (in.
1049 5850 1118 5909 «τι
1132 5850 1201 5908 ν.

1914 3262 2338 3320 celebrationum
2371 3268 2621 3336 precibus
2642 3309 2658 3333 ,
2696 3277 2756 3320 ut
2789 3266 3044 3322 Ecclesiae
3082 3266 3342 3323 traditum
3380 3273 3484 3332 est,

1919 3369 2027 3407 non
2052 3354 2282 3419 referat,
2334 3359 2382 3414 is
2408 3360 2737 3430 depositioni
2766 3362 3111 3430 subjiciatur,
3141 3371 3195 3415 et
3220 3359 3369 3415 omni
3399 3373 3488 3413 sa-

1915 3444 2180 3500 cerdotali
2217 3447 2427 3503 honore
2472 3450 2737 3518 privetur.
2771 3448 2877 3516 Qui
2916 3450 3061 3504 enim
3102 3460 3186 3505 est
3216 3451 3268 3503 in
3309 3464 3493 3504 sacer-

1913 3536 2083 3593 dotali
2123 3538 2317 3594 ordine
2355 3540 2674 3607 collocatus,
2715 3551 2771 3594 et
2809 3541 3355 3611 metropolitanorum
3400 3542 3492 3609 ju-

1914 3632 2115 3688 dicium
2144 3632 2408 3703 praeripit,
2439 3644 2493 3688 et
2521 3632 2956 3703 antejudicium,
2993 3634 3111 3702 ipse
3136 3642 3400 3702 quantum
3435 3633 3493 3686 in

1915 3742 1975 3782 se
2007 3736 2114 3790 est,
2143 3729 2424 3799 proprium
2456 3738 2666 3800 patrem
2692 3740 2750 3785 et
2791 3730 3106 3799 episcopum
3141 3728 3491 3787 condemnat.

1915 3815 1961 3869 is
1994 3831 2097 3871 nec
2140 3816 2444 3889 presbyteri
2483 3818 2715 3883 honore,
2758 3833 2859 3873 nec
2892 3817 3113 3873 nomine
3148 3816 3347 3887 dignus
3386 3824 3491 3871 est.

1916 3905 2022 3975 Qui
2052 3918 2234 3963 autem
2265 3923 2363 3965 eos
2402 3919 2841 3979 consequuntur,
2876 3909 2921 3964 si
2949 3909 3062 3964 sint
3089 3910 3307 3979 quidem
3336 3924 3403 3965 ex
3429 3910 3496 3963 iis

1914 4001 2007 4071 qui
2039 4009 2170 4056 sunt
2198 4002 2372 4058 sacris
2401 4002 2625 4069 initiati,
2675 4003 2779 4073 ipsi
2820 4016 3040 4073 quoque
3070 4018 3101 4057 a
3145 4001 3368 4072 proprio
3395 4002 3495 4055 ho-

1913 4107 2048 4150 nore
2086 4093 2343 4148 excidant
2386 4112 2401 4149 :
2438 4094 2524 4149 sin
2556 4104 2738 4149 autem
2781 4094 2891 4149 sint
2927 4093 3050 4148 laici
3098 4093 3181 4148 vel
3213 4093 3491 4153 monachi.

1913 4197 1979 4237 ex
2018 4181 2261 4238 Ecclesia
2294 4185 2519 4237 omnino
2545 4193 2920 4253 segregentur,
2961 4181 3137 4236 donec
3169 4194 3293 4232 cum
3349 4180 3496 4232 schi-

1913 4274 2159 4330 smaticis
2202 4275 2647 4345 conjunctiouem
2681 4281 3022 4343 respuentes,
3082 4274 3149 4326 ad
3204 4271 3488 4341 proprium

1913 4367 2229 4437 episcopum
2257 4367 2460 4424 reversi
2496 4366 2720 4422 fuerint.

1993 4662 2082 4717 14.
2121 4663 2178 4717 Si
2211 4664 2338 4732 quis
2360 4662 2654 4732 episcopus
2683 4660 3086 4730 metropolitani
3115 4650 3321 4717 crimen
3359 4677 3498 4730 prae-

1918 4760 2130 4815 texens,
2175 4761 2304 4806 ante
2344 4751 2665 4821 synodalem
2706 4749 3101 4819 cognitionem,
3139 4749 3376 4819 seipsum
3428 4750 3496 4802 ab

1919 4840 2041 4911 ejus
2080 4841 2469 4896 communione
2500 4841 2843 4905 subduxerit,
2881 4849 2936 4894 et
2967 4856 3163 4896 nomen
3188 4842 3327 4910 ejus,
3362 4855 3495 4906 non,

1923 4942 2085 5003 prout
2132 4933 2301 4988 divini
2348 4933 2590 5006 mysterii
2642 4933 2801 5003 127
2842 4932 3189 4988 celebrationi
3242 4943 3326 4987 est
3362 4949 3499 4989 con-

1921 5032 2163 5090 suetum,
2216 5024 2435 5090 referat,
2488 5033 2679 5080 sancta
2727 5024 2968 5096 synodus
3007 5041 3132 5080 eum
3190 5026 3497 5093 depositum

1921 5129 2046 5173 esse
2079 5117 2289 5181 statuit,
2328 5117 2373 5171 si
2410 5124 2625 5171 tantum
2667 5120 2953 5174 convictus
3002 5120 3165 5174 fuerit
3200 5134 3229 5171 a
3279 5122 3501 5189 proprio

1926 5208 2346 5278 metropolitano
2370 5210 2683 5276 recessisse,
2713 5217 2768 5264 et
2800 5211 3041 5266 schisma
3078 5211 3293 5267 fecisse.
3327 5213 3503 5284 Opor-

1926 5308 2002 5354 tet
2055 5300 2235 5368 enimi
2265 5316 2710 5371 unumquemque
2760 5304 3011 5373 proprias
3059 5313 3241 5374 partes
3295 5322 3502 5377 cogno-

1926 5402 2098 5452 scere,
2124 5398 2177 5444 et
2200 5405 2297 5444 nec
2324 5394 2694 5461 presbyterum
2715 5394 2995 5463 proprium
3028 5395 3341 5465 episcopum
3366 5412 3501 5451 con-

1928 5494 2207 5549 temnere,
2261 5499 2361 5538 nec
2422 5484 2735 5555 episcopum
2800 5487 3075 5557 proprium
3125 5488 3503 5556 metropolita-

1929 5589 2083 5630 num.

2006 5749 2093 5804 15.
2137 5749 2267 5817 Quae
2305 5751 2371 5806 de
2407 5752 2761 5822 presbyteris,
2793 5762 2845 5808 et
2882 5755 3177 5826 episcopis.
3210 5766 3264 5814 et
3304 5769 3500 5815 metro-

3076 5855 3150 5913 19
