3908 6296
584 288 691 353 587

1742 278 2004 339 ΡΗΟΤΙῙ
2030 274 2536 340 ΡΑΤΒΙΑΒΟΗΙΕ
2570 279 2680 340 CP.

3711 288 3803 351 588

586 403 843 474 petitante
864 398 1161 458 constituta
1196 404 1345 461 sunt,
1376 393 1550 450 multo
1575 393 1749 464 magis
1775 392 1940 448 etiam
1978 392 2031 446 in
2059 408 2151 461 pa-

2261 392 2351 444 καὶ
2386 390 2818 463 μητροπολιτῶν,
2852 388 3031 461 πολλῷ
3064 390 3263 461 μᾶλλον
3291 390 3385 474 καὶ
3418 390 3514 445 ἐπὶ
3560 409 3805 470 πατριαρς

586 495 846 551 triarehis
866 492 1224 550 conveniunt.
1251 488 1611 555 Quamobrem
1633 486 1678 540 si
1705 484 1829 554 quis
1853 484 2158 554 presbyter,

588 585 676 641 vel
711 586 1024 655 episcopus,
1052 581 1138 636 vel
1178 579 1629 647 metropolitanus
1661 590 1692 628 a
1726 575 1812 628 sui
1835 574 2159 643 patriarchae

588 677 976 734 communione
1006 672 1263 729 recedere
1293 685 1463 726 ausus
1498 667 1683 731 fuerit,
1720 675 1775 721 et
1814 680 2014 719 nomen
2043 665 2160 734 ejus

586 783 722 834 non,
755 776 812 822 ut
845 767 899 820 in
934 764 1103 820 divini
1134 762 1378 833 mysterii
1409 759 1773 815 celebratione
1799 758 2158 813 constitutum

589 868 697 921 est,
724 866 778 912 et
806 856 1135 920 ordinatum,
1160 853 1381 914 referat,
1407 852 1500 907 sed
1526 859 1652 905 ante
1682 848 1943 919 synodale
1972 848 2161 904 decre-

589 958 731 1015 tum,
762 957 817 1005 et
858 948 1155 1018 perfectam
1196 945 1315 1015 ejus
1350 942 1883 1007 condemnationem,
1918 941 2162 997 schisma

590 1041 799 1105 fecerit,
841 1041 1031 1095 statuit
1072 1044 1259 1092 sancta
1299 1035 1544 1107 synodus
1583 1049 1708 1089 eum
1748 1049 1873 1090 esse
1903 1034 1975 1089 ab
2011 1033 2159 1090 omni

590 1132 901 1188 sacerdotio
924 1130 1182 1192 alienum,
1215 1128 1261 1182 si
1287 1128 1343 1181 in
1368 1126 1473 1182 hoc
1504 1126 1681 1181 solum
1714 1125 2013 1195 deliquisse
2037 1140 2163 1181 con-

588 1224 767 1279 victus
806 1222 991 1276 fuerit.
1028 1221 1094 1274 Et
1135 1221 1248 1274 haec
1289 1218 1508 1289 quidem
1556 1218 1878 1282 constituta,
1914 1226 1969 1271 et
2011 1217 2164 1272 OllSi~

588 1324 751 1385 gnata
772 1324 920 1377 sunt,
947 1314 1013 1367 de
1039 1312 1105 1367 iis
1127 1312 1221 1380 qui
1243 1312 1549 1379 aliquorum
1572 1308 1863 1363 criminum
1896 1317 2159 1378 praetextu

589 1424 620 1459 a
640 1405 876 1475 propriis
904 1404 1232 1474 praesulibus
1262 1401 1544 1466 recedunt,
1574 1409 1629 1456 et
1658 1401 1897 1455 schisma
1927 1400 2158 1464 faciunt,

588 1504 646 1548 et
669 1494 927 1549 Ecclesia:
962 1496 1220 1548 unionem
1254 1492 1585 1546 convellunt.
1621 1490 1726 1557 Qui
1764 1491 1908 1545 enim
1939 1499 2162 1562 propter

591 1586 839 1642 haeresim
893 1585 1129 1654 aliquam
1173 1600 1204 1638 a
1253 1583 1458 1638 sanctis
1504 1580 1760 1637 Patribus
1799 1582 1885 1637 vel
1939 1584 2160 1653 synodis

588 1678 1031 1741 condemnatam,
1064 1692 1123 1731 se
1153 1691 1182 1729 a
1205 1677 1453 1746 praesulis
1478 1674 1864 1730 communione
1882 1683 2155 1744 separant,

592 1769 685 1823 illo
716 1768 963 1822 haeresim
1015 1766 1225 1821 scilicet
1265 1765 1479 1835 publice
1516 1764 1868 1834 praedicante,
1913 1772 1967 1819 et
2008 1765 2157 1818 nudo

585 1861 764 1929 capite
792 1860 848 1912 in
885 1858 1113 1913 ecclesia
1148 1857 1401 1922 docente,
1436 1856 1473 1909 ii
1512 1871 1620 1910 non
1661 1856 1838 1910 solum
1880 1856 2157 1911 canonicos

586 1965 762 2021 poenae
789 1965 897 2005 non
936 1949 1309 2020 subjicientur,
1357 1958 1483 2002 ante
1528 1948 1843 2018 synodalem
1892 1949 2158 2015 cognitio-

586 2057 732 2107 nem,
784 2043 997 2110 seipsos
1042 2055 1073 2094 a
1123 2040 1506 2095 communione
1540 2040 1682 2109 ejus,
1728 2041 1822 2110 qui
1866 2042 2157 2110 episcopus

583 2131 806 2198 dicitur,
858 2132 1203 2202 sejungentes
1238 2148 1252 2185 :
1286 2132 1381 2186 sed
1412 2140 1466 2185 et
1490 2132 1693 2186 honore
1718 2131 1815 2201 qui
1839 2133 2159 2190 orthodoxis

584 2225 870 2289 convenit,
910 2224 1055 2293 digni
1102 2224 1464 2278 habebuntur.
1504 2221 1622 2277 Non
1664 2224 1810 2279 enim
1850 2225 2156 2295 episcopos,

583 2316 678 2369 sed
730 2314 1189 2385 pseudepiscopos
1226 2323 1280 2368 et
1318 2313 1778 2384 pseudodortores
1829 2316 2160 2371 condemna-

582 2415 711 2461 runt
740 2424 754 2461 :
780 2417 833 2461 et
855 2423 961 2461 non
982 2407 1276 2462 schismate
1293 2406 1547 2462 Ecclesia:
1584 2408 1839 2460 unionem
1871 2407 2155 2462 conseide-

583 2505 731 2560 runt,
759 2497 853 2553 sed
876 2512 905 2550 a
939 2497 1348 2562 scbismatibus,
1383 2506 1438 2553 et
1462 2496 1825 2553 divisionibus
1856 2496 2155 2553 Ecclesiam

582 2591 815 2647 liberare
843 2592 1193 2650 studuerunt.

2260 482 2374 554 χῶν
2392 482 2619 552 ἁρμόζει
2637 497 2654 514 ο
2680 481 2820 535 ὥστε
2850 483 2902 533 εῐ
2918 498 3003 544 τις
3030 471 3423 553 πρεσϐύτερος,
3449 484 3483 555 ἢ
3515 484 3807 555 ἐπίσκοπος,

2260 574 2295 642 ἢ
2346 572 2769 645 μητροπολίτης,
2825 572 3152 642 τολμήσειεν
3196 574 3503 645 ἀποστῆναι
3547 575 3642 644 τῆς
3694 580 3813 649 πρὸς

2259 665 2352 718 τὸν
2383 665 2580 718 οἰκεῖον
2609 664 2954 735 πατριάρχην
2990 665 3297 732 κοινωνίας,
3338 665 3433 719 καὶ
3468 665 3546 737 μὴ
3578 667 3814 741 ἀναφέροι

2260 755 2321 808 τὸ
2354 754 2524 825 ὄνομα
2557 754 2749 820 αὐτοῦ,
2778 755 2920 808 κατὰ
2952 754 3014 807 τὸ
3043 754 3348 825 ὡρισμένον
3381 757 3475 811 καὶ
3504 762 3814 828 τεταγμένον

2261 846 2321 900 ἐν
2369 849 2435 916 τῇ
2472 846 2594 915 θείᾳ
2631 846 3014 915 μυσταγωγίᾳ,
3049 846 3186 900 ἀλλὰ
3226 846 3334 915 πρὸ
3373 848 3669 916 ἐμφανείας
3707 869 3815 905 συν-

2259 938 2468 1008 οδικῆς,
2492 938 2586 992 καὶ
2603 938 2813 1001 τελείας
2836 938 2999 992 αὐτοῦ
3021 938 3421 1009 κατακρίσεως,
3448 940 3649 1010 σχίσμα
3683 944 3818 1014 ποιή-

2262 1045 2345 1081 σει
2361 1072 2378 1098 ,
2406 1028 2595 1083 τοῦτον
2620 1029 2819 1101 ὥρισεν
2858 1032 2892 1101 ἡ
2926 1029 3060 1097 ἁγία
3086 1028 3325 1097 σύνοδος,
3356 1029 3539 1102 πάσης
3568 1033 3818 1102 ίερατείας

2261 1123 2538 1187 παντελῶς
2562 1124 2840 1194 ἀλλότριον
2868 1117 3033 1188 εῖναι,
3067 1125 3118 1177 εί
3159 1124 3321 1194 μόνον
3352 1123 3637 1195 ἐλεγχθείη
3672 1126 3812 1179 τοῦτο

2261 1216 2686 1286 παρανομήσαςο
2720 1215 3011 1269 καὶταῦτα
3043 1215 3143 1286 μὲν
3179 1215 3412 1286 ὥρισται
3446 1217 3543 1269 καὶ
3570 1218 3817 1285 ἐσφράγι-

2262 1324 2385 1361 σται
2430 1307 2709 1377 περὶτῶν,
2758 1308 3032 1377 προφάσει
3094 1308 3255 1362 τινῶν
3306 1309 3698 1379 ἐγκλημάτων,
3726 1312 3821 1364 τῶν

2260 1398 2474 1452 οἰκείων
2502 1398 2890 1467 ἀφισταμένων
2929 1398 3226 1469 προέδρων,
3259 1399 3355 1453 καὶ
3390 1401 3597 1469 σχίσμα
3627 1400 3822 1454 notatis;-

2260 1507 2398 1557 των,
2430 1492 2527 1545 καὶ
2556 1492 2654 1562 τὴν
2672 1491 2866 1544 ἕνωσιν
2894 1491 2995 1559 τῆς
3030 1491 3354 1561 Ἐκκλησίας
3380 1491 3746 1546 διασπώντων.
3768 1494 3820 1545 Oi

2261 1583 2371 1655 γὰρ
2421 1583 2487 1636 δι’
2535 1584 2747 1661 αἵρεσίν
2792 1600 2910 1661 τινα
2970 1584 3121 1653 παρὰ
3166 1582 3278 1636 τῶν
3316 1583 3488 1651 ἁγίων
3529 1584 3756 1637 συνόδων
3792 1585 3821 1655 ἢ

2266 1675 2525 1742 Πατέρων
2558 1656 3054 1745 κατεγνωσμένην,
3103 1676 3203 1746 τῆς
3259 1675 3397 1745 πρὸς
3419 1676 3513 1728 τὸν
3578 1674 3824 1746 πρόεδρον

2261 1769 2547 1830 κοινωνίας
2566 1769 2790 1831 ἐαυτοὺς
2805 1767 3228 1832 διαστέλλοντες,
3256 1767 3465 1821 ἐκείνου
3492 1767 3594 1839 τὴν
3630 1767 3824 1837 αἵρεσιν

2260 1862 2503 1931 δηλονότι
2526 1861 2760 1931 δημοσίᾳ
2792 1860 3173 1930 κηρύττοντος.
3203 1860 3297 1913 καὶ
3322 1862 3501 1929 γυμνῇ
3528 1875 3598 1929 τῃ
3632 1861 3821 1928 κεφαλῇ

2260 1954 2347 2007 ἐπ’
2399 1953 2693 2022 ἐκκλησίας
2733 1952 3095 2016 διδάσκοντος,
3125 1952 3174 2003 ot
3210 1949 3446 2003 τοιοῦτοι
3476 1950 3537 2002 οὐ
3591 1950 3747 2019 μόνον
3766 1953 3824 2019 τῇ

2261 2045 2520 2113 κανονικῇ
2551 2042 2865 2112 ἐπιτιμήσει
2887 2042 2985 2109 οὐχ
3009 2040 3393 2092 ὑποκείσονται
3425 2038 3533 2108 πρὸ
3559 2037 3824 2107 συνοδικῆς

2259 2133 2599 2203 διαγνώσεως
2634 2135 2861 2196 ἑαυτοὺς
2900 2134 3002 2201 τῆς
3037 2132 3173 2202 πρὸς
3209 2131 3300 2184 τὸν
3348 2130 3686 2201 καλούμενον
3718 2130 3822 2182 ἐπί-

2261 2242 2463 2279 σκοπον
2494 2224 2778 2287 κοινωνίας
2807 2223 3262 2293 ἀποτειχίζοντες,
3286 2223 3421 2276 ἀλλὰ
3449 2224 3546 2277 καὶ
3571 2223 3674 2292 τῆς
3706 2240 3822 2293 πρε-

2262 2314 2469 2386 πούσης
2492 2314 2660 2384 τιμῆς
2692 2314 2993 2386 ὀρθοδόξοις
3023 2314 3421 2384 ’ἀξιωθήσονται
3441 2331 3457 2346 ο
3486 2315 3545 2366 οὐ
3578 2314 3690 2385 γὰρ
3716 2314 3823 2366 ἐπι-

2263 2408 2511 2474 σκόπων,
2552 2406 2689 2461 ἀλλὰ
2725 2406 3176 2476 ψευδεπισκόπων
3212 2407 3303 2460 καὶ
3338 2406 3823 2476 ψευδοδιδασκάλων

2256 2494 2607 2562 κατέγνωσαν
2625 2509 2640 2526 ⁸
2670 2495 2764 2549 καὶ¹
2790 2495 2852 2548 οὐ
2881 2494 3140 2565 σχίσματι
3158 2495 3259 2565 τὴν
3278 2494 3471 2549 ἕνωσιν
3491 2495 3591 2564 τῆς
3611 2496 3824 2562 Ἐκκλη-

2263 2586 2385 2648 σίας
2432 2586 2768 2656 κατέτεμον,
2828 2586 2965 2639 ἀλλὰ
3020 2587 3333 2657 σχισμάτων
3384 2588 3477 2642 καὶ
3528 2586 3819 2657 μερισμῶν,

2261 2676 2359 2747 τὴν
2404 2676 2732 2747 Ἐκκλησίαν
2760 2678 3097 2732 ἐσπούδασαν
3129 2677 3425 2749 ῥύσασθαι.

1919 3018 2321 3107 ΤΙΤΛΟΣ
2393 3018 2508 3107 Γ’.

646 3200 805 3257 ΠΕΡΙ
851 3202 1105 3270 ΕΥΧΩΝ,
1138 3200 1262 3257 ΚΑΙ
1304 3200 1740 3274 ΨΑΛΜῼΔΙΩΝ,
1783 3202 1904 3257 ΚΑΙ
1943 3199 2413 3265 ΑΝΑΓΝΩΣΕΩΣ,
2456 3200 2578 3254 ΚΑΙ
2628 3199 3011 3276 ΑΝΑΦΟΡΔΣ,
3047 3200 3168 3253 ΚΑΙ
3205 3200 3605 3267 ΚΟῙΝΩΝΙΑΣ,
3646 3202 3761 3256 ΚΑΙ

1035 3297 1391 3365 ΦΟΡΕΣῙΔΣ,
1422 3296 1544 3351 ΚΔ]
1575 3295 1965 3352 ΥΠΟΥΡΓΙΑΣ
1990 3292 2467 3356 ΔΝΔΓΝΩΣΤΩΝ,
2504 3293 2790 3347 ΨΑΛΤΩΝ
2821 3294 2943 3347 ΚΑΙ
2972 3291 3371 3347 ΥΠΗΡΕΤΩΝ.

1707 3623 2441 3744 128_TITULUS
2511 3625 2715 3716 ιιι.

650 3813 741 3870 DE
763 3814 1125 3883 PRECIBUS,
1150 3815 1244 3872 ET
1271 3814 1703 3883 PSALMODIIS,
1728 3812 2095 3879 LECTIONE,
2112 3811 2525 3885 OBLATIONE,
2555 3812 2644 3869 ET
2679 3812 3165 3883 COMMUNIONE,
3197 3815 3284 3872 ET
3310 3817 3399 3872 DE
3434 3813 3744 3884 VESTITU,

1137 3908 1374 3977 ATQUE
1411 3880 2121 3976 omnemomnem,
2156 3880 2566 3973 CANTOR’UM,
2610 3889 2698 3959 ΕΤ
2747 3880 3261 3967 M‘lmsrnoaUM.

2734 4094 2749 4125 Ι

641 4201 878 4276 CAPUT
912 4217 1207 4276 PRIMUM.
1233 4248 1304 4263 --
1331 4221 1529 4288 Quales
1557 4240 1734 4292 preces
1774 4224 2001 4295 papulas
2047 4242 2151 4279 au-

2322 4219 2720 4277 ΚΕΦΑΛΔΙΟΝ
2754 4218 3055 4275 nPnTON.
3080 4204 3149 4258 '—
3170 4217 3364 4273 ηοίων
3398 4217 3595 4286 εὐχῶν
3619 4220 3650 4271 δ
3668 4217 3802 4282 λαός

575 4305 728 4372 diat,
772 4315 823 4360 et
873 4316 1192 4376 quapropter
1241 4308 1294 4361 in
1336 4310 1590 4365 orientem
1621 4313 1999 4382 prospicientes
2036 4328 2157 4384 pre-

576 4413 776 4452 cemur.

862 4487 1088 4543 Consilii
1125 4490 1411 4546 Laodiceni
1436 4509 1662 4549 canones
1689 4495 1743 4563 5,
1779 4495 1867 4551 i9.

647 4598 703 4654 5.
744 4595 862 4655 Non
891 4610 1143 4669 Oportere
1192 4604 1568 4664 ordinationes
1604 4608 1719 4664 ﬁeri
1766 4608 1821 4664 in
1864 4610 2156 4679 praesentia

578 4704 771 4746 eorum
803 4690 898 4759 qui
931 4692 1182 4763 audiunt.

654 4780 740 4836 l9.
781 4779 1047 4852 Oportere
1093 4798 1344 4839 seorsum
1390 4787 1650 4855 primum,
1697 4798 1824 4858 post
1868 4789 2159 4860 episcopo-

579 4890 701 4928 rum
725 4890 1030 4941 sermones,
1051 4876 1569 4934 eatecbumenorum
1591 4882 1895 4937 orationem
1928 4884 2150 4952 peragi;

577 4973 634 5020 et
660 4975 949 5036 postquam
974 4969 1210 5023 exierint
1237 4971 1640 5036 eatechumeui,
1681 4988 1875 5028 eorum
1908 4975 2001 5044 qui
2032 4990 2151 5045 pee-

580 5056 866 5112 nitentiam
920 5069 1108 5127 agunt,
1163 5058 1283 5113 ﬁeri
1324 5059 1627 5113 orationem
1659 5076 1673 5112 :
1705 5068 1912 5116 etcum
1963 5061 2002 5116 ii
2049 5062 2153 5117 sub

578 5162 800 5203 manum
840 5150 1192 5211 accesserint,
1227 5159 1281 5206 et
1307 5151 1650 5218 secesserint,
1687 5153 1925 5208 ﬁdelium
1960 5169 2151 5224 preces

577 5240 658 5294 sic
695 5246 778 5295 ter
822 5238 940 5295 ﬁeri
970 5258 985 5296 :
1017 5256 1181 5295 unam
1216 5241 1459 5311 quidem,
1512 5244 1722 5298 scilicet
1771 5247 2027 5316 primam,
2082 5246 2154 5302 si-

577 5329 780 5397 lentio;
812 5330 1105 5386 secundam
1147 5339 1330 5387 autem
1361 5344 1415 5386 et
1448 5335 1662 5388 tertiam
1697 5352 1795 5405 per
1820 5338 2149 5407 pronuntia-

574 5422 777 5477 tionem
834 5424 1072 5493 impleri,
1122 5425 1318 5480 deinde
1354 5425 1434 5479 sic
1480 5440 1666 5493 pacem
1716 5429 1854 5483 dari.
1891 5428 1957 5483 Et
2000 5441 2150 5500 post-

576 5528 738 5582 quam
786 5515 1091 5588 presbyteri
1140 5534 1328 5588 pacem
1379 5519 1642 5589 episcopo
1695 5520 1968 5586 dederint,
2019 5532 2147 5578 tunc

571 5604 740 5663 laicos
780 5606 944 5663 etiam
979 5624 1165 5680 pacem
1207 5611 1382 5667 dare:
1411 5620 1466 5667 et
1502 5610 1583 5667 sic
1611 5622 1856 5668 sanctam
1903 5614 2137 5673 oblatio-

2254 4312 2559 4382 ἀκροᾶταιο
2598 4312 2699 4367 καὶ
2736 4311 2835 4367 διὰ
2857 4312 2916 4365 τι
2949 4311 3100 4381 πρὸς
3129 4311 3429 4376 ἀνατολὰς
3447 4309 3691 4379 ὁρῶντες
3711 4312 3799 4363 εὑ-

2254 4406 2499 4476 χόμεοα.

2501 4493 2772 4550 Συνόδου
2808 4493 3157 4560 Λαοδικείας
3184 4492 3387 4547 κανὼν
3412 4501 3476 4561 ε’,
3505 4493 3588 4549 ιϐ’.

2327 4612 2394 4661 ε’.
2420 4609 2556 4679 Περὶ
2586 4607 2680 4661 τοῦ
2711 4608 2785 4678 μὴ
2808 4609 2917 4662 δεῖν
2941 4607 3040 4671 τὰς
3061 4608 3399 4677 χειροτονίας
3436 4607 3532 4661 ἐπὶ
3555 4623 3798 4679 παρουσιᾳ

2253 4697 2619 4768 ἀκροωμένων
2646 4698 2910 4766 γίνεσθαι.

2326 4788 2412 4841 ιθ¹.
2448 4786 2585 4857 Περὶ
2609 4788 2701 4840 τοῦ
2743 4788 2852 4841 δεῖν
2887 4787 2995 4857 ἰδίᾳ
3036 4787 3275 4858 πρῶτον,
3315 4790 3454 4858 μετὰ
3486 4790 3584 4853 τὰς
3613 4789 3799 4859 ὁμιλίας

2252 4879 2362 4932 τῶν
2394 4880 2730 4945 ἐπισκόπων,
2763 4880 2872 4932 τῶν
2912 4882 3334 4951 κατηχουμένων
3358 4882 3521 4952 εὐχὴν
3559 4881 3795 4935 ἐπιτελεῖ-

2255 4970 2412 5024 σθαι·
2449 4970 2540 5023 καὶ
2597 4972 2735 5039 μετὰ
2776 4971 2840 5023 τὸ
2879 4972 3116 5035 ἐξελθεῖν
3179 4973 3306 5035 τοὺς
3364 4974 3794 5043 κατηχουμένους,

2251 5061 2361 5115 τῶν
2395 5063 2455 5115 ἐν
2486 5062 2745 5132 μετανοίᾳ
2786 5062 2886 5134 τὴν
2935 5064 3101 5134 εὐχὴν
3153 5064 3429 5132 γίνεσθαν
3480 5066 3574 5118 καὶ
3621 5065 3797 5118 τούτων

2252 5153 2660 5226 προσελθόντων
2690 5154 2794 5207 ὑπὸ
2823 5160 2979 5225 χεῖρα
3006 5157 3102 5209 καὶ
3132 5158 3624 5228 ὑποχωρησάντων,
3649 5157 3795 5216 οὕτως

2251 5248 2359 5300 τῶν
2394 5246 2605 5299 πιστῶν
2632 5245 2731 5308 τὰς
2758 5247 2922 5316 εὐχὰς
2946 5248 3194 5315 γίνεσθαι
3220 5232 3372 5320 τρεῖς
3393 5263 3408 5278 ⁸
3448 5250 3577 5320 μίαν
3605 5251 3694 5319 μὲν
3715 5248 3795 5314 τὴν

2251 5338 2474 5408 πρώτην
2507 5337 2594 5390 διὰ
2620 5340 2852 5407 σιωπῆς,
2887 5340 2986 5409 τὴν
3011 5340 3066 5392 δὲ
3097 5340 3357 5410 δευτέραν
3390 5342 3487 5395 καὶ
3519 5342 3698 5414 τρίτην
3725 5339 3797 5391 διὰ

2250 5434 2691 5505 προσφωνήσεως
2742 5433 3106 5505 πληροῦσθαν
3149 5431 3248 5488 εἷθ’
3270 5435 3443 5499 οὕτως
3476 5436 3576 5508 τὴν
3604 5436 3799 5506 εἰρήνην

2248 5526 2506 5589 δίδοσθαι,
2526 5525 2635 5580 ’καὶ
2672 5526 2813 5595 μετὰ
2847 5527 2909 5581 τὸ
2943 5529 3348 5599 πρεσϐυτέρους
3376 5529 3558 5583 δοῦναι
3590 5530 3662 5598 τῷ
3699 5530 3796 5580 ἑπι-

2247 5618 2440 5690 σκὸπῳ
2472 5617 2570 5689 τὴν
2603 5618 2850 5691 εἰρήνην,
2895 5622 3017 5675 τότε
3047 5623 3172 5686 τοὺς
3213 5622 3437 5686 λαῖκοὺς
3478 5623 3575 5693 τὴν
3601 5622 3795 5692 είρήνην
