3994 6426
171 322 298 385 589

929 379 931 382 ι
973 323 1371 385 SYNTAGMA
1408 320 1799 390 CANONUM.
1838 347 1906 359 -
1936 322 2085 383 TIT.
2126 322 2241 383 III.
2282 323 2443 385 CAP.
2482 325 2534 399 Ι,
2570 326 2653 387 ΙΙ.

3367 333 3473 395 590

167 437 403 492 διδόναι
424 454 439 470 ο
468 438 563 493 καὶ
586 435 731 491 οὕτω
745 436 844 509 τὴν
857 437 1021 505 άγίαν
1041 436 1364 507 προσφορὰν
1386 419 1777 500 ἐπιτελεῖσθαι,

1902 451 2014 489 nem
2046 436 2259 506 perlici,
2288 446 2345 490 et
2370 436 2505 491 solis
2539 436 2706 493 licere
2746 439 2977 493 sacratis
3009 439 3076 493 ad
3105 440 3274 495 altare
3314 457 3472 496 accc-

170 530 285 581 καὶ
313 530 507 599 μόνοις
541 531 662 595 ἐξὸν
692 524 833 585 εἶναι
858 532 971 593 τοῖς
1002 530 1300 600 ἱερατικοῖς
1329 527 1556 582 εἰσιέναι
1594 529 1672 592 είς
1723 527 1788 579 τὸ

166 623 589 694 Θυσιαστήριον
621 623 716 676 καὶ
742 626 1043 680 κοινωνεῖν.

254 716 597 769 Βασίλειον
635 715 705 769 ἐκ
736 714 844 769 τοῦ
875 717 955 780 κζ’
984 733 1118 785 κεφ.
1149 715 1269 769 τῶν
1295 713 1428 783 περὶ
1462 711 1570 766 τοῦ
1602 712 1779 781 ἁγίου

171 803 551 872 Πνεύματος
583 804 734 873 πρὸς
776 804 884 859 τὸν
920 804 1217 875 μακάρων
1257 804 1645 875 Ἀμφιλόχιον
1691 815 1787 868 τε·

169 895 577 963 γραμμένωνο

251 986 553 1059 Τῶνλέντῇ
583 985 877 1058 Ἐκκλησία
895 987 1329 1059 πεφυλαγμένων
1348 986 1657 1058 δογμάτων,
1675 995 1783 1053 etc,

168 1094 368 1149 usque
398 1080 470 1133 ad
501 1079 731 1149 δύναμιν
767 1080 1184 1151 εἰσφερομένην,
1212 1096 1266 1133 κ.
1290 1097 1343 1135 τ.
1378 1078 1429 1136 λ.

262 1170 340 1223 Ἡ
372 1170 443 1236 ιζ’
468 1170 708 1235 διάταξις
752 1171 850 1225 τοῦ
898 1178 948 1225 α’
970 1172 1074 1224 τίτ.
1102 1170 1213 1224 τῶν
1236 1171 1468 1241 Νεαρῶν
1510 1172 1659 1241 λέγει
1686 1172 1787 1243 τὴν

169 1261 361 1332 εὐχὴν
391 1262 495 1332 τῆς
517 1263 681 1331 ἁγίας
710 1264 998 1328 κοινωνίας
1037 1264 1133 1317 καὶ
1163 1262 1260 1317 τοῦ
1289 1264 1447 1332 ἁγίου
1477 1263 1787 1337 βαπτίσμα-

167 1366 303 1414 τος,
335 1350 582 1419 ὀφείλειν
619 1352 976 1416 ἐξακούεσθαι
1005 1351 1084 1422 τῷ
1118 1350 1249 1423 λαῷ.

252 1444 528 1498 ΚΕΦΛΛ.
578 1444 654 1499 B'.
686 1475 755 1486 —-
779 1444 919 1513 Περὶ
961 1446 1068 1498 τοῦ
1112 1446 1303 1509 τίνας,
1344 1445 1444 1499 καί
1490 1444 1638 1511 πῶς,
1685 1445 1786 1500 καί

168 1534 338 1591 ποῖα
365 1536 466 1592 δεῖ
494 1537 781 1607 ψάλλειν,
808 1539 846 1607 ἢ
884 1538 1195 1607 εὔχεσθαι,
1235 1538 1275 1606 ἢ
1322 1539 1781 1609 ἀναγινώσκειν.

593 1631 945 1686 Ἀπστόλων
960 1632 1163 1687 κανὼν
1197 1629 1265 1697 ξ’,
1297 1637 1401 1684 πε’.

1889 526 2017 581 dere
2069 535 2125 581 et
2156 532 2593 583 communicare.

1966 704 2128 775 129
2145 704 2342 760 Basilii
2371 720 2491 775 cap.
2520 707 2591 761 27
2612 723 2795 761 eorum
2826 725 2943 779 qua:
2959 708 3024 765 de
3056 708 3263 779 Spiritu
3288 719 3475 764 sancto

1891 795 1960 847 ad
1999 795 2209 849 beatum
2234 796 2665 866 Amphilochium
2697 800 2931 869 scripsit.

1959 978 2037 1034 Ex
2067 980 2364 1036 asservatis
2405 981 2460 1035 in
2504 980 2746 1038 Ecclesia
2775 982 3145 1053 dogmatibus,
3185 1000 3349 1054 usque
3403 986 3472 1039 ad

1888 1068 1997 1124 vim
2028 1062 2342 1125 alierentem
2371 1109 2386 1135 ,
2415 1082 2547 1138 etc.,
2575 1082 2632 1127 ut
2657 1088 2780 1144 pag.
2811 1074 2937 1129 462.

1962 1159 2179 1215 Textus.
2206 1161 2398 1217 Const.
2428 1162 2515 1227 17,
2550 1166 2633 1219 tit.
2673 1163 2695 1217 l
2741 1164 3087 1222 Novellarum
3115 1168 3250 1223 dicit
3282 1183 3474 1237 preces

1888 1261 2252 1308 sacrosancta:
2281 1255 2688 1310 communionis
2718 1263 2774 1311 et
2808 1258 3144 1313 sacrosancti
3174 1259 3474 1327 baptisma-

1889 1345 1959 1400 tis
1989 1360 2018 1399 a
2050 1344 2249 1414 populo
2285 1345 2533 1401 exaudiri
2565 1346 2784 1403 debere.

1962 1433 2119 1490 CAP.
2149 1433 2301 1489 II.—-
2316 1434 2545 1501 Quinam
2561 1446 2611 1490 et
2626 1439 2889 1507 quomodo
2914 1450 2963 1494 et
2987 1456 3230 1511 quamam
3248 1440 3473 1509 psallere

1886 1524 2129 1590 debeant,
2179 1533 2274 1579 aut
2333 1526 2565 1593 precari,
2598 1538 2692 1581 aut
2751 1529 2937 1599 legere.

2240 1617 2613 1686 Apostolorum
2645 1634 2869 1674 canones
2899 1620 2989 1686 60,
3021 1620 3109 1677 85.

259 1724 339 1790 ξ’.
370 1724 442 1778 Et
460 1741 544 1787 τις
574 1725 644 1777 τὰ
676 1723 1097 1794 ψευδεπίγραφα
1120 1723 1230 1777 τῶν
1258 1722 1470 1777 ἀσεϐῶν
1502 1714 1684 1795 βιϐλία
1711 1724 1788 1796 ὡς

1964 1706 2033 1762 60
2062 1705 2200 1779 [59].
2254 1705 2312 1763 Si
2343 1706 2469 1779 quis
2523 1708 2662 1764 falso
2707 1710 3008 1780 inscriptos
3059 1712 3355 1782 impiorum
3402 1716 3472 1769 li—

171 1815 328 1883 ἇγια
348 1817 448 1870 ἐπὶ
470 1818 569 1885 τῆς
590 1814 890 1885 ἐκκλησίας
911 1815 976 1885 δη
985 1813 1230 1886 μοσιεύοι
1258 1814 1354 1868 ἐπὶ
1374 1813 1519 1886 λύμῃ
1543 1813 1637 1868 τοῦ
1656 1813 1784 1869 λαοῦ

172 1910 282 1963 καὶ
317 1909 421 1963 τοῦ
453 1909 679 1979 κλήρου,
703 1907 1094 1978 καθαιρείσθω.

253 1999 377 2055 πέ.
422 2000 606 2055 Ἔστω
646 1999 706 2052 δὲ
752 1999 883 2070 ὑμῖν
917 2001 1052 2053 πᾶσι
1102 1998 1389 2069 κληρικοῖς
1426 1996 1520 2051 καὶ
1574 1996 1785 2063 λαῖκοῖς

174 2093 380 2163 βιϐλία
421 2091 697 2162 σεϐάσμια
724 2092 819 2145 καὶ
845 2091 979 2160 ἆγια
1000 2104 1016 2121 ο
1046 2091 1149 2162 τῆς
1178 2089 1278 2159 μὲν
1306 2090 1551 2152 Παλαιᾶς
1582 2088 1786 2159 Διαθή-

174 2201 316 2254 κης,
358 2175 615 2246 Μωσέως
653 2182 836 2247 πέντε,
871 2183 1115 2246 Γένεσις,
1180 2181 1423 2246 Ἔξοδος,
1475 2180 1781 2246 Λευῖτικδν,

188 2275 483 2348 ’Δριθμοῖ,
513 2274 955 2345 Δευτερονόμιονο
998 2273 1173 2344 Ἰησοῦ
1197 2272 1313 2327 υίοῦ
1345 2273 1506 2343 Ναυῆ
1541 2272 1619 2335 ἒν,
1644 2272 1785 2341 Κρι-

172 2368 299 2422 τῶν
328 2366 414 2431 ἓν,
456 2367 611 2421 Ῥοὺθ
642 2372 711 2434 α’,
743 2366 1043 2420 Βασιλειῶν
1065 2365 1129 2431 δ’,
1155 2364 1658 2438 Παραλειπομένων
1683 2364 1786 2433 τῆς

176 2460 384 2530 βίϐλου
418 2458 529 2512 τῶν
556 2458 783 2530 ἡμερῶν
820 2456 887 2528 β’,
919 2456 1126 2529 Ἔσδρα
1164 2456 1232 2527 β’,
1278 2456 1481 2527 Ἐσθὴρ
1516 2453 1596 2519 ἓν,
1629 2455 1787 2509 Μακ-

177 2548 448 2603 καϐαίων
468 2553 540 2617 γ’,
575 2548 695 2601 Ἰὼϐ
717 2547 796 2611 ἓν,
821 2548 1010 2617 Ψαλτή
1022 2564 1155 2619 ριον,
1175 2546 1521 2615 Σολομῶντος
1538 2551 1608 2611 γ’,
1634 2546 1785 2615 Παρ-

178 2639 399 2709 οιμίαι,
439 2639 891 2710 Ἐκκλησιαστὴς,
931 2635 1125 2711 *ᾼσμα
1168 2639 1449 2711 ᾀσμάτων,
1481 2637 1786 2707 Προφητῶν

177 2730 453 2797 δεκαδύο,
479 2730 538 2782 ἒν
579 2730 825 2795 Ἡσαΐου,
858 2732 918 2784 ἓν
962 2732 1241 2802 Ἰεζεκιὴλ,
1269 2731 1327 2785 ἓν
1355 2729 1578 2801 Δανιὴλ.
1609 2730 1783 2796 Ἒξωο

180 2821 373 2876 θενδὲ
423 2822 554 2892 ὑμῖν
585 2823 1054 2894 προσιστορείσθω
1108 2821 1403 2892 μανθάνειν
1450 2822 1577 2884 τοὺς
1630 2821 1785 2884 νέους

180 2912 355 2981 ὑμῶν
398 2911 495 2965 τοῦ
528 2911 877 2983 πολυμαθοῦς
917 2910 1090 2983 Σιρὰχ
1121 2911 1221 2983 τὴν
1266 2910 1459 2979 σοφίαν
1484 2926 1500 2940 ·
1540 2908 1785 2979 ἡμέτερα

179 3004 267 3069 δὲ,
304 3004 561 3058 τουτέστι
608 3005 709 3076 τῆς
754 3005 966 3075 Καινῆς
995 3005 1290 3074 Διαθήκης,
1327 3001 1631 3071 Εὐαγγέλια
1663 3001 1787 3055 τέσ-

184 3112 367 3165 σαρα,
400 3096 705 3159 Ματθαίου,
729 3096 980 3168 Μάρκου,
1014 3096 1221 3161 Δουκᾶ,
1270 3094 1538 3157 Ἰωάννου,
1566 3094 1783 3147 Παύλου

183 3187 491 3242 ἐπιστολαὶ
538 3189 615 3251 ιδ’,
672 3188 882 3259 Πέτρου
932 3188 1216 3245 ἐπιστολαὶ
1263 3185 1378 3253 δύο,
1436 3186 1683 3240 Ἰωάννου
1714 3182 1785 3254 γ’,

200 3278 474 3333 Ἰακώϐου
513 3286 592 3347 α’,
640 3280 809 3334 Ἰούδα
850 3286 920 3347 α’,
976 3280 1294 3350 Κλήμεντος
1345 3277 1627 3331 ἐπιστολαὶ
1669 3275 1782 3340 δύο,

186 3372 292 3425 καὶ
324 3372 382 3425 αί
409 3370 658 3439 διατιγαὶ
691 3371 818 3442 ὑμῖν
853 3374 966 3435 τοῖς
1015 3369 1332 3432 ἐπισκόποις
1373 3368 1440 3421 δι’
1475 3367 1610 3438 ἐμοῦ
1640 3366 1790 3439 Κλή-

193 3478 402 3531 μεντος
430 3462 488 3513 ὲν
533 3461 678 3515 ὀκτὼ
723 3462 951 3531 βιϐλίοις
998 3459 1555 3532 προσπεφωνημέναι,
1606 3457 1674 3522 ἃς
1724 3460 1787 3513 οὐ

190 3551 311 3623 χρὴ
340 3550 686 3620 δημοσιεύειν
716 3553 810 3606 ἐπὶ
856 3552 1098 3615 πάντων,
1134 3551 1223 3604 διὰ
1250 3552 1318 3603 τὰ
1359 3552 1419 3602 ὲν
1461 3549 1652 3612 αὑταῖς
1684 3566 1788 3619 μυ-

196 3641 367 3697 στικά
386 3662 401 3674 ·
433 3645 528 3703 καὶ
558 3647 614 3698 αί
649 3644 883 3715 Πράξεις
909 3643 1070 3715 ἡμῶν
1101 3642 1209 3695 τῶν
1239 3641 1554 3695 ἀποστόλων
1573 3657 1586 3671 ’
1614 3640 1788 3693 ταῦτα

197 3736 302 3789 καὶ
353 3736 484 3806 περὶ
531 3736 769 3790 κανόνων
803 3734 1140 3805 διατετάχθω
1191 3734 1322 3804 ὑμῖν
1364 3732 1497 3804 παρ’
1528 3732 1708 3803 ἡμῶν,
1743 3725 1789 3785 ὧ

199 3829 517 3883 ἐπίσκοποι.
560 3829 749 3900 Ὑμεῖς
777 3829 836 3883 δὲ
865 3828 1197 3900 ἐμμένοντες
1234 3827 1440 3889 αὐτοῖς,
1476 3824 1791 3895 σωθήσεσθε

199 3924 301 3976 καὶ
331 3923 554 3993 είρήνην
599 3922 777 3986 ἕξετε·
828 3920 1187 3983 ἀπειθοῦντες
1234 3919 1313 3982 δὲ,
1361 3917 1788 3989 κολασθήσεσθε,

201 4016 302 4067 καὶ
336 4014 571 4083 πόλεμον
625 4015 742 4083 μετ’
781 4012 1026 4084 ἀλλήλων
1070 4011 1241 4065 ἀΐδιον
1286 4009 1461 4075 ἕξετε,
1500 4010 1658 4080 δίκην
1689 4010 1791 4079 τῆς

199 4106 469 4173 ἀνηκοΐας
497 4105 594 4176 τὴν
629 4106 1013 4176 προσήκουσαν
1064 4104 1358 4167 τιννὺντες.
1406 4103 1466 4157 '0
1510 4102 1644 4165 Θεὸς
1666 4101 1724 4155 δὲ
1763 4102 1793 4154 ό

202 4199 370 4271 μόνος
396 4199 568 4263 ἀΐδιος
593 4198 690 4252 καὶ
737 4198 843 4251 τῶν
872 4197 1011 4250 ὅλων
1053 4196 1308 4266 ποιητὴς,
1360 4195 1608 4258 ἅπαντας
1644 4195 1789 4263 ὑμᾶς

199 4291 293 4345 διά
317 4290 421 4359 τῆς
463 4291 682 4360 εἰρήνης
709 4291 766 4342 ἐν
799 4288 1078 4358 Πνεύματι
1128 4287 1268 4358 ἁγίῳ
1295 4284 1495 4339 ὲνώσαι
1536 4285 1631 4338 καὶ
1661 4300 1790 4338 κατ-

1897 1802 2047 1868 hros,
2081 1810 2347 1871 tanquam
2370 1810 2617 1867 sanctos,
2645 1802 2702 1857 in
2732 1803 2961 1858 ecclesia
2996 1804 3241 1875 publicat
3267 1806 3335 1861 ad
3370 1823 3471 1879 po-

1890 1894 2005 1965 puli
2038 1904 2093 1949 et
2116 1894 2253 1949 cieri
2287 1894 2609 1964 perniciem,
2644 1894 2973 1964 deponatur.

1957 1985 2027 2042 85
2057 1984 2195 2059 [84].
2228 1985 2349 2041 Sint
2372 1986 2526 2043 vobis
2552 1986 2806 2042 omnibus
2835 1986 3050 2069 clericis
3076 1998 3133 2043 et
3152 1988 3307 2045 laicis
3348 1989 3472 2043 libri

1889 2080 2183 2136 venerandi
2199 2079 2679 2147 etsanctiﬂeteris
2692 2084 2910 2153 quidem
2930 2082 3287 2152 Testamenti,
3306 2086 3474 2141 Mosis

1894 2175 2162 2246 quinque,
2186 2173 2439 2239 Genesis,
2469 2173 2712 2243 Exodus,
2738 2177 3033 2245 Leviticus,
3058 2178 3306 2246 Numeri,
3330 2180 3473 2234 Deu-

1886 2267 2284 2335 teronomium;
2322 2266 2448 2324 Iesu
2473 2266 2624 2324 Nave
2640 2282 2813 2338 unus;
2833 2269 3089 2327 Iudicum
3114 2288 3257 2329 unus
3281 2291 3297 2336 ;
3324 2273 3471 2327 Ruth

1888 2375 2066 2427 unus;
2106 2362 2420 2430 Regnorum
2453 2370 2724 2431 quatuor;
2772 2361 3256 2433 Paralipomenon,
3307 2366 3359 2421 id
3388 2375 3474 2421 est

1890 2449 2283 2505 derelictorum
2336 2449 2465 2504 libri
2528 2449 2765 2515 dierum,
2802 2451 2951 2519 duo;
2984 2453 3169 2509 Esdraa
3201 2456 3329 2509 duo.
3375 2456 3474 2510 Es-

1891 2537 2013 2590 ther
2042 2551 2221 2603 unus;
2260 2534 2697 2593 Maeliabaeorum
2726 2550 2875 2595 tres:
2913 2538 3017 2596 Job
3042 2557 3224 2607 unus;
3261 2543 3471 2598 Psalte-

1890 2628 2033 2682 rium
2055 2642 2218 2683 unus.
2247 2626 2560 2686 Salomonis
2585 2639 2720 2698 tres,
2745 2631 3062 2697 Proverbia,
3090 2632 3471 2689 Ecclesiastes.

1890 2720 2119 2774 Cantica
2199 2720 2582 2788 canticorum;
2673 2723 3072 2794 Prophetarum
3182 2726 3470 2781 duodecim

1897 2831 2077 2883 unus;
2110 2814 2265 2872 Isaiae
2311 2832 2477 2882 unus,
2524 2818 2778 2873 Jeremiae
2813 2833 2977 2884 uitus,
3014 2818 3265 2875 Ezechiel
3306 2835 3472 2882 unus,

1891 2908 2080 2965 Daniel
2127 2924 2293 2966 unus.
2352 2909 2705 2968 Extrinsecus
2743 2921 2927 2967 autem
2958 2927 2988 2967 a
3019 2914 3174 2969 vobis
3206 2914 3476 2986 intelliga-

1891 3012 2000 3069 tnr,
2032 3003 2231 3059 debere
2261 3013 2475 3059 vestros
2499 3003 2874 3060 adolescentes
2902 3005 3116 3059 discere
3148 3006 3474 3075 sapientiam

1890 3096 2250 3152 eruditissimi
2303 3095 2519 3152 Sirach.
2573 3094 2775 3153 Nostra
2829 3107 3037 3163 autem,
3087 3098 3139 3151 id
3180 3107 3287 3164 est,
3339 3098 3475 3153 Novi

1891 3186 2254 3255 Testamenti,
2315 3188 2612 3259 Evangelia
2665 3198 2923 3261 quatuor,
2971 3187 3234 3253 Matthzei,
3280 3188 3474 3256 Marci,

1890 3279 2072 3346 Lucae,
2107 3279 2365 3348 Joannis;
2406 3279 2559 3337 Pauli
2599 3281 2856 3353 Epistolas
2885 3282 3331 3351 quatuordecim,
3377 3280 3479 3335 Pe-

1890 3370 1959 3424 tri
2014 3369 2268 3439 Epistolas
2304 3371 2446 3437 dita},
2487 3371 2718 3427 Joannis
2755 3372 2887 3439 tres,
2930 3372 3120 3427 Jacobi
3151 3388 3256 3427 una
3302 3370 3479 3445 [Indae

1890 3459 2047 3531 una].
2072 3458 2370 3517 Clementis
2397 3462 2647 3533 epistolae
2669 3463 2813 3529 dote,
2841 3471 2897 3517 et
2918 3463 3297 3517 ordinationes
3320 3464 3476 3518 vobis

1889 3552 2164 3623 episcopls
2211 3568 2309 3624 per
2342 3568 2432 3609 me
2479 3554 2814 3610 Clementem
2859 3556 2912 3609 in
2940 3564 3067 3609 octo
3110 3554 3272 3609 libris
3293 3554 3477 3619 editae,

1890 3661 2014 3716 qua:
2060 3661 2170 3700 non
2227 3654 2358 3701 sunt
2401 3647 2662 3701 omnibus
2715 3647 3081 3717 divulgandae,
3136 3655 3360 3716 propter
3412 3662 3473 3703 ea

1893 3751 2015 3805 quat
2052 3746 2181 3791 sunt
2220 3736 2274 3791 in
2305 3738 2387 3793 eis
2435 3738 2665 3809 mystica
2696 3756 2711 3793 :
2751 3748 2806 3794 et
2847 3740 3018 3794 Actus
3049 3739 3221 3794 nostri
3259 3747 3480 3808 aposto-

1891 3829 2094 3883 lorum.
2136 3828 2261 3885 Haec
2305 3844 2435 3884 vero
2486 3831 2601 3903 (37)
2639 3831 2707 3887 de
2733 3831 2937 3902 regulis
2963 3832 3268 3885 constituta
3318 3829 3479 3884 vobis

1892 3924 2005 3978 sint
2040 3923 2200 3994 130
2232 3937 2328 3993 per
2364 3936 2484 3989 nos,
2516 3938 2552 3977 ο
2592 3924 2856 3995 episcopi.
2893 3922 3005 3979 Vos
3044 3931 3226 3978 autem
3267 3922 3479 3977 obtem-

1894 4028 2173 4085 perantes,
2220 4014 2589 4081 salvabimini,
2643 4025 2699 4071 et
2753 4031 2944 4086 pacem
2976 4015 3269 4071 habebitis.
3322 4013 3392 4067 At
3432 4010 3480 4068 si

1892 4122 2000 4159 non
2024 4106 2679 4177 parueritis,punieinini,
2718 4114 2773 4163 et
2813 4108 3015 4163 bellum
3075 4113 3268 4161 mutno
3286 4120 3481 4175 perpe—

1893 4208 2048 4255 tuum
2109 4199 2399 4266 habebitis,
2454 4214 2677 4270 poenam
2726 4200 3114 4255 inobedientiae
3171 4212 3479 4266 congruam

1893 4292 2097 4348 daturi.
2126 4290 2272 4347 Deus
2301 4306 2491 4361 porro,
2526 4293 2620 4363 qni
2662 4293 2815 4348 solus
2842 4300 2927 4348 est
2964 4302 3204 4347 aeternus
3249 4304 3314 4344 ac
3358 4290 3483 4345 uni-

204 4384 434 4455 αρτίσαι
475 4383 556 4446 είς
598 4385 710 4436 πᾶν
763 4382 925 4453 ἔργον
971 4380 1198 4451 ἀγαθὸν,
1242 4379 1574 4449 ἀτρέπτους,
1609 4378 1788 4447 ἀμέμ-

1902 4400 2183 4440 versornm
2216 4392 2454 4449 creator,
2487 4400 2587 4440 vos
2620 4398 2813 4440 omnes
2841 4398 2977 4454 pace
3024 4384 3081 4439 in
3114 4380 3320 4453 Spiritu
3350 4398 3482 4439 san.-

205 4492 399 4541 πτους,
446 4474 834 4545 ἀνεγκλήτους,
888 4474 984 4527 καὶ
1034 4470 1371 4536 καταξιῶσαι
1423 4471 1523 4539 τῆς
1568 4468 1792 4524 αἰωνίου

202 4567 353 4637 ζωῆς
384 4566 484 4619 σὺν
521 4562 807 4638 ἡμῖν,“διὰ
845 4566 946 4636 τῆς
995 4564 1273 4636 μεσιτείας
1309 4561 1403 4616 τοῦ
1428 4560 1792 4631 ὴγαπημένου

203 4661 397 4724 παιδὸς
426 4660 590 4715 αὐτοῦ
632 4660 808 4730 Ἰησοῦ
845 4658 1082 4730 Χριστοῦ
1126 4659 1219 4711 τοῦ
1252 4655 1387 4710 Θεοῦ
1418 4656 1514 4708 καὶ
1541 4653 1794 4723 Σωτῆρος

203 4754 387 4825 ἡμῶν,
434 4752 553 4823 μεθ’
576 4747 638 4807 οὗ
664 4754 698 4823 ἡ
732 4749 860 4816 δόξα
898 4749 1048 4823 αὐτῷ
1074 4748 1152 4820 τῷ
1180 4749 1276 4803 ἐπὶ
1306 4746 1525 4801 πάντων
1556 4744 1675 4814 Θεῷ
1698 4744 1795 4797 καὶ

204 4846 386 4916 Πατρὶ
424 4845 523 4898 σὺν
567 4845 710 4915 ἁγίῳ
742 4842 1023 4913 Πνεύματι
1053 4843 1132 4912 τῷ
1175 4838 1532 4909 παρακλήτῳ,
1575 4836 1669 4890 νῦν
1700 4836 1797 4889 καὶ

204 4937 297 4991 ἀεὶ
327 4936 426 4989 καὶ
446 4937 529 5000 είς
554 4936 683 5000 τοὺς
708 4935 911 4998 αίῶνας
942 4933 1051 4987 τῶν
1073 4931 1307 4987 αἰώνων.
1354 4930 1551 4999 Ἀμήν.

1646 5145 1658 5167 Ι
1693 5144 1772 5167 “AI

248 5159 524 5215 Συνόδου
543 5157 901 5223 Λαοδικείας
917 5154 1118 5209 κανὼν
1136 5161 1217 5218 ιε’,
1235 5152 1321 5217 ιζ’,
1349 5156 1440 5219 ιη’,
1466 5149 1552 5215 ιθ’,
1571 5146 1679 5217 κγ’,
1692 5146 1792 5203 νϐ’.

284 5280 365 5326 ιε’.
400 5274 535 5342 Περὶ
568 5269 664 5323 τοῦ
713 5271 791 5341 μὴ
838 5270 950 5323 δεῖν
983 5268 1123 5339 πλὴν
1170 5267 1279 5319 τῶν
1314 5262 1619 5318 κανονικῶν
1662 5262 1799 5331 ψαλ-

210 5364 342 5426 τῶν,
376 5364 488 5417 τῶν
539 5364 632 5415 ἐπὶ
656 5362 747 5413 τὸν
796 5360 1024 5431 ἄμϐωνα
1074 5356 1497 5416 ἀναϐαινόντων,
1547 5354 1642 5405 καὶ
1689 5348 1797 5403 άπὸ

212 5456 472 5526 διφθέρας
525 5453 855 5522 ψαλλόντων,
902 5452 1120 5522 ἑτέρους
1160 5447 1311 5510 τινὰς
1349 5444 1574 5516 ψάλλειν
1616 5444 1675 5495 ὲν
1705 5445 1798 5494 ὲκ·-

214 5549 435 5622 κλησίᾳ.

1896 4488 1987 4538 cto
2030 4475 2387 4541 confortabit,
2462 4487 2513 4532 et
2559 4485 2718 4547 aptos
2773 4476 2963 4531 reddet
2993 4476 3060 4530 ad
3122 4491 3284 4531 omne
3342 4489 3484 4545 Opus

1894 4575 2125 4640 bonum,
2171 4570 2581 4635 immutabiles,
2632 4566 3160 4637 irreprehensibiles,
3207 4567 3328 4622 sine
3371 4567 3481 4619 cri-

1898 4668 2068 4734 mine,
2110 4667 2416 4737 dignosque
2469 4662 2635 4717 faciet
2660 4670 2865 4716 aeterna
2898 4660 3008 4714 vita
3042 4659 3355 4725 nobiscum,
3387 4674 3483 4728 per

1898 4760 2343 4816 intercessionem
2374 4756 2560 4812 dilecti
2590 4754 2712 4810 Filii
2745 4753 2831 4811 sui
2859 4752 2987 4809 Jcsu
3018 4752 3248 4817 Christi,
3286 4750 3381 4807 Dei
3428 4760 3484 4805 υι

1898 4852 2198 4908 Salvatoris
2251 4850 2464 4915 nostri;
2511 4862 2635 4903 cum
2670 4862 2777 4918 quo
2812 4846 2983 4914 gloria
3030 4848 3103 4901 sit
3157 4846 3259 4915 ipsi
3312 4859 3481 4913 supra

1896 4944 2080 4999 omnia
2106 4942 2217 4997 Deo
2246 4940 2395 4995 Patri
2450 4954 2576 4995 cum
2614 4949 2808 4995 sancto
2857 4939 3065 5008 Spiritu
3108 4936 3478 4999 consolatore,

1901 5048 2050 5089 nunc
2075 5042 2131 5088 et
2156 5046 2395 5102 semper,
2435 5041 2491 5086 et
2515 5032 2570 5085 in
2611 5030 2809 5086 saecula
2838 5029 3188 5085 saculorum.
3212 5030 3406 5080 Amen.

1898 5145 2123 5201 Concilii
2170 5142 2459 5198 Laodiceni
2502 5158 2728 5196 canones
2768 5140 2855 5207 15,
2902 5141 2989 5208 17,
3026 5138 3227 5206 18,19,
3259 5138 3349 5203 23,
3387 5137 3478 5191 59.

1968 5261 2057 5315 15.
2114 5258 2232 5314 Νοη
2288 5268 2542 5328 oportere
2595 5268 2788 5328 praeter
2837 5256 3132 5311 canonicos
3184 5264 3478 5317 cantores,

1896 5353 1990 5422 qni
2019 5362 2331 5421 suggestum
2372 5351 2697 5414 ascendunt,
2733 5358 2786 5403 ct
2820 5364 2887 5402 ex
2919 5348 3235 5403 membrana
3269 5345 3476 5415 legunt,

1901 5445 2116 5513 aliquos
2144 5443 2283 5498 alios
2314 5458 2513 5498 canere
2543 5444 2595 5496 in
2633 5440 2885 5496 ecclesia.

1728 5647 1959 5705 NOTAE.

285 5759 398 5825 (37)
431 5755 509 5810 Ex
562 5755 804 5811 editione
858 5751 1063 5809 Crabbi
1104 5751 1158 5806 in
1190 5750 1326 5807 alias
1377 5748 1638 5816 deinceps
1696 5744 1997 5817 permeavit
2034 5742 2140 5797 ista
2174 5738 2443 5811 appendix
2476 5738 2590 5795 sive
2617 5736 2861 5804 coronis,
2892 5743 2951 5790 ut
2985 5742 3159 5787 vocat.
