4012 6412
143 475 233 539 593

967 483 1367 546 SY‘NTAGMA
1398 485 1789 550 CANONUM.
1821 515 1890 525 -
1925 490 2072 551 TIT.
2116 491 2232 552 IlI.
2273 492 2433 555 CAP.
2475 494 2557 557 Ιῐ.

3268 500 3371 563 594

203 586 331 656 Περὶ
390 588 501 644 τοῦ
533 588 618 659 μὴ
665 591 977 661 συμπόσια
1027 595 1098 649 ἐν
1146 596 1277 664 ταῖς
1332 597 1695 669 ἐκκλησίαις

1839 601 1908 659 Ut
1954 606 2022 677 in:
2044 605 2273 660 ecclesiis
2328 608 2566 662 convivia
2602 608 2814 663 minime
2836 607 3162 665 celebrentur
3194 612 3329 685 (59).

138 679 548 736 ἐπιτελεῖσθαι.

203 770 306 841 μβ’.
340 771 505 825 Ὥστε
533 774 918 847 ἐπισκόπουςῆ
946 777 1238 850 κληρικοὺς
1282 782 1340 835 ἐν
1366 784 1482 849 ταῖς
1508 784 1700 857 ἐκκλη-

141 863 267 924 σίαις
295 862 367 933 μὴ
396 867 870 934 συμωσιάζεσθαι
894 884 909 898 ⁸
938 870 987 922 εί
1021 872 1093 943 μή
1118 873 1170 940 γ’
1200 872 1267 926 ἂν
1292 875 1449 944 τυχὸν
1481 876 1695 950 ἀνάγκη

141 952 303 1018 ξενίας
333 955 643 1024 διαϐάντες,
679 959 796 1012 ἐκεῖ
843 961 1190 1017 καταλύσωσι
1212 980 1226 994 ο
1270 967 1366 1019 καὶ
1398 968 1446 1021 οἱ
1491 968 1612 1022 λαοὶ
1640 970 1696 1023 δὲ

139 1045 232 1096 ἀπὸ
274 1044 379 1099 τῶν
426 1051 856 1122 τοιουτοτρόπων
910 1057 1244 1126 συμποσίων,
1298 1060 1421 1115 ὅσον
1471 1062 1696 1119 δυνατόν

141 1136 261 1195 ἐστι,
300 1136 637 1196 κωλυθῶσιν.

198 1226 327 1293 Περὶ
359 1226 482 1282 τῶν
530 1232 679 1299 πρὸς
727 1236 796 1289 τὸ
846 1237 1279 1308 θυσιαστήριον
1321 1241 1697 1310 ὀφειλουσῶν

138 1312 399 1381 λέγεσθαι
444 1319 710 1375 ἱκεσιῶν.

200 1409 296 1471 py’.
329 1406 535 1476 Ἥρεσε
570 1410 664 1463 καὶ
694 1412 871 1482 τοῦτο,
901 1414 1044 1469 ὥστε
1074 1417 1172 1483 τὰς
1206 1424 1599 1493 κεκυρωμένας
1637 1426 1696 1479 ἐν

136 1495 193 1563 τῇ
221 1495 411 1567 συνόδῳ
450 1498 683 1567 ἱκεσίας,
723 1506 831 1557 εἴτε
864 1508 1147 1579 προοίμια,
1181 1512 1291 1564 εἴτε
1340 1514 1691 1584 παραθέσεις,

138 1584 231 1636 εἴτε
252 1585 346 1649 τὰς
379 1588 480 1658 τῆς
511 1593 695 1662 χειρὸς
722 1596 1019 1663 ἐπιθέσεις,
1046 1601 1154 1655 ἀπὸ
1179 1604 1395 1658 πάντων
1426 1606 1695 1660 ἐπιτελεῖ-

138 1674 267 1729 σθαι·
292 1679 381 1731 καὶ
407 1683 689 1749 παντελῶς
728 1686 894 1752 ἄλλοις
940 1691 1083 1746 κατὰ
1123 1694 1221 1765 τῆς
1253 1695 1491 1761 πίστεως
1526 1699 1695 1771 μηδέ-

143 1783 255 1819 ποτε
287 1774 750 1845 προσενεχθῆναιο
807 1780 920 1833 ἀλλ’
964 1783 1171 1847 αἵτινες
1214 1787 1412 1857 δήποτε
1442 1788 1551 1843 ἀπὸ
1585 1791 1693 1846 τῶν

138 1863 491 1933 συνετωτέρων
526 1869 894 1940 συνήχθησαν,
939 1872 1312 1944 λεχθήσονται.

1874 783 1964 839 42.
1998 783 2068 841 Ut
2106 785 2238 840 nulli
2276 786 2320 818 ⁸⁸
2370 787 2610 857 episcopi
2660 788 2745 843 vel
2794 789 2978 846 clerici
3034 790 3087 845 in
3138 793 3369 849 ecclesia

1798 877 2158 932 conviventur
2189 917 2204 942 ,
2258 879 2363 933 nisi
2418 879 2559 934 forte
2614 888 2961 938 transeuntes
3010 883 3371 954 hospitiorum

1797 969 2124 1023 necessitate
2158 969 2269 1024 illic
2296 970 2537 1025 reﬁciant
2572 988 2586 1025 :
2639 973 2825 1042 populi
2865 974 3030 1029 etiam
3076 977 3144 1030 ab
3175 976 3373 1047 hujus~

1798 1058 1946 1113 modi
1970 1060 2268 1125 conviviis,
2318 1072 2583 1133 quantum
2628 1062 2744 1119 ﬁeri
2790 1073 3006 1135 potest,
3046 1068 3378 1137 prohibeam

1796 1156 1907 1204 tur.

1868 1242 1947 1300 De
1974 1245 2213 1316 precibus
2244 1248 2313 1301 ad
2344 1249 2516 1303 altare
2546 1250 2804 1307 dicendis.

1868 1426 1991 1483 105.
2030 1426 2242 1482 Placuit
2266 1428 2310 1460 ³³
2339 1428 2501 1483 etiam
2554 1430 2659 1485 hoc
2715 1430 2850 1502 (46),
2910 1440 2971 1486 ut
3023 1420 3214 1503 preces
3249 1450 3373 1504 qua:

1796 1518 2037 1587 probatae
2064 1518 2269 1575 fuerint
2302 1520 2356 1573 in
2392 1521 2645 1586 concilio,
2696 1524 2808 1577 sive
2849 1522 3217 1591 praefationes,
3256 1528 3372 1582 sive

1797 1608 2323 1675 commendationes,
2354 1626 2449 1665 seu
2487 1626 2681 1666 manus
2704 1612 3086 1681 impositiones
3134 1616 3204 1671 ab
3249 1631 3371 1671 om-

1798 1699 1959 1754 nibus
1983 1700 2353 1767 celebrentur,
2386 1718 2487 1758 nec
2530 1703 2650 1758 aliae
2694 1705 2918 1760 omnino
2960 1716 3152 1763 contra
3206 1708 3370 1763 ﬁdem

1795 1791 2156 1859 praeferantur
2182 1810 2195 1847 :
2229 1794 2325 1849 sed
2363 1810 2703 1866 quaecunque
2724 1812 2755 1851 a
2776 1797 3222 1868 prudentioribus
3253 1801 3366 1872 (41)

1797 1882 1999 1937 fuerint
2021 1884 2278 1951 collectae,
2303 1885 2575 1941 dicantur.

136 1951 174 1999 Σ
178 1952 374 2055 υνόδου
389 1958 809 2031 οἷκουμενικῆς
833 1964 1012 2033 ἕκτης
1023 1968 1224 2021 κανὼν
1236 1968 1337 2039 λγ¹,
1356 1969 1455 2040 ξγ’,
1469 1978 1562 2039 σε’,
1577 1981 1687 2036 παν,

1834 1975 2059 2031 Concilii
2086 1979 2391 2032 wcumem’ci
2420 1979 2554 2033 sexti
2582 1997 2805 2040 canones
2849 1987 2950 2050 55,
2985 1989 3075 2055 63,
3118 1990 3207 2053 75,
3242 1989 3332 2047 81.

191 2042 281 2138 ly".
319 2046 649 2123 Ἐπειδήπερ
682 2051 929 2126 ἔγνωμεν
963 2058 1021 2110 ἐν
1057 2061 1122 2131 τῇ
1172 2059 1475 2132 ’Δρμενίων
1505 2064 1688 2138 χώρᾳ,

137 2152 181 2189 κ.
196 2153 240 2188 τ.
262 2136 310 2192 λ.

195 2227 281 2322 ξγἈ.
315 2231 646 2322 Τάγψευδῶς
700 2236 805 2290 ὑπὸ
857 2238 966 2294 τῶν
1014 2241 1115 2312 τῆς
1173 2244 1431 2316 ἀληθείας
1478 2250 1689 2322 ἐχθρῶν

137 2318 520 2377 ἀναπλασθέντα
580 2329 1002 2399 μαρτυρολόγια,
1038 2332 1115 2397 ὡς
1161 2335 1227 2389 ἂν
1259 2340 1387 2403 τοὺς
1414 2318 1690 2414 τοῦ-ἀέρι-

138 2414 244 2467 στού
275 2416 556 2489 μάρτυρας
595 2422 936 2493 ἀτιμάζοιεν,
987 2430 1081 2482 καὶ
1127 2431 1265 2502 πρὸς
1310 2435 1569 2492 ἀπιστίαν
1598 2440 1686 2492 ἐν·

141 2503 298 2571 ἀγοιεν
320 2510 443 2573 τοὺς
459 2512 785 2580 ἀκούοντας,
809 2517 883 2587 μὴ
900 2517 987 2571 ἐπ’
1014 2519 1332 2590 ἐκκλησίαις
1362 2526 1685 2597 δημοσιεύε-

141 2597 239 2651 σθαι
265 2605 698 2675 προστάσσομεν,
724 2608 859 2663 ἀλλά
878 2609 1052 2666 ταῦτα
1092 2616 1226 2686 πυρὶ
1261 2620 1683 2690 παραδίδοσθαι·

138 2690 241 2753 τοὺς
259 2693 497 2751 δὲταῦτα
528 2702 1027 2773 παραδεχομένους,
1054 2707 1088 2779 ἢ
1112 2707 1184 2774 ὡς
1217 2710 1443 2783 ἀληθέσι
1473 2715 1686 2783 τούτοις

139 2785 565 2854 προσανέχοντας,
598 2791 1095 2866 ἀναθεματίζομεν.

195 2873 429 2970 οεΖΔΤοὺς
460 2879 561 2933 ἐπὶ
586 2881 647 2933 τὸ
672 2881 895 2951 ψάλλειν
924 2888 982 2940 ἐν
1013 2890 1135 2952 ταῖς
1161 2890 1482 2962 ἐκκλησίαις
1503 2912 1685 2970 παρα-

140 2964 419 3060 γινομένους
447 2969 756 3042 βουλόμεθα
807 2978 944 3047 μήτε
989 2978 1141 3048 βοαῖς
1185 2982 1442 3048 ἀτάκτοις
1483 2964 1684 3060 κεχρῆ-

141 3054 259 3117 σθαι,
304 3059 393 3112 καὶ
438 3063 546 3134 τὴν
602 3065 766 3133 φύσιν
823 3069 958 3138 πρὸς
1008 3072 1254 3144 κραυγὴν
1307 3054 1681 3147 ἐκϐιάζεσθαι,

144 3146 255 3215 μήτε
274 3166 320 3200 τι
350 3152 629 3222 ἐπιλέγειν
657 3156 767 3211 τῶν
798 3159 872 3229 μὴ
903 3161 1168 3232 ἐκκλησίᾳ
1198 3164 1472 3236 ἀρμοδίων
1497 3188 1556 3225 τε
1587 3146 1683 3229 καίν

140 3238 354 3292 οἱκείων-
388 3244 526 3298 ἀλλά
566 3248 704 3317 μετὰ
730 3250 930 3321 πολλῆς
972 3255 1246 3325 προσοχῆς
1277 3274 1335 3309 τε
1376 3260 1472 3313 καὶ
1515 3278 1682 3317 κατα-

141 3327 308 3395 νύξεως
329 3334 422 3397 τὰς
452 3340 715 3405 τοιαύτας
761 3342 1083 3414 ψαλμῳδίας
1128 3348 1427 3417 προσάγειν
1464 3352 1541 3423 τῷ
1570 3355 1681 3409 τῶν

140 3423 359 3488 κρυπτῶν
402 3427 589 3500 ἐφόρῳ
636 3431 791 3502 Θεῷο
842 3433 1088 3498 εὐλαϐεῖς
1131 3437 1238 3507 γὰρ
1280 3438 1498 3496 ἔσεσθαι
1553 3448 1682 3511 τοὺς

143 3513 263 3577 υἱοὺς
303 3519 505 3593 Ἰσραὴλ
536 3523 597 3575 τὸ
631 3526 775 3594 ἱερὸν
811 3526 1015 3592 ἐδίδαξε
1048 3529 1251 3597 λόγιον.

198 3616 293 3664 πω.
329 3613 653 3687 Ἐπειδήπερ
693 3618 749 3671 ἐν
784 3637 893 3674 τισι
920 3620 1126 3692 χώραις
1169 3627 1594 3701 μεμαθήκαμεν,
1622 3634 1681 3685 ἐν

141 3697 204 3768 τῷ
226 3703 480 3779 Τρισαγίῳ
508 3709 689 3781 ὕμνῳ,
718 3729 773 3765 κ.
806 3730 854 3766 τ.
887 3714 938 3768 λ.

237 3795 483 3853 Συνόδου
514 3802 771 3868 Νικαίας
802 3802 869 3857 τὸ
899 3804 1199 3876 δεύτερον,
1232 3811 1435 3865 κανὼν
1464 3814 1529 3867 ιδ’
1536 3856 1549 3869 .

198 3883 395 3943 Ὀτιοὺ
420 3893 541 3961 χρὴ
592 3895 765 3961 ἐκτὸς
813 3902 1186 3968 χειροθεσίας
1241 3904 1682 3975 ἀναγινώσκειν

144 3970 198 4023 ἐν
221 3975 280 4044 τῇ
306 3984 557 4047 συνάξει
586 3985 683 4038 ἐπὶ
710 3986 998 4056 ἆμϐωνος.

201 4068 267 4124 ιδ’.
294 4074 405 4128 Ὀτι
436 4079 592 4141 τάξις
627 4079 1043 4148 ἐμπολιτεύεται
1080 4088 1135 4138 ἐν
1186 4088 1475 4164 ἱερωσύνῃ,
1510 4095 1678 4149 πᾶσιν

146 4156 351 4256 ἀρίδηλόν
386 4168 523 4234 ἐστι,
550 4171 644 4223 καὶ
684 4172 779 4225 σὺν
810 4175 1064 4247 ἀκριβείᾳ
1080 4156 1357 4251 διατηρεῖν
1385 4156 1484 4255 τῆς
1513 4186 1674 4256 ἱερω-

148 4247 279 4349 σύνης
307 4256 664 4331 ἐγχειρήσεις,
708 4264 826 4335 Θεῷ
856 4268 1149 4339 εὐάρεστόν
1188 4247 1328 4339 ἐστι,
1359 4247 1452 4328 καί
1489 4247 1675 4349 ἐπειδὴ

149 4339 339 4436 ὁρῶμεν,
368 4350 519 4415 ἐκτὸς
552 4356 893 4424 χειροθεσίας
925 4360 1181 4428 νηπιόθεν
1218 4362 1315 4433 τὴν
1350 4366 1554 4436 κουρὰν
1579 4339 1674 4420 τού

150 4432 311 4505 κλήρου
346 4440 715 4512 λαμϐάνοντάς
762 4467 934 4515 τινας,
983 4452 1148 4523 μήπω
1177 4452 1233 4507 δὲ
1274 4432 1416 4524 παρ’
1447 4432 1675 4512 ἐπισκό-

152 4540 228 4578 που
260 4536 581 4601 χειροθεσίαν
628 4540 912 4605 λαϐόντας,
945 4545 1039 4597 καὶ⁸
1100 4545 1575 4615 ἀναγινώσκοντας
1618 4554 1674 4605 ἐν

1859 2065 1949 2120 '53.
2012 2066 2285 2133 Quoniam
2334 2074 2691 2141 cognovimus
2753 2077 2807 2131 in
2856 2081 3245 2135 Armeniorum
3290 2097 3372 2137 re-

1792 2161 1971 2229 gione,
2003 2170 2133 2226 etc.,
2169 2172 2225 2215 ut
2257 2179 2375 2233 pag.
2395 2164 2521 2219 486.

1860 2252 1949 2306 65.
1979 2249 2111 2317 Quae
2138 2268 2169 2308 a
2209 2255 2457 2311 veritatis
2490 2258 2738 2313 hostibus
2770 2258 2909 2315 falso
2949 2261 3197 2317 conﬁcta:
3241 2272 3371 2319 sunt

1792 2352 2092 2414 martyrum
2122 2345 2388 2410 historiae,
2426 2355 2486 2401 ut
2516 2348 2611 2402 Dei
2646 2361 2912 2420 martyres
2938 2351 3231 2419 ignominia
3250 2353 3369 2409 alli-

1790 2444 2007 2500 cerent;
2036 2445 2087 2490 et
2128 2438 2222 2507 qui
2261 2452 2355 2492 eas
2393 2438 2635 2495 audituri
2664 2449 2870 2507 essent,
2896 2442 2961 2494 ad
2991 2441 3366 2498 inﬁdelitatem

1789 2525 2152 2595 deducerent;
2185 2529 2239 2582 in
2267 2530 2499 2585 ecclesia
2522 2546 2630 2586 non
2664 2532 2931 2602 publicari
2958 2533 3240 2602 jubemus,
3272 2539 3365 2592 sed

1788 2632 1883 2675 eas
1908 2618 2021 2689 igni
2053 2620 2218 2675 tradi.
2248 2620 2353 2687 Qui
2387 2636 2481 2678 eas
2522 2634 2703 2678 autem
2750 2624 3064 2692 admittunt,
3107 2626 3190 2682 vel
3243 2637 3367 2681 tan-

1787 2726 1951 2781 quam
1981 2712 2127 2767 veris
2182 2711 2250 2768 iis
2294 2724 2529 2769 mentem
2584 2715 2879 2783 adhibent,
2944 2717 3368 2774 anathematiza-

1788 2819 1930 2858 IDUS.

1860 2895 2018 2967 133
2056 2897 2146 2953 75.
2184 2896 2293 2954 Eos
2320 2899 2413 2969 qui
2442 2898 2495 2953 in
2523 2901 2768 2957 ecclesiis
2803 2899 2869 2955 ad
2899 2901 3235 2970 psallendum
3269 2917 3363 2956 ac-

1785 2986 2005 3053 cedunt,
2041 2989 2296 3046 volumus
2349 3006 2448 3046 nec
2496 2991 2824 3046 inordinatis
2879 2990 3360 3047 vociferationibus

1786 3081 1886 3147 uti,
1928 3089 1983 3135 et
2012 3089 2264 3136 naturam
2297 3083 2363 3137 ad
2391 3083 2689 3139 clamorem
2737 3098 2969 3153 urgere;
3011 3099 3112 3138 nec
3155 3084 3361 3155 aliquid

1783 3183 1999 3235 eorum,
2033 3186 2155 3240 quae
2184 3171 2429 3226 ecclesia:
2464 3188 2571 3228 non
2607 3174 2962 3242 conveniunt,
3009 3182 3064 3228 et
3099 3187 3220 3244 apta
3252 3190 3360 3230 non

1714 3303 1757 3359 ϐ
1792 3268 1939 3323 sunt,
2008 3261 2312 3328 asciscere;
2377 3263 2472 3317 sed
2528 3279 2649 3318 cum
2718 3279 2913 3334 magna
2962 3266 3261 3320 attentione
3310 3274 3365 3320 et

1790 3353 2208 3421 compunctione
2257 3354 2590 3423 psalmodias
2652 3355 2781 3419 Deo,
2839 3357 2934 3425 qui
2986 3363 3071 3412 est
3120 3357 3363 3412 occulto-

1786 3459 1905 3498 rum
1936 3443 2229 3515 inspector,
2256 3446 2472 3500 oﬁ‘erre.
2512 3445 2638 3515 Pios
2677 3448 2822 3501 enim
2864 3458 2920 3503 et
2964 3458 3185 3504 sanctos
3240 3449 3359 3505 fore

1786 3536 1927 3593 ﬁlios
1958 3536 2143 3602 Israel,
2177 3553 2395 3593 sacrum
2446 3537 2632 3593 docuit
2665 3540 2972 3597 oraculum.

1853 3629 1941 3686 81.
1982 3629 2254 3696 Quoniam
2324 3631 2376 3684 in
2428 3630 2710 3685 nonnullis
2763 3632 2899 3686 locis
2961 3633 3252 3690 didicimus
3306 3636 3359 3690 in
3422 3672 3433 3679 ς

1783 3723 1985 3795 hymno
2006 3738 2115 3793 quo
2145 3732 2226 3777 ter
2257 3732 2479 3777 sanctus
2505 3723 2743 3787 canitur,
2770 3732 2901 3789 etc.,
2927 3735 2983 3779 ut
3022 3742 3142 3797 pag.
3180 3726 3306 3780 447.

2049 3805 2278 3862 Concilii
2310 3805 2522 3861 Nicaani
2544 3808 2783 3874 secundi,
2817 3825 2984 3863 canon
3017 3810 3105 3865 14.

1854 3892 1978 3948 Non
2018 3902 2223 3963 oportet
2271 3896 2466 3965 absque
2521 3911 2774 3948 manuum
2804 3897 3140 3964 impositione
3194 3898 3360 3970 legere

1782 3984 1836 4037 in
1864 3984 2268 4055 congregatione
2287 4001 2445 4055 super
2474 3986 2769 4040 umbonem.

1854 4078 1939 4131 M.
1958 4076 2115 4143 Quod
2133 4078 2268 4132 ordo
2286 4078 2339 4131 in
2368 4078 2678 4133 sacerdotio
2702 4088 2975 4146 versatur,
2996 4089 3082 4136 est
3103 4084 3363 4139 omnibus

1781 4168 2136 4223 manifestum
2170 4190 2185 4225 :
2216 4178 2270 4225 et
2302 4167 2599 4225 sacerdotii
2629 4186 2858 4228 munera
2889 4185 3080 4229 exacte
3136 4189 3361 4232 servare

1780 4257 1890 4313 Deo
1917 4271 2128 4329 gratum
2164 4272 2267 4318 est.
2306 4264 2578 4331 Quoniam
2608 4282 2739 4335 ergo
2772 4267 3022 4321 videmus
3067 4269 3359 4325 nonnullos

1782 4380 1812 4418 a
1842 4365 2026 4435 pueris
2053 4367 2184 4421 cleri
2224 4377 2508 4424 tonsuram
2564 4371 2919 4441 accipientes,
2946 4373 3192 4427 nondum
3227 4389 3359 4430 vero

1779 4467 1999 4527 accepta
2030 4461 2273 4529 episcopi
2306 4476 2566 4517 manuum
2600 4465 2971 4533 impositione,
3029 4467 3082 4519 in
3130 4481 3360 4536 congre-

1778 4549 1996 4619 gatione
2059 4551 2111 4605 in
2159 4562 2417 4622 suggestu
2478 4554 2739 4624 legentes,
2770 4565 2822 4610 et
2875 4556 2927 4610 id
2954 4572 3061 4611 non
3095 4559 3358 4614 canonice

148 4619 199 4685 τῇ
225 4624 413 4690 συνάξει
443 4632 526 4684 ἐπ’
562 4633 834 4702 ἄμϐωνος,
868 4635 1422 4701 ἀκανονίστωςτοῢτο
1456 4644 1670 4696 ποιοῦν-
1698 4656 1711 4713 ]

1794 4639 2060 4703 'acieutes,
2090 4641 2195 4695 hoc
2225 4657 2252 4693 a
2278 4644 2533 4711 prmsenti
2570 4659 2780 4701 canone
2813 4646 2928 4701 ﬁeri
2980 4663 3087 4701 non
3132 4649 3358 4718 permit-

149 4722 242 4774 τις,
265 4716 613 4794 ἐπιτρέπομεν
647 4725 756 4778 ἀπὸ
793 4725 887 4779 τοῦ
932 4731 1199 4796 παρόντος
1230 4730 1389 4785 τοῦτο
1422 4733 1495 4805 μὴ
1530 4737 1676 4804 γίνε-

152 4798 272 4898 fila?
328 4810 382 4860 τὸ
430 4814 559 4867 αὐτὸ
595 4814 651 4868 δὲ
703 4818 1067 4884 φυλάττεσθαι
1103 4824 1194 4875 καὶ
1251 4824 1345 4878 ἐπὶ
1398 4798 1671 4898 μοναχῶν.

161 4887 476 4963 ’Λναγνώστου
501 4906 557 4958 δὲ
588 4908 948 4978 χειροθεσίαν,
981 4912 1133 4967 ἀδειά
1162 4915 1309 4969 ἐστιν
1339 4887 1411 4970 ἐν.
1432 4887 1677 4990 ἰδίῳ..μο-

152 4992 376 5079 νῆσῖηρίῳ
425 4998 517 5051 καὶ
577 5002 721 5073 μόνῳ
779 5003 993 5077 ἑκάστῳ
1050 5008 1337 5079 ἡγουμένῳ
1388 5014 1583 5075 ποιεῖν,
1624 5014 1671 5065 εί

151 5074 265 5147 αὐτῷ
285 5084 351 5154 τῷ
379 5089 661 5163 ἡγουμένῳ
689 5095 919 5166 ἐπετέθη
946 5074 1257 5167 χειροθεσία
1285 5074 1415 5171 παρ’
1443 5074 1667 5157 ἐπισκό-

152 5179 246 5234 που,
273 5177 391 5245 πρὸς
422 5184 707 5254 προεδρίαν
739 5188 1065 5259 ἡγουμένου,
1100 5188 1344 5262 δηλονότι
1371 5192 1524 5259 ὄντος
1561 5196 1663 5249 αὐ-

206 5374 241 5408 ³¹
265 5380 412 5446 Conc.
441 5392 609 5451 Afric.
640 5409 762 5465 cap.
794 5398 883 5454 10.
960 5398 1007 5433 ³⁸
1037 5400 1344 5457 Concilium
1376 5403 1550 5459 Alric.
1588 5419 1638 5459 c.
1673 5405 1766 5461 70.

1778 4731 1943 4786 timus
1971 4749 1984 4783 :
2013 4731 2115 4786 hoc
2134 4731 2312 4801 ipsum
2347 4744 2530 4787 autem
2567 4737 2802 4793 etiamin
2828 4741 3096 4797 monacho
3121 4742 3352 4809 servari,

1775 4823 2021 4878 Lectoris
2078 4837 2258 4879 autem
2318 4842 2579 4881 manuum
2634 4830 3040 4900 impositionem
3101 4833 3228 4889 licet
3299 4838 3354 4889 in

1776 4917 1997 4984 proprio
2056 4919 2393 4975 monasterio
2448 4930 2658 4976 tantum
2692 4922 2990 4993 unicuique
3029 4927 3355 4982 monasterii

1775 5006 2027 5075 prafecto
2082 5007 2279 5075 facere,
2346 5019 2401 5066 et
2445 5012 2547 5082 ipsi
2581 5015 2837 5085 praefecto
2894 5017 3101 5072 scilicet
3139 5019 3208 5073 ab
3244 5019 3354 5089 epi-

1776 5116 1942 5171 scopo
1964 5118 2157 5157 manus
2178 5114 2263 5159 est
2292 5104 2544 5175 imposita
2570 5107 2635 5161 ad
2656 5108 3032 5177 praefecturam
3062 5111 3349 5180 hegumeni

1776 5196 1907 5250 dum
1930 5195 2002 5251 sit
2033 5205 2088 5252 et
2118 5197 2232 5268 ipse
2270 5200 2578 5271 presbyter.
2605 5200 2869 5259 Similiter
2891 5212 2946 5258 et
2993 5218 3061 5257 ex
3123 5202 3350 5274 antiqua

1593 5576 1820 5636 ΝΟΤίΕ.

173 5667 724 5763 :'(5,9(1EtFert:andus
758 5701 878 5755 cap.
912 5689 973 5743 7|
1006 5704 1347 5763 Lexuconc.
1402 5689 1658 5763 Carthag.

245 5739 336 5832 3%;
355 5764 499 5832 conc.
526 5754 596 5809 Ca
606 5739 719 5832 rth;
722 5772 753 5832 _l
764 5739 976 5832 iITcan:
1006 5739 1658 5832 SOTVide‘Xuguﬂs-tiul‘iﬁ:

153 5812 501 5897 νιιιιηρςυείυίι.
533 5840 650 5897 cap.
681 5827 771 5894 27,
810 5812 862 5882 in
890 5830 1016 5882 alibi
1046 5812 1267 5897 passim:

210 5879 304 5949 U0)
322 5887 512 5949 (litatur
526 5879 1030 5967 ab'lunocentioiil,
1046 5879 1344 5959 iJéJéiiiea
1368 5903 1624 5960 adnotato
1643 5922 1657 5961 :

1773 5694 1899 5748 item
1931 5696 1999 5751 ab
2021 5706 2244 5752 auctore
2267 5697 2542 5767 Micrologi
2571 5713 2690 5758 can.
2715 5700 2766 5759 5.
2794 5701 2883 5754 ubi
2911 5701 3055 5755 hunc
3079 5714 3343 5755 canonem

1771 5767 2007 5834 appellat
2057 5769 2347 5837 capitulum
2400 5770 2787 5836 duodecimum,
2844 5770 2975 5841 quia
3022 5772 3076 5824 in
3137 5770 3345 5827 Milevi-

1768 5847 1897 5891 tauo
1922 5854 1983 5900 ιι,
2011 5847 2071 5892 ιιι
2097 5855 2241 5892 nunc
2270 5848 2395 5893 sunt
2422 5856 2657 5895 canones
2678 5881 2692 5900 .
2725 5841 3082 5896 duodecimus
3115 5850 3215 5895 est.

1843 5906 1952 5979 (il)
1988 5907 2090 5965 Ms,
2131 5928 2148 5962 ι
2185 5924 2308 5964 cum
2344 5911 2788 5979 prudentioribus
2828 5912 3031 5967 fuerint
3053 5910 3284 5968 collato.
3317 5932 3337 5967 ι
