3908 6296
633 390 737 457 595

1786 403 2050 463 ΡΗΟΤΙΙ
2079 399 2583 466 ΡΑΤΒΙΑΒΕΗᾸΞ
2620 409 2728 468 CP.

3740 425 3821 488 596

630 503 1026 558 consuetudine
1040 504 1459 579 chorcpiscopos
1490 509 1725 580 episcopi
1750 512 2021 580 permissu
2046 528 2203 584 opor-

2307 514 2402 568 τοῦ
2458 517 2867 589 πρεσϐυτέρουο
2915 518 3183 587 ὡσαύτως
3211 514 3319 585 ’καὶ
3366 520 3509 576 κατὰ
3552 522 3609 576 τδ
3642 524 3825 597 ἀρχαῖον

632 604 707 649 tet
730 595 968 652 lectores
1002 597 1279 654 ordinare.

705 801 864 874 135.
887 802 1041 874 CAP.
1073 802 1160 858 lll.
1184 834 1255 843 —
1275 801 1427 869 Quod
1479 805 1535 857 in
1593 804 1827 861 Sabbato
1883 804 2205 876 legi-debeat

634 892 980 965 Erangelium
1004 912 1122 951 cum
1152 895 1276 950 aliis
1301 896 1620 969 Scripturis.

984 1069 1210 1124 Concilii
1232 1068 1521 1126 Laudiceni
1551 1087 1719 1126 canon
1750 1072 1834 1127 16.

703 1161 788 1216 16.
818 1154 963 1216 υιῖιι
1003 1161 1241 1217 Sabbato
1268 1161 1622 1233 Evangelium
1651 1178 1775 1219 cum
1806 1164 1929 1220 aliis
1958 1162 2206 1236 Scriptu-

630 1253 708 1307 ris
743 1253 973 1320 legatur.

699 1343 855 1399 CAP.
893 1343 981 1404 IV.
1011 1376 1077 1387 —-
1106 1344 1182 1400 De
1205 1363 1358 1401 sacra
1384 1346 1649 1405 oblatione
1681 1358 1729 1405 et
1754 1354 2136 1413 communione.

959 1527 1331 1598 Apostolorum
1365 1544 1589 1584 canones
1624 1529 1680 1595 5,
1704 1531 1757 1597 4,
1787 1529 1878 1584 51.

702 1616 759 1674 3.
793 1617 849 1672 Si
881 1619 1009 1689 quis
1038 1620 1352 1689 episcopus,
1374 1619 1457 1675 vel
1474 1621 1759 1691 presbyter
1775 1632 1973 1690 praeter
1989 1621 2206 1693 Domini

630 1724 699 1764 oe
741 1710 1016 1765 sacrificio
1047 1710 1474 1775 ordinationem,
1507 1712 1613 1766 alia
1659 1714 1908 1783 quaedam
1941 1714 2007 1772 ad
2034 1716 2207 1773 altare

631 1802 895 1868 attulerit,
925 1803 1029 1857 mel
1064 1804 1147 1858 vel
1192 1803 1299 1870 lac,
1335 1804 1419 1858 vel
1474 1819 1573 1874 pro
1601 1805 1731 1859 vino
1788 1807 2021 1862 siceram
2050 1847 2065 1870 ,
2122 1808 2205 1863 vel

630 1893 903 1959 confecta,
939 1894 1025 1950 vel
1060 1910 1211 1959 aves,
1249 1895 1332 1950 vel
1379 1894 1560 1966 aliqua
1592 1896 1872 1961 animalia,
1911 1897 1993 1953 vel
2044 1897 2202 1967 legu-

632 1987 783 2052 mina
835 1996 1033 2058 praeter
1077 1988 1479 2044 ordinationem
1515 2030 1532 2058 ,
1585 1989 1928 2061 deponatur,
1982 2000 2209 2060 praetcr-

628 2096 791 2150 quam
824 2097 962 2137 nova
1026 2081 1319 2153 legumina,
1380 2092 1624 2153 tempore
1705 2092 2013 2153 opportuno
2070 2081 2207 2151 (42).

628 2169 708 2229 Ne
756 2172 920 2229 liceat
993 2181 1173 2228 autem
1243 2173 1448 2245 aliquid
1498 2174 1645 2230 aliud
1686 2174 1755 2229 ad
1792 2175 1962 2233 altare
1990 2173 2206 2239 offerre,

628 2282 793 2337 quam
845 2268 1025 2321 olcum
1076 2267 1144 2322 ad
1200 2268 1491 2335 luminare,
1526 2277 1580 2323 et
1623 2268 1923 2339 incensum,
1964 2277 2209 2338 tempore

628 2368 832 2413 sancta:
862 2357 1181 2414 oblationis.

700 2452 756 2506 4.
795 2451 987 2507 Omnis
1019 2462 1203 2507 autem
1242 2451 1383 2507 alius
1417 2451 1633 2510 fructus
1676 2454 1904 2511 domum
1934 2454 2204 2520 mittatur,

628 2542 885 2612 primitia:
908 2542 1168 2612 episcopo
1190 2550 1245 2596 et
1269 2542 1625 2615 presbyteris.
1657 2544 1880 2599 Clarum
1900 2554 2081 2600 autem
2100 2553 2205 2610 cst,

626 2637 775 2708 quod
805 2638 1102 2709 episcopus
1141 2646 1197 2693 et
1240 2638 1545 2710 presbyteri
1578 2638 1826 2694 diaconis
1870 2646 1924 2694 et
1979 2638 2207 2708 reliquis

627 2731 986 2788 distribuunt.

695 2910 787 2964 3|.
842 2908 899 2963 Si
956 2909 1080 2979 quis
1137 2908 1420 2980 presbyter
1485 2918 1841 2984 contempto,

625 3018 748 3072 pag.
782 3001 907 3058 585.

1015 3093 1244 3149 Concilii
1274 3094 1486 3151 Nicani
1512 3112 1681 3151 canon
1719 3096 1808 3151 18.

1923 2922 2030 2969 etc.
2059 2954 2075 2978 ,
2144 2924 2206 2970 ut

2231 1859 2279 1918 B

2309 605 2430 670 ἐθος
2455 610 2584 672 τοὺς
2631 612 3081 681 χωρεπισκὸπους
3112 612 3234 666 κατ’
3281 613 3577 687 ἐπιτροπὴν
3615 618 3698 672 τοῦ
3732 623 3826 678 tm-

2310 701 2517 754 σκόπου
2544 699 2624 754 δεῖ
2656 701 3100 773 προχειρίζεσθαι
3124 704 3501 773 ἀναγνώστας.

2380 794 2632 847 ΚΕΦΑΛ.
2656 795 2733 849 Γ’.
2762 824 2833 833 -
2859 795 3001 863 Περὶ
3026 795 3134 850 τοῦ
3160 795 3379 866 χρῆναι
3406 801 3552 853 κατὰ
3578 801 3829 860 Σάϐϐατα·

2309 883 2673 953 Εὐαηέλιον
2731 884 3251 955 ἀναγινώσκεσθαι
3276 890 3427 957 μετὰ
3472 890 3676 959 ἑτέρων
3707 896 3831 963 Γρα-

2309 989 2457 1041 φων.

2584 1063 2854 1119 Συνόδου
2892 1065 3241 1132 Λαοδικείας
3276 1065 3476 1120 κανὼν
3506 1073 3599 1132 ις’.

2382 1165 2478 1225 ις’.
2516 1158 2656 1228 Περὶ
2679 1156 2773 1211 τοῦ
2803 1157 2862 1210 ἐν
2891 1156 3154 1229 Σαϐϐάτῳ
3185 1156 3489 1228 Εὑαγγέλια
3514 1157 3647 1227 μετὰ
3670 1159 3834 1233 ἐτέρων

2308 1251 2541 1325 Γραφῶν
2566 1247 3055 1319 ἀναγινώσκεσθαι.

2378 1344 2629 1397 ΚΕΦΑΛ.
2662 1341 2736 1400 Δ’.
2773 1373 2844 1385 -
2875 1341 3015 1410 Περὶ
3067 1339 3178 1411 τῆς
3227 1341 3402 1412 ἁγίας
3446 1342 3733 1413 ἀναφορᾶς
3762 1346 3836 1400 καί

2309 1436 2644 1502 κοινωνίας.

2648 1525 3026 1583 Ἀποστόλων
3050 1523 3253 1581 κανὼν
3288 1521 3360 1593 γ’,
3389 1524 3455 1593 δ’,
3498 1522 3600 1579 λα’.

2379 1619 2450 1688 γ’.
2485 1618 2553 1672 El’
2595 1635 2679 1681 τις
2717 1618 3015 1682 ἐπίσκοπος
3062 1616 3097 1688 ἢ
3153 1616 3546 1688 πρεσϐύτερος,
3588 1617 3725 1688 παρὰ
3762 1616 3838 1689 τὴν

2307 1711 2401 1764 τοῦ
2431 1710 2638 1781 Κυρίου
2673 1709 2916 1777 διάταξιν
2961 1709 3062 1780 τὴν
3100 1711 3195 1764 ἐπὶ
3234 1711 3299 1781 τῇ
3327 1708 3506 1780 θυσίᾳ,
3542 1711 3837 1781 προσενέγκῃ

2310 1804 2474 1875 ἕτερά
2501 1819 2623 1855 τινα
2650 1800 2745 1855 ἐπ)⁸
2787 1800 2849 1854 τὸ
2883 1801 3286 1873 θυσιαστήριον,
3326 1801 3359 1871 ἢ
3410 1800 3558 1871 μέλι,
3592 1801 3624 1871 ἢ
3655 1800 3837 1872 γάλα,ἦ

2309 1895 2431 1949 ἀντὶ
2466 1892 2611 1947 οίνου
2639 1892 2834 1962 σίκερα
2863 1892 3213 1962 ἐπιτηδευτὰ,
3242 1891 3277 1961 ἤ
3313 1890 3515 1962 ὄρνεις,
3537 1893 3571 1960 ἢ
3594 1888 3701 1954 ζῶα
3726 1908 3837 1954 τινα,

2309 1988 2343 2058 ἢ
2384 1987 2587 2058 ὄσπρια
2636 1986 2791 2055 παρὰ
2842 1985 2942 2057 τὴν
2990 1983 3254 2050 διάταξιν,
3286 1982 3691 2051 καθαιρείσθω*
3731 1983 3838 2053 πλὴν

2308 2083 2443 2133 νέων
2476 2080 2672 2151 χίδρων
2709 2077 2743 2150 ἢ
2794 2077 3099 2146 σταφυλῶν,
3131 2076 3212 2148 τῷ
3251 2076 3428 2147 καιρῷ
3454 2075 3537 2146 τῷ
3568 2074 3743 2129 δέοντι.
3771 2078 3841 2144 Μὴ

2308 2175 2428 2241 ἐξὸν
2456 2173 2512 2226 δὲ
2542 2171 2680 2226 ἔστω
2712 2169 3084 2241 προσάγεσθαι
3127 2187 3181 2223 τι
3211 2168 3400 2239 ἕτερον
3440 2167 3582 2239 πρὸς
3601 2166 3659 2221 τὸ
3692 2167 3839 2220 θυσια·

2309 2266 2550 2337 στήριον,
2574 2264 2692 2317 ἀλλ’
2718 2264 2751 2333 ἦ
2791 2262 2970 2316 ἔλαιον
3001 2264 3080 2326 είς
3112 2264 3212 2333 τὴν
3240 2261 3488 2333 λυχνίαν,
3518 2262 3611 2315 καὶ
3634 2260 3841 2330 θυμίαμα

2306 2357 2383 2428 τῷ
2408 2354 2585 2425 καιρῷ
2612 2356 2710 2424 τῆς
2736 2352 2894 2421 ἁγίας
2918 2353 3255 2423 προσφορᾶς.

2376 2449 2441 2505 δ’.
2482 2448 2545 2502 Ἦ
2580 2447 2713 2518 ἄλλη
2752 2447 2903 2499 πᾶσα
2932 2442 3123 2515 ὀπώρα
3167 2446 3247 2507 είς
3272 2436 3420 2496 οἷκον
3466 2441 3842 2497 ἀποστελλέσθω

2305 2539 2637 2613 ἀπαρχὴτῷ
2673 2538 2958 2608 ἐπισκόπῳ
3000 2537 3093 2590 καί⁵
3136 2537 3251 2598 τοῖς
3292 2534 3699 2605 πρεσϐυτέροις,
3737 2532 3842 2586 ἀλλὰ

2310 2635 2385 2707 μὴ
2413 2634 2553 2707 πρὸς
2582 2632 2643 2685 τὸ
2693 2629 3097 2700 θυσιαστήριον.
3129 2626 3300 2697 Δῆλον
3327 2626 3385 2681 δὲ
3414 2627 3496 2690 ὡς
3538 2627 3566 2679 ό
3590 2624 3842 2686 ἐπίσκοπος

2305 2728 2401 2782 καὶ
2427 2728 2477 2779 ot
2530 2720 2892 2796 πρεσϐύτεροι
2937 2717 3282 2791 ἐπιμεριοῦσι
3330 2721 3442 2782 τοῖς
3487 2715 3741 2780 διακόνοις
3769 2714 3843 2768 καὶ

2304 2820 2416 2880 τοῖς
2445 2816 2654 2879 λοιποῖς
2689 2812 2992 2885 κληρικυῖς.

2374 2906 2479 2966 λα’.
2513 2908 2581 2961 El.’
2603 2925 2687 2972 τις
2721 2906 3090 2978 πρεσϐύτερος
3116 2902 3565 2974 καταφρονήσας,
3597 2918 3647 2953 κ.
3676 2916 3723 2954 τ.
3746 2897 3788 2952 λ.

2642 3104 2918 3163 Συνόδου
2944 3103 3194 3170 Νικαίας
3221 3100 3423 3157 κανὼν
3457 3108 3551 3171 ιη’.

698 3187 786 3241 18.
828 3185 1082 3242 Pervenit
1106 3187 1172 3241 ad
1200 3197 1445 3243 sanctam
1474 3189 1767 3259 synodum,
1795 3189 1941 3260 quod
1968 3190 2022 3245 in
2055 3203 2198 3245 non-

2379 3191 2681 3265 ιη’.Ἦλθεν
2711 3196 2791 3259 είς
2818 3196 2917 3266 τὴν
2948 3194 3111 3261 ἁγίαν
3135 3194 3229 3247 καὶ
3263 3192 3514 3262 μεγάλην
3544 3190 3759 3251 σύνοδον,
3781 3190 3844 3241 ὅτι

625 3280 794 3336 nullis
824 3280 960 3336 locis
1000 3287 1055 3334 et
1090 3279 1404 3336 civitatibus
1444 3281 1661 3336 diaconi
1702 3281 1835 3336 dant
1864 3283 2200 3355 presbyteris

2307 3289 2362 3342 ἔν
2398 3305 2507 3342 τισι
2528 3288 2713 3351 τόποις
2735 3286 2831 3341 καὶ
2860 3285 3046 3339 πόλεσι
3078 3287 3188 3347 τοῖς
3215 3281 3610 3355 πρεσϐυτέροις
3653 3280 3740 3349 τὴν
3763 3279 3844 3334 Εὐ-

623 3370 1050 3434 Eucharistiam,
1079 3371 1225 3441 quod
1264 3386 1365 3426 nec
1411 3386 1587 3427 canon
1640 3387 1818 3443 neque
1860 3377 2204 3432 consuetudo

628 3462 869 3524 tradidit,
903 3471 965 3516 ut
990 3463 1083 3532 qui
1112 3462 1373 3517 otl‘erendi
1401 3470 1724 3533 potestatem
1748 3478 1857 3519 non
1889 3464 2111 3531 habent,
2135 3465 2203 3521 iis

625 3553 894 3625 qui135
910 3552 1168 3618 ollerunt,
1185 3554 1315 3609 dent
1331 3569 1528 3624 corpus
1542 3555 1767 3612 Christi.
1783 3554 1903 3612 Jam
1920 3572 2051 3612 vero
2071 3558 2202 3613 illud

628 3647 794 3701 etiam
844 3647 1117 3715 cognitum
1152 3658 1255 3712 est,
1291 3650 1433 3715 quod
1458 3646 1571 3716 jam
1603 3647 1824 3717 quidam
1857 3662 1926 3701 ex
1956 3648 2203 3705 diaconis

624 3739 789 3793 etiam
819 3750 948 3793 ante
972 3740 1258 3808 episcopos
1299 3737 1704 3794 Eucharistiam
1752 3738 2044 3808 attingunt.
2075 3739 2202 3794 llaec

625 3844 756 3900 ergo
786 3829 970 3884 omnia
1005 3828 1355 3892 auferantur,
1381 3838 1434 3882 ct
1463 3827 1679 3884 diaconi
1714 3828 1857 3885 intra
1886 3845 2015 3884 suas
2049 3846 2203 3885 men-

630 3937 792 3978 suras
850 3930 1208 3992 permaneant
1251 3940 1266 3975 :
1302 3921 1541 3977 scientes
1608 3922 1754 3990 quod
1794 3930 1922 3977 sunt
1979 3923 2201 3991 quidem

625 4015 868 4086 episcopi
906 4014 1169 4079 ministri,
1202 4012 1539 4084 presbyteris
1579 4028 1709 4068 vero
1748 4013 2008 4069 minores.
2038 4013 2202 4069 Acci-

625 4109 781 4178 piant
813 4116 993 4162 autem
1026 4122 1127 4162 suo
1156 4106 1350 4161 ordine
1380 4105 1781 4162 Eucharistiam
1812 4115 1936 4175 post
1973 4106 2200 4177 presby-

624 4210 791 4265 teros,
828 4200 907 4256 eis
946 4200 1222 4269 praebente
1248 4198 1505 4269 episcopo
1532 4197 1616 4251 vel
1644 4196 1964 4267 presbytero
1988 4194 2061 4247 ⁸³.
2094 4194 2199 4250 Sed

625 4310 726 4349 nec
760 4296 813 4348 in
848 4293 1029 4348 medio
1081 4291 1302 4362 quidem
1334 4290 1778 4361 presbyterorum
1814 4289 1974 4344 liceat
2016 4288 2201 4345 diaco-

625 4385 709 4440 nis
733 4384 945 4440 sedere.
975 4384 1033 4438 Id
1064 4383 1123 4438 fit
1149 4384 1294 4438 enim
1328 4391 1525 4452 praeter
1558 4395 1821 4436 canonem
1850 4389 1904 4437 et
1926 4382 2196 4437 ordinem.

623 4476 680 4530 Si
718 4475 842 4545 quis
889 4485 1069 4530 autem
1105 4489 1215 4528 non
1246 4474 1363 4528 vult
1398 4472 1619 4529 obedire
1640 4481 1763 4543 post
1792 4472 1894 4530 has
1931 4474 2199 4530 constitu-

621 4566 824 4633 tiones,
851 4581 881 4620 a
913 4566 1208 4623 diaconatu
1241 4565 1493 4620 desistat.

989 4746 1219 4803 Concilii
1246 4746 1523 4817 Ancyrani
1571 4762 1741 4800 canon
1776 4749 1830 4801 1.

691 4840 745 4893 1.
792 4838 1172 4911 Presbyteros,
1222 4838 1317 4907 qui
1350 4838 1752 4905 sacrificarunt,
1784 4837 1979 4894 deinde
2010 4846 2199 4894 contra

618 4931 873 4986 rcluclati
911 4940 1063 4995 sunt,
1097 4946 1204 4984 non
1238 4929 1611 4985 fraudulenter
1657 4941 1712 4983 et
1757 4929 2040 4994 insidiose,
2107 4929 2201 4983 sed

618 5035 767 5083 vere,
810 5035 909 5073 nec
948 5020 1054 5073 hoc
1081 5021 1235 5088 prius
1276 5019 1571 5074 machinati
1601 5027 1750 5085 sunt,
1784 5035 1884 5073 nec
1947 5019 2201 5074 consulto

617 5125 688 5165 ac
718 5111 784 5165 de
826 5111 1094 5167 industria
1148 5111 1201 5165 id
1260 5110 1527 5175 fecerunt,
1554 5122 1609 5165 et
1662 5119 2076 5179 persuaserunt,
2144 5120 2202 5165 ut

621 5203 910 5257 tormentis
937 5203 1137 5273 subjici
1170 5203 1506 5270 viderentur,
1542 5218 1666 5258 cum
1688 5217 1752 5257 ea
1782 5202 1962 5272 specie
1994 5212 2048 5257 et
2081 5203 2199 5271 opi-

621 5291 787 5345 nione
818 5300 1024 5346 tantum
1054 5292 1388 5348 inferrentur
1425 5312 1438 5348 :
1472 5294 1649 5349 visum
1683 5301 1768 5347 est
1798 5308 1893 5347 eos
1929 5293 2202 5348 cathedrae

2227 4548 2273 4603 D

2304 3376 2590 3449 χαριστίαν
2622 3377 2672 3429 ot
2724 3375 2961 3429 διάκονοι
3012 3372 3269 3437 διδόασιν,
3304 3372 3442 3439 ὅπερ
3477 3369 3600 3424 οὔτε
3633 3372 3661 3423 ὁ
3698 3368 3845 3421 κανὼν

2305 3467 2430 3522 οὔτε
2463 3468 2497 3539 ἡ
2552 3465 2815 3537 συνήθεια
2840 3465 3148 3536 παρέδωκε,
3178 3463 3307 3526 τοὺς
3349 3462 3605 3527 ἐξουσίαν
3634 3459 3703 3530 μὴ
3727 3460 3844 3529 ἕχον·

2302 3577 2402 3623 τας
2430 3556 2785 3628 προσφέρειν,
2818 3558 2932 3619 τοῖς
2976 3554 3345 3626 προσφέρουσι
3388 3553 3593 3606 διδόναι
3629 3552 3684 3604 τὸ
3719 3550 3844 3618 σῶμα

2301 3650 2396 3704 τοῦ
2448 3648 2718 3721 Χριστοῡο
2754 3648 2976 3700 κάκεῖνο
3015 3645 3070 3698 δὲ
3103 3644 3429 3716 ἐγνωρίσθη,
3470 3646 3555 3698 ὅτι
3600 3643 3695 3713 ἤδη
3732 3641 3843 3700 τινὲς

2301 3743 2410 3796 τῶν
2439 3740 2702 3795 διακόνων
2735 3738 2830 3792 καὶ
2867 3736 2974 3807 πρὸ
3014 3737 3123 3789 τῶν
3156 3737 3475 3789 ἐπισκόπων
3524 3734 3624 3803 τῆς
3659 3732 3842 3800 εὐχαρι-

2304 3832 2456 3895 στίας
2486 3830 2768 3885 ἅπτονται.
2798 3827 2984 3881 Ταῦτα
3013 3826 3106 3881 οὖν
3141 3827 3323 3879 πάντα
3365 3824 3745 3898 περιῃρῆσθω.
3771 3821 3843 3873 καὶ

2302 3921 2689 3992 ἐμμενέτωσαν
2715 3920 2765 3971 οἱ
2796 3918 3031 3972 διάκονοι
3067 3919 3178 3980 τοῖς
3215 3917 3363 3980 ἰδίοις
3411 3916 3653 3987 μέτροις,
3682 3913 3842 3972 εἰδότες

2300 4016 2383 4069 ὃτι
2409 4012 2500 4067 τοῦ
2533 4012 2633 4082 μὲν
2661 4011 2959 4065 ἐπισκόπου
2984 4010 3252 4081 ὑπηρέται
3276 4010 3404 4074 alat,
3434 4009 3546 4061 τῶν
3567 4008 3622 4060 δὲ
3646 4004 3842 4077 πρεσϐυο

2300 4106 2473 4174 τέρων
2506 4104 2759 4166 ἐλάττους
2791 4103 3121 4172 τυγχάνουσι
3146 4118 3159 4133 ο
3188 4100 3621 4169 λαμϐανέτωσαν
3655 4097 3707 4151 δὲ
3729 4093 3841 4149 imi

2299 4196 2399 4268 τὴν
2432 4195 2585 4260 τάξιν
2610 4195 2709 4265 τὴν
2736 4193 3101 4265 Εὑχαριστίαν
3138 4192 3276 4263 μετὰ
3297 4192 3422 4254 τοὺς
3453 4189 3841 4262 πρεσϐυτέρους.

2305 4287 2473 4341 Ἀλλὰ
2530 4287 2668 4358 μηδὲ
2717 4286 2990 4356 καθῆσθαι
3046 4287 3104 4338 ἐν
3154 4285 3303 4355 μέσῳ
3331 4284 3444 4337 τῶν
3497 4281 3841 4353 πρεσϐυτέρων

2299 4378 2502 4444 ἐξέστω
2540 4383 2652 4442 τοῖς
2692 4377 2992 4440 διακόνοις·
3039 4375 3191 4446 παρὰ
3232 4375 3432 4429 κανόνα
3461 4373 3573 4444 γὰρ
3614 4372 3698 4425 καὶ
3722 4368 3845 4436 παρὰ

2299 4469 2452 4535 τάξιν
2483 4470 2601 4523 ἐστὶ
2626 4468 2688 4523 τὸ
2724 4468 3028 4539 γινόμενον.
3066 4468 3130 4520 Et
3165 4466 3223 4520 δέ
3278 4483 3362 4531 τις
3409 4465 3487 4536 μὴ
3541 4463 3679 4516 θέλει
3720 4458 3844 4512 πειθ-

2303 4562 2488 4633 αρχεῖν
2521 4562 2613 4615 καὶ
2648 4560 2788 4632 μετὰ
2823 4559 3046 4621 τούτους
3079 4560 3206 4622 τοὺς
3232 4559 3412 4632 ὅρους,
3444 4554 3737 4611 πεπαύσθω
3765 4551 3843 4618 τῆς

2301 4653 2596 4717 διακονίας.

2628 4745 2899 4801 Συνόδου
2940 4744 3231 4815 Ἀγκύρας
3259 4741 3465 4799 κανὼν
3494 4748 3565 4795 α’.

2370 4849 2439 4896 α’.
2468 4839 2881 4913 Πρεσϐυτέρους
2912 4838 3038 4900 τοὺς
3080 4836 3467 4899 ἐπιθύσαντας,
3514 4830 3632 4885 εἶτα
3664 4831 3841 4884 ἀναπα-

2299 4935 2615 4996 λαίσαντας,
2649 4932 2785 5003 μήτε
2814 4933 2879 4984 ἐκ
2920 4929 3144 4999 μεθόδου
3172 4928 3315 4990 τινὸς
3353 4926 3468 4979 ἀλλ’
3509 4924 3569 4993 ἐξ
3603 4921 3841 4993 ἀληθείας,

2302 5025 2441 5096 μήτε
2485 5019 3111 5093 προκατασκευάσαντας
3156 5018 3250 5071 καὶ
3294 5014 3740 5086 ἐπιτηδεύσαντας
3767 5006 3841 5059 καὶ

2298 5118 2617 5180 πείσαντας,
2645 5115 2733 5167 ἵνα
2778 5111 2972 5177 δόξωσι
3019 5111 3118 5181 μὲν
3160 5110 3417 5179 βασάνοις.
3456 5102 3841 5161 ὑποϐάλλεσθαι,

2296 5208 2501 5272 ταύτας
2531 5208 2589 5261 δέ
2613 5206 2690 5277 τῷ
2715 5207 2894 5259 δοκεῖν
2938 5205 3032 5258 καί⁸
3069 5202 3144 5274 τῷ
3192 5203 3430 5273 σχήματι
3474 5195 3840 5271 προσαχθῆναι,

2297 5299 2523 5363 τούτους
2551 5299 2695 5363 ἔδοξε
2718 5301 2816 5367 τῆς
2858 5297 2956 5367 μὲν
2988 5296 3152 5366 τιμῆς
3179 5296 3278 5366 τῆς
3311 5294 3449 5347 κατὰ
3478 5294 3580 5364 τὴν
3611 5288 3841 5354 καθέδραν

570 5424 576 5431 .
623 5383 846 5452 quidam
878 5386 1105 5441 honoris
1138 5401 1261 5442 esse
1292 5387 1605 5456 participes,
1643 5402 1752 5440 non
1802 5386 1967 5441 licere
2018 5394 2197 5439 autem

2307 5392 2551 5461 μετέχειν
2579 5408 2591 5422 ·
2644 5390 2978 5461 προσφέρειν
3022 5390 3079 5443 δὲ
3125 5389 3319 5451 αὐτοὺς
3356 5388 3389 5459 ἥ
3441 5382 3699 5458 ὁμιλεῖνῆ
3730 5378 3841 5437 ὅλως

698 5517 748 5550 ³³
768 5518 938 5575 Laod.
970 5519 1079 5587 20;
1114 5519 1326 5576 Valent.
1362 5521 1465 5588 58;
1499 5522 1679 5578 Gelas.
1706 5524 1760 5576 7.

2135 5703 2367 5759 NOT/E.

700 5825 808 5898 ΜΞ)
837 5824 1087 5883 Gentiani
1128 5828 1402 5897 exemplar
1433 5842 1535 5881 non
1570 5824 1757 5880 habuit
1788 5824 1821 5893 ἥ
1864 5824 2158 5894 σταφυλῆς,
2193 5823 2203 5877 i

2307 5832 2371 5889 ει,
2408 5838 2583 5877 urat».
