4012 6490
528 431 633 498 599

1681 428 1941 492 ΡΗΟΤΙΙ
1977 430 2482 493 PATRIARCILE
2512 434 2622 495 ΟΡ.

3678 438 3782 502 600

528 560 692 621 quam
717 540 989 619 primitias
1012 553 1193 602 antem
1220 560 1341 601 uvae
1361 542 1675 601 allationem
1697 543 2096 608 existimantes,

2224 549 2521 617 προσφορᾶς
2561 547 2729 618 μόνης
2760 546 3101 618 μεταδιδόναι
3126 564 3142 583 ο
3176 547 3253 614 ὡς
3301 549 3563 622 ἀπαρχὴν
3600 549 3661 605 δὲ
3689 554 3784 623 τὴν

528 641 838 696 sacerdotes
883 654 1002 694 eam
1055 654 1305 695 seorsum
1333 637 1737 700 benedicentes,
1795 634 2103 705 petentibus

528 732 816 802 impertire
844 729 913 784 ad
939 728 1215 785 fruetuum
1248 727 1452 782 datoris
1476 726 1774 797 gratiarum
1802 724 2099 790 actionem,

527 839 626 893 per
657 837 799 892 quos
833 834 1065 890 corpora
1097 828 1284 873 nostra
1344 818 1532 872 divina
1590 815 1954 884 dispositione
2002 827 2103 867 au-

530 924 727 987 gentur
754 925 807 969 et
835 914 1074 968 aluntur.
1126 910 1182 966 Si
1222 910 1346 980 quis
1396 916 1576 963 autem
1620 906 1855 962 clericus
1908 910 2106 974 praeter

531 1006 648 1061 haec
680 1006 900 1059 decreta
938 1001 1153 1068 fecerit,
1183 1001 1507 1071 deponatur.

600 1180 694 1236 32.
734 1179 1007 1247 Quoniam
1048 1177 1115 1233 ad
1151 1185 1401 1233 nostram
1442 1172 1816 1247 cognitionem
1857 1172 2106 1245 pervenit

531 1272 677 1344 quod
713 1272 767 1326 in
799 1271 1184 1325 Armeniorum
1213 1269 1439 1338 regione
1478 1267 1666 1323 vinum
1699 1274 1910 1321 tantum
1938 1265 1992 1319 in
2018 1280 2108 1319 sa-

532 1380 625 1421 cra
659 1379 849 1419 mensa
882 1363 1138 1430 offerunt,
1179 1376 1379 1432 aquam
1417 1360 1496 1415 illi
1534 1374 1645 1414 non
1686 1359 1982 1413 miscentes
2011 1356 2105 1425 qui

532 1458 885 1513 incruentum
927 1452 1257 1511 sacriﬁcium
1297 1464 1587 1525 peragunt,
1622 1453 1955 1507 adducentes
1998 1448 2107 1505 Ec-

533 1549 716 1603 clesiae
748 1549 1026 1603 doctorem
1060 1547 1327 1603 Joannem
1357 1544 1842 1615 Chrysostomum,
1877 1541 1996 1597 haec
2024 1542 2109 1595 di-

534 1652 747 1696 centem
781 1641 836 1695 in
865 1640 1314 1709 interpretatione
1342 1636 1620 1709 Evangelii
1643 1639 1945 1692 secundum
1970 1636 2107 1691 Mat-

532 1734 734 1790 thaeum
775 1753 788 1790 :
833 1732 1231 1800 «Quamobrem
1260 1746 1368 1785 non
1391 1744 1589 1800 aquam
1633 1730 1768 1785 bibit
1796 1728 1956 1799 138
1983 1744 2107 1784 cum

2205 636 2303 700 τῆς
2342 636 2623 707 σταφυλῆς
2647 637 3030 709 λογιζομένους
3062 640 3407 711 προσένεξιν,
3442 641 3635 704 ἰδικῶς
3663 643 3786 703 τοὺς

2208 728 2371 797 ἰερείς
2411 728 2789 796 εὑλογοῦντας,
2820 732 2933 794 τοῖς
2966 731 3180 786 αἰτοῦσι
3207 731 3413 802 ταύτης
3445 732 3794 802 μεταδιδόναι

2206 818 2342 887 πρὸς
2374 821 2475 891 τὴν
2498 819 2592 873 τοῦ
2630 820 2859 891 δοτῆρος
2894 822 3004 875 τῶν
3043 822 3274 893 καρπῶν
3303 824 3689 893 εὐχαριστίαν,
3726 826 3791 878 δι’

2206 903 2281 963 ὧν
2309 910 2380 963 τὰ
2412 910 2640 980 σώματα
2686 911 2845 982 ἡμῶν
2880 912 3023 967 κατὰ
3060 912 3152 966 τδν
3189 913 3335 967 θεῖον
3378 914 3523 983 ὅρον,
3557 914 3791 978 αῦξειτε

2206 1002 2302 1054 καὶ
2330 1001 2675 1072 ὲκτρέφεται.
2706 1003 2774 1057 Εἰ
2798 1022 2883 1068 τις
2908 1004 3003 1058 οῦν
3029 1004 3288 1076 κληρικὸς
3328 1005 3477 1076 παρά
3514 1005 3593 1059 τὰ
3617 1007 3794 1059 διατε-

2205 1094 2454 1163 ταγμένα
2478 1097 2629 1165 ποιῇ,
2662 1096 3055 1167 καθαιρείσθω.

2276 1190 2378 1261 λβ’.
2427 1191 2647 1267 Ἐπειδὴ
2678 1195 2760 1259 εἰς
2788 1194 2990 1263 γνῶσιν
3018 1196 3294 1267 ἡμετέραν
3322 1191 3509 1267 ἦλθεν,
3546 1193 3630 1259 ὡς
3657 1194 3715 1247 ὲν
3732 1195 3794 1265 τῇ

2220 1284 2523 1355 Ἀρμενίων
2570 1287 2725 1357 χώρᾳ
2772 1288 2915 1342 οἶνον
2970 1289 3129 1359 μόνον
3178 1290 3237 1343 ὲν
3264 1292 3328 1360 τῇ
3388 1290 3509 1360 ίερᾷ
3546 1286 3795 1359 τραπέζῃ

2207 1377 2600 1446 προσάγουσιν,
2631 1377 2773 1451 ῦδωρ
2803 1377 2952 1450 αύτῷ
2985 1379 3059 1451 μὴ
3094 1380 3404 1451 μιγνύντες,
3433 1382 3483 1433 οἰ
3508 1378 3618 1446 τὴν
3647 1378 3799 1435 ἀναί-

2211 1487 2419 1540 μακτον
2451 1470 2642 1524 θυσίαν
2680 1471 3081 1536 ἐπιτελοῦντες,
3127 1472 3509 1543 προτιθέμενοι
3562 1470 3662 1523 τὸν
3707 1468 3801 1539 τῆς

2222 1564 2547 1633 Ἐκκλησίας
2572 1563 2893 1619 διδάσκαλον
2944 1564 3199 1634 Ἰωάννην
3255 1564 3347 1617 τὸν
3374 1563 3798 1635 Χρυσρστομον,

2210 1656 2486 1727 φάσκοντα
2511 1657 2600 1712 διὰ
2624 1658 2727 1727 τῆς
2760 1660 2840 1722 εἰς
2868 1657 2931 1712 τὸ
2970 1656 3112 1712 κατὰ
3138 1656 3416 1712 Ματθαῖον
3462 1653 3802 1723 Εὑαγγέλιον

2211 1750 2509 1822 ἑρμηνείας
2537 1750 2746 1805 ταῦτα·
2784 1768 2803 1803 ι
2860 1750 3020 1815 Τίνος
3072 1750 3260 1804 ἕνεκεν
3310 1749 3409 1819 οὐχ
3450 1747 3606 1819 ὕδωρ
3657 1746 3801 1798 ἔπιεν

534 1827 794 1893 surrexit,
847 1825 943 1881 sed
985 1824 1215 1878 vinum?
1267 1842 1287 1875 ι
1344 1823 1647 1892 improbam
1691 1836 1822 1877 sane
1877 1821 2108 1876 haeresin

2224 1821 2475 1907 Ξιναστάς,
2512 1842 2627 1895 ἀλλ’
2656 1838 2834 1907 οῖνονς
2877 1842 3044 1912 άλλην
3074 1841 3289 1912 αἵρεσιν
3331 1838 3585 1910 πονηράν
3638 1837 3802 1907 πρόρι

542 1920 805 1976 radicitus
841 1918 1169 1988 exstirpatis.
1202 1915 1470 1983 Quoniam
1508 1915 1652 1969 enim
1680 1913 1929 1968 nonnulli
1966 1928 2109 1985 aqua

2224 1934 2363 2006 ριζον
2388 1886 2680 1989 άζιασπῶν·
2721 1886 2910 2005 ἐπειδὴ
2949 1886 3059 2004 γάρ
3095 1886 3240 1996 τένές
3279 1886 3506 1985 εἰσιν
3546 1932 3666 1997 τοῖς
3686 1886 3797 1998 Γμῦ-

540 2011 599 2067 ἱη
650 2011 925 2082 mysteriis
967 2010 1053 2065 usi
1092 2016 1242 2074 sunt,
1278 2007 1571 2064 ostendens
1614 2004 1763 2078 quod
1800 2015 1856 2062 et
1894 2006 2113 2076 quando

541 2103 798 2175 mysteria
817 2102 1058 2168 tradidit,
1078 2110 1131 2157 et
1148 2100 1366 2171 quando
1388 2107 1680 2170 postquam
1700 2100 2110 2166 resurrexisset,

540 2196 752 2266 absque
791 2196 1066 2266 mysteriis
1093 2195 1265 2251 solam
1315 2210 1380 2251 ac
1414 2194 1616 2250 nudam
1661 2207 1907 2249 mensam
1947 2206 2114 2261 appo-

541 2288 675 2354 suit,
702 2303 837 2343 usus
865 2297 950 2343 est
976 2287 1125 2353 vino,
1151 2302 1215 2342 ex
1249 2288 1544 2355 genimine,
1576 2287 1775 2358 inquit,
1806 2286 1961 2349 vitis;
1987 2285 2115 2339 vitis

540 2392 724 2436 autem
754 2381 968 2445 vinum,
1003 2394 1110 2435 non
1149 2394 1344 2448 aquam
1382 2388 1623 2450 generat.
1667 2379 1736 2433 Et
1772 2394 1836 2433 ex
1869 2393 1936 2433 eo
1962 2391 2117 2448 aquas

540 2475 596 2527 in
621 2487 781 2529 sacro
822 2471 1094 2529 sacriﬁcio
1136 2471 1544 2541 adjunctionem
1580 2471 1858 2526 doctorem
1888 2472 2113 2527 subver-

541 2574 656 2620 tere
685 2564 1005 2620 existimant
1037 2580 1052 2617 :
1086 2572 1147 2618 ut
1180 2577 1287 2618 non
1323 2562 1392 2617 ab
1429 2562 1535 2618 hoc
1562 2570 1804 2633 tempore
1845 2561 1899 2616 in
1928 2572 2116 2631 poste-

542 2671 665 2711 rum
697 2656 1003 2726 ignorantia
1033 2664 1343 2718 teneantur,
1374 2653 1552 2709 Patris
1579 2653 1906 2708 sententiam
1927 2653 2118 2708 ortho-

542 2751 685 2805 doxe
711 2750 1011 2819 aperimus.
1042 2749 1179 2804 Cum
1204 2748 1349 2802 enim
1376 2747 1646 2816 improha.
1682 2746 2118 2817 Hydroparasta-

543 2852 746 2908 tarum,
764 2842 869 2898 hoc
888 2851 992 2908 est,
1011 2856 1202 2895 eorum
1228 2840 1321 2909 qui
1340 2855 1538 2909 aquam
1561 2838 2117 2907 oﬁ‘erebant,antiqua

544 2942 687 2989 esset
728 2931 971 2997 haeresis,
1003 2931 1098 3000 qui
1138 2930 1258 2984 loco
1302 2929 1416 2984 vini
1461 2930 1577 2985 sola
1622 2944 1761 2999 aqua
1806 2928 1860 2982 in
1900 2927 2119 2997 proprio

545 3023 819 3079 sacriﬁcio
850 3022 933 3077 usi
965 3031 1130 3086 sunt;
1163 3020 1421 3076 refellens
1460 3021 1551 3075 hic
1580 3020 1664 3074 vir
1693 3019 1912 3073 divinus
1966 3018 2118 3073 dete-

545 3116 795 3173 stabilem
814 3115 1086 3185 ejusmodi
1125 3115 1350 3170 hieresis
1378 3113 1702 3178 doctrinam,
1744 3120 1797 3166 et
1829 3110 2122 3166 ostendens

2215 2028 2459 2101 στηρίοις
2493 2028 2649 2083 ῦδατι
2671 2026 3024 2099 κεχρημένοι,
3063 2026 3278 2089 δεικνὺς
3310 2026 3392 2079 ὅτι
3423 2024 3521 2079 καὶ
3549 2022 3715 2094 ἡνίκα
3738 2021 3801 2075 τά

2217 2122 2497 2192 μυστήρια
2548 2121 2868 2191 παρέδωκεν
2919 2118 3063 2175 οἶνον
3115 2119 3441 2189 παρέδωκε·
3496 2116 3597 2170 καὶ
3644 2116 3797 2184 ἡνίκα

2214 2213 2453 2277 ἀναστὰς
2482 2213 2653 2285 χωρὶς
2685 2213 2997 2284 μυστηρίων
3023 2212 3120 2265 καί⁸
3143 2211 3302 2282 ψιλὴν
3335 2208 3628 2281 τράπεζαν
3666 2224 3801 2276 παρα

2216 2304 2445 2369 ετίθετο,
2479 2305 2607 2375 οἴνῳ
2648 2306 2871 2376 ἐχρῆτο,
2896 2306 2961 2357 ὲκ
3000 2302 3092 2357 τοῦ
3119 2302 3483 2371 γεννήματος,
3520 2298 3681 2368 φησὶ,
3706 2296 3796 2364 τῆς

2215 2397 2463 2464 ἀμπέλου
2485 2412 2499 2427 ο
2535 2396 2780 2466 ἄμπελος
2799 2396 2856 2450 δὲ
2885 2391 3047 2460 οἶνον,
3074 2396 3171 2463 οὐχ
3198 2392 3366 2463 ὕδωρ,
3394 2391 3592 2461 γεννᾷ.
3643 2406 3663 2441 ι
3708 2386 3797 2439 Ἐκ

2216 2490 2408 2543 τούτου
2460 2489 2519 2542 δὲ
2549 2488 2642 2542 τὸν
2695 2489 3017 2544 διδάσκαλον
3061 2489 3266 2542 οἴονται
3321 2483 3661 2555 ἀνατρέπειν
3707 2478 3794 2548 τὴν

2216 2580 2313 2635 τοῦ
2342 2579 2531 2644 ὓδατος
2557 2581 2615 2635 ἐν
2641 2582 2707 2651 τῇ
2741 2581 2862 2650 ἱερᾷ
2895 2578 3058 2649 θυσίᾳ
3090 2574 3481 2648 προσαγωγὴν.
3521 2572 3603 2634 ὡς
3632 2569 3701 2624 ἃν
3728 2568 3793 2637 μὴ

2219 2674 2311 2728 καὶ
2340 2674 2449 2726 ἀπὸ
2477 2671 2572 2726 τοῦ
2604 2671 2700 2725 νῦν
2729 2671 3044 2741 κατέχοιντο
3073 2672 3141 2739 τῇ
3176 2665 3389 2736 ἀγνοίᾳ,
3423 2662 3529 2735 τὴν
3556 2658 3654 2715 τοῦ
3694 2658 3793 2711 Πα-

2216 2765 2346 2835 τρδς
2391 2765 2629 2819 διάνοιαν
2677 2762 2972 2833 ὀρθοδόξως
3019 2758 3495 2827 άποκαλύπτομεν.
3550 2753 3666 2822 Τῆς
3696 2748 3795 2818 γὰρ

2219 2858 2465 2928 πονηρᾶς
2516 2855 2628 2909 τῶν
2680 2852 3174 2925 ύδροπαραστατῶν
3231 2850 3495 2921 αἱρέσεως
3572 2841 3795 2903 παλαιᾶς

2221 2949 2595 3021 ὑπαρχούσης,
2626 2948 2675 3001 οἳ
2704 2948 2825 3000 ἀντὶ
2867 2947 3011 2999 οίνου
3050 2944 3194 3015 μόνῳ
3221 2940 3301 3011 τῷ
3349 2939 3498 2993 ὕδατι
3539 2938 3599 2989 ὲν
3631 2937 3694 3004 τῇ
3723 2934 3795 3021 οἰ-

2221 3016 2351 3113 κεία
2374 3016 2542 3110 ’θυσία
2574 3039 2889 3109 κέχρηνται,
2922 3033 3309 3097 ἀνασκευάζων
3349 3032 3377 3083 ὁ
3418 3029 3682 3098 θεοφόρος
3715 3016 3796 3075 οὗ·

2222 3149 2311 3194 τος
2339 3130 2479 3201 ἀνὴρ
2507 3130 2607 3200 τὴν
2651 3128 2969 3199 παράνομον
2996 3127 3092 3195 τῆς
3129 3123 3385 3193 τοιαύτης
3431 3120 3699 3190 αἱρέσεως
3725 3114 3795 3167 δι·

543 3209 692 3279 quod
744 3209 949 3264 directe
990 3207 1305 3277 apostolicae
1350 3205 1629 3261 traditioni
1674 3205 2016 3268 adversatur,
2066 3203 2118 3257 id

2225 3222 2417 3293 δαχὴν,
2450 3224 2544 3276 καί¹
2593 3221 2806 3284 δεικνὺς
2855 3220 2930 3281 ὼς
2984 3218 3231 3281 ἐναντίας
3283 3217 3380 3286 τῆς
3437 3206 3795 3274 ἁποστολικῆς

545 3301 694 3371 quod
731 3300 842 3371 jam
874 3301 1080 3356 dictum
1123 3309 1207 3356 est
1248 3299 1555 3353 afﬁrmavit.
1597 3295 1733 3351 Nam
1777 3305 1832 3351 et
1859 3312 1972 3351 suae
2017 3297 2117 3350 Ec-

547 3392 754 3455 clesiae,
784 3392 877 3446 ubi
914 3402 995 3446 est
1025 3391 1101 3445 illi
1141 3391 1431 3460 pastoralis
1461 3389 1867 3445 administratio
1902 3388 2122 3453 tradita,

547 3496 745 3551 aquam
768 3482 895 3536 vino
914 3483 1247 3537 miscendam
1269 3482 1509 3539 tradidit.
1533 3482 1751 3551 quando
1776 3478 2123 3534 incruentum

547 3574 735 3641 peragi
763 3574 1092 3629 sacriﬁcium
1118 3584 1352 3644 oportet,
1388 3589 1455 3628 ex
1486 3574 1731 3644 pretioso
1767 3572 1969 3627 Christi
2002 3587 2125 3625 nos-

550 3670 616 3720 tri
644 3666 1026 3735 Redemptoris
1052 3666 1219 3721 latere
1241 3682 1304 3720 ex
1334 3664 1599 3735 sanguine
1629 3676 1683 3719 et
1710 3680 1849 3733 aqua
1882 3673 2125 3718 contem-

548 3761 883 3831 perationem
930 3760 1248 3822 ostendens,
1284 3774 1404 3827 quae
1440 3759 1494 3811 in
1531 3758 1697 3812 totius
1727 3756 1918 3811 mundi
1949 3754 2125 3809 viviﬁ-

549 3853 820 3909 cationem
868 3851 1038 3907 effusa
1062 3862 1165 3914 est,
1197 3860 1253 3904 et
1296 3859 1641 3918 peccatorum
1675 3849 2123 3917 redemptionem,

548 3956 605 4002 et
656 3946 710 4000 in
758 3946 904 3999 omni
953 3946 1121 4000 etiam
1172 3943 1435 4007 Ecclesia,
1482 3942 1570 3996 ubi
1614 3941 1875 4010 spiritalia
1921 3941 2125 3995 lumina

549 4036 901 4103 refulserunt,
950 4036 1041 4091 hic
1089 4035 1225 4091 ordo
1271 4034 1534 4089 divinitus
1584 4033 1813 4087 traditus
1855 4043 2124 4087 servatur.

548 4126 690 4183 Nam
734 4136 790 4183 et
834 4127 1071 4184 Jacobus
1106 4127 1310 4182 Christi
1353 4126 1568 4180 Domini
1611 4127 1782 4181 nostri
1826 4125 2125 4181 secundum

550 4234 771 4275 carnem
792 4219 982 4288 frater,
1003 4220 1091 4276 cui
1110 4218 1617 4292 Hierosolymitanaa
1637 4218 1877 4274 ecclesiae
1896 4216 2129 4272 thronus

553 4318 790 4384 primum
853 4325 937 4369 est
987 4315 1228 4369 creditus
1281 4320 1337 4367 et
1399 4311 1635 4365 Basilius
1706 4309 2128 4365 Caesariensium

548 4407 810 4463 Ecclesiae
844 4404 1309 4474 archiepiscopus,
1360 4402 1520 4471 cujus
1564 4401 1737 4470 gloria
1771 4414 1991 4454 omnem
2023 4409 2131 4453 ter-

549 4515 737 4554 rarum
781 4497 969 4553 orbem
1015 4495 1277 4566 pervasit,
1324 4495 1556 4564 mystico
1600 4492 1759 4548 nobis
1802 4492 1859 4547 in
1910 4492 2129 4562 scriptis

2227 3316 2400 3369 ἵενται
2446 3314 2819 3386 παραδόσεως,
2859 3312 2949 3365 τὸν
2991 3310 3282 3382 εἰρημένον
3312 3303 3691 3362 κατεσκεύασε
3717 3299 3794 3351 λό-

2227 3426 2351 3479 γον·
2381 3410 2501 3461 ὲπεὶ
2518 3409 2612 3462 καὶ
2637 3411 2703 3479 τῇ
2731 3410 2850 3461 κατ’
2880 3406 3042 3459 αὑτὸν
3074 3403 3394 3474 Ἐκκλησία,
3422 3400 3555 3453 ἔνθα
3574 3398 3671 3467 τὴν
3695 3410 3796 3447 ποι-

2230 3498 2497 3570 μαντικὴν
2520 3497 2856 3569 ἐνεχειρίσθη
2876 3496 3192 3567 ἡγεμονίαν,
3222 3494 3365 3564 ὕδωρ
3390 3491 3522 3561 οϊνῳ
3556 3484 3791 3560 μιγνύναι

2229 3593 2568 3661 παρέδωκεν,
2606 3591 2767 3662 ἡνίκα
2796 3591 2893 3660 τὴν
2927 3588 3264 3659 ἀναίμακτον
3303 3586 3497 3638 θυσίαν
3545 3576 3796 3636 ἐπιτελεῖ-

2228 3685 2351 3737 σθαι
2375 3684 2606 3755 δεήσειε,
2639 3682 2738 3751 τὴν
2770 3684 2834 3734 ὲκ
2856 3682 2955 3750 τῆς
2984 3680 3171 3749 τιμίας
3205 3678 3443 3747 πλευρᾶς
3473 3673 3570 3727 τοῦ
3592 3673 3793 3737 Λυτρω-

2230 3774 2324 3829 τοῦ
2359 3775 2516 3844 ἡμῶν
2541 3774 2636 3827 καὶ
2664 3774 2920 3845 Σωτῆρος
2948 3770 3185 3842 Χριστοῦ
3208 3769 3303 3823 τοῦ
3336 3766 3470 3821 Θεοῦ
3503 3767 3563 3832 ἐξ
3584 3765 3791 3831 αἵματος

2231 3868 2326 3923 καὶ
2361 3867 2553 3931 ὓδατος
2588 3868 2787 3937 κρᾶσιν
2820 3863 3208 3935 παραδεικνῦς,
3241 3863 3363 3932 ἦτις
3427 3862 3510 3924 εἰς
3542 3852 3788 3922 ζωοποίη·

2231 3977 2317 4013 σιν
2347 3960 2547 4023 παντὸς
2572 3959 2667 4012 τοῦ
2707 3959 2915 4028 κόσμου
2947 3956 3195 4027 ὲξεχέθη,
3226 3955 3321 4008 καὶ
3355 3951 3642 4024 ἁμαρτιῶν
3665 3949 3787 3999 ἁπο-

2230 4051 2533 4122 λύτρωσιν·
2578 4051 2675 4105 καὶ
2719 4052 2862 4105 κατά
2891 4050 3069 4120 πάσης
3099 4049 3157 4102 δὲ
3205 4046 3554 4115 Ἐκκλησίας,
3598 4038 3716 4092 ἔνθα
3737 4035 3781 4087 οἱ

2230 4144 2601 4214 πνευματικοὶ
2623 4144 2912 4213 φωστῆρες
2948 4141 3279 4211 ἐξέλαμψαν,
3309 4140 3343 4210 ἡ
3366 4137 3641 4195 θεόσδοτος
3661 4128 3782 4195 αὕτη

2228 4234 2382 4301 τάξις
2411 4237 2622 4306 κρατεῖ.
2657 4236 2765 4288 Καὶ
2798 4236 2906 4305 γὰρ
2940 4235 3035 4287 καὶ
3079 4231 3355 4296 Ἰάκωϐος,
3388 4231 3417 4282 ὁ
3446 4228 3591 4282 κατὰ
3629 4226 3785 4294 σάρκα

2230 4325 2468 4396 Χριστοῦ
2493 4325 2629 4379 Θεοῦ
2655 4326 2812 4395 ἡμῶν
2845 4324 3092 4393 ἁδελφὸς,
3124 4324 3183 4387 ὃς
3220 4324 3321 4393 τῆς
3365 4311 3783 4392 Ἱεροσολυμιτῶν

2244 4416 2571 4486 Ἐκκλησίας
2626 4416 2840 4487 πρῶτος
2895 4416 2986 4469 τὸν
3044 4415 3233 4485 θρόνον
3281 4410 3651 4479 ὲνεπιστεύθη,
3698 4399 3779 4456 καὶ

2232 4508 2509 4573 Βασίλειος
2540 4512 2568 4563 ὁ
2611 4508 2714 4579 τῆς
2760 4509 3081 4580 Καισαρέων
3130 4507 3560 4578 ἀρχιεπίσκοπος
3583 4519 3597 4533 ·
3635 4492 3691 4552 οὗ
3730 4493 3781 4546 τὸ

553 4591 755 4647 tradito
786 4588 1080 4653 sacriﬁcio,
1107 4587 1182 4642 ila
1216 4585 1648 4642 consecrandum
1680 4585 1733 4638 in
1759 4585 1941 4640 divina
1964 4583 2118 4639 Missa

2233 4601 2388 4665 κλέος
2422 4602 2566 4655 κατὰ
2596 4604 2776 4655 πᾶσαν
2804 4601 2902 4673 τὴν
2928 4601 3251 4671 οἰκουμένην
3273 4600 3585 4669 διέδραμεν,
3613 4586 3783 4659 ὲγγρά·

548 4700 616 4741 ex
665 4697 805 4752 aqua
847 4688 903 4735 et
940 4679 1067 4733 vino
1093 4693 1305 4733 sacrum
1349 4675 1510 4746 139
1546 4675 1768 4730 calicem
1820 4674 2129 4729 ediderunt.

554 4777 623 4831 Et
664 4775 758 4844 qui
803 4771 1135 4842 Carthagine
1178 4776 1553 4825 convenerunt
1599 4768 1773 4823 sancti
1819 4766 2009 4823 Patres
2050 4769 2134 4823 his

551 4867 739 4925 verbis
768 4875 956 4933 aperte
987 4872 1043 4919 et
1067 4862 1292 4932 praecise
1318 4861 1648 4915 mentionem
1674 4860 1850 4915 fecere
1875 4861 1921 4892 δ’
1955 4879 1968 4915 :
2013 4878 2031 4912 ι
2066 4858 2135 4914 Ut

551 4961 606 5014 in
631 4957 836 5013 sanctis
859 4955 995 5010 nihil
1024 4954 1147 5024 plus
1171 4968 1333 5023 quam
1359 4967 1560 5022 corpus
1582 4961 1636 5007 et
1657 4952 1881 5021 sanguis
1913 4951 2129 5006 Domini

553 5049 839 5113 offeratur,
874 5055 936 5102 ut
974 5047 1091 5116 ipse
1120 5044 1386 5099 Dominus
1416 5044 1660 5109 tradidit,
1699 5043 1803 5098 hoc
1836 5051 1941 5109 est,
1970 5044 2129 5113 panis

554 5153 610 5198 et
634 5142 821 5196 vinum
854 5155 995 5208 aqua
1031 5138 1273 5195 mistum.
1306 5136 1362 5191 Si
1393 5138 1523 5207 quis
1555 5152 1685 5207 ergo
1722 5136 2011 5207 episcopus
2045 5136 2129 5191 vel

554 5235 839 5305 presbyter
886 5245 998 5285 non
1059 5229 1359 5284 secundum
1423 5228 1679 5283 traditum
1734 5230 1803 5283 ab
1865 5229 2129 5299 apostolis

553 5327 804 5384 ordinem
835 5323 986 5388 facit,
1028 5330 1084 5377 et
1112 5338 1309 5392 aquam
1351 5322 1482 5376 vino
1520 5323 1775 5389 miscens,
1813 5325 1895 5379 sic
1932 5325 2127 5378 imma-

554 5420 795 5477 culatum
819 5417 981 5474 oﬁ'ert
998 5415 1354 5480 sacriﬁcium,
1378 5415 1703 5485 deponatur,
1733 5429 1793 5471 ut
1812 5417 2126 5486 imperfecte

556 5511 879 5585 mysterium
904 5508 1221 5571 enuntians,
1239 5516 1293 5563 et
1307 5524 1429 5577 qua:
1446 5508 1637 5562 tradita
1657 5519 1784 5562 sunt
1798 5510 2083 5565 innovans.
2098 5530 2116 5563 ι

2234 4709 2349 4761 (pro;
2372 4693 2472 4763 τὴν
2509 4693 2779 4765 μυστικὴν
2815 4696 2949 4766 ἡμῖν
2991 4693 3299 4764 ἱερουργίαν
3341 4684 3777 4761 παραδεδωκότες.

2232 4782 2375 4836 οὕτω
2398 4784 2637 4839 τελειοῦν
2664 4787 2723 4839 ὲν
2768 4788 2835 4857 τῇ
2877 4786 2996 4859 θείᾳ
3044 4785 3345 4855 ἱερουργίᾳ,
3391 4784 3451 4850 ἐξ
3490 4781 3670 4839 ὓδατος
3700 4771 3777 4825 καὶ

2232 4873 2376 4927 οἴνου
2399 4876 2459 4929 τὸ
2492 4878 2633 4947 ἱερὸν
2668 4880 2926 4949 ποτήριον
2957 4877 3287 4931 ὲκδεδώκασι
3313 4892 3327 4907 ⁶
3354 4876 3447 4929 καὶ
3487 4876 3537 4927 οἱ
3570 4874 3623 4924 ὲν
3654 4868 3779 4931 Καρ·

2233 4966 2468 5038 θαγέννῃ
2531 4970 2885 5040 συναχθέντες
2935 4971 3072 5023 ὅσιοι
3130 4970 3372 5039 Πατέρες
3430 4966 3571 5019 οὕτω
3624 4954 3775 5032 ρητῶς

2234 5059 2678 5132 ἐπεμνήσθησαν,
2726 5063 2815 5118 ἵνα
2860 5064 2918 5117 ἐν
2955 5066 3067 5126 τοῖς
3099 5064 3274 5133 ἁγίοις
3311 5060 3478 5133 μηδὲν
3523 5055 3672 5111 πλέον
3694 5043 3773 5101 τοῦ

2240 5152 2494 5221 σώματος
2522 5156 2626 5221 ικαὶ
2656 5154 2750 5208 τοῦ
2774 5156 3006 5226 αἵματος
3031 5156 3126 5210 τοῦ
3146 5157 3347 5227 Κυρίου
3376 5153 3524 5218 ξένον
3551 5154 3772 5219 προσενε-

2232 5242 2414 5311 κθείη.
2446 5242 2522 5306 ὡς
2548 5245 2640 5297 καὶ
2683 5246 2844 5309 αὐτὸς
2866 5248 2895 5299 ὁ
2912 5247 3116 5316 Κύριος
3138 5244 3509 5315 παραδέδωκε,
3535 5234 3772 5293 τουτέστιν

2233 5334 2402 5404 ἄρτου
2455 5335 2548 5387 καὶ
2576 5337 2719 5390 οἴνου
2750 5337 2901 5391 ὕδατι
2934 5338 3296 5409 μεμιγμένου.
3324 5336 3391 5389 Εἴ
3420 5351 3505 5397 τις
3537 5327 3623 5386 οὖν
3668 5319 3768 5376 ἐπί-

2247 5427 2507 5497 σκοποςῆ
2539 5431 2930 5501 πρεσϐύτερος,
2974 5433 3049 5502 μὴ
3079 5432 3219 5484 κατὰ
3256 5432 3353 5501 τὴν
3411 5421 3768 5499 παραδοθεῖσαν

2242 5517 2351 5570 ύπὸ
2388 5519 2497 5571 τῶν
2524 5522 2837 5575 ἀποστόλων
2873 5524 3027 5589 τάξιν
3061 5527 3227 5586 ποιεῖ,
3250 5525 3343 5577 καὶ
3372 5522 3517 5593 ὕδωρ
3559 5516 3671 5583 οἴνῳ
3699 5522 3765 5578 μί’

552 5612 710 5678 γνὺς,
736 5608 881 5662 οὔτω
903 5604 1002 5675 τὴν
1027 5605 1295 5674 ἄχραντον
1326 5602 1591 5671 προσάγει
1621 5602 1829 5668 θυσίαν,
1860 5603 2226 5677 καθαιρείσθω
2245 5627 2259 5641 ·
2286 5610 2361 5674 ὡς
2389 5613 2593 5678 ἀτελῶς
2617 5616 2677 5669 τὸ
2715 5623 3014 5689 μυστήριον
3044 5618 3401 5688 ἐξαγγέλλων,
3434 5618 3529 5676 καὶ
3548 5608 3764 5677 καινίζων

552 5706 621 5758 τά
684 5707 1116 5779 παραδεδομένα.

620 5822 668 5853 δ’
709 5822 915 5877 Concil.
948 5822 1131 5878 Cartlt.
1173 5837 1253 5885 Ill,
1284 5836 1401 5889 cap.
1436 5818 1527 5871 24.
