3994 6404
256 392 360 458 601

1000 385 1401 447 SYNTAGMA
1424 382 1807 446 CANONUM.
1842 405 1912 416 -·
1948 381 2099 443 ΤΙΤ.
2136 382 2249 445 ΙΙΙ.
2288 383 2445 446 CAP.
2480 385 2546 458 ν,
2588 386 2719 447 VII.

3378 389 3482 450 602

333 504 433 571 νζ.
462 504 588 559 Ὅτι
614 502 676 558 οὐ
714 500 820 575 χρὴ
866 502 925 556 ἐν
956 502 1067 566 τοῖς
1105 501 1509 574 θυσιαστηρίοις
1561 500 1683 571 μέλι
1734 500 1829 553 καὶ

1997 498 2087 554 57.
2119 498 2275 566 Quod
2305 500 2374 555 ad
2389 500 2560 556 altare
2587 502 2694 558 mel
2715 510 2770 558 et
2796 502 2879 558 lac
2910 502 3103 558 ollerre
3124 517 3231 557 non
3258 514 3493 573 oportet.

264 600 404 667 γάλα
438 598 870 669 προσφέρεσθαι.

334 696 439 757 νην.
469 687 677 757 Μηδεὶς
702 686 809 739 τῶν
836 687 893 738 ἐν
924 685 1132 748 λαῖκοῖς
1154 683 1507 752 τεταγμένων
1528 680 1705 750 ἐαυτῷ
1727 679 1834 735 τῶν

266 779 429 833 θείων
467 777 779 848 μυστηρίων
829 776 1175 846 μεταδιδότω,
1212 776 1476 845 παρόντος
1512 772 1833 837 ἐπισκόπου,

266 874 300 945 ἦ
338 873 732 943 πρεσϐυτέρου,
756 869 789 941 ἢ
811 869 1081 923 διακόνου.
1127 868 1183 919 '0
1212 867 1269 919 δέ
1293 884 1346 918 τι
1369 865 1578 919 τοιοῦτο
1600 865 1834 935 τολμῶν,

264 965 342 1027 ὡς
366 964 522 1034 παρὰ
547 962 609 1015 τὸ
629 960 1048 1030 διατεταγμένον
1076 956 1267 1023 ποιῶν,
1295 956 1387 1011 ἐπὶ
1409 955 1679 1027 ἑϐδομάδα
1708 956 1836 1025 μίαν

266 1056 637 1127 ἀφοριζέσθω,
672 1052 921 1107 ἐντεῦθεν
955 1049 1465 1120 παιδαγωγούμενος
1506 1048 1582 1119 μὴ
1620 1049 1837 1117 φρονεῖν

268 1151 402 1220 παρ’
436 1149 466 1201 ὃ
488 1149 569 1201 δεῖ
598 1149 833 1218 φρονεῖν.

342 1239 453 1312 ρα’.
486 1240 654 1309 Σῶμα
682 1236 919 1309 Χριστοῦ
945 1237 1038 1289 καὶ
1070 1236 1196 1290 ναὸν
1225 1234 1316 1289 τὸν
1344 1236 1463 1288 κατ’
1492 1232 1676 1287 εἰκόνα
1705 1232 1839 1287 Θεοῦ

269 1332 563 1386 κτισθέντα
589 1330 895 1401 ἄνθρωπον,
927 1329 957 1382 δ
996 1328 1137 1391 θεῖος
1174 1325 1495 1388 Ἀπόστολος
1528 1323 1842 1396 μεγαλοφώ-

268 1442 380 1488 νως
413 1422 697 1477 ἀποκαλεῖ.
746 1421 933 1492 Πάσης
980 1415 1072 1473 οῦν
1113 1418 1379 1490 αἰσθητῆς
1404 1418 1632 1481 κτίσεως
1680 1419 1843 1488 ὑπερο

269 1517 546 1584 κείμενος,
578 1516 606 1567 ὁ
649 1510 726 1583 τῷ
756 1513 1007 1581 σωτηρίῳ
1053 1510 1214 1563 πάθει
1256 1507 1350 1561 τοῦ
1389 1508 1636 1578 οὐρανίου
1664 1507 1843 1578 τυχὼν

270 1607 610 1673 ἀξιώματος,
655 1604 847 1657 ἐσθίων
897 1604 991 1655 καὶ
1026 1602 1198 1654 πίνων
1234 1600 1490 1671 Χριστὸν,
1520 1598 1654 1669 πρὸς
1697 1599 1842 1669 ζωὴν

269 1698 367 1751 διά
428 1696 627 1758 παντὸς
682 1692 1088 1765 μεθαρμόζεται
1136 1691 1234 1763 τὴν
1291 1690 1479 1753 ἀΐδιον,
1526 1689 1702 1759 ψυχὴν
1749 1689 1842 1741 καὶ

272 1787 443 1857 σῶμα
491 1789 557 1857 τῇ
610 1787 807 1855 μετοχῇ
843 1783 943 1854 τῆς
986 1782 1135 1845 θείας
1189 1781 1545 1850 άγιαζόμενος
1579 1780 1798 1849 χάριτος
1824 1794 1838 1809 ·

1999 656 2088 712 58.
2124 655 2293 711 Nemo
2330 671 2546 721 eorum,
2583 658 2676 727 qui
2712 667 2840 712 sunt
2889 658 2944 713 in
2986 659 3181 712 ordine
3212 657 3495 721 laicornm,

1933 745 2115 799 divina
2145 746 2250 800 sibi
2290 747 2545 816 mysteria
2602 748 2879 817 impertiat
2933 758 3199 819 praesente
3244 750 3498 818 episcopo

1933 839 2017 892 vel
2049 838 2367 908 presbytero
2395 838 2480 892 vel
2522 838 2777 894 diacono.
2832 841 2932 906 Qui
2982 828 3164 895 autem
3212 840 3318 894 tale
3371 840 3498 910 quid

1935 942 2101 983 ausus
2132 929 2314 997 fuerit,
2345 939 2404 985 ut
2426 929 2621 1002 praeter
2661 948 2722 987 ea
2764 949 2885 1002 qua:
2917 942 3045 988 sunt
3080 934 3371 988 constituta
3420 932 3499 987 la-

1938 1019 2108 1085 ciens,
2137 1035 2241 1074 una
2273 1021 2577 1090 septimana
2606 1004 2957 1091 segregetur;
2997 1031 3049 1076 et
3071 1036 3136 1075 ex
3158 1036 3221 1076 eo
3242 1020 3500 1077 doceatur

1937 1125 2048 1164 non
2079 1111 2311 1181 amplius
2336 1127 2549 1181 sapere,
2582 1128 2744 1181 quam
2773 1127 2966 1181 sapere
2992 1121 3220 1183 oportet.

2008 1203 2363 1272 10LCorpus
2388 1203 2593 1258 Christi
2644 1212 2699 1258 et
2750 1204 3034 1272 templum,
3096 1204 3369 1259 hominem
3435 1203 3501 1259 ad

1938 1292 2227 1363 imaginem
2263 1291 2355 1347 Dei
2385 1303 2648 1358 creatum,
2680 1293 2897 1350 divinus
2927 1310 3123 1365 magna
3164 1309 3295 1349 voce
3318 1294 3505 1365 appel-

1940 1384 2015 1439 lat
2033 1384 2607 1454 Apostolus.‘0mnem
2651 1401 2782 1457 ergo
2836 1387 3145 1442 sensibilem
3194 1398 3501 1443 creaturam

1941 1490 2229 1544 superans,
2250 1475 2294 1530 is
2328 1476 2677 1545 quisalutari
2708 1477 2963 1548 passione
2991 1478 3265 1533 caalestem
3327 1477 3503 1546 iligni—

1942 1578 2104 1623 tatem
2136 1578 2220 1623 est
2247 1577 2551 1628 assecutus.
2585 1568 2841 1625 Christus
2869 1569 3061 1623 bibens
3086 1569 3169 1623 vel
3219 1569 3505 1623 comedens

1941 1674 2157 1718 aternae
2182 1663 2303 1716 vitae
2331 1667 2640 1731 adaptatam
2689 1662 2927 1715 animam
2973 1670 3027 1714 et
3053 1674 3251 1729 corpus
3311 1660 3507 1713 divinae

1942 1753 2127 1823 gratiae
2180 1752 2592 1822 participatione
2632 1750 3001 1805 sanctiﬁcans.
3048 1749 3226 1815 Quare
3279 1749 3327 1804 si
3380 1749 3506 1818 quis

270 1840 418 1931 ὥστε
450 1878 502 1930 εί
526 1840 1046 1945 ἑέιςιτοῦσὶίξίχρόιντου
1079 1840 1734 1942 σῶματοςμετασχείνέν
1764 1869 1841 1938 τῷ

1954 1846 2279 1900 immaculati
2327 1847 2571 1913 corporis
2610 1844 2664 1897 in
2718 1844 2941 1913 synaxis
2970 1851 3213 1911 tempore
3240 1856 3359 1896 esse
3382 1856 3511 1910 par-

269 1970 376 2037 τῆς
416 1966 685 2031 συνάξεως
738 1964 1022 2035 βουληθείη
1073 1962 1268 2032 καιρῷ,
1304 1962 1398 2015 καὶ
1444 1961 1500 2015 ἓν
1533 1960 1669 2027 πρὸς
1713 1960 1844 2012 αὐτὸ

270 2064 345 2131 τῇ
398 2059 657 2130 μετουσίᾳ
697 2058 967 2126 γενέσθαι,
1018 2055 1114 2118 τὰς
1158 2058 1343 2126 χεῖρας
1374 2053 1721 2124 σχηματίζων
1765 2053 1844 2115 είς

268 2151 450 2204 τύπον
483 2148 735 2220 σταυροῦ,
765 2148 906 2199 οῦτω
935 2146 1174 2216 προσίτω
1210 2146 1303 2197 καὶ
1331 2144 1571 2216 δεχέσθω
1610 2142 1706 2214 τὴν
1733 2161 1848 2196 κοι-

271 2240 480 2292 νωνίαν
524 2241 622 2310 τῆς
676 2241 917 2309 χάριτος.
964 2236 1102 2299 Τοὺς
1145 2235 1255 2306 γὰρ
1300 2236 1364 2287 ἐκ
1390 2233 1591 2306 χρυσοῦ
1622 2236 1654 2303 ἢ
1683 2233 1848 2303 ἄλλης

273 2327 438 2398 ὕλης,
467 2329 585 2382 ἀντὶ
609 2325 809 2397 χειρὸς,
835 2325 955 2378 τινὰ
981 2325 1159 2395 δοχεῖα
1184 2323 1689 2386 κατασκευάζοντας
1713 2323 1849 2393 πρὸς

271 2420 382 2490 τὴν
409 2418 502 2473 τοῦ
552 2418 695 2471 θείου
744 2419 917 2489 δώρου
961 2416 1247 2485 ὑποδοχὴν,
1292 2415 1386 2467 καὶ
1419 2414 1482 2468 δι’
1532 2414 1709 2467 αὐτῶν
1752 2415 1850 2483 τῆς

274 2512 554 2581 ἀχράντου
607 2511 889 2574 κοινωνίας
939 2508 1327 2578 ἀξιουμένους,
1385 2505 1635 2576 οὐδαμῶς
1684 2520 1851 2573 προσ-

281 2603 482 2673 ιέμεθα
506 2618 519 2631 °
552 2602 628 2665 ὡς
664 2600 1044 2673 προτιμῶντας
1069 2601 1166 2670 τῆς
1194 2597 1287 2650 τοῦ
1330 2595 1465 2649 Θεοῦ
1498 2596 1724 2661 εἰκόνος,
1754 2596 1852 2666 τὴν

274 2695 493 2764 ἄψυχον
520 2693 651 2764 ὓλην
668 2694 761 2746 καὶ
784 2691 1111 2762 ὑποχείριον.
1137 2691 1199 2742 El
1219 2690 1276 2743 δέ
1294 2706 1375 2753 τις
1399 2687 1509 2758 ἁλῷ
1526 2688 1627 2757 τῆς
1654 2688 1855 2759 ἀχράν-

275 2804 383 2838 του
413 2785 695 2846 κοινωνίας
737 2784 1047 2853 μεταδιδοὺς
1071 2784 1181 2845 τοῖς
1214 2780 1438 2834 τοιαῦτα
1466 2778 1650 2849 δοχεῖα
1684 2794 1854 2849 προσ-

278 2878 569 2947 φέρουσιν,
625 2873 966 2944 ἁφοριζέσθω
1002 2872 1097 2925 καὶ
1145 2872 1305 2934 αὐτὸς
1341 2872 1434 2925 καὶ
1475 2874 1503 2924 ό
1530 2871 1704 2924 ταῦτα
1730 2872 1852 2923 ἐπι-

280 2968 605 3037 φερόμενος.

363 3058 608 3109 ΚΕΦΑΛ.
647 3052 721 3109 Ε’.
738 3054 946 3121 -Πῶς
967 3053 1197 3107 διδόασι
1219 3052 1465 3122 εἰρήνην
1486 3056 1540 3108 οἱ
1556 3054 1849 3121 κληρικοί.

566 3148 834 3202 Συνόδου
868 3147 1216 3213 Λαοδικείας
1256 3146 1455 3200 κανὼν
1482 3147 1568 3201 ιθ’.

366 3238 455 3295 ιθ’.
485 3242 620 3311 Περὶ
650 3240 740 3293 τοῦ
762 3241 871 3293 δεῖν
917 3238 1024 3309 ἰδίᾳ
1057 3238 1295 3309 πρῶτον,
1342 3239 1481 3309 μετὰ
1508 3238 1604 3302 τὰς
1644 3237 1857 3309 ὁμιλίας

282 3333 403 3387 τῶν
426 3332 754 3398 ἐπισκόπων,
790 3347 846 3384 κ.
870 3348 919 3384 τ.
946 3330 995 3383 λ.

366 3425 617 3479 ΚΕΦΑΛ.
643 3422 732 3490 ς’.
763 3453 832 3463 -—-
860 3422 997 3492 Περὶ
1020 3422 1137 3475 τῶν
1169 3422 1632 3491 διακρινομένων
1655 3439 1860 3475 κοινω-

282 3516 426 3571 νεῖν
453 3516 571 3571 ἀπὸ
598 3515 999 3584 πρεσϐυτέρου
1034 3518 1457 3585 γεγαμηκότος.

616 3606 882 3661 Συνόδου
908 3605 1191 3676 Γαγιγρῶν
1223 3606 1424 3661 κανὼν
1462 3604 1525 3662 δ’.

371 3699 433 3754 δ’.
460 3702 523 3753 El’
547 3717 628 3762 τις
653 3700 978 3769 διακρίνοιτο
1024 3699 1174 3769 παρὰ
1206 3699 1575 3769 πρεσϐυτέρου
1613 3715 1863 3767 γεγαμη-

288 3794 477 3855 κότος,
515 3791 589 3860 μὴ
620 3789 815 3859 χρῆναι
842 3788 1320 3858 λειτουργήσαντος
1362 3785 1524 3839 αὐτοῦ
1552 3787 1864 3855 προσφορᾶς

293 3882 757 3954 μεταλαμϐάνειν,
790 3879 1034 3949 ἀνάθεμα
1063 3877 1217 3931 ἔστω.

373 3975 621 4028 ΚΕΦΑΛ.
652 3971 723 4027 Z'.
749 4002 821 4012 —
851 3971 989 4041 Περὶ
1032 3969 1138 4023 τοῦ
1162 3968 1371 4037 μόνοις
1408 3967 1533 4033 τοῖς
1559 3966 1867 4036 ἱερατικοῖς

292 4066 523 4131 ἐξεῖναι
560 4063 864 4118 κοινωνεῖν
906 4065 976 4116 έν
1004 4062 1082 4126 τῷ
1133 4061 1555 4127 θυσιαστηρίω,
1590 4060 1687 4113 καὶ
1737 4059 1868 4128 περὶ

292 4160 411 4214 τοῦ
446 4159 529 4229 μὴ
562 4156 812 4211 εἰσιέναι
842 4154 1093 4225 γυναῖκα
1118 4155 1204 4220 εἰς
1237 4155 1303 4207 τὸ
1346 4152 1796 4220 θυσιαστήριον.

532 4249 794 4304 Συνόδου
827 4246 1177 4311 Λαοδικείας
1210 4244 1407 4300 κανὼν
1432 4245 1517 4312 ιϐ’,
1551 4244 1652 4316 μδ’.

382 4343 468 4396 ιθ’.
503 4342 638 4412 Περὶ
671 4340 763 4392 τοῦ
793 4340 903 4393 δεῖν
949 4341 1056 4411 ἰδίᾳ
1082 4338 1316 4413 πρῶτον,
1350 4337 1490 4409 μετὰ
1530 4336 1629 4400 τὰς
1655 4334 1870 4407 ὁμιλίας

296 4436 415 4489 τῶν
447 4434 776 4500 ἐπισκόπων,
811 4451 864 4487 κ.
893 4449 946 4487 τ.
980 4432 1031 4486 λ.

1944 1946 2112 2007 ttceps
2143 1938 2386 2000 voluerit,
2417 1935 2575 2006 140
2601 1945 2655 1989 et
2676 1935 2869 1988 offerre
2891 1949 2948 1989 se
2967 1934 3033 1988 ad
3050 1933 3506 1997 communionem,

1944 2044 2139 2084 manus
2167 2029 2221 2082 in
2270 2029 2449 2082 crucis
2490 2026 2719 2081 formam
2757 2025 2997 2095 ﬁgurans
3040 2026 3120 2081 sic
3172 2026 3414 2089 accedat,
3457 2032 3513 2078 et

1946 2122 2129 2190 gratiae
2158 2118 2597 2174 communionem
2630 2119 2881 2187 accipiat.
2932 2115 3040 2170 Eos
3089 2116 3233 2169 enim
3284 2116 3376 2185 qui
3433 2131 3499 2168 ex

1947 2223 2102 2273 auro,
2127 2208 2210 2263 vel
2230 2223 2293 2260 ex
2316 2208 2416 2261 alia
2446 2207 2671 2261 materia
2695 2222 2817 2276 qua:
2836 2206 2954 2259 loco
2980 2220 3173 2259 manus
3200 2214 3514 2273 receptacu-

1948 2300 1997 2354 la
2028 2299 2265 2353 cilicium
2288 2299 2353 2352 ad
2382 2298 2549 2351 divini
2576 2298 2821 2351 muneris
2849 2296 3275 2364 susceptionem,
3301 2303 3355 2348 et
3420 2310 3515 2364 per

1949 2393 2063 2462 ipsa
2098 2391 2501 2446 immaculatam
2545 2388 2983 2445 communionem
3029 2390 3314 2458 recipiunt,
3347 2388 3515 2440 mini-

1950 2502 2038 2540 me
2060 2485 2423 2548 adntittimus,
2453 2491 2507 2536 nt
2531 2483 2622 2551 qui
2678 2481 3032 2535 inanimatam
3106 2481 3516 2549 subjectainque

1951 2578 2232 2629 materiam
2257 2576 2347 2628 Dei
2378 2573 2602 2643 imagini
2628 2570 2946 2641 praaferant.
2983 2570 3037 2623 Si
3069 2570 3192 2639 quis
3220 2578 3397 2622 autem
3422 2568 3515 2621 deo

1952 2668 2253 2737 prehensus
2283 2666 2445 2721 fuerit
2491 2664 2898 2718 immaculatam
2954 2661 3391 2717 communionem
3451 2659 3516 2713 iis

1951 2757 2288 2825 impertiens,
2347 2755 2441 2824 qui
2476 2752 2740 2822 ejusmodi
2789 2748 3122 2819 receptacula
3173 2747 3423 2809 all‘erunt,
3464 2750 3518 2796 ιιι

1951 2846 2069 2919 ipse
2089 2854 2506 2917 segregeturmet
2534 2843 2579 2897 is
2596 2844 2688 2912 qui
2720 2841 2893 2895 aﬁ‘ert.

2020 3048 2171 3106 CAP.
2205 3044 2617 3110 V.—-Quomodo
2643 3041 2820 3094 clerici
2849 3046 2899 3091 et
2932 3038 3053 3092 laici
3084 3051 3265 3105 pacem
3304 3034 3447 3088 dent.

2308 3138 2529 3193 Concilii
2558 3135 2844 3189 Laodiceni
2883 3147 3052 3185 cotton
3086 3130 3171 3185 i9.

2031 3234 2116 3287 l9.
2151 3231 2411 3301 Oportere
2435 3242 2682 3283 seorsum
2711 3227 2968 3296 primum,
2995 3232 3116 3293 post
3145 3221 3520 3291 episc0porum

1960 3341 2259 3384 sermones.
2285 3334 2415 3387 etc.,
2448 3332 2502 3374 ιιι
2540 3337 2660 3389 pag.
2688 3319 2811 3372 587.

2033 3418 2182 3473 CAP.
2217 3417 2385 3471 Vl.——
2418 3416 2489 3467 De
2523 3414 2588 3467 iis
2631 3428 2746 3481 qua:
2777 3410 3136 3477 indi/ferenter
3166 3424 3198 3460 a
3228 3404 3523 3476 presbytero

1962 3512 2240 3580 conjugato
2275 3506 2685 3560 communionem
2721 3518 2823 3555 non
2853 3500 3139 3567 accipiunt.

2314 3598 2537 3653 Concilii
2574 3595 2892 3664 Gangrensis
2920 3603 3086 3645 canon
3120 3590 3173 3644 4.

2034 3696 2087 3749 4.
2119 3693 2176 3748 Si
2207 3692 2334 3763 quis
2365 3691 2429 3745 de
2460 3689 2780 3758 presbytero
2821 3684 2915 3754 qui
2946 3696 3172 3737 uxorem
3199 3680 3373 3741 duxit,
3398 3693 3529 3733 eon-

1966 3788 2170 3851 tendat,
2199 3799 2305 3838 non
2345 3790 2594 3851 oportere
2645 3793 2710 3832 eo
2752 3789 2906 3830 sacra
2936 3771 3242 3827 celebrante
3268 3768 3527 3825 oblationi

1967 3877 2390 3937 communicare,
2422 3875 2494 3929 sit
2527 3872 2834 3926 anathema.

2035 3963 2188 4019 CAP.
2230 3962 2339 4017 Vll.
2378 3992 2443 4003 -—-
2494 3959 2646 4024 Quod
2698 3956 2897 4009 ordinis
2946 3962 3150 4006 tantum
3189 3945 3530 4004 sacerdotalis

1967 4057 2092 4110 viris
2114 4055 2499 4108 communicare
2525 4051 2680 4103 liceat
2707 4053 2761 4103 in
2807 4047 2991 4111 altari,
3025 4054 3073 4099 et
3099 4042 3233 4113 quod
3267 4041 3394 4094 illuc
3419 4054 3534 4090 mu-

1969 4149 2085 4203 lieri
2116 4148 2317 4216 ingredi
2353 4161 2452 4198 non
2478 4143 2653 4195 liceat.

2215 4237 2437 4293 Conrilii
2478 4234 2759 4288 Laodiceni
2788 4246 3009 4285 canones
3058 4228 3147 4293 I9,
3196 4225 3286 4279 44.

2046 4330 2129 4385 l9.
2165 4328 2424 4399 Oportere
2454 4341 2698 4379 seorsum
2726 4325 2980 4393 primum,
3010 4327 3132 4391 post
3153 4317 3530 4388 episcoporum

1974 4436 2274 4483 sermones,
2298 4431 2422 4483 etc.,
2460 4427 2515 4470 ut
2555 4434 2674 4486 pag.
2713 4416 2836 4470 587.

382 4528 489 4598 μδ¹.
523 4527 643 4579 Ὅτι
676 4526 734 4578 οὺ
762 4497 854 4578 ’δεῖ
885 4528 1147 4594 γυναῖκας
1178 4524 1235 4577 ἐν
1260 4521 1336 4594 τῷ
1368 4520 1731 4593 θυσιαστηρίῳ
1764 4521 1851 4573 εἰσ

2049 4513 2138 4566 44.
2171 4510 2324 4577 Quod
2357 4524 2463 4564 non
2511 4517 2724 4578 oportet
2777 4505 3058 4559 mulierem
3117 4502 3183 4556 ad
3235 4502 3406 4555 altare
3454 4497 3537 4552 in-

305 4619 589 4689 έρχεσθαι.

416 4712 461 4762 Σ
467 4709 684 4763 υνόδου
714 4704 1129 4777 οίκουμενικῆς
1160 4705 1337 4772 ἕκτης
1363 4701 1563 4759 κανὼν
1592 4703 1689 4770 ξθ’,
1707 4710 1770 4759 o'.

385 4800 481 4865 ξθ¹.
512 4800 601 4871 Μὴ
628 4800 827 4866 ἐξέστω
868 4799 974 4851 τινὶ
1002 4797 1109 4851 τῶν
1141 4796 1393 4851 ἁπάντων
1432 4799 1487 4849 ἐν
1531 4796 1740 4858 λαῖκοῖς
1788 4811 1878 4846 τε·

306 4892 514 4956 λοῦντι,
540 4891 682 4943 ἔνδον
716 4888 861 4959 ἱεροῦ
893 4889 1115 4942 εἰσιέναι
1164 4886 1573 4956 θυσιαστηρίου·
1616 4885 1879 4958 μηδαμῶς

310 4984 409 5034 ἐπὶ
434 4982 590 5034 τοῦτο
615 4982 714 5050 τῆς
741 4979 1024 5049 βασιλικῆς
1058 4978 1381 5049 είργομένης
1405 4977 1650 5042 ἐξουσίας
1673 4979 1765 5030 καὶ
1782 4979 1878 5030 αὐ-

312 5073 550 5135 θεντίας,
594 5073 754 5142 ἡνίκα
799 5070 844 5123 δ’
895 5069 960 5123 ἂν
989 5069 1271 5139 βουληθείη
1309 5068 1455 5136 δῶρα
1500 5066 1765 5138 προσάξαι
1801 5064 1879 5136 τῷ

310 5162 603 5225 πλάσαντι,
633 5161 776 5215 κατά
802 5178 924 5213 τινα
952 5159 1316 5229 ἀρχαιοτάτην
1348 5157 1665 5228 παράδοσιν.

386 5254 559 5326 οἴνΜὴ
580 5254 779 5317 ἐξέστω
794 5256 911 5316 ταῖς
934 5253 1176 5321 γυναιξὶν
1198 5254 1253 5304 ἐν
1275 5249 1449 5320 καιρῷ
1476 5250 1572 5319 τῆς
1604 5248 1752 5311 θείας
1768 5247 1880 5300 λει-

306 5368 413 5404 του
424 5349 575 5416 ργίας
591 5348 788 5410 λαλεῖν,
807 5346 941 5398 ἀλλὰ
959 5344 1098 5398 κατὰ
1114 5345 1211 5413 τὴν
1228 5342 1409 5413 φωνὴν
1432 5340 1642 5395 Παύλου
1657 5340 1748 5393 τοῦ
1762 5341 1892 5391 dmo—

315 5441 515 5495 στόλου
535 5438 897 5508 Σιγάτωσαν.
923 5438 1004 5490 Οὐ
1019 5436 1126 5504 γὰρ
1143 5434 1554 5501 ἐπιτέτραπται
1571 5430 1892 5496 αὑταῖς-λα-

312 5532 476 5598 λεῖν,
498 5533 634 5586 ἀλλ’
650 5529 1102 5593 ὑποτάττεσθαι,
1122 5526 1315 5591 καθὼς
1335 5526 1429 5580 καὶ
1453 5529 1487 5579 ό
1501 5527 1683 5594 νόμος
1707 5524 1890 5593 λέγει·

1978 4605 2149 4677 gredi.
2964 4648 2967 4652 .

2158 4698 2383 4753 Concilii
2418 4694 2714 4749 wcmnenici
2748 4691 2880 4745 sexti
2911 4703 3131 4741 canones
3160 4686 3249 4752 69,
3277 4684 3366 4738 70.

2048 4789 2137 4845 69.
2186 4789 2328 4842 Nulli
2380 4786 2622 4841 omnium
2689 4784 2868 4845 liceat,
2930 4781 3023 4851 qui
3081 4779 3298 4848 quidem
3362 4773 3432 4830 sit
3484 4773 3540 4828 in

1984 4882 2250 4936 laitzorum
2308 4894 2553 4941 numero,
2608 4873 2763 4947 14],
2803 4875 2941 4926 intra
2976 4880 3124 4941 septa
3165 4867 3303 4923 sacri
3358 4865 3543 4920 altaris

1986 4973 2216 5043 ingredi,
2244 4984 2583 5041 nequaquam
2609 4977 2786 5021 tamen
2806 4967 2874 5019 ab
2903 4979 2969 5019 eo
2991 4962 3256 5033 prohibita
3281 4966 3545 5029 potestate

1986 5074 2040 5120 et
2096 5063 2416 5119 auctoritate
2472 5057 2759 5128 nnperiali,
2825 5051 3261 5124 quandoquidem
3311 5047 3548 5102 voluerit

1986 5157 2226 5213 Creatori
2266 5154 2405 5207 dona
2436 5150 2649 5216 oil‘erre,
2667 5164 2733 5204 ex
2754 5146 3133 5215 antiquissima
3155 5139 3464 5196 traditione.

2057 5249 2142 5304 70.
2183 5246 2260 5302 Ne
2294 5247 2452 5299 liceat
2479 5242 2795 5297 mulieribus
2822 5239 2875 5292 in
2918 5236 3086 5291 divini
3125 5231 3378 5288 sacriﬁcii
3404 5239 3544 5284 tem-

1986 5356 2117 5412 pore
2148 5339 2316 5408 loqui,
2349 5338 2442 5392 sed
2476 5345 2534 5389 ut
2558 5349 2661 5389 vox
2689 5341 2774 5387 est
2804 5329 3031 5401 apostoli
3082 5326 3255 5390 Pauli,
3305 5322 3547 5385 Sileant;

1988 5449 2091 5487 non
2134 5432 2271 5484 enim
2313 5430 2387 5482 eis
2418 5427 2559 5497 loqui
2596 5424 2907 5496 permissum
2955 5428 3054 5483 est,
3098 5422 3186 5471 sed
3232 5413 3441 5483 subjici,
3473 5411 3550 5464 si-

1990 5534 2075 5577 cut
2113 5524 2247 5576 dixit
2295 5521 2375 5573 lea:
2398 5519 2467 5572 “.
2500 5517 2558 5572 Si
2588 5518 2708 5584 quid
2747 5524 2922 5566 autent
2958 5510 3134 5564 volunt
3166 5509 3380 5570 discere,
3410 5503 3549 5557 danti

323 5626 487 5693 Πρὸς
511 5624 618 5676 τὸν
660 5621 849 5690 ἄνδρα
893 5637 1009 5675 σου
1057 5620 1185 5689 γὰρ,
1229 5617 1440 5687 φησιν,
1474 5617 1513 5684 ἡ
1541 5618 1850 5684 ἁποστροφ

1994 5614 2236 5684 proprios
2268 5612 2485 5664 maritos
2514 5610 2833 5675 interrogent
2864 5604 2931 5657 “.

322 5687 476 5783 σου,
499 5714 599 5769 καὶ
633 5687 813 5780 αὑτάς
841 5728 957 5767 σου
994 5687 1314 5779 κυριεύσει.
1338 5710 1410 5763 Et
1438 5726 1492 5762 τι
1523 5708 1589 5761 δὲ
1609 5708 1819 5779 μαθεῖν
1854 5708 2157 5773 θέλουσιν,
2176 5706 2244 5760 έν
2270 5705 2411 5769 οίκῳ
2438 5700 2576 5767 τοὺς
2602 5699 2788 5764 ιδιόυς
2825 5696 3045 5765 ἄνδρας
3070 5687 3551 5760 ἐπερωτάτωσαν.

424 5813 469 5843 ⁸³
497 5811 629 5866 Gen.
662 5810 863 5877 "1,16.
958 5806 1043 5861 ⁸⁵1
1076 5805 1198 5861 Cor.
1229 5822 1336 5869 xiv,
1367 5804 1457 5873 54,
1487 5803 1574 5858 55.
