3908 6296
520 355 628 419 503

1676 359 1939 420 PHOTII
1974 358 2479 421 PATRIARCHE
2508 360 2622 422 CP.
3681 369 3769 439 601

585 467 742 523 CAP.
781 465 918 524 Vill.
951 495 1023 508 -—
1050 468 1406 535 Quandonam
1435 471 1663 540 o/ferant
1703 472 1929 543 dentque
1958 488 2106 527 com-

2284 473 2541 527 ΚΕΦᾹΛ.
2567 466 2625 526 H'
2637 515 2651 528 .
2685 501 2757 514 —
2801 473 2951 528 Πότε
2980 478 3399 547 προσφέρουσι
3432 476 3528 535 καί
3557 480 3772 543 διδόασι

519 563 818 615 munionem
848 562 1227 633 cliorepiscopi.

792 673 1024 728 Concilii
1050 674 1501 730 Neocwsariensis
1539 689 1712 727 canon
1744 674 1831 729 15.

592 782 679 834 13.
723 779 913 835 Vicani
946 794 1127 837 autem
1156 783 1478 853 presbyteri,
1514 791 1643 845 ete.,
1676 792 1731 836 ut
1756 798 1880 851 pag.
1907 779 2036 836 551.

593 874 749 929 CAP.
788 873 1225 929 lX.—Diaconus
1256 891 1419 947 neque
1448 874 1663 945 offerat,
1699 890 1863 945 neque
1897 873 2115 943 presby-

528 975 639 1020 tero
674 966 761 1020 det
794 966 1235 1021 communionem.

926 1061 1147 1117 Concilt't'
1181 1061 1391 1118 Nicaznt'
1421 1080 1594 1118 canon
1639 1063 1724 1121 18.

590 1157 686 1211 18.
713 1155 965 1211 Pervenit
991 1156 1057 1209 ad
1087 1166 1330 1211 sanctam
1355 1158 1571 1228 synod.,
1595 1168 1726 1221 etc.,
1758 1167 1816 1213 ut
1842 1175 1964 1231 pag.
1983 1158 2112 1216 595.

602 1246 759 1319 142
789 1246 943 1303 CAP.
974 1247 1042 1301 Χ.
1067 1278 1139 1289 --
1166 1248 1242 1302 De
1273 1250 1462 1303 vestitu
1519 1260 1568 1304 et
1617 1251 1783 1320 officia
1830 1250 2110 1317 lectorum,

2217 564 2544 617 κοινωνίαν
2570 566 2626 618 οί
2651 563 3113 632 χωρεπίσκοποι.

2453 676 2723 731 Συνόδου
2752 679 3222 748 Νεοκαισαρείας
3254 683 3455 739 κανὼν
3482 692 3573 754 ιγ’.

2287 787 2379 857 ιγ’.
2422 789 2736 861 Ἐπιχώριοι
2766 791 3148 863 πρεσϐύτεροι,
3183 813 3239 849 κ.
3263 813 3317 850 τ.
3341 798 3394 853 λ.

2290 881 2541 935 ΚΕΦΛΛ.
2573 881 2649 934 Θ¹.
2676 909 2749 921 -
2769 882 2909 950 Περὶ
2944 884 3051 938 τοῦ
3086 885 3172 954 μὴ
3206 890 3574 959 προσφέρειν
3606 894 3781 951 διάκο-

2217 990 2350 1037 νον,
2372 971 2526 1044 μήτε
2548 971 2777 1026 διδόναι
2799 976 3182 1043 πρεσϐυτέρῳ
3216 984 3557 1037 κοινωνίαν.

2560 1064 2833 1118 Συνόδου
2862 1066 3117 1133 Νικαίας
3143 1070 3347 1124 κανὼν
3378 1077 3469 1141 ιη’.

2283 1161 2371 1227 ιη’.
2389 1150 2593 1208 *Ηλθεν
2608 1156 2688 1219 είς
2708 1154 2805 1226 τὴν
2817 1156 2977 1225 άγίαν
2988 1159 3085 1213 καὶ
3106 1160 3349 1232 μεγάλην
3372 1162 3608 1229 σύνοδον,
3623 1167 3781 1223 κ.τ.)..

2288 1250 2542 1303 ΚΕΦΑΛ.
2577 1247 2640 1303 l'.
2680 1281 2752 1291 ——
2780 1250 2919 1318 Περὶ
2977 1254 3269 1322 φορεσίας
3319 1256 3419 1308 καί
3478 1257 3788 1327 ὑπουργίας

529 1342 829 1409 ρεαίιαιιιιηι
854 1350 903 1394 et
930 1342 1337 1408 ministrorum;
1366 1351 1416 1397 et
1445 1344 1585 1413 quod
1608 1344 1849 1398 minister
1874 1359 1965 1398 nec
1987 1344 2115 1414 pani

2256 1341 2648 1411 ,rarrwatt'fw,
2688 1342 2957 1410 ψαλτῶν,
2988 1344 3090 1398 καί
3124 1346 3458 1415 ὑπηρετῶν,
3494 1349 3590 1402 καὶ
3616 1350 3699 1404 ὅτι
3725 1355 3787 1407 οὐ

533 1452 623 1489 nec
654 1435 808 1488 calici
836 1435 1136 1488 benedicere
1163 1443 1342 1504 queat.

602 1527 829 1583 Concilii
866 1526 1153 1581 Laodiceni
1186 1543 1413 1581 canones
1440 1526 1531 1593 ει,
1564 1525 1658 1592 22,
1703 1528 1797 1595 «ιδ,
1828 1529 1922 1593 25,
1952 1529 2042 1586 45.

601 1619 691 1672 21.
725 1620 881 1685 Quod
916 1635 1023 1673 non
1052 1627 1266 1685 oportet
1303 1619 1586 1682 ministros
1615 1619 1796 1675 locum
1831 1621 2033 1677 habere
2063 1624 2117 1678 in

535 1712 785 1767 diaconis
820 1721 874 1766 et
903 1728 1058 1766 sacra
1096 1727 1227 1775 vasa
1256 1721 1497 1777 tangere.

2216 1434 2313 1488 δεῖ
2328 1432 2637 1502 ὑπηρέτην
2665 1432 2847 1502 ἄρτον
2877 1433 3107 1489 διδόναι
3129 1436 3168 1504 ἢ
3200 1436 3490 1506 ποτήριον
3511 1440 3789 1509 εὐλογεῖν.

2216 1524 2487 1579 Συνόδου
2518 1523 2867 1589 Λαοδικείας
2897 1526 3099 1578 κανὼν
3127 1534 3233 1592 κα’,
3274 1527 3381 1598 κβ’,
3418 1527 3528 1595 κγ’,
3563 1529 3658 1597 κε’,
3692 1539 3787 1600 μγ’.

2279 1615 2387 1672 κα’.
2448 1618 2575 1669 Ὀτι
2614 1616 2677 1669 οὐ
2714 1616 2797 1669 δεῖ
2829 1618 3108 1689 ὑπηρέτας
3139 1618 3285 1690 ἔχειν
3315 1623 3373 1674 ἐν
3400 1621 3480 1692 τῷ
3494 1622 3792 1693 διακονικῷ,

2219 1710 2314 1767 καὶ
2352 1707 2621 1765 ἅπτεσθαι
2654 1709 3004 1764 Δεσποτικῶν
3033 1711 3267 1766 σκευῶν.

606 1805 697 1858 22.
728 1804 884 1871 Quod
918 1821 1025 1858 non
1062 1813 1274 1874 Oportet
1303 1804 1615 1859 ministrum
1646 1802 1792 1861 ferre
1816 1805 2117 1875 horarium,

2291 1799 2527 1871 κβ’.”οτι
2553 1800 2615 1854 οὐ
2654 1801 2735 1854 δεῖ
2760 1801 3041 1873 ὑπηρέτην
3074 1803 3311 1876 ὡράριον
3339 1808 3553 1877 φορεῖν,
3568 1806 3683 1860 οὐδὲ
3708 1807 3795 1871 τὰς

544 1910 725 1963 neque
764 1893 910 1949 fores
938 1894 1271 1965 relinquere.

610 1990 703 2044 23.
734 1989 891 2056 Quod
925 2006 1032 2045 non
1060 1996 1276 2059 oportet
1304 1989 1538 2047 lectores
1579 1990 1664 2047 vel
1697 2000 1954 2049 cantores
1979 1991 2125 2049 ferre

541 2079 819 2133 horarium
842 2087 899 2133 et
916 2078 997 2133 sic
1026 2078 1203 2148 legere
1224 2076 1309 2130 vel
1333 2092 1553 2133 canere.

607 2169 701 2222 25.
734 2167 889 2234 Quod
923 2184 1030 2222 non
1061 2176 1277 2237 oportet
1306 2168 1590 2225 ministros
1618 2185 1815 2241 panem
1845 2172 1999 2240 dare,
2040 2172 2127 2228 vel

540 2260 766 2314 calicem
805 2260 1149 2314 benedicere.

616 2353 705 2406 4'5.
737 2352 892 2418 Quod
928 2368 1033 2406 non
1070 2360 1288 2421 oportet
1319 2353 1603 2411 ministros
1644 2356 1728 2410 vel
1782 2355 1931 2411 brevi
1986 2365 2128 2412 tent-

541 2460 675 2515 pore
702 2444 846 2499 fores
872 2445 1180 2514 relinquere
1208 2459 1260 2500 et
1285 2448 1523 2502 orationi
1558 2464 1773 2503 vacare.

836 2537 1064 2593 Concilit’
1104 2539 1409 2592 mcumem’ci
1453 2556 1505 2595 vr
1543 2557 1712 2594 canon
1738 2540 1831 2595 27.

603 2631 703 2687 27.
736 2630 933 2687 Nullus
965 2647 1154 2687 eorum
1185 2673 1200 2697 ,
1231 2634 1323 2701 qui
1362 2634 1415 2687 in
1448 2632 1578 2687 cieri
1614 2634 1921 2704 catalogum
1974 2634 2129 2689 relati

2227 1895 2397 1965 θύρας
2427 1893 2954 1963 ἐγκαταλιμπάνειν.

2297 1984 2403 2054 κγ’.
2426 1986 2550 2038 Ὅτι
2574 1986 2635 2038 οὐ
2659 1985 2740 2038 δεῖ
2765 1986 3121 2054 ἀναγνώστας
3141 1988 3173 2059 ἢ
3197 1988 3417 2057 ίψάλτας
3445 1989 3682 2062 ώράριον
3710 2008 3795 2059 φο-

2227 2081 2365 2151 ρεῖν,
2400 2080 2496 2133 καὶ¹
2525 2078 2699 2142 οὕτως
2726 2078 3119 2147 ἀναγινώσκειν
3150 2081 3183 2148 ἢ
3212 2082 3459 2152 ψάλλειν.

2298 2169 2401 2227 κε’.
2444 2173 2569 2225 Ὀτι
2598 2171 2658 2224 οὐ
2693 2171 2775 2225 δεῖ
2795 2172 3080 2244 ὑπηρέτας
3109 2174 3273 2245 ἄρτον
3299 2176 3527 2241 διδόναι,
3554 2175 3673 2230 οὐδὲ
3705 2193 3787 2231 πο-

2228 2265 2415 2337 τήριον
2443 2263 2706 2332 εὐλογεῖν.

2305 2352 2417 2428 μγ’.
2459 2355 2583 2409 Ὀτι
2613 2355 2674 2408 οὐ
2719 2354 2801 2408 δεῖ
2833 2354 3137 2425 ὑπηρέτας,
3169 2356 3273 2410 κᾶν
3302 2356 3503 2429 βραχὺ,
3527 2358 3628 2423 τὰς
3650 2357 3799 2431 θύρας

2232 2445 2675 2519 ἐγκαταλείπειν,
2709 2447 2804 2499 καὶ
2834 2448 2901 2517 τῇ
2932 2447 3065 2518 εὐχῇ
3095 2447 3398 2517 σχολάζειν.

2374 2539 2647 2595 Συνόδου
2678 2538 3101 2610 οίκουμενικῆς
3122 2539 3305 2608 ἕκτης
3329 2542 3536 2595 κανὼν
3572 2543 3673 2607 κζ’.

2302 2626 2402 2695 κζ’.
2422 2629 2626 2699 Μηδεὶς
2643 2627 2751 2681 τῶν
2773 2630 2831 2680 ἐν
2854 2628 3043 2699 κλήρῳ
3063 2628 3536 2700 καταλεγομένων,
3555 2633 3797 2685 ἀνοίκειον

544 2733 695 2790 sunt,
726 2734 930 2777 veStem
962 2723 1067 2777 sibi
1106 2738 1216 2778 non
1247 2726 1667 2779 convenientem
1703 2725 1915 2788 induat,
1955 2742 2132 2797 neque

2256 2720 2437 2790 ,σθῆτα
2481 2717 2891 2789 ἀμφιεννύσθω,
2956 2718 3095 2789 μήτε
3141 2719 3200 2772 ἐν
3230 2719 3385 2773 πόλει
3419 2721 3646 2789 διάγων,
3680 2726 3796 2793 μήτε

548 2820 601 2870 in
626 2816 846 2869 ciﬁtate
874 2815 1099 2885 degens,
1139 2832 1314 2885 neque
1340 2816 1445 2870 iter
1475 2817 1791 2891 ingrediens
1824 2837 1838 2873 :
1872 2819 1969 2874 sed
2007 2830 2131 2874 uta-

543 2917 637 2962 tur
669 2908 935 2973 vestibus,
980 2924 1101 2977 qua:
1133 2909 1223 2973 iis,
1264 2909 1358 2979 qui
1415 2910 1469 2964 in
1509 2911 1717 2964 clerum
1779 2910 1932 2965 relati
1980 2921 2129 2976 sunt,

2234 2810 2291 2862 ἐν
2316 2808 2419 2880 ὁδῷ
2472 2807 2703 2877 βαδίζων
2732 2823 2747 2837 ⁸
2796 2806 2934 2861 ἀλλὰ
2975 2808 3193 2872 στολαῖς
3245 2812 3536 2881 κεχρήσθω
3567 2816 3684 2876 ταῖς
3711 2815 3796 2883 ήδη

2230 2903 2344 2965 τοῖς
2377 2902 2436 2953 ἐν
2479 2902 2665 2970 κλήρῳ
2715 2900 3176 2971 καταλεγομένοις
3224 2903 3687 2975 άπονεμηθείσαις
3715 2920 3729 2934 ⁶
3758 2907 3798 2958 εἰ

546 2999 823 3053 attributae
848 2999 1019 3054 fuere.
1048 3000 1103 3053 Si
1130 3001 1256 3070 quis
1281 3010 1467 3056 autem
1498 3001 1605 3057 tale
1627 3001 1760 3071 quid
1783 3000 1998 3070 fecerit,
2022 3020 2127 3058 una

2256 2994 2289 3047 ςέ
2334 3010 2420 3048 τις
2449 2989 2804 3063 διαπράξοιτό
2829 3008 2883 3045 τι
2929 2991 3196 3060 τοιοῦτον,
3234 2995 3327 3047 ἐπὶ
3358 2996 3637 3066 ἑϐδομάδα
3686 2996 3799 3066 μίαν

548 3087 855 3158 septimana
888 3098 1221 3157 segregctur.

905 3177 1134 3233 Concilii
1170 3178 1384 3234 Nicwni
1411 3198 1447 3235 ll
1489 3198 1659 3237 canon
1690 3183 1773 3237 16.

623 3265 777 3330 Quod
806 3268 884 3319 vir
910 3266 1299 3321 ecclesiasticus
1335 3280 1499 3323 vestes
1532 3272 1793 3339 pretiosas
1840 3286 1942 3325 non
1980 3271 2130 3328 debet

549 3350 786 3403 induere.

626 3441 715 3495 16.
752 3440 942 3495 Omnis
972 3440 1135 3495 luxus
1170 3451 1221 3497 et
1258 3452 1487 3497 ornatus
1519 3458 1819 3514 corporeus
1848 3454 1932 3501 est
1980 3461 2010 3500 a
2043 3462 2134 3502 sa-

552 3534 815 3588 cerdotali
868 3542 1014 3587 statu
1070 3534 1303 3589 alienus.
1360 3534 1661 3606 Episcopos
1681 3552 1813 3606 ergo
1859 3539 1943 3592 vel
1970 3539 2134 3595 cleri-

553 3640 674 3689 eos,
699 3624 793 3694 qui
817 3640 876 3679 se
916 3625 1218 3694 splendidis
1251 3636 1305 3680 et
1336 3627 1640 3697 insignibus
1694 3631 1939 3686 vestibus
1976 3647 2138 3685 exor-

558 3728 708 3783 nant,
762 3732 821 3772 se
868 3718 1141 3787 corrigere
1187 3729 1403 3787 Oportet
1458 3737 1470 3772 :
1524 3721 1773 3776 similiter
1805 3734 1859 3777 et
1920 3737 2016 3777 eos
2042 3725 2137 3793 qui

556 3819 686 3864 sunt
713 3810 1004 3879 unguentis
1034 3811 1188 3882 143
1212 3812 1462 3866 delibuti.
1498 3813 1771 3880 Quoniam
1823 3823 2007 3871 autem
2044 3832 2137 3870 ra-

555 3904 646 3957 dix
679 3904 991 3959 acerbitatis
1019 3920 1240 3958 sursum
1273 3905 1572 3973 pullulans,
1600 3906 1701 3959 luit
1728 3915 1929 3962 nostrae
1952 3907 2139 3963 Eccle-

558 3996 654 4050 site
685 3996 1180 4063 inquinamentum,
1222 3994 1568 4051 Christianos
1620 3998 1829 4053 scilicet
1870 4016 2141 4057 accusan-

558 4088 695 4141 tium
762 4088 1009 4155 haeresis,
1046 4098 1119 4145 .et
1177 4089 1273 4157 qui
1323 4104 1387 4143 ea
1413 4099 1774 4159 susceperunt
1816 4106 1923 4145 non
1960 4093 2137 4147 solum

560 4179 859 4250 imaginum
892 4180 1135 4249 picturas
1163 4181 1402 4235 aversati
1432 4191 1580 4246 sunt,
1610 4183 1705 4237 sed
1728 4199 1947 4238 omnem
1976 4186 2139 4241 etiam

559 4270 814 4340 pietatem
857 4286 921 4324 ac
952 4271 1267 4342 religionem
1296 4281 1673 4338 extruserunt,
1707 4276 1758 4329 in
1795 4290 1892 4330 eos
1928 4280 2022 4345 qui
2051 4278 2141 4348 pie

558 4372 612 4416 et
655 4363 885 4417 honeste
940 4364 1131 4418 vivunt
1165 4366 1521 4433 invehentes;
1557 4377 1611 4421 et
1654 4367 1707 4422 in
1739 4369 1820 4424 eis
1856 4370 2139 4439 impletum

560 4453 667 4509 fuit
713 4456 859 4524 quod
906 4457 1172 4525 scriptum
1227 4467 1354 4512 est:
1389 4457 1699 4513 Exseciatio
1750 4464 2012 4531 pet-calori
2042 4462 2142 4516 Dei

2232 3083 2594 3154 ἀφοριξέσθω.

2365 3169 2635 3225 Συνόδου
2665 3171 2914 3239 Νικαίας
2938 3172 3004 3225 τὸ
3037 3172 3337 3241 δεύτερον,
3369 3174 3574 3229 κανὼν
3597 3182 3689 3240 ις’.

2312 3261 2443 3314 Ὀτι
2478 3262 2550 3314 οὐ
2591 3261 2687 3315 δεῖ
2713 3264 3008 3331 ἱερατικὸν
3035 3263 3225 3333 ἄνδρα
3259 3266 3457 3334 ἱμάτια
3503 3266 3790 3336 πολυτελῆ

2233 3350 2698 3421 ἀμφιέννυσθαι.

2309 3443 2404 3509 ις’.
2435 3446 2592 3498 Πᾶσα
2629 3444 2853 3515 βλακεία
2882 3448 2976 3500 καὶ
3008 3449 3277 3519 κόσμησις
3326 3452 3637 3522 σωματικὴ.
3663 3453 3799 3505 ἀλλό-

2236 3538 2365 3608 τριά
2390 3539 2495 3590 είσι
2530 3539 2629 3607 τῆς
2659 3537 2940 3609 ἱερατικῆς
2966 3542 3349 3604 καταστάσεως
3384 3560 3445 3595 τε
3477 3545 3573 3596 καὶ
3595 3544 3799 3608 τάξεως.

2237 3628 2377 3691 Τοὺς
2406 3626 2497 3679 οῦν
2526 3628 2749 3692 ἑαυτοὺς
2804 3629 3145 3697 κοσμοῦντας
3188 3632 3523 3697 ἐπισκόπους
3567 3634 3600 3705 ἢ
3629 3636 3798 3704 κληρι-

2238 3720 2387 3783 κοὺς,
2412 3717 2479 3771 δι’
2511 3719 2754 3788 ἐσθήτων
2782 3719 3051 3791 λαμπρων
3089 3722 3184 3773 καὶ
3224 3725 3567 3791 περιφανῶν,
3600 3726 3799 3787 τούτους

2237 3808 2578 3881 διορθοῦσθαι
2607 3811 2712 3880 χρή
2740 3826 2753 3841 ·
2782 3813 2830 3864 εί
2876 3811 2933 3863 δὲ
2975 3812 3309 3882 ἐπιμένοιεν,
3336 3814 3603 3886 ἐπιτιμίῳ
3640 3834 3800 3887 παρα-

2237 3902 2475 3956 δίδοσθαι
2510 3919 2526 3935 ·
2556 3900 2821 3966 ὡσαύτως
2853 3902 2949 3957 καὶ
2979 3905 3105 3966 τοὺς
3155 3906 3223 3958 τὰ
3285 3906 3434 3977 μύρα
3478 3911 3797 3979 χρωμένους.

2252 3994 2470 4064 Ἐπειδὴ
2498 3992 2554 4046 δέ
2603 3993 2728 4065 ῥίζα
2788 3994 3014 4063 πικρίας
3049 3996 3161 4049 ἄνω
3196 3996 3427 4064 φύουσα,
3486 4000 3696 4070 μίασμα
3724 4001 3800 4067 τέ-

2240 4103 2363 4155 γονε
2393 4087 2458 4156 τῇ
2494 4085 2758 4155 καθολικῇ
2790 4086 3106 4156 Ἐκκλησίᾳ,
3144 4090 3177 4158 ή
3223 4089 3331 4140 τῶν
3390 4090 3801 4161 Χριστιανοκατ-

2239 4178 2460 4249 ηγόρων
2498 4176 2734 4247 αἵρεσις,
2767 4180 2861 4231 καὶ
2892 4179 2941 4231 οἱ
2973 4179 3175 4250 ταύτην
3228 4179 3512 4251 δεξάμενοι
3565 4184 3624 4235 οὐ
3662 4184 3801 4255 μόνον

2241 4270 2341 4333 τὰς
2400 4269 2676 4331 είκονικὰς
2703 4268 3195 4341 ἀναζωγραφήσεις
3249 4273 3625 4340 ὲϐδελύξαντο,
3682 4274 3801 4328 ἀλλὰ

2244 4360 2340 4413 καὶ
2376 4362 2557 4414 πᾶσαν
2609 4359 2900 4431 εὐλάϐειαν
2954 4360 3265 4425 ἀπώσαντο,
3318 4365 3431 4426 τοῖς
3476 4364 3680 4433 σεμνῶς
3722 4363 3800 4416 καὶ

2244 4452 2484 4515 εὐσεϐῶς
2536 4451 2713 4522 βιοῦσι
2769 4451 3220 4523 προσοχθίζοντες
3255 4470 3271 4486 ο
3309 4456 3406 4508 καὶ
3466 4456 3800 4526 πεπλήρωται

558 4545 774 4599 cultura
811 4547 879 4601 ⁸⁸.
932 4547 987 4601 Si
1040 4548 1243 4603 inventi
1296 4550 1480 4620 itaque
1519 4550 1728 4605 iuerint
1767 4554 2015 4608 nonnulli
2045 4570 2133 4611 eos

2256 4545 2334 4596 ἐπ’
2360 4544 2544 4607 αὐτοῖς
2570 4544 2633 4595 τὸ
2652 4544 3062 4613 γεγραμμένον,
3128 4544 3448 4616 Βδέλυγμα
3493 4546 3795 4617 ἀμαρτωλῴ

561 4639 874 4702 irridentes,
906 4642 1000 4711 qui
1042 4643 1203 4696 vilem
1234 4652 1289 4696 et
1327 4645 1631 4699 modestum
1663 4646 1925 4700 amictum
1966 4647 2141 4703 induti

562 4740 713 4794 sunt,
783 4747 945 4801 paena
1009 4734 1375 4805 corrigantur.
1432 4736 1472 4787 A
1548 4737 1925 4806 superioribus
1991 4740 2137 4795 enim

561 4838 737 4892 usque
762 4826 1101 4895 temporibus
1147 4828 1328 4882 omnis
1351 4829 1432 4882 vir
1463 4830 1823 4885 sacerdotalis
1854 4845 1978 4885 cum
2026 4848 2142 4887 mo-

559 4916 752 4970 derato
776 4926 830 4971 et
856 4916 1086 4972 honesto
1110 4918 1431 4975 indumento
1486 4923 1831 4977 versabatur.
1860 4923 2140 4993 Quidquid

558 5009 707 5064 enim
754 5024 862 5062 non
906 5020 1126 5079 propter
1173 5026 1357 5076 usum,
1401 5014 1498 5067 sed
1522 5014 1941 5067 ostentatorium
1976 5029 2141 5068 orna-

512 5149 525 5155 -
561 5109 679 5152 tum
699 5101 1018 5165 assumitur,
1042 5100 1094 5154 in
1114 5103 1369 5172 nequitia:
1386 5104 1862 5172 reprehensionem
1886 5105 2137 5171 incurrit,

564 5199 624 5243 ut
654 5190 729 5243 ait
756 5207 985 5261 magnus
1008 5190 1262 5249 Basilius.
1298 5191 1402 5248 Sed
1436 5210 1537 5250 nec
1568 5211 1631 5250 ex
1658 5197 1878 5252 sericeis
1902 5197 2137 5252 texturis

571 5282 838 5338 variatum
877 5284 1001 5354 quis
1025 5287 1413 5341 vestimentum
1450 5288 1704 5355 habebat,
1734 5306 1911 5359 neque
1969 5291 2025 5345 in
2049 5306 2146 5345 ex-

566 5374 760 5429 tremis
793 5376 1135 5433 vestimentis
1169 5379 1377 5448 adjecta
1408 5388 1565 5434 erant
1605 5382 1765 5436 alieni
1796 5382 1997 5437 coloris
2043 5382 2142 5436 ad-

566 5472 892 5520 uttanrenta.
924 5466 999 5520 Ex
1036 5468 1218 5522 divina
1248 5470 1393 5524 enim
1434 5471 1616 5541 lingua
1659 5472 1972 5539 audierunt,
2000 5472 2145 5544 quod

568 5570 663 5623 qui
698 5555 877 5611 mollia
904 5554 1236 5614 feruntsunt
1266 5560 1320 5614 in
1350 5561 1561 5617 zedibus
1600 5577 1787 5633 rogum
1836 5562 1901 5615 “.

644 5777 687 5807 ⁸³
716 5776 879 5832 lict-ii.
907 5796 944 5845 t,
970 5781 1058 5836 5:2.
1144 5780 1182 5809 ³⁵
1206 5781 1397 5837 Matth.
1436 5798 1488 5848 χ,
1527 5783 1573 5835 7.

2246 4637 2583 4693 θεοσέϐεια·
2617 4638 2666 4689 εί
2708 4635 2972 4705 εὑρεθῶσι
3010 4636 3191 4690 τοίνυν
3223 4639 3561 4705 ἐγγελῶντες
3585 4642 3691 4702 τοῖς
3717 4638 3799 4707 τήν

2247 4728 2439 4797 εὐτελῆ
2468 4727 2561 4781 καὶ
2589 4728 2793 4797 σεμνὴν
2824 4727 3097 4798 άμφίασιν
3148 4730 3579 4800 περικειμένοις,
3606 4731 3667 4784 δι’
3692 4731 3800 4782 ἐπι-

2246 4819 2428 4890 τιμίου
2470 4818 2923 4889 διορθούσθωσαν.
2962 4820 3056 4872 Ἐκ
3099 4820 3208 4891 γὰρ
3238 4820 3349 4874 τῶν
3377 4821 3583 4875 ἄνωθεν
3618 4822 3800 4893 χρόνων

2248 4916 2354 4976 πᾶς
2400 4912 2673 4983 ίερατικὸς
2731 4912 2895 4983 ἀνὴρ,
2930 4912 3069 4981 μετὰ
3092 4912 3299 4983 σεμνῆς
3337 4912 3433 4966 καὶ
3463 4914 3679 4984 μετρίας
3708 4915 3799 4980 ἀμ.

2247 5005 2486 5074 φιάσεως
2514 5003 2880 5058 ἐπολιτεύετο.
2916 5004 3031 5058 Πᾶν
3064 5004 3173 5075 γὰρ
3204 5004 3232 5057 δ
3268 5005 3343 5075 μὴ
3365 5004 3452 5057 διὰ
3473 5007 3653 5076 χρείαν
3683 5003 3799 5057 ἀλλὰ

2247 5096 2334 5150 διὰ
2363 5096 2751 5166 καλλωπισμὸν
2796 5096 3307 5167 παραλαμϐάνεται,
3361 5098 3683 5169 περπερείας
3702 5096 3799 5165 ἔχει

2252 5186 2602 5258 κατηγορίαν,
2636 5188 2712 5250 ώς
2758 5190 2786 5241 ὁ
2840 5188 3011 5258 μέγας
3041 5188 3145 5259 ἔφη
3199 5188 3477 5253 Βασίλειος
3516 5204 3531 5218 ·
3563 5186 3669 5241 ἀλλ’
3692 5184 3799 5239 οὐδὲ

2246 5282 2309 5333 ἐκ
2356 5280 2597 5351 σηρικῶν
2631 5280 2971 5351 ὑφασμάτων
3010 5281 3444 5351 πεποικιλμένην
3478 5282 3672 5352 ἐσθῆτα
3718 5280 3796 5331 ἐν-

2247 5370 2431 5423 δέδυτό
2469 5388 2570 5437 τις,
2596 5372 2717 5425 οὐδὲ
2743 5374 3135 5444 προσετίθεσαν
3169 5376 3459 5446 ἑτερόχροα
3484 5374 3799 5443 ἐπιϐλήματα

2252 5466 2311 5517 ἐν
2334 5466 2448 5527 τοῖς
2475 5466 2665 5534 ἄκροις
2704 5465 2815 5519 τῶν
2845 5468 3099 5537 ἱματίων.
3154 5468 3438 5522 Ἤκουσαν
3462 5469 3569 5541 γὰρ
3607 5471 3662 5521 ἐκ
3711 5464 3797 5530 τῆς

2254 5558 2585 5627 θεοφθόγγου
2620 5558 2891 5628 γλώττης,
2923 5560 3004 5612 ὅτι
3040 5561 3089 5613 οἱ
3144 5562 3215 5614 τά
3249 5562 3471 5631 μαλακὰ
3511 5560 3793 5632 φοροῦντες,

2254 5650 2312 5702 ὲν
2351 5650 2462 5713 τοῖς
2490 5650 2658 5714 οἴκοις
2699 5650 2808 5705 τῶν
2835 5649 3100 5722 βασιλέων
3135 5652 3291 5707 εἰσίν.
