4012 6442
203 418 310 483 6ἰὸ

906 425 1306 489 SYNTAGMA
1351 426 1739 489 CANONUM.
1794 450 1862 461 -
1899 425 2048 486 TIT.
2091 427 2206 489 III.
2238 428 2397 491 CAP.
2456 430 2625 500 VIII.
2659 431 2798 493 XII.

3389 432 3496 496 606

277 532 557 588 ΚΕΦΑΛ.
594 533 698 590 IA'.
729 561 800 580 -ορ
832 538 969 601 Περί
991 537 1113 594 τῶν
1144 531 1477 608 διαγόντων
1499 538 1572 593 ἐν
1611 537 1808 599 πόλει,

1981 534 2137 592 CAP.
2165 536 2259 593 XI.
2287 571 2358 581 --
2376 540 2454 595 De
2479 541 2570 605 iis;
2595 542 2685 611 qui
2712 557 2830 594 cum
2862 542 2917 595 in
2946 541 3073 596 urbe
3100 550 3390 606 versentur,
3410 554 3495 597 ta-

204 622 306 678 καί
330 617 437 678 sit
475 628 644 700 τρεῖς
666 628 1005 699 ἑϐδομάδας
1046 631 1134 701 μή
1162 630 1641 686 κοινωνούντων.

536 719 814 776 Συνόδου
837 721 1135 792 Σαρδικῆς
1172 721 1376 776 κανὼν
1403 727 1496 776 ια’.

282 810 378 868 ια’.
424 813 631 880 Ὅσιος
656 816 954 881 ἐπίσκοπος
999 812 1121 872 εῐπε
1149 832 1165 848 ο
1197 818 1309 872 Καὶ
1351 817 1511 872 τοῦτο
1548 817 1605 871 δὲ
1632 816 1814 888 όρίσαι

1914 642 2033 682 men
2058 644 2157 699 per
2177 638 2282 685 tres
2307 630 2661 686 hebdomadas
2685 647 2793 686 non
2820 633 3238 687 communicant.

2267 720 2493 777 Concilii
2529 722 2860 780 Sardicensts
2888 741 3056 779 canon
3087 726 3173 781 ll.

1984 812 2076 867 Η.
2120 810 2324 869 Hosius
2366 815 2659 885 episcopus
2680 817 2853 872 dixit:
2880 816 2996 872 Hoc
3024 832 3240 887 quoque
3273 817 3502 873 delinire

209 904 543 974 ὀφείλομεν,
578 908 665 961 ἵνα
690 910 720 962 ό
756 908 1058 974 ἐπίσκοπος
1102 910 1234 965 ὅταν
1272 909 1333 975 ἐξ
1376 910 1568 981 ἐτέρας
1607 908 1817 971 πόλεως

1944 902 2215 969 lebemus;
2272 912 2332 960 ut
2364 908 2586 977 quando
2625 909 2918 980 episcopus
2940 925 3007 965 ex
3062 911 3167 966 alia
3190 910 3410 965 civitate
3443 911 3499 964 in

212 997 616 1069 παραγένηται
636 1002 716 1062 εἰς
740 999 932 1071 ἑτέραν
949 1000 1126 1066 πόλῐν,
1149 1002 1183 1073 ἢ
1205 1002 1314 1057 ἀπὸ
1333 1001 1525 1072 ἐτέρας
1548 1001 1819 1073 ἐπαρχίας

212 1087 292 1148 εἰς
336 1087 547 1157 ἑτέραν
595 1090 863 1161 ἐπαρχίαν
914 1094 1132 1163 κόμπου
1182 1091 1366 1163 χάριν,
1420 1092 1715 1163 ἐγκωμίοις
1740 1091 1818 1144 οἰ-

217 1176 385 1241 κείοις
424 1179 907 1251 ὑπηρετούμενος,
939 1182 973 1253 ἢ
1003 1182 1306 1253 θρησκείας
1331 1182 1683 1245 καθοσιώσει,
1719 1183 1819 1238 καὶ

217 1269 447 1323 πλείονα
502 1271 703 1341 χρόνον
730 1272 975 1342 βούλοιτο
1007 1273 1240 1343 διάγειν,
1294 1275 1391 1328 καὶ
1414 1274 1490 1345 μὴ
1528 1275 1557 1328 ό
1579 1275 1677 1344 τῆς
1719 1276 1821 1329 πό-

216 1366 354 1427 λεως
394 1364 628 1435 ἐκείνης
654 1365 956 1430 ἐπίσκοπος
982 1365 1247 1437 ἔμπειρος
1277 1363 1308 1439 ᾖ
1336 1365 1712 1430 διδασκαλίας,
1747 1365 1823 1438 μὴ

218 1457 556 1527 καταφρονῇ
591 1456 829 1522 ἐκείνου,
872 1458 967 1511 καὶ
996 1458 1383 1529 συνεχέστερον
1409 1458 1594 1529 ὁμιλῇ,
1629 1475 1825 1511 καται-

223 1545 443 1617 σχύνειν
491 1549 597 1603 καὶ
656 1548 1040 1613 κατευτελίξεν
1065 1550 1128 1604 τὸ
1151 1549 1449 1621 πρόσωπον
1499 1548 1594 1602 τοῦ
1637 1548 1826 1603 αὐτόθι

227 1638 541 1693 ἐπισκόπου
575 1640 916 1705 σπουδάζων.
949 1640 1098 1713 Αὕτη
1136 1641 1246 1713 γὰρ
1288 1643 1323 1712 ἡ
1362 1642 1638 1714 πρόφασις
1667 1640 1827 1695 εἴωθε

222 1728 505 1799 ταράχους
542 1731 812 1801 παρέχειν
840 1747 856 1763 ο
881 1733 977 1786 καί⁸
996 1734 1060 1786 ἐκ
1076 1733 1176 1803 τῆς
1203 1733 1460 1803 τοιαύτης
1491 1732 1830 1803 πανουργίας

224 1816 319 1886 τὴν
348 1817 658 1890 ἀλλοτρίαν
688 1820 961 1892 καθέδραν
982 1821 1162 1893 ἐαυτῷ
1190 1822 1704 1895 προμνηστεύεσθαι
1732 1822 1826 1876 καὶ

1916 997 2079 1053 aliam
2110 998 2403 1065 civitatem,
2427 1002 2512 1056 vel
2535 1017 2601 1057 ex
2632 1002 2737 1057 alia
2767 1003 3051 1073 provincia
3090 1004 3144 1058 in
3180 1003 3341 1056 aliam
3372 1018 3500 1071 pro-

1914 1091 2158 1146 vinciam
2186 1094 2508 1159 accesserit,
2537 1095 2854 1164 jactationis
2887 1097 3061 1167 gratia
3101 1096 3344 1167 propriis
3376 1097 3490 1149 lau-

1919 1182 2082 1238 dibus
2104 1184 2353 1239 serviens
2383 1194 2480 1241 aut
2505 1187 2791 1255 religionis
2816 1203 3008 1255 causa,
3035 1196 3089 1242 et
3114 1188 3244 1243 velit
3266 1188 3502 1257 longiori

1921 1283 2166 1343 tempore
2209 1274 2320 1329 illic
2347 1291 2541 1347 agere;
2598 1279 2743 1334 illius
2782 1287 2964 1334 autem
2997 1279 3240 1334 civitatis
3287 1280 3504 1348 episco‘

1924 1377 2030 1433 pus
2079 1364 2343 1421 doctrina:
2379 1369 2496 1425 Enon
2535 1368 2698 1425 fuerit
2732 1370 2983 1441 peritus:
3028 1385 3098 1427 ne
3140 1370 3293 1424 illum
3325 1370 3507 1439 despi-

1925 1456 2058 1519 ciat,
2082 1464 2136 1510 et
2180 1455 2522 1528 frequentius
2559 1462 2939 1529 concionetur,
2979 1464 3205 1518 studens
3240 1462 3508 1516 dedecore

1924 1543 2139 1601 allicere
2163 1556 2217 1603 et
2237 1549 2572 1619 vilipendere
2619 1566 2909 1620 personam
2935 1551 3179 1623 episc0pi
3212 1550 3371 1622 1M
3395 1550 3509 1619 (hic

1925 1638 2068 1692 enim
2095 1648 2391 1708 prmtextns
2408 1642 2548 1697 solet
2569 1643 2765 1699 turbas
2782 1645 3074 1716 excitare),
3104 1660 3204 1699 nec
3233 1641 3508 1713 ejusmodi

1927 1728 2228 1785 calliditate
2247 1732 2483 1787 alienam
2513 1732 2699 1789 sedem
2728 1735 2829 1789 sibi
2854 1736 3150 1790 conciliare
3168 1733 3510 1789 etattrahere

1930 1821 2167 1889 studeat,
2206 1838 2317 1877 non
2360 1824 2621 1880 dubitans
2654 1825 2759 1881 sibi
2797 1826 3049 1881 traditam
3079 1825 3372 1881 ecclesiam
3420 1839 3508 1879 re-

227 1912 535 1982 παρασπᾷν
569 1913 885 1981 σπουδάζει,
925 1915 1001 1985 μὴ
1035 1914 1304 1979 διστάζων
1333 1915 1434 1987 τὴν
1469 1914 1619 1985 αὐτῷ
1642 1932 1823 1987 παρα-

1948 1915 2196 1981 inquere,
2229 1923 2283 1969 et
2312 1914 2367 1969 in
2393 1914 2552 1969 aliam
2580 1916 2837 1971 transire.
2862 1916 2943 1969 Ad
2985 1915 3091 1970 hoc
3129 1932 3262 1986 ergo
3294 1924 3511 1983 tempus

236 1999 487 2054 δοθεῖσαν
536 2004 837 2074 ἐκκλησίαν
878 2005 1339 2077 καταλιμπάνειν,
1396 2008 1491 2060 καὶ
1522 2008 1603 2070 εἰς
1630 2007 1827 2077 ἑτέραν

234 2092 622 2163 μεθίστασθαι.
665 2096 945 2167 Ὀρεστέον
1000 2098 1183 2153 τοίνυν
1243 2100 1337 2153 ἐπὶ
1390 2098 1567 2170 τούτῳ
1624 2100 1823 2170 χρόνῳ,

232 2183 416 2255 ἐπειδὴ
443 2187 546 2239 καὶ
576 2187 639 2239 τὸ
671 2188 746 2258 μὴ
771 2187 1130 2258 ὑποδέχεσθαι
1171 2189 1489 2253 ἐπίσκοπον,
1516 2188 1625 2242 τῶν
1647 2191 1824 2242 ἁπαν-

232 2271 467 2341 θρὼπων
502 2276 605 2328 καὶ
663 2277 869 2331 σκαιῶν
897 2273 1047 2331 εἶναι
1074 2279 1408 2348 νενόμισται.
1440 2276 1737 2349 Μέμνησθε
1762 2278 1820 2332 δὲ

236 2365 291 2416 ἐν
315 2365 393 2435 τῷ
424 2367 735 2437 προάγοντι
762 2369 941 2441 χρόνῳ
969 2371 1097 2434 τοὺς
1121 2371 1395 2442 ;Πατέρας
1436 2373 1469 2439 ἠ
1478 2370 1596 2441 μῶν
1634 2388 1827 2443 κεκρι-

233 2453 405 2521 κέναι,
465 2458 559 2511 ϊνα
593 2460 648 2512 εἰ
671 2476 756 2524 τις
801 2460 986 2524 λαῖκδς
1029 2462 1089 2515 ἐν
1122 2460 1274 2515 πόλει
1296 2463 1501 2530 διάγων
1540 2465 1691 2535 τρεῖς
1712 2464 1825 2517 Κυ-

240 2548 432 2617 ριακὰς
456 2550 701 2622 ἡμέρας,
742 2552 801 2605 ἐν
844 2554 1025 2624 τρισὶν
1061 2552 1344 2625 ἑϐδομάσι,
1379 2554 1454 2626 μὴ
1490 2555 1824 2628 συνέρχοιτο,

236 2639 555 2696 ἁποκινοίτο
574 2642 673 2712 τῆς
702 2642 1011 2707 κοινωνίας.
1052 2643 1117 2699 Et
1153 2646 1331 2699 τοίνυν
1364 2648 1493 2716 περὶ
1551 2646 1661 2700 τῶν
1698 2648 1823 2700 λαῖ-

239 2730 346 2784 κῶν
375 2730 542 2788 τοῦτο
590 2734 969 2802 τεθέσπισται,
1028 2736 1090 2791 οὐ
1148 2736 1259 2809 χρὴ
1292 2737 1414 2790 οὐδὲ
1447 2738 1651 2809 πρέπει
1711 2738 1825 2792 ἀλλ’

237 2821 354 2875 οὐδὲ
413 2826 699 2896 συμφέρει
754 2827 1078 2895 ἐπίσκοπον,
1119 2830 1169 2899 εἰ
1224 2828 1495 2900 μηδεμίαν
1521 2829 1827 2900 βαρυτέραν

242 2914 479 2986 ἀνάγκην
528 2917 671 2988 ἔχοι,
724 2920 759 2990 ἦ
814 2922 1049 2992 πρᾶγμα
1087 2921 1374 2993 δυσχερὲς,
1432 2923 1527 2976 ἐπὶ
1577 2923 1828 2978 πλεῖστον

241 3006 639 3064 ἀπολείπεσθαι
697 3012 794 3082 τῆς
835 3012 1032 3068 ἐαυτοῦ
1078 3012 1426 3085 ζέκκλησίας,
1484 3015 1581 3067 καὶ
1637 3014 1830 3069 λυπεῖν

1922 2005 2287 2063 deﬁniendum
2330 2014 2437 2061 est.
2466 2004 2600 2061 Nam
2641 2007 2957 2078 episcopum
2989 2022 3098 2062 non
3130 2006 3319 2076 recipi,
3348 2005 3512 2059 inbu-

1924 2113 2149 2153 manum
2197 2108 2254 2153 et
2288 2098 2508 2153 incivile
2549 2100 2924 2155 existimatum
2967 2110 3071 2156 est.
3125 2099 3509 2155 Recordemini

1922 2199 2127 2254 autem,
2149 2200 2331 2260 patres
2361 2199 2580 2246 nostros
2610 2192 2665 2244 in
2687 2200 2938 2262 tempore
2979 2193 3255 2262 pra‘terito
3291 2191 3510 2261 judica-

1923 2280 2092 2347 visse,
2124 2288 2184 2335 ut
2212 2281 2258 2336 si
2284 2283 2411 2351 quis
2438 2282 2615 2338 laicus
2646 2283 2701 2337 in
2727 2283 2911 2353 aliqua
2933 2284 3069 2339 urbe
3107 2299 3297 2355 agens,
3336 2284 3511 2338 tribus

1924 2373 2120 2428 diebus
2143 2373 2437 2429 dominicis
2462 2375 2516 2428 in
2555 2375 2736 2430 tribus
2769 2375 3202 2429 hebdomadibus
3245 2390 3352 2429 non
3375 2389 3514 2429 con-

1926 2463 2131 2528 veniat,
2177 2463 2224 2518 is
2278 2463 2669 2518 communione
2704 2473 3007 2518 moveatur.
3045 2463 3103 2517 Si
3135 2465 3240 2517 hoc
3275 2478 3405 2533 ergo
3444 2463 3514 2518 de

1924 2556 2083 2612 laicis
2114 2565 2381 2611 statutum
2419 2566 2523 2620 est,
2558 2572 2665 2611 non
2698 2564 2933 2626 oportet,
2972 2570 3073 2609 nec
3096 2555 3377 2617 convenit,
3411 2554 3508 2609 sed

1927 2664 2105 2719 neque
2127 2657 2210 2704 est
2244 2649 2376 2703 utile
2415 2648 2758 2718 episcopum,
2788 2651 2832 2703 si
2861 2648 3063 2702 nullam
3102 2645 3263 2699 habet
3289 2645 3507 2714 gravio-

1932 2757 2049 2797 rem
2091 2741 2497 2805 necessitatem,
2541 2742 2625 2795 vel
2661 2740 2941 2811 negotium
2983 2738 3282 2801 dilIicilius,
3330 2752 3361 2790 a
3413 2750 3513 2791 sua

1933 2832 2165 2887 ecclesia
2195 2832 2403 2887 diutius
2460 2834 2675 2898 abesse,
2718 2842 2771 2887 et
2820 2831 2923 2887 sibi
2954 2831 3310 2886 commissum
3340 2842 3515 2899 pOpu-

1935 2926 2049 2980 lum
2098 2926 2446 2981 contristare.
2497 2925 2701 2981 Omnes
2751 2926 2996 2996 episcopi
3050 2923 3329 2984 dixerunt,
3376 2922 3517 2974 hanc

1936 3034 2157 3089 quoque
2178 3019 2503 3074 sententiam
2531 3034 2651 3074 esse
2674 3017 3273 3072 convenientissimam.

244 3098 329 3151 τὸν
386 3102 908 3175 ἐμπεπιστευμένον
943 3105 1093 3177 αὑτῷ
1143 3105 1294 3161 λαόν.
1329 3106 1604 3171 Ἀπαντες
1627 3108 1676 3161 οἰ
1743 3110 2037 3166 ἐπίσκοποι
2088 3112 2319 3185 εἴρηκαν
2347 3129 2362 3145 ·
2425 3113 2535 3166 Καὶ
2605 3112 2811 3182 ταύτην
2870 3111 2968 3183 τὴν
3046 3108 3272 3179 γνώμην
3314 3107 3520 3181 σφόδρα

245 3185 374 3247 εἶναι
397 3196 870 3268 πρεπωδεστάτην
891 3198 1209 3269 όριζόμεθα.

405 3292 686 3347 Συνόδου
716 3294 1134 3364 οὶκουμενικῆς
1161 3294 1344 3363 ἕκτης
1372 3296 1574 3351 κανὼν
1602 3304 1677 3353 π’.

317 3388 389 3435 π’.
421 3384 490 3438 Et
537 3402 629 3448 τις
654 3385 974 3449 ἐπίσκοπος,
1007 3387 1039 3457 ἢ
1076 3387 1470 3459 πρεσϐύτερος,
1500 3390 1533 3460 ἢ
1573 3389 1838 3459 διάκονος,

255 3472 413 3542 ἡτῶν
446 3478 507 3532 ἐν
537 3480 732 3551 κλήρῳ
798 3480 1279 3552 καταλεγομένων,
1326 3481 1361 3552 ἢ
1411 3481 1619 3548 λαῖκὸς,
1656 3485 1705 3538 εἰ
1737 3500 1843 3557 μην

255 3566 436 3636 δεμίαν
473 3571 728 3641 ἀνάγκην
756 3571 1060 3643 βαρυτέραν
1106 3573 1241 3643 ἔχει,
1276 3574 1309 3646 ἢ
1362 3576 1597 3646 πρᾶγμα
1639 3576 1841 3649 δυσχεο

262 3658 366 3727 ρές,
419 3661 562 3716 ὥστε
631 3664 724 3716 ἐπί
781 3664 1034 3719 πλεῖστον
1081 3665 1475 3720 ἀπολείπεσθαι
1520 3668 1619 3738 τῆς
1672 3670 1842 3724 αὐτοῦ

272 3749 615 3825 Ἐκκλησίας,
664 3756 780 3809 ἀλλ’
816 3759 875 3810 ἐν
933 3758 1089 3813 πόλει
1121 3758 1326 3827 διάγων
1358 3762 1508 3832 τρεῖς
1552 3761 1843 3832 Κυριακὰς

263 3842 482 3915 ἡμέρας,
513 3850 574 3901 ἐν
597 3848 775 3919 τρισὶν
800 3850 1086 3921 ἑϐδομάσι,
1142 3851 1218 3923 μὴ
1267 3853 1607 3923 συνέρχοιτο,
1650 3855 1698 3907 εἰ
1743 3854 1841 3925 μὲν

264 3935 506 4008 κληρικδς
538 3943 649 4011 εἴη,
678 3942 1064 4015 καθαιρείσθω·
1091 3945 1139 3998 εἰ
1159 3945 1216 3999 δὲ
1242 3945 1450 4012 λαῖκὸς,
1474 3947 1842 4001 ἀποκινείσθω

267 4029 356 4099 τῆς
381 4034 686 4099 κοινωνίας.

328 4122 573 4180 ΚΕΦΑΛ.
619 4125 717 4181 lB'.
750 4158 818 4169 —
846 4127 987 4197 Περί
1008 4126 1129 4184 τῶν
1165 4127 1515 4184 ἀκουόντων
1544 4128 1664 4184 τῶν
1685 4132 1838 4197 Γρα-

270 4210 407 4279 φῶν,
437 4218 535 4272 καί
570 4220 1186 4289 προσκαρτερούντων
1221 4220 1296 4291 τῇ
1324 4222 1640 4289 τελευταίᾳ
1663 4221 1839 4292 εὐχῇ,

270 4305 359 4359 καί
372 4314 970 4382 μεταλαμϐανόντων.

666 4404 1051 4459 Ἀποοντόλων
1084 4403 1285 4459 κανὼν
1307 4402 1378 4477 η’,
1404 4404 1469 4460 θ’.

333 4490 399 4563 η’.
427 4495 493 4549 Εἴ
509 4514 594 4561 τις
616 4498 933 4560 ἐπίσκοπος,
960 4497 993 4569 ἢ
1033 4496 1426 4569 πρεσϐύτερος,
1453 4498 1487 4570 ἢ
1520 4495 1838 4569 διάκονος,ἣ

274 4577 332 4632 ὲκ
352 4584 442 4637 τοῦ
490 4587 799 4657 καταλόγου
852 4588 948 4643 τοῦ
1000 4588 1297 4661 ἱερατικοῦ,
1346 4591 1664 4660 προσφορᾶς
1690 4606 1841 4659 γενο-

2214 3295 2442 3353 Consilii
2491 3297 2797 3351 mcumenici
2842 3311 2893 3350 v1
2941 3309 3112 3349 canon
3159 3291 3249 3347 80.

2014 3389 2105 3446 80.
2142 3388 2200 3444 Si
2257 3370 2379 3460 quis
2415 3388 2745 3458 episcopus,
2788 3370 2880 3440 vel
2930 3386 3231 3456 presbyter,
3282 3382 3368 3438 vel
3402 3382 3521 3438 dia-

1944 3496 2139 3549 conus,
2186 3482 2272 3536 vel
2301 3496 2492 3536 eorum
2541 3482 2634 3549 qui
2680 3480 2738 3533 in
2775 3478 2923 3533 clero
2973 3486 3387 3537 enumerantur,
3437 3473 3524 3528 vel

1944 3574 2119 3629 laicus
2146 3574 2351 3627 nullam
2398 3573 2707 3643 graviorem
2766 3570 2929 3624 habet
2977 3568 3385 3631 necessitatem,
3440 3568 3521 3621 vel

1943 3664 2219 3735 negotium
2252 3662 2488 3726 dillicile,
2527 3672 2586 3717 ut
2620 3677 2651 3717 a
2702 3677 2801 3716 sua
2852 3660 3083 3715 ecclesia
3137 3658 3284 3713 absit
3319 3657 3521 3713 diutis-

1944 3757 2127 3811 sime:
2167 3755 2260 3810 sed
2307 3755 2360 3809 in
2393 3755 2616 3810 civitate
2662 3769 2850 3824 agens,
2890 3752 3068 3807 tribus
3098 3751 3292 3806 diebus
3339 3750 3524 3804 Domi-

1945 3850 2084 3904 nicis
2115 3848 2169 3903 in
2206 3848 2379 3903 tribus
2429 3847 2751 3917 septimanis
2797 3861 2905 3900 una
2956 3860 3067 3900 non
3120 3843 3431 3909 conveniat,
3478 3843 3524 3898 si

1945 3939 2016 3995 sit
2039 3938 2259 4010 quidem
2306 3937 2564 4004 clericus,
2597 3941 2903 4007 deponatur
2929 3953 2944 3991 :
2973 3934 3020 3990 si
3050 3948 3181 3989 vero
3211 3934 3406 4001 laicus,
3434 3948 3525 3989 se-

1946 4041 2222 4103 gregetur.

2013 4124 2167 4181 CAP.
2204 4123 2321 4179 XII.
2370 4153 2442 4164 —
2481 4122 2559 4177 De
2614 4123 2682 4177 iis
2734 4125 2824 4194 qui
2880 4124 3067 4177 audita
3126 4121 3527 4191 Scripturarum

1946 4217 2185 4282 lectione,
2218 4232 2380 4285 usque
2423 4215 2491 4269 ad
2524 4224 2787 4276 extremas
2829 4232 3005 4286 preces
3033 4232 3136 4269 non
3182 4221 3519 4284 permanent,

1941 4322 2106 4377 neque
2156 4306 2570 4359 communicant.

2323 4397 2701 4467 Apostolorum
2734 4414 2958 4452 canones
2991 4398 3046 4462 8,
3088 4399 3145 4452 9.

2015 4488 2070 4544 8.
2100 4487 2163 4567 Si
2190 4489 2315 4560 quis
2338 4489 2652 4558 episc0pus,
2679 4489 2981 4561 presbyter,
3011 4490 3091 4544 vel
3120 4490 3407 4557 diaconus,
3439 4487 3526 4544 vel

1943 4595 2010 4636 ex
2040 4580 2367 4636 sacerdotali
2400 4580 2670 4651 catalogo,
2704 4579 2862 4651 145
2909 4580 3054 4635 facta
3097 4581 3375 4636 oblatione
3414 4597 3533 4635 non

278 4670 431 4745 μένης
480 4678 556 4751 μὴ
612 4678 931 4749 μεταλάϐοι,
988 4679 1088 4752 τὴν
1120 4681 1301 4735 αἰτίαν
1334 4680 1547 4735 εἰπάτω
1576 4697 1590 4712 ⁸
1624 4682 1718 4735 καὶ
1747 4681 1830 4736 ἐὰι.

1950 4672 2444 4727 communicaverit
2470 4712 2485 4738 ,
2547 4686 2771 4727 causam
2825 4674 2972 4728 dicat
3009 4688 3023 4726 :
3055 4673 3184 4728 etsi
3231 4672 3535 4742 probabilis

275 4757 306 4835 ᾗ
331 4765 562 4839 εὔλογος,
596 4772 929 4844 συγγνώμης
955 4774 1273 4843 τυγχανέτω
1301 4789 1317 4803 ·
1368 4775 1418 4828 εἰ
1453 4774 1510 4828 δέ
1565 4774 1640 4846 μὴ
1669 4775 1837 4844 λέγει,

278 4849 622 4927 ἀφοριξέσθω,
653 4860 728 4924 ὡς
785 4861 959 4925 αἴτιος
1016 4862 1227 4933 βλάϐης
1271 4862 1565 4933 γενόμενος
1593 4862 1670 4934 τῷ
1702 4863 1838 4935 λαῷ.

278 4943 362 4997 καὶ
398 4948 652 5006 ὑπόνοιαν
686 4955 994 5025 ἐμποιήσας
1027 4954 1169 5009 κατὰ
1220 4954 1314 5009 τοῦ
1352 4955 1837 5027 προσενεγκόντος,

282 5031 347 5098 ὡς
368 5040 437 5111 μὴ
470 5044 640 5113 ὑγιῶς
667 5046 1079 5114 ἀνενέγκαντος.
1127 5031 1133 5038 ’

342 5127 402 5183 θ’.
424 5134 635 5200 Πάντας
653 5137 780 5200 τοὺς
808 5136 1077 5200 εἰσιόντας
1109 5137 1336 5201 πιστοὺς
1356 5136 1451 5191 καί⁵
1477 5136 1587 5192 τῶν
1607 5138 1841 5210 Γραφῶν

284 5216 581 5293 ἀκούοντας,
609 5229 685 5300 μὴ
703 5229 1123 5301 παραμένοντας
1153 5229 1211 5282 δὲ
1235 5232 1302 5301 τῇ
1329 5233 1605 5302 προσευχῇ
1632 5232 1727 5285 καὶ
1775 5233 1839 5304 τῇ

287 5309 403 5386 ἁγίᾳ
446 5322 763 5393 μεταλήψει,
808 5322 884 5385 ὡς
945 5322 1173 5389 ἀταξίαν
1216 5322 1582 5387 ἐμποιοῦντας
1604 5326 1670 5395 τῇ
1715 5324 1844 5378 Ἐκ-

290 5403 485 5481 κλησίᾳ,
514 5412 868 5484 ἀφορίζεσθαι
894 5415 1023 5484 χρή.

564 5504 834 5559 Συνόδου
883 5504 1236 5574 Ἀντιοχείας
1265 5504 1465 5557 κανὼν
1498 5504 1563 5574 β’.

355 5587 416 5659 β’.
443 5595 652 5663 Πάντας
692 5597 818 5662 τοὺς
849 5597 1116 5661 εἰσιόντας
1168 5599 1247 5661 εἰς
1290 5597 1389 5667 τὴν
1428 5596 1722 5668 ἐκκλησίαν
1751 5598 1844 5652 τοῦ

295 5676 433 5750 Θεοῦ,
491 5693 582 5744 καὶ
630 5689 740 5745 τῶν
796 5690 956 5761 ἱερῶν
990 5688 1222 5761 Γραφῶν
1252 5687 1573 5753 ἀκούοντας,
1623 5689 1699 5761 μὴ
1732 5708 1845 5745 κοι-

365 5859 406 5893 "
435 5864 503 5921 De
534 5884 754 5926 conscc.
783 5871 909 5925 dist.
954 5869 1002 5935 Ι,
1032 5884 1149 5938 cap.
1189 5867 1377 5922 Omnes
1406 5868 1608 5933 ﬁdeles.

1950 4762 2135 4829 fuerit,
2168 4762 2386 4817 veniam
2419 4773 2796 4833 consequatur
2838 4782 2851 4818 :
2892 4763 2976 4816 sin
3010 4777 3137 4817 vero
3174 4763 3380 4828 minus,
3437 4778 3527 4817 se-

1948 4865 2220 4928 gregetnr,
2280 4865 2341 4913 ut
2394 4858 2487 4927 qui
2541 4859 2740 4927 populo
2776 4856 3099 4911 offensionis
3128 4871 3296 4911 causa
3328 4856 3437 4921 sit,
3474 4866 3531 4912 et

1948 4951 2313 5021 suspicionem
2342 4952 2552 5006 dederit
2580 4950 2847 5007 adversus
2871 4965 2997 5005 eum
3027 4951 3120 5021 qui
3154 4949 3373 5015 obtulit,
3407 4959 3531 5003 lan-

1946 5058 2109 5114 quam
2145 5058 2252 5097 non
2274 5043 2436 5114 digne
2468 5043 2747 5097 obtulerit.

2015 5134 2068 5188 9.
2102 5132 2427 5200 Quicunque
2443 5132 2627 5189 ﬁdeles
2644 5134 3022 5203 ingrediuntur
3042 5132 3109 5200 ⁸⁷,
3129 5141 3184 5187 et
3214 5130 3533 5203 Scripturas

1947 5226 2199 5293 audiunt,
2234 5226 2288 5279 in
2310 5228 2626 5296 precatione
2663 5236 2845 5281 autem
2872 5236 2926 5280 et
2946 5240 3104 5281 sacra
3136 5225 3527 5280 communione

1948 5336 2058 5376 non
2084 5330 2422 5390 permanent,
2442 5327 2502 5375 ut
2519 5320 2779 5376 Ecclesiae
2806 5318 3190 5374 confusionem
3214 5318 3532 5385 aderentes,

1953 5412 2227 5484 segregari
2259 5420 2491 5483 oportet.

2305 5502 2532 5558 Concilii
2564 5504 2879 5559 Antioclzeni
2901 5519 3069 5557 canon
3102 5501 3158 5555 2.

2024 5594 2078 5649 2.
2113 5594 2316 5650 Omnes
2349 5597 2441 5666 qui
2480 5597 2533 5650 in
2575 5597 2863 5652 ecclesiam
2914 5595 3313 5667 ingrediuntur,
3346 5601 3401 5646 et
3431 5607 3529 5645 εει*

1953 5702 2077 5743 cras
2113 5683 2425 5759 Scripturas
2482 5688 2732 5756 audiunt,
2777 5686 3009 5744 orationi
3053 5694 3235 5741 autem
3271 5696 3396 5738 cum
3431 5696 3533 5753 pe»
