  <div class='ocr_page' id='page_1' title='image "/cluster/home/n/w/nwhite01/storage/ocr_20150623/104/hvd.32044018872853/310.png"; bbox 0 0 4012 6402; ppageno 0'>
   <div class='ocr_carea' id='block_1_1' title="bbox 184 332 288 396">
    <p class='ocr_par' dir='ltr' id='par_1_1' title="bbox 184 332 288 396">
     <span class='ocr_line' id='line_1_1' title="bbox 184 332 288 396; baseline -0.019 0"><span class='ocrx_word' id='word_1_1' title='bbox 184 332 288 396; x_wconf 84' lang='lat'><strong>609</strong></span> 
     </span>
    </p>
   </div>
   <div class='ocr_carea' id='block_1_2' title="bbox 868 304 2717 382">
    <p class='ocr_par' dir='ltr' id='par_1_2' title="bbox 868 304 2717 382">
     <span class='ocr_line' id='line_1_2' title="bbox 868 304 2717 382; baseline -0.008 -1"><span class='ocrx_word' id='word_1_2' title='bbox 868 314 1269 382; x_wconf 79' lang='lat' dir='ltr'><strong>SYNTAGMA</strong></span> <span class='ocrx_word' id='word_1_3' title='bbox 1307 306 1696 373; x_wconf 83' lang='lat' dir='ltr'><strong>CANONUM.</strong></span> <span class='ocrx_word' id='word_1_4' title='bbox 1717 329 1789 342; x_wconf 84' lang='grc'><strong><em>-</em></strong></span> <span class='ocrx_word' id='word_1_5' title='bbox 1819 304 1968 366; x_wconf 90' lang='grc' dir='ltr'>ΤΙΤ.</span> <span class='ocrx_word' id='word_1_6' title='bbox 2012 305 2128 366; x_wconf 87' lang='lat' dir='ltr'><strong>III.</strong></span> <span class='ocrx_word' id='word_1_7' title='bbox 2156 306 2317 366; x_wconf 80' lang='lat' dir='ltr'><strong>CAP.</strong></span> <span class='ocrx_word' id='word_1_8' title='bbox 2354 306 2528 379; x_wconf 78' lang='lat' dir='ltr'><strong>X-Ill,</strong></span> <span class='ocrx_word' id='word_1_9' title='bbox 2560 305 2717 368; x_wconf 79' lang='lat' dir='ltr'><strong>XVI.</strong></span> 
     </span>
    </p>
   </div>
   <div class='ocr_carea' id='block_1_3' title="bbox 3354 306 3461 373">
    <p class='ocr_par' dir='ltr' id='par_1_3' title="bbox 3354 306 3461 373">
     <span class='ocr_line' id='line_1_3' title="bbox 3354 306 3461 373; baseline 0.019 -3"><span class='ocrx_word' id='word_1_10' title='bbox 3354 306 3461 373; x_wconf 82' lang='grc'><strong>610</strong></span> 
     </span>
    </p>
   </div>
   <div class='ocr_carea' id='block_1_4' title="bbox 183 413 1777 510">
    <p class='ocr_par' dir='ltr' id='par_1_4' title="bbox 183 415 1760 510">
     <span class='ocr_line' id='line_1_4' title="bbox 183 415 1760 510; baseline -0.018 -15"><span class='ocrx_word' id='word_1_11' title='bbox 183 436 516 510; x_wconf 79' lang='grc' dir='ltr'><strong>ἀδιάφθορον</strong></span> <span class='ocrx_word' id='word_1_12' title='bbox 533 434 631 490; x_wconf 79' lang='grc' dir='ltr'>τοῦ</span> <span class='ocrx_word' id='word_1_13' title='bbox 663 432 829 487; x_wconf 88' lang='grc' dir='ltr'>τόπου</span> <span class='ocrx_word' id='word_1_14' title='bbox 854 430 1110 499; x_wconf 79' lang='grc' dir='ltr'><strong>τήρησιν,</strong></span> <span class='ocrx_word' id='word_1_15' title='bbox 1161 423 1257 477; x_wconf 76' lang='grc' dir='ltr'>καὶ</span> <span class='ocrx_word' id='word_1_16' title='bbox 1304 419 1403 491; x_wconf 85' lang='grc' dir='ltr'>τὴν</span> <span class='ocrx_word' id='word_1_17' title='bbox 1445 415 1760 510; x_wconf 77' lang='grc' dir='ltr'>ἁποτροφὴν</span> 
     </span>
    </p>
   </div>
   <div class='ocr_carea' id='block_1_5' title="bbox 1900 413 3452 510">
    <p class='ocr_par' dir='ltr' id='par_1_5' title="bbox 1900 413 3452 481">
     <span class='ocr_line' id='line_1_5' title="bbox 1900 413 3452 481; baseline 0.002 -13"><span class='ocrx_word' id='word_1_18' title='bbox 1900 428 1979 468; x_wconf 86' lang='lat' dir='ltr'><strong>am</strong></span> <span class='ocrx_word' id='word_1_19' title='bbox 2014 421 2213 468; x_wconf 78' lang='lat' dir='ltr'><strong>tectam</strong></span> <span class='ocrx_word' id='word_1_20' title='bbox 2248 413 2351 471; x_wconf 92' lang='lat' dir='ltr'><strong>loci</strong></span> <span class='ocrx_word' id='word_1_21' title='bbox 2385 415 2888 481; x_wconf 75' lang='lat' dir='ltr'><strong>conservationem,</strong></span> <span class='ocrx_word' id='word_1_22' title='bbox 2916 424 2971 471; x_wconf 80' lang='lat' dir='ltr'><strong>et</strong></span> <span class='ocrx_word' id='word_1_23' title='bbox 2997 415 3063 470; x_wconf 89' lang='lat' dir='ltr'><strong>ad</strong></span> <span class='ocrx_word' id='word_1_24' title='bbox 3091 417 3452 471; x_wconf 79' lang='lat' dir='ltr'><strong>sustentatio-</strong></span> 
     </span>
    </p>
   </div>
   <div class='ocr_carea' id='block_1_6' title="bbox 181 506 1762 600">
    <p class='ocr_par' dir='ltr' id='par_1_6' title="bbox 181 506 1762 600">
     <span class='ocr_line' id='line_1_6' title="bbox 181 506 1762 600; baseline -0.016 -15"><span class='ocrx_word' id='word_1_25' title='bbox 181 529 285 583; x_wconf 85' lang='grc' dir='ltr'>τῶν</span> <span class='ocrx_word' id='word_1_26' title='bbox 322 506 823 600; x_wconf 20' lang='grc' dir='ltr'>*προσεδρευόντων</span> <span class='ocrx_word' id='word_1_27' title='bbox 858 537 873 552; x_wconf 88' lang='lat'><strong>&#39;</strong></span> <span class='ocrx_word' id='word_1_28' title='bbox 915 518 1010 573; x_wconf 71' lang='grc' dir='ltr'>καὶ</span> <span class='ocrx_word' id='word_1_29' title='bbox 1059 514 1182 571; x_wconf 83' lang='grc' dir='ltr'>τότε</span> <span class='ocrx_word' id='word_1_30' title='bbox 1237 512 1330 568; x_wconf 79' lang='grc' dir='ltr'>τὸν</span> <span class='ocrx_word' id='word_1_31' title='bbox 1362 511 1662 565; x_wconf 83' lang='grc' dir='ltr'>ἐπίσκοπον</span> <span class='ocrx_word' id='word_1_32' title='bbox 1699 506 1762 561; x_wconf 85' lang='grc' dir='ltr'>τὸ</span> 
     </span>
    </p>
   </div>
   <div class='ocr_carea' id='block_1_7' title="bbox 183 599 1761 691">
    <p class='ocr_par' dir='ltr' id='par_1_7' title="bbox 183 599 1761 691">
     <span class='ocr_line' id='line_1_7' title="bbox 183 599 1761 691; baseline -0.016 -16"><span class='ocrx_word' id='word_1_33' title='bbox 183 599 422 691; x_wconf 81' lang='grc' dir='ltr'>πρᾶγμα</span> <span class='ocrx_word' id='word_1_34' title='bbox 450 619 585 671; x_wconf 74' lang='grc' dir='ltr'>πᾶσι</span> <span class='ocrx_word' id='word_1_35' title='bbox 608 611 946 685; x_wconf 80' lang='grc' dir='ltr'>φανεροῦντα</span> <span class='ocrx_word' id='word_1_36' title='bbox 970 606 1208 681; x_wconf 74' lang='grc' dir='ltr'>δημοσία</span> <span class='ocrx_word' id='word_1_37' title='bbox 1246 604 1425 657; x_wconf 77' lang='grc' dir='ltr'>ἐκεῖσε</span> <span class='ocrx_word' id='word_1_38' title='bbox 1452 599 1761 671; x_wconf 83' lang='grc' dir='ltr'><strong>προσιέναι,</strong></span> 
     </span>
    </p>
   </div>
   <div class='ocr_carea' id='block_1_8' title="bbox 182 692 1765 779">
    <p class='ocr_par' dir='ltr' id='par_1_8' title="bbox 182 692 1765 779">
     <span class='ocr_line' id='line_1_8' title="bbox 182 692 1765 779; baseline -0.015 -14"><span class='ocrx_word' id='word_1_39' title='bbox 182 712 277 764; x_wconf 78' lang='grc' dir='ltr'>καὶ</span> <span class='ocrx_word' id='word_1_40' title='bbox 307 712 409 764; x_wconf 78' lang='grc' dir='ltr'>σὺν</span> <span class='ocrx_word' id='word_1_41' title='bbox 442 709 576 779; x_wconf 79' lang='grc' dir='ltr'><strong>εὐχῇ</strong></span> <span class='ocrx_word' id='word_1_42' title='bbox 604 704 879 777; x_wconf 80' lang='grc' dir='ltr'>πηγνύναι</span> <span class='ocrx_word' id='word_1_43' title='bbox 913 700 1171 772; x_wconf 84' lang='grc' dir='ltr'>σταυρὸν,</span> <span class='ocrx_word' id='word_1_44' title='bbox 1224 697 1320 750; x_wconf 80' lang='grc' dir='ltr'>καὶ</span> <span class='ocrx_word' id='word_1_45' title='bbox 1371 693 1494 747; x_wconf 87' lang='grc' dir='ltr'>τότε</span> <span class='ocrx_word' id='word_1_46' title='bbox 1518 692 1580 745; x_wconf 86' lang='grc' dir='ltr'>τὸ</span> <span class='ocrx_word' id='word_1_47' title='bbox 1604 692 1765 761; x_wconf 77' lang='grc' dir='ltr'>ἔργον</span> 
     </span>
    </p>
   </div>
   <div class='ocr_carea' id='block_1_9' title="bbox 183 785 1766 877">
    <p class='ocr_par' dir='ltr' id='par_1_9' title="bbox 183 785 1766 877">
     <span class='ocr_line' id='line_1_9' title="bbox 183 785 1766 877; baseline -0.014 -18"><span class='ocrx_word' id='word_1_48' title='bbox 183 803 586 877; x_wconf 62' lang='grc' dir='ltr'>ᾶρχεσθαγμαὶ</span> <span class='ocrx_word' id='word_1_49' title='bbox 615 802 699 856; x_wconf 85' lang='grc' dir='ltr'>ὅτι</span> <span class='ocrx_word' id='word_1_50' title='bbox 721 801 751 852; x_wconf 88' lang='grc' dir='ltr'>ὁ</span> <span class='ocrx_word' id='word_1_51' title='bbox 772 797 1079 869; x_wconf 83' lang='grc' dir='ltr'>ἀρξάμενος</span> <span class='ocrx_word' id='word_1_52' title='bbox 1110 792 1227 848; x_wconf 83' lang='grc' dir='ltr'>νέον</span> <span class='ocrx_word' id='word_1_53' title='bbox 1255 787 1511 859; x_wconf 77' lang='grc' dir='ltr'>κτίζεινῆ</span> <span class='ocrx_word' id='word_1_54' title='bbox 1534 785 1766 877; x_wconf 71' lang='grc' dir='ltr'>παλαιδν</span> 
     </span>
    </p>
   </div>
   <div class='ocr_carea' id='block_1_10' title="bbox 181 875 1752 960">
    <p class='ocr_par' dir='ltr' id='par_1_10' title="bbox 181 875 1752 960">
     <span class='ocr_line' id='line_1_10' title="bbox 181 875 1752 960; baseline -0.013 -11"><span class='ocrx_word' id='word_1_55' title='bbox 181 875 469 960; x_wconf 79' lang='grc' dir='ltr'>ἀνανεοῦν,</span> <span class='ocrx_word' id='word_1_56' title='bbox 517 889 886 959; x_wconf 80' lang='grc' dir='ltr'><strong>ἀναγκάζεται</strong></span> <span class='ocrx_word' id='word_1_57' title='bbox 948 885 1086 959; x_wconf 85' lang='grc' dir='ltr'>μετὰ</span> <span class='ocrx_word' id='word_1_58' title='bbox 1173 880 1531 953; x_wconf 83' lang='grc' dir='ltr'><strong>κληρονόμων</strong></span> <span class='ocrx_word' id='word_1_59' title='bbox 1586 875 1752 931; x_wconf 77' lang='grc' dir='ltr'>αὐτοῦ</span> 
     </span>
    </p>
   </div>
   <div class='ocr_carea' id='block_1_11' title="bbox 185 970 1766 1059">
    <p class='ocr_par' dir='ltr' id='par_1_11' title="bbox 185 970 1766 1059">
     <span class='ocr_line' id='line_1_11' title="bbox 185 970 1766 1059; baseline -0.011 -17"><span class='ocrx_word' id='word_1_60' title='bbox 185 988 335 1059; x_wconf 77' lang='grc' dir='ltr'>παρὰ</span> <span class='ocrx_word' id='word_1_61' title='bbox 359 985 461 1040; x_wconf 79' lang='grc' dir='ltr'><strong>τοῦ</strong></span> <span class='ocrx_word' id='word_1_62' title='bbox 481 983 785 1038; x_wconf 72' lang='grc' dir='ltr'><strong>ἐπισκόπου</strong></span> <span class='ocrx_word' id='word_1_63' title='bbox 814 981 910 1035; x_wconf 71' lang='grc' dir='ltr'>καὶ</span> <span class='ocrx_word' id='word_1_64' title='bbox 938 977 1034 1033; x_wconf 84' lang='grc' dir='ltr'><strong>τοῦ</strong></span> <span class='ocrx_word' id='word_1_65' title='bbox 1062 975 1349 1047; x_wconf 76' lang='grc' dir='ltr'>οἰκονόμου</span> <span class='ocrx_word' id='word_1_66' title='bbox 1400 972 1496 1028; x_wconf 75' lang='grc' dir='ltr'>καὶ</span> <span class='ocrx_word' id='word_1_67' title='bbox 1523 970 1617 1024; x_wconf 79' lang='grc' dir='ltr'>τοῦ</span> <span class='ocrx_word' id='word_1_68' title='bbox 1641 970 1766 1040; x_wconf 60' lang='grc' dir='ltr'><strong>ιᾶρι</strong></span> 
     </span>
    </p>
   </div>
   <div class='ocr_carea' id='block_1_12' title="bbox 182 1072 1063 1150">
    <p class='ocr_par' dir='ltr' id='par_1_12' title="bbox 182 1072 1063 1150">
     <span class='ocr_line' id='line_1_12' title="bbox 182 1072 1063 1150; baseline -0.01 -18"><span class='ocrx_word' id='word_1_69' title='bbox 182 1094 393 1150; x_wconf 79' lang='grc' dir='ltr'>κοντος,</span> <span class='ocrx_word' id='word_1_70' title='bbox 427 1076 494 1130; x_wconf 83' lang='grc' dir='ltr'>τὸ</span> <span class='ocrx_word' id='word_1_71' title='bbox 521 1075 722 1146; x_wconf 80' lang='grc' dir='ltr'>ἁρχθὲν</span> <span class='ocrx_word' id='word_1_72' title='bbox 753 1072 1063 1144; x_wconf 84' lang='grc' dir='ltr'>πληρῶσαι.</span> 
     </span>
    </p>
   </div>
   <div class='ocr_carea' id='block_1_13' title="bbox 251 1153 1770 1235">
    <p class='ocr_par' dir='ltr' id='par_1_13' title="bbox 251 1153 1770 1235">
     <span class='ocr_line' id='line_1_13' title="bbox 251 1153 1770 1235; baseline -0.012 -11"><span class='ocrx_word' id='word_1_73' title='bbox 251 1169 314 1224; x_wconf 81' lang='lat' dir='ltr'><strong>El</strong></span> <span class='ocrx_word' id='word_1_74' title='bbox 335 1168 397 1223; x_wconf 83' lang='grc' dir='ltr'><strong>δέ</strong></span> <span class='ocrx_word' id='word_1_75' title='bbox 415 1184 504 1229; x_wconf 91' lang='grc' dir='ltr'><strong>τις</strong></span> <span class='ocrx_word' id='word_1_76' title='bbox 527 1169 585 1221; x_wconf 87' lang='grc' dir='ltr'><strong>ἐν</strong></span> <span class='ocrx_word' id='word_1_77' title='bbox 611 1164 862 1235; x_wconf 74' lang='grc' dir='ltr'>ἰδιωτικῷ</span> <span class='ocrx_word' id='word_1_78' title='bbox 882 1164 1035 1234; x_wconf 75' lang='grc' dir='ltr'>οἴκῳ,</span> <span class='ocrx_word' id='word_1_79' title='bbox 1056 1157 1387 1232; x_wconf 82' lang='grc' dir='ltr'><strong>προαστείῳ,</strong></span> <span class='ocrx_word' id='word_1_80' title='bbox 1406 1156 1439 1227; x_wconf 83' lang='grc' dir='ltr'>ἢ</span> <span class='ocrx_word' id='word_1_81' title='bbox 1456 1153 1663 1227; x_wconf 82' lang='grc' dir='ltr'><strong>χωρίῳ,</strong></span> <span class='ocrx_word' id='word_1_82' title='bbox 1693 1155 1770 1207; x_wconf 83' lang='grc' dir='ltr'><strong>ἱε-</strong></span> 
     </span>
    </p>
   </div>
   <div class='ocr_carea' id='block_1_14' title="bbox 189 1249 1771 1333">
    <p class='ocr_par' dir='ltr' id='par_1_14' title="bbox 189 1249 1771 1333">
     <span class='ocr_line' id='line_1_14' title="bbox 189 1249 1771 1333; baseline -0.011 -19"><span class='ocrx_word' id='word_1_83' title='bbox 189 1260 283 1333; x_wconf 75' lang='grc' dir='ltr'><strong>ράν</strong></span> <span class='ocrx_word' id='word_1_84' title='bbox 310 1259 589 1313; x_wconf 81' lang='grc' dir='ltr'>ἐκτελέσει</span> <span class='ocrx_word' id='word_1_85' title='bbox 617 1254 982 1325; x_wconf 88' lang='grc' dir='ltr'>λειτουργίαν,</span> <span class='ocrx_word' id='word_1_86' title='bbox 1003 1255 1037 1324; x_wconf 78' lang='grc' dir='ltr'>ἦ</span> <span class='ocrx_word' id='word_1_87' title='bbox 1065 1269 1207 1306; x_wconf 88' lang='grc' dir='ltr'>τισιν</span> <span class='ocrx_word' id='word_1_88' title='bbox 1236 1249 1521 1304; x_wconf 76' lang='grc' dir='ltr'>ἐκτελέσαι</span> <span class='ocrx_word' id='word_1_89' title='bbox 1554 1263 1771 1316; x_wconf 81' lang='grc' dir='ltr'>συγχω-</span> 
     </span>
    </p>
   </div>
   <div class='ocr_carea' id='block_1_15' title="bbox 192 1337 1773 1423">
    <p class='ocr_par' dir='ltr' id='par_1_15' title="bbox 192 1337 1773 1423">
     <span class='ocr_line' id='line_1_15' title="bbox 192 1337 1773 1423; baseline -0.01 -19"><span class='ocrx_word' id='word_1_90' title='bbox 192 1352 362 1423; x_wconf 80' lang='grc' dir='ltr'>ρήσει,</span> <span class='ocrx_word' id='word_1_91' title='bbox 392 1349 519 1419; x_wconf 86' lang='grc' dir='ltr'>δίχα</span> <span class='ocrx_word' id='word_1_92' title='bbox 539 1346 817 1418; x_wconf 81' lang='grc' dir='ltr'>κληρικῶν</span> <span class='ocrx_word' id='word_1_93' title='bbox 836 1343 1249 1416; x_wconf 80' lang='grc' dir='ltr'>ἀφοριζομένων</span> <span class='ocrx_word' id='word_1_94' title='bbox 1272 1341 1426 1411; x_wconf 81' lang='grc' dir='ltr'>παρὰ</span> <span class='ocrx_word' id='word_1_95' title='bbox 1440 1338 1533 1392; x_wconf 80' lang='grc' dir='ltr'>τοῦ</span> <span class='ocrx_word' id='word_1_96' title='bbox 1554 1337 1663 1391; x_wconf 88' lang='grc' dir='ltr'><strong>τῶν</strong></span> <span class='ocrx_word' id='word_1_97' title='bbox 1680 1337 1773 1389; x_wconf 89' lang='grc' dir='ltr'>τό-</span> 
     </span>
    </p>
   </div>
   <div class='ocr_carea' id='block_1_16' title="bbox 188 1429 1774 1505">
    <p class='ocr_par' dir='ltr' id='par_1_16' title="bbox 188 1429 1774 1505">
     <span class='ocr_line' id='line_1_16' title="bbox 188 1429 1774 1505; baseline -0.009 -10"><span class='ocrx_word' id='word_1_98' title='bbox 188 1459 301 1495; x_wconf 85' lang='grc' dir='ltr'><strong>πων</strong></span> <span class='ocrx_word' id='word_1_99' title='bbox 324 1440 694 1505; x_wconf 86' lang='grc' dir='ltr'>ἐπισκόπου,ό</span> <span class='ocrx_word' id='word_1_100' title='bbox 722 1438 885 1500; x_wconf 85' lang='grc' dir='ltr'>τόπος</span> <span class='ocrx_word' id='word_1_101' title='bbox 914 1438 972 1490; x_wconf 87' lang='grc' dir='ltr'><strong>ἐν</strong></span> <span class='ocrx_word' id='word_1_102' title='bbox 987 1429 1030 1504; x_wconf 83' lang='grc' dir='ltr'>ᾧ</span> <span class='ocrx_word' id='word_1_103' title='bbox 1050 1435 1209 1488; x_wconf 81' lang='grc' dir='ltr'>τοῦτο</span> <span class='ocrx_word' id='word_1_104' title='bbox 1228 1433 1474 1502; x_wconf 86' lang='grc' dir='ltr'>γέγονεν,</span> <span class='ocrx_word' id='word_1_105' title='bbox 1497 1430 1554 1483; x_wconf 86' lang='grc' dir='ltr'><strong>ἐν</strong></span> <span class='ocrx_word' id='word_1_106' title='bbox 1572 1429 1774 1501; x_wconf 85' lang='grc' dir='ltr'>είδήσει</span> 
     </span>
    </p>
   </div>
   <div class='ocr_carea' id='block_1_17' title="bbox 188 1519 1778 1600">
    <p class='ocr_par' dir='ltr' id='par_1_17' title="bbox 188 1519 1778 1600">
     <span class='ocr_line' id='line_1_17' title="bbox 188 1519 1778 1600; baseline -0.009 -13"><span class='ocrx_word' id='word_1_107' title='bbox 188 1532 275 1587; x_wconf 76' lang='grc' dir='ltr'>τοῦ</span> <span class='ocrx_word' id='word_1_108' title='bbox 301 1532 592 1597; x_wconf 83' lang='grc' dir='ltr'>δεσπότου,</span> <span class='ocrx_word' id='word_1_109' title='bbox 611 1528 1017 1600; x_wconf 83' lang='grc' dir='ltr'>προσκυροῦται</span> <span class='ocrx_word' id='word_1_110' title='bbox 1038 1530 1105 1598; x_wconf 79' lang='grc' dir='ltr'>τῇ</span> <span class='ocrx_word' id='word_1_111' title='bbox 1123 1524 1410 1595; x_wconf 76' lang='grc' dir='ltr'>ἐκκλησίᾳ,</span> <span class='ocrx_word' id='word_1_112' title='bbox 1432 1522 1519 1576; x_wconf 83' lang='grc' dir='ltr'>διὰ</span> <span class='ocrx_word' id='word_1_113' title='bbox 1542 1519 1634 1575; x_wconf 80' lang='grc' dir='ltr'>τοῦ</span> <span class='ocrx_word' id='word_1_114' title='bbox 1657 1522 1778 1573; x_wconf 87' lang='grc' dir='ltr'>ἐπι-</span> 
     </span>
    </p>
   </div>
   <div class='ocr_carea' id='block_1_18' title="bbox 188 1614 1777 1692">
    <p class='ocr_par' dir='ltr' id='par_1_18' title="bbox 188 1614 1777 1692">
     <span class='ocr_line' id='line_1_18' title="bbox 188 1614 1777 1692; baseline -0.009 -13"><span class='ocrx_word' id='word_1_115' title='bbox 188 1626 387 1680; x_wconf 88' lang='grc' dir='ltr'>σκόπου</span> <span class='ocrx_word' id='word_1_116' title='bbox 418 1625 519 1677; x_wconf 73' lang='grc' dir='ltr'>καὶ</span> <span class='ocrx_word' id='word_1_117' title='bbox 537 1622 633 1677; x_wconf 80' lang='grc' dir='ltr'><strong>τοῦ</strong></span> <span class='ocrx_word' id='word_1_118' title='bbox 655 1623 942 1692; x_wconf 83' lang='grc' dir='ltr'>οἰκονόμου</span> <span class='ocrx_word' id='word_1_119' title='bbox 972 1622 1067 1675; x_wconf 66' lang='grc' dir='ltr'><strong>καὶ⁹</strong></span> <span class='ocrx_word' id='word_1_120' title='bbox 1084 1621 1180 1675; x_wconf 82' lang='grc' dir='ltr'>τοῦ</span> <span class='ocrx_word' id='word_1_121' title='bbox 1204 1619 1484 1689; x_wconf 80' lang='grc' dir='ltr'>ἄρχοντος,</span> <span class='ocrx_word' id='word_1_122' title='bbox 1505 1614 1650 1670; x_wconf 83' lang='grc' dir='ltr'>κατὰ</span> <span class='ocrx_word' id='word_1_123' title='bbox 1677 1614 1777 1683; x_wconf 86' lang='grc' dir='ltr'>τὴν</span> 
     </span>
    </p>
   </div>
   <div class='ocr_carea' id='block_1_19' title="bbox 1869 505 3461 579">
    <p class='ocr_par' dir='ltr' id='par_1_19' title="bbox 1869 505 3461 579">
     <span class='ocr_line' id='line_1_19' title="bbox 1869 505 3461 579; baseline 0.003 -20"><span class='ocrx_word' id='word_1_124' title='bbox 1869 521 1993 560; x_wconf 89' lang='lat' dir='ltr'><strong>nem</strong></span> <span class='ocrx_word' id='word_1_125' title='bbox 2041 520 2232 561; x_wconf 91' lang='lat' dir='ltr'><strong>eorum</strong></span> <span class='ocrx_word' id='word_1_126' title='bbox 2274 506 2368 576; x_wconf 89' lang='lat' dir='ltr'><strong>qtti</strong></span> <span class='ocrx_word' id='word_1_127' title='bbox 2404 505 2567 579; x_wconf 80' lang='lat' dir='ltr'><strong>[illic]</strong></span> <span class='ocrx_word' id='word_1_128' title='bbox 2624 507 2929 573; x_wconf 90' lang='lat' dir='ltr'><strong>assideant,</strong></span> <span class='ocrx_word' id='word_1_129' title='bbox 2982 508 3205 563; x_wconf 86' lang='lat' dir='ltr'><strong>donare.</strong></span> <span class='ocrx_word' id='word_1_130' title='bbox 3256 508 3461 563; x_wconf 88' lang='lat' dir='ltr'><strong>Deinde</strong></span> 
     </span>
    </p>
   </div>
   <div class='ocr_carea' id='block_1_20' title="bbox 1869 597 3458 668">
    <p class='ocr_par' dir='ltr' id='par_1_20' title="bbox 1869 597 3458 668">
     <span class='ocr_line' id='line_1_20' title="bbox 1869 597 3458 668; baseline 0.001 -17"><span class='ocrx_word' id='word_1_131' title='bbox 1869 612 2002 652; x_wconf 87' lang='lat' dir='ltr'><strong>vero</strong></span> <span class='ocrx_word' id='word_1_132' title='bbox 2030 597 2358 668; x_wconf 87' lang='lat' dir='ltr'><strong>episcopum</strong></span> <span class='ocrx_word' id='word_1_133' title='bbox 2390 614 2504 652; x_wconf 90' lang='lat' dir='ltr'><strong>rem</strong></span> <span class='ocrx_word' id='word_1_134' title='bbox 2534 597 2794 653; x_wconf 89' lang='lat' dir='ltr'><strong>omnibus</strong></span> <span class='ocrx_word' id='word_1_135' title='bbox 2828 598 3175 653; x_wconf 70' lang='lat' dir='ltr'><strong>manifestam</strong></span> <span class='ocrx_word' id='word_1_136' title='bbox 3210 601 3458 665; x_wconf 79' lang='lat' dir='ltr'><strong>reddere,</strong></span> 
     </span>
    </p>
   </div>
   <div class='ocr_carea' id='block_1_21' title="bbox 1868 689 3461 761">
    <p class='ocr_par' dir='ltr' id='par_1_21' title="bbox 1868 689 3461 761">
     <span class='ocr_line' id='line_1_21' title="bbox 1868 689 3461 761; baseline -0.001 -17"><span class='ocrx_word' id='word_1_137' title='bbox 1868 690 2087 761; x_wconf 85' lang='lat' dir='ltr'><strong>publice</strong></span> <span class='ocrx_word' id='word_1_138' title='bbox 2122 689 2253 745; x_wconf 87' lang='lat' dir='ltr'><strong>illuc</strong></span> <span class='ocrx_word' id='word_1_139' title='bbox 2283 689 2599 759; x_wconf 87' lang='lat' dir='ltr'><strong>procedere,</strong></span> <span class='ocrx_word' id='word_1_140' title='bbox 2649 698 2703 743; x_wconf 89' lang='lat' dir='ltr'><strong>et</strong></span> <span class='ocrx_word' id='word_1_141' title='bbox 2734 690 2992 745; x_wconf 90' lang='lat' dir='ltr'><strong>adhibitis</strong></span> <span class='ocrx_word' id='word_1_142' title='bbox 3030 690 3285 759; x_wconf 83' lang='lat' dir='ltr'><strong>precibus</strong></span> <span class='ocrx_word' id='word_1_143' title='bbox 3328 706 3461 745; x_wconf 78' lang='lat' dir='ltr'><strong>cru-</strong></span> 
     </span>
    </p>
   </div>
   <div class='ocr_carea' id='block_1_22' title="bbox 1870 779 3457 855">
    <p class='ocr_par' dir='ltr' id='par_1_22' title="bbox 1870 779 3457 855">
     <span class='ocr_line' id='line_1_22' title="bbox 1870 779 3457 855; baseline 0 -19"><span class='ocrx_word' id='word_1_144' title='bbox 1870 797 1987 836; x_wconf 89' lang='lat' dir='ltr'><strong>cem</strong></span> <span class='ocrx_word' id='word_1_145' title='bbox 2013 782 2199 852; x_wconf 85' lang='lat' dir='ltr'><strong>ligere,</strong></span> <span class='ocrx_word' id='word_1_146' title='bbox 2240 790 2423 836; x_wconf 86' lang='lat' dir='ltr'><strong>actum</strong></span> <span class='ocrx_word' id='word_1_147' title='bbox 2463 779 2888 853; x_wconf 82' lang='lat' dir='ltr'><strong>[denmm]opus</strong></span> <span class='ocrx_word' id='word_1_148' title='bbox 2916 780 3167 836; x_wconf 87' lang='lat' dir='ltr'><strong>inchoari</strong></span> <span class='ocrx_word' id='word_1_149' title='bbox 3189 780 3457 855; x_wconf 86' lang='lat' dir='ltr'><strong>[debere].</strong></span> 
     </span>
    </p>
   </div>
   <div class='ocr_carea' id='block_1_23' title="bbox 1871 871 3461 944">
    <p class='ocr_par' dir='ltr' id='par_1_23' title="bbox 1871 871 3461 944">
     <span class='ocr_line' id='line_1_23' title="bbox 1871 871 3461 944; baseline 0.003 -19"><span class='ocrx_word' id='word_1_150' title='bbox 1871 872 1960 941; x_wconf 89' lang='lat' dir='ltr'><strong>Et,</strong></span> <span class='ocrx_word' id='word_1_151' title='bbox 1984 873 2133 943; x_wconf 91' lang='lat' dir='ltr'><strong>quod</strong></span> <span class='ocrx_word' id='word_1_152' title='bbox 2161 873 2256 943; x_wconf 89' lang='lat' dir='ltr'><strong>qui</strong></span> <span class='ocrx_word' id='word_1_153' title='bbox 2291 888 2499 926; x_wconf 88' lang='lat' dir='ltr'><strong>novum</strong></span> <span class='ocrx_word' id='word_1_154' title='bbox 2530 871 2886 944; x_wconf 75' lang='lat' dir='ltr'><strong>[oratoriuml</strong></span> <span class='ocrx_word' id='word_1_155' title='bbox 2914 881 3223 940; x_wconf 74' lang='lat' dir='ltr'><strong>exstruere,</strong></span> <span class='ocrx_word' id='word_1_156' title='bbox 3246 875 3333 929; x_wconf 86' lang='lat' dir='ltr'><strong>vel</strong></span> <span class='ocrx_word' id='word_1_157' title='bbox 3363 890 3461 929; x_wconf 85' lang='lat' dir='ltr'><strong>ve-</strong></span> 
     </span>
    </p>
   </div>
   <div class='ocr_carea' id='block_1_24' title="bbox 1874 965 3462 1035">
    <p class='ocr_par' dir='ltr' id='par_1_24' title="bbox 1874 965 3462 1035">
     <span class='ocr_line' id='line_1_24' title="bbox 1874 965 3462 1035; baseline 0.002 -17"><span class='ocrx_word' id='word_1_158' title='bbox 1874 973 1960 1020; x_wconf 90' lang='lat' dir='ltr'><strong>tus</strong></span> <span class='ocrx_word' id='word_1_159' title='bbox 1984 979 2246 1020; x_wconf 89' lang='lat' dir='ltr'><strong>revocare</strong></span> <span class='ocrx_word' id='word_1_160' title='bbox 2295 965 2548 1033; x_wconf 88' lang='lat' dir='ltr'><strong>coeperit,</strong></span> <span class='ocrx_word' id='word_1_161' title='bbox 2577 976 2815 1034; x_wconf 90' lang='lat' dir='ltr'><strong>coeptum</strong></span> <span class='ocrx_word' id='word_1_162' title='bbox 2848 965 3112 1035; x_wconf 84' lang='lat' dir='ltr'><strong>perlicere</strong></span> <span class='ocrx_word' id='word_1_163' title='bbox 3138 966 3207 1021; x_wconf 85' lang='lat' dir='ltr'><strong>ab</strong></span> <span class='ocrx_word' id='word_1_164' title='bbox 3239 980 3462 1021; x_wconf 86' lang='lat' dir='ltr'><strong>oecono-</strong></span> 
     </span>
    </p>
   </div>
   <div class='ocr_carea' id='block_1_25' title="bbox 1871 1056 3456 1129">
    <p class='ocr_par' dir='ltr' id='par_1_25' title="bbox 1871 1056 3456 1129">
     <span class='ocr_line' id='line_1_25' title="bbox 1871 1056 3456 1129; baseline 0.001 -19"><span class='ocrx_word' id='word_1_165' title='bbox 1871 1056 1999 1122; x_wconf 87' lang='lat' dir='ltr'><strong>mis,</strong></span> <span class='ocrx_word' id='word_1_166' title='bbox 2014 1057 2293 1126; x_wconf 85' lang='lat' dir='ltr'><strong>episcopo,</strong></span> <span class='ocrx_word' id='word_1_167' title='bbox 2308 1066 2359 1111; x_wconf 87' lang='lat' dir='ltr'><strong>et</strong></span> <span class='ocrx_word' id='word_1_168' title='bbox 2380 1057 2704 1127; x_wconf 80' lang='lat' dir='ltr'><strong>magistratu</strong></span> <span class='ocrx_word' id='word_1_169' title='bbox 2726 1072 2850 1111; x_wconf 91' lang='lat' dir='ltr'><strong>cum</strong></span> <span class='ocrx_word' id='word_1_170' title='bbox 2871 1058 3179 1113; x_wconf 82' lang='lat' dir='ltr'><strong>haeredibus</strong></span> <span class='ocrx_word' id='word_1_171' title='bbox 3204 1068 3456 1129; x_wconf 88' lang='lat' dir='ltr'><strong>cogatur.</strong></span> 
     </span>
    </p>
   </div>
   <div class='ocr_carea' id='block_1_26' title="bbox 1948 1146 3461 1224">
    <p class='ocr_par' dir='ltr' id='par_1_26' title="bbox 1948 1146 3461 1224">
     <span class='ocr_line' id='line_1_26' title="bbox 1948 1146 3461 1224; baseline 0.005 -23"><span class='ocrx_word' id='word_1_172' title='bbox 1948 1146 2165 1203; x_wconf 68' lang='lat' dir='ltr'><strong>Teztus.</strong></span> <span class='ocrx_word' id='word_1_173' title='bbox 2201 1149 2356 1216; x_wconf 86' lang='lat' dir='ltr'><strong>Quod</strong></span> <span class='ocrx_word' id='word_1_174' title='bbox 2384 1151 2430 1206; x_wconf 91' lang='lat' dir='ltr'><strong>si</strong></span> <span class='ocrx_word' id='word_1_175' title='bbox 2465 1152 2589 1221; x_wconf 86' lang='lat' dir='ltr'><strong>quis</strong></span> <span class='ocrx_word' id='word_1_176' title='bbox 2624 1151 2787 1224; x_wconf 70' lang='grc'><strong>148</strong></span> <span class='ocrx_word' id='word_1_177' title='bbox 2814 1154 2866 1207; x_wconf 91' lang='lat' dir='ltr'><strong>in</strong></span> <span class='ocrx_word' id='word_1_178' title='bbox 2897 1155 3111 1224; x_wconf 88' lang='lat' dir='ltr'><strong>privato</strong></span> <span class='ocrx_word' id='word_1_179' title='bbox 3142 1155 3461 1209; x_wconf 85' lang='lat' dir='ltr'><strong>suburbano</strong></span> 
     </span>
    </p>
   </div>
   <div class='ocr_carea' id='block_1_27' title="bbox 1875 1241 3463 1317">
    <p class='ocr_par' dir='ltr' id='par_1_27' title="bbox 1875 1241 3463 1317">
     <span class='ocr_line' id='line_1_27' title="bbox 1875 1241 3463 1317; baseline 0.004 -24"><span class='ocrx_word' id='word_1_180' title='bbox 1875 1248 1970 1294; x_wconf 92' lang='lat' dir='ltr'><strong>aut</strong></span> <span class='ocrx_word' id='word_1_181' title='bbox 2008 1241 2214 1310; x_wconf 67' lang='lat' dir='ltr'><strong>praedio</strong></span> <span class='ocrx_word' id='word_1_182' title='bbox 2266 1242 2386 1297; x_wconf 91' lang='lat' dir='ltr'><strong>sine</strong></span> <span class='ocrx_word' id='word_1_183' title='bbox 2421 1244 2638 1298; x_wconf 86' lang='lat' dir='ltr'><strong>clericis</strong></span> <span class='ocrx_word' id='word_1_184' title='bbox 2667 1260 2698 1298; x_wconf 91' lang='lat' dir='ltr'><strong>a</strong></span> <span class='ocrx_word' id='word_1_185' title='bbox 2734 1247 2976 1300; x_wconf 86' lang='lat' dir='ltr'><strong>locorum</strong></span> <span class='ocrx_word' id='word_1_186' title='bbox 3009 1247 3265 1316; x_wconf 87' lang='lat' dir='ltr'><strong>episcopo</strong></span> <span class='ocrx_word' id='word_1_187' title='bbox 3292 1249 3463 1317; x_wconf 77' lang='lat' dir='ltr'><strong>depu-</strong></span> 
     </span>
    </p>
   </div>
   <div class='ocr_carea' id='block_1_28' title="bbox 1877 1331 3458 1407">
    <p class='ocr_par' dir='ltr' id='par_1_28' title="bbox 1877 1331 3458 1407">
     <span class='ocr_line' id='line_1_28' title="bbox 1877 1331 3458 1407; baseline 0.003 -22"><span class='ocrx_word' id='word_1_188' title='bbox 1877 1331 2024 1395; x_wconf 86' lang='lat' dir='ltr'><strong>tatis,</strong></span> <span class='ocrx_word' id='word_1_189' title='bbox 2060 1347 2281 1387; x_wconf 87' lang='lat' dir='ltr'><strong>sacrum</strong></span> <span class='ocrx_word' id='word_1_190' title='bbox 2335 1335 2701 1389; x_wconf 88' lang='lat' dir='ltr'><strong>ministerium</strong></span> <span class='ocrx_word' id='word_1_191' title='bbox 2751 1344 2995 1407; x_wconf 77' lang='lat' dir='ltr'><strong>peragat,</strong></span> <span class='ocrx_word' id='word_1_192' title='bbox 3050 1337 3133 1390; x_wconf 87' lang='lat' dir='ltr'><strong>vel</strong></span> <span class='ocrx_word' id='word_1_193' title='bbox 3177 1336 3458 1405; x_wconf 80' lang='lat' dir='ltr'><strong>aliquibus</strong></span> 
     </span>
    </p>
   </div>
   <div class='ocr_carea' id='block_1_29' title="bbox 1877 1426 3459 1500">
    <p class='ocr_par' dir='ltr' id='par_1_29' title="bbox 1877 1426 3459 1500">
     <span class='ocr_line' id='line_1_29' title="bbox 1877 1426 3459 1500; baseline 0.005 -23"><span class='ocrx_word' id='word_1_194' title='bbox 1877 1439 2143 1494; x_wconf 83' lang='lat' dir='ltr'><strong>peragere</strong></span> <span class='ocrx_word' id='word_1_195' title='bbox 2188 1426 2452 1481; x_wconf 86' lang='lat' dir='ltr'><strong>concedat</strong></span> <span class='ocrx_word' id='word_1_196' title='bbox 2485 1446 2498 1482; x_wconf 89' lang='lat'>:</span> <span class='ocrx_word' id='word_1_197' title='bbox 2532 1429 2710 1496; x_wconf 89' lang='lat' dir='ltr'><strong>locus,</strong></span> <span class='ocrx_word' id='word_1_198' title='bbox 2757 1431 2812 1483; x_wconf 91' lang='lat' dir='ltr'><strong>in</strong></span> <span class='ocrx_word' id='word_1_199' title='bbox 2850 1444 2960 1500; x_wconf 92' lang='lat' dir='ltr'><strong>quo</strong></span> <span class='ocrx_word' id='word_1_200' title='bbox 3010 1429 3063 1483; x_wconf 91' lang='lat' dir='ltr'><strong>id</strong></span> <span class='ocrx_word' id='word_1_201' title='bbox 3114 1431 3321 1485; x_wconf 89' lang='lat' dir='ltr'><strong>sciente</strong></span> <span class='ocrx_word' id='word_1_202' title='bbox 3358 1431 3459 1484; x_wconf 78' lang='lat' dir='ltr'><strong>do-</strong></span> 
     </span>
    </p>
   </div>
   <div class='ocr_carea' id='block_1_30' title="bbox 1878 1517 3462 1591">
    <p class='ocr_par' dir='ltr' id='par_1_30' title="bbox 1878 1517 3462 1591">
     <span class='ocr_line' id='line_1_30' title="bbox 1878 1517 3462 1591; baseline 0.004 -21"><span class='ocrx_word' id='word_1_203' title='bbox 1878 1519 2029 1571; x_wconf 92' lang='lat' dir='ltr'><strong>mino</strong></span> <span class='ocrx_word' id='word_1_204' title='bbox 2082 1517 2287 1573; x_wconf 87' lang='lat' dir='ltr'><strong>factum</strong></span> <span class='ocrx_word' id='word_1_205' title='bbox 2335 1530 2441 1584; x_wconf 88' lang='lat' dir='ltr'><strong>est,</strong></span> <span class='ocrx_word' id='word_1_206' title='bbox 2488 1535 2587 1589; x_wconf 89' lang='lat' dir='ltr'><strong>per</strong></span> <span class='ocrx_word' id='word_1_207' title='bbox 2631 1521 2976 1591; x_wconf 88' lang='lat' dir='ltr'><strong>episcopum,</strong></span> <span class='ocrx_word' id='word_1_208' title='bbox 3021 1537 3369 1577; x_wconf 71' lang='lat' dir='ltr'><strong>(economum</strong></span> <span class='ocrx_word' id='word_1_209' title='bbox 3406 1532 3462 1577; x_wconf 88' lang='lat' dir='ltr'><strong>et</strong></span> 
     </span>
    </p>
   </div>
   <div class='ocr_carea' id='block_1_31' title="bbox 1878 1610 3462 1680">
    <p class='ocr_par' dir='ltr' id='par_1_31' title="bbox 1878 1610 3462 1680">
     <span class='ocr_line' id='line_1_31' title="bbox 1878 1610 3462 1680; baseline 0.004 -17"><span class='ocrx_word' id='word_1_210' title='bbox 1878 1611 2260 1680; x_wconf 88' lang='lat' dir='ltr'><strong>magistratum</strong></span> <span class='ocrx_word' id='word_1_211' title='bbox 2314 1610 2592 1665; x_wconf 88' lang='lat' dir='ltr'><strong>addicitur</strong></span> <span class='ocrx_word' id='word_1_212' title='bbox 2632 1614 2909 1679; x_wconf 73' lang='lat' dir='ltr'><strong>Ecclesiae,</strong></span> <span class='ocrx_word' id='word_1_213' title='bbox 2972 1616 3277 1671; x_wconf 89' lang='lat' dir='ltr'><strong>secundum</strong></span> <span class='ocrx_word' id='word_1_214' title='bbox 3329 1631 3462 1671; x_wconf 86' lang='lat' dir='ltr'><strong>con-</strong></span> 
     </span>
    </p>
   </div>
   <div class='ocr_carea' id='block_1_32' title="bbox 189 1701 1777 1787">
    <p class='ocr_par' dir='ltr' id='par_1_32' title="bbox 189 1702 1774 1787">
     <span class='ocr_line' id='line_1_32' title="bbox 189 1702 1774 1787; baseline -0.01 -15"><span class='ocrx_word' id='word_1_215' title='bbox 189 1716 235 1787; x_wconf 83' lang='grc' dir='ltr'>γ⁸</span> <span class='ocrx_word' id='word_1_216' title='bbox 260 1718 400 1772; x_wconf 87' lang='grc' dir='ltr'>διάτ.</span> <span class='ocrx_word' id='word_1_217' title='bbox 424 1716 523 1771; x_wconf 82' lang='grc' dir='ltr'>τοῦ</span> <span class='ocrx_word' id='word_1_218' title='bbox 557 1714 600 1787; x_wconf 85' lang='grc' dir='ltr'><strong>β’</strong></span> <span class='ocrx_word' id='word_1_219' title='bbox 633 1717 737 1769; x_wconf 89' lang='grc' dir='ltr'>τίτ.</span> <span class='ocrx_word' id='word_1_220' title='bbox 766 1714 877 1768; x_wconf 86' lang='grc' dir='ltr'><strong>τῶν</strong></span> <span class='ocrx_word' id='word_1_221' title='bbox 914 1713 1163 1784; x_wconf 87' lang='grc' dir='ltr'>Νεαρῶν.</span> <span class='ocrx_word' id='word_1_222' title='bbox 1199 1711 1263 1764; x_wconf 86' lang='grc' dir='ltr'><strong>Ἦ</strong></span> <span class='ocrx_word' id='word_1_223' title='bbox 1290 1713 1398 1781; x_wconf 82' lang='grc' dir='ltr'>γὰρ</span> <span class='ocrx_word' id='word_1_224' title='bbox 1427 1707 1481 1774; x_wconf 87' lang='grc' dir='ltr'>ς’</span> <span class='ocrx_word' id='word_1_225' title='bbox 1503 1706 1644 1762; x_wconf 87' lang='grc' dir='ltr'>διάτ.</span> <span class='ocrx_word' id='word_1_226' title='bbox 1680 1702 1774 1759; x_wconf 81' lang='grc' dir='ltr'><strong>τοῦ</strong></span> 
     </span>
    </p>
   </div>
   <div class='ocr_carea' id='block_1_33' title="bbox 1900 1701 3456 1787">
    <p class='ocr_par' dir='ltr' id='par_1_33' title="bbox 1900 1701 3456 1774">
     <span class='ocr_line' id='line_1_33' title="bbox 1900 1701 3456 1774; baseline 0.004 -20"><span class='ocrx_word' id='word_1_227' title='bbox 1900 1702 1993 1756; x_wconf 68' lang='grc' dir='ltr'>ιιίι.</span> <span class='ocrx_word' id='word_1_228' title='bbox 2047 1702 2104 1767; x_wconf 91' lang='grc'><strong>5,</strong></span> <span class='ocrx_word' id='word_1_229' title='bbox 2138 1702 2222 1756; x_wconf 91' lang='lat' dir='ltr'><strong>tit.</strong></span> <span class='ocrx_word' id='word_1_230' title='bbox 2252 1702 2288 1755; x_wconf 80' lang='lat'><strong>‘2</strong></span> <span class='ocrx_word' id='word_1_231' title='bbox 2322 1701 2695 1759; x_wconf 87' lang='lat' dir='ltr'><strong>Novellarum.</strong></span> <span class='ocrx_word' id='word_1_232' title='bbox 2726 1704 2962 1761; x_wconf 83' lang='lat' dir='ltr'><strong>Constit.</strong></span> <span class='ocrx_word' id='word_1_233' title='bbox 2996 1717 3178 1761; x_wconf 91' lang='lat' dir='ltr'><strong>autem</strong></span> <span class='ocrx_word' id='word_1_234' title='bbox 3221 1708 3276 1774; x_wconf 96' lang='lat'><strong>6,</strong></span> <span class='ocrx_word' id='word_1_235' title='bbox 3310 1709 3393 1761; x_wconf 88' lang='lat' dir='ltr'><strong>tit.</strong></span> <span class='ocrx_word' id='word_1_236' title='bbox 3428 1708 3456 1761; x_wconf 80' lang='grc'><strong>1</strong></span> 
     </span>
    </p>
   </div>
   <div class='ocr_carea' id='block_1_34' title="bbox 192 1779 1777 1876">
    <p class='ocr_par' dir='ltr' id='par_1_34' title="bbox 192 1798 1774 1876">
     <span class='ocr_line' id='line_1_34' title="bbox 192 1798 1774 1876; baseline -0.008 -14"><span class='ocrx_word' id='word_1_237' title='bbox 192 1815 235 1862; x_wconf 83' lang='grc' dir='ltr'>α’</span> <span class='ocrx_word' id='word_1_238' title='bbox 256 1809 356 1862; x_wconf 92' lang='grc' dir='ltr'>τίτ.</span> <span class='ocrx_word' id='word_1_239' title='bbox 376 1809 489 1862; x_wconf 85' lang='grc' dir='ltr'>τῶν</span> <span class='ocrx_word' id='word_1_240' title='bbox 526 1808 707 1862; x_wconf 82' lang='grc' dir='ltr'>αὐτῶν</span> <span class='ocrx_word' id='word_1_241' title='bbox 745 1805 992 1876; x_wconf 85' lang='grc' dir='ltr'>Νεαρῶν,</span> <span class='ocrx_word' id='word_1_242' title='bbox 1029 1800 1181 1857; x_wconf 76' lang='grc' dir='ltr'>εἶπεν</span> <span class='ocrx_word' id='word_1_243' title='bbox 1209 1803 1374 1857; x_wconf 80' lang='grc' dir='ltr'>αὐτὸν</span> <span class='ocrx_word' id='word_1_244' title='bbox 1404 1798 1729 1871; x_wconf 83' lang='grc' dir='ltr'>φισκοῦσθαι</span> <span class='ocrx_word' id='word_1_245' title='bbox 1762 1812 1774 1825; x_wconf 87' lang='grc'><strong>·</strong></span> 
     </span>
    </p>
   </div>
   <div class='ocr_carea' id='block_1_35' title="bbox 1900 1779 3457 1876">
    <p class='ocr_par' dir='ltr' id='par_1_35' title="bbox 1900 1791 3457 1866">
     <span class='ocr_line' id='line_1_35' title="bbox 1900 1791 3457 1866; baseline 0.004 -20"><span class='ocrx_word' id='word_1_246' title='bbox 1900 1791 2253 1860; x_wconf 55' lang='grc' dir='ltr'>ἳονεΙΙειυυιιι,</span> <span class='ocrx_word' id='word_1_247' title='bbox 2285 1796 2437 1849; x_wconf 89' lang='lat' dir='ltr'><strong>illum</strong></span> <span class='ocrx_word' id='word_1_248' title='bbox 2472 1797 2763 1851; x_wconf 84' lang='lat' dir='ltr'><strong>conﬁscari</strong></span> <span class='ocrx_word' id='word_1_249' title='bbox 2821 1799 2974 1855; x_wconf 84' lang='lat' dir='ltr'><strong>dicit.</strong></span> <span class='ocrx_word' id='word_1_250' title='bbox 3015 1798 3079 1853; x_wconf 86' lang='lat' dir='ltr'><strong>Et</strong></span> <span class='ocrx_word' id='word_1_251' title='bbox 3109 1803 3326 1854; x_wconf 89' lang='lat' dir='ltr'><strong>constit.</strong></span> <span class='ocrx_word' id='word_1_252' title='bbox 3372 1800 3457 1866; x_wconf 78' lang='grc'><strong>15,</strong></span> 
     </span>
    </p>
   </div>
   <div class='ocr_carea' id='block_1_36' title="bbox 191 1886 1777 1971">
    <p class='ocr_par' dir='ltr' id='par_1_36' title="bbox 191 1889 1777 1971">
     <span class='ocr_line' id='line_1_36' title="bbox 191 1889 1777 1971; baseline -0.008 -18"><span class='ocrx_word' id='word_1_253' title='bbox 191 1900 337 1971; x_wconf 78' lang='grc' dir='ltr'>καὶή</span> <span class='ocrx_word' id='word_1_254' title='bbox 375 1906 438 1953; x_wconf 85' lang='grc' dir='ltr'>ιε’</span> <span class='ocrx_word' id='word_1_255' title='bbox 478 1900 618 1952; x_wconf 87' lang='grc' dir='ltr'>διάτ.</span> <span class='ocrx_word' id='word_1_256' title='bbox 649 1898 743 1951; x_wconf 81' lang='grc' dir='ltr'><strong>τοῦ</strong></span> <span class='ocrx_word' id='word_1_257' title='bbox 777 1895 825 1966; x_wconf 89' lang='grc' dir='ltr'>γ’</span> <span class='ocrx_word' id='word_1_258' title='bbox 856 1896 962 1948; x_wconf 86' lang='grc' dir='ltr'>τίτ.</span> <span class='ocrx_word' id='word_1_259' title='bbox 991 1895 1083 1949; x_wconf 81' lang='grc' dir='ltr'>τοῦ</span> <span class='ocrx_word' id='word_1_260' title='bbox 1117 1893 1166 1948; x_wconf 86' lang='grc' dir='ltr'>α’</span> <span class='ocrx_word' id='word_1_261' title='bbox 1198 1894 1340 1965; x_wconf 78' lang='grc' dir='ltr'>βιϐλ.</span> <span class='ocrx_word' id='word_1_262' title='bbox 1377 1892 1473 1945; x_wconf 80' lang='grc' dir='ltr'>τοῦ</span> <span class='ocrx_word' id='word_1_263' title='bbox 1530 1889 1662 1944; x_wconf 84' lang='grc' dir='ltr'>κώδ.</span> <span class='ocrx_word' id='word_1_264' title='bbox 1714 1889 1777 1940; x_wconf 81' lang='lat' dir='ltr'><strong>El</strong></span> 
     </span>
    </p>
   </div>
   <div class='ocr_carea' id='block_1_37' title="bbox 1900 1886 3461 1971">
    <p class='ocr_par' dir='ltr' id='par_1_37' title="bbox 1900 1886 3461 1961">
     <span class='ocr_line' id='line_1_37' title="bbox 1900 1886 3461 1961; baseline 0.006 -23"><span class='ocrx_word' id='word_1_265' title='bbox 1900 1886 1968 1940; x_wconf 63' lang='lat' dir='ltr'><strong>,it.</strong></span> <span class='ocrx_word' id='word_1_266' title='bbox 1998 1887 2055 1951; x_wconf 92' lang='lat'><strong>5,</strong></span> <span class='ocrx_word' id='word_1_267' title='bbox 2092 1887 2185 1941; x_wconf 90' lang='lat' dir='ltr'><strong>lib.</strong></span> <span class='ocrx_word' id='word_1_268' title='bbox 2219 1904 2253 1953; x_wconf 75' lang='grc' dir='ltr'><strong>ι,</strong></span> <span class='ocrx_word' id='word_1_269' title='bbox 2286 1888 2410 1943; x_wconf 86' lang='lat' dir='ltr'><strong>cod.</strong></span> <span class='ocrx_word' id='word_1_270' title='bbox 2450 1888 2511 1942; x_wconf 81' lang='lat' dir='ltr'><strong>Si</strong></span> <span class='ocrx_word' id='word_1_271' title='bbox 2545 1904 2674 1943; x_wconf 88' lang='lat' dir='ltr'><strong>vero</strong></span> <span class='ocrx_word' id='word_1_272' title='bbox 2709 1905 2822 1943; x_wconf 82' lang='lat' dir='ltr'><strong>rem</strong></span> <span class='ocrx_word' id='word_1_273' title='bbox 2867 1892 3015 1944; x_wconf 86' lang='lat' dir='ltr'><strong>illam</strong></span> <span class='ocrx_word' id='word_1_274' title='bbox 3051 1892 3324 1961; x_wconf 84' lang='lat' dir='ltr'><strong>ignoravit</strong></span> <span class='ocrx_word' id='word_1_275' title='bbox 3361 1893 3461 1947; x_wconf 89' lang='lat' dir='ltr'><strong>do-</strong></span> 
     </span>
    </p>
   </div>
   <div class='ocr_carea' id='block_1_38' title="bbox 194 1980 1776 2064">
    <p class='ocr_par' dir='ltr' id='par_1_38' title="bbox 194 1980 1776 2064">
     <span class='ocr_line' id='line_1_38' title="bbox 194 1980 1776 2064; baseline -0.009 -17"><span class='ocrx_word' id='word_1_276' title='bbox 194 1994 245 2047; x_wconf 80' lang='grc' dir='ltr'>δὲ</span> <span class='ocrx_word' id='word_1_277' title='bbox 272 1992 511 2064; x_wconf 76' lang='grc' dir='ltr'>ἠγνόησε</span> <span class='ocrx_word' id='word_1_278' title='bbox 560 1990 622 2045; x_wconf 88' lang='grc' dir='ltr'><strong>τδ</strong></span> <span class='ocrx_word' id='word_1_279' title='bbox 652 1991 938 2061; x_wconf 85' lang='grc' dir='ltr'>γινόμενον</span> <span class='ocrx_word' id='word_1_280' title='bbox 968 1991 996 2042; x_wconf 85' lang='grc' dir='ltr'>ὁ</span> <span class='ocrx_word' id='word_1_281' title='bbox 1027 1987 1316 2057; x_wconf 82' lang='grc' dir='ltr'>δεσπότης,</span> <span class='ocrx_word' id='word_1_282' title='bbox 1347 1986 1408 2037; x_wconf 88' lang='grc' dir='ltr'><strong>οὐ</strong></span> <span class='ocrx_word' id='word_1_283' title='bbox 1440 1980 1731 2054; x_wconf 80' lang='grc' dir='ltr'>ζημιοῦται</span> <span class='ocrx_word' id='word_1_284' title='bbox 1761 1995 1776 2012; x_wconf 78' lang='grc' dir='ltr'><strong>ο</strong></span> 
     </span>
    </p>
   </div>
   <div class='ocr_carea' id='block_1_39' title="bbox 195 2069 1779 2151">
    <p class='ocr_par' dir='ltr' id='par_1_39' title="bbox 195 2069 1779 2151">
     <span class='ocr_line' id='line_1_39' title="bbox 195 2069 1779 2151; baseline -0.009 -16"><span class='ocrx_word' id='word_1_285' title='bbox 195 2082 300 2137; x_wconf 84' lang='grc' dir='ltr'>ἀλλ’</span> <span class='ocrx_word' id='word_1_286' title='bbox 357 2083 408 2133; x_wconf 78' lang='grc' dir='ltr'><strong>οἱ</strong></span> <span class='ocrx_word' id='word_1_287' title='bbox 458 2082 824 2150; x_wconf 81' lang='grc' dir='ltr'>γινώσκοντες</span> <span class='ocrx_word' id='word_1_288' title='bbox 884 2078 1207 2151; x_wconf 73' lang='grc' dir='ltr'>φροντισταὶ</span> <span class='ocrx_word' id='word_1_289' title='bbox 1235 2074 1333 2129; x_wconf 80' lang='grc' dir='ltr'>καὶ</span> <span class='ocrx_word' id='word_1_290' title='bbox 1387 2072 1660 2142; x_wconf 73' lang='grc' dir='ltr'>μισθωταὶ</span> <span class='ocrx_word' id='word_1_291' title='bbox 1685 2069 1779 2123; x_wconf 76' lang='grc' dir='ltr'><strong>καὶ</strong></span> 
     </span>
    </p>
   </div>
   <div class='ocr_carea' id='block_1_40' title="bbox 198 2162 1780 2247">
    <p class='ocr_par' dir='ltr' id='par_1_40' title="bbox 198 2162 1780 2247">
     <span class='ocr_line' id='line_1_40' title="bbox 198 2162 1780 2247; baseline -0.009 -19"><span class='ocrx_word' id='word_1_292' title='bbox 198 2176 536 2245; x_wconf 76' lang='grc' dir='ltr'>ἐμφυτευταὶ</span> <span class='ocrx_word' id='word_1_293' title='bbox 566 2173 902 2247; x_wconf 78' lang='grc' dir='ltr'>ἐξορίζονται</span> <span class='ocrx_word' id='word_1_294' title='bbox 929 2173 1029 2243; x_wconf 82' lang='grc' dir='ltr'>τῆς</span> <span class='ocrx_word' id='word_1_295' title='bbox 1053 2169 1347 2241; x_wconf 85' lang='grc' dir='ltr'>ἐπαρχίας,</span> <span class='ocrx_word' id='word_1_296' title='bbox 1377 2166 1485 2220; x_wconf 87' lang='grc' dir='ltr'><strong>τῶν</strong></span> <span class='ocrx_word' id='word_1_297' title='bbox 1518 2162 1780 2236; x_wconf 81' lang='grc' dir='ltr'>πραγμά-</span> 
     </span>
    </p>
   </div>
   <div class='ocr_carea' id='block_1_41' title="bbox 200 2255 1781 2337">
    <p class='ocr_par' dir='ltr' id='par_1_41' title="bbox 200 2255 1781 2337">
     <span class='ocr_line' id='line_1_41' title="bbox 200 2255 1781 2337; baseline -0.008 -18"><span class='ocrx_word' id='word_1_298' title='bbox 200 2284 297 2320; x_wconf 88' lang='grc' dir='ltr'><strong>των</strong></span> <span class='ocrx_word' id='word_1_299' title='bbox 343 2266 534 2320; x_wconf 81' lang='grc' dir='ltr'>αὐτῶν</span> <span class='ocrx_word' id='word_1_300' title='bbox 580 2264 1078 2337; x_wconf 79' lang='grc' dir='ltr'>προσκυρουμένων</span> <span class='ocrx_word' id='word_1_301' title='bbox 1143 2264 1208 2332; x_wconf 81' lang='grc' dir='ltr'><strong>τῇ</strong></span> <span class='ocrx_word' id='word_1_302' title='bbox 1264 2258 1536 2329; x_wconf 80' lang='grc' dir='ltr'>ἐκκλησίᾳ</span> <span class='ocrx_word' id='word_1_303' title='bbox 1579 2271 1594 2289; x_wconf 89' lang='grc'><strong>·</strong></span> <span class='ocrx_word' id='word_1_304' title='bbox 1646 2256 1696 2308; x_wconf 83' lang='grc' dir='ltr'><strong>οἱ</strong></span> <span class='ocrx_word' id='word_1_305' title='bbox 1722 2255 1781 2308; x_wconf 84' lang='grc' dir='ltr'>δὲ</span> 
     </span>
    </p>
   </div>
   <div class='ocr_carea' id='block_1_42' title="bbox 202 2345 1781 2429">
    <p class='ocr_par' dir='ltr' id='par_1_42' title="bbox 202 2345 1781 2429">
     <span class='ocr_line' id='line_1_42' title="bbox 202 2345 1781 2429; baseline -0.01 -17"><span class='ocrx_word' id='word_1_306' title='bbox 202 2360 425 2429; x_wconf 77' lang='grc' dir='ltr'>ὕπαρχοι</span> <span class='ocrx_word' id='word_1_307' title='bbox 477 2357 654 2411; x_wconf 82' lang='grc' dir='ltr'>ταῦτα</span> <span class='ocrx_word' id='word_1_308' title='bbox 717 2355 1067 2427; x_wconf 84' lang='grc' dir='ltr'>παρορῶντες</span> <span class='ocrx_word' id='word_1_309' title='bbox 1126 2354 1184 2406; x_wconf 85' lang='grc' dir='ltr'><strong>ἐν</strong></span> <span class='ocrx_word' id='word_1_310' title='bbox 1239 2347 1534 2421; x_wconf 82' lang='grc' dir='ltr'>είδήσει,ν’</span> <span class='ocrx_word' id='word_1_311' title='bbox 1592 2345 1781 2418; x_wconf 81' lang='grc' dir='ltr'>λίτρας</span> 
     </span>
    </p>
   </div>
   <div class='ocr_carea' id='block_1_43' title="bbox 203 2435 1779 2517">
    <p class='ocr_par' dir='ltr' id='par_1_43' title="bbox 203 2435 1779 2517">
     <span class='ocr_line' id='line_1_43' title="bbox 203 2435 1779 2517; baseline -0.011 -15"><span class='ocrx_word' id='word_1_312' title='bbox 203 2446 519 2517; x_wconf 80' lang='grc' dir='ltr'>ζημιοῦνται</span> <span class='ocrx_word' id='word_1_313' title='bbox 553 2463 567 2477; x_wconf 77' lang='grc' dir='ltr'><strong><em>ο</em></strong></span> <span class='ocrx_word' id='word_1_314' title='bbox 639 2446 736 2498; x_wconf 72' lang='grc' dir='ltr'>καὶ</span> <span class='ocrx_word' id='word_1_315' title='bbox 775 2446 810 2515; x_wconf 82' lang='grc' dir='ltr'>ὴ</span> <span class='ocrx_word' id='word_1_316' title='bbox 860 2443 1014 2510; x_wconf 81' lang='grc' dir='ltr'>τάξις</span> <span class='ocrx_word' id='word_1_317' title='bbox 1063 2447 1105 2495; x_wconf 86' lang='grc' dir='ltr'>ν’</span> <span class='ocrx_word' id='word_1_318' title='bbox 1139 2459 1153 2473; x_wconf 87' lang='grc'><strong>·</strong></span> <span class='ocrx_word' id='word_1_319' title='bbox 1198 2440 1377 2506; x_wconf 75' lang='grc' dir='ltr'>ἔξεστι</span> <span class='ocrx_word' id='word_1_320' title='bbox 1431 2435 1617 2506; x_wconf 87' lang='grc' dir='ltr'>μέντοι</span> <span class='ocrx_word' id='word_1_321' title='bbox 1667 2435 1779 2497; x_wconf 89' lang='grc' dir='ltr'>τοῖς</span> 
     </span>
    </p>
   </div>
   <div class='ocr_carea' id='block_1_44' title="bbox 205 2526 1780 2608">
    <p class='ocr_par' dir='ltr' id='par_1_44' title="bbox 205 2526 1780 2608">
     <span class='ocr_line' id='line_1_44' title="bbox 205 2526 1780 2608; baseline -0.007 -18"><span class='ocrx_word' id='word_1_322' title='bbox 205 2540 403 2608; x_wconf 70' lang='grc' dir='ltr'>ἔχουσιν</span> <span class='ocrx_word' id='word_1_323' title='bbox 429 2539 491 2590; x_wconf 85' lang='grc' dir='ltr'>ὲν</span> <span class='ocrx_word' id='word_1_324' title='bbox 513 2538 632 2601; x_wconf 86' lang='grc' dir='ltr'>τοῖς</span> <span class='ocrx_word' id='word_1_325' title='bbox 664 2536 832 2599; x_wconf 85' lang='grc' dir='ltr'>οῐκοις</span> <span class='ocrx_word' id='word_1_326' title='bbox 867 2534 1046 2587; x_wconf 79' lang='grc' dir='ltr'>αὐτῶν</span> <span class='ocrx_word' id='word_1_327' title='bbox 1100 2532 1367 2603; x_wconf 84' lang='grc' dir='ltr'>εὐκτήρια</span> <span class='ocrx_word' id='word_1_328' title='bbox 1397 2526 1682 2599; x_wconf 77' lang='grc' dir='ltr'>εὔχεσθαι,</span> <span class='ocrx_word' id='word_1_329' title='bbox 1718 2527 1780 2579; x_wconf 80' lang='grc' dir='ltr'><strong>οὐ</strong></span> 
     </span>
    </p>
   </div>
   <div class='ocr_carea' id='block_1_45' title="bbox 208 2625 1605 2705">
    <p class='ocr_par' dir='ltr' id='par_1_45' title="bbox 208 2625 1605 2705">
     <span class='ocr_line' id='line_1_45' title="bbox 208 2625 1605 2705; baseline -0.004 -21"><span class='ocrx_word' id='word_1_330' title='bbox 208 2633 304 2705; x_wconf 75' lang='grc' dir='ltr'>μὴν</span> <span class='ocrx_word' id='word_1_331' title='bbox 333 2633 427 2686; x_wconf 75' lang='grc' dir='ltr'>καὶ</span> <span class='ocrx_word' id='word_1_332' title='bbox 445 2632 798 2702; x_wconf 81' lang='grc' dir='ltr'>λειτουργίαν</span> <span class='ocrx_word' id='word_1_333' title='bbox 825 2631 981 2700; x_wconf 75' lang='grc' dir='ltr'>παρὰ</span> <span class='ocrx_word' id='word_1_334' title='bbox 1009 2627 1080 2680; x_wconf 87' lang='grc' dir='ltr'><strong>τὰ</strong></span> <span class='ocrx_word' id='word_1_335' title='bbox 1116 2625 1384 2697; x_wconf 78' lang='grc' dir='ltr'>εἰρημένα</span> <span class='ocrx_word' id='word_1_336' title='bbox 1407 2625 1605 2679; x_wconf 86' lang='grc' dir='ltr'>ποιεῖν.</span> 
     </span>
    </p>
   </div>
   <div class='ocr_carea' id='block_1_46' title="bbox 266 2736 1777 2811">
    <p class='ocr_par' dir='ltr' id='par_1_46' title="bbox 266 2736 1777 2811">
     <span class='ocr_line' id='line_1_46' title="bbox 266 2736 1777 2811; baseline -0.006 -10"><span class='ocrx_word' id='word_1_337' title='bbox 266 2747 517 2801; x_wconf 79' lang='grc' dir='ltr'><strong>ΚΕΦΔΛ.</strong></span> <span class='ocrx_word' id='word_1_338' title='bbox 565 2742 667 2799; x_wconf 85' lang='lat' dir='ltr'><strong>lE&#39;.</strong></span> <span class='ocrx_word' id='word_1_339' title='bbox 707 2742 937 2811; x_wconf 74' lang='grc' dir='ltr'>-Περί</span> <span class='ocrx_word' id='word_1_340' title='bbox 971 2740 1322 2795; x_wconf 74' lang='grc' dir='ltr'>ἐπισκόπων</span> <span class='ocrx_word' id='word_1_341' title='bbox 1375 2740 1414 2809; x_wconf 83' lang='grc' dir='ltr'><strong>ἢ</strong></span> <span class='ocrx_word' id='word_1_342' title='bbox 1454 2736 1777 2808; x_wconf 77' lang='grc' dir='ltr'>κληρικῶν,</span> 
     </span>
    </p>
   </div>
   <div class='ocr_carea' id='block_1_47' title="bbox 206 2830 1779 2907">
    <p class='ocr_par' dir='ltr' id='par_1_47' title="bbox 206 2830 1779 2907">
     <span class='ocr_line' id='line_1_47' title="bbox 206 2830 1779 2907; baseline -0.005 -15"><span class='ocrx_word' id='word_1_343' title='bbox 206 2837 769 2907; x_wconf 79' lang='grc' dir='ltr'>συγκοινωνούντων</span> <span class='ocrx_word' id='word_1_344' title='bbox 796 2834 834 2903; x_wconf 78' lang='grc' dir='ltr'>ἢ</span> <span class='ocrx_word' id='word_1_345' title='bbox 864 2830 1329 2901; x_wconf 84' lang='grc' dir='ltr'>συνευχομένων</span> <span class='ocrx_word' id='word_1_346' title='bbox 1369 2831 1707 2900; x_wconf 82' lang='grc' dir='ltr'>αίρετικοῒς,</span> <span class='ocrx_word' id='word_1_347' title='bbox 1740 2832 1779 2900; x_wconf 79' lang='grc' dir='ltr'>ἢ</span> 
     </span>
    </p>
   </div>
   <div class='ocr_carea' id='block_1_48' title="bbox 218 2924 1779 2998">
    <p class='ocr_par' dir='ltr' id='par_1_48' title="bbox 218 2924 1779 2998">
     <span class='ocr_line' id='line_1_48' title="bbox 218 2924 1779 2998; baseline -0.003 -16"><span class='ocrx_word' id='word_1_348' title='bbox 218 2928 546 2996; x_wconf 79' lang='grc' dir='ltr'>Ἰουδαίοις,</span> <span class='ocrx_word' id='word_1_349' title='bbox 584 2928 624 2998; x_wconf 79' lang='grc' dir='ltr'><strong>ἢ</strong></span> <span class='ocrx_word' id='word_1_350' title='bbox 660 2926 1101 2996; x_wconf 80' lang='grc' dir='ltr'>ἐπιτρεπόντων</span> <span class='ocrx_word' id='word_1_351' title='bbox 1153 2924 1361 2991; x_wconf 84' lang='grc' dir='ltr'>αὐτοῖς</span> <span class='ocrx_word' id='word_1_352' title='bbox 1411 2925 1695 2994; x_wconf 79' lang='grc' dir='ltr'>ἐνεργεῖν,</span> <span class='ocrx_word' id='word_1_353' title='bbox 1740 2924 1779 2994; x_wconf 87' lang='grc' dir='ltr'><strong><em>ἣ</em></strong></span> 
     </span>
    </p>
   </div>
   <div class='ocr_carea' id='block_1_49' title="bbox 202 3018 1042 3110">
    <p class='ocr_par' dir='ltr' id='par_1_49' title="bbox 202 3018 1042 3110">
     <span class='ocr_line' id='line_1_49' title="bbox 202 3018 1042 3110; baseline -0.002 -36"><span class='ocrx_word' id='word_1_354' title='bbox 202 3019 539 3110; x_wconf 65' lang='grc' dir='ltr'>δεχομένων</span> <span class='ocrx_word' id='word_1_355' title='bbox 563 3018 762 3074; x_wconf 86' lang='grc' dir='ltr'>αὐτῶν</span> <span class='ocrx_word' id='word_1_356' title='bbox 800 3019 1042 3075; x_wconf 84' lang='grc' dir='ltr'>θυσίαν.</span> 
     </span>
    </p>
   </div>
   <div class='ocr_carea' id='block_1_50' title="bbox 479 3130 1465 3204">
    <p class='ocr_par' dir='ltr' id='par_1_50' title="bbox 479 3130 1465 3204">
     <span class='ocr_line' id='line_1_50' title="bbox 479 3130 1465 3204; baseline -0.004 -14"><span class='ocrx_word' id='word_1_357' title='bbox 479 3135 873 3191; x_wconf 72' lang='grc' dir='ltr'>Ἀποστόλων</span> <span class='ocrx_word' id='word_1_358' title='bbox 905 3133 1106 3187; x_wconf 83' lang='grc' dir='ltr'>κανὼν</span> <span class='ocrx_word' id='word_1_359' title='bbox 1137 3140 1190 3197; x_wconf 82' lang='grc' dir='ltr'>ι’,</span> <span class='ocrx_word' id='word_1_360' title='bbox 1216 3130 1321 3203; x_wconf 82' lang='grc' dir='ltr'>με’,</span> <span class='ocrx_word' id='word_1_361' title='bbox 1349 3138 1465 3204; x_wconf 61' lang='grc' dir='ltr'>μετ’.</span> 
     </span>
    </p>
   </div>
   <div class='ocr_carea' id='block_1_51' title="bbox 236 3214 1785 3298">
    <p class='ocr_par' dir='ltr' id='par_1_51' title="bbox 236 3214 1785 3298">
     <span class='ocr_line' id='line_1_51' title="bbox 236 3214 1785 3298; baseline -0.006 -15"><span class='ocrx_word' id='word_1_362' title='bbox 236 3258 239 3269; x_wconf 65' lang='grc' dir='ltr'>ι</span> <span class='ocrx_word' id='word_1_363' title='bbox 273 3225 321 3283; x_wconf 84' lang='grc' dir='ltr'>ι’.</span> <span class='ocrx_word' id='word_1_364' title='bbox 354 3228 421 3282; x_wconf 77' lang='grc' dir='ltr'>Εἴ</span> <span class='ocrx_word' id='word_1_365' title='bbox 444 3245 535 3292; x_wconf 89' lang='grc' dir='ltr'><strong>τις</strong></span> <span class='ocrx_word' id='word_1_366' title='bbox 560 3228 907 3298; x_wconf 82' lang='grc' dir='ltr'>ἀκοινωνήτῳ</span> <span class='ocrx_word' id='word_1_367' title='bbox 940 3227 1045 3279; x_wconf 82' lang='grc' dir='ltr'>κᾶν</span> <span class='ocrx_word' id='word_1_368' title='bbox 1077 3226 1134 3278; x_wconf 89' lang='grc' dir='ltr'><strong>ἐν</strong></span> <span class='ocrx_word' id='word_1_369' title='bbox 1167 3226 1302 3296; x_wconf 76' lang='grc' dir='ltr'>οἴκῳ</span> <span class='ocrx_word' id='word_1_370' title='bbox 1327 3222 1665 3291; x_wconf 83' lang='grc' dir='ltr'>συνεύξεται,</span> <span class='ocrx_word' id='word_1_371' title='bbox 1693 3214 1785 3275; x_wconf 76' lang='grc' dir='ltr'><strong>οὗ·</strong></span> 
     </span>
    </p>
   </div>
   <div class='ocr_carea' id='block_1_52' title="bbox 210 3318 682 3392">
    <p class='ocr_par' dir='ltr' id='par_1_52' title="bbox 210 3318 682 3392">
     <span class='ocr_line' id='line_1_52' title="bbox 210 3318 682 3392; baseline 0.002 -18"><span class='ocrx_word' id='word_1_372' title='bbox 210 3338 289 3383; x_wconf 87' lang='grc' dir='ltr'><strong>τος</strong></span> <span class='ocrx_word' id='word_1_373' title='bbox 314 3318 682 3392; x_wconf 78' lang='grc' dir='ltr'>άφοριζέσθω.</span> 
     </span>
    </p>
   </div>
   <div class='ocr_carea' id='block_1_53' title="bbox 277 3406 1787 3484">
    <p class='ocr_par' dir='ltr' id='par_1_53' title="bbox 277 3406 1787 3484">
     <span class='ocr_line' id='line_1_53' title="bbox 277 3406 1787 3484; baseline -0.009 -14"><span class='ocrx_word' id='word_1_374' title='bbox 277 3412 372 3484; x_wconf 83' lang='grc' dir='ltr'>με’.</span> <span class='ocrx_word' id='word_1_375' title='bbox 390 3411 774 3483; x_wconf 83' lang='grc' dir='ltr'>Ἐπίσκοποςῆ</span> <span class='ocrx_word' id='word_1_376' title='bbox 793 3408 1161 3483; x_wconf 78' lang='grc' dir='ltr'>πρεσϐύτερος</span> <span class='ocrx_word' id='word_1_377' title='bbox 1182 3407 1214 3479; x_wconf 78' lang='grc' dir='ltr'>ἢ</span> <span class='ocrx_word' id='word_1_378' title='bbox 1231 3407 1475 3469; x_wconf 85' lang='grc' dir='ltr'>διάκονος</span> <span class='ocrx_word' id='word_1_379' title='bbox 1491 3406 1787 3476; x_wconf 72' lang='grc' dir='ltr'>αἱρετικοῑς</span> 
     </span>
    </p>
   </div>
   <div class='ocr_carea' id='block_1_54' title="bbox 216 3497 1786 3579">
    <p class='ocr_par' dir='ltr' id='par_1_54' title="bbox 216 3497 1786 3579">
     <span class='ocr_line' id='line_1_54' title="bbox 216 3497 1786 3579; baseline -0.006 -20"><span class='ocrx_word' id='word_1_380' title='bbox 216 3507 617 3579; x_wconf 79' lang='grc' dir='ltr'>συνευξάμενος,</span> <span class='ocrx_word' id='word_1_381' title='bbox 679 3504 840 3575; x_wconf 86' lang='grc' dir='ltr'>μόνον</span> <span class='ocrx_word' id='word_1_382' title='bbox 892 3500 1237 3573; x_wconf 76' lang='grc' dir='ltr'>ἀφοριζέσθω</span> <span class='ocrx_word' id='word_1_383' title='bbox 1270 3515 1284 3529; x_wconf 88' lang='grc'><strong>·</strong></span> <span class='ocrx_word' id='word_1_384' title='bbox 1353 3501 1402 3552; x_wconf 75' lang='grc' dir='ltr'>εἰ</span> <span class='ocrx_word' id='word_1_385' title='bbox 1455 3498 1512 3551; x_wconf 85' lang='grc' dir='ltr'><strong>δέ</strong></span> <span class='ocrx_word' id='word_1_386' title='bbox 1552 3497 1645 3551; x_wconf 63' lang='grc' dir='ltr'><strong>καὶ¹</strong></span> <span class='ocrx_word' id='word_1_387' title='bbox 1690 3498 1786 3550; x_wconf 85' lang='grc' dir='ltr'>ἐπ-</span> 
     </span>
    </p>
   </div>
   <div class='ocr_carea' id='block_1_55' title="bbox 219 3588 1787 3668">
    <p class='ocr_par' dir='ltr' id='par_1_55' title="bbox 219 3588 1787 3668">
     <span class='ocr_line' id='line_1_55' title="bbox 219 3588 1787 3668; baseline -0.005 -19"><span class='ocrx_word' id='word_1_388' title='bbox 219 3595 430 3668; x_wconf 75' lang='grc' dir='ltr'>ίτρεψεν</span> <span class='ocrx_word' id='word_1_389' title='bbox 464 3597 660 3661; x_wconf 81' lang='grc' dir='ltr'>αὐτοῖς</span> <span class='ocrx_word' id='word_1_390' title='bbox 693 3595 770 3660; x_wconf 84' lang='grc' dir='ltr'>ὡς</span> <span class='ocrx_word' id='word_1_391' title='bbox 822 3594 1107 3665; x_wconf 82' lang='grc' dir='ltr'>κληρικοῖς</span> <span class='ocrx_word' id='word_1_392' title='bbox 1146 3590 1441 3664; x_wconf 68' lang='grc' dir='ltr'>ἐνεργῆσαί</span> <span class='ocrx_word' id='word_1_393' title='bbox 1472 3607 1551 3657; x_wconf 90' lang='grc' dir='ltr'><strong>τι,</strong></span> <span class='ocrx_word' id='word_1_394' title='bbox 1591 3588 1787 3642; x_wconf 80' lang='grc' dir='ltr'>καθαι-</span> 
     </span>
    </p>
   </div>
   <div class='ocr_carea' id='block_1_56' title="bbox 220 3690 420 3761">
    <p class='ocr_par' dir='ltr' id='par_1_56' title="bbox 220 3690 420 3761">
     <span class='ocr_line' id='line_1_56' title="bbox 220 3690 420 3761; baseline 0.015 -18"><span class='ocrx_word' id='word_1_395' title='bbox 220 3690 420 3761; x_wconf 82' lang='grc' dir='ltr'>ρείσθω.</span> 
     </span>
    </p>
   </div>
   <div class='ocr_carea' id='block_1_57' title="bbox 283 3779 1787 3855">
    <p class='ocr_par' dir='ltr' id='par_1_57' title="bbox 283 3779 1787 3855">
     <span class='ocr_line' id='line_1_57' title="bbox 283 3779 1787 3855; baseline -0.011 -15"><span class='ocrx_word' id='word_1_396' title='bbox 283 3782 391 3853; x_wconf 77' lang='grc' dir='ltr'>μς’.</span> <span class='ocrx_word' id='word_1_397' title='bbox 425 3783 761 3837; x_wconf 86' lang='grc' dir='ltr'>Ἐπίσκοπον</span> <span class='ocrx_word' id='word_1_398' title='bbox 789 3782 822 3853; x_wconf 78' lang='grc' dir='ltr'><strong>ἢ</strong></span> <span class='ocrx_word' id='word_1_399' title='bbox 844 3779 1215 3852; x_wconf 77' lang='grc' dir='ltr'>πρεσϐύτερον</span> <span class='ocrx_word' id='word_1_400' title='bbox 1238 3782 1533 3853; x_wconf 78' lang='grc' dir='ltr'>αἱρετικῶν</span> <span class='ocrx_word' id='word_1_401' title='bbox 1559 3782 1787 3855; x_wconf 79' lang='grc' dir='ltr'>δεξαμέ-</span> 
     </span>
    </p>
   </div>
   <div class='ocr_carea' id='block_1_58' title="bbox 221 3870 1784 3944">
    <p class='ocr_par' dir='ltr' id='par_1_58' title="bbox 221 3870 1784 3944">
     <span class='ocr_line' id='line_1_58' title="bbox 221 3870 1784 3944; baseline 0.003 -20"><span class='ocrx_word' id='word_1_402' title='bbox 221 3887 329 3936; x_wconf 86' lang='grc' dir='ltr'>νους</span> <span class='ocrx_word' id='word_1_403' title='bbox 358 3873 648 3944; x_wconf 84' lang='grc' dir='ltr'>βάπτισμα</span> <span class='ocrx_word' id='word_1_404' title='bbox 670 3872 704 3942; x_wconf 80' lang='grc' dir='ltr'>ἦ</span> <span class='ocrx_word' id='word_1_405' title='bbox 726 3870 933 3937; x_wconf 83' lang='grc' dir='ltr'>θυσίαν,</span> <span class='ocrx_word' id='word_1_406' title='bbox 951 3870 1333 3942; x_wconf 83' lang='grc' dir='ltr'>καθαιρεῖσθαι</span> <span class='ocrx_word' id='word_1_407' title='bbox 1350 3873 1784 3944; x_wconf 84' lang='grc' dir='ltr'>προστάσσομεν.</span> 
     </span>
    </p>
   </div>
   <div class='ocr_carea' id='block_1_59' title="bbox 226 3964 1787 4037">
    <p class='ocr_par' dir='ltr' id='par_1_59' title="bbox 226 3964 1787 4037">
     <span class='ocr_line' id='line_1_59' title="bbox 226 3964 1787 4037; baseline 0.003 -20"><span class='ocrx_word' id='word_1_408' title='bbox 226 3965 311 4031; x_wconf 82' lang='grc' dir='ltr'>Τίς</span> <span class='ocrx_word' id='word_1_409' title='bbox 342 3966 447 4035; x_wconf 76' lang='grc' dir='ltr'>γὰρ</span> <span class='ocrx_word' id='word_1_410' title='bbox 468 3965 873 4035; x_wconf 73' lang='grc' dir='ltr'>συμφώνησις</span> <span class='ocrx_word' id='word_1_411' title='bbox 909 3964 1141 4032; x_wconf 82' lang='grc' dir='ltr'>Χριστῷ</span> <span class='ocrx_word' id='word_1_412' title='bbox 1169 3964 1319 4033; x_wconf 88' lang='grc' dir='ltr'>πρὸς</span> <span class='ocrx_word' id='word_1_413' title='bbox 1346 3966 1600 4036; x_wconf 79' lang='grc' dir='ltr'>Βελίαρ;</span> <span class='ocrx_word' id='word_1_414' title='bbox 1627 3966 1666 4037; x_wconf 81' lang='grc' dir='ltr'><strong><em>ἣ</em></strong></span> <span class='ocrx_word' id='word_1_415' title='bbox 1696 3968 1787 4034; x_wconf 84' lang='grc' dir='ltr'><strong>τίς</strong></span> 
     </span>
    </p>
   </div>
   <div class='ocr_carea' id='block_1_60' title="bbox 221 4055 1104 4125">
    <p class='ocr_par' dir='ltr' id='par_1_60' title="bbox 221 4055 1104 4125">
     <span class='ocr_line' id='line_1_60' title="bbox 221 4055 1104 4125; baseline 0 -16"><span class='ocrx_word' id='word_1_416' title='bbox 221 4056 371 4125; x_wconf 77' lang='grc' dir='ltr'>μερὶς</span> <span class='ocrx_word' id='word_1_417' title='bbox 395 4055 594 4122; x_wconf 83' lang='grc' dir='ltr'>πιστῷ</span> <span class='ocrx_word' id='word_1_418' title='bbox 624 4058 773 4125; x_wconf 84' lang='grc' dir='ltr'>μετὰ</span> <span class='ocrx_word' id='word_1_419' title='bbox 801 4056 1104 4117; x_wconf 68' lang='grc' dir='ltr'>ἀπίστους</span> 
     </span>
    </p>
   </div>
   <div class='ocr_carea' id='block_1_61' title="bbox 481 4144 1503 4216">
    <p class='ocr_par' dir='ltr' id='par_1_61' title="bbox 481 4144 1503 4216">
     <span class='ocr_line' id='line_1_61' title="bbox 481 4144 1503 4216; baseline 0.001 -17"><span class='ocrx_word' id='word_1_420' title='bbox 481 4144 759 4200; x_wconf 85' lang='grc' dir='ltr'>Συνόδου</span> <span class='ocrx_word' id='word_1_421' title='bbox 794 4144 1163 4213; x_wconf 83' lang='grc' dir='ltr'>Ἀντιοχείας</span> <span class='ocrx_word' id='word_1_422' title='bbox 1204 4144 1408 4199; x_wconf 83' lang='grc' dir='ltr'>κανὼν</span> <span class='ocrx_word' id='word_1_423' title='bbox 1436 4144 1503 4216; x_wconf 84' lang='grc' dir='ltr'><strong>β’.</strong></span> 
     </span>
    </p>
   </div>
   <div class='ocr_carea' id='block_1_62' title="bbox 287 4236 1782 4308">
    <p class='ocr_par' dir='ltr' id='par_1_62' title="bbox 287 4236 1782 4308">
     <span class='ocr_line' id='line_1_62' title="bbox 287 4236 1782 4308; baseline 0 -18"><span class='ocrx_word' id='word_1_424' title='bbox 287 4236 345 4294; x_wconf 85' lang='grc' dir='ltr'>θ’.</span> <span class='ocrx_word' id='word_1_425' title='bbox 370 4239 587 4301; x_wconf 82' lang='grc' dir='ltr'>Πάντας</span> <span class='ocrx_word' id='word_1_426' title='bbox 613 4238 739 4301; x_wconf 84' lang='grc' dir='ltr'>τοὺς</span> <span class='ocrx_word' id='word_1_427' title='bbox 768 4237 1035 4301; x_wconf 75' lang='grc' dir='ltr'>εἰσιόντας</span> <span class='ocrx_word' id='word_1_428' title='bbox 1055 4238 1134 4300; x_wconf 83' lang='grc' dir='ltr'><strong>είς</strong></span> <span class='ocrx_word' id='word_1_429' title='bbox 1152 4236 1251 4308; x_wconf 80' lang='grc' dir='ltr'>τὴν</span> <span class='ocrx_word' id='word_1_430' title='bbox 1266 4236 1560 4308; x_wconf 83' lang='grc' dir='ltr'>ἐκκλησίαν</span> <span class='ocrx_word' id='word_1_431' title='bbox 1596 4254 1712 4291; x_wconf 89' lang='grc' dir='ltr'>κ.τ.</span> <span class='ocrx_word' id='word_1_432' title='bbox 1733 4236 1782 4290; x_wconf 93' lang='grc' dir='ltr'>λ.</span> 
     </span>
    </p>
   </div>
   <div class='ocr_carea' id='block_1_63' title="bbox 483 4411 1502 4479">
    <p class='ocr_par' dir='ltr' id='par_1_63' title="bbox 483 4411 1502 4479">
     <span class='ocr_line' id='line_1_63' title="bbox 483 4411 1502 4479; baseline 0 -11"><span class='ocrx_word' id='word_1_433' title='bbox 483 4412 760 4468; x_wconf 89' lang='grc' dir='ltr'>Συνόδου</span> <span class='ocrx_word' id='word_1_434' title='bbox 784 4412 1138 4479; x_wconf 82' lang='grc' dir='ltr'>Λαοδικείας</span> <span class='ocrx_word' id='word_1_435' title='bbox 1167 4413 1368 4467; x_wconf 80' lang='grc' dir='ltr'>κανὼν</span> <span class='ocrx_word' id='word_1_436' title='bbox 1399 4411 1502 4478; x_wconf 85' lang='grc' dir='ltr'>λγ’.</span> 
     </span>
    </p>
   </div>
   <div class='ocr_carea' id='block_1_64' title="bbox 287 4503 1784 4576">
    <p class='ocr_par' dir='ltr' id='par_1_64' title="bbox 287 4503 1784 4576">
     <span class='ocr_line' id='line_1_64' title="bbox 287 4503 1784 4576; baseline 0.002 -20"><span class='ocrx_word' id='word_1_437' title='bbox 287 4503 381 4573; x_wconf 86' lang='grc' dir='ltr'>λγ⁹.</span> <span class='ocrx_word' id='word_1_438' title='bbox 413 4506 537 4560; x_wconf 85' lang='grc' dir='ltr'><strong>Ὀτι</strong></span> <span class='ocrx_word' id='word_1_439' title='bbox 571 4505 632 4559; x_wconf 83' lang='grc' dir='ltr'><strong>οὐ</strong></span> <span class='ocrx_word' id='word_1_440' title='bbox 664 4504 746 4558; x_wconf 86' lang='grc' dir='ltr'>δεῖ</span> <span class='ocrx_word' id='word_1_441' title='bbox 787 4506 1084 4575; x_wconf 83' lang='grc' dir='ltr'>αίρετικοῖς</span> <span class='ocrx_word' id='word_1_442' title='bbox 1110 4505 1144 4576; x_wconf 78' lang='grc' dir='ltr'>ἢ</span> <span class='ocrx_word' id='word_1_443' title='bbox 1186 4507 1566 4576; x_wconf 86' lang='grc' dir='ltr'>σχισματικοίς</span> <span class='ocrx_word' id='word_1_444' title='bbox 1593 4505 1784 4559; x_wconf 81' lang='grc' dir='ltr'>συνεύ-</span> 
     </span>
    </p>
   </div>
   <div class='ocr_carea' id='block_1_65' title="bbox 232 4595 419 4665">
    <p class='ocr_par' dir='ltr' id='par_1_65' title="bbox 232 4595 419 4665">
     <span class='ocr_line' id='line_1_65' title="bbox 232 4595 419 4665; baseline 0 -18"><span class='ocrx_word' id='word_1_445' title='bbox 232 4595 419 4665; x_wconf 84' lang='grc' dir='ltr'>χεσθαι.</span> 
     </span>
    </p>
   </div>
   <div class='ocr_carea' id='block_1_66' title="bbox 301 4683 1793 4758">
    <p class='ocr_par' dir='ltr' id='par_1_66' title="bbox 301 4683 1793 4758">
     <span class='ocr_line' id='line_1_66' title="bbox 301 4683 1793 4758; baseline 0.001 -17"><span class='ocrx_word' id='word_1_446' title='bbox 301 4690 359 4741; x_wconf 81' lang='grc' dir='ltr'><strong>Ἦ</strong></span> <span class='ocrx_word' id='word_1_447' title='bbox 382 4689 421 4742; x_wconf 86' lang='grc' dir='ltr'>δ’</span> <span class='ocrx_word' id='word_1_448' title='bbox 454 4688 701 4753; x_wconf 78' lang='grc' dir='ltr'>διάταξις</span> <span class='ocrx_word' id='word_1_449' title='bbox 740 4686 835 4740; x_wconf 83' lang='grc' dir='ltr'>τοῦ</span> <span class='ocrx_word' id='word_1_450' title='bbox 858 4683 908 4756; x_wconf 88' lang='grc' dir='ltr'>γ’</span> <span class='ocrx_word' id='word_1_451' title='bbox 938 4686 1041 4741; x_wconf 88' lang='grc' dir='ltr'>τίτ.</span> <span class='ocrx_word' id='word_1_452' title='bbox 1080 4685 1188 4739; x_wconf 85' lang='grc' dir='ltr'><strong>τῶν</strong></span> <span class='ocrx_word' id='word_1_453' title='bbox 1220 4686 1469 4758; x_wconf 84' lang='grc' dir='ltr'>Νεαρῶν,</span> <span class='ocrx_word' id='word_1_454' title='bbox 1502 4687 1666 4757; x_wconf 71' lang='grc' dir='ltr'>φησὶν</span> <span class='ocrx_word' id='word_1_455' title='bbox 1712 4688 1793 4742; x_wconf 82' lang='grc' dir='ltr'>ὅτι</span> 
     </span>
    </p>
   </div>
   <div class='ocr_carea' id='block_1_67' title="bbox 1880 1978 3460 2052">
    <p class='ocr_par' dir='ltr' id='par_1_67' title="bbox 1880 1978 3460 2052">
     <span class='ocr_line' id='line_1_67' title="bbox 1880 1978 3460 2052; baseline 0.004 -21"><span class='ocrx_word' id='word_1_456' title='bbox 1880 1978 2085 2043; x_wconf 88' lang='lat' dir='ltr'><strong>minus,</strong></span> <span class='ocrx_word' id='word_1_457' title='bbox 2138 1994 2248 2033; x_wconf 90' lang='lat' dir='ltr'><strong>non</strong></span> <span class='ocrx_word' id='word_1_458' title='bbox 2298 1981 2610 2035; x_wconf 90' lang='lat' dir='ltr'><strong>multatur:</strong></span> <span class='ocrx_word' id='word_1_459' title='bbox 2641 1982 2734 2035; x_wconf 89' lang='lat' dir='ltr'><strong>sed</strong></span> <span class='ocrx_word' id='word_1_460' title='bbox 2784 1983 3021 2040; x_wconf 84' lang='lat' dir='ltr'><strong>scientes</strong></span> <span class='ocrx_word' id='word_1_461' title='bbox 3053 1992 3460 2052; x_wconf 84' lang='lat' dir='ltr'><strong>procuratores,</strong></span> 
     </span>
    </p>
   </div>
   <div class='ocr_carea' id='block_1_68' title="bbox 1881 2069 3463 2143">
    <p class='ocr_par' dir='ltr' id='par_1_68' title="bbox 1881 2069 3463 2143">
     <span class='ocr_line' id='line_1_68' title="bbox 1881 2069 3463 2143; baseline 0.005 -21"><span class='ocrx_word' id='word_1_462' title='bbox 1881 2077 1935 2123; x_wconf 92' lang='lat' dir='ltr'><strong>et</strong></span> <span class='ocrx_word' id='word_1_463' title='bbox 1958 2069 2337 2136; x_wconf 88' lang='lat' dir='ltr'><strong>conductores,</strong></span> <span class='ocrx_word' id='word_1_464' title='bbox 2378 2075 2747 2143; x_wconf 67' lang='lat' dir='ltr'><strong>emphyteutaa</strong></span> <span class='ocrx_word' id='word_1_465' title='bbox 2798 2074 2961 2128; x_wconf 89' lang='lat' dir='ltr'><strong>rebus</strong></span> <span class='ocrx_word' id='word_1_466' title='bbox 3006 2075 3248 2143; x_wconf 89' lang='lat' dir='ltr'><strong>ipsorum</strong></span> <span class='ocrx_word' id='word_1_467' title='bbox 3287 2076 3463 2130; x_wconf 87' lang='lat' dir='ltr'><strong>eccle-</strong></span> 
     </span>
    </p>
   </div>
   <div class='ocr_carea' id='block_1_69' title="bbox 1881 2159 3464 2233">
    <p class='ocr_par' dir='ltr' id='par_1_69' title="bbox 1881 2159 3464 2233">
     <span class='ocr_line' id='line_1_69' title="bbox 1881 2159 3464 2233; baseline 0.005 -19"><span class='ocrx_word' id='word_1_468' title='bbox 1881 2159 1977 2214; x_wconf 65' lang='lat' dir='ltr'><strong>siae</strong></span> <span class='ocrx_word' id='word_1_469' title='bbox 1999 2160 2254 2226; x_wconf 87' lang='lat' dir='ltr'><strong>addictis,</strong></span> <span class='ocrx_word' id='word_1_470' title='bbox 2300 2172 2454 2216; x_wconf 85' lang='lat' dir='ltr'><strong>extra</strong></span> <span class='ocrx_word' id='word_1_471' title='bbox 2504 2164 2857 2233; x_wconf 82' lang='lat' dir='ltr'><strong>provinciam</strong></span> <span class='ocrx_word' id='word_1_472' title='bbox 2897 2167 3189 2221; x_wconf 90' lang='lat' dir='ltr'><strong>mittuntur</strong></span> <span class='ocrx_word' id='word_1_473' title='bbox 3218 2168 3270 2220; x_wconf 91' lang='lat' dir='ltr'><strong>in</strong></span> <span class='ocrx_word' id='word_1_474' title='bbox 3317 2168 3464 2222; x_wconf 78' lang='lat' dir='ltr'><strong>exsi-</strong></span> 
     </span>
    </p>
   </div>
   <div class='ocr_carea' id='block_1_70' title="bbox 1881 2250 3463 2327">
    <p class='ocr_par' dir='ltr' id='par_1_70' title="bbox 1881 2250 3463 2327">
     <span class='ocr_line' id='line_1_70' title="bbox 1881 2250 3463 2327; baseline 0.004 -22"><span class='ocrx_word' id='word_1_475' title='bbox 1881 2251 2038 2306; x_wconf 91' lang='lat' dir='ltr'><strong>lium.</strong></span> <span class='ocrx_word' id='word_1_476' title='bbox 2075 2250 2324 2308; x_wconf 66' lang='lat' dir='ltr'><strong>Prazl‘ecti</strong></span> <span class='ocrx_word' id='word_1_477' title='bbox 2356 2269 2487 2309; x_wconf 91' lang='lat' dir='ltr'><strong>vero</strong></span> <span class='ocrx_word' id='word_1_478' title='bbox 2534 2257 2627 2326; x_wconf 93' lang='lat' dir='ltr'><strong>qui</strong></span> <span class='ocrx_word' id='word_1_479' title='bbox 2665 2256 2902 2311; x_wconf 89' lang='lat' dir='ltr'><strong>scientes</strong></span> <span class='ocrx_word' id='word_1_480' title='bbox 2958 2258 3075 2312; x_wconf 57' lang='lat' dir='ltr'><strong>huic</strong></span> <span class='ocrx_word' id='word_1_481' title='bbox 3120 2260 3463 2327; x_wconf 85' lang='lat' dir='ltr'><strong>permittunt,</strong></span> 
     </span>
    </p>
   </div>
   <div class='ocr_carea' id='block_1_71' title="bbox 1882 2344 3462 2417">
    <p class='ocr_par' dir='ltr' id='par_1_71' title="bbox 1882 2344 3462 2417">
     <span class='ocr_line' id='line_1_71' title="bbox 1882 2344 3462 2417; baseline 0.003 -19"><span class='ocrx_word' id='word_1_482' title='bbox 1882 2344 2282 2417; x_wconf 87' lang='lat' dir='ltr'><strong>quinquaginta</strong></span> <span class='ocrx_word' id='word_1_483' title='bbox 2318 2347 2477 2401; x_wconf 88' lang='lat' dir='ltr'><strong>libris</strong></span> <span class='ocrx_word' id='word_1_484' title='bbox 2506 2349 2831 2413; x_wconf 86' lang='lat' dir='ltr'><strong>multantur,</strong></span> <span class='ocrx_word' id='word_1_485' title='bbox 2864 2360 2918 2404; x_wconf 86' lang='lat' dir='ltr'><strong>et</strong></span> <span class='ocrx_word' id='word_1_486' title='bbox 2947 2351 3144 2405; x_wconf 89' lang='lat' dir='ltr'><strong>cohors</strong></span> <span class='ocrx_word' id='word_1_487' title='bbox 3179 2351 3462 2404; x_wconf 89' lang='lat' dir='ltr'><strong>tantidem.</strong></span> 
     </span>
    </p>
   </div>
   <div class='ocr_carea' id='block_1_72' title="bbox 1883 2436 3461 2509">
    <p class='ocr_par' dir='ltr' id='par_1_72' title="bbox 1883 2436 3461 2509">
     <span class='ocr_line' id='line_1_72' title="bbox 1883 2436 3461 2509; baseline 0.003 -18"><span class='ocrx_word' id='word_1_488' title='bbox 1883 2436 2036 2492; x_wconf 87' lang='lat' dir='ltr'><strong>Licet</strong></span> <span class='ocrx_word' id='word_1_489' title='bbox 2079 2438 2325 2505; x_wconf 86' lang='lat' dir='ltr'><strong>interim,</strong></span> <span class='ocrx_word' id='word_1_490' title='bbox 2374 2449 2433 2493; x_wconf 93' lang='lat' dir='ltr'><strong>ut</strong></span> <span class='ocrx_word' id='word_1_491' title='bbox 2463 2440 2558 2509; x_wconf 92' lang='lat' dir='ltr'><strong>qui</strong></span> <span class='ocrx_word' id='word_1_492' title='bbox 2605 2440 2658 2493; x_wconf 90' lang='lat' dir='ltr'><strong>in</strong></span> <span class='ocrx_word' id='word_1_493' title='bbox 2706 2442 2917 2495; x_wconf 68' lang='lat' dir='ltr'><strong>sedibus</strong></span> <span class='ocrx_word' id='word_1_494' title='bbox 2963 2443 3201 2495; x_wconf 82' lang='lat' dir='ltr'><strong>oratoria</strong></span> <span class='ocrx_word' id='word_1_495' title='bbox 3240 2442 3461 2505; x_wconf 85' lang='lat' dir='ltr'><strong>habent,</strong></span> 
     </span>
    </p>
   </div>
   <div class='ocr_carea' id='block_1_73' title="bbox 1886 2530 3465 2616">
    <p class='ocr_par' dir='ltr' id='par_1_73' title="bbox 1886 2530 3465 2616">
     <span class='ocr_line' id='line_1_73' title="bbox 1886 2530 3465 2616; baseline 0.001 -31"><span class='ocrx_word' id='word_1_496' title='bbox 1886 2530 2067 2602; x_wconf 83' lang='lat' dir='ltr'><strong>[inibi]</strong></span> <span class='ocrx_word' id='word_1_497' title='bbox 2122 2541 2465 2616; x_wconf 45' lang='lat' dir='ltr'><strong>precentur&#39;:</strong></span> <span class='ocrx_word' id='word_1_498' title='bbox 2494 2547 2603 2587; x_wconf 92' lang='lat' dir='ltr'><strong>non</strong></span> <span class='ocrx_word' id='word_1_499' title='bbox 2644 2549 2776 2588; x_wconf 87' lang='lat' dir='ltr'><strong>vero</strong></span> <span class='ocrx_word' id='word_1_500' title='bbox 2814 2534 2978 2589; x_wconf 89' lang='lat' dir='ltr'><strong>etiam</strong></span> <span class='ocrx_word' id='word_1_501' title='bbox 3022 2533 3255 2605; x_wconf 87' lang='lat' dir='ltr'><strong>[divina]</strong></span> <span class='ocrx_word' id='word_1_502' title='bbox 3303 2534 3465 2588; x_wconf 88' lang='lat' dir='ltr'><strong>mini-</strong></span> 
     </span>
    </p>
   </div>
   <div class='ocr_carea' id='block_1_74' title="bbox 1883 2619 3069 2693">
    <p class='ocr_par' dir='ltr' id='par_1_74' title="bbox 1883 2619 3069 2693">
     <span class='ocr_line' id='line_1_74' title="bbox 1883 2619 3069 2693; baseline 0 -17"><span class='ocrx_word' id='word_1_503' title='bbox 1883 2620 2051 2676; x_wconf 87' lang='lat' dir='ltr'><strong>steria</strong></span> <span class='ocrx_word' id='word_1_504' title='bbox 2079 2632 2267 2675; x_wconf 85' lang='lat' dir='ltr'><strong>contra</strong></span> <span class='ocrx_word' id='word_1_505' title='bbox 2300 2619 2430 2693; x_wconf 82' lang='lat' dir='ltr'><strong>[iam</strong></span> <span class='ocrx_word' id='word_1_506' title='bbox 2471 2620 2616 2676; x_wconf 86' lang='lat' dir='ltr'><strong>dicta</strong></span> <span class='ocrx_word' id='word_1_507' title='bbox 2653 2620 3069 2693; x_wconf 83' lang='lat' dir='ltr'><strong>exsequantur.]</strong></span> 
     </span>
    </p>
   </div>
   <div class='ocr_carea' id='block_1_75' title="bbox 1951 2730 3468 2805">
    <p class='ocr_par' dir='ltr' id='par_1_75' title="bbox 1951 2730 3468 2805">
     <span class='ocr_line' id='line_1_75' title="bbox 1951 2730 3468 2805; baseline 0 -19"><span class='ocrx_word' id='word_1_508' title='bbox 1951 2732 2080 2787; x_wconf 75' lang='lat' dir='ltr'><strong>CAP.</strong></span> <span class='ocrx_word' id='word_1_509' title='bbox 2117 2730 2238 2787; x_wconf 73' lang='lat' dir='ltr'><strong>XV.</strong></span> <span class='ocrx_word' id='word_1_510' title='bbox 2263 2762 2332 2775; x_wconf 89' lang='lat'><strong>——</strong></span> <span class='ocrx_word' id='word_1_511' title='bbox 2363 2734 2435 2787; x_wconf 88' lang='lat' dir='ltr'><strong>De</strong></span> <span class='ocrx_word' id='word_1_512' title='bbox 2477 2736 2732 2805; x_wconf 78' lang='lat' dir='ltr'><strong>episcopis</strong></span> <span class='ocrx_word' id='word_1_513' title='bbox 2774 2736 2852 2788; x_wconf 88' lang='lat' dir='ltr'><strong>vel</strong></span> <span class='ocrx_word' id='word_1_514' title='bbox 2887 2735 3090 2788; x_wconf 76' lang='lat' dir='ltr'><strong>clericis</strong></span> <span class='ocrx_word' id='word_1_515' title='bbox 3121 2735 3211 2803; x_wconf 85' lang='lat' dir='ltr'><strong>qui</strong></span> <span class='ocrx_word' id='word_1_516' title='bbox 3235 2750 3468 2787; x_wconf 87' lang='lat' dir='ltr'><strong>commu-</strong></span> 
     </span>
    </p>
   </div>
   <div class='ocr_carea' id='block_1_76' title="bbox 1882 2824 3468 2890">
    <p class='ocr_par' dir='ltr' id='par_1_76' title="bbox 1882 2824 3468 2890">
     <span class='ocr_line' id='line_1_76' title="bbox 1882 2824 3468 2890; baseline 0.002 -15"><span class='ocrx_word' id='word_1_517' title='bbox 1882 2824 2057 2876; x_wconf 86' lang='lat' dir='ltr'><strong>nicant</strong></span> <span class='ocrx_word' id='word_1_518' title='bbox 2094 2825 2169 2878; x_wconf 90' lang='lat' dir='ltr'><strong>vel</strong></span> <span class='ocrx_word' id='word_1_519' title='bbox 2220 2837 2374 2879; x_wconf 86' lang='lat' dir='ltr'><strong>orant</strong></span> <span class='ocrx_word' id='word_1_520' title='bbox 2423 2842 2541 2879; x_wconf 81' lang='lat' dir='ltr'><strong>cum</strong></span> <span class='ocrx_word' id='word_1_521' title='bbox 2598 2828 2855 2881; x_wconf 64' lang='lat' dir='ltr'><strong>haereticis</strong></span> <span class='ocrx_word' id='word_1_522' title='bbox 2905 2839 2994 2881; x_wconf 88' lang='lat' dir='ltr'><strong>aut</strong></span> <span class='ocrx_word' id='word_1_523' title='bbox 3034 2828 3257 2890; x_wconf 69' lang='lat' dir='ltr'><strong>Iudaeis,</strong></span> <span class='ocrx_word' id='word_1_524' title='bbox 3286 2827 3361 2881; x_wconf 85' lang='lat' dir='ltr'><strong>vel</strong></span> <span class='ocrx_word' id='word_1_525' title='bbox 3392 2827 3468 2879; x_wconf 81' lang='lat' dir='ltr'><strong>eis</strong></span> 
     </span>
    </p>
   </div>
   <div class='ocr_carea' id='block_1_77' title="bbox 1882 2913 3469 2983">
    <p class='ocr_par' dir='ltr' id='par_1_77' title="bbox 1882 2913 3469 2983">
     <span class='ocr_line' id='line_1_77' title="bbox 1882 2913 3469 2983; baseline 0 -14"><span class='ocrx_word' id='word_1_526' title='bbox 1882 2913 2167 2969; x_wconf 82' lang='lat' dir='ltr'><strong>concedunt</strong></span> <span class='ocrx_word' id='word_1_527' title='bbox 2194 2931 2303 2968; x_wconf 88' lang='lat' dir='ltr'><strong>rem</strong></span> <span class='ocrx_word' id='word_1_528' title='bbox 2330 2931 2539 2969; x_wconf 83' lang='lat' dir='ltr'><strong>sacram</strong></span> <span class='ocrx_word' id='word_1_529' title='bbox 2565 2916 2959 2983; x_wconf 81' lang='lat' dir='ltr'><strong>administrare,</strong></span> <span class='ocrx_word' id='word_1_530' title='bbox 2990 2915 3070 2970; x_wconf 89' lang='lat' dir='ltr'><strong>vel</strong></span> <span class='ocrx_word' id='word_1_531' title='bbox 3099 2932 3278 2971; x_wconf 89' lang='lat' dir='ltr'><strong>eorum</strong></span> <span class='ocrx_word' id='word_1_532' title='bbox 3299 2917 3469 2969; x_wconf 84' lang='lat' dir='ltr'><strong>sacri-</strong></span> 
     </span>
    </p>
   </div>
   <div class='ocr_carea' id='block_1_78' title="bbox 1880 3008 2401 3078">
    <p class='ocr_par' dir='ltr' id='par_1_78' title="bbox 1880 3008 2401 3078">
     <span class='ocr_line' id='line_1_78' title="bbox 1880 3008 2401 3078; baseline 0.006 -18"><span class='ocrx_word' id='word_1_533' title='bbox 1880 3008 2063 3078; x_wconf 78' lang='lat' dir='ltr'><strong>ﬁcium</strong></span> <span class='ocrx_word' id='word_1_534' title='bbox 2092 3009 2401 3064; x_wconf 80' lang='lat' dir='ltr'><strong>admittunt.</strong></span> 
     </span>
    </p>
   </div>
   <div class='ocr_carea' id='block_1_79' title="bbox 2175 3124 3189 3204">
    <p class='ocr_par' dir='ltr' id='par_1_79' title="bbox 2175 3124 3189 3204">
     <span class='ocr_line' id='line_1_79' title="bbox 2175 3124 3189 3204; baseline 0.004 -29"><span class='ocrx_word' id='word_1_535' title='bbox 2175 3124 2549 3204; x_wconf 68' lang='lat' dir='ltr'><strong>Apostolorum</strong></span> <span class='ocrx_word' id='word_1_536' title='bbox 2592 3142 2818 3179; x_wconf 80' lang='lat' dir='ltr'><strong>canones</strong></span> <span class='ocrx_word' id='word_1_537' title='bbox 2867 3124 2953 3189; x_wconf 82' lang='grc'><strong>10,</strong></span> <span class='ocrx_word' id='word_1_538' title='bbox 2979 3126 3068 3190; x_wconf 68' lang='grc'>45,</span> <span class='ocrx_word' id='word_1_539' title='bbox 3099 3124 3189 3179; x_wconf 72' lang='lat'><strong>46.</strong></span> 
     </span>
    </p>
   </div>
   <div class='ocr_carea' id='block_1_80' title="bbox 1962 3214 3467 3284">
    <p class='ocr_par' dir='ltr' id='par_1_80' title="bbox 1962 3214 3467 3284">
     <span class='ocr_line' id='line_1_80' title="bbox 1962 3214 3467 3284; baseline 0.001 -15"><span class='ocrx_word' id='word_1_540' title='bbox 1962 3214 2048 3269; x_wconf 86' lang='lat' dir='ltr'><strong>l0.</strong></span> <span class='ocrx_word' id='word_1_541' title='bbox 2096 3214 2152 3268; x_wconf 91' lang='lat' dir='ltr'><strong>Si</strong></span> <span class='ocrx_word' id='word_1_542' title='bbox 2188 3216 2312 3284; x_wconf 84' lang='lat' dir='ltr'><strong>quis</strong></span> <span class='ocrx_word' id='word_1_543' title='bbox 2342 3232 2468 3271; x_wconf 87' lang='lat' dir='ltr'><strong>cmn</strong></span> <span class='ocrx_word' id='word_1_544' title='bbox 2521 3218 3019 3284; x_wconf 79' lang='lat' dir='ltr'><strong>excommunicato,</strong></span> <span class='ocrx_word' id='word_1_545' title='bbox 3067 3217 3149 3271; x_wconf 71' lang='lat' dir='ltr'><strong>vel</strong></span> <span class='ocrx_word' id='word_1_546' title='bbox 3183 3218 3236 3270; x_wconf 92' lang='lat' dir='ltr'><strong>iu</strong></span> <span class='ocrx_word' id='word_1_547' title='bbox 3281 3216 3467 3279; x_wconf 84' lang='lat' dir='ltr'><strong>domo.</strong></span> 
     </span>
    </p>
   </div>
   <div class='ocr_carea' id='block_1_81' title="bbox 1889 3304 2937 3375">
    <p class='ocr_par' dir='ltr' id='par_1_81' title="bbox 1889 3304 2937 3375">
     <span class='ocr_line' id='line_1_81' title="bbox 1889 3304 2937 3375; baseline 0 -16"><span class='ocrx_word' id='word_1_548' title='bbox 1889 3320 1993 3359; x_wconf 87' lang='lat' dir='ltr'><strong>una</strong></span> <span class='ocrx_word' id='word_1_549' title='bbox 2019 3314 2273 3375; x_wconf 88' lang='lat' dir='ltr'><strong>precatus</strong></span> <span class='ocrx_word' id='word_1_550' title='bbox 2304 3304 2489 3369; x_wconf 85' lang='lat' dir='ltr'><strong>fuerit,</strong></span> <span class='ocrx_word' id='word_1_551' title='bbox 2517 3306 2565 3360; x_wconf 89' lang='lat' dir='ltr'><strong>is</strong></span> <span class='ocrx_word' id='word_1_552' title='bbox 2597 3314 2937 3375; x_wconf 85' lang='lat' dir='ltr'><strong>segregetur.</strong></span> 
     </span>
    </p>
   </div>
   <div class='ocr_carea' id='block_1_82' title="bbox 1954 3393 3466 3467">
    <p class='ocr_par' dir='ltr' id='par_1_82' title="bbox 1954 3393 3466 3467">
     <span class='ocr_line' id='line_1_82' title="bbox 1954 3393 3466 3467; baseline -0.004 -16"><span class='ocrx_word' id='word_1_553' title='bbox 1954 3397 2047 3451; x_wconf 73' lang='lat'><strong>45.</strong></span> <span class='ocrx_word' id='word_1_554' title='bbox 2079 3397 2401 3467; x_wconf 83' lang='lat' dir='ltr'><strong>EpiscOpus,</strong></span> <span class='ocrx_word' id='word_1_555' title='bbox 2440 3397 2522 3451; x_wconf 92' lang='lat' dir='ltr'><strong>vel</strong></span> <span class='ocrx_word' id='word_1_556' title='bbox 2567 3396 2875 3466; x_wconf 87' lang='lat' dir='ltr'><strong>presbyter,</strong></span> <span class='ocrx_word' id='word_1_557' title='bbox 2916 3395 2999 3449; x_wconf 83' lang='lat' dir='ltr'><strong>vel</strong></span> <span class='ocrx_word' id='word_1_558' title='bbox 3049 3394 3335 3450; x_wconf 86' lang='lat' dir='ltr'><strong>diaconus.</strong></span> <span class='ocrx_word' id='word_1_559' title='bbox 3371 3393 3466 3462; x_wconf 90' lang='lat' dir='ltr'><strong>qui</strong></span> 
     </span>
    </p>
   </div>
   <div class='ocr_carea' id='block_1_83' title="bbox 1887 3475 3465 3555">
    <p class='ocr_par' dir='ltr' id='par_1_83' title="bbox 1887 3475 3465 3555">
     <span class='ocr_line' id='line_1_83' title="bbox 1887 3475 3465 3555; baseline -0.004 -13"><span class='ocrx_word' id='word_1_560' title='bbox 1887 3502 2011 3543; x_wconf 90' lang='lat' dir='ltr'><strong>cum</strong></span> <span class='ocrx_word' id='word_1_561' title='bbox 2040 3487 2311 3542; x_wconf 68' lang='lat' dir='ltr'><strong>haereticis</strong></span> <span class='ocrx_word' id='word_1_562' title='bbox 2341 3486 2423 3540; x_wconf 89' lang='lat' dir='ltr'><strong>vel</strong></span> <span class='ocrx_word' id='word_1_563' title='bbox 2454 3475 2629 3540; x_wconf 62' lang='lat' dir='ltr'><strong>sol‘um</strong></span> <span class='ocrx_word' id='word_1_564' title='bbox 2660 3494 3043 3555; x_wconf 87' lang='lat' dir='ltr'><strong>comprecatus</strong></span> <span class='ocrx_word' id='word_1_565' title='bbox 3073 3493 3174 3548; x_wconf 86' lang='lat' dir='ltr'><strong>est,</strong></span> <span class='ocrx_word' id='word_1_566' title='bbox 3210 3497 3465 3551; x_wconf 80' lang='lat' dir='ltr'><strong>segrege-</strong></span> 
     </span>
    </p>
   </div>
   <div class='ocr_carea' id='block_1_84' title="bbox 1887 3572 3466 3645">
    <p class='ocr_par' dir='ltr' id='par_1_84' title="bbox 1887 3572 3466 3645">
     <span class='ocr_line' id='line_1_84' title="bbox 1887 3572 3466 3645; baseline -0.006 -12"><span class='ocrx_word' id='word_1_567' title='bbox 1887 3587 1994 3633; x_wconf 91' lang='lat' dir='ltr'><strong>tur.</strong></span> <span class='ocrx_word' id='word_1_568' title='bbox 2030 3574 2125 3631; x_wconf 92' lang='lat' dir='ltr'><strong>Sin</strong></span> <span class='ocrx_word' id='word_1_569' title='bbox 2148 3589 2329 3632; x_wconf 85' lang='lat' dir='ltr'><strong>autem</strong></span> <span class='ocrx_word' id='word_1_570' title='bbox 2354 3577 2433 3631; x_wconf 90' lang='lat' dir='ltr'><strong>eis</strong></span> <span class='ocrx_word' id='word_1_571' title='bbox 2472 3585 2731 3645; x_wconf 85' lang='lat' dir='ltr'><strong>tanquam</strong></span> <span class='ocrx_word' id='word_1_572' title='bbox 2764 3575 2979 3630; x_wconf 85' lang='lat' dir='ltr'><strong>clericis</strong></span> <span class='ocrx_word' id='word_1_573' title='bbox 3005 3573 3210 3642; x_wconf 82' lang='lat' dir='ltr'><strong>aliquid</strong></span> <span class='ocrx_word' id='word_1_574' title='bbox 3250 3572 3466 3642; x_wconf 86' lang='lat' dir='ltr'><strong>operari</strong></span> 
     </span>
    </p>
   </div>
   <div class='ocr_carea' id='block_1_85' title="bbox 1888 3669 2571 3742">
    <p class='ocr_par' dir='ltr' id='par_1_85' title="bbox 1888 3669 2571 3742">
     <span class='ocr_line' id='line_1_85' title="bbox 1888 3669 2571 3742; baseline -0.003 -18"><span class='ocrx_word' id='word_1_575' title='bbox 1888 3670 2219 3742; x_wconf 89' lang='lat' dir='ltr'><strong>permiserit,</strong></span> <span class='ocrx_word' id='word_1_576' title='bbox 2242 3669 2571 3739; x_wconf 89' lang='lat' dir='ltr'><strong>deponatur.</strong></span> 
     </span>
    </p>
   </div>
   <div class='ocr_carea' id='block_1_86' title="bbox 1956 3756 3563 3835">
    <p class='ocr_par' dir='ltr' id='par_1_86' title="bbox 1956 3756 3563 3835">
     <span class='ocr_line' id='line_1_86' title="bbox 1956 3756 3563 3835; baseline -0.007 -16"><span class='ocrx_word' id='word_1_577' title='bbox 1956 3764 2047 3820; x_wconf 73' lang='lat'><strong>46.</strong></span> <span class='ocrx_word' id='word_1_578' title='bbox 2074 3763 2521 3835; x_wconf 88' lang='lat' dir='ltr'><strong>Episcopum,vel</strong></span> <span class='ocrx_word' id='word_1_579' title='bbox 2548 3760 3047 3833; x_wconf 81' lang='lat' dir='ltr'><strong>presbyterum,qui</strong></span> <span class='ocrx_word' id='word_1_580' title='bbox 3083 3756 3466 3811; x_wconf 70' lang='lat' dir='ltr'><strong>hmreticnrum</strong></span> <span class='ocrx_word' id='word_1_581' title='bbox 3560 3812 3563 3817; x_wconf 23' lang='grc' dir='ltr'><strong><em>ί</em></strong></span> 
     </span>
    </p>
   </div>
   <div class='ocr_carea' id='block_1_87' title="bbox 1888 3850 3467 3929">
    <p class='ocr_par' dir='ltr' id='par_1_87' title="bbox 1888 3850 3467 3929">
     <span class='ocr_line' id='line_1_87' title="bbox 1888 3850 3467 3929; baseline -0.008 -15"><span class='ocrx_word' id='word_1_582' title='bbox 1888 3858 2219 3929; x_wconf 88' lang='lat' dir='ltr'><strong>baptismum</strong></span> <span class='ocrx_word' id='word_1_583' title='bbox 2262 3857 2345 3913; x_wconf 90' lang='lat' dir='ltr'><strong>vel</strong></span> <span class='ocrx_word' id='word_1_584' title='bbox 2395 3855 2723 3912; x_wconf 79' lang='lat' dir='ltr'><strong>sacriﬁcium</strong></span> <span class='ocrx_word' id='word_1_585' title='bbox 2770 3853 3074 3918; x_wconf 83' lang='lat' dir='ltr'><strong>admiserit,</strong></span> <span class='ocrx_word' id='word_1_586' title='bbox 3131 3851 3326 3921; x_wconf 88' lang='lat' dir='ltr'><strong>deponi</strong></span> <span class='ocrx_word' id='word_1_587' title='bbox 3372 3850 3467 3918; x_wconf 61' lang='lat' dir='ltr'><strong>ju«</strong></span> 
     </span>
    </p>
   </div>
   <div class='ocr_carea' id='block_1_88' title="bbox 1887 3940 3471 4015">
    <p class='ocr_par' dir='ltr' id='par_1_88' title="bbox 1887 3940 3471 4015">
     <span class='ocr_line' id='line_1_88' title="bbox 1887 3940 3471 4015; baseline -0.006 -10"><span class='ocrx_word' id='word_1_588' title='bbox 1887 3950 2119 4006; x_wconf 88' lang='lat' dir='ltr'><strong>bemus:</strong></span> <span class='ocrx_word' id='word_1_589' title='bbox 2152 3948 2284 4015; x_wconf 79' lang='lat' dir='ltr'><strong>Qua:</strong></span> <span class='ocrx_word' id='word_1_590' title='bbox 2333 3956 2411 4002; x_wconf 83' lang='lat' dir='ltr'><strong>est</strong></span> <span class='ocrx_word' id='word_1_591' title='bbox 2469 3948 2606 4002; x_wconf 87' lang='lat' dir='ltr'><strong>enim</strong></span> <span class='ocrx_word' id='word_1_592' title='bbox 2653 3949 2922 4001; x_wconf 84' lang='lat' dir='ltr'><strong>conventio</strong></span> <span class='ocrx_word' id='word_1_593' title='bbox 2959 3944 3159 3999; x_wconf 80' lang='lat' dir='ltr'><strong>Christi</strong></span> <span class='ocrx_word' id='word_1_594' title='bbox 3215 3959 3334 3997; x_wconf 88' lang='lat' dir='ltr'><strong>cum</strong></span> <span class='ocrx_word' id='word_1_595' title='bbox 3370 3940 3471 3995; x_wconf 88' lang='lat' dir='ltr'><strong>Be-</strong></span> 
     </span>
    </p>
   </div>
   <div class='ocr_carea' id='block_1_89' title="bbox 1888 4029 3183 4112">
    <p class='ocr_par' dir='ltr' id='par_1_89' title="bbox 1888 4029 3183 4112">
     <span class='ocr_line' id='line_1_89' title="bbox 1888 4029 3183 4112; baseline -0.005 -16"><span class='ocrx_word' id='word_1_596' title='bbox 1888 4041 2027 4096; x_wconf 83' lang='lat' dir='ltr'><strong>lial?</strong></span> <span class='ocrx_word' id='word_1_597' title='bbox 2050 4044 2128 4096; x_wconf 83' lang='lat' dir='ltr'><strong>vel</strong></span> <span class='ocrx_word' id='word_1_598' title='bbox 2164 4029 2280 4112; x_wconf 76' lang='lat' dir='ltr'><strong>qua:</strong></span> <span class='ocrx_word' id='word_1_599' title='bbox 2308 4057 2433 4110; x_wconf 83' lang='lat' dir='ltr'><strong>pars</strong></span> <span class='ocrx_word' id='word_1_600' title='bbox 2457 4048 2533 4093; x_wconf 85' lang='lat' dir='ltr'><strong>est</strong></span> <span class='ocrx_word' id='word_1_601' title='bbox 2562 4039 2709 4108; x_wconf 79' lang='lat' dir='ltr'><strong>ﬁdeli</strong></span> <span class='ocrx_word' id='word_1_602' title='bbox 2740 4054 2859 4091; x_wconf 76' lang='lat' dir='ltr'><strong>cum</strong></span> <span class='ocrx_word' id='word_1_603' title='bbox 2884 4038 3085 4106; x_wconf 83' lang='lat' dir='ltr'><strong>inﬁdeli</strong></span> <span class='ocrx_word' id='word_1_604' title='bbox 3116 4036 3183 4089; x_wconf 77' lang='grc'><strong>⁸⁵³.</strong></span> 
     </span>
    </p>
   </div>
   <div class='ocr_carea' id='block_1_90' title="bbox 2163 4126 3195 4205">
    <p class='ocr_par' dir='ltr' id='par_1_90' title="bbox 2163 4126 3195 4205">
     <span class='ocr_line' id='line_1_90' title="bbox 2163 4126 3195 4205; baseline -0.01 -16"><span class='ocrx_word' id='word_1_605' title='bbox 2163 4132 2323 4205; x_wconf 65' lang='grc'><strong>149</strong></span> <span class='ocrx_word' id='word_1_606' title='bbox 2349 4131 2579 4187; x_wconf 81' lang='lat' dir='ltr'><strong>Concilii</strong></span> <span class='ocrx_word' id='word_1_607' title='bbox 2609 4131 2923 4183; x_wconf 84' lang='lat' dir='ltr'><strong>Antiocheni</strong></span> <span class='ocrx_word' id='word_1_608' title='bbox 2948 4145 3115 4181; x_wconf 85' lang='lat' dir='ltr'><strong>canon</strong></span> <span class='ocrx_word' id='word_1_609' title='bbox 3139 4126 3195 4180; x_wconf 73' lang='lat'><strong>2.</strong></span> 
     </span>
    </p>
   </div>
   <div class='ocr_carea' id='block_1_91' title="bbox 1957 4219 3469 4292">
    <p class='ocr_par' dir='ltr' id='par_1_91' title="bbox 1957 4219 3469 4292">
     <span class='ocr_line' id='line_1_91' title="bbox 1957 4219 3469 4292; baseline -0.005 -15"><span class='ocrx_word' id='word_1_610' title='bbox 1957 4223 2013 4279; x_wconf 73' lang='lat'><strong>2.</strong></span> <span class='ocrx_word' id='word_1_611' title='bbox 2052 4223 2256 4279; x_wconf 84' lang='lat' dir='ltr'><strong>Omnes</strong></span> <span class='ocrx_word' id='word_1_612' title='bbox 2305 4225 2394 4292; x_wconf 84' lang='lat' dir='ltr'><strong>qui</strong></span> <span class='ocrx_word' id='word_1_613' title='bbox 2447 4223 2503 4276; x_wconf 87' lang='lat' dir='ltr'><strong>in</strong></span> <span class='ocrx_word' id='word_1_614' title='bbox 2547 4220 2853 4276; x_wconf 82' lang='lat' dir='ltr'><strong>Ecclesiam</strong></span> <span class='ocrx_word' id='word_1_615' title='bbox 2899 4219 3305 4289; x_wconf 86' lang='lat' dir='ltr'><strong>ingrediuntur,</strong></span> <span class='ocrx_word' id='word_1_616' title='bbox 3336 4224 3469 4283; x_wconf 80' lang='lat' dir='ltr'><strong>rtc.,</strong></span> 
     </span>
    </p>
   </div>
   <div class='ocr_carea' id='block_1_92' title="bbox 1890 4318 2495 4391">
    <p class='ocr_par' dir='ltr' id='par_1_92' title="bbox 1890 4318 2495 4391">
     <span class='ocr_line' id='line_1_92' title="bbox 1890 4318 2495 4391; baseline -0.007 -16"><span class='ocrx_word' id='word_1_617' title='bbox 1890 4331 1949 4375; x_wconf 86' lang='lat' dir='ltr'><strong>ut</strong></span> <span class='ocrx_word' id='word_1_618' title='bbox 1984 4337 2170 4391; x_wconf 88' lang='lat' dir='ltr'><strong>supra,</strong></span> <span class='ocrx_word' id='word_1_619' title='bbox 2198 4336 2325 4389; x_wconf 84' lang='lat' dir='ltr'><strong>pag.</strong></span> <span class='ocrx_word' id='word_1_620' title='bbox 2361 4318 2495 4372; x_wconf 72' lang='lat'><strong>616.</strong></span> 
     </span>
    </p>
   </div>
   <div class='ocr_carea' id='block_1_93' title="bbox 2248 4407 3109 4468">
    <p class='ocr_par' dir='ltr' id='par_1_93' title="bbox 2248 4407 3109 4468">
     <span class='ocr_line' id='line_1_93' title="bbox 2248 4407 3109 4468; baseline -0.009 -1"><span class='ocrx_word' id='word_1_621' title='bbox 2248 4410 2476 4468; x_wconf 73' lang='lat' dir='ltr'><strong>Consilii</strong></span> <span class='ocrx_word' id='word_1_622' title='bbox 2502 4409 2792 4464; x_wconf 78' lang='lat' dir='ltr'><strong>Laudiceni</strong></span> <span class='ocrx_word' id='word_1_623' title='bbox 2823 4423 2995 4461; x_wconf 88' lang='lat' dir='ltr'><strong>canon</strong></span> <span class='ocrx_word' id='word_1_624' title='bbox 3019 4407 3109 4460; x_wconf 86' lang='lat'><strong>55.</strong></span> 
     </span>
    </p>
   </div>
   <div class='ocr_carea' id='block_1_94' title="bbox 1960 4495 3473 4570">
    <p class='ocr_par' dir='ltr' id='par_1_94' title="bbox 1960 4495 3473 4570">
     <span class='ocr_line' id='line_1_94' title="bbox 1960 4495 3473 4570; baseline -0.005 -12"><span class='ocrx_word' id='word_1_625' title='bbox 1960 4503 2049 4558; x_wconf 86' lang='lat'><strong>55.</strong></span> <span class='ocrx_word' id='word_1_626' title='bbox 2089 4500 2245 4569; x_wconf 87' lang='lat' dir='ltr'><strong>Quod</strong></span> <span class='ocrx_word' id='word_1_627' title='bbox 2295 4517 2405 4555; x_wconf 89' lang='lat' dir='ltr'><strong>non</strong></span> <span class='ocrx_word' id='word_1_628' title='bbox 2451 4508 2664 4570; x_wconf 74' lang='lat' dir='ltr'><strong>oportet</strong></span> <span class='ocrx_word' id='word_1_629' title='bbox 2710 4514 2815 4553; x_wconf 88' lang='lat' dir='ltr'><strong>una</strong></span> <span class='ocrx_word' id='word_1_630' title='bbox 2888 4513 3012 4552; x_wconf 92' lang='lat' dir='ltr'><strong>cum</strong></span> <span class='ocrx_word' id='word_1_631' title='bbox 3070 4495 3343 4551; x_wconf 69' lang='lat' dir='ltr'><strong>hiBl‘ellt‘lS</strong></span> <span class='ocrx_word' id='word_1_632' title='bbox 3388 4496 3473 4551; x_wconf 83' lang='lat' dir='ltr'><strong>vel</strong></span> 
     </span>
    </p>
   </div>
   <div class='ocr_carea' id='block_1_95' title="bbox 1890 4594 2482 4651">
    <p class='ocr_par' dir='ltr' id='par_1_95' title="bbox 1890 4594 2482 4651">
     <span class='ocr_line' id='line_1_95' title="bbox 1890 4594 2482 4651; baseline -0.008 -1"><span class='ocrx_word' id='word_1_633' title='bbox 1890 4594 2262 4651; x_wconf 86' lang='lat' dir='ltr'><strong>schismaticis</strong></span> <span class='ocrx_word' id='word_1_634' title='bbox 2302 4606 2482 4645; x_wconf 88' lang='lat' dir='ltr'><strong>orare.</strong></span> 
     </span>
    </p>
   </div>
   <div class='ocr_carea' id='block_1_96' title="bbox 1965 4677 3470 4750">
    <p class='ocr_par' dir='ltr' id='par_1_96' title="bbox 1965 4677 3470 4750">
     <span class='ocr_line' id='line_1_96' title="bbox 1965 4677 3470 4750; baseline -0.006 -10"><span class='ocrx_word' id='word_1_635' title='bbox 1965 4685 2185 4740; x_wconf 74' lang='lat' dir='ltr'><strong>Textus.</strong></span> <span class='ocrx_word' id='word_1_636' title='bbox 2233 4683 2428 4739; x_wconf 85' lang='lat' dir='ltr'><strong>Const.</strong></span> <span class='ocrx_word' id='word_1_637' title='bbox 2454 4683 2509 4750; x_wconf 68' lang='grc'>4,</span> <span class='ocrx_word' id='word_1_638' title='bbox 2546 4680 2632 4735; x_wconf 93' lang='lat' dir='ltr'><strong>tit.</strong></span> <span class='ocrx_word' id='word_1_639' title='bbox 2678 4680 2733 4743; x_wconf 90' lang='lat'><strong>6,</strong></span> <span class='ocrx_word' id='word_1_640' title='bbox 2786 4678 3128 4733; x_wconf 86' lang='lat' dir='ltr'><strong>Novellarum</strong></span> <span class='ocrx_word' id='word_1_641' title='bbox 3162 4678 3273 4732; x_wconf 88' lang='lat' dir='ltr'><strong>ait:</strong></span> <span class='ocrx_word' id='word_1_642' title='bbox 3315 4677 3470 4743; x_wconf 82' lang='lat' dir='ltr'><strong>Quod</strong></span> 
     </span>
    </p>
   </div>
   <div class='ocr_carea' id='block_1_97' title="bbox 236 4772 1777 4851">
    <p class='ocr_par' dir='ltr' id='par_1_97' title="bbox 236 4778 1777 4851">
     <span class='ocr_line' id='line_1_97' title="bbox 236 4778 1777 4851; baseline 0 -19"><span class='ocrx_word' id='word_1_643' title='bbox 236 4781 538 4851; x_wconf 82' lang='grc' dir='ltr'>συνάγοντες</span> <span class='ocrx_word' id='word_1_644' title='bbox 562 4782 611 4833; x_wconf 87' lang='grc' dir='ltr'><strong>οἱ</strong></span> <span class='ocrx_word' id='word_1_645' title='bbox 644 4781 913 4849; x_wconf 77' lang='grc' dir='ltr'>αίρετικοὶ</span> <span class='ocrx_word' id='word_1_646' title='bbox 951 4780 1047 4831; x_wconf 76' lang='grc' dir='ltr'>καὶ</span> <span class='ocrx_word' id='word_1_647' title='bbox 1077 4779 1126 4831; x_wconf 79' lang='grc' dir='ltr'><strong>οἱ</strong></span> <span class='ocrx_word' id='word_1_648' title='bbox 1171 4778 1308 4850; x_wconf 70' lang='grc' dir='ltr'>πρὸς</span> <span class='ocrx_word' id='word_1_649' title='bbox 1334 4780 1531 4842; x_wconf 76' lang='grc' dir='ltr'>αὐτοὺς</span> <span class='ocrx_word' id='word_1_650' title='bbox 1562 4781 1777 4849; x_wconf 87' lang='grc' dir='ltr'>συναγό-</span> 
     </span>
    </p>
   </div>
   <div class='ocr_carea' id='block_1_98' title="bbox 1900 4772 3461 4851">
    <p class='ocr_par' dir='ltr' id='par_1_98' title="bbox 1900 4772 3461 4851">
     <span class='ocr_line' id='line_1_98' title="bbox 1900 4772 3461 4851; baseline -0.007 -17"><span class='ocrx_word' id='word_1_651' title='bbox 1900 4781 1984 4851; x_wconf 88' lang='lat' dir='ltr'><strong>qui</strong></span> <span class='ocrx_word' id='word_1_652' title='bbox 2022 4777 2259 4834; x_wconf 66' lang='lat' dir='ltr'><strong>haeretici</strong></span> <span class='ocrx_word' id='word_1_653' title='bbox 2298 4784 2473 4831; x_wconf 60' lang='lat' dir='ltr'><strong>castus</strong></span> <span class='ocrx_word' id='word_1_654' title='bbox 2503 4784 2729 4845; x_wconf 89' lang='lat' dir='ltr'><strong>cogunt,</strong></span> <span class='ocrx_word' id='word_1_655' title='bbox 2761 4774 2965 4844; x_wconf 87' lang='lat' dir='ltr'><strong>quique</strong></span> <span class='ocrx_word' id='word_1_656' title='bbox 2994 4772 3294 4842; x_wconf 83' lang='lat' dir='ltr'><strong>apud.illos</strong></span> <span class='ocrx_word' id='word_1_657' title='bbox 3325 4788 3461 4826; x_wconf 92' lang='lat' dir='ltr'><strong>cou-</strong></span> 
     </span>
    </p>
   </div>
   <div class='ocr_carea' id='block_1_99' title="bbox 239 4869 1787 4939">
    <p class='ocr_par' dir='ltr' id='par_1_99' title="bbox 239 4869 1787 4939">
     <span class='ocr_line' id='line_1_99' title="bbox 239 4869 1787 4939; baseline 0.001 -16"><span class='ocrx_word' id='word_1_658' title='bbox 239 4887 389 4939; x_wconf 79' lang='grc' dir='ltr'>μενοι,</span> <span class='ocrx_word' id='word_1_659' title='bbox 416 4872 513 4936; x_wconf 82' lang='grc' dir='ltr'>τὰς</span> <span class='ocrx_word' id='word_1_660' title='bbox 545 4872 653 4925; x_wconf 80' lang='grc' dir='ltr'><strong>ἀπὸ</strong></span> <span class='ocrx_word' id='word_1_661' title='bbox 696 4871 807 4925; x_wconf 86' lang='grc' dir='ltr'><strong>τῶν</strong></span> <span class='ocrx_word' id='word_1_662' title='bbox 847 4869 1143 4935; x_wconf 85' lang='grc' dir='ltr'>διατάξεων</span> <span class='ocrx_word' id='word_1_663' title='bbox 1192 4870 1382 4933; x_wconf 81' lang='grc' dir='ltr'>ποινὰς</span> <span class='ocrx_word' id='word_1_664' title='bbox 1422 4870 1787 4939; x_wconf 76' lang='grc' dir='ltr'>ὑπομένουσιο</span> 
     </span>
    </p>
   </div>
   <div class='ocr_carea' id='block_1_100' title="bbox 238 4956 1791 5032">
    <p class='ocr_par' dir='ltr' id='par_1_100' title="bbox 238 4956 1791 5032">
     <span class='ocr_line' id='line_1_100' title="bbox 238 4956 1791 5032; baseline 0.001 -21"><span class='ocrx_word' id='word_1_665' title='bbox 238 4960 318 5013; x_wconf 77' lang='grc' dir='ltr'><strong>καὶ</strong></span> <span class='ocrx_word' id='word_1_666' title='bbox 340 4964 384 5014; x_wconf 81' lang='lat' dir='ltr'><strong>oi</strong></span> <span class='ocrx_word' id='word_1_667' title='bbox 420 4958 580 5025; x_wconf 78' lang='grc' dir='ltr'>οἶκοι,</span> <span class='ocrx_word' id='word_1_668' title='bbox 612 4963 671 5015; x_wconf 83' lang='grc' dir='ltr'><strong>ἐν</strong></span> <span class='ocrx_word' id='word_1_669' title='bbox 694 4956 777 5024; x_wconf 74' lang='grc' dir='ltr'><strong>οἷς</strong></span> <span class='ocrx_word' id='word_1_670' title='bbox 800 4959 1176 5031; x_wconf 79' lang='grc' dir='ltr'>ἁμαρτάνεται</span> <span class='ocrx_word' id='word_1_671' title='bbox 1201 4958 1382 5025; x_wconf 79' lang='grc' dir='ltr'>τοῦτο,</span> <span class='ocrx_word' id='word_1_672' title='bbox 1409 4962 1478 5031; x_wconf 77' lang='grc' dir='ltr'><strong>τῇ</strong></span> <span class='ocrx_word' id='word_1_673' title='bbox 1504 4961 1637 5032; x_wconf 75' lang='grc' dir='ltr'>ἁγίᾳ</span> <span class='ocrx_word' id='word_1_674' title='bbox 1666 4962 1791 5013; x_wconf 86' lang='grc' dir='ltr'><strong>Ἔκ-</strong></span> 
     </span>
    </p>
   </div>
   <div class='ocr_carea' id='block_1_101' title="bbox 239 5050 904 5123">
    <p class='ocr_par' dir='ltr' id='par_1_101' title="bbox 239 5050 904 5123">
     <span class='ocr_line' id='line_1_101' title="bbox 239 5050 904 5123; baseline 0.003 -22"><span class='ocrx_word' id='word_1_675' title='bbox 239 5050 417 5123; x_wconf 82' lang='grc' dir='ltr'>κλησίᾳ</span> <span class='ocrx_word' id='word_1_676' title='bbox 446 5051 904 5123; x_wconf 79' lang='grc' dir='ltr'>προσκυροῦνται.</span> 
     </span>
    </p>
   </div>
   <div class='ocr_carea' id='block_1_102' title="bbox 297 5136 1793 5212">
    <p class='ocr_par' dir='ltr' id='par_1_102' title="bbox 297 5136 1793 5212">
     <span class='ocr_line' id='line_1_102' title="bbox 297 5136 1793 5212; baseline 0.003 -20"><span class='ocrx_word' id='word_1_677' title='bbox 297 5141 533 5194; x_wconf 77' lang='grc' dir='ltr'>ΚΕΦΑΛ.</span> <span class='ocrx_word' id='word_1_678' title='bbox 567 5137 684 5207; x_wconf 71' lang='grc' dir='ltr'>ις’.</span> <span class='ocrx_word' id='word_1_679' title='bbox 705 5169 775 5179; x_wconf 93' lang='lat'><strong>—</strong></span> <span class='ocrx_word' id='word_1_680' title='bbox 795 5138 933 5207; x_wconf 76' lang='grc' dir='ltr'>Περὶ</span> <span class='ocrx_word' id='word_1_681' title='bbox 952 5138 1056 5193; x_wconf 88' lang='grc' dir='ltr'>τοῦ</span> <span class='ocrx_word' id='word_1_682' title='bbox 1081 5136 1172 5207; x_wconf 73' lang='grc' dir='ltr'>μὴ</span> <span class='ocrx_word' id='word_1_683' title='bbox 1193 5137 1322 5192; x_wconf 84' lang='grc' dir='ltr'>δεῖν</span> <span class='ocrx_word' id='word_1_684' title='bbox 1348 5138 1420 5193; x_wconf 86' lang='grc' dir='ltr'>τὰ</span> <span class='ocrx_word' id='word_1_685' title='bbox 1445 5139 1601 5209; x_wconf 76' lang='grc' dir='ltr'>ἅγια,</span> <span class='ocrx_word' id='word_1_686' title='bbox 1632 5141 1793 5212; x_wconf 70' lang='grc' dir='ltr'>λόγῳ</span> 
     </span>
    </p>
   </div>
   <div class='ocr_carea' id='block_1_103' title="bbox 243 5216 1513 5301">
    <p class='ocr_par' dir='ltr' id='par_1_103' title="bbox 243 5216 1513 5301">
     <span class='ocr_line' id='line_1_103' title="bbox 243 5216 1513 5301; baseline 0.005 -20"><span class='ocrx_word' id='word_1_687' title='bbox 243 5231 527 5301; x_wconf 57' lang='lat' dir='ltr'><strong>courier,</strong></span> <span class='ocrx_word' id='word_1_688' title='bbox 554 5235 641 5299; x_wconf 82' lang='grc' dir='ltr'><strong>είς</strong></span> <span class='ocrx_word' id='word_1_689' title='bbox 680 5231 786 5297; x_wconf 83' lang='grc' dir='ltr'>τὰς</span> <span class='ocrx_word' id='word_1_690' title='bbox 816 5216 1513 5300; x_wconf 75' lang='grc' dir='ltr'>παροικίας-πέμπεσθαι.</span> 
     </span>
    </p>
   </div>
   <div class='ocr_carea' id='block_1_104' title="bbox 224 5320 1505 5387">
    <p class='ocr_par' dir='ltr' id='par_1_104' title="bbox 224 5320 1505 5387">
     <span class='ocr_line' id='line_1_104' title="bbox 224 5320 1505 5387; baseline -0.002 -9"><span class='ocrx_word' id='word_1_691' title='bbox 224 5324 229 5329; x_wconf 69' lang='grc'><strong>⁷</strong></span> <span class='ocrx_word' id='word_1_692' title='bbox 498 5323 765 5377; x_wconf 90' lang='grc' dir='ltr'>Συνόδου</span> <span class='ocrx_word' id='word_1_693' title='bbox 798 5320 1147 5387; x_wconf 84' lang='grc' dir='ltr'>Λαοδικείας</span> <span class='ocrx_word' id='word_1_694' title='bbox 1191 5320 1395 5374; x_wconf 78' lang='grc' dir='ltr'>κανὼν</span> <span class='ocrx_word' id='word_1_695' title='bbox 1420 5322 1505 5376; x_wconf 86' lang='grc' dir='ltr'>ιδ’.</span> 
     </span>
    </p>
   </div>
   <div class='ocr_carea' id='block_1_105' title="bbox 305 5410 1789 5484">
    <p class='ocr_par' dir='ltr' id='par_1_105' title="bbox 305 5410 1789 5484">
     <span class='ocr_line' id='line_1_105' title="bbox 305 5410 1789 5484; baseline 0.004 -21"><span class='ocrx_word' id='word_1_696' title='bbox 305 5410 377 5463; x_wconf 87' lang='grc' dir='ltr'>ιδ¹.</span> <span class='ocrx_word' id='word_1_697' title='bbox 407 5413 535 5484; x_wconf 77' lang='grc' dir='ltr'>Περὶ</span> <span class='ocrx_word' id='word_1_698' title='bbox 566 5414 660 5467; x_wconf 82' lang='grc' dir='ltr'>τοῦ</span> <span class='ocrx_word' id='word_1_699' title='bbox 691 5413 767 5484; x_wconf 81' lang='grc' dir='ltr'>μὴ</span> <span class='ocrx_word' id='word_1_700' title='bbox 802 5413 871 5466; x_wconf 84' lang='grc' dir='ltr'>τὰ</span> <span class='ocrx_word' id='word_1_701' title='bbox 896 5413 1027 5482; x_wconf 82' lang='grc' dir='ltr'>ἆγια</span> <span class='ocrx_word' id='word_1_702' title='bbox 1060 5414 1139 5476; x_wconf 83' lang='grc' dir='ltr'><strong>είς</strong></span> <span class='ocrx_word' id='word_1_703' title='bbox 1171 5412 1327 5482; x_wconf 86' lang='grc' dir='ltr'>λόγον</span> <span class='ocrx_word' id='word_1_704' title='bbox 1356 5413 1617 5481; x_wconf 83' lang='grc' dir='ltr'>εὐλογιῶν</span> <span class='ocrx_word' id='word_1_705' title='bbox 1648 5416 1789 5470; x_wconf 85' lang='grc' dir='ltr'>κατὰ</span> 
     </span>
    </p>
   </div>
   <div class='ocr_carea' id='block_1_106' title="bbox 246 5499 1793 5580">
    <p class='ocr_par' dir='ltr' id='par_1_106' title="bbox 246 5499 1793 5580">
     <span class='ocr_line' id='line_1_106' title="bbox 246 5499 1793 5580; baseline 0.005 -26"><span class='ocrx_word' id='word_1_706' title='bbox 246 5499 332 5570; x_wconf 82' lang='grc' dir='ltr'>τῆν</span> <span class='ocrx_word' id='word_1_707' title='bbox 362 5505 540 5578; x_wconf 74' lang='grc' dir='ltr'>ἑορτὴν</span> <span class='ocrx_word' id='word_1_708' title='bbox 566 5504 661 5560; x_wconf 79' lang='grc' dir='ltr'>τοῦ</span> <span class='ocrx_word' id='word_1_709' title='bbox 691 5506 901 5577; x_wconf 86' lang='grc' dir='ltr'>Πάσχα,</span> <span class='ocrx_word' id='word_1_710' title='bbox 923 5506 1003 5570; x_wconf 80' lang='grc' dir='ltr'><strong>είς</strong></span> <span class='ocrx_word' id='word_1_711' title='bbox 1029 5506 1221 5579; x_wconf 82' lang='grc' dir='ltr'>ἐτέρας</span> <span class='ocrx_word' id='word_1_712' title='bbox 1250 5506 1538 5577; x_wconf 86' lang='grc' dir='ltr'>παροικίας</span> <span class='ocrx_word' id='word_1_713' title='bbox 1560 5508 1793 5580; x_wconf 78' lang='grc' dir='ltr'>διαπέμ-</span> 
     </span>
    </p>
   </div>
   <div class='ocr_carea' id='block_1_107' title="bbox 250 5593 444 5650">
    <p class='ocr_par' dir='ltr' id='par_1_107' title="bbox 250 5593 444 5650">
     <span class='ocr_line' id='line_1_107' title="bbox 250 5593 444 5650; baseline 0.031 -5"><span class='ocrx_word' id='word_1_714' title='bbox 250 5593 444 5650; x_wconf 82' lang='grc' dir='ltr'>πισθαι.</span> 
     </span>
    </p>
   </div>
   <div class='ocr_carea' id='block_1_108' title="bbox 312 5710 786 5789">
    <p class='ocr_par' dir='ltr' id='par_1_108' title="bbox 312 5710 786 5789">
     <span class='ocr_line' id='line_1_108' title="bbox 312 5710 786 5789; baseline 0.011 -18"><span class='ocrx_word' id='word_1_715' title='bbox 312 5710 353 5742; x_wconf 64' lang='grc'><strong>⁸⁸</strong></span> <span class='ocrx_word' id='word_1_716' title='bbox 382 5716 423 5771; x_wconf 86' lang='grc' dir='ltr'><strong>ιι</strong></span> <span class='ocrx_word' id='word_1_717' title='bbox 449 5718 573 5774; x_wconf 84' lang='lat' dir='ltr'><strong>Cor.</strong></span> <span class='ocrx_word' id='word_1_718' title='bbox 595 5736 667 5789; x_wconf 81' lang='lat' dir='ltr'><strong>vr,</strong></span> <span class='ocrx_word' id='word_1_719' title='bbox 697 5722 786 5777; x_wconf 74' lang='grc' dir='ltr'>Η.</span> 
     </span>
    </p>
   </div>
   <div class='ocr_carea' id='block_1_109' title="bbox 1894 4863 3468 4943">
    <p class='ocr_par' dir='ltr' id='par_1_109' title="bbox 1894 4863 3468 4943">
     <span class='ocr_line' id='line_1_109' title="bbox 1894 4863 3468 4943; baseline -0.005 -19"><span class='ocrx_word' id='word_1_720' title='bbox 1894 4880 2210 4943; x_wconf 90' lang='lat' dir='ltr'><strong>gregantur,</strong></span> <span class='ocrx_word' id='word_1_721' title='bbox 2235 4868 2289 4923; x_wconf 89' lang='lat' dir='ltr'><strong>in</strong></span> <span class='ocrx_word' id='word_1_722' title='bbox 2310 4866 2539 4937; x_wconf 79' lang='lat' dir='ltr'><strong>digestis</strong></span> <span class='ocrx_word' id='word_1_723' title='bbox 2566 4867 2873 4934; x_wconf 87' lang='lat' dir='ltr'><strong>descriptas</strong></span> <span class='ocrx_word' id='word_1_724' title='bbox 2901 4880 3091 4933; x_wconf 72' lang='lat' dir='ltr'><strong>pmuas</strong></span> <span class='ocrx_word' id='word_1_725' title='bbox 3126 4863 3468 4919; x_wconf 81' lang='lat' dir='ltr'><strong>sustineant:</strong></span> 
     </span>
    </p>
   </div>
   <div class='ocr_carea' id='block_1_110' title="bbox 1890 4953 3473 5029">
    <p class='ocr_par' dir='ltr' id='par_1_110' title="bbox 1890 4953 3473 5029">
     <span class='ocr_line' id='line_1_110' title="bbox 1890 4953 3473 5029; baseline -0.006 -12"><span class='ocrx_word' id='word_1_726' title='bbox 1890 4972 1945 5017; x_wconf 91' lang='lat' dir='ltr'><strong>et</strong></span> <span class='ocrx_word' id='word_1_727' title='bbox 1971 4964 2188 5023; x_wconf 88' lang='lat' dir='ltr'><strong>domus,</strong></span> <span class='ocrx_word' id='word_1_728' title='bbox 2219 4961 2271 5013; x_wconf 91' lang='lat' dir='ltr'><strong>in</strong></span> <span class='ocrx_word' id='word_1_729' title='bbox 2319 4959 2524 5029; x_wconf 90' lang='lat' dir='ltr'><strong>quibus</strong></span> <span class='ocrx_word' id='word_1_730' title='bbox 2575 4958 2679 5013; x_wconf 89' lang='lat' dir='ltr'><strong>hoc</strong></span> <span class='ocrx_word' id='word_1_731' title='bbox 2709 4955 3059 5027; x_wconf 87' lang='lat' dir='ltr'><strong>delinquitur,</strong></span> <span class='ocrx_word' id='word_1_732' title='bbox 3113 4967 3318 5011; x_wconf 71' lang='lat' dir='ltr'><strong>sanctae</strong></span> <span class='ocrx_word' id='word_1_733' title='bbox 3367 4953 3473 5007; x_wconf 86' lang='lat' dir='ltr'><strong>Ec-</strong></span> 
     </span>
    </p>
   </div>
   <div class='ocr_carea' id='block_1_111' title="bbox 1891 5053 3366 5116">
    <p class='ocr_par' dir='ltr' id='par_1_111' title="bbox 1891 5053 3366 5116">
     <span class='ocr_line' id='line_1_111' title="bbox 1891 5053 3366 5116; baseline -0.007 -6"><span class='ocrx_word' id='word_1_734' title='bbox 1891 5054 2072 5110; x_wconf 64' lang='lat' dir='ltr'><strong>clesia:</strong></span> <span class='ocrx_word' id='word_1_735' title='bbox 2103 5053 2451 5108; x_wconf 86' lang='lat' dir='ltr'><strong>addicantur.</strong></span> <span class='ocrx_word' id='word_1_736' title='bbox 3360 5110 3366 5116; x_wconf 19' lang='grc' dir='ltr'><strong><em>κ</em></strong></span> 
     </span>
    </p>
   </div>
   <div class='ocr_carea' id='block_1_112' title="bbox 1960 5139 3474 5212">
    <p class='ocr_par' dir='ltr' id='par_1_112' title="bbox 1960 5139 3474 5212">
     <span class='ocr_line' id='line_1_112' title="bbox 1960 5139 3474 5212; baseline -0.006 -10"><span class='ocrx_word' id='word_1_737' title='bbox 1960 5144 2113 5202; x_wconf 85' lang='lat' dir='ltr'><strong>CAP.</strong></span> <span class='ocrx_word' id='word_1_738' title='bbox 2137 5144 2272 5200; x_wconf 79' lang='lat' dir='ltr'><strong>XVI.</strong></span> <span class='ocrx_word' id='word_1_739' title='bbox 2298 5172 2361 5184; x_wconf 87' lang='lat'><strong>——</strong></span> <span class='ocrx_word' id='word_1_740' title='bbox 2387 5143 2543 5209; x_wconf 83' lang='lat' dir='ltr'><strong>Quod</strong></span> <span class='ocrx_word' id='word_1_741' title='bbox 2560 5159 2663 5196; x_wconf 85' lang='lat' dir='ltr'><strong>non</strong></span> <span class='ocrx_word' id='word_1_742' title='bbox 2690 5150 2922 5212; x_wconf 86' lang='lat' dir='ltr'><strong>oporteat</strong></span> <span class='ocrx_word' id='word_1_743' title='bbox 2953 5139 3265 5193; x_wconf 85' lang='lat' dir='ltr'><strong>oblationem</strong></span> <span class='ocrx_word' id='word_1_744' title='bbox 3292 5154 3474 5193; x_wconf 82' lang='lat' dir='ltr'><strong>conse-</strong></span> 
     </span>
    </p>
   </div>
   <div class='ocr_carea' id='block_1_113' title="bbox 1892 5234 3257 5307">
    <p class='ocr_par' dir='ltr' id='par_1_113' title="bbox 1892 5234 3257 5307">
     <span class='ocr_line' id='line_1_113' title="bbox 1892 5234 3257 5307; baseline -0.007 -14"><span class='ocrx_word' id='word_1_745' title='bbox 1892 5250 2100 5293; x_wconf 86' lang='lat' dir='ltr'><strong>cratam</strong></span> <span class='ocrx_word' id='word_1_746' title='bbox 2122 5278 2138 5304; x_wconf 93' lang='lat'><strong>,</strong></span> <span class='ocrx_word' id='word_1_747' title='bbox 2179 5236 2402 5307; x_wconf 80' lang='lat' dir='ltr'><strong>eulogia:</strong></span> <span class='ocrx_word' id='word_1_748' title='bbox 2440 5236 2615 5289; x_wconf 84' lang='lat' dir='ltr'><strong>instar</strong></span> <span class='ocrx_word' id='word_1_749' title='bbox 2648 5236 2716 5288; x_wconf 86' lang='lat' dir='ltr'><strong>ad</strong></span> <span class='ocrx_word' id='word_1_750' title='bbox 2745 5234 3002 5303; x_wconf 70' lang='lat' dir='ltr'><strong>partecias</strong></span> <span class='ocrx_word' id='word_1_751' title='bbox 3032 5234 3257 5286; x_wconf 83' lang='lat' dir='ltr'><strong>mittere.</strong></span> 
     </span>
    </p>
   </div>
   <div class='ocr_carea' id='block_1_114' title="bbox 2249 5324 3117 5383">
    <p class='ocr_par' dir='ltr' id='par_1_114' title="bbox 2249 5324 3117 5383">
     <span class='ocr_line' id='line_1_114' title="bbox 2249 5324 3117 5383; baseline -0.003 -1"><span class='ocrx_word' id='word_1_752' title='bbox 2249 5327 2476 5383; x_wconf 86' lang='lat' dir='ltr'><strong>Concilii</strong></span> <span class='ocrx_word' id='word_1_753' title='bbox 2505 5326 2793 5380; x_wconf 79' lang='lat' dir='ltr'><strong>Laudiceni</strong></span> <span class='ocrx_word' id='word_1_754' title='bbox 2828 5342 2995 5379; x_wconf 87' lang='lat' dir='ltr'><strong>canon</strong></span> <span class='ocrx_word' id='word_1_755' title='bbox 3031 5324 3117 5379; x_wconf 78' lang='grc'><strong>14.</strong></span> 
     </span>
    </p>
   </div>
   <div class='ocr_carea' id='block_1_115' title="bbox 1969 5415 3476 5476">
    <p class='ocr_par' dir='ltr' id='par_1_115' title="bbox 1969 5415 3476 5476">
     <span class='ocr_line' id='line_1_115' title="bbox 1969 5415 3476 5476; baseline -0.003 -1"><span class='ocrx_word' id='word_1_756' title='bbox 1969 5422 2054 5475; x_wconf 78' lang='grc' dir='ltr'>η.</span> <span class='ocrx_word' id='word_1_757' title='bbox 2098 5419 2173 5475; x_wconf 81' lang='lat' dir='ltr'><strong>Nc</strong></span> <span class='ocrx_word' id='word_1_758' title='bbox 2203 5430 2392 5476; x_wconf 89' lang='lat' dir='ltr'><strong>sancta</strong></span> <span class='ocrx_word' id='word_1_759' title='bbox 2424 5421 2594 5475; x_wconf 87' lang='lat' dir='ltr'><strong>instar</strong></span> <span class='ocrx_word' id='word_1_760' title='bbox 2625 5418 3062 5474; x_wconf 87' lang='lat' dir='ltr'><strong>benedictiouum</strong></span> <span class='ocrx_word' id='word_1_761' title='bbox 3108 5417 3159 5472; x_wconf 92' lang='lat' dir='ltr'><strong>in</strong></span> <span class='ocrx_word' id='word_1_762' title='bbox 3202 5415 3340 5473; x_wconf 81' lang='lat' dir='ltr'><strong>festo</strong></span> <span class='ocrx_word' id='word_1_763' title='bbox 3371 5415 3476 5472; x_wconf 69' lang='lat' dir='ltr'><strong>Pa-</strong></span> 
     </span>
    </p>
   </div>
   <div class='ocr_carea' id='block_1_116' title="bbox 1897 5513 3149 5586">
    <p class='ocr_par' dir='ltr' id='par_1_116' title="bbox 1897 5513 3149 5586">
     <span class='ocr_line' id='line_1_116' title="bbox 1897 5513 3149 5586; baseline -0.002 -15"><span class='ocrx_word' id='word_1_764' title='bbox 1897 5514 2077 5583; x_wconf 72' lang='lat' dir='ltr'><strong>scbze,</strong></span> <span class='ocrx_word' id='word_1_765' title='bbox 2118 5514 2169 5569; x_wconf 91' lang='lat' dir='ltr'><strong>in</strong></span> <span class='ocrx_word' id='word_1_766' title='bbox 2203 5515 2339 5572; x_wconf 85' lang='lat' dir='ltr'><strong>alias</strong></span> <span class='ocrx_word' id='word_1_767' title='bbox 2372 5514 2658 5586; x_wconf 81' lang='lat' dir='ltr'><strong>parochias</strong></span> <span class='ocrx_word' id='word_1_768' title='bbox 2688 5513 3149 5569; x_wconf 83' lang='lat' dir='ltr'><strong>transmittantur.</strong></span> 
     </span>
    </p>
   </div>
  </div>
