3874 6296
550 294 651 361 611

1726 286 1986 348 ΡΗΟΤΙΙ
2024 288 2128 347 PA'

2255 286 2530 347 ARCILE
2560 286 2670 348 ΟΡ.
3687 299 3773 365 612

620 405 774 464 CA'P.
814 371 1085 459 XVII.i—-e
1118 400 1199 458 Ne
1235 402 1610 473 defunctorum
1647 400 1954 470 corporibus
1996 415 2128 453 com-

2312 399 2563 453 ΚΕΦΑΛ.
2610 396 2708 452 IZ'.
2742 427 2811 437 —
2851 399 2992 468 Περὶ
3031 399 3143 454 τοῦ
3168 399 3257 469 μὴ
3297 399 3529 456 διδόναι
3558 404 3667 475 τοῖς
3683 428 3774 466 σω-

551 500 730 557 munia
770 501 945 554 detur.

837 589 1063 646 Concilii
1093 587 1528 660 Carthaginensis
1567 600 1735 640 canon
1766 585 1854 641 18.

625 685 713 741 18.
736 684 793 739 Si
810 684 932 752 quis
950 684 1180 739 clericus
1198 683 1502 745 ordinatus,
1522 688 1653 744 εἰς..
1670 685 1730 732 ut
1748 694 1910 748 supra
1924 693 1978 749 p.
2006 678 2132 733 482.

762 776 922 847 150
958 773 1186 831 Concilii
1215 771 1527 826 tecumenici
1567 786 1623 826 v1
1653 785 1823 825 canon
1853 767 1943 823 85.

623 870 714 925 83.
774 867 946 922 Nemo
996 867 1043 898 "
1081 872 1425 919 mortuorum
1487 862 1816 932 corporibus
1870 859 2136 915 Euchari-

555 965 717 1018 stiam
749 960 1118 1017 communicet
1155 976 1169 1012 :
1208 957 1473 1026 scriptum
1515 965 1598 1009 est
1646 955 1795 1010 enim
1831 972 1844 1008 :
1900 953 2138 1022 Accipite

553 1066 603 1109 et
625 1054 872 1107 comedite
915 1053 982 1105 '°.
1010 1051 1348 1105 Mortuorum
1385 1059 1568 1104 autem
1603 1062 1836 1119 corpora
1867 1062 1976 1103 non
2008 1060 2137 1117 pos-

553 1157 681 1203 sunt
710 1147 979 1214 accipere,
1022 1160 1124 1199 nec
1156 1143 1465 1198 comedere.

621 1238 775 1295 CAP.
806 1236 991 1292 XVIII.
1006 1269 1073 1278 —
1096 1234 1177 1290 Ne
1202 1235 1390 1289 mulier
1404 1250 1496 1305 per
1518 1233 1847 1305 purgationis
1870 1234 1982 1290 dies
1998 1249 2140 1288 com-

553 1334 801 1387 muniret.

770 1423 1011 1494 Dionysii
1046 1421 1269 1493 epistola
1298 1420 1366 1475 ad
1388 1418 1683 1475 Basilident
1716 1437 1833 1491 cap.
1870 1421 1926 1477 2.

622 1582 678 1637 2.
715 1581 793 1638 De
824 1582 1145 1637 mulieribus
1172 1588 1351 1635 autem
1386 1594 1508 1650 quae
1542 1588 1672 1634 sunt
1707 1579 1759 1633 in
1794 1579 2135 1645 abcessu,an

552 1691 648 1731 eas
675 1675 755 1729 sic
796 1674 1017 1729 affectas
1063 1682 1314 1743 oporteat
1355 1674 1579 1727 domum
1634 1672 1725 1725 Dei
1779 1672 2008 1741 ingredi,
2046 1686 2139 1726 su-

2232 506 2384 561 μασι
2410 489 2531 544 τῶν
2556 490 2975 545 τελευτώντων
3009 495 3355 551 κοινωνίαν.

2484 582 2758 637 Συκόδου
2787 586 3216 655 Καρθαγέννης
3244 586 3450 642 κανὼν
3483 594 3569 660 ιη’.

2312 672 2403 744 ιη’.
2444 673 2573 729 Ἐάν
2604 692 2691 739 τις
2719 676 2982 747 κληρικδς
3014 679 3405 750 χειροτονῆται,
3439 698 3497 737 κ.
3532 698 3580 739 τ.
3606 683 3654 739 λ.

2367 766 2643 823 Συνόδου
2681 769 3105 838 οίκουμενικῆς
3142 769 3322 838 ἕκτης
3351 770 3553 827 κανὼν
3576 782 3676 844 πγ.

2311 865 2422 927 πγ’.
2453 859 2663 929 Μηδεὶς
2682 862 2795 923 τοῖς
2817 859 3035 930 σώμασι
3050 861 3160 915 τῶν
3184 861 3679 936 τελευτώντων.τῆς
3698 867 3782 922 Εὑ-

2240 949 2528 1021 χαριστίας
2551 950 2907 1020 μεταδιδότω·
2935 951 3249 1023 γέγραπται
3277 952 3405 1024 γάρ·
3440 952 3669 1017 Λάϐετε,
3693 960 3782 1025 φά-

2239 1059 2397 1113 γετεο
2426 1042 2497 1095 τὰ
2527 1042 2584 1095 δὲ
2606 1041 2717 1096 τῶν
2744 1043 2957 1115 νεκρῶν
2988 1043 3242 1116 σώματα,
3280 1045 3399 1099 οὐδὲ
3424 1044 3602 1100 λαϐεῐν
3620 1047 3782 1103 δύναν-

2240 1152 2331 1188 ται
2357 1132 2477 1187 οὐδὲ
2510 1134 2724 1202 φαγεῖν.

2314 1224 2563 1279 ΚΕΦΑΛ.
2609 1225 2716 1278 IH'.
2748 1253 2820 1264 -—
2861 1224 2999 1293 Περὶ
3037 1225 3145 1281 τοῦ
3185 1226 3274 1297 μὴ
3311 1227 3530 1297 χρῆναι
3565 1233 3785 1299 γυναῖκα

2240 1316 2309 1370 ἐν
2336 1316 2465 1382 ταῖς
2493 1315 2742 1386 ἡμέραις
2768 1316 2880 1387 τῆς
2897 1319 3244 1387 καθάρσεως
3268 1322 3461 1390 αὐτῆς
3488 1327 3784 1384 κοινωνεῖν.

2238 1409 2560 1464 Διονυσίου
2590 1409 2659 1463 ἐκ
2700 1409 2812 1479 τῆς
2852 1412 3005 1481 πρὸς
3045 1414 3416 1552 Βὲξσιλείδην
3453 1416 3785 1490 ἐπιστολῆς,

2915 1500 3048 1552 κερ.
3134 1522 3149 1537 .

2915 1500 3048 1552 κερ.
3082 1500 3121 1552 p‘
3134 1522 3149 1537 .

2315 1568 2380 1640 β’.
2431 1572 2566 1642 Περὶ
2607 1572 2718 1625 τῶν
2762 1573 2821 1625 ὲν
2872 1574 3089 1645 ἁφέδρῳ
3126 1577 3423 1643 γυναικῶν,
3466 1580 3517 1631 εί
3544 1582 3789 1653 προσῆκεν

2243 1662 2414 1724 αὑτὰς
2453 1661 2598 1718 οὕτω
2643 1664 3019 1735 διακειμένας,
3056 1668 3137 1730 είς
3162 1668 3255 1721 τὸν
3296 1664 3447 1723 οἷκον
3472 1671 3687 1726 εἰσιέναι
3713 1678 3789 1729 τοῦ

551 1776 949 1835 pervacaneum
975 1764 1061 1816 vel
1094 1763 1431 1832 interrogare
1461 1760 1738 1815 existimo.
1772 1758 1957 1830 Neque
1982 1762 2128 1815 enim

2253 1753 2390 1820 θεοῦ,
2424 1756 2679 1826 περιττὸν
2703 1757 2879 1811 καὶτὸ
2903 1757 3267 1813 πυνθάνεσθαι
3293 1760 3521 1831 νομίζω.
3554 1765 3679 1817 Οὐδὲ
3699 1767 3788 1837 γὰρ

549 1872 647 1912 eas
678 1856 952 1920 existimo,
980 1856 1024 1909 si
1052 1855 1161 1909 sint
1188 1854 1291 1924 piae
1319 1862 1373 1908 et
1401 1853 1608 1918 ﬁdeles,
1644 1853 1724 1908 sic
1756 1852 2003 1917 aﬂ‘ectas,
2032 1869 2134 1907 au-

549 1963 715 2004 suras
747 1949 829 2003 vel
881 1947 949 2002 ad
985 1956 1231 2002 sanctam
1269 1960 1517 2001 mensam
1572 1945 1852 2010 accedere,
1883 1945 1967 1999 vel
2008 1960 2131 1999 cor-

551 2058 654 2111 pus
692 2049 746 2097 et
799 2041 1123 2112 sanguinem
1166 2039 1380 2093 Domini
1427 2037 1715 2108 attingere.
1758 2037 1945 2106 Neque
1965 2038 2132 2104 enim,

548 2149 673 2203 qua:
704 2133 990 2188 duodecim
1021 2146 1289 2186 annorum
1318 2131 1526 2184 ﬂuxum
1565 2129 1804 2184 habebat
1850 2130 1917 2195 ⁵⁸,
1952 2130 2133 2199 ipsum

548 2228 616 2280 ad
671 2226 995 2281 medicinam
1059 2224 1253 2295 tetigit,
1298 2224 1392 2279 sed
1440 2223 1615 2277 solam
1675 2223 1795 2293 ejus
1840 2223 2134 2279 ﬁmbriam.

547 2317 720 2373 Orare
745 2319 889 2372 enim
927 2317 1423 2387 quomodocunque
1466 2330 1526 2369 se
1575 2314 1780 2369 habeat
1822 2314 2043 2383 aliquis,
2077 2322 2133 2369 et

548 2422 829 2481 utcunque
868 2409 1019 2479 151
1051 2410 1122 2463 sit
1165 2408 1394 2463 aﬂ‘ectus
1431 2407 1647 2461 Domini
1702 2406 2040 2473 meminisse,
2080 2415 2136 2462 et

544 2504 811 2559 auxilium
845 2503 1174 2571 implorare,
1229 2515 1335 2555 non
1365 2508 1450 2556 est
1480 2499 2008 2570 reprehendendum.
2052 2498 2133 2554 Ad

550 2596 753 2651 Sancta
790 2607 971 2650 autem
1009 2603 1350 2660 sanctorum,
1384 2596 1478 2664 qui
1525 2609 1633 2648 non
1681 2592 1909 2649 omnino
1949 2592 2133 2645 anima

546 2689 751 2760 pariter
772 2699 827 2743 et
848 2703 1082 2759 corpore
1112 2704 1285 2758 purus
1310 2696 1415 2752 est,
1444 2686 1705 2741 accedere
1732 2683 2133 2755 prohibebitur.

847 2780 1109 2835 Timothei
1152 2780 1501 2835 Alexandrini
1530 2795 1695 2833 canon
1729 2778 1782 2833 7.

617 2873 975 2944 Interrogatio
1003 2876 1056 2928 7.
1088 2872 1147 2927 Si
1180 2872 1376 2928 mulier
1404 2879 1664 2928 consueta
1707 2870 1811 2925 sibi
1845 2867 2131 2924 muliebria

548 2967 812 3024 accidisse
828 2964 1043 3032 viderit,
1083 2965 1313 3021 debetne
1345 2966 1411 3019 ad
1447 2974 1636 3021 sancta
1674 2964 1934 3035 mysteria
1971 2976 2131 3018 acce-

547 3058 674 3113 dere
706 3072 774 3110 an
810 3057 947 3111 non?

615 3148 926 3216 Responsio.
960 3147 1080 3203 Non
1113 3149 1272 3204 debet
1305 3164 1477 3218 usque
1505 3148 1634 3203 dum
1664 3157 1946 3219 purgetur.

612 3238 766 3295 CAP.
784 3239 927 3293 XIX.
950 3239 1031 3294 Ne
1060 3240 1151 3293 ﬁat
1184 3258 1339 3294 sacra
1364 3240 1562 3294 oblatio
1587 3250 1843 3311 prasente
1865 3240 2131 3296 Itwretico.

818 3416 1078 3472 Timothei
1110 3418 1460 3472 Alexandrini
1490 3435 1658 3474 canon
1692 3420 1745 3477 9.

617 3509 974 3580 Interrogatio
1008 3509 1062 3564 9.
1117 3510 1200 3563 An
1252 3511 1413 3565 debet
1468 3511 1726 3576 clericus,
1762 3514 2128 3584 praesentibus

545 3601 795 3668 Arianis,
824 3600 909 3655 vel
950 3600 1071 3654 aliis
1108 3600 1398 3666 haereticis,
1426 3616 1625 3671 orare;
1662 3614 1714 3658 et
1742 3620 1812 3659 au
1841 3621 1966 3661 eum
1998 3608 2130 3662 nihil

544 3697 692 3752 laedit
722 3695 939 3766 quando
971 3693 1059 3748 ille
1088 3691 1219 3751 facit
1259 3696 1584 3763 orationem,
1639 3712 1735 3752 seu
1757 3697 2130 3755 oblationem?

615 3872 926 3936 Responsio.
981 3869 1041 3925 In
1100 3870 1285 3925 divina
1341 3871 1619 3929 oblatione
1671 3872 1942 3931 diaconus
2004 3886 2130 3933 ante

542 3964 931 4019 salutationem
960 3963 1159 4030 edicit,
1192 3962 1287 4033 qui
1313 3979 1420 4017 non
1453 3966 1903 4034 communicatis,
1934 3970 2129 4023 ambu-

542 4056 667 4111 late.
706 4052 826 4109 Non
856 4054 1054 4109 debent
1102 4071 1231 4124 ergo
1280 4054 1569 4119 interesse,
1620 4057 1727 4112 nisi
1766 4059 2128 4128 proﬁteantur

541 4162 601 4203 se
630 4147 1007 4218 paenitentiam
1048 4156 1289 4212 acturos,
1323 4156 1378 4201 et
1407 4148 1657 4202 haeresim
1690 4150 1979 4206 vitaturos.

606 4240 758 4294 CAP.
792 4239 911 4296 XX.
941 4271 1014 4283 —-
1039 4238 1229 4295 Utrum
1253 4250 1369 4309 post
1388 4238 1689 4295 illusionem
1707 4251 2018 4297 nocturnam
2035 4244 2127 4314 qui

538 4336 902 4390 communicet.

699 4421 941 4493 Dionysii
973 4443 1036 4480 ex
1076 4422 1303 4497 epistola
1336 4423 1407 4477 ad
1436 4423 1731 4478 Basilidem
1765 4441 1884 4496 cap.
1914 4426 1947 4481 4

610 4604 665 4658 4.
696 4602 832 4668 Quis
862 4616 1045 4657 autem
1081 4606 1134 4659 in
1182 4622 1291 4660 non
1320 4602 1628 4659 voluntario
1657 4612 1926 4659 nocturno
1972 4603 2121 4658 ﬂuxu

539 4694 765 4759 fuerint,
816 4693 853 4747 ii
902 4710 1119 4764 quoque
1149 4696 1428 4767 prOpriam
1460 4696 1851 4751 conscientiam
1891 4712 2125 4766 sequan-

541 4798 650 4852 tur,
668 4797 721 4843 et
740 4782 950 4858 seipsos
972 4805 1037 4841 an
1057 4788 1122 4842 de
1139 4805 1203 4843 eo
1226 4791 1474 4844 dubitent
1505 4805 1575 4844 an
1606 4805 1736 4848 non.
1752 4789 2124 4844 considerent.

536 4878 1010 4947 Quemadmodum
1041 4881 1091 4933 in
1121 4880 1279 4943 cibis,
1305 4882 1395 4951 qui
1438 4881 1689 4935 discernit
1717 4881 1896 4952 152,
1928 4881 2125 4953 inquit,

2244 1848 2415 1911 αὑτὰς
2448 1849 2649 1913 πιστὰς
2692 1849 2864 1913 οὔσας
2905 1848 3059 1921 οἶμαι
3105 1852 3201 1905 καὶ
3243 1852 3493 1917 εὐλαϐεῖς
3533 1856 3791 1927 τολμήσειν

2236 1939 2379 1994 οὕτω
2406 1941 2777 2013 διακειμένας,
2802 1942 2835 2014 ἢ
2869 1946 2934 2014 τῇ
2968 1945 3213 2017 τραπέζῃ
3240 1949 3306 2017 τῇ
3328 1947 3461 2019 ἁγίᾳ
3486 1951 3789 2019 προσελθεῖν,

2235 2030 2270 2101 ἢ
2294 2031 2387 2084 τοῦ
2419 2031 2671 2102 σώματος
2706 2032 2801 2086 καὶ
2830 2033 2923 2087 τοῦ
2970 2033 3201 2103 αἵματος
3231 2036 3325 2089 τοῦ
3369 2037 3608 2107 Χριστοῦ
3651 2058 3791 2112 προσ-

2238 2123 2500 2193 άψασθαι.
2547 2124 2681 2178 Οὐδὲ
2718 2125 2827 2193 γὰρ
2866 2127 2899 2198 ἡ
2930 2127 3029 2196 τὴν
3057 2127 3364 2199 δωδεκαετῆ
3400 2130 3561 2200 ῥύσιν
3598 2132 3787 2201 ἔχουσα,

2238 2217 2376 2287 πρὸς
2403 2216 2502 2287 τὴν
2533 2217 2679 2271 ῐασιν
2708 2217 2891 2287 ἔθιγεν
2928 2219 3117 2284 αὐτοῦ,
3153 2221 3290 2276 ἀλλὰ
3313 2222 3482 2289 μόνου
3520 2223 3614 2278 τοῦ
3639 2243 3783 2295 κρασ-

2242 2308 2426 2361 πέδου.
2457 2309 2865 2380 Προσεύχεσθαι
2900 2310 3000 2382 μὲν
3028 2312 3138 2384 γὰρ
3169 2314 3316 2377 ὅπως
3346 2315 3413 2368 ἂν
3472 2314 3574 2389 ἔχῃ
3602 2334 3698 2383 τις,
3715 2322 3792 2373 καὶ

2236 2398 2312 2462 ὡς
2356 2399 2423 2452 ἂν
2469 2400 2735 2454 διάκειται
2771 2403 3081 2474 μεμνῆσθαι
3115 2405 3208 2458 τοῦ
3236 2407 3536 2473 Δεσπότου,
3569 2411 3658 2462 καὶ
3697 2413 3788 2465 δεῖ·

2240 2491 2362 2543 σθαι
2395 2491 2647 2561 βοηθείας
2678 2498 2885 2564 τυχεῖν,
2930 2497 3288 2565 ἀνεπίφθονον
3315 2515 3329 2527 ’
3367 2501 3449 2563 είς
3486 2501 3541 2554 δὲ
3569 2502 3637 2554 τὰ
3680 2502 3788 2570 ἅγια

2239 2583 2331 2634 καὶ
2366 2584 2435 2637 τά
2469 2584 2639 2653 Ἀγια
2686 2586 2796 2639 τῶν
2843 2587 3034 2655 ἁγίων,
3064 2591 3092 2642 ὀ
3125 2589 3199 2660 μὴ
3237 2592 3414 2662 πάντη
3444 2594 3680 2665 καθαρὸς
3702 2599 3791 2664 ,καὶ

2236 2674 2382 2747 ψυχῇ
2419 2677 2514 2729 καὶ
2544 2673 2757 2748 σώματι
2791 2681 3096 2751 προσιέναι,
3132 2684 3537 2755 κωλυθήσεται.

2477 2770 2758 2839 Τιμοθέου
2804 2772 3267 2843 Ἀλεξανδρείας·
3289 2778 3496 2833 κανὼν
3527 2776 3593 2843 ζ’.

2321 2860 2663 2930 Ἐρώτησις.
2687 2860 2755 2927 ζ’.
2792 2864 2918 2917 Ἐὰν
2947 2866 3086 2934 γυνὴ
3103 2866 3186 2939 ῐδῃ
3213 2866 3282 2920 τὰ
3302 2869 3420 2922 κατ’
3439 2868 3564 2932 ἔθος
3590 2868 3689 2923 τῶν
3712 2887 3791 2938 γυ-

2236 2952 2492 3007 ναικείων
2525 2954 2714 3026 αὐτῆς,
2741 2956 2790 3008 εί
2819 2957 3023 3025 ὀφείλει
3054 2960 3459 3033 προσέρχεσθαι
3489 2966 3599 3028 τοῖς
3622 2982 3793 3036 μυστη-

2241 3044 2398 3114 ρίοις,
2436 3046 2572 3117 αὐτῇ
2604 3049 2670 3118 τῇ
2708 3048 2912 3120 ἡμέρᾳ,
2948 3050 2980 3122 ἢ
3010 3049 3103 3119 ob;
3774 3052 3783 3065 ³

2304 3137 2680 3207 Ἀπόκρισις.
2712 3140 2827 3195 Οὐκ
2857 3143 3084 3211 ὀφείλει,
3118 3144 3223 3209 ἕως
3248 3142 3315 3200 ἂν
3342 3146 3673 3220 καθαρισθῇ.

2307 3230 2559 3285 ΚΕΦΑΛ.
2595 3229 2698 3286 18'.
2727 3263 2800 3274 —
2827 3236 2967 3305 Περὶ
3013 3246 3120 3292 του
3158 3240 3247 3309 μὴ
3289 3242 3569 3309 γίνεσθαι
3608 3246 3796 3314 ἀναρο-

2228 3320 2368 3391 ρὰν,
2396 3323 2697 3393 παρόντος
2728 3329 3052 3395 αἱρετικοῦ.

2474 3417 2751 3485 Τιμοθέου
2786 3420 3246 3492 Ἀλεξανδρείας
3276 3427 3487 3483 κανὼν
3518 3428 3584 3486 θ’.

2319 3507 2639 3577 Ἐρώτησις
2668 3507 2733 3565 θ’.
2785 3512 2850 3565 Et
2881 3514 3085 3583 ὀφείλει
3106 3516 3365 3589 κληρικδς
3387 3520 3646 3592 εὔχεσθαι
3676 3542 3794 3594 παρα

2231 3601 2401 3655 ὀντων
2450 3602 2749 3673 ’Λρειανῶν
2790 3605 2823 3678 ἢ
2873 3606 3049 3662 ἄλλων
3101 3612 3446 3683 αἱρετικῶν;
3503 3617 3536 3689 ἢ
3579 3619 3625 3671 εί
3666 3620 3794 3671 οὐδὲν

2231 3693 2396 3747 αὐτὸν
2422 3693 2649 3763 βλάπτει
2676 3699 2878 3752 ὁπόταν
2918 3701 3083 3767 αὐτὸς
3130 3706 3259 3777 ποιῇ
3290 3706 3393 3777 τὴν
3438 3707 3624 3779 εὐχὴν,
3654 3710 3793 3781 ἤγουν

2230 3784 2328 3857 ’τὴν
2360 3790 2678 3861 προσφοράν
2695 3804 2710 3857 ;

2313 3878 2679 3949 Ἀπόκρισις.
2752 3882 2842 3937 Ἐν
2900 3888 2965 3957 τῇ
3021 3885 3141 3958 θείᾳ
3198 3887 3451 3963 ἀναφορᾷ
3498 3894 3527 3946 ὀ
3577 3893 3793 3956 διάκονος

2229 3975 2544 4043 προσφωνεῖ
2566 3975 2672 4044 πρὸ
2694 3976 2785 4028 τοῦ
2809 3978 3122 4049 ἀσπασμοῦ·
3160 3981 3223 4034 Οἱ
3247 3984 3630 4056 ἁκοινώνητοι,
3660 4004 3793 4058 περιρ

2227 4066 2539 4136 πατήσατε.
2586 4068 2699 4121 Οὐκ
2748 4068 3055 4139 ὀφείλουσιν
3098 4073 3193 4128 οὖν
3232 4080 3517 4146 παρεῖναι,
3550 4082 3598 4133 εί
3629 4081 3697 4150 μὴ
3737 4082 3790 4133 ἂν

2225 4158 2678 4228 ὲπαγγέλλωνταιι
2690 4166 2988 4230 μετανοεῖν,
3021 4168 3115 4219 καὶ
3144 4167 3437 4237 ἐκφεύγειν
3461 4172 3563 4240 τὴν
3585 4171 3787 4241 αἵρεσιν.

2298 4244 2550 4308 ΚΕΦΑΛ.
2583 4250 2669 4306 K'.
2701 4282 2769 4293 —
2803 4254 2937 4322 Πῶς
2964 4258 2998 4310 ό
3020 4258 3389 4329 ὀνειρασθείς
3414 4262 3699 4317 κοινωνεῖ.

2154 4464 2199 4524 D
2231 4429 2549 4486 Διονυσίου
2589 4430 2662 4488 ἐκ
2712 4433 2823 4503 τῆς
2870 4437 3021 4505 πρὸς
3061 4440 3434 4512 Βασιλείδην
3480 4444 3787 4513 ἐπιστολῆς

2900 4546 3034 4588 περ.
3069 4532 3134 4588 δ’.

2900 4547 2993 4582 κε’
3020 4570 3034 4583 .
3069 4547 3134 4588 ο’.

2290 4611 2353 4667 δ’.
2387 4614 2451 4668 Cl
2484 4614 2541 4670 δὲ
2569 4617 2627 4671 ὲν
2670 4547 3022 4692 ἀπροαιρέτῇ
3052 4628 3345 4699 νυκτερινῇ
3394 4628 3556 4699 ῥύσει
3582 4630 3785 4699 γενόμεο

2221 4723 2323 4769 νοι,
2361 4705 2456 4760 καὶ
2484 4725 2631 4761 ουτοι
2663 4709 2743 4781 τῷ
2774 4710 2889 4780 ίδίῳ
2917 4714 3177 4769 συνειδότι
3204 4719 3783 4775 κατακολουθείτωσαν·

2224 4799 2318 4850 καὶ
2363 4798 2611 4865 ἑαυτοὺς,
2644 4801 2755 4855 εἴτε
2794 4801 3158 4875 διακρίνονται
3190 4808 3317 4878 περὶ
3353 4810 3541 4875 τοῦτο,
3570 4813 3675 4864 εἴτε
3699 4812 3782 4882 μὴ,

2228 4888 2621 4946 σκοπείτωσαν.
2660 4893 2750 4955 Ὠς
2778 4894 2887 4965 γὰρ
2918 4896 3011 4948 ἐπὶ
3043 4897 3150 4951 τῶν
3179 4897 3494 4970 βρωμάτων
3522 4907 3557 4958 ὁ
3583 4904 3785 4972 διακρι-

537 4973 584 5025 si
611 4972 918 5035 comederit,
947 4970 1321 5024 condemnatus
1342 4973 1517 5037 est";
1552 4972 1604 5026 in
1626 4973 1709 5028 his
1730 4989 1947 5043 quoque
1981 4974 2123 5029 bona

2253 4998 2439 5050 μενος
2466 4984 2651 5053 φησίν·
2695 4986 2839 5040 Ἐὰν
2851 4987 3036 5057 φάγῃ,
3080 4992 3519 5062 κατακέκριται·
3550 4995 3685 5051 οὕτω
3705 4970 3786 5049 in

538 5062 610 5117 sit
640 5061 1003 5122 conscientio,
1048 5071 1102 5115 et
1147 5062 1313 5116 libere
1354 5062 1611 5132 loquatur
1654 5066 1953 5119 secundum
1996 5080 2124 5134 pro-

539 5157 712 5228 priam
751 5157 1159 5227 cogitationem,
1196 5155 1374 5210 omnis
1404 5162 1499 5226 qut
1528 5157 1594 5210 ad
1625 5156 1798 5213 Deum
1823 5158 2056 5213 accedit.

1036 5249 1293 5305 Timothei
1315 5267 1485 5305 canon
1536 5250 1624 5304 12.

607 5339 960 5413 Interrogatio
990 5344 1075 5399 l2.
1106 5344 1192 5399 .Si
1235 5345 1428 5410 laicus,
1480 5344 1573 5413 qui
1615 5343 1929 5407 somniavit,
1964 5345 2122 5400 cleri-

534 5451 659 5490 cum
689 5438 1100 5507 interrogaverit
1126 5456 1193 5494 an
1215 5440 1370 5496 debet
1393 5439 1441 5496 ei
1464 5437 1782 5510 permittere
1807 5440 2115 5492 communi-

534 5543 680 5595 care,
714 5542 781 5583 an
818 5531 969 5586 non?

2219 5075 2278 5127 ὲν
2306 5073 2517 5149 τούτοις
2566 5076 2940 5150 εὐσυνείὸητος
2993 5080 3136 5135 ἔστω
3186 5085 3283 5139 καὶ
3328 5086 3787 5159 εὐπαρρησίαστος

2218 5163 2359 5217 κατὰ
2387 5163 2448 5217 τὸ
2481 5162 2610 5217 ίδιον
2640 5164 2895 5236 ἐνθύμιον
2927 5172 3038 5233 πᾶς
3061 5172 3088 5223 ὀ
3116 5174 3358 5242 προσιὼν
3386 5176 3468 5247 τῷ
3500 5178 3639 5248 Θεῷ.

2700 5259 2980 5327 Τιμοθέου
3020 5264 3224 5317 κανὼν
3250 5264 3337 5335 ιβ’,

2306 5348 2650 5417 Ἐρώτησις.
2695 5350 2783 5419 ιβ’.
2824 5352 2948 5407 Ἐὰν
2976 5353 3312 5425 ὀνειρασθεὶς
3335 5358 3528 5424 λαῖκὸς
3558 5361 3784 5433 ἐρωτήσῃ

2221 5436 2507 5599 ξλτὶρικὺν,
2551 5440 2605 5494 τί
2643 5442 2847 5512 ὀφείλει
2896 5446 3186 5519 ἐπιτρέψαι
3237 5450 3387 5521 αὐτῷ
3439 5456 3781 5525 κοινωνῆσαι,

2280 5547 2368 5597 oo;

2280 5547 2368 5597 ou;

604 5715 649 5747 "
682 5714 937 5789 Carthag.
978 5715 1064 5773 18.
1140 5718 1187 5751 ⁵ο
1216 5717 1405 5775 Matth.
1439 5737 1587 5789 xxvi,
1618 5721 1707 5778 26.
1784 5719 1829 5753 "
1866 5719 2032 5775 Marc.
2064 5739 2113 5788 ν,

2310 5727 2355 5756 ⁸⁵
2390 5724 2547 5782 Rom.
2586 5743 2691 5795 xw,
2730 5727 2818 5782 25.
