4012 6410
157 324 256 400 613

772 319 1169 383 SYNTAGMA
1211 314 1601 379 CANONUM.
1636 338 1706 352 --
1745 314 1896 376 TIT.
1932 311 2048 374 ἰΙῙ.
2075 310 2235 373 CAP.
2266 308 2454 384 XVII,
2488 306 2683 370 XXII.

3314 298 3422 365 6M

227 438 579 507 Ἀπόκρισις.
606 437 673 491 Ei
705 435 805 507 μὲν
834 432 1125 488 ὑπόκειται
1153 431 1421 502 ἐπιθυμίᾳ
1442 428 1724 498 γυναικὸς,

1900 425 2213 493 Responsio.
2240 422 2295 476 Si
2317 422 2506 477 subest
2539 420 2758 492 quidem
2783 415 3035 472 mulieris
3064 413 3424 478 desiderium,

152 530 243 586 οὐκ
262 529 488 599 ὀφείλει·
517 530 565 581 εἰ
598 528 655 581 δὲ
694 530 722 581 6
750 528 998 591 Σατανᾶς
1027 524 1285 593 πειράζει
1318 524 1481 577 αὑτὸν
1513 524 1600 575 ἶνα
1636 522 1727 575 διὰ.

146 626 238 694 τῆς
276 622 604 691 προφάσεως
638 620 846 690 ταύτης
892 618 1251 689 άλλοτριῶται
1292 615 1396 685 τῆς
1441 614 1726 676 κοινωνίας

147 716 247 769 τῶν
283 714 451 767 θείων
491 711 829 784 μυστηρίων,
857 710 1065 780 ὀφείλει
1101 708 1461 779 κοινωνῆσαν
1505 708 1628 759 ἐπεὶ
1661 706 1723 758 ού

149 806 372 860 παύεται
418 807 449 859 6
495 801 772 876 πειράζων
814 803 936 856 κατ’
989 803 1199 855 ἐκεῖνον
1250 799 1344 854 τὸν
1387 798 1600 871 καιρὸν,
1634 797 1725 852 ὅτε

148 898 342 966 ὀφείλει
375 900 678 962 κοινωνεῖν,
713 897 1089 967 ἐπιτιθέμενος
1126 893 1299 967 αὐτῷ.

214 988 463 1042 ΚΕΦΑΛ.
493 986 623 1045 KA'.
656 1018 728 1029 —
765 990 914 1044 Πότε
936 987 1030 1042 δεῖ
1046 986 1158 1057 τῆς
1191 985 1457 1057 γαμετῆς
1486 984 1583 1039 διὰ
1610 983 1727 1052 τὴν

150 1076 465 1128 κοινωνίαν
492 1075 849 1144 ἀπέχεσθαι.

151 1166 462 1221 Διονυσίου
502 1167 571 1219 ἐκ
622 1167 734 1235 τῆς
778 1166 931 1234 πρὸς
974 1164 1345 1232 Βασιλείδην
1392 1158 1727 1229 ἐπιστολῆς

808 1253 943 1292 κεφ.
969 1253 1040 1292 γ.

808 1253 876 1289 κε
930 1278 943 1292 .
1025 1276 1040 1291 .

214 1334 284 1396 γ’.
310 1328 622 1399 Αύτάρκεις
655 1327 713 1379 δὲ
747 1328 842 1381 καὶ
868 1254 922 1380 ἐξ
947 1242 1327 1397 γξγαμηκότες
1356 1322 1565 1377 ἑαυτῶν
1586 1322 1729 1393 ὀφεί-

156 1421 325 1474 λουσιν
365 1417 509 1474 εῐναι
551 1420 758 1491 κριταί.
786 1420 911 1472 Ὀτι
953 1420 1064 1489 γὰρ
1099 1416 1400 1488 ἀπέχεσθαι
1446 1415 1726 1486 προσῆκον

158 1514 386 1585 ἀλλήλων
416 1516 483 1566 ὲκ
528 1515 819 1584 συμφώνου
862 1511 1000 1585 πρὸς
1045 1509 1255 1580 καιρὸν,
1286 1509 1376 1561 ἵνα
1422 1506 1727 1578 σχολάσωσι

159 1610 218 1677 τῇ
248 1606 549 1675 προσευχῇ,
581 1606 674 1658 καὶ
706 1604 867 1660 πάλιν
893 1603 988 1657 ἐπὶ
1019 1603 1082 1655 τὸ
1113 1601 1246 1655 αὐτὸ
1270 1595 1425 1667 ὦσιν,
1458 1600 1726 1670 ἀκηκόασι

162 1697 361 1752 Παύλου
392 1697 722 1769 γράφοντος.

576 1789 860 1860 Τιμοθέου
891 1787 1093 1843 κανὼν
1119 1793 1181 1851 ε’,
1202 1792 1292 1854 ιγ’.

229 1882 570 1952 Ἐρώτησις.
612 1888 673 1938 ε’.
724 1881 851 1935 Ἐάν
883 1881 1021 1950 γυνὴ
1069 1878 1398 1948 συγγένηται
1444 1876 1582 1948 μετά
1624 1878 1718 1930 τοῦ

160 1975 334 2047 ἀνδρὸς
363 1975 537 2044 αὐτῆς
575 1974 675 2044 τὴν
702 1973 894 2036 νύκτα,
925 1973 1092 2043 ⁴ίιγουν
1127 1971 1266 2041 ἀνὴρ
1315 1970 1454 2040 μετά
1488 1972 1590 2041 τῆς
1618 1987 1720 2039 γυ-

160 2067 348 2129 ναικὸς,
378 2065 477 2120 καὶ
526 2065 753 2137 γένηται
801 2063 1044 2128 σύναξις,
1073 2064 1123 2116 εί
1173 2062 1447 2132 ὀφείλουσι
1496 2066 1732 2132 μεταλα-

164 2158 284 2222 ϐεῖν,
309 2157 341 2228 ῆ
377 2155 441 2210 οὗ
471 2174 487 2223 ;

235 2249 603 2317 Ἀπόκρισις.
636 2247 750 2299 Οὐκ
793 2242 1070 2312 ὀφείλουσι
1102 2241 1357 2311 παραυτά
1380 2258 1395 2273 ·
1424 2240 1520 2295 τοῦ
1567 2242 1731 2295 Ἀπο-

169 2340 337 2395 στόλου
361 2341 623 2412 βοῶντοςο
648 2338 743 2406 Μὴ
766 2335 1150 2404 ἀποστερεῖτε
1170 2335 1487 2402 ἀλλήλους
1508 2337 1561 2388 εί
1572 2332 1657 2404 μή
1679 2350 1734 2386 τι

168 2434 233 2488 ἂν
250 2433 311 2486 ἐκ
346 2430 686 2501 συμφώνου
717 2429 868 2498 πρὸς
894 2428 1123 2495 καιρόν,
1160 2426 1261 2479 ἵνα
1282 2426 1632 2494 σχολάσητε
1657 2423 1731 2493 τῇ

170 2524 488 2594 προσευχῇ,
510 2524 609 2577 καὶ
636 2522 820 2576 πάλιν
847 2520 946 2574 ἐπὶ
970 2520 1033 2573 τευ
1058 2518 1204 2572 αὐτὸ
1227 2517 1617 2587 συνέρχεσθε.
1632 2518 1733 2572 ἵνα

169 2620 239 2686 μὴ
252 2616 486 2686 πειράζῃ
502 2616 661 2687 ὑμᾶς
675 2618 706 2669 ό
719 2610 988 2679 Σατανᾶς
998 2611 1093 2664 διὰ
1106 2611 1219 2678 τὴν
1232 2611 1531 2678 ἀκρασίαν
1542 2608 1728 2678 ὑμῶν.

242 2711 582 2780 Ἐρώτησις.
610 2716 700 2778 ιγ’.
730 2709 856 2770 Τοῖς
876 2704 1267 2774 ζευγνυμένοις
1296 2703 1376 2765 είς
1404 2702 1585 2771 γάμου
1616 2718 1735 2753 xor.-

170 2819 366 2865 νωνιαν,
401 2804 537 2871 περὶ
565 2803 735 2854 ποίων
770 2797 993 2869 ἡμερῶν
1021 2795 1120 2863 τῆς
1162 2791 1460 2863 ἑϐδομάδος
1495 2790 1733 2862 παρατί-

174 2892 341 2946 θεσθαι
365 2891 498 2964 χρὴ,
527 2890 828 2962 ἀπέχεσθαι
860 2886 959 2957 τῆς
978 2883 1115 2957 πρὸς
1143 2880 1405 2952 ἀλλήλους
1430 2881 1735 2947 κοινωνίας,

173 2987 254 3038 καὶ
278 2986 430 3047 ποίας
458 2985 613 3055 ἔχειν
642 2982 728 3036 ἐπ’
748 2981 997 3046 ἐξουσίας
1018 2998 1034 3046 ;

244 3076 596 3144 Ἀπόκρισις.
635 3076 699 3128 Ὅ
724 3074 1030 3144 προείρηκα
1061 3076 1157 3131 καὶ
1184 3074 1278 3129 νῦν
1304 3072 1480 3141 λέγωο
1505 3070 1533 3123 6
1575 3065 1737 3121 ’Λπό-

177 3170 340 3231 mlo;
364 3137 679 3237 λέγει’-Μὴ
719 3137 1104 3237 ἀποστερεῖτε
1134 3137 1469 3233 ἀλλήλους,
1510 3164 1564 3216 εὶ
1586 3159 1733 3233 μήτι
1762 3150 1805 3210 C
1845 3138 1989 3237 pic"
2054 3137 2350 3207 ΑΡ⁰⁵¹⁰¹¹¹⁸
2400 3155 2414 3191 ε

176 3259 241 3315 ἂν
259 3260 322 3314 ἐκ
348 3257 683 3329 συμφώνου
704 3259 855 3326 πρὸς
876 3258 1103 3326 καιρὸν,
1143 3258 1244 3312 ἵνα
1274 3253 1621 3324 σχολάσητε
1662 3250 1737 3321 τῇ

178 3352 490 3424 προσευχῇ,
555 3350 654 3407 καὶ
695 3351 879 3406 πάλιν
908 3352 1007 3405 ἐπὶ
1058 3351 1122 3404 τὸ
1169 3351 1314 3404 αὐτὸ
1349 3344 1477 3419 ἦτε,
1513 3348 1613 3400 ἵνα
1648 3345 1736 3415 μὴ

180 3446 396 3515 πειράζῃ
426 3442 591 3515 ὑμᾶς
622 3447 655 3498 ό
684 3442 955 3523 Σατανᾶς
977 3442 1074 3496 διὰ
1096 3441 1210 3509 τὴν
1223 3439 1525 3508 ἀκρασίαν
1550 3436 1738 3507 ὑμῶν.

178 3536 259 3604 Ἐξ
270 3539 510 3611 ἀνάγκης
532 3539 594 3593 τὺ
616 3537 893 3592 Σάϐϐατον
910 3537 1004 3590 καὶ
1020 3536 1118 3607 τὴν
1137 3532 1417 3607 Κυριακὴν
1441 3530 1742 3603 ἀπέχεσθαι

178 3629 264 3695 δεῖ,
301 3630 384 3686 διὰ
412 3632 473 3686 τὸ
522 3632 581 3685 ὲν
617 3632 809 3694 αὑταῖς
837 3630 939 3702 τὴν
978 3627 1357 3702 πνευματικὴν
1389 3626 1584 3682 Θυσίαν
1606 3628 1742 3681 ἀνα⁴

182 3726 419 3795 φέρεσθαι
448 3724 536 3797 τῷ
562 3724 701 3795 Θεῷ.

244 3816 482 3873 ΚΕΦΑΛ.
507 3817 714 3871 ΚΒ’.-
732 3815 863 3883 Πῶς
890 3815 1111 3887 γίνεται
1134 3813 1449 3884 προσφορὰ
1463 3811 1614 3882 ὑπὲρ
1632 3810 1743 3867 τοῦ

184 3907 378 3964 ἑαυτὸν
403 3910 758 3975 ἀνελόντος.

644 4001 921 4070 Τιμοθέου
940 4000 1140 4056 κανὼν
1172 4002 1251 4055 ιδ’.

257 4091 591 4162 Ἐρώτησις.
622 4089 704 4147 ιδ’.
753 4093 878 4147 Ἐάν
906 4110 991 4158 τις
1026 4092 1103 4162 μὴ
1140 4091 1300 4163 ἔχων,
1327 4090 1521 4145 ἑαυτὸν
1550 4088 1741 4163 χειρώο

189 4200 330 4255 σηται
361 4186 395 4257 ἢ
426 4186 735 4258 κρημνίσῃ,
758 4189 806 4240 εί
836 4185 1046 4255 γίνεται
1065 4184 1354 4256 προσφορὰ
1384 4184 1526 4255 ὑπὲρ
1548 4181 1737 4249 αὐτοῦ,

188 4275 328 4345 iob;

259 4367 615 4438 Ἀπόκρισις.
660 4367 947 4441 Διακρίναι
984 4367 1189 4438 ὀφείλει
1230 4369 1258 4421 6
1296 4366 1556 4439 κληρικὸς
1587 4368 1635 4421 εί
1681 4367 1743 4421 τὸ

189 4455 389 4526 ἀληθὲς,
415 4459 692 4531 ὲκφρενὴς
723 4458 800 4512 ὢν
827 4458 1093 4531 πεποίηκε
1128 4457 1304 4511 τοῦτο.
1345 4458 1609 4521 Πολλάκις
1635 4457 1744 4527 γὰρ

192 4549 232 4601 οἱ
257 4550 598 4622 διαφέροντες
616 4553 696 4622 τῷ
728 4551 1040 4616 πεπονθότι,
1069 4550 1315 4615 θέλοντες
1336 4552 1613 4620 ἐπιτυχεῖν
1646 4550 1746 4619 τῆς

1840 531 1948 570 non
1978 515 2138 571 debet
2168 534 2181 567 :
2223 516 2310 569 sin
2344 523 2528 568 autem
2562 520 2737 567 tenlat
2790 525 2914 565 eum
2950 507 3205 570 Satanas,
3241 515 3299 559 ut
3327 520 3427 573 per

1836 610 1981 663 hanc
2020 606 2374 661 occasionem
2423 618 2453 657 a
2480 602 2795 658 divinorum
2844 597 3233 670 mysteriorum
3268 608 3423 648 com-

1832 700 2094 755 munione
2158 697 2451 761 alienetur,
2520 696 2680 751 debet
2730 692 3168 749 communicare.
3231 687 3423 756 Neque

1830 797 1981 849 enim
2022 792 2262 851 cessabit
2318 800 2555 848 tentator
2609 806 2675 847 en
2712 799 2978 860 tempore,
3009 787 3230 857 quando
3259 786 3421 840 debet

1829 887 2265 953 communicare,
2296 886 2446 941 illum
2479 884 2753 939 invadere.

1895 978 2047 1032 CAP.
2076 977 2218 1033 XXI.
2252 1008 2325 1019 —
2352 976 2707 1042 Quandonam
2756 972 2839 1029 vel
2878 972 3115 1044 quandiu
3184 985 3422 1024 commu-

1832 1071 2008 1126 nionis
2039 1086 2228 1132 causa,
2255 1069 2627 1123 abstinendum
2660 1068 2729 1121 sit
2765 1067 2830 1121 ab
2871 1082 3060 1119 uxore.

1970 1163 2213 1233 Dionysii
2256 1178 2320 1217 ea:
2351 1161 2580 1232 epistola
2630 1162 2698 1216 ad
2732 1160 3042 1224 Basilidem,
3071 1174 3190 1227 cap.
3223 1158 3279 1212 5.

1900 1317 1955 1371 5.
1987 1315 2161 1371 Porro
2183 1315 2278 1387 qui
2313 1315 2446 1371 satis
2468 1314 2535 1369 ad
2567 1313 2620 1369 id
2654 1312 2905 1367 instructi
2949 1320 3077 1365 sunt
3123 1318 3179 1364 et
3226 1322 3422 1362 conse-

1827 1418 2086 1474 nuerunt,
2115 1408 2315 1464 debent
2353 1422 2476 1463 esse
2514 1407 2598 1462 sui
2646 1405 2883 1475 iudices.
2911 1403 3065 1469 Quod
3125 1401 3271 1456 enim
3301 1414 3331 1454 a
3362 1413 3423 1453 se

1830 1501 2064 1556 invicem
2112 1515 2180 1554 ex
2227 1514 2501 1554 consensu
2553 1498 2830 1553 abstinere
2876 1494 3185 1555 conveniat,
3239 1501 3298 1545 ut
3352 1488 3423 1542 ad

1828 1602 2045 1663 tempus
2066 1602 2271 1648 vacent
2291 1591 2550 1656 orationi,
2586 1600 2639 1645 et
2673 1604 2866 1645 rursus
2899 1586 3251 1650 conveniant,
3274 1582 3423 1636 Pau-

1827 1682 1941 1741 lum
1977 1685 2246 1740 dicentem
2274 1684 2618 1739 audiverant.

2262 1775 2521 1830 Timothei
2548 1789 2719 1828 canon
2757 1773 2811 1837 5,
2837 1771 2926 1825 15.

1907 1868 2266 1941 Interrogatio
2305 1868 2357 1923 5.
2393 1868 2449 1922 Si
2503 1882 2643 1922 uxor
2703 1881 2827 1921 cum
2870 1879 2972 1919 suo
3007 1862 3202 1918 marito
3244 1868 3425 1915 noctu

1833 1964 2185 2029 cohabitavit,
2216 1962 2299 2017 vel
2327 1962 2560 2016 maritus
2604 1976 2728 2014 cum
2763 1972 2954 2023 uxore,
2986 1965 3039 2013 et
3086 1957 3180 2011 ﬁat
3233 1955 3422 2017 coitio.

1833 2056 2102 2113 debentne
2129 2056 2561 2118 communicare,
2592 2070 2659 2109 an
2691 2054 2825 2107 non?

1906 2210 2218 2281 Responsio.
2248 2209 2365 2267 Non
2394 2210 2574 2272 debet,
2606 2225 2729 2265 cum
2756 2210 2955 2265 clamet
2976 2207 3308 2278 Apostolus:
3342 2202 3426 2259 Ne

1836 2302 2085 2371 fraudate
2108 2320 2196 2356 vos
2227 2304 2471 2369 invicem,
2508 2305 2611 2355 nisi
2641 2318 2707 2355 ex
2736 2318 2989 2354 consensu
3015 2300 3083 2353 ad
3111 2310 3331 2367 tempus,
3364 2306 3423 2351 ut

1833 2396 2027 2448 vacetis
2071 2397 2337 2459 orationi;
2380 2404 2431 2449 et
2469 2411 2674 2457 rursus,
2718 2394 2787 2446 ad
2815 2394 2955 2446 idem
2994 2393 3314 2445 conveniatis
3360 2405 3426 2443 ne

1837 2495 1993 2541 tentet
2020 2504 2106 2542 vos
2139 2486 2372 2543 Satanas
2390 2499 2603 2556 propter
2630 2484 3063 2538 incontinentiam
3085 2493 3310 2536 vestram
3330 2483 3422 2535 δ”.

1912 2676 2068 2749 153
2108 2673 2466 2744 Interrogatio
2503 2673 2589 2729 15.
2628 2670 2717 2736 lis,
2767 2671 2861 2743 qui
2907 2668 3256 2725 matrimonio
3296 2667 3426 2737 jun-

1837 2780 2059 2841 guntur,
2089 2769 2141 2823 in
2176 2768 2503 2838 quibusnam
2535 2767 2852 2836 septimame
2903 2764 3098 2818 diebus
3128 2775 3431 2830 proponere

1837 2868 2076 2931 oportet.
2102 2869 2162 2914 ut
2198 2875 2228 2913 a
2258 2866 2451 2912 mutuo
2482 2872 2781 2927 congressu
2816 2857 3156 2917 abstineant,
3190 2860 3243 2907 et
3298 2852 3421 2922 qui-

1838 2953 2071 3008 busnam
2104 2959 2432 3022 potestatem
2470 2949 2749 3004 habeant?

1907 3044 2217 3116 Responsio.
2269 3043 2427 3111 Quod
2458 3051 2586 3098 ante
2614 3042 2749 3105 dixi,
2788 3055 2936 3095 nunc
2985 3055 3209 3110 quoque
3274 3041 3420 3095 dico.

2467 3135 2550 3189 Ne
2597 3134 2849 3205 fraudate
2887 3151 2976 3188 vos
3037 3135 3279 3197 invicem,
3323 3136 3431 3190 nisi

1850 3233 1985 3302 forte
2036 3247 2100 3285 ea:
2151 3246 2406 3283 consensu
2455 3230 2523 3282 ad
2568 3240 2810 3298 tempus;
2862 3237 2919 3280 ut
2950 3229 3141 3281 vacetis
3168 3230 3434 3293 orationi;

1845 3332 1896 3379 et
1950 3340 2135 3377 rursus
2192 3322 2262 3376 ad
2313 3323 2452 3376 idem
2498 3321 2841 3384 conveniatis,
2894 3331 2956 3373 ne
2992 3336 3078 3374 vos
3130 3328 3288 3373 tentet
3321 3321 3429 3374 Sa-

1848 3424 2001 3469 tanas
2054 3424 2267 3486 propter
2325 3414 2762 3467 incontinentiam
2815 3422 3059 3466 vestram.
3106 3409 3430 3465 Neci-ssario

1848 3518 2030 3563 autem
2068 3508 2311 3563 Sabbato
2341 3513 2395 3560 et
2420 3505 2509 3558 die
2536 3505 2822 3559 Dominico
2860 3505 3134 3561 abstinere
3187 3515 3427 3575 oportet,

1847 3599 1992 3670 quod
2018 3598 2301 3670 spirituale
2340 3596 2671 3653 sacriﬁcium
2704 3597 2757 3651 in
2781 3597 2861 3651 eis
2893 3595 3124 3651 Domino
3145 3597 3426 3652 offeratur.

1921 3798 2076 3855 CAP.
2105 3798 2272 3855 XXII.
2306 3826 2377 3839 —-
2409 3795 2601 3883 Utrum
2631 3795 2830 3850 oblatio
2868 3794 2965 3865 ﬁat
2998 3811 3093 3865 pre
3123 3811 3181 3851 eo
3220 3796 3309 3867 qui
3347 3812 3429 3851 se-

1849 3902 1954 3949 met
1984 3892 2271 3949 interemit.

2350 3978 2610 4036 Timothei
2637 3995 2807 4033 canon
2840 3978 2930 4033 14.

1921 4072 2386 4146 Interrogatio”.
2422 4071 2476 4126 Si
2509 4070 2656 4141 quis,
2680 4085 2804 4124 cum
2823 4070 2908 4124 sui
2942 4084 3167 4138 compos
3198 4084 3305 4122 non
3324 4080 3431 4133 cst,

1848 4171 1952 4227 sibi
1984 4184 2206 4224 manum
2248 4165 2521 4228 attulerit,
2545 4164 2629 4217 vel
2673 4164 2839 4217 etiam
2894 4176 2955 4217 se
2986 4162 3429 4231 praecipitaverit.

1849 4263 1997 4319 sitne
2052 4260 2273 4322 oblatio,
2303 4275 2371 4312 an
2403 4256 2558 4311 non?

1919 4354 2232 4423 Responsio.
2266 4349 2379 4404 Hoc
2404 4348 2564 4402 debet
2592 4346 2823 4401 clericus
2851 4343 3269 4403 discernere.an
3301 4358 3438 4397 cum

1849 4459 2038 4500 revera
2073 4441 2272 4496 mentis
2295 4452 2520 4506 compos
2550 4449 2659 4488 non
2692 4442 2855 4496 esset,
2892 4433 2996 4487 hoc
3040 4432 3248 4488 fecerit.
3275 4432 3440 4501 Saepe

1847 4536 1993 4591 enim
2032 4534 2093 4599 ii,
2128 4532 2222 4602 qui
2250 4529 2325 4585 ad
2352 4544 2477 4585 eum
2506 4528 2593 4583 cui
2617 4527 2725 4581 hoc
2755 4524 2955 4580 accidit
3008 4518 3303 4595 pertinent,
3333 4539 3430 4577 vo-

193 4617 484 4714 προσφορᾶς
508 4642 609 4713 τῆς
651 4617 792 4715 ύπὲρ
818 4641 1013 4709 αὑτοῦ,
1042 4642 1328 4712 ψεύδονται
1356 4642 1452 4696 καὶ
1489 4617 1736 4709 λέγουσιν

1864 4636 2018 4684 entes
2068 4623 2290 4695 assequi
2328 4620 2667 4677 oblationem
2718 4627 2775 4674 et
2806 4617 3113 4673 orationem
3144 4633 3242 4687 pro
3274 4619 3429 4688 ipso,

192 4730 262 4782 ὅτι
286 4733 378 4786 οὐκ
401 4729 549 4804 εἶχεν
570 4733 784 4792 ἑαυτόν.
821 4733 1023 4786 Ἐνίοτε
1044 4733 1103 4786 δὲ
1124 4733 1232 4786 ἀπὸ
1250 4731 1515 4804 ἐπηρείας
1537 4730 1747 4802 ἀνθ

195 4838 313 4889 πων,
350 4825 380 4895 ἢ
421 4825 598 4888 ἄλλως
628 4842 745 4889 πως
787 4824 895 4882 ἀπὸ
932 4824 1225 4897 ὀλιγωρίας
1273 4824 1543 4895 πεποίηκε
1568 4823 1748 4888 τοῦτο,

195 4916 277 4965 καὶ
302 4916 356 4967 ού
380 4917 485 4988 χρὴ
522 4917 838 4988 προσφορὰν
870 4918 1057 4971 ἐπάνω
1075 4915 1242 4970 αὑτοῦ
1272 4915 1553 4985 γενέσθαι*
1585 4915 1747 4968 αύτο-

197 5009 434 5077 φονευτὴς
466 5009 581 5080 γὰρ
617 5007 814 5062 ἑαυτοῦ
855 5010 991 5066 ἐστι.
1027 5010 1119 5061 Δεῖ
1141 5008 1233 5063 οὖν
1258 5009 1475 5072 πάντως
1503 5007 1594 5061 τὸν
1617 5009 1748 5076 κλη-

198 5096 331 5163 ρικὸν
358 5101 493 5167 μετὰ
524 5100 812 5171 ἀκριϐείας
854 5100 1235 5173 άνερευνῆσαι,
1261 5101 1349 5156 ἵνα
1378 5099 1453 5172 μὴ
1486 5098 1591 5153 ὖπδ
1625 5098 1750 5170 XF“

201 5203 315 5255 ματι
339 5191 497 5264 πέσῃ.

268 5279 320 5331 ’0
349 5282 620 5347 πολιτικὸς
643 5285 805 5355 νόμος
834 5284 923 5338 τὸν
945 5284 1139 5337 ἑαυτὸν
1166 5284 1503 5356 άνελόντα,ῆ
1536 5282 1749 5337 ἀνελεῖν

200 5366 601 5444 ἐπιχειρήσαντα
647 5376 735 5430 διά
788 5376 953 5447 φόϐον
988 5378 1355 5448 ἐγκλήματος,
1398 5377 1459 5430 ού
1516 5376 1634 5447 μὴν·
1662 5375 1750 5429 διά

202 5461 337 5517 νόσον
401 5467 435 5537 ἢ
506 5470 664 5538 μῖσος
721 5472 820 5540 τῆς
883 5470 1067 5541 ζωῆς,
1137 5472 1463 5543 τιμωρεῖται
1523 5469 1598 5532 ὡς
1659 5468 1751 5521 τὸν

202 5552 368 5627 ἕτερον
422 5560 697 5628 ἀνελόντα,
744 5563 841 5616 καὶ
867 5561 1098 5639 δημεύει
1155 5563 1254 5634 τὴν
1316 5562 1505 5617 οὐσίαν
1548 5562 1747 5616 αὑτοῦ·

205 5643 269 5709 ὡς
295 5645 429 5715 sisi.
460 5656 554 5719 pq"
578 5652 689 5706 τίτ.
724 5658 833 5719 καν,
873 5654 970 5708 καὶ
995 5651 1135 5725 βιϐλ.
1165 5651 1209 5706 θ’
1247 5652 1344 5709 τοῦ
1386 5651 1517 5708 κώδ.
1554 5651 1659 5708 τίτ.
1684 5652 1747 5707 v’.

270 5823 334 5912 1‘“
363 5822 525 5883 lCor.
563 5844 654 5899 vu,
683 5830 740 5885 5.

1847 4719 2206 4779 mentiuntur,
2254 4723 2309 4770 et
2365 4714 2555 4769 dicunt
2600 4727 2725 4767 cum
2789 4726 2899 4766 non
2939 4711 3111 4767 fuisse
3142 4712 3285 4781 apud
3321 4726 3379 4764 se
3413 4728 3438 4765 ε

1850 4823 2248 4879 nonnunquam
2304 4817 2484 4861 autem
2543 4815 2770 4875 propter
2840 4804 3256 4860 insultationem
3335 4801 3440 4854 lio»

1851 4902 2086 4964 miuum,
2116 4900 2200 4953 vel
2235 4899 2417 4965 aliquo
2456 4898 2565 4952 alio
2593 4897 2757 4964 modo
2784 4912 2883 4968 per
2913 4894 3297 4965 negligentiam
3330 4893 3441 4946 hoc

1852 4997 2068 5052 fecisse.
2124 4993 2231 5048 Pro
2266 4990 2583 5061 huiusmodi
2626 4990 2834 5044 oblatio
2868 5003 2976 5042 non
3010 4996 3091 5041 est
3118 4985 3369 5039 facienda
3414 5003 3437 5038 :

1850 5100 1934 5147 est
1963 5089 2107 5144 enim
2136 5087 2219 5141 sui
2239 5085 2535 5140 homicida.
2571 5082 2797 5154 Oportet
2821 5098 2950 5151 ergo
2978 5080 3240 5135 clericum
3262 5093 3435 5132 accu-
3462 5064 3469 5067 ⁷

1850 5192 1966 5238 rate
1996 5178 2286 5244 sciscitari,
2329 5192 2399 5231 ne
2431 5176 2483 5230 in
2512 5175 2780 5245 judicium
2812 5173 3039 5227 incidat.

1927 5271 2145 5326 Textus.
2197 5269 2308 5324 Lex
2342 5267 2525 5324 civilis
2569 5282 2693 5321 eum
2733 5265 2827 5335 qui
2864 5264 2967 5318 sibi
3014 5271 3245 5318 mortem
3292 5276 3439 5316 con—

1810 5343 2161 5426 .scivit,‘aut
2202 5362 2549 5416 consciscere
2607 5367 2839 5412 conatus
2889 5367 2973 5411 est
3009 5354 3223 5428 [idque]
3281 5365 3439 5410 metu

1851 5456 2126 5521 criminis,
2171 5470 2278 5509 non
2316 5462 2499 5507 autem
2529 5458 2752 5521 propter
2796 5449 3049 5502 morbum
3094 5447 3438 5501 nutlaedium

1856 5548 2017 5619 154.
2057 5547 2202 5612 vitae,
2234 5545 2417 5616 punit,
2452 5553 2508 5598 ut
2554 5543 2644 5613 qui
2688 5540 2854 5595 alium
2886 5537 3179 5605 interfecit,
3206 5539 3445 5608 ejusque

1854 5639 2290 5697 bonaconliscat
2319 5654 2334 5691 :
2374 5631 2833 5705 quemadmodum
2868 5631 2963 5687 lib.
2993 5647 3185 5696 κινιιι,
3229 5630 3312 5684 tit.
3338 5629 3441 5696 21,

1855 5735 1953 5791 lib.
1989 5748 2066 5799 ix,
2097 5731 2221 5789 cod.
2264 5731 2345 5786 tit.
2377 5730 2466 5785 50.
