3874 6296
565 284 676 348 615

1723 282 1953 345 ΡΗΟΤΙ
1957 285 1983 343 Ι
2026 285 2135 344 PA'.

2260 287 2529 348 ARCH/E
2557 287 2669 351 CP.
3689 300 3776 365 616

1906 592 2308 680 ΤΙΤΛΟΣ
2384 594 2498 682 Δο.

1276 772 1451 841 ,ΠΕΡΙ
1482 773 2063 829 ΚΑΤΗΧΟΥΜΕΝΩΝ
2096 776 2215 829 ΚΑΙ
2249 772 2385 829 ΤΟΥ
2418 779 2623 835 ΑΓῘΟΥ
2656 778 3162 841 ΒΑΠΤΙΣΜΑΤΟΣ.

2153 960 2225 970 <—

1803 1101 2329 1194 TITULUS
2405 1108 2569 1195 IV.

1338 1291 1421 1344 DE
1461 1287 1999 1347 CATECHUMENIS
2036 1292 2122 1346 ET
2162 1291 2247 1347 DE
2287 1295 2561 1355 SANCTO
2596 1299 3056 1363 BAPTISMATE.

633 1511 863 1571 CAPUT
923 1511 1218 1566 PRIMUM.
1260 1510 1480 1567 —Non
1538 1525 1778 1583 oportere
1831 1524 1949 1585 post
2013 1515 2135 1572 dua:

2322 1522 2574 1580 ΚΕΦΑΛ.
2602 1526 2647 1578 Α
2671 1566 2684 1579 .
2706 1557 2778 1567 —
2799 1530 2937 1597 Περὶ
2968 1530 3074 1586 τοῦ
3100 1533 3187 1603 μὴ
3219 1535 3488 1604 ὀφείλειν
3526 1545 3670 1607 μετὰ
3701 1544 3791 1600 δύο

562 1604 995 1674 Quadragesima:
1060 1605 1415 1660 hebdomadas
1483 1624 1799 1679 quemquam
1856 1608 1925 1661 ad
1975 1607 2146 1678 bapti-

565 1711 740 1748 smum
771 1696 1069 1747 admittere.

918 1783 1143 1839 Coucilii
1177 1783 1460 1838 Laodiceui
1493 1802 1664 1839 canon
1701 1787 1791 1841 45.

634 1876 725 1931 45.
776 1876 930 1943 Quod
960 1893 1065 1931 non
1121 1888 1373 1946 oporteat
1405 1878 1473 1931 ad
1508 1879 1777 1946 baptisma
1810 1896 2141 1952 quemquam

560 1976 686 2036 post
724 1972 858 2020 duas
888 1965 1330 2035 Quadragesima:
1369 1967 1742 2026 hebdomadas
1767 1970 1996 2028 admitti.

635 2056 789 2113 CAP.
825 2058 890 2111 ll.
926 2088 994 2097 --
1024 2057 1099 2110 De
1126 2058 1525 2127 adjurantibus.

930 2145 1155 2200 Concilii
1190 2146 1477 2200 Laodicem’
1501 2165 1669 2203 canon
1699 2149 1790 2205 26.

630 2237 720 2292 26.
757 2237 909 2304 Quod
947 2240 1000 2292 hi
1050 2242 1141 2308 qui
1174 2256 1283 2292 non
1315 2250 1440 2295 sunt
1488 2246 1555 2295 ab
1584 2244 1856 2314 episc0pis
1884 2247 2138 2309 ordinati.

2244 1612 2581 1705 ἑϐδομάδας
2614 1617 2724 1686 τῆς
2777 1624 3281 1696 Τεσσαρακοστῆς
3326 1628 3609 1697 δέχεσθαι
3663 1639 3790 1705 πρὸς

2248 1702 2314 1755 τὸ
2339 1705 2634 1775 φώτισμα.

2528 1798 2797 1854 Συνόδου
2826 1804 3174 1872 Λαοδικείας
3200 1809 3401 1865 κανὼν
3431 1819 3539 1882 με’.

2320 1891 2424 1975 μεξ.
2457 1886 2577 1939 Ὅτι
2604 1891 2664 1942 ού
2697 1892 2780 1945 δεῖ
2821 1896 2958 1962 μετὰ
2994 1898 3086 1950 δύο
3112 1901 3411 1971 ἑϐδομάδας
3442 1904 3705 1975 δέχεσθαι,
3728 1910 3793 1974 είς

2246 1972 2304 2024 τὸ
2337 1974 2613 2047 φώτισμα,
2641 1983 2736 2049 τῆς
2770 1986 3246 2060 Τεσσαρακοστῆς.

2317 2066 2567 2124 ΚΕΦΑΛ.
2598 2073 2747 2126 B’.—
2771 2078 2908 2144 Περὶ
2935 2079 3055 2133 τῶν
3083 2082 3537 2151 ἐφορκιζόντων.

2525 2167 2794 2221 Συνόδου
2824 2171 3174 2239 Λαοδικείας
3203 2176 3404 2230 κανὼν
3432 2186 3527 2243 κς¹

2316 2262 2427 2321 κε’.
2456 2257 2580 2311 Ὅτι
2606 2261 2665 2312 ού
2696 2262 2778 2314 δεῖ
2809 2264 3117 2334 ὲφορκίζειν
3160 2270 3283 2329 τοὺς
3327 2271 3402 2339 μὴ
3452 2273 3792 2341 προαχθέντας

562 2342 669 2384 tam
704 2332 758 2384 in
808 2332 1051 2386 ecclesiis
1082 2348 1245 2401 quam
1297 2332 1351 2386 in
1385 2332 1639 2389 domibus
1686 2339 1997 2393 exorcizare
2032 2356 2135 2395 non

2258 2345 2351 2398 ὕπὸ
2394 2350 2730 2416 ἐπισκόπων,
2777 2355 2914 2423 μήτε
2952 2358 3008 2408 ὲν
3039 2361 3156 2421 ταῖς
3202 2359 3548 2431 ἐκκλησίαις,
3587 2367 3713 2434 μήτε
3745 2367 3791 2416 ἐν

598 2424 793 2476 os~int.

598 2438 793 2476 osum.

558 2438 595 2492 Ρ
630 2512 781 2566 CAP.
816 2512 905 2566 Ill.
938 2543 1008 2552 —
1034 2512 1310 2577 Quomodo
1335 2523 1578 2581 oporteat
1608 2516 1897 2583 baptizare.

925 2603 1301 2672 Apostolorum
1336 2620 1559 2658 canones
1589 2606 1679 2670 49,
1709 2607 1799 2665 50.

628 2693 697 2747 49
730 2692 867 2764 H8].
903 2691 958 2746 Si
996 2695 1119 2761 quis
1148 2694 1458 2765 episc0pus,
1491 2697 1575 2750 vel
1601 2698 1887 2767 presbyter
1914 2708 2045 2763 etc.,
2080 2710 2139 2754 ut

557 2799 716 2851 supra
743 2799 862 2853 pag.
882 2784 1006 2837 442.

2244 2441 2359 2501 ταῖς
2393 2440 2614 2506 οίκίαις.

2493 2533 2741 2589 ΚΕΦΛΛ.
2772 2532 3083 2603 Γ’.-Πῶς
3113 2538 3208 2593 δεῖ
3235 2542 3572 2605 βαπτίζειν.

2613 2629 2997 2684 Ἀποστόλων
3026 2634 3227 2686 κανὼν
3266 2636 3375 2705 μθ’,
3398 2633 3467 2690 ν’.

2316 2719 2423 2788 μθ’.
2459 2720 2624 2783 Εῐτις
2660 2721 2959 2785 ἐπίσκοπος
2994 2724 3026 2793 ἢ
3065 2726 3460 2798 πρεσϐύτερος,
3500 2747 3557 2786 κ.
3578 2747 3627 2783 τ.
3656 2731 3701 2785 λ.

635 2876 791 2946 155
823 2878 890 2931 50
924 2874 1061 2948 [49].
1123 2878 1180 2931 Si
1213 2878 1337 2948 quis
1405 2878 1693 2949 episcopus
1732 2882 1818 2935 vel
1850 2880 2137 2952 presbyter
2172 2863 2215 2918 Β

560 2984 668 3022 non
698 2971 801 3022 tria
835 2970 1000 3025 unius
1039 2971 1287 3040 mysterii
1320 2971 1667 3041 baptisinata,
1699 2982 1829 3038 etc.,
1861 2982 1919 3026 ut
1952 2990 2139 3043 supra,

557 3073 682 3129 pag.
705 3058 833 3113 442.

857 3148 1083 3203 Concilii
1115 3150 1419 3203 aecumem'ci
1461 3165 1513 3203 Vl
1551 3167 1719 3204 canon
1751 3151 1841 3207 59.

2315 2907 2378 2954 v'.
2416 2901 2480 2952 Εῖ
2502 2917 2583 2962 τις
2614 2899 2911 2967 ἐπίσκοπος
2944 2903 2976 2976 ἢ
3014 2904 3401 2978 πρεσϐύτερος,
3450 2909 3527 2981 μὴ
3566 2912 3684 2982 τρία
3712 2912 3791 2981 βα-

2242 2990 2546 3058 πτίσματα,
2578 3007 2634 3045 κ.
2660 3008 2712 3045 τ.
2736 2992 2786 3047 λ.

2380 3148 2650 3202 Συνόδου
2675 3151 3096 3221 οίκουμενικῆς
3120 3154 3320 3224 ἕκτης,
3346 3159 3554 3213 κανὼν
3579 3161 3671 3215 νϐ’.

2322 3238 2411 3291 JO'.
2444 3240 2651 3305 Μηδεὶς
2682 3242 2739 3295 ἐν
2765 3243 3037 3314 εύκτηρίῳ
3066 3246 3219 3315 οἴκῳ,
3251 3266 3303 3301 κ.
3335 3268 3384 3302 τ.
3408 3249 3464 3305 λ.

2311 3331 2563 3385 ΚΕΦΑΛ.
2590 3330 2740 3385 Δ¹.--
2768 3334 2909 3403 Περὶ
2938 3337 3043 3391 τοῦ
3080 3338 3297 3406 χρῆναι
3330 3342 3476 3408 τοὺς
3510 3344 3791 3415 φωτιζομέ-

2241 3439 2386 3491 νους
2406 3423 2814 3494 ἀπαγγέλλειν
2842 3428 2956 3493 τὴν
2981 3430 3208 3483 πίστιν.

2446 3514 2717 3569 Συνόδου
2751 3516 3098 3583 Λαοδικείας
3124 3519 3325 3573 κανὼν
3354 3528 3475 3589 pg’,
3499 3524 3602 3593 μς.

2310 3611 2429 3674 μς’.
2470 3607 2590 3659 Ὅτι
2625 3607 2706 3659 δεῖ
2741 3608 2867 3670 τοὺς
2905 3608 3330 3678 φωτιζομένους,
3367 3613 3469 3682 τὴν
3510 3617 3684 3668 πίστιν
3711 3620 3787 3669 ἐκ·

2240 3699 2563 3767 μανθάνειν*
2597 3701 2689 3753 καὶ
2710 3703 2777 3770 τῇ
2807 3701 3030 3771 πέμπτῃ
3064 3703 3161 3772 τῆς
3189 3704 3508 3773 ἑϐδομάδος,
3534 3712 3785 3779 ἀπαγγέλ-

2236 3788 2349 3840 λειν
2376 3788 2456 3858 τῷ
2490 3791 2770 3861 ἑπισκόπῳ
2797 3790 2829 3862 ἢ
2869 3795 2981 3855 τοῖς
3008 3795 3421 3865 πρεσϐυτέροις,

2309 3878 2417 3949 με’.
2446 3880 2567 3932 Ὅτι
2604 3880 2685 3932 δεῖ
2726 3882 2853 3944 τοὺς
2887 3882 2944 3934 ἐν
2988 3883 3127 3953 νόσῳ
3172 3886 3696 3956 παραλαμϐάνοντας
3736 3892 3785 3944 τὸ

2236 3967 2515 4040 φώτισμα,
2567 3971 2660 4024 καὶ
2716 3968 2835 4025 εἶτα
2890 3975 3248 4040 ἀναστάντας,
3303 3979 3663 4047 ἐκμανθάνειν
3702 3983 3785 4051 τὴν

2236 4060 2441 4130 πίστιν,
2481 4064 2576 4117 καὶ
2608 4063 2899 4131 γινώσκειν
2933 4067 3016 4119 ὃτι
3047 4066 3196 4130 θείας
3228 4068 3440 4138 δωρεᾶς
3473 4071 3783 4143 κατηξιώθη-

631 3246 719 3300 59.
752 3244 807 3297 In
843 3245 955 3297 aede
977 3242 1235 3307 oratoria,
1258 3249 1388 3305 etc.,
1422 3251 1477 3293 ut
1502 3259 1623 3312 pag.
1655 3243 1779 3297 617.

627 3337 781 3392 CAP.
811 3334 904 3389 IV.
934 3362 1004 3374 ——
1034 3331 1188 3399 Quod
1216 3342 1419 3401 oportet
1449 3334 1744 3403 baptizatos
1787 3335 1914 3406 ﬁdei
1938 3335 2143 3405 formu-

554 3433 664 3487 lam
703 3428 968 3500 proﬁteri.

819 3521 1044 3575 Concilii
1084 3519 1368 3573 Laodiceni
1391 3535 1615 3572 canones
1648 3517 1739 3581 46,
1773 3518 1864 3573 47.

626 3614 716 3669 46.
758 3614 917 3680 Quod
949 3622 1202 3684 oporteat
1236 3629 1332 3669 eos
1362 3613 1455 3682 qui
1486 3612 1553 3666 ad
1587 3611 1858 3680 baptisma
1888 3612 2135 3679 veniunt,

554 3704 713 3760 ﬁdem
751 3706 985 3767 discere,
1038 3712 1093 3757 et
1141 3705 1334 3773 quinta
1368 3702 1501 3757 feria
1553 3703 1874 3772 septimana:
1911 3705 2139 3776 majoris

550 3798 814 3868 episcopo
842 3806 933 3850 aut
971 3797 1302 3866 presbyteris
1336 3795 1582 3850 reddere.

622 3890 714 3944 47.
750 3887 906 3954 Quod
958 3896 1210 3957 oporteat
1253 3903 1348 3941 eos
1377 3886 1471 3956 qui
1529 3886 1581 3939 in
1614 3886 1935 3956 aegritudine
1962 3887 2138 3958 perci-

550 3980 707 4050 piunt
742 3979 1030 4048 baptisma,
1063 3986 1350 4047 postquam
1381 3976 1779 4039 convaluerint,
1816 3977 1973 4032 ﬁdem
2009 3994 2135 4048 per-

552 4072 784 4137 discere,
821 4079 876 4126 et
922 4070 1086 4139 scire;
1124 4070 1284 4139 cujus
1343 4069 1588 4124 muneris
1651 4069 1948 4138 participes
2006 4070 2132 4126 facti

552 4160 683 4216 sint.

2258 4168 2359 4208 ταν.

828 4251 1053 4306 Concilii
1087 4251 1390 4306 atcumenici
1429 4266 1481 4304 v1
1525 4266 1695 4304 canon
1745 4249 1812 4303 78

2375 4246 2644 4301 Συνόδου
2672 4249 3089 4318 οίκουμενικῆς
3122 4250 3300 4320 ἕκτης
3328 4253 3537 4308 κανὼν
3564 4254 3658 4325 οη’.

623 4348 712 4402 78.
767 4346 923 4413 Quod
949 4355 1162 4415 oportet
1192 4359 1288 4399 eos
1314 4345 1361 4375 ⁸³
1406 4343 1499 4413 qui
1551 4342 1929 4396 illuminantur
1970 4340 2129 4396 ﬁdem

2302 4344 2404 4408 οην.
2433 4338 2556 4392 Ὅτι
2582 4340 2664 4393 δεῖ
2687 4342 2815 4403 τοὺς
2844 4343 3245 4413 φωτιζομένους
3268 4346 3367 4416 τὴν
3392 4347 3582 4400 πίστιν
3606 4348 3783 4417 ἐκμαν-

551 4440 785 4502 discere,
808 4448 862 4493 et
893 4440 1084 4507 quinta
1111 4439 1429 4507 septimanae
1451 4436 1586 4491 feria
1617 4435 1869 4504 episcopo
1890 4448 1985 4488 seu
2016 4449 2134 4503 pre-

2258 4431 2436 4494 ldvaw,
2470 4433 2563 4485 καὶ
2597 4436 2663 4505 τῇ
2704 4434 2932 4509 πέμπτῃ
2971 4436 3070 4506 τῆς
3099 4436 3393 4507 ἑϐδομάδος
3441 4440 3780 4508 ἀπαγγέλλειν

551 4533 789 4603 sbyteris
820 4532 1156 4586 renuntiare.

2258 4523 2306 4594 ’ᾧ
2332 4525 2616 4596 ὲπισκόπῳ
2641 4527 2673 4597 ἢ
2695 4530 2807 4590 τοῖς
2829 4528 3237 4598 πρεσϐυτέροις.

624 4622 839 4677 Textus.
876 4621 1109 4675 Constit.
1160 4619 1247 4680 10,
1277 4619 1360 4673 tit.
1403 4619 1455 4684 8,
1485 4617 1584 4671 lib.
1624 4631 1663 4680 ι,
1691 4614 1815 4672 cod.
1851 4614 2025 4685 jubet,
2070 4621 2130 4668 ut

547 4713 767 4785 pagani,
806 4712 898 4781 qui
941 4711 1090 4778 parvi
1145 4709 1348 4781 [adhuc
1396 4719 1450 4763 et
1484 4707 1665 4779 pueri]
1704 4716 1852 4770 sunt,
1885 4708 2020 4762 citra
2048 4707 2129 4760 di-

550 4808 808 4860 lationem
842 4804 1231 4873 baptizentur:
1269 4803 1361 4872 qui
1395 4818 1525 4858 vero
1573 4802 1932 4865 adoleverint,
1972 4802 2127 4871 prius

551 4897 867 4966 Scripturas
923 4904 978 4948 et
1050 4904 1431 4949 sacrosanctos
1497 4908 1736 4949 canones
1800 4894 2121 4948 doceantur.

551 4985 846 5040 Sciendum
882 4992 966 5038 est
1016 4992 1198 5037 autem
1258 4999 1357 5037 nos
1404 4998 1509 5037 non
1549 4983 1791 5036 invenire
1834 4996 2122 5045 canonem,

2312 4615 2376 4668 Ἦ
2410 4622 2439 4668 ι’
2475 4616 2716 4684 διάταξις
2752 4617 2846 4671 τοῦ
2887 4617 2939 4689 η’
2975 4621 3078 4673 τίτ.
3126 4620 3218 4673 τοῦ
3259 4625 3307 4672 α’
3348 4620 3492 4691 βιϐλ.
3539 4623 3631 4675 τοῦ
3669 4622 3776 4675 κώδ.

2229 4707 2670 4778 παρακελεύεται
2700 4710 2827 4773 τοὺς
2871 4710 3157 4781 Ἕλληνας,
3207 4714 3438 4783 μικροὺς
3473 4715 3575 4784 μὲν
3620 4714 3777 4779 ὄντας,

2228 4800 2396 4869 χωρὶς
2430 4800 2700 4871 ἀναϐολῆς
2738 4801 3125 4869 βαπτίζεσθαι·
3160 4804 3358 4866 τοὺςδὲ
3382 4805 3638 4871 τελείους,
3666 4808 3779 4876 πρό-

2226 4907 2385 4961 τερον
2427 4890 2525 4954 τὰς
2558 4892 2783 4961 Γραφὰς
2823 4893 2964 4946 κατὰ
3000 4893 3123 4956 τοὺς
3156 4894 3344 4961 ἁγίους
3383 4896 3619 4960 κανόνας
3653 4896 3776 4950 διδα-

2229 4984 2550 5053 σκομένους.
2587 4986 2898 5053 Καὶύίστέον
2938 4986 3019 5039 ὅτι
3065 4987 3162 5057 ούχ
3195 4987 3523 5058 εὑρίσκομεν
3572 4990 3775 5050 κανόνας

2224 5076 2464 5130 τοιοῦτόν
2503 5094 2557 5130 τι
2602 5077 3100 5150 διαγορεύονταςοή
3148 5080 3203 5132 δὲ
3235 5079 3278 5149 β’
3300 5080 3439 5133 διάτ.
3480 5081 3576 5134 τοῦ
3619 5080 3665 5148 γ’
3685 5079 3774 5132 τίτ.

2223 5165 2332 5217 τῶν
2370 5165 2621 5234 Νεαρῶν,
2654 5166 2698 5235 β’
2732 5165 2863 5219 οὖσα
2906 5166 3033 5235 περὶ
3063 5168 3438 5239 Σαμαρειτῶν,
3484 5171 3699 5239 κειμένη
3729 5167 3776 5219 δὲ

548 5079 641 5147 qui
661 5075 1057 5145 talequidpiam
1079 5077 1291 5130 doceat.
1309 5074 1509 5130 Verum
1535 5084 1710 5129 const.
1738 5074 1790 5138 5,
1820 5074 1948 5129 tit.2’>
1967 5073 2125 5144 156

546 5166 919 5232 Novellarum,
960 5181 1083 5235 qua:
1124 5165 1363 5220 secunda
1393 5175 1477 5219 est
1520 5165 1587 5218 de
1630 5164 2011 5227 Samaritanis,
2060 5179 2124 5217 ac

547 5260 603 5313 in
636 5268 786 5312 textu
813 5259 1082 5314 librorum
1104 5260 1156 5313 in
1183 5258 1556 5313 Patriarchico
1584 5259 1965 5312 exsistentium
1997 5256 2118 5322 155,

546 5350 746 5414 sancit,
791 5365 859 5405 ne
892 5350 1179 5407 confestim
1228 5349 1555 5405 Samaritani
1601 5348 1665 5403 ad
1707 5357 2118 5402 sacrosanctum

2224 5258 2283 5308 ἐν
2330 5256 2409 5326 τῷ
2446 5256 2595 5327 ρητῷ
2636 5258 2742 5311 τῶν
2774 5260 2831 5310 ἐν
2878 5259 2955 5328 τῷ
2990 5260 3363 5329 πατριαρχείῳ
3403 5260 3623 5328 βιϐλίων
3655 5259 3770 5330 ρλγκ

2222 5346 2469 5410 θεσπίζει
2499 5347 2571 5417 μὴ
2598 5350 2901 5418 προχείρως
2927 5348 3052 5411 τοὺς
3078 5350 3420 5419 Σαμαρείτας
3447 5352 3539 5402 ἐπὶ
3561 5350 3620 5402 τὸ
3643 5350 3775 5414 ἅγιον

546 5443 818 5515 baptisma
877 5444 1246 5513 recipiantur:
1303 5441 1396 5495 sed
1444 5440 1535 5511 qui
1577 5440 1776 5495 bonam
1808 5438 2115 5493 doctrinam

2258 5439 2470 5510 ἔχεσθαι
2498 5438 2798 5509 βάπτισμα,
2836 5440 2971 5493 ἀλλὰ
2994 5443 3118 5503 τοὺς
3147 5442 3245 5511 μὲν
3274 5443 3515 5512 χρηστῆς
3542 5441 3771 5493 διδασκα-

547 5531 680 5606 [jam
698 5549 810 5607 Ῥει-
840 5534 1076 5608 aetatem]
1110 5535 1388 5605 percipere
1413 5543 1665 5604 possunt,
1707 5546 1810 5602 per
1836 5531 2116 5585 biennium

615 5673 662 5705 ⁸³
699 5671 923 5729 Laodic.
956 5688 1080 5729 can.
1114 5671 1209 5727 ἠδ.

2225 5531 2344 5595 λίας
2395 5531 2842 5601 αἰσθανομένους,
2875 5533 2968 5586 ἐπὶ
3009 5532 3211 5586 διετίαν
3268 5532 3646 5604 κατηχεῖσθαι,
3692 5529 3771 5582 καὶ
