3874 6296
587 311 692 378 619

1022 420 1183 493 158
1215 419 1407 475 Basilii
1434 434 1601 473 canon
1632 418 1722 473 20.

650 512 742 569 20.
786 508 1139 580 Quaecunque
1172 510 1449 575 mulieres,
1482 524 1606 563 cum
1635 514 1819 562 essent
1852 506 1907 561 in
1937 506 2152 572 lueresi,

580 603 948 675 virginitatem
1002 600 1261 671 professa:
1312 611 1459 664 sunt,
1493 599 1584 654 sed
1632 610 1820 670 postea
1872 600 2155 654 matrimo-

580 696 732 751 nium
779 692 1150 764 praetulerunt,
1204 707 1312 745 non
1356 691 1590 745 arbitror
1639 706 1734 745 eas
1805 689 2155 745 condemnari

580 797 854 859 oportere.
882 784 1218 855 Quwcunque
1263 783 1399 836 enim
1437 782 1565 836 dicit
1597 783 1700 848 lex,
1729 783 1793 835 iis
1830 781 1918 851 qui
1963 782 2015 834 in
2046 779 2155 850 lege

579 889 704 934 sunt
741 878 960 933 dicit".
1002 877 1134 944 Qua:
1185 884 1367 931 autem
1416 875 1605 945 jugum
1660 875 1862 930 Christi
1914 874 2154 929 nondum

582 972 884 1031 subierunt.
929 985 993 1024 ea
1028 984 1129 1023 nec
1169 968 1381 1022 Domini
1421 968 1565 1037 leges
1610 975 1930 1036 agnoscunt.
1974 964 2156 1030 Quare

576 1072 705 1117 sunt
732 1064 785 1117 in
815 1061 1116 1116 Ecclesium
1160 1059 1485 1128 recipiendae
1530 1074 1652 1112 cum
1685 1058 1959 1120 omnibus,
1986 1056 2149 1110 etiam

578 1156 773 1210 horum
826 1153 1201 1209 remissionem
1236 1152 1499 1206 habentes
1531 1168 1595 1205 ex
1623 1150 1725 1203 lide
1756 1150 1808 1203 in
1846 1148 2149 1203 Christum.

574 1246 653 1299 Ac
682 1247 905 1299 omnino
936 1260 1059 1315 qua!
1112 1244 1167 1297 in
1195 1243 1642 1298 catechumenica
1682 1243 1789 1295 vita
1825 1239 1967 1294 facta
1996 1249 2142 1304 sunt,

574 1336 627 1389 in
659 1335 928 1406 judicium
975 1351 1083 1389 non
1126 1346 1416 1388 vocantur.
1456 1333 1616 1388 Tales
1668 1342 1850 1387 autem
1899 1332 2150 1387 videlicet

573 1427 693 1480 sine
733 1427 1058 1496 baptismate
1105 1425 1345 1480 Ecclesia
1377 1441 1484 1478 non
1521 1425 1732 1495 recipit.
1760 1423 1941 1490 Quare
1983 1438 2150 1495 gene-

575 1519 945 1589 rationisjura
972 1527 1104 1574 sunt
1124 1520 1177 1573 iu
1211 1517 1344 1588 ipsis
1378 1519 1615 1572 maxime
1640 1518 1973 1573 necessaria.

818 1696 1091 1767 Theophili
1129 1712 1193 1751 ea:
1208 1694 1614 1749 commonitorio
1652 1709 1817 1748 canon
1854 1692 1909 1748 4.

642 1791 698 1845 4.
744 1790 816 1844 De
843 1790 1117 1860 Panuph.,
1150 1800 1277 1854 etc.,
1315 1796 1371 1839 ut
1397 1803 1518 1856 pag.
1553 1784 1678 1839 550.

574 1882 763 1956 Cyrilli
785 1899 849 1939 ex
877 1881 1199 1956 epistola_ad
1232 1881 1494 1956 episcopos
1540 1879 1630 1947 qui
1665 1886 1790 1930 sunt
1824 1878 1877 1930 in
1904 1875 2068 1949 Libya
2099 1889 2148 1931 et

1098 1951 1377 2019 Pentapoli
1416 1965 1607 2001 canon.

640 2046 733 2102 44.
758 2045 852 2100 Sin
886 2056 1068 2099 autem
1110 2042 1537 2113 segregationem
1571 2039 1737 2109 aliqui
1790 2038 2149 2093 sustinuerint

470 2140 473 2141 ⁷
570 2147 796 2208 propter
824 2137 1009 2206 lapsus
1054 2134 1254 2205 puniti,
1290 2128 1485 2187 deinde
1532 2131 1644 2187 sint
1680 2130 1931 2185 morituri
1974 2130 2150 2185 exsis-

572 2239 750 2285 tenles
784 2226 1188 2290 catechumeni,
1226 2226 1594 2295 baptizentur,
1635 2231 1689 2277 et
1720 2237 1788 2276 ne
1839 2222 1907 2276 ab
1958 2221 2149 2275 buma-

571 2324 657 2377 nis
689 2322 951 2377 excedant
973 2321 1160 2390 gratia:
1193 2334 1299 2373 non
1350 2317 1664 2387 participes,
1717 2314 1926 2370 scilicet
1994 2329 2146 2368 com-

570 2415 831 2467 munione
860 2423 1128 2466 carentes.
1182 2410 1406 2464 Videtur
1443 2410 1588 2462 enim
1645 2407 1748 2461 hoc
1783 2420 2002 2475 quoque
2044 2400 2147 2459 Ec-

568 2503 750 2560 clesia!
792 2500 1176 2557 consuetudini
1238 2501 1538 2555 adhmrere.
1590 2497 1837 2552 Salutate
1869 2511 1989 2550 eam
2024 2511 2145 2565 qua:

566 2606 651 2652 est
676 2595 820 2665 apud
850 2609 945 2649 vos
986 2594 1380 2649 fraternitatem
1411 2610 1426 2660 ;
1463 2606 1586 2663 quae
1626 2590 1911 2645 nobiscum
1940 2598 2027 2644 est
2050 2604 2146 2645 vos

567 2690 622 2744 in
656 2689 887 2742 Domino
909 2689 1128 2743 salutat.

639 2782 859 2837 Textus.
892 2781 1082 2836 Const.
1115 2780 1165 2848 1,
1214 2780 1298 2833 tit.
1333 2778 1419 2842 l2,
1452 2779 1548 2835 lib.
1576 2796 1621 2834 ι.
1669 2781 1793 2837 cod.
1826 2783 1937 2838 ait:
1988 2781 2142 2848 Quod

570 2871 666 2951 [si]
702 2873 949 2938 Iudaeus,
984 2880 1042 2925 ut
1080 2873 1286 2927 crimen
1329 2881 1424 2925 aut
1461 2872 1699 2926 debitum
1758 2875 1941 2938 evitet,
1987 2872 2148 2929 Chri-

579 2968 794 3023 stianus
830 2964 949 3019 ﬁeri
973 2964 1124 3027 velit,
1162 2964 1339 3032 ipsum
1371 2963 1574 3033 suscipi
1606 2979 1716 3017 non
1753 2973 2017 3033 Oporteat,
2044 2964 2143 3018 (lo-

568 3073 668 3112 nec
728 3058 994 3112 innocens
1050 3064 1332 3125 appareat,
1399 3054 1486 3109 vel
1546 3055 1785 3109 debitum
1841 3056 2135 3126 persolvat.

564 3148 755 3206 Const.
805 3163 936 3203 vero
975 3148 1064 3212 10,
1105 3147 1186 3200 tit.
1230 3162 1289 3209 ιι,
1329 3146 1463 3213 vult,
1502 3154 1563 3200 ut
1614 3149 1805 3216 pagani
1866 3148 2140 3217 baptizen-

566 3250 676 3305 tur,
712 3255 777 3295 ac
802 3254 988 3295 eorum
1016 3236 1485 3311 [quidem].liber-i,
1511 3238 1557 3293 si
1594 3239 1805 3309 parvuli
1842 3240 1969 3304 sint,
2002 3240 2139 3294 citra

566 3332 925 3387 dilationem:
963 3332 1009 3386 si
1046 3346 1173 3385 vero
1205 3330 1566 3394 adoleverint,
1615 3331 1767 3398 prius
1797 3345 2038 3384 canones
2084 3338 2141 3385 et

567 3426 883 3495 Scripturas
905 3422 1226 3479 doceantur.
1252 3422 1454 3477 Verum
1516 3432 1693 3476 const.
1713 3424 1765 3489 ’5,
1793 3422 1951 3492 159
1972 3422 2052 3476 tit.
2083 3422 2137 3486 '5,

564 3516 934 3581 Novellarum,
971 3531 1069 3585 per
1094 3514 1381 3570 biennium
1421 3515 1638 3570 adultos
1665 3515 2046 3569 Samaritauos
2083 3513 2140 3568 in

567 3611 672 3665 llde
701 3609 912 3664 institui
940 3610 1076 3663 vult.

640 3713 795 3769 CAP.
828 3712 941 3767 Vlll
972 3746 1041 3754 —
1073 3715 1145 3769 De
1176 3717 1431 3786 episcopis
1457 3725 1548 3769 aut
1586 3714 1789 3770 clericis
1822 3714 2141 3786 baptismum

566 3806 933 3862 Iiwreticorum
960 3807 1383 3861 admittentibus.

1010 3900 1381 3968 Apostolorum
1410 3916 1575 3952 canon
1608 3899 1696 3954 46.

635 3991 728 4047 46.
774 3989 917 4064 [45]
946 3992 1309 4062 Episc0pum,
1364 3993 1446 4046 vel
1482 3992 1859 4063 presbyterum
1890 3991 1984 4061 qui
2029 3991 2141 4045 hee-

564 4082 857 4136 reticorum
886 4084 1213 4152 baptismum
1239 4095 1369 4147 etc.,
1403 4091 1459 4135 ut
1488 4099 1650 4152 supra
1681 4098 1801 4152 pag.
1830 4081 1957 4135 6l0.

634 4176 786 4234 CAP.
811 4177 905 4238 1X.
929 4210 1001 4221 -—
1030 4180 1107 4233 De
1136 4180 1416 4249 baptizatis
1435 4180 1487 4232 in
1520 4180 1719 4232 morbo.

847 4360 1072 4417 Concilii
1102 4358 1543 4414 Neocwsariensis
1575 4374 1743 4411 canon
1770 4356 1855 4412 12.

1741 308 2002 370 ΡΗΟΤΙΙ
2043 308 2143 368 PA‘

2260 307 2546 371 mm:qu
2578 311 2687 372 ep.
3683 334 3759 399 590

2189 426 2238 479 Α
2578 428 2584 433 .

2724 421 3046 475 Βασιλείου
3080 422 3280 476 κανὼν
3309 429 3376 484 κ’.

2332 507 2401 564 κν.
2454 510 2615 566 Ὅσαι
2651 513 2907 581 γυναῖκες
2955 513 3012 566 ὲν
3065 512 3273 585 αἱρέσει
3322 508 3478 569 οὖσαι
3526 524 3763 593 παρθενίαν

2260 600 2640 673 ὡμολόγησαν,
2702 598 2821 656 εἶτα
2869 603 3010 676 μετὰ
3058 605 3231 657 ταῦτα
3279 605 3457 676 γάμον
3501 608 3762 684 ἀνθείλοντο,

2260 690 2357 760 οὐχ
2394 691 2635 763 ἡγοῦμαι
2674 694 2872 763 χρῆναι
2917 694 3373 754 καταδικάζεσθαι
3400 697 3605 763 ταύτας.
3645 705 3769 763 ὀσα

2260 782 2370 851 γὰρ
2401 786 2434 837 ὁ
2465 784 2650 853 νόμος
2674 783 2870 849 λαλεῖ,
2894 785 3017 850 τοῖς
3043 785 3115 839 ἐν
3149 785 3231 849 τῷ
3260 787 3425 854 νόμῳ
3444 790 3620 844 λαλεῖο
3650 798 3697 848 αἱ
3720 800 3764 853 δὲ

2260 876 2425 947 μήπω
2467 877 2796 931 ὑπελθοῦσαι
2826 876 2917 931 τὸν
2946 878 3109 945 ζυγὸν
3151 879 3245 931 τοῦ
3274 879 3527 949 Χριστοῦ,
3561 885 3665 939 οὐδὲ
3694 890 3770 960 τὴν

2255 967 2575 1037 νομοθεσίαν
2630 967 3053 1035 ὲπιγινὼσκουσι
3110 969 3202 1022 τοῦ
3267 971 3533 1024 Δεσπότου
3588 990 3600 1003 ι

2251 1058 2436 1113 δεκταί
2472 1062 2579 1113 είσι
2605 1064 2670 1132 τῇ
2704 1061 3001 1132 Ἐκκλησία
3033 1062 3171 1131 μετὰ
3198 1062 3436 1127 πάντων,
3478 1066 3565 1117 καὶ
3589 1067 3673 1136 τὴν
3697 1072 3773 1123 tu“.

2251 1151 2462 1214 τούτοις
2512 1153 2706 1221 ἄφεσιν
2753 1152 2974 1223 ἔχουσαι
3033 1156 3097 1206 ἐκ
3146 1153 3248 1223 τῆς
3273 1154 3727 1227 πίστεωςΧριστόν
3760 1180 3772 1194 ·

2252 1245 2345 1295 καὶ
2378 1243 2603 1297 καθόλου
2648 1245 2716 1298 τὰ
2757 1246 2813 1297 ἐν
2840 1245 2919 1314 τῷ
2960 1246 3351 1317 κατηχουμένῳ
3394 1248 3495 1316 βίῳ
3530 1250 3774 1321 γενόμενα,

2251 1334 2331 1395 είς
2374 1334 2605 1398 εὐθύνας
2658 1337 2758 1389 οὐκ
2796 1336 3010 1403 ἄγεται.
3061 1337 3296 1399 Τούτους
3320 1338 3379 1391 δὲ
3423 1339 3648 1410 δηλονότι
3674 1345 3775 1400 ἄνευ

2252 1424 2651 1495 βαπτίσματος,
2702 1429 2735 1498 ἡ
2800 1427 3095 1497 Ἐκκλησία
3132 1429 3193 1481 ού
3242 1430 3634 1499 παραδέχεται·
3662 1435 3778 1488 ὥστε

2249 1514 2655 1583 ἀναγκαιότατα
2681 1515 2806 1589 [ἐπὶ
2843 1516 3053 1581 τούτοις
3104 1518 3176 1571 τὰ
3225 1520 3492 1590 πρεσϐεῖα
3516 1522 3610 1593 τῆς
3651 1526 3779 1592 γενέ-

2251 1622 2407 1667 σεως.

3660 978 3770 1033 ὥστε

2338 1701 2632 1770 Θεοφίλου
2662 1702 2730 1757 ἐκ
2756 1701 2865 1757 τοῦ
2894 1704 3403 1774 ’Υπομνηστικοῦ,
3432 1707 3629 1761 κανὼν
3659 1709 3713 1765 δ’.

2182 1766 2223 1821 Β
2324 1792 2385 1845 δ’.
2412 1766 2546 1864 Περὶ
2579 1794 2635 1847 δὲ
2664 1797 2907 1863 Πανοὶιφ,
2942 1812 2996 1848 κ.
3031 1766 3150 1853 λ.

2251 1885 2550 1950 Χαρίλλου
2575 1885 2643 1939 ἐκ
2672 1886 2781 1953 τῆς
2804 1886 2953 1954 πρὸς
2983 1888 3124 1953 τοὺς
3151 1889 3221 1941 ἐν
3250 1890 3437 1957 Λιϐύῃ
3474 1890 3567 1944 καὶ
3595 1894 3786 1949 Πεντα-

2393 1958 2565 2013 πόλει
2590 1957 2965 2022 ἐπισκόπους
3000 1957 3329 2026 ἐπιστολῆς
3349 2000 3364 2025 ,
3394 1961 3591 2013 κανὼν
3614 1963 3670 2014 δ’.

2318 2048 2383 2102 δ’.
2430 2047 2555 2099 Ἐὰν
2592 2048 2649 2100 δὲ
2690 2047 2969 2118 χωρισμὸν
2999 2048 3335 2120 ὑπομείνωσί
3384 2068 3530 2115 τινες
3559 2053 3783 2123 ἐπιτιμη-

2246 2139 2433 2203 θέντες
2495 2140 2854 2207 πταισμάτων
2906 2139 3068 2193 ἕνεκα
3093 2180 3109 2205 ,
3146 2134 3266 2193 εἶτα
3299 2142 3538 2211 μέλλωσι
3564 2144 3786 2214 τελευτᾷν

2246 2229 2643 2302 κατηχούμενοι
2677 2231 2828 2295 ὄντες
2849 2272 2863 2297 ,
2892 2231 3363 2301 βαπτιζέσθωσαν,
3393 2235 3489 2287 καὶ
3523 2234 3594 2305 μὴ
3620 2236 3790 2304 ἀποδη-

2250 2323 2522 2392 μείτωσαν
2580 2322 2689 2375 τῶν
2722 2322 3078 2393 ἀνθρωπίνων
3134 2324 3390 2394 ἀμέτοχοι
3432 2325 3537 2395 τῆς
3579 2326 3787 2395 χάριτος,

2244 2414 2412 2485 ἤγουν
2461 2413 2813 2485 ἁκοινώνητοι
2840 2430 2854 2445 ⁸
2887 2415 3037 2468 δοκεῖ
3062 2417 3169 2485 γὰρ
3216 2415 3511 2486 προσέχειν
3538 2419 3631 2470 καὶ
3660 2418 3789 2470 τοῦτο

2247 2508 2359 2568 τοῖς
2384 2506 2485 2574 τῆς
2525 2505 2855 2576 Ἐκκλησίας
2893 2508 3115 2576 θεσμοῖς
3154 2524 3168 2538 ·
3204 2509 3540 2579 προσείπατε
3570 2509 3661 2579 τὴν
3684 2510 3791 2578 παρ’

2246 2598 2375 2667 ὑμῖν
2405 2597 2774 2671 ἀδελφότητα*
2806 2599 3008 2669 ὑμᾶςὴ
3040 2601 3136 2653 σὺν
3161 2600 3291 2671 ἡμῖν
3324 2601 3382 2653 ὲν
3414 2600 3607 2671 Κυρίῳ
3641 2616 3788 2671 προσ-

2253 2688 2532 2758 αγορεύει.

2325 2779 2390 2832 Ἦ
2418 2786 2466 2833 α’
2501 2778 2742 2844 διάταξις
2791 2779 2884 2833 τοῦ
2914 2778 2982 2849 ιβ’
3030 2779 3135 2833 τίτ.
3171 2780 3262 2834 τοῦ
3308 2787 3357 2833 α’
3389 2780 3537 2851 βιϐλ.
3567 2780 3653 2833 τοῦ
3684 2780 3790 2834 initi.

2245 2872 2430 2941 φησὶν,
2476 2873 2557 2925 ὅτι
2601 2871 2695 2925 ἐὰν
2738 2872 2989 2936 Ἰουδαῖος
3031 2872 3117 2925 διὰ
3161 2873 3222 2925 τὸ
3267 2877 3463 2943 φυγεῖν
3516 2873 3790 2943 ἔγκλημαῆ

2244 2963 2423 3034 χρέος,
2448 2962 2654 3035 θελήσῃ
2683 2964 3070 3035 χριστιανίσαι,
3101 2965 3160 3017 ού
3190 2964 3272 3018 δεῖ
3309 2966 3473 3018 αὑτὸν
3496 2964 3796 3035 προσδεχθῆ-

2244 3071 2351 3114 ναι,
2379 3052 2482 3115 ἕως
2512 3054 2576 3105 ἂν
2595 3054 2885 3117 ἀνεύθυνος
2912 3056 3076 3124 φανῇ,
3104 3055 3197 3107 καὶ
3225 3054 3285 3107 τὸ
3318 3055 3482 3124 χρέος
3506 3053 3791 3123 καταϐάλῃ·

2240 3144 2274 3214 ἡ
2299 3143 2354 3196 δὲ
2384 3149 2414 3196 ι’
2436 3143 2577 3195 διάτ.
2604 3143 2699 3196 τοῦ
2719 3149 2788 3196 ια’
2812 3144 2916 3198 τίτ.
2939 3143 3033 3196 τοῦ
3064 3147 3114 3195 α’
3132 3141 3277 3213 βιϐλ.
3308 3143 3456 3197 θέλει
3475 3144 3598 3207 τοὺς
3624 3144 3796 3211 Ἐλλη-

2241 3248 2337 3294 νας
2366 3231 2723 3303 βαπτίζεσθαι
2753 3231 2848 3286 καὶ
2877 3234 2943 3285 τὰ
2980 3232 3144 3285 τέκνα
3173 3233 3375 3295 αὐτῶν,
3409 3235 3583 3304 χωρὶς
3618 3234 3795 3287 ἀνάδος

2239 3324 2357 3395 λῆς,
2389 3325 2562 3396 μικρὰ
2592 3325 2720 3378 δντα
2744 3342 2758 3356 ο
2790 3325 2859 3379 τὰ
2900 3325 2956 3378 δὲ
2986 3324 3166 3377 τέλεια
3199 3325 3660 3397 προδιδάσκεσθαι
3682 3326 3797 3377 κατὰ

2238 3420 2363 3482 τοὺς
2399 3422 2629 3483 κανόνας
2663 3418 2760 3481 τὰς
2800 3420 3024 3489 Γραφάς
3046 3437 3058 3450 ·
3092 3417 3204 3489 ἠδὲ
3246 3424 3298 3487 γ’
3336 3419 3483 3473 διάτ.
3515 3418 3610 3471 τοῦ
3638 3418 3682 3485 γ’
3709 3420 3795 3470 τίτ.

2237 3508 2346 3563 τῶν
2369 3508 2600 3577 νεαρῶν,
2631 3510 2723 3561 ἐπὶ
2743 3508 2943 3561 διετίαν
2964 3507 3105 3560 θέλει
3131 3508 3257 3571 τοὺς
3284 3506 3531 3570 τελείους
3555 3506 3797 3579 Σαμαρεί-

2237 3616 2337 3663 τας
2366 3600 2744 3670 κατηχεῖσθαι.

2312 3693 2561 3746 ΚΕΦΑΛ.
2596 3694 2677 3747 Η’.
2700 3724 2769 3733 -—
2788 3692 2926 3760 Περὶ
2950 3694 3299 3747 ἐπισκόπων
3327 3693 3364 3761 ἧ
3394 3689 3699 3760 κληρωτῶν
3722 3688 3797 3741 δε·

2239 3785 2512 3857 χομένων
2534 3785 2853 3856 βάπτισμα
2890 3787 3218 3854 αἱρετικῶν.

2655 3880 3041 3932 Ἀποστόλων
3064 3877 3267 3932 κανὼν
3298 3883 3424 3949 μς’.

2315 3976 2436 4041 μςν.
2473 3971 2802 4023 Ἐπίσκοπος)
2852 3972 2885 4041 ἢ
2926 3969 3299 4041 πρεσϐύτερον
3331 3967 3639 4040 αίρετικῶν
3668 3966 3802 4031 δεξα-

2242 4064 2439 4132 μένους
2468 4062 2776 4133 βάπτισμα,
2821 4080 2874 4115 κ.
2909 4080 2959 4117 τ.
2989 4066 3040 4115 λ.

2309 4155 2560 4210 ΚΕΦᾹΛ.
2588 4155 2667 4210 8’.
2700 4184 2769 4195 ——
2809 4154 2948 4223 Περὶ
2980 4153 3100 4208 τῶν
3143 4153 3215 4207 ἐν
3253 4154 3423 4219 νόσῳ
3469 4150 3802 4220 βαπτιζομέ-

2237 4265 2377 4307 νων.

2473 4337 2745 4391 Συνόδου
2768 4335 3234 4403 Νεοκαισαρείας
3259 4334 3469 4387 κανὼν
3499 4332 3587 4404 ιβ’.

634 4453 760 4509 502.
794 4451 850 4509 Si
886 4454 1011 4524 quis
1046 4461 1315 4522 aegrotans
1339 4448 1502 4503 fuerit
1542 4449 1903 4516 illuminatus,
1926 4456 2011 4503 etc
2040 4456 2133 4514 ,ut

2316 4432 2404 4502 ιβ’.
2447 4431 2572 4484 Ἐὰν
2610 4430 2781 4484 νοσῶν
2808 4446 2890 4493 τις
2927 4429 3193 4498 φωτισθῇ,
3226 4446 3280 4482 κ.
3306 4444 3356 4479 τ.
3390 4427 3445 4482 λ.

561 4526 796 4597 pag.52.

915 4610 1143 4666 Concilii
1170 4609 1456 4664 Laodiceni
1492 4626 1661 4663 canon
1696 4609 1785 4665 47.

635 4706 727 4761 47.
773 4704 929 4771 Quod
974 4713 1225 4774 oporteat
1269 4720 1366 4759 eos
1408 4705 1501 4773 qui
1552 4704 1605 4757 in
1659 4701 1978 4773 aegritudine
2007 4708 2137 4769 etc.,

564 4806 620 4851 ut
653 4814 775 4868 pag.
813 4795 938 4851 615.

845 4888 1072 4944 Concilii
1095 4887 1526 4958 Carthaginensis
1555 4903 1724 4940 canon
1751 4886 1843 4940 45.

567 4980 640 5036 De
700 4979 1075 5050 aegrotantibus
1143 4980 1233 5050 qui
1284 4995 1377 5047 pro
1420 4996 1473 5034 se
1507 4980 1819 5049 respondere
1864 4994 1966 5032 non
2012 4993 2133 5048 pos-

1278 5077 1414 5122 sunL

632 5160 720 5216 45.
766 5159 838 5217 Ut
886 5170 1243 5231 aegrotantes,
1296 5161 1341 5215 si
1390 5174 1488 5229 pro
1537 5173 1596 5213 se
1642 5158 1975 5226 respondere
2026 5172 2132 5210 non

560 5260 835 5319 possunt,
881 5266 1004 5305 cum
1048 5250 1346 5304 voluntatis
1390 5264 1580 5303 eorum
1624 5246 1999 5302 testimonium
2049 5248 2133 5301 sui

559 5341 800 5410 periculo
831 5343 1050 5412 proprio
1076 5344 1345 5404 dixerint,
1387 5342 1744 5407 baptizentur.
1782 5337 1851 5393 Ut
1876 5336 2128 5401 scenicis,

558 5442 721 5501 atque
741 5433 1100 5489 histrionibus
1125 5434 1445 5504 cauet-isque
1480 5433 1791 5503 hujusmodi
1817 5430 2066 5501 personis
2082 5429 2128 5461 "

558 5528 927 5584 reconciliatio
952 5544 1059 5583 non
1095 5538 1335 5599 negetur.

2518 4614 2786 4670 Συνόδου
2814 4612 3161 4678 Λαοδικείας
3194 4611 3395 4664 κανὼν
3425 4611 3542 4683 μζ.

2305 4709 2415 4779 μζν.
2453 4708 2575 4761 Ὀτι
2606 4707 2688 4760 δεῖ
2709 4706 2835 4770 τοὺς
2859 4706 2917 4758 ὲν
2947 4703 3110 4775 νόσῳ,
3136 4721 3190 4757 κ.
3218 4721 3268 4757 τ.
3299 4702 3349 4757 λ.

2479 4885 2750 4941 Συνόδου
2780 4883 3197 4953 Καρθατέννης
3223 4882 3429 4936 κανὼν
3468 4886 3579 4953 με’.

2301 4978 2440 5047 Περὶ
2468 4977 2587 5032 τῶν
2630 4976 3049 5030 ἀσθενούντων
3066 5015 3081 5040 ,
3114 4974 3209 5029 καὶ
3237 4975 3389 5043 ὑπὲρ
3412 4974 3655 5029 ἑαυτῶν
3680 4972 3806 5025 ἁπο-

2233 5071 2542 5139 κρίνεσθαι
2574 5068 2660 5138 μὴ
2690 5050 3089 5136 δυναμένων..

2307 5169 2409 5233 με’.
2442 5164 2599 5215 Ὥστε
2632 5162 2756 5222 τοὺς
2802 5159 3181 5223 ἀσθενοῦντας,
3208 5159 3403 5218 οἵτινες
3431 5157 3586 5226 ὑπὲρ
3616 5152 3809 5207 ἑαυτῶν

2235 5251 2630 5322 ἀποκρίνεσθαι
2667 5251 2726 5303 οὺ
2746 5250 3022 5313 δύνανται,
3053 5249 3172 5300 τότε
3206 5246 3610 5315 βαπτίζεσθαι,
3637 5245 3722 5297 ὅτε
3748 5242 3808 5310 τῇ

2234 5348 2414 5401 αὐτῶν
2436 5344 2754 5417 προαιρέσει
2783 5344 2883 5415 τὴν
2922 5344 3049 5415 περὶ
3076 5342 3251 5397 αὐτῶν
3286 5342 3612 5414 μαρτυρίαν
3648 5336 3810 5393 κινδύ-

2232 5459 2309 5512 νῳ
2341 5440 2456 5510 ἰδίῳ
2485 5440 2731 5493 εἴπωσιν.

624 5731 671 5763 ⁸⁸
712 5731 865 5785 Rom.
892 5744 952 5784 ιιι
1011 5726 1097 5782 19.
1176 5727 1219 5759 ⁵⁷
1251 5726 1360 5779 Aut
1388 5720 1648 5792 apostatis
1697 5722 2087 5789 paenitentibus
2136 5730 2191 5778 et
2236 5720 2305 5777 ad
2344 5720 2511 5774 Deum
2547 5716 2851 5773 conversis.
