4012 6410
551 387 657 452 623

1699 367 1958 428 ΡΗΟΤΙΙ
1995 366 2184 424 ΡΑἸἪ
2194 364 2492 424 [ARCH/E
2528 363 2638 424 (ΣΡ.

3683 350 3778 414 624

551 500 642 553 lib.
684 510 833 558 uix,
869 492 950 547 tit.
993 491 1047 556 5,
1081 488 1276 560 digest.
1330 486 1416 540 14.
1453 479 1757 556 [traditum]
1811 481 1905 534 Est
1939 489 2118 533 autem

2236 477 2332 544 Ξίγ.
2396 475 2491 528 ιδ’·
2550 474 2667 526 ἔστι
2703 471 2761 525 δὲ
2797 470 2930 541 ἤδη,
2978 468 3073 523 ἐπὶ
3115 467 3214 538 μὲν
3255 465 3348 520 τοῦ
3393 466 3643 537 ἄρρενος,
3672 462 3778 518 ὁιδ⁰

551 592 805 662 pubertas
839 589 894 642 in
925 583 1167 640 masculo
1211 580 1457 634 decimus
1491 584 1722 646 quartus
1754 587 1934 626 annus
1960 584 2114 623 com-

553 683 752 754 pletus,
801 681 852 734 in
907 676 1110 731 femina
1158 688 1288 727 vero
1341 669 1497 738 162
1545 666 1654 720 duo
1713 662 1998 718 decimus:
2060 667 2119 713 ut

555 751 648 828 lib.
679 787 869 834 xxvm,
909 770 990 823 tit.
1032 768 1082 830 1,
1119 767 1314 835 digest.
1351 763 1404 824 5,
1447 769 1500 813 et
1543 758 1636 811 lib.
1677 756 1800 810 cod.
1829 755 1883 817 5,
1915 754 1996 807 tit.
2028 751 2114 816 60,

552 871 725 920 const.
759 861 814 926 3,
851 858 925 932 [et
949 855 1068 929 lib.]
1101 855 1272 908 instit.
1306 851 1359 913 1,
1394 851 1476 904 tit.
1520 848 1610 910 22,
1645 842 1913 919 [docenL]
1964 843 2118 908 Quod

553 953 598 1010 si
627 952 920 1022 aliquibus,
957 949 1132 1002 donec
1181 943 1414 1014 puberes
1442 940 1594 1005 tiant,
1639 937 1898 990 alimenta
1941 935 2120 1002 legata

553 1045 700 1100 sint:
733 1039 1031 1101 masculus,
1069 1036 1242 1090 donec
1294 1033 1564 1086 decimum
1614 1036 1868 1082 octavum
1916 1037 2120 1078 annum

553 1133 940 1204 compleverit:
1000 1129 1220 1191 femina,
1272 1125 1447 1180 donec
1495 1121 1776 1176 decimum
1840 1126 2120 1186 quartum,

555 1226 816 1296 percipit:
864 1233 922 1277 ut
956 1221 1051 1274 lib.
1099 1233 1283 1279 xxxrv,
1314 1217 1395 1269 tit.
1429 1214 1480 1267 1.
1529 1211 1751 1283 [digesL
1790 1209 1878 1264 H.
1913 1205 2121 1277 babet.]

555 1319 803 1392 lmpubes
827 1314 1024 1370 falsum
1047 1329 1152 1367 non
1168 1308 1484 1366 committit:
1510 1315 1567 1359 ut
1593 1305 1685 1358 lib.
1708 1318 1897 1364 vam,
1924 1301 2006 1355 tit.
2035 1299 2123 1362 10,

554 1391 747 1480 digest.
779 1408 871 1461 22.
915 1404 1257 1460 Adulterium
1299 1413 1420 1470 pou
1454 1399 1792 1468 pubertatem
1831 1391 2124 1447 committi-

557 1514 684 1559 tur:
720 1511 779 1556 ut
829 1503 1022 1570 digest.
1057 1499 1146 1560 56,
1181 1497 1266 1549 ιὶι.
1302 1492 1356 1557 5,
1382 1491 1624 1561 ejusdem
1669 1487 1980 1549 xt.vm,lib.
2015 1482 2124 1537 Νοο

557 1595 691 1648 vella
745 1607 951 1654 xxxv“,
984 1604 1106 1660 quae
1157 1587 1224 1640 de
1267 1583 1527 1638 Eeclesiis
1582 1579 1858 1633 Africanis
1905 1585 2125 1639 tractat,

2218 568 2460 630 ἐνιαυτὸς
2489 566 2920 637 πεπληρωμένος
2954 578 2967 592 ·
2999 562 3091 615 ἐπὶ
3117 560 3173 613 δὲ
3196 562 3296 629 τῆς
3317 558 3560 627 θηλείας,
3593 558 3628 627 ἡ
3657 573 3782 625 συμ-

2219 662 2498 732 πλήρωσις
2526 661 2620 713 τοῦ
2651 659 2716 729 ιβ’
2757 655 3003 712 ἐνιαυτοῦ
3025 695 3041 720 ,
3072 657 3148 718 ὡς
3185 653 3324 724 βιϐλ.
3359 659 3444 721 κη’
3470 650 3581 706 τίτ.
3613 656 3660 703 α’
3686 651 3781 717 δίγ.

2219 761 2283 819 ε’,
2313 754 2407 807 καὶ
2441 752 2581 822 βιϐλ.
2607 750 2701 804 τοῦ
2735 749 2863 804 κώδ.
2887 747 2925 802 ε’
2951 749 3056 802 τίτ.
3090 747 3129 812 ξ’
3159 746 3300 800 διάτ.
3323 744 3392 812 γ’,
3418 743 3516 796 καὶ
3541 744 3763 794 ίνστιτου

2219 847 2370 900 τίων.
2409 844 2456 898 α’
2503 845 2609 898 τίτ.
2649 843 2734 914 κβ¹
2758 859 2772 872 ·
2829 843 2878 894 εί
2904 841 2962 895 δέ
2988 857 3096 893 τισι
3151 837 3458 908 ληγατευθῇ
3509 832 3786 904 ἁποτροφὴ

2221 937 2326 1001 ἕως
2375 931 2436 990 οὗ
2476 937 2616 988 εἰσιν
2643 935 2853 1004 ἄνηϐοι,
2879 936 2906 987 ὁ
2944 933 3040 1002 μὲν
3069 932 3246 1002 ἄρρην
3288 928 3576 997 λαμὸάνει,
3607 926 3707 987 ἕως
3735 916 3791 978 οὖ

2223 1028 2491 1101 πληρώσῃ
2512 1028 2606 1080 τὸν
2630 1033 2699 1097 ιη’
2725 1025 2994 1086 ἐνιαυτὸν,
3021 1027 3054 1094 ἡ
3085 1023 3141 1076 δὲ
3163 1023 3351 1091 θήλεια
3380 1020 3471 1072 τὸν
3502 1019 3587 1078 ιδ’,
3623 1017 3693 1073 di;
3721 1015 3794 1083 βιο

2223 1121 2310 1176 ϐλ,
2346 1120 2419 1174 λδ¹
2443 1120 2548 1173 τίτ.
2585 1125 2631 1171 α’
2655 1135 2669 1148 ·
2704 1118 2901 1184 ἄνηϐος
2930 1115 2985 1168 δὲ
3027 1115 3088 1168 τὸ
3121 1112 3356 1167 πλαστὸν
3379 1111 3439 1163 οὑ
3471 1105 3792 1177 πλημμελεῖ.

2234 1215 2308 1279 ὡς
2332 1213 2470 1285 βιὸλ.
2507 1219 2596 1282 μη¹
2621 1212 2727 1265 τίτ.
2769 1217 2798 1262 ι’
2817 1209 2920 1278 δίγ.
2954 1207 3037 1278 κβ¹
3062 1223 3078 1240 ·
3101 1206 3196 1259 καὶ
3225 1207 3256 1274 ἡ
3301 1201 3514 1274 μοιχεία
3546 1198 3682 1270 μετὰ
3705 1197 3795 1266 τὴν

2225 1308 2369 1378 ἥϐην
2405 1304 2828 1376 πλημμελείται,
2859 1301 2932 1364 ὼς
2960 1301 3068 1367 διγ.
3095 1298 3184 1363 λς’
3201 1296 3293 1351 τοῦ
3329 1295 3359 1348 ι’
3378 1294 3484 1347 τίτ.
3517 1292 3615 1345 τοῦ
3644 1286 3794 1343 αὑτοῦ

2231 1411 2320 1476 μη¹
2353 1404 2496 1474 βιὸλ.
2536 1405 2568 1474 ἡ
2597 1402 2655 1455 δὲ
2687 1400 3129 1468 διαλαμϐάνουσα
3157 1397 3286 1466 περὶ
3317 1392 3424 1447 τῶν
3467 1387 3796 1459 Ἐκκλησιῶν

2241 1497 2504 1567 ’Δφρικῆς
2540 1495 2616 1560 λζ’
2637 1495 2832 1564 νεαρὰ,
2873 1492 3058 1561 φησὶν,
3092 1491 3174 1542 δτι
3207 1489 3258 1542 οί
3285 1481 3796 1545 ἁναόαπτισθέντες,

2232 1591 2632 1663 στρατεύεσθαι
2671 1588 2770 1653 μὲν
2801 1586 2862 1639 οὑ
2895 1583 3171 1646 δύνανται,
3211 1576 3521 1650 μεταμέλου
3544 1573 3602 1628 δὲ
3629 1571 3799 1643 χώραν

558 1687 635 1741 ait
702 1683 1068 1754 rebaptizatos
1125 1679 1360 1733 militare
1398 1675 1616 1746 quidem
1659 1689 1767 1727 non
1799 1685 1982 1741 posse,
2033 1667 2131 1723 sed
2231 1680 2466 1751 glow”,

559 1790 739 1834 tamen
789 1774 1118 1846 poenitentia:
1147 1771 1325 1826 locum
1351 1769 1573 1824 habere.

625 1827 1075 1924 CAP.IilV.V—-
1114 1865 1344 1929 Quinam
1396 1875 1460 1915 ea:
1516 1857 1773 1912 hwreticis
1819 1857 1886 1908 ad
1951 1853 2130 1907 ortho-

2307 1855 2556 1909 ΚΕΦΑΛ.
2600 1854 2660 1907 ΙΔ
2682 1891 2697 1907 .
2723 1881 2796 1894 -——
2825 1851 2988 1915 Τίνες
3013 1846 3082 1912 ἐξ
3111 1841 3420 1916 αΙρειικῶν
3453 1844 3546 1908 εις
3577 1838 3695 1908 τὴν
3718 1839 3804 1908 dp-

559 1963 772 2015 doxiant
819 1967 1144 2013 transeuntes
1177 1956 1541 2026 baptizentur,
1584 1961 1632 2007 et
1675 1952 1890 2022 quinam
1925 1958 2131 2002 tantum

561 2063 848 2125 angantur.

949 2139 1175 2196 Concilii
1206 2135 1414 2192 Nicwni
1443 2151 1614 2190 canon
1647 2134 1734 2188 19.

641 2263 728 2318 19.
770 2259 846 2314 De
871 2254 1250 2318 Paulianistis,
1282 2261 1415 2316 etc.,
1449 2260 1508 2304 ut
1537 2268 1659 2320 pag.
1696 2248 1820 2304 559.

863 2348 1087 2404 Concilii
1116 2343 1401 2398 Laodiceni
1424 2356 1649 2396 canones
1689 2339 1741 2402 7,
1768 2339 1820 2393 8.

628 2433 682 2498 7.
723 2439 830 2495 Eos
883 2439 975 2508 qui
1025 2452 1088 2490 ex
1146 2433 1464 2509 lueresibus,
1514 2430 1620 2484 hoc
1668 2435 1772 2491 est,
1812 2423 2134 2480 Novatianis

562 2536 673 2590 sive
699 2529 1059 2592 Photinianis,
1081 2528 1162 2582 vel
1181 2521 1690 2580 Tessaresdeeatitis
1717 2528 2130 2581 convertuntur,

562 2627 675 2682 sive
703 2625 1148 2685 catechumenos,
1193 2619 1305 2672 sive
1340 2617 1431 2686 qui
1473 2614 1616 2682 apud
1665 2613 1788 2667 illos
1836 2611 2018 2666 ﬁdeles
2049 2609 2134 2662 di-

562 2728 784 2783 cuntur,
822 2731 929 2769 non
976 2710 1192 2766 admitti
1244 2710 1559 2779 priusquam
1610 2718 1829 2759 onmem
1881 2701 2132 2756 haresim

564 2803 1171 2867 anatliematizaverint,
1217 2809 1270 2856 et
1302 2799 1570 2870 prmeipue
1598 2813 1719 2852 eam
1758 2796 1812 2850 in
1853 2810 1960 2864 qua
1995 2792 2135 2848 deti-

567 2903 867 2960 nebantur;
901 2906 955 2950 et
975 2908 1104 2950 tunc
1128 2893 1383 2962 deinceps
1413 2906 1530 2954 eos,
1557 2889 1649 2959 qui
1679 2890 1819 2957 apud
1851 2887 1972 2941 illos
1999 2885 2132 2938 [ide-

567 2997 646 3050 les
687 2991 1031 3051 dicebantur,
1081 2987 1205 3041 ﬁdei
1253 2985 1494 3056 symbola
1543 2983 1806 3044 dicentes,
1849 2989 1904 3034 et
1946 2988 2136 3033 sancto

567 3085 865 3140 chrismate
899 3081 1177 3142 inunctos,
1227 3076 1308 3132 sic
1354 3083 1544 3130 sancto
1587 3072 1848 3144 mysterio
1887 3083 2134 3125 commu-

568 3176 773 3232 nicare.

642 3268 697 3323 8.
736 3265 844 3320 Eos
870 3263 964 3336 qui
998 3263 1066 3319 ab
1093 3276 1281 3318 eorum
1319 3258 1512 3314 haeresi
1543 3257 1639 3328 qui
1665 3257 1906 3325 Phryges
1945 3252 2138 3306 dicun-

2233 1946 2514 2010 θοδοξίιιγ
2548 1944 2884 2012 μετιόντες,
2911 1938 3306 2005 βαπτίζονται
3329 1952 3343 1966 ·
3391 1935 3492 1988 καὶ
3522 1934 3686 1999 τινες
3705 1933 3804 2003 μό·-

2236 2054 2344 2090 νον
2375 2038 2668 2108 χρίονται.

2567 2125 2839 2180 Συνόδου
2877 2125 3129 2188 Νικαίας
3151 2120 3356 2176 κανὼν
3380 2119 3472 2174 ιθ’.

2305 2241 2391 2295 ιϐ’.
2423 2241 2559 2310 Περὶ
2589 2237 2697 2290 τῶν
2719 2234 3220 2298 Παυλιανισάντων,
3255 2252 3311 2288 κ.
3338 2251 3390 2288 τ.
3432 2234 3486 2288 λ.

2495 2328 2766 2384 Σ-υνόὂου
2794 2327 3147 2393 Λαοδικείας
3177 2325 3380 2380 κανὼν
3409 2325 3458 2389 ζ’
3479 2331 3554 2393 η’.

2303 2421 2369 2487 ζ’.
2425 2420 2563 2491 Περὶ
2604 2419 2698 2473 τοῦ
2754 2420 2885 2482 τοὺς
2927 2420 2990 2470 ὲκ
3035 2419 3142 2472 τῶν
3186 2417 3487 2487 αἱρέσεων,
3537 2415 3804 2470 τουτέστιν

2233 2514 2613 2577 Ναυατιανῶν,
2653 2514 2772 2584 ἦτοι
2795 2510 3190 2574 Φωτεινιανῶν,
3219 2509 3801 2581 Τεσσαρεσκαιδεκατι-

2233 2606 2341 2659 τῶν
2380 2605 2906 2676 ὲπιστρεφομένοὺς,
2957 2603 3142 2656 εῐτουν
3188 2603 3666 2673 κατηχουμένους,
3702 2602 3801 2654 εἴτε

2238 2699 2483 2763 πιστοὺς,
2537 2697 2664 2761 τοὺς
2695 2698 2823 2767 παρ’
2872 2696 3100 2758 ἐκείνοις
3133 2696 3206 2766 μὴ
3265 2694 3661 2766 προσδέχεσθαι
3687 2693 3801 2762 πρὶν

2237 2790 2303 2845 ἂν
2323 2789 2761 2861 ἁναθεματίσωσι
2791 2791 2971 2842 πᾶσαν
2993 2788 3227 2859 αἰρεσιν,
3249 2787 3551 2856 ἐξαιρέτως
3585 2785 3641 2837 δὲ
3684 2784 3738 2838 ὲν

2237 2881 2552 2951 κατείχοντο
2583 2895 2598 2909 ·
2640 2881 2734 2933 καὶ
2775 2879 2897 2932 τότε
2923 2880 3110 2932 λοιπὸν
3154 2880 3279 2940 τοὺς
3311 2878 3640 2946 λεγομένους
3682 2878 3800 2946 παρ’

2237 2975 2418 3036 αὐτοῖς
2448 2973 2670 3036 πιστοὺς
2698 2970 3136 3042 ἐκμανθάνοντας
3171 2969 3240 3024 τὰ
3268 2973 3366 3040 τῆς
3396 2969 3636 3032 πίστεως
3682 2967 3803 3038 σύμ-

2238 3067 2389 3128 ϐολα,
2426 3066 2746 3136 χρισθέντας
2777 3081 2837 3117 τε
2866 3065 2943 3135 τῷ
2975 3064 3117 3134 ἁγίῳ
3140 3063 3423 3134 χρίσματι,
3456 3062 3604 3116 οὕτω
3628 3078 3803 3115 κοινω-

2163 3183 2206 3239 C
2241 3164 2353 3216 νεῖν
2378 3163 2486 3215 τῶν
2519 3160 2834 3232 μυστηρίων
2863 3159 2972 3212 τῶν
2999 3159 3188 3228 ἁγίων.

2312 3260 2384 3325 η’.
2409 3254 2541 3324 Περὶ
2561 3252 2656 3306 τοῦ
2685 3254 2811 3314 τοὺς
2832 3251 2940 3305 ἀπὸ
2960 3251 3060 3318 τῆς
3087 3249 3355 3319 αἱρέσεως
3381 3247 3493 3300 τῶν
3511 3242 3802 3315 λεγομένων

575 3371 684 3426 tur,
715 3349 1129 3420 convertuntur,
1165 3355 1278 3408 sive
1307 3357 1418 3408 sint
1446 3351 1499 3404 in
1532 3351 1681 3404 clero
1708 3347 1800 3416 qui
1835 3344 1979 3414 apud
2020 3344 2132 3397 illos

2241 3345 2469 3417 Φρυγῶν
2495 3345 2942 3414 ἐπιστρέφοντας,
2962 3345 3011 3397 εί
3045 3342 3141 3396 καὶ
3172 3345 3231 3394 ἐν
3255 3343 3440 3410 κλήρῳ
3472 3337 3801 3409 νομιζομένῳ

571 3447 1084 3506 existimantursive
1115 3443 1338 3498 maximi
1362 3441 1649 3506 dicantur,
1677 3451 1868 3492 omnes
1898 3451 1991 3490 eos
2014 3449 2132 3489 cum

2243 3438 2376 3510 παρ’
2419 3440 2601 3501 αὐτοῖς
2647 3438 2988 3507 τυγχάνοιεν,
3035 3438 3083 3488 εί
3123 3437 3218 3489 καὶ
3267 3436 3517 3506 μέγιστοι
3555 3435 3797 3500 λέγοιντο,

570 3542 718 3598 omni
750 3540 930 3597 studio
957 3537 1282 3594 cateehizari
1317 3550 1412 3590 seu
1449 3532 1657 3588 initiari
1688 3539 1745 3586 et
1774 3526 2041 3599 baptizari
2068 3527 2132 3581 ab

2242 3531 2370 3594 τοὺς
2421 3529 2697 3593 τοιούτους
2729 3529 2868 3600 μετὰ
2893 3529 3072 3596 πάσης
3111 3527 3428 3595 ἐπιμελείας
3463 3521 3798 3595 κατηχεῖσθαξ

570 3633 824 3692 Ecclesia:
855 3633 1125 3704 episcopis
1156 3639 1211 3686 et
1240 3628 1590 3701 presbyteris.

704 3834 932 3892 Conciti!
969 3827 1542 3900 Constantinopolitani
1566 3841 1734 3880 canon
1773 3823 1806 3878 7
1838 3819 1972 3895 (45).

647 3931 698 3985 7.
740 3931 846 3986 Eos
886 3926 981 3998 qui
1012 3934 1174 3982 recta:
1219 3923 1342 3978 tidei
1385 3919 1739 3991 adjiciuntur,
1779 3924 1834 3971 et
1868 3911 2008 3986 parti
2052 3924 2146 3967 eo-

572 4038 694 4078 rum
725 4021 819 4091 qui
855 4035 923 4074 ex
956 4016 1224 4073 haereticis
1255 4023 1564 4076 servantur,
1596 4009 1915 4079 recipimus,
1951 4020 2146 4061 secun-

574 4116 704 4170 dum
745 4111 902 4184 163
936 4111 1238 4181 subjectam
1285 4108 1374 4162 hic
1416 4103 1864 4174 consequentiam
1913 4108 1968 4155 et
2016 4113 2146 4152 con-

573 4202 940 4261 suetudinem.
1012 4199 1244 4252 Arianos
1300 4193 1520 4266 quidem
1581 4198 1636 4246 et
1680 4185 2142 4246 Macedonianos,

2243 3642 2303 3678 τε
2337 3625 2429 3678 καὶ
2465 3621 2821 3694 βαπτίζεσθαι
2857 3621 2962 3674 ὑπὸ
2986 3620 3094 3674 τῶν
3135 3623 3230 3690 τῆς
3263 3618 3561 3688 ἐκκλησίας
3593 3614 3796 3669 ἐπισκό-

2250 3735 2362 3771 πων
2389 3734 2446 3771 τε
2472 3717 2567 3772 καὶ
2595 3715 3005 3786 πρεσϐύτερων.

2351 3829 2622 3886 Συνόδου
2673 3825 3365 3889 Κωνσταντινουπόλεως
3390 3823 3596 3876 κανὼν
3625 3823 3688 3887 ζ’.

2315 3923 2380 3988 ζ’.
2417 3922 2558 3984 Τοὺς
2590 3920 3050 3991 προστιθεμένους
3075 3921 3141 3989 τῇ
3181 3916 3462 3992 ὀρθοδοξίᾳ
3493 3916 3592 3969 καὶ
3615 3917 3675 3985 τῇ
3716 3928 3800 3983 μι-

2248 4015 2352 4086 ρίδι
2381 4014 2487 4068 τῶν
2512 4011 2835 4081 σωζομένων
2863 4011 2970 4065 ἀπὸ
3015 4010 3307 4082 αίρετικῶν
3342 4008 3610 4080 δεχόμεθα
3635 4049 3647 4070 ,
3671 4005 3794 4060 κατὰ

2245 4108 2344 4176 τὴν
2410 4102 2857 4173 ὑποτεταγμένην
2932 4101 3253 4155 ἀκολουθίαν
3318 4103 3412 4154 καὶ
3501 4098 3789 4169 συνήθειαν.

2259 4198 2569 4269 Ἀρειανοίις
2621 4196 2719 4267 μὲν
2749 4195 2845 4248 καὶ
2885 4193 3336 4255 Μακεδονιανοὺς,
3383 4190 3479 4244 καὶ
3513 4190 3791 4244 Σαϐϐατια-

573 4307 628 4352 et
663 4293 1026 4350 Sabbatianos
1058 4289 1193 4359 (46),
1229 4295 1285 4342 et
1332 4285 1684 4350 Novatianos,
1713 4281 1808 4350 qui
1855 4278 2045 4332 dicunt
2085 4289 2132 4328 se

2246 4292 2388 4353 νοὺς,
2409 4290 2504 4341 καὶ
2527 4285 2924 4348 Ναυατιανοὺς,
2956 4284 3081 4345 τοὺς
3103 4282 3358 4352 λέγοντας
3383 4284 3608 4346 ἑαυτοὺς
3632 4279 3794 4335 Καθα-

578 4391 726 4460 ipsos
756 4386 1030 4468 Qatharos
1058 4391 1112 4436 et
1138 4381 1436 4440 Aristeros,
1473 4377 1601 4446 (hoc
1628 4384 1731 4437 est,
1767 4371 2021 4435 mundos,
2063 4367 2144 4421 vel

2249 4381 2374 4448 ροὺς
2411 4378 2507 4431 καὶ
2533 4376 2883 4447 Ἀριστεροὺς
2921 4373 3017 4427 καὶ
3056 4373 3184 4436 τοὺς
3218 4367 3789 4439 Τεσσαρεσκαιδεκατίο

577 4461 871 4550 sinistros),
902 4487 954 4531 et
1011 4469 1524 4536 Tessaresdectitas,
1563 4466 1680 4521 sive
1713 4461 2040 4524 Tetraditas,
2091 4468 2132 4514 et

2248 4487 2344 4533 τας
2372 4470 2544 4540 ἤγουν
2576 4466 2924 4539 Τετραδίτας,
2963 4465 3058 4519 καὶ
3087 4461 3792 4534 Ἀπολιναριστὰς,·δεχόμε·

576 4532 994 4643 Apollinaristas
1025 4565 1340 4633 recipimus,
1368 4532 1558 4612 dantes
1587 4556 1806 4626 quidem
1830 4553 2058 4615 libellos,
2091 4561 2132 4604 el

2249 4532 2336 4615 θαῗ
2365 4532 2604 4624 διδόντας
2644 4532 2921 4621 λίσέλλους
2954 4558 3052 4610 καὶ
3099 4532 3596 4626 ἀναθεματίζοντας
3637 4555 3790 4606 πᾶσαν

578 4677 796 4719 omnem
832 4658 1079 4714 haeresim
1119 4649 1661 4711 anathematizantes,
1695 4662 1815 4716 quae
1847 4659 1952 4699 non
1988 4643 2125 4699 senti

2247 4653 2460 4720 αἰρεσιν
2494 4649 2569 4720 μὴ
2593 4645 2895 4718 φρονοῦσαν
2933 4645 3008 4707 ὡς
3049 4645 3237 4713 φρονεῖ
3285 4645 3318 4711 ἡ
3374 4641 3508 4710 ἁγία
3537 4640 3627 4694 τοῦ
3673 4633 3788 4691 Θεοῦ

581 4765 641 4832 ut
669 4763 858 4809 sancta
888 4750 984 4805 Dei
1031 4746 1300 4803 catholica
1349 4751 1402 4796 et
1449 4739 1746 4810 apostolica
1777 4736 2051 4801 Ecclesia;
2096 4751 2124 4790 e

2250 4739 2514 4808 καθολικὴ
2537 4739 2633 4791 καὶ
2659 4734 2994 4806 ἀποστολικὴ
3010 4731 3322 4803 Ἐκκλησία,
3355 4726 3793 4802 σφραγιζομένους

578 4827 846 4918 signatos,
877 4842 995 4897 sive
1024 4848 1220 4893 unctos
1246 4834 1483 4905 primum
1529 4839 1718 4887 sancto
1743 4829 2060 4891 chrismate,
2094 4841 2132 4879 et

2249 4834 2368 4904 ἦτοι
2403 4831 2724 4903 χριομένους
2757 4829 2975 4900 πρῶτον
3003 4826 3080 4896 τῷ
3113 4826 3252 4894 ἁγίῳ
3290 4823 3445 4895 μύρῳ
3471 4827 3535 4878 τό
3565 4840 3634 4883 ,τε
3683 4819 3789 4891 μέτα

577 4917 833 5000 frontem,
868 4942 923 4988 et
965 4931 1176 4992 oculos,
1223 4937 1278 4982 et
1313 4938 1494 4986 nares,
1543 4932 1598 4976 et
1629 4937 1712 4985 os,
1749 4928 1803 4974 et
1846 4934 2030 4973 aures.
2081 4917 2146 4971 Et

2251 4941 2420 4986 ωπον,
2444 4924 2537 4975 καὶ
2560 4922 2686 4984 τοὺς
2703 4919 3034 4989 ὀφθαλμοὺς,
3058 4918 3269 4979 καὶτὰς
3300 4917 3471 4986 ῥῖνας,
3499 4916 3589 4968 καὶ
3613 4913 3668 4964 τὸ
3686 4906 3787 4962 στό·

577 5045 674 5086 eos
710 5029 989 5098 signantes
1028 5021 1284 5084 dicimus,
1335 5016 1684 5085 Signaculum
1731 5015 1857 5070 doni
1909 5013 2132 5083 Spiritus

2259 5032 2356 5084 μα,
2387 5015 2480 5067 καὶ
2517 5014 2588 5065 τὰ
2608 5007 2742 5066 ὦτα·
2779 5011 2876 5064 κα¹ι
2904 5008 3294 5079 σφραγίζοντες
3341 5005 3539 5068 αὐτοὺς
3567 5004 3784 5070 λέγομεν·

579 5121 774 5182 sancti.
812 5113 974 5184 Atqui
1004 5110 1398 5171 Eunomianos,
1436 5105 1526 5176 qui
1559 5106 1612 5158 in
1655 5121 1816 5159 unam
1851 5104 2150 5158 demet-sio-

2261 5105 2504 5176 Σφραγὶς
2525 5105 2734 5177 δωρεᾶς
2759 5101 3069 5171 Πνεύματος
3093 5099 3272 5167 ἁγίου·
3302 5095 3660 5165 Εὐνομιανους
3683 5088 3788 5160 μέν·

581 5231 704 5271 nem
734 5208 1115 5280 baptizantur;
1151 5209 1204 5255 et
1241 5200 1619 5262 Montanistas,
1648 5199 1739 5267 qui
1778 5198 1865 5251 hic
1893 5198 2132 5250 diennlul

2249 5216 2331 5252 τοι
2381 5200 2506 5260 τοὺς
2562 5199 2641 5260 εἰς
2696 5197 2827 5266 μίαν
2883 5193 3176 5247 κατάδυσιν
3236 5188 3672 5260 βαπτιζομένους,
3711 5180 3788 5234 καὶ

579 5308 841 5374 Phryges,
868 5310 919 5354 et
948 5294 1286 5352 Sabellianos
1336 5293 1428 5363 qui
1477 5292 1731 5348 eumdem
1777 5303 1898 5345 esse
1931 5289 2147 5343 Patrem

655 5483 769 5550 (45)
808 5478 936 5550 Non
977 5489 1062 5550 est
1097 5476 1184 5530 hic
1223 5489 1397 5531 canon
1444 5467 2144 5550 in'ArabicaAparaplhrasi,

584 5538 683 5609 nec
731 5538 782 5606 in
827 5548 1157 5604 Collectione
1189 5559 1456 5598 canonum
1489 5539 1716 5593 Joannis
1765 5539 2020 5609 An_tioch.
2052 5538 2143 5609 qui

582 5607 634 5679 ζξι
679 5621 1052 5678 Scholasticus
1081 5618 1259 5671 dictus
1293 5624 1394 5677 est,
1445 5610 1756 5681 patriarcha
1790 5607 1920 5681 CR,
1953 5623 2050 5660 nec
2090 5608 2141 5659 in

583 5677 829 5766 Epitome
889 5704 1160 5745 canonum
1223 5677 1512 5766 Symeonis
1562 5677 1808 5748 magistri
1839 5716 1871 5766 ,1
1919 5690 2146 5766 uterque

580 5748 726 5821 enim
780 5779 877 5818 sex.
916 5769 1125 5815 tantum
1167 5748 1378 5828 priores
1422 5748 1951 5828 catioiiesappellat
1983 5749 2144 5828 [illius

582 5816 942 5892 Est
979 5816 1201 5886 totidem
1231 5825 1412 5881 verbis
1453 5838 1627 5878 canon
1669 5816 1954 5890 Misynodi
1987 5816 2140 5871 Trul-

2249 5289 2623 5353 Μοντανιστὰς
2657 5290 2782 5351 τοὺς
2820 5285 3052 5340 ἐνταῦθα
3094 5282 3421 5352 λεγομένους
3457 5280 3680 5351 Φρύγας,
3713 5271 3790 5326 καὶ

2248 5465 2408 5520 lanas.
2437 5463 2574 5518 Vide
2599 5463 2760 5515 etiam
2797 5462 3082 5530 epistolam
3119 5459 3183 5514 ad
3225 5457 3538 5530 Martyrium
3566 5447 3784 5530 Antiggli.

2249 5517 2405 5604 apud
2426 5517 2912 5590 Léunclavium'in
2943 5531 2974 5584 Ι
2986 5549 3077 5585 ure
3113 5530 3298 5604 Greco
3328 5517 3485 5581 Ιέοηι.
3534 5539 3646 5594 pag.
3679 5517 3781 5578 290.

2251 5598 2392 5659 unde
2416 5606 2514 5658 'hic
2548 5620 2721 5657 canon
2762 5605 3070 5668 descriptus
3101 5598 3275 5654 videri
3309 5608 3506 5666 potest.

2323 5676 2434 5745 (46')
2478 5673 2593 5727 Non
2628 5675 2840 5726 videtur
2869 5661 3011 5741 apud
3047 5661 3324 5745 Socratem
3369 5661 3782 5745 §abbatianurum

2247 5736 2449 5802 nomen
2479 5752 2802 5814 usurpatqu
2839 5736 2964 5798 ante
2998 5757 3092 5798 an.
3121 5741 3346 5798 circiter
3375 5736 3500 5794 592.
