3874 6296
143 407 219 465 625
928 400 1325 462 SYNTAGMA
1367 397 1751 459 CANONUM.
1782 425 1853 435 —-
1881 398 2026 459 TlT.
2064 399 2160 471 ιν,
2202 400 2341 458 CAP
2396 399 2549 459 XIV.

3209 402 3313 467 626

140 516 459 577 Σαῦελλιανοὺς
483 516 603 578 τοὺς
630 516 982 587 υἱοπατορίαν
1008 517 1376 583 διδάσκοντας,
1404 520 1496 571 καὶ
1516 518 1625 570 ξτες

1733 524 1787 569 et
1810 516 2017 577 .Filium
2051 516 2365 585 opinantur,
2403 524 2702 583 utrumque
2750 515 2915 569 simul
2966 516 3314 573 confunden-

139 592 312 679 pd'ztva
359 606 557 677 χαλεπὰ
614 607 919 672 ποιοῦντας,
954 610 1049 663 καὶ
1098 610 1198 673 τὰς
1228 610 1396 673 ἄλλας
1452 614 1631 674 πάσας

133 700 319 772 αἱρέσεις
350 715 361 729 '
409 699 588 769 ἐπειδὴ
638 700 823 753 πολλοί
882 702 1031 756 εἰσιν
1056 702 1289 756 ἐνταῦθα
1323 704 1554 772 μάλιστα
1582 706 1630 756 οἱ

132 793 213 847 ἀπὸ
245 790 334 858 τῆς
372 789 615 843 Γαλατῶν
649 790 834 861 χώρας
882 793 1189 862 ἐρχόμενοι,
1248 794 1456 858 πάντας
1504 797 1631 857 τοὺς

130 884 201 939 ἀπ’
244 882 399 935 αὐτῶν
422 881 667 944 θέλοντας
694 883 1080 952 προστίθεσθαι
1128 888 1192 954 τῇ
1220 886 1517 957 ὸρθοδοξίᾳ,
1554 888 1631 951 ὼς

131 976 344 1043 Ἕλληνας
401 973 660 1043 δεχόμεθα
689 990 703 1004 ο
742 974 835 1027 καὶ
888 975 989 1047 τὴν
1028 976 1252 1047 πρώτην
1293 980 1391 1047 μὲν
1418 979 1630 1051 ἡμέραν

129 1065 332 1134 ποιοῦμεν
358 1065 541 1127 αὐτοὺς
571 1066 928 1135 Χριστιανοὺς
952 1107 967 1133 ,
1000 1068 1099 1138 τὴν
1133 1070 1188 1122 δὲ
1208 1070 1465 1142 δευτέραν
1496 1089 1630 1125 κατ-

125 1157 432 1226 ηχουμένους·
470 1152 588 1209 εἶτα
644 1160 710 1227 τῇ
770 1159 925 1228 τρίτῃ
987 1159 1337 1230 ὲξορκίζομεν
1408 1164 1626 1229 αὐτοὺς,

127 1248 228 1315 μετὰ
253 1245 333 1298 τοῦ
374 1248 618 1316 ἑμφυσᾷν
654 1248 836 1317 τρίτον
871 1251 952 1312 είς
974 1249 1035 1301 τὸ
1065 1250 1354 1321 πρόσωπον
1378 1292 1393 1317 ,
1421 1254 1515 1304 καὶ
1550 1255 1630 1317 εἱς

125 1339 171 1391 τὰ
191 1331 300 1400 ὦτα,
332 1337 419 1389 καὶ
444 1335 614 1399 οὕτως
637 1338 981 1407 κατηχοῦμεν
1005 1340 1220 1405 αὐτοὺς,
1257 1343 1350 1395 καὶ
1375 1343 1628 1413 ποιοῦμεν

124 1430 337 1499 χρονίζειν
375 1431 451 1489 είς
491 1428 589 1498 τὴν
636 1430 971 1499 ἐκκλησίαν,
1025 1435 1117 1486 καὶ
1168 1434 1467 1505 ἀκροᾶσθαι
1518 1436 1629 1489 τῶν

122 1522 150 1572 Γ
151 1519 318 1590 ραᾳῶν,
348 1520 435 1573 καὶ
468 1521 588 1572 τότε
616 1522 813 1584 αὐτοὺς
849 1522 1203 1593 βαπτίζομεν.

220 1609 461 1663 Συνόδου
498 1610 919 1679 οικουμενικῆς
946 1612 1126 1679 ἕκτης
1153 1613 1354 1667 κανὼν
1383 1618 1483 1680 ‘15'.

166 1706 242 1768 ιιε’.
270 1700 395 1764 Τοὺς
423 1703 878 1773 προστιθεμένους
911 1708 977 1776 τῇ
1004 1707 1283 1779 ὀρθοδοξίᾳ
1314 1709 1409 1761 καὶ
1428 1712 1494 1781 τῇ
1538 1728 1628 1779 με·

121 1792 195 1861 ρίδι
218 1790 307 1845 τῶν
338 1792 661 1861 σωζομένων
690 1793 798 1847 ἀπὸ
833 1796 1128 1866 αἱρετικῶν
1154 1798 1450 1868 δεχόμεθα,
1486 1802 1627 1854 κατὰ

118 1885 187 1953 τὴν
224 1884 648 1955 ὑποτεταγμένην
688 1887 1010 1942 ἀκολουθίαν
1054 1908 1113 1941 τε
1142 1894 1239 1945 καὶ
1292 1893 1585 1961 συνήθειαν
1609 1909 1622 1924 ’

126 1976 373 2044 ’Ᾱρειανοῦς
396 1978 495 2046 μὲν
516 1979 609 2031 καὶ
631 1980 1085 2045 Μακεδονιανοὺς,
1112 1983 1205 2035 καὶ
1231 1984 1625 2049 Ναυατιανοῦς,

119 2066 600 2135 καὶΣαόὗατιανοὺς,
630 2070 758 2133 τοὺς
789 2072 1044 2139 λέγοντας
1075 2076 1303 2139 ἑαυτοὺς
1338 2078 1628 2145 Καθαροὺς

119 2160 184 2208 καὶ
240 2158 591 2229 ’Δριστεροῦς,
654 2162 748 2215 καὶ
790 2165 916 2227 τοὺς
965 2166 1627 2236 Τεσσαρεσκαιδεκατίτας

116 2250 239 2317 ἡγουν
284 2251 631 2321 Τετραδίτας,
685 2256 778 2308 καὶ
841 2257 1288 2329 Ἀπολιναριστὰς
1336 2262 1623 2333 δεχόμεθα,

114 2342 294 2405 διδόντας
316 2343 589 2409 λιὸέλλους
620 2349 714 2400 καὶ
741 2348 1237 2420 ἀναθεματίςοντας
1277 2358 1454 2408 πᾶσαν
1478 2359 1628 2426 αἴρε-

114 2435 257 2507 amni;
283 2438 573 2507 φρονοῦσαν
606 2440 680 2503 ὡς
702 2445 888 2509 φρονεί
919 2445 951 2513 ἡ
976 2444 1102 2511 ἁγία
1124 2445 1216 2497 τοῦ
1247 2445 1381 2497 Θεοῦ
1413 2447 1627 2500 καθολι-

114 2530 162 2597 xi]
185 2529 258 2579 ut
283 2531 611 2602 ἀποστολικὴ
654 2534 974 2605 Ἐκκλησία,
1003 2536 1475 2607 σφραγιζομένους
1504 2540 1624 2608 ἦτοι

112 2622 366 2690 χρωμένους
408 2624 629 2695 πρῶτον
652 2626 728 2696 τῷ
770 2628 909 2697 ἁγίῳ
961 2629 1117 2699 μύρῳ
1143 2631 1204 2682 τὸ
1232 2631 1502 2700 μέτωπον,
1531 2634 1627 2686 καὶ

110 2711 197 2772 τοὺς
216 2711 522 2781 ὁςρθαλμοὺς,
560 2716 776 2779 καὶτὰς
806 2718 979 2786 ῥῖνας,
1012 2717 1105 2770 καὶ
1131 2720 1188 2771 τὸ
1217 2720 1411 2788 στόμα,
1442 2722 1622 2776 καὶτὰ

110 2794 203 2865 ὦτα,
227 2804 305 2856 καὶ
330 2806 726 2876 σφραγίζοντες
754 2808 951 2871 αὐτοὺς
972 2808 1222 2879 λέγομεν⁹
1249 2812 1490 2881 Σφραγὶς
1525 2814 1624 2866 δωι

113 2896 202 2962 ρεᾶς
218 2897 510 2967 Πνεῦματος
535 2900 717 2967 ἁγίου.
746 2901 880 2971 Περὶ
909 2902 965 2954 δὲ
984 2902 1095 2957 τῶν
1123 2904 1619 2972 Παυλιανισάντων,

110 2981 194 3039 εἶτα
229 2989 619 3058 προσελθόντων
673 2994 739 3062 τῇ
796 2992 1054 3064 καθολικῇ
1118 2994 1437 3067 Ἐκκλησία,
1497 2999 1622 3068 ὅρος

110 3079 347 3134 ἐκτὲθειται
387 3083 860 3147 ἁναὸαπτίζεσθαι
899 3086 1099 3149 αὐτοὺς
1121 3087 1428 3152 ὲξάπαντος
1468 3105 1481 3119 ⁸
1515 3091 1619 3142 Eti-

1733 614 1836 667 tes,
1869 615 1921 660 et
1952 607 2058 661 alia
2084 606 2269 677 gravia
2301 615 2357 660 et
2393 606 2614 675 indigna
2649 605 2857 660 iaciunt
2889 624 2904 659 :
2931 615 2987 661 et
3018 607 3156 662 alias
3194 624 3315 663 om-

1732 713 1830 752 nes
1858 698 2090 753 baareses
2123 717 2135 752 :
2168 699 2427 768 quoniam
2479 700 2566 753 hic
2602 698 2752 753 multi
2810 706 2940 753 sunt
2967 698 3226 761 haeretici,
3258 710 3313 755 et

1732 788 1969 841 maxime
2008 788 2101 857 qui
2129 804 2196 841 ex
2252 788 2568 841 Galatarum
2628 787 2850 857 regione
2887 786 3143 851 veniunt;
3186 788 3311 856 qui-

1731 891 1951 946 cunque
1974 894 2037 931 ex
2075 878 2159 932 his
2195 887 2341 931 recte
2373 878 2499 932 lidei
2534 877 2734 933 ascribi
2761 877 2975 940 volunt,
3006 887 3064 930 ut
3093 877 3310 932 Graacos

1730 968 2070 1024 admittimus
2103 986 2116 1022 :
2151 981 2204 1023 et
2236 968 2415 1035 primo
2457 970 2677 1039 quidem
2726 968 2817 1023 die
2864 970 3011 1037 ipsos
3044 968 3311 1023 Christia-

1730 1076 1835 1115 nos
1877 1060 2146 1125 facimus;
2179 1062 2423 1115 secundo
2478 1061 2933 1125 catechumenos;
2970 1061 3169 1115 deinde
3201 1072 3309 1115 ter-

1730 1152 1808 1206 tio
1834 1153 2217 1205 exorcizamus
2245 1152 2359 1213 sive
2389 1152 2708 1220 adjuramus
2742 1152 2910 1221 ipsos,
2946 1161 3029 1206 ter
3058 1154 3220 1206 simul
3252 1154 3304 1206 in

1729 1241 1922 1297 faciem
1955 1258 2145 1297 eorum
2186 1252 2242 1297 et
2279 1259 2441 1297 aures
2484 1242 2828 1297 iusulllaudo.
2864 1242 2931 1297 Et
2960 1245 3040 1299 sic
3081 1259 3177 1298 eos
3216 1257 3305 1297 ca-

1729 1334 2069 1389 techizamus
2112 1335 2227 1389 sive
2272 1334 2576 1399 initiamus,
2626 1343 2681 1388 et
2729 1350 2989 1389 curamus
3044 1344 3103 1388 ut
3148 1337 3307 1405 longo

1730 1434 1974 1495 tempore
2005 1435 2293 1481 versentur
2326 1426 2377 1479 in
2410 1426 2662 1491 ecclesia,
2712 1434 2769 1480 et
2800 1426 3026 1481 audiant
3057 1424 3304 1494 Scriptu-

1731 1534 1858 1581 ras;
1894 1528 1948 1572 et
1984 1527 2114 1572 tunc
2147 1534 2243 1572 eos
2275 1518 2635 1587 haptizamus.

2038 1609 2264 1663 Concilii
2289 1610 2591 1663 mcumem'ci
2621 1625 2668 1663 vr
2702 1626 2870 1663 canon
2906 1610 2995 1663 95.

1799 1700 1888 1755 95.
1928 1701 2036 1757 Eos
2070 1702 2161 1771 qui
2196 1718 2262 1756 ex
2304 1703 2577 1757 hatreticis
2611 1704 2676 1756 ad
2718 1713 2920 1757 rectam
2958 1702 3116 1756 tidem
3144 1717 3301 1755 acce-

1729 1793 1885 1857 dunt,
1924 1803 1976 1847 et
2016 1794 2157 1862 parti
2187 1808 2377 1848 eorum
2416 1794 2507 1862 qui
2546 1794 2847 1856 salvantur,
2880 1795 3123 1863 subjecta
3171 1810 3303 1847 con-

1730 1883 2010 1949 sequentia
2078 1893 2132 1937 et
2179 1887 2575 1938 consuetudine
2628 1885 2987 1953 recipientes.
3070 1886 3305 1939 Arianos

1730 1975 1952 2042 quidem
2018 1983 2073 2029 et
2124 1974 2564 2039 Macedoulanos,
2608 1984 2663 2029 et
2713 1974 3066 2040 Noratianos,
3092 1979 3185 2046 qui
3246 1991 3305 2029 se

1728 2066 1903 2122 Puros
1935 2068 2231 2137 appellant,
2287 2077 2342 2122 et
2396 2067 2691 2132 Aristeros,
2723 2078 2776 2123 et
2819 2068 2978 2139 164
3014 2068 3301 2123 Tessares-

1726 2159 2084 2215 kaidecatitas
2138 2175 2233 2214 seu
2264 2160 2601 2227 Tetraditas;
2635 2170 2688 2215 et
2714 2160 3135 2229 Apollinaristas
3165 2161 3305 2212 rcci-

1741 2253 1923 2323 pimns
1956 2253 2147 2307 dantes
2180 2252 2409 2317 libellos,
2448 2262 2501 2306 et
2529 2268 2749 2307 omnem
2792 2254 3044 2306 haeresim
3080 2252 3306 2305 anathe—

1729 2346 2076 2409 matizantes,
2131 2361 2254 2414 qua:
2311 2361 2418 2399 non
2477 2354 2608 2399 sunt
2655 2354 2714 2399 ut
2750 2346 2917 2399 sentit
2966 2355 3155 2398 sancta
3211 2343 3303 2398 Dei

1728 2438 2055 2492 universalis
2086 2448 2138 2491 et
2168 2437 2467 2506 apostolica
2521 2437 2795 2502 Ecclesia;
2827 2446 3017 2490 saneto
3065 2437 3301 2506 priurum

1726 2533 2025 2588 chrismate
2052 2533 2379 2599 inungentes
2409 2542 2461 2585 et
2499 2530 2755 2595 frontem,
2781 2540 2831 2585 et
2863 2532 3073 2591 oculos.
3111 2539 3161 2583 et
3208 2544 3305 2581 na-

1729 2641 1839 2690 res,
1871 2638 1925 2677 et
1945 2640 2031 2689 os,
2060 2633 2115 2678 et
2141 2639 2304 2678 aures
2330 2639 2343 2687 ;
2371 2624 2754 2693 consignautes
2787 2631 2967 2675 autem
3018 2622 3253 2675 dicimus
3284 2634 3299 2672 :

1727 2719 2085 2789 Siguaculum
2146 2719 2273 2771 doni
2308 2716 2545 2785 Spiritus
2566 2717 2792 2786 :saricti.
2850 2715 2925 2770 De
2954 2716 3303 2770 Paulianistis

1729 2820 1912 2864 autem
1940 2826 1969 2863 a
1995 2810 2263 2863 catholica
2288 2809 2527 2863 Ecclesia
2560 2818 2823 2862 statutum
2853 2816 2958 2871 est,
2984 2806 3091 2859 utii
3125 2805 3303 2859 omni-

1686 2897 1695 2907 ’
1724 2917 1796 2957 no
1818 2904 2245 2973 rebaptizeutur.
2267 2902 2643 2955 Eunomianos
2668 2916 2907 2970 quoque,
2938 2900 3030 2968 qui
3056 2900 3108 2952 in
3137 2912 3301 2951 unam

1723 3003 2122 3057 demersionem
2164 3002 2458 3070 baptizaut,
2485 3009 2537 3053 et
2574 2999 2947 3061 Montanistas,
2975 2996 3065 3065 qui
3112 2994 3198 3049 hic
3218 2994 3305 3048 di-

1722 3111 1921 3155 cuntur
1963 3098 2227 3170 Phryges,
2272 3106 2327 3151 et
2350 3096 2714 3157 Sabellianos,
2766 3094 2860 3163 qui
2917 3092 3113 3145 Filium
3148 3106 3303 3145 eum-

109 3172 334 3237 νομιανοῦς
385 3174 573 3242 μέντοι
614 3176 739 3237 τοὺς
778 3178 859 3238 εἱς
887 3176 1017 3245 μίαν
1052 3180 1343 3232 κατάδυσιν
1366 3182 1621 3251 βαπτιζο-

1731 3194 1851 3248 dem
1885 3207 2008 3245 csse
2041 3208 2164 3245 cum
2218 3190 2379 3244 Patre
2418 3189 2760 3249 existimant,
2798 3195 2851 3239 et
2896 3187 3002 3238 alia
3056 3182 3302 3253 quaedam

110 3260 254 3324 μένους
301 3264 389 3315 καὶ
444 3266 831 3329 Μοντσνιστὰς
860 3268 988 3329 τοὺς
1027 3270 1261 3323 ἐνταῦθα
1299 3272 1623 3343 λεγομένους

108 3350 289 3419 Φρύγας,
310 3355 397 3407 καὶ
418 3355 818 3421 Σαϐελλιανοῦς
845 3359 970 3422 τοὺς
994 3361 1344 3432 υἱοπατορίαν
1371 3364 1621 3430 δοξάζον-

108 3458 192 3503 τας,
226 3446 304 3496 καὶ
339 3446 503 3516 ἕτερά
539 3464 667 3501 τινα
714 3450 926 3521 χαλεπὰ
959 3453 1244 3517 ποιοῦντας
1266 3495 1281 3519 ,
1313 3457 1409 3509 καὶ
1447 3458 1625 3521 πάσας

108 3534 177 3594 τὰς
210 3534 352 3601 ἄλλας
392 3540 640 3609 αἱρέσεις
667 3554 681 3568 ·
742 3544 929 3613 ἐπειδὴ
970 3545 1156 3597 πολλοί
1200 3550 1339 3599 εἰσιν
1389 3549 1625 3603 ἐνταῦθα

112 3625 287 3689 μάλιστα
336 3631 383 3681 οἱ
435 3633 549 3683 ἀπὸ
610 3634 710 3704 τῆς
766 3636 1023 3690 Γαλατῶν
1079 3639 1260 3708 χώρας
1316 3641 1621 3711 ἐρχόμενοι,

112 3718 264 3781 πάντας
294 3723 416 3784 τοὺς
461 3724 563 3776 ἀπ’
598 3726 778 3778 αὐτῶν
828 3727 1078 3793 θέλοντας
1122 3733 1507 3799 προστίθεσθαι
1558 3739 1623 3803 τῇ

108 3808 323 3885 ὀρθοόοξὶα
347 3816 418 3879 ὡς
450 3818 727 3884 Ἕλληνας
758 3820 1025 3891 δεχόμεθα
1058 3838 1071 3851 ⁸
1098 3826 1189 3876 καὶ
1224 3825 1322 3894 τὴν
1350 3828 1446 3896 μὲν
1474 3828 1625 3897 πρώ-

109 3904 375 3976 τηνὴμέραν
428 3909 700 3979 ποιοῦμεν
738 3914 936 3976 αὐτοὺς
988 3914 1367 3984 Χριστιανοὺς,
1417 3921 1518 3987 τὴν
1570 3920 1625 3971 δὲ

108 3991 305 4063 δευτέραν
340 4003 809 4071 κατηχουμένους,
856 3999 970 4056 εἶτα
992 4005 1090 4075 τὴν
1124 4007 1314 4077 τρίτην
1346 4008 1625 4078 ἐξορκίζο-

112 4098 181 4148 μεν
202 4088 375 4152 αὐτοὺς
418 4094 563 4160 μετὰ
598 4092 692 4145 τοῦ
718 4096 969 4165 ὲμφυσᾷν
992 4096 1174 4166 τρίτον
1202 4100 1282 4161 είς
1336 4099 1398 4151 τὸ
1440 4101 1627 4168 πρόσ-

108 4192 215 4230 ωπον
236 4183 320 4233 καὶ
347 4186 423 4246 εἱς
450 4187 521 4239 τὰ
564 4178 701 4249 ὦτα,
726 4188 830 4247 ,καὶ
869 4187 1011 4241 οὕτω
1048 4192 1397 4261 κατηχοῦμεν
1430 4195 1627 4257 αὐτοὺς

110 4268 172 4318 καὶ
199 4272 437 4345 ποιοῦμεν
495 4279 772 4347 χρονίζειν
828 4280 909 4341 εἱς
969 4280 1069 4346 τὴν
1135 4282 1480 4353 Ἐκκλησίαν,
1535 4288 1627 4338 καὶ

108 4358 345 4431 ἀκροᾶσθαι
382 4368 491 4423 τῶν
552 4371 808 4439 Γραφῶν,
849 4373 942 4425 καὶ
966 4373 1087 4427 τότε
1126 4376 1324 4439 αὐτοὺς
1366 4377 1626 4446 βαπτίζο-

112 4467 202 4515 μεν⁶
250 4460 333 4512 καὶ
383 4463 512 4525 τοὺς
565 4464 901 4533 Μανιχαίους
956 4464 1014 4519 δὲ
1066 4467 1161 4519 καὶ
1218 4470 1344 4532 τοὺς
1398 4472 1625 4523 υύαλεν-

1727 3286 1910 3355 gravia
1946 3284 2175 3347 faciunt,
2234 3292 2287 3337 et
2317 3297 2512 3336 omnes
2546 3282 2680 3335 alias
2744 3281 2999 3342 haareses,
3041 3276 3301 3345 quoniam

1725 3376 1880 3429 multi
1908 3377 1995 3430 hic
2034 3384 2183 3439 sunt,
2238 3382 2292 3428 et
2319 3374 2559 3427 maxime
2588 3372 2680 3442 qui
2727 3385 2791 3425 ex
2848 3370 3163 3424 Galatarum
3216 3384 3303 3422 re-

1726 3469 1887 3537 gione
1915 3465 2141 3536 profecti
2170 3472 2319 3529 sunt,
2361 3479 2553 3518 omnes
2580 3480 2645 3517 ex
2672 3464 2739 3515 iis
2760 3462 2850 3531 qui
2874 3462 2938 3514 ad
2997 3474 3199 3513 reetam
3234 3460 3301 3512 de

1728 3562 1830 3613 [ille
1864 3559 2196 3614 sententiam
2233 3558 2426 3611 volunt
2458 3556 2741 3615 accedere,
2770 3564 2829 3607 ut
2897 3552 3126 3621 gentiles
3164 3551 3305 3604 reei-

1727 3650 1907 3719 pimus
1967 3666 1980 3700 :
2008 3657 2061 3701 et
2093 3647 2269 3715 primo
2304 3644 2522 3713 quidem
2566 3644 2652 3696 die
2670 3658 2765 3695 eus
2796 3641 3138 3695 Christianos
3172 3637 3305 3692 faci-

1728 3752 1884 3804 mus;
1917 3737 2160 3790 secundo
2190 3744 2366 3788 autem
2395 3735 2824 3787 catechumenos
2859 3749 2872 3785 :
2900 3730 3095 3784 deinde
3140 3730 3301 3813 tertio

1727 3825 2070 3894 adjuramus,
2106 3823 2268 3877 simul
2299 3822 2463 3876 etiam
2500 3830 2578 3875 ter
2611 3821 2663 3874 in
2695 3818 2889 3873 faciem
2919 3829 2973 3873 et
3002 3834 3163 3871 aures
3216 3817 3302 3870 in-

1727 3917 2036 3985 spirantes;
2068 3925 2123 3969 et
2157 3916 2235 3968 sie
2268 3914 2569 3972 iuitiamus.
2602 3924 2656 3966 et
2696 3913 2785 3966 diu
2820 3912 2874 3964 in
2914 3912 3141 3964 ecclesia
3170 3924 3297 3962 ver-

1730 4010 1910 4063 sariet
1946 4006 2262 4076 Scripturas
2331 4006 2524 4059 audire
2561 4005 2833 4068 facimus;
2883 4010 2934 4056 et
2987 4013 3115 4056 tunc
3153 4002 3301 4071 ipsos

1729 4100 2096 4168 haptizamus.
2149 4098 2292 4164 Quin
2338 4100 2503 4151 etiam
2561 4096 2911 4159 Maniclueos,
2948 4102 3001 4148 et
3057 4092 3301 4147 Valenti-

1728 4190 1948 4253 nianos,
1972 4202 2027 4245 et
2060 4190 2459 4253 Marcionistas,
2494 4197 2548 4242 et
2590 4188 2796 4241 similes
2829 4189 3111 4241 haareticos
3141 4200 3302 4253 opor-

1732 4293 1805 4338 tet
1844 4283 2057 4337 libellos
2094 4283 2297 4345 l‘acere,
2344 4290 2399 4335 et
2440 4280 2687 4334 haeresim
2720 4294 2876 4333 suam
2933 4280 3301 4333 anathemati-

1730 4391 1875 4437 zare,
1904 4385 1959 4428 et
2003 4372 2343 4437 Nestorium,
2379 4382 2433 4426 et
2491 4371 2811 4439 Eutychem,
2844 4380 2898 4424 et
2948 4370 3299 4434 Dioscorum,

1729 4477 1783 4523 et
1812 4466 2097 4529 Severum,
2120 4475 2176 4520 et
2208 4466 2447 4534 reliquos
2469 4465 2660 4518 talium
2694 4464 2969 4517 haerescer-
3004 4464 3298 4533 principes,

108 4542 277 4613 τένους,
332 4552 427 4605 καὶ
484 4554 961 4624 Μαρκιωνιστὰς,
1023 4559 1118 4610 καὶ
1186 4560 1313 4621 τοὺς
1390 4562 1454 4613 ὲκ
1512 4563 1621 4614 τῶν

1731 4569 1783 4614 et
1816 4559 1911 4628 qui
1968 4559 2158 4611 eadem
2204 4573 2326 4627 qua:
2389 4558 2465 4611 illi
2523 4560 2785 4622 sentiunt,
2834 4567 2884 4611 et
2914 4572 3105 4610 omnes
3144 4557 3299 4627 165

109 4634 253 4700 δμοίων
304 4644 570 4713 αἱρέσεων
644 4649 1147 4717 προσερχομένους,
1222 4650 1298 4713 ὡς
1358 4653 1623 4722 ’Έλληνας

1731 4652 2019 4722 praedictas
2048 4652 2283 4703 haereses
2317 4666 2332 4703 :
2365 4661 2417 4703 ct
2450 4649 2530 4703 sic
2552 4650 2667 4704 ﬁeri
2711 4659 2911 4703 sancta:
2955 4649 3295 4704 communio-

108 4723 319 4798 δεχόμενοι
385 4738 834 4807 ἀναὸαπτίζομεν
868 4755 883 4769 ·
953 4740 1355 4811 Νεστοριανοῦς
1406 4744 1461 4795 δὲ
1532 4750 1623 4799 καὶ

1731 4747 1816 4799 nis
1845 4742 2160 4813 participes.

110 4816 472 4892 Ι’ἶῦτυχιοινιστινις
544 4832 642 4883 καὶ
718 4832 1086 4902 Σεϐηριανοὺς
1116 4872 1130 4895 ,
1200 4835 1295 4886 καὶ
1360 4837 1487 4900 τοὺς
1558 4841 1621 4891 ἐκ
1658 4838 1767 4892 τῶν
1797 4834 2007 4906 ,ὁμοίων
2048 4832 2315 4903 αἱρέσεων
2348 4833 2453 4903 χρὴ
2494 4834 2665 4885 ποιεῖν
2699 4832 2996 4897 λιδὲλλους,
3048 4834 3141 4886 καὶ
3168 4834 3300 4885 ἀνα-

110 4907 353 4981 θεματίζειν
370 4920 470 4991 τὴν
499 4923 734 4992 αἵρεσιν,
770 4923 863 4975 καὶ
889 4924 1204 4996 Νεστόριον,
1246 4926 1339 4979 καὶ
1383 4926 1645 4996 Εύτυχέα,
1690 4926 1785 4981 καὶ
1846 4924 2156 4990 Διόσκορον,
2184 4922 2277 4972 καὶ
2316 4922 2575 4989 Σεεῆρον,
2607 4922 2702 4973 καὶ
2732 4924 2853 4985 τοὺς
2885 4922 3102 4984 λοιποὺς
3135 4923 3295 4992 ἐξάρο

110 5018 197 5067 χῦυς
226 5009 321 5063 τῶν
349 5012 609 5066 τοιούτων
650 5014 951 5083 αἱρέσεων,
985 5017 1079 5069 καὶ
1145 5018 1270 5078 τοὺς
1321 5018 1650 5085 φρονοῦντας
1724 5019 1795 5070 τὰ
1842 5014 2064 5076 αὐτῶν,
2127 5012 2221 5065 καὶ
2281 5014 2457 5076 πάσας
2505 5015 2605 5076 τὰς
2652 5016 3172 5085 προαναφερομένας
3218 5019 3300 5070 αἱ-

111 5091 255 5166 ρὲσεις,
293 5103 384 5155 καὶ
436 5103 588 5157 οὕτω
638 5104 1073 5171 μεταλαμϐάνειν
1130 5106 1226 5174 τῆς
1273 5107 1435 5173 ἁγίας
1498 5108 1802 5170 κοινωνίας.

207 5192 456 5251 Συνόδου
482 5200 736 5264 Νικαίας
764 5200 831 5253 τὸ
858 5199 1159 5268 δεύτερον,
1190 5203 1389 5254 κανὼν
1404 5209 1476 5271 η’.

112 5296 683 5381 Ὀτι-τρὺςἘόραίους
713 5312 785 5364 οὐ
813 5310 927 5378 χρὴ
956 5311 1258 5379 δέχεσθαι,
1289 5316 1339 5367 εὶ
1362 5314 1447 5381 μή
1477 5332 1623 5370 ποτε

208 5373 265 5437 ἐξ
294 5373 672 5446 είλιιιρινοῦξ
693 5373 939 5448 καρδῗαξ
969 5373 1471 5450 ἐάιστρέψουὸνινκ

158 5468 212 5531 η’.
244 5465 447 5541 Ἐπειδὴ
494 5470 838 5541 πλανώμενοι
881 5474 932 5525 οἱ
977 5475 1041 5525 ὲκ
1082 5474 1182 5542 τῆς
1216 5474 1320 5525 τῶν
1356 5475 1624 5545 Ἐϐραίων

114 5548 350 5623 θρησκείας
374 5601 388 5621 ,
423 5563 781 5633 μυκτηρίζειν
819 5562 1002 5628 ἔδοξαν
1053 5564 1287 5635 Χριστὸν
1335 5566 1428 5617 τὸν
1467 5566 1622 5631 Θεὸν,

114 5650 513 5720 προσποιούμενοι
560 5656 654 5722 μὲν
684 5654 1094 5724 χριστιανίιζειν,
1120 5656 1281 5709 αὑτὸν
1308 5657 1364 5710 δὲ
1391 5658 1621 5727 ἀρνοῦν-

113 5748 189 5797 τες,
243 5743 471 5811 κρύϐδην
527 5747 621 5799 καὶ
675 5746 945 5817 λαθραίως
1016 5749 1471 5813 σαεδατίζθντες’
1530 5753 1620 5803 καὶ

115 5831 507 5897 ιτεραΊολὸλῐκα
536 5838 829 5905 ποιοῦντες,
853 5840 1106 5913 ὁρίζομεν
1126 5842 1346 5906 τούτους
1375 5847 1511 5914 μήτε
1542 5846 1617 5907 εἰς

2104 5199 2329 5253 Concilii
2360 5198 2571 5253 Nica'ni
2601 5215 2636 5253 ll
2672 5217 2839 5253 canon
2876 5204 2929 5256 8.

1722 5312 1876 5379 Quod
1930 5306 2181 5393 Hebrive:
2214 5328 2316 5364 non
2347 5320 2549 5378 oportet
2589 5313 2811 5379 recipere
2844 5315 2945 5365 m'st
2981 5330 3047 5368 ex
3083 5332 3219 5383 pura
3250 5329 3297 5372 ct

2091 5399 2301 5437 sincera
2332 5394 2502 5435 nwule
2539 5394 2930 5435 convertantur.

1778 5485 1829 5539 8.
1847 5485 2113 5551 Quoniam
2140 5483 2494 5537 Hebraeorum
2522 5480 3033 5548 religionisquidam
3050 5494 3299 5537 errantes

1727 5578 2004 5632 Christum
2038 5578 2205 5631 Deum
2237 5586 2485 5630 nostrum
2516 5574 2854 5628 subsanuare
2885 5577 2981 5629 \isi
3006 5588 3152 5640 sunt,
3179 5595 3299 5633 sese

1728 5666 2075 5719 Christianos
2100 5681 2218 5719 esse
2250 5667 2531 5731 (ingentes,
2566 5665 2739 5731 ipSum
2774 5675 2955 5719 autem
2987 5669 3295 5723 clanculum

1729 5768 1783 5810 et
1815 5758 2024 5811 occulte
2054 5767 2271 5826 negant.
2304 5758 2537 5811 Sabbata
2572 5762 2947 5827 observantes,
2994 5772 3048 5818 et
3074 5765 3176 5817 alia
3203 5764 3301 5817 Ju-

1728 5851 1883 5905 daica
1914 5850 2197 5915 facientes,
2238 5850 2549 5915 statuimus,
2585 5861 2640 5904 ut
2664 5870 2837 5923 neque
2868 5856 2932 5908 ad
2959 5859 3298 5910 communiu-
