3874 6296
598 400 700 466 627

1703 395 1965 457 ΡΗΟΤΙΙ
1998 393 2169 456 PATI

2269 396 2500 456 ΡιϐΗίΕ
2534 397 2643 458 CP.
3712 400 3796 461 028

598 528 745 579 nem,
780 526 956 583 neque
984 512 1050 567 ad
1077 512 1363 571 ecclesiam
1398 512 1789 577 admittanlur,
1841 512 1937 568 sed
1984 521 2169 582 aperte

2273 512 2576 579 κοινωνίαν,
2620 514 2759 584 μήτε
2791 514 2870 576 είς
2899 512 3064 584 εὐχὴν
3084 553 3099 578 ,
3133 513 3273 583 μήτε
3310 513 3391 575 είς
3433 511 3708 582 ἐκκλησίαν
3732 515 3800 567 δέ·

597 605 1033 665 sintsecundum
1070 621 1226 663 suam
1250 606 1566 678 religionem
1598 604 1847 671 Hebraei;
1899 614 1955 660 et
1991 620 2168 674 neque

599 698 740 755 ﬁlios
763 714 952 754 eorum
986 698 1278 770 baptizari,
1310 714 1487 769 neque
1515 713 1735 754 servum
1760 698 1828 753 ab
1847 698 1928 753 eis
1952 698 2058 752 emi
2083 698 2169 752 vel

596 791 892 863 possideri.
926 791 1022 847 Sin
1053 802 1232 846 autem
1266 805 1331 845 ex
1372 806 1508 860 pura
1542 798 1597 845 et
1632 790 1845 845 sincera
1897 788 2003 845 ﬁde
2044 789 2169 859 quis

594 898 784 938 eorum
810 898 1130 948 conversus,
1148 891 1202 937 et
1227 897 1309 936 ex.
1330 890 1444 936 toto
1474 883 1639 936 corde
1668 880 1956 936 confessus
1984 879 2167 947 fuerit,

594 989 787 1029 eorum
824 974 1069 1029 moribus
1097 983 1150 1028 et
1186 973 1351 1028 rebus
1391 974 1665 1029 insultans
1688 1013 1703 1040 ,
1753 972 1921 1027 veluti
1972 971 2168 1025 trium-

594 1068 763 1138 phum
800 1082 987 1138 agens,
1022 1074 1083 1123 ut
1119 1074 1175 1121 et
1224 1066 1315 1121 alii
1348 1066 1667 1122 refellantur
1694 1074 1748 1120 et
1782 1065 2166 1134 corrigantur;

594 1174 718 1213 eum
756 1158 924 1228 recipi
955 1166 1009 1213 et
1033 1158 1295 1226 baptizari
1322 1166 1377 1213 et
1413 1158 1532 1225 ejus
1582 1158 1785 1213 liberos
1811 1194 1826 1220 ,
1873 1164 1926 1211 et
1975 1165 2169 1210 cautos

594 1247 795 1311 reddi,
849 1258 910 1303 ut
953 1263 1014 1304 se
1063 1249 1135 1303 ab
1176 1248 1531 1304 Hebraeorum
1562 1247 1760 1304 studiis
1798 1254 1853 1300 et
1896 1244 2170 1300 institutis

593 1340 924 1395 abstineant.
954 1338 1011 1394 Si
1041 1351 1220 1396 autem
1272 1355 1381 1395 non
1422 1339 1497 1395 ita
1538 1355 1598 1396 se
1641 1346 1853 1410 gerant,
1888 1351 1984 1393 eos
2016 1338 2169 1393 nullo

592 1430 757 1487 modo
786 1431 1021 1486 admitti.
1470 1438 1476 1447 ‘

1099 1607 1294 1663 Basilii
1336 1624 1504 1663 canon
1541 1610 1633 1666 47.

590 1699 680 1754 47.
715 1698 1008 1756 Encratita:
1029 1709 1084 1756 et
1117 1700 1473 1772 Saccophori.
1500 1712 1607 1760 etc.
1633 1713 1693 1759 ut
1710 1722 1872 1777 supra
1889 1724 2013 1780 pag.
2041 1708 2163 1764 446.

661 1791 789 1847 CAP.
838 1792 960 1848 XV.
990 1822 1060 1835 --
1113 1791 1303 1849 Utrum
1348 1794 1705 1852 demoniacus
1744 1796 1825 1854 vel
1883 1800 1941 1854 in
1986 1800 2166 1856 morbo

592 1884 824 1939 delirans
848 1885 1161 1955 baptizatur.

1017 1977 1274 2034 Timothei
1306 1996 1526 2035 canones
1574 1981 1630 2049 2,
1660 1982 1714 2037 4.

664 2068 1048 2140 Interrogatio.
1104 2070 1157 2125 Si
1197 2076 1622 2129 catechumenus
1651 2090 1682 2128 a
1716 2074 1961 2130 daamone
1989 2076 2164 2131 corri-

592 2163 797 2234 piatur,
835 2170 891 2218 et
924 2162 1152 2219 voluerit
1188 2163 1302 2233 ipse
1337 2164 1424 2219 vel
1464 2165 1575 2231 sui,
1602 2174 1659 2221 ut
1687 2175 1939 2223 sanctum
1990 2168 2168 2239 bapti-

596 2272 775 2312 smum
805 2256 1056 2326 accipiat,
1089 2257 1315 2312 debetne
1340 2258 1588 2329 accipere
1609 2275 1819 2325 annon,
1849 2267 1905 2318 et
1930 2262 2168 2319 maxime

594 2351 642 2405 si
684 2350 846 2404 morti
878 2348 1222 2419 propinquus
1267 2349 1465 2406 fuerit?

669 2440 830 2511 166
857 2439 1162 2509 Responsio.
1192 2439 1248 2494 Si
1280 2440 1350 2505 is,
1390 2441 1537 2512 quia
1580 2441 1827 2497 daemone
1852 2443 2165 2516 corripitur,

2272 603 2480 675 χεσθαι,
2527 605 2664 659 ἀλλὰ
2712 606 2960 675 φανερῶς
3000 605 3244 659 ἔστωσαν
3291 604 3434 658 κατὰ
3483 603 3580 674 τὴν
3622 605 3800 659 ἑαυτῶν

2273 694 2568 765 θρησκείαν
2610 696 2876 766 Ἑϐραῖοι,
2932 698 3070 767 μήτε
3116 696 3243 759 τοὺς
3286 694 3481 757 παῖδας
3525 695 3692 747 αὐτῶν
3722 696 3802 769 βα-

2271 786 2504 849 πτίζειν,
2542 788 2679 858 μήτε
2727 786 2913 841 δοῦλον
2967 786 3280 856 ὠνήσασθαι
3310 785 3343 856 ἢ
3376 783 3625 839 κτᾶσθαι.
3668 787 3723 838 El
3758 788 3804 841 δὲ

2270 876 2368 930 καὶ
2406 877 2725 947 ἐπιστρέψει
2772 896 2856 941 τις
2889 878 3069 932 αὐτῶν
3100 878 3158 944 ἐξ
3208 875 3535 948 εἰλικρινοῦς
3578 875 3803 942 πίστεως,

2271 969 2367 1022 καὶ
2419 970 2744 1039 ὁμολογήσει
2794 969 2854 1035 ἐξ
2899 970 3027 1039 ὅλης
3074 968 3335 1039 καρδίας,
3371 968 3707 1037 θριαμϐεύων
3750 971 3806 1023 τὰ

2272 1060 2392 1115 κατ’
2421 1060 2598 1114 αὐτῶν
2628 1061 2724 1132 ἔθη
2752 1062 2846 1115 καὶ
2884 1061 3205 1132 πράγματα,
3240 1060 3377 1131 πρὸς
3417 1060 3477 1112 τὸ
3525 1060 3616 1112 καὶ
3644 1059 3807 1124 ἄλλους

2269 1152 2593 1223 ἐλεγχθῆναι
2625 1154 2719 1205 καὶ
2747 1151 3163 1223 διορθώσασθαι,
3224 1151 3412 1205 τοῦτον
3445 1150 3807 1221 προσδέχεσθαι

2271 1244 2365 1297 καὶ
2397 1243 2701 1314 βαπτίζειν,
2726 1242 2821 1297 καὶ
2848 1242 2974 1306 τοῦς
3003 1242 3201 1305 παῖδας
3241 1240 3429 1305 αὐτοῦ,
3470 1240 3564 1293 καὶ
3605 1240 3808 1309 ἀσφαλί-

2271 1331 2461 1396 ζεσθαι
2508 1332 2707 1394 αὐτοὺς
2735 1330 3185 1400 ἁποστῆναι,τῶν
3224 1328 3532 1400 Ἐϐραῖκῶν
3562 1329 3811 1398 ἐπιτηδευ-

2274 1424 2490 1496 μάτων
2545 1425 2592 1477 εί
2640 1423 2696 1476 δὲ
2746 1423 2822 1494 μὴ
2869 1422 3040 1486 οὕτως
3087 1422 3280 1494 ἔχοιεν,
3331 1420 3596 1492 μηδαμῶς
3641 1422 3809 1486 αὐτοὺς

2275 1514 2687 1587 προσδέχεσθαι.
3150 1511 3155 1515 ’

2690 1608 3016 1662 Βασιλείου
3055 1604 3258 1660 κανὼν
3295 1602 3406 1673 μζπ

2344 1697 2452 1772 μζ’.
2495 1700 2845 1770 Ἐγκρατῖται
2876 1700 2970 1754 καὶ
2993 1699 3351 1769 Σακκοφόροι,
3381 1716 3437 1752 κ.
3472 1714 3524 1752 τ.
3555 1697 3605 1752 λ.

2338 1793 2590 1847 ΚΕΦΑΛ.
2637 1791 2740 1846 IE’.
2770 1823 2839 1835 -
2862 1791 2995 1857 Πῶς
3024 1794 3056 1847 ό
3076 1788 3584 1861 δαιμονιζόμενος,
3615 1787 3652 1856 ἢ
3690 1790 3718 1842 ό
3757 1788 3812 1842 ἐγ

2199 1916 2241 1977 Β
2269 1885 2434 1950 νόσῳ
2459 1883 2862 1977 παραφρονῶν
2886 1883 3253 1977 βαπτίζεται.

2697 1973 2977 2044 Τιμοθέου
3014 1974 3214 2030 κανὼν
3252 1975 3317 2046 β’,
3352 1975 3417 2030 δ’.

2351 2070 2691 2140 Ἐρώτησις.
2721 2068 2786 2138 β’.
2823 2069 2949 2123 Ἐὰν
2985 2067 3426 2139 δαιμονιζόμενός
3454 2082 3543 2129 τις
3570 2064 3809 2134 κατηχού-

2272 2184 2432 2239 μενος
2517 2206 2532 2231 ,
2578 2164 2676 2218 καὶ
2704 2162 2847 2216 θέλοι
2879 2161 3039 2225 αὐτὸς
3068 2161 3101 2233 ἢ
3142 2162 3191 2213 oi
3228 2160 3349 2213 ῐδιοι
3378 2156 3549 2211 αὑτοῦ
3590 2157 3672 2209 ἵνα
3695 2156 3808 2225 λάϐῃ

2268 2262 2328 2315 τὸ
2361 2260 2522 2329 ἅγιον
2556 2258 2860 2329 βάπτισμα,
2895 2256 2945 2308 εἰ
2967 2254 3170 2323 ὀφείλει
3196 2252 3377 2306 λαϐεῖν
3405 2250 3442 2323 ἢ
3473 2250 3557 2318 οὒ,
3609 2252 3696 2303 καὶ
3725 2249 3808 2319 μά-

2267 2349 2426 2403 λιστα
2449 2347 2544 2401 ἐὰν
2572 2346 2703 2415 περὶ
2731 2343 2823 2397 τὸν
2857 2342 3086 2397 θάνατόν
3121 2342 3305 2407 tactv;

2351 2441 2708 2509 Ἀπόκρισις.
2740 2436 2864 2491 Ἐὰν
2891 2438 2918 2490 ὀ
2945 2434 3382 2506 δαιμονιζόμενος
3411 2434 3489 2505 μὴ
3537 2430 3807 2503 καθαρισθῇ

2269 2534 2380 2592 ἀπὸ
2405 2532 2499 2587 τοῦ
2527 2530 2840 2601 ἀκαθάρτου
2869 2527 3199 2599 πνεύματος,
3225 2527 3286 2579 οὐ
3311 2526 3543 2579 δύναται
3569 2524 3740 2576 λαϐεῖν
3764 2524 3809 2575 τὸ

2269 2628 2424 2697 ἅγιον
2452 2625 2763 2695 βάπτισμα·
2793 2621 2922 2691 περὶ
2948 2619 3006 2674 δὲ
3029 2618 3127 2690 τὴν
3157 2618 3353 2684 ἔξοδον,
3388 2616 3705 2687 βαπτίζεται

594 2547 701 2587 non
727 2530 890 2587 fuerit
911 2530 981 2586 ab
1012 2531 1297 2585 immundo
1318 2531 1512 2601 spiritu
1535 2532 1971 2597 mundatus,non
1994 2542 2172 2603 potest

596 2631 846 2679 sanetum
882 2621 1211 2693 baptismum
1262 2624 1547 2693 accipere;
1579 2622 1673 2679 sed
1709 2622 1765 2677 in
1804 2623 1954 2678 exitu
1983 2639 2014 2678 e
2058 2624 2169 2679 vita

593 2718 922 2785 baptizatur.

662 2809 1040 2882 Interrogatio.
1068 2811 1124 2866 Si
1152 2810 1277 2881 quis
1330 2814 1779 2876 catechumenus,
1837 2825 1963 2867 eum
2024 2819 2172 2866 esset

594 2902 869 2970 inﬁrmus,
901 2914 1093 2958 emota:
1113 2904 1312 2960 mentis
1339 2903 1515 2959 factus
1534 2904 1622 2970 sit,
1656 2911 1787 2970 etc.,
1812 2912 1870 2957 ut
1895 2920 2017 2974 pag.
2041 2902 2168 2959 622.

664 2992 823 3049 CAP.
868 2993 1010 3051 XVI.
1036 2993 1136 3050 'Ne
1187 2995 1374 3051 mulier
1417 2995 1746 3066 purgationis
1788 3011 1901 3051 sua:
1946 3003 2175 3065 tempore

597 3089 925 3161 baptizatur.

2354 2801 2669 2873 Ἐρώτησις
2730 2799 2795 2855 δ’.
2838 2800 2961 2853 Ἐάν
3015 2814 3099 2861 τις
3140 2796 3551 2867 κατηχούμενος
3602 2790 3809 2846 ἀσθενῶν

2270 2896 2500 2969 γένηται
2527 2892 2821 2964 ὲκφρενὴς,
2846 2908 2902 2949 κ.
2931 2907 2981 2945 τ.
3015 2889 3089 2953 λ.,
3118 2904 3281 2959 usque
3318 2888 3385 2940 ad
3409 2886 3749 2958 πειρὰζηται.

2340 2990 2597 3046 ΚΕΦΑΛ.
2628 2991 2711 3057 1C."
2712 2996 2745 3041 ’.
2764 3020 2833 3031 -
2855 2985 2993 3055 Περὶ
3015 2986 3122 3041 τοῦ
3148 2985 3230 3055 μὴ
3255 2983 3479 3054 χρῆναι
3510 2981 3813 3053 τυναῖκαὲτ

2272 3084 2399 3151 ταῖς
2423 3083 2672 3155 ἡμέραις
2700 3080 2808 3149 τῆς
2842 3078 3182 3148 καθάρσεως
3207 3071 3809 3144 αὺτῆςβαπτισθῆναι.

2756 3169 3040 3241 Τιμοθέου
3062 3168 3262 3223 κανὼν
3291 3174 3365 3232 ς’.

668 3272 1048 3347 Interrogatio.
1080 3276 1138 3330 Si
1180 3276 1373 3332 mulier
1398 3278 1790 3332 catechumena
1823 3276 2039 3333 dederit
2068 3293 2169 3334 no-

2358 3266 2680 3335 Ἐρὼτησις
2730 3270 2805 3331 ς’.
2865 3263 2991 3316 Ἐὰν
3028 3261 3165 3330 γυνὴ
3219 3258 3607 3330 κατηχουμένη
3649 3254 3812 3347 δέδωκε

597 3381 727 3420 men
750 3346 932 3433 suum,
960 3377 1022 3422 ut
1042 3369 1369 3440 baptizetur,
1398 3381 1451 3426 et
1471 3370 1558 3426 die
1592 3368 1937 3439 baptismatis
1989 3370 2065 3425 illi
2102 3372 2169 3425 sit

2278 3361 2338 3415 τὸ
2363 3360 2533 3429 ὄνομα
2557 3358 2724 3428 αὐτῆς
2753 3358 2843 3410 ἵνα
2878 3354 3145 3425 φωτισθῇ,
3180 3353 3276 3407 καὶ
3312 3351 3447 3421 περὶ
3492 3349 3590 3420 τὴν
3635 3346 3815 3440 ἡμέραν

596 3457 896 3511 secundum
921 3459 1368 3514 consuetudinem
1419 3459 1731 3526 mulierum,
1769 3458 2002 3515 debetne
2057 3460 2164 3515 hac

2276 3450 2373 3507 τοῦ
2407 3449 2783 3521 βαπτίσματος
2802 3446 3025 3516 γέγονεν
3050 3444 3186 3513 αὐτῇ
3210 3443 3271 3496 τὸ
3298 3442 3421 3496 κατ’
3456 3440 3578 3503 ἔθος
3606 3437 3707 3490 τῶν
3735 3453 3815 3503 γυ-

594 3547 686 3605 die
716 3548 1001 3620 baptizari,
1032 3565 1100 3607 an
1131 3550 1369 3617 diﬂ'erre,
1401 3561 1455 3608 et
1475 3562 1737 3624 quantum
1764 3553 2033 3609 ditl‘erre?

2278 3542 2506 3609 ναικῶν,
2556 3543 2606 3595 εί
2638 3540 2846 3610 ὀφείλεί
2875 3537 3208 3608 φωτισθῆναι
3258 3535 3396 3605 αὐτῇ
3454 3536 3526 3604 τῇ
3574 3526 3815 3601 ἡμέρᾳ,ἢ

2282 3634 2633 3708 ὑπερθέσθαι,
2659 3632 2753 3687 καὶ
2786 3631 2949 3685 πόσον
2969 3626 3300 3699 ὑπερθέσθαι
3323 3643 3337 3691 ;

2362 3726 2734 3793 Ἀπόκρισις.
2776 3718 3144 3791 ’Υπερθέσθαι
3212 3714 3419 3786 ὀφείλει
3442 3753 3460 3781 ,
3507 3714 3611 3777 ἓως
3647 3713 3707 3767 ἂν
3741 3728 3819 3763 κα-

2283 3815 2539 3886 θαρισθῇ.

2354 3904 2609 3958 ΚΕΦΛΛ.
2642 3901 2741 3957 IZ'.
2768 3932 2834 3943 —
2870 3899 3008 3954 Ἐὰν
3039 3902 3071 3954 ό
3109 3894 3568 3967 κατηχούμενος
3598 3892 3701 3961 πρὸ
3733 3889 3817 3944 τοῦ

2276 3999 2699 4067 βαπτίσματος
2730 3993 3095 4061 κοινωνήσῃ.

1119 4097 1381 4154 Timothei
1400 4114 1573 4154 canon
1602 4098 1655 4154 l.
1968 4092 1975 4096 “

2774 4087 3051 4156 Τιμοθέου
3078 4083 3278 4138 κανὼν
3306 4090 3376 4137 α’.

670 4189 1051 4261 Interrogatio.
1103 4189 1162 4245 Si
1210 4191 1425 4261 puellus
1470 4192 1933 4256 catechumenos,
1986 4196 2169 4259 utpote

2362 4179 2683 4250 Ἐρώτησις
2721 4178 2790 4234 α’.
2853 4179 2979 4231 Ἐὰν
3026 4176 3235 4230 παιδίον
3289 4173 3693 4244 κατηχούμενον
3759 4169 3818 4229 ὡς

601 4297 871 4337 annorum
918 4291 1152 4352 septem,
1182 4283 1268 4339 vel
1321 4284 1491 4340 homo
1520 4283 1684 4339 etiam
1736 4284 2013 4354 perfectus
2043 4283 2169 4338 dum

2281 4274 2422 4330 ἑπτὰ
2454 4274 2613 4340 ἐτῶν,
2635 4273 2804 4344 ἤγουν
2833 4270 3118 4343 ἄνθρωπος
3145 4268 3375 4332 τέλειος,
3413 4265 3709 4336 εὐκαιρήσῃ
3735 4277 3817 4313 που

602 4373 757 4427 ﬁeret
784 4371 991 4427 oblatio
1028 4383 1335 4444 opportune
1377 4374 1638 4441 adfuerit,
1672 4373 1902 4444 ejusque
1952 4372 2169 4429 nescia

2283 4366 2601 4442 προσφορᾶς
2647 4366 2973 4436 γινομένης,
3028 4363 3122 4416 καὶ
3170 4360 3378 4429 ἀγνοῶν
3428 4358 3731 4431 μεταλάϐοι,
3780 4354 3821 4404 τί

602 4463 881 4534 particeps
917 4462 1090 4520 factus
1119 4466 1211 4532 sit,
1246 4464 1379 4535 quid
1415 4465 1483 4520 de
1511 4480 1576 4521 eo
1608 4465 1721 4519 lieri
1762 4461 1963 4519 debet?

2281 4462 2486 4532 ὀφείλει
2514 4460 2757 4528 γίνεσθαι
2782 4457 2912 4530 περὶ
2939 4456 3138 4525 αὐτοῦς

677 4553 987 4627 Responsio.
1020 4556 1187 4613 Debet
1226 4556 1525 4612 illuminari
1559 4574 1572 4612 :
1604 4571 1637 4612 a
1675 4556 1787 4612 Deo
1825 4556 1971 4612 enim
2010 4569 2169 4611 voca-

2368 4554 2736 4621 Ἀπόκρισις.
2768 4551 3106 4621 Φωτισθῆναι
3139 4552 3364 4622 ὀφείλει·
3397 4549 3556 4622 παρὰ
3583 4544 3709 4602 Θεοῦ
3735 4542 3820 4611 γὰρ

2282 4645 2540 4678 ...ιω-...μ

609 4655 706 4705 tus
739 4656 845 4704 est.

2282 4645 2571 4716 κέκληται.

1923 4826 2325 4912 ΤΙΤΛΟΣ
2399 4828 2472 4911 Ε
2491 4890 2508 4906 .

607 4922 770 5005 ΠΕΡΙ
808 4949 945 5004 ΤΩΝ
985 4944 1641 5002 ΚΔΤΔΦΡΟΝΟΥΝΤΩΝ
1700 4944 1839 4999 ΤΩΝ
1885 4945 2314 5007 ΕΚΚΑΗΣΙΩΝ,
2357 4945 2478 4998 ΚΑΙ
2545 4942 2929 5006 ΣΥΝΔΞΕΩΝ,
2971 4943 3089 4996 ΚΑΙ
3150 4945 3481 5012 ΜΝΗΜΩΝ,
3523 4944 3637 5000 ΚΑΙ
3690 4940 3816 4994 ΠΕΡΙ

1344 5016 1480 5071 ΤΩΝ
1519 5016 1901 5071 ΕΘΙΖΟΝΤΩΝ
1941 5016 2030 5068 ΕΝ
2072 5016 2429 5070 ΕΚΚΑΗΣΙΑ
2466 5016 2589 5069 ΚΑΙ
2624 5016 2785 5067 ΠΕΡΙ
2820 5014 3117 5069 ΑΓΑΠΩΝ.

1106 3182 1363 3239 Timothei
1398 3200 1565 3240 canon
1600 3182 1654 3240 6.

664 3729 975 3801 Responsio.
998 3730 1115 3789 Non
1142 3732 1303 3789 debet
1328 3732 1503 3789 donec
1540 3745 1768 3805 purgata
1826 3732 2011 3789 fuerit.

664 3911 795 3967 CAP.
828 3910 991 3967 XVII.
1030 3942 1105 3955 -—
1149 3913 1290 3980 Quid
1324 3913 1372 3968 si
1407 3912 1806 3969 eatecliumenus
1844 3922 1968 3968 ante
2000 3911 2173 3985 bapti-

599 4019 771 4059 smum
803 4004 1284 4061 communicaverit.

1829 5194 1988 5265 167
2032 5210 2497 5287 TITULUS
2530 5213 2624 5289 v-

608 5329 699 5385 ΒΕ
736 5327 821 5383 llS
859 5326 979 5395 QUI
1014 5321 1489 5394 CONTEMNUNT
1532 5323 1925 5395 EQCLESIAS,
1966 5325 2054 5379 ET
2115 5326 2436 5382 SYNAXES
2474 5326 2709 5393 ATQUE
2749 5326 3127 5391 MEMORIAS,
3172 5324 3261 5380 ET
3303 5325 3390 5379 DE
3440 5319 3819 5381 MANDUCAN-

1576 5394 1779 5450 TIBUS
1818 5396 1883 5451 IN
1943 5397 2315 5463 ECCLESIIS,
2358 5397 2446 5451 ET
2501 5397 2589 5450 DE
2627 5396 2893 5452 AGAPIS.
3162 5400 3167 5404 “

675 5510 906 5567 CAPUT
943 5508 1238 5565 PRIMUM.
1264 5536 1333 5548 —
1365 5508 1441 5561 De
1462 5508 1527 5561 iis
1554 5508 1643 5576 qui
1671 5508 1893 5573 docent,
1928 5510 2021 5565 Dei
2075 5513 2173 5564 do-

609 5619 752 5656 mum
788 5612 838 5656 et
871 5617 1099 5671 synaxes
1145 5611 1194 5655 et
1228 5600 1508 5654 memorias
1551 5597 1785 5653 ludibrio
1823 5616 1935 5656 esse
1980 5605 2175 5658 haben-

606 5698 724 5748 das.

837 5789 1059 5845 Consilii
1128 5789 1448 5859 Gangrcnsis
1500 5806 1720 5843 canones
1768 5790 1823 5853 ὅ,
1871 5789 1964 5843 20.

681 5884 732 5939 5.
763 5884 818 5939 Si
845 5884 970 5956 quis
994 5886 1151 5941 docet
1178 5885 1397 5940 domum
1429 5883 1519 5939 Dei
1550 5898 1671 5941 esse
1699 5882 2173 5950 contemnendam,

2352 5510 2754 5565 ΚΕΦΑΛΑΙΟΝ
2787 5509 3082 5563 ΠΡΩΤΟΝ.
3112 5540 3181 5550 --
3212 5508 3349 5576 Περὶ
3386 5507 3505 5561 τῶν
3533 5504 3815 5560 διδασκόν-

2283 5604 2532 5667 nor,th
2552 5601 2721 5658 οἷκον
2748 5604 2853 5657 τοῦ
2875 5602 3045 5666 Θεοῦ,
3073 5602 3289 5667 καὶτὰς
3312 5597 3599 5665 συνάξεις
3621 5597 3707 5651 καί
3732 5594 3813 5657 τὰς

2284 5700 2541 5771 μνήμας,
2574 5700 3133 5767 εὐκαταφρονήτους
3174 5695 3345 5750 εἶναι.

2558 5788 2828 5842 Συνόδου
2869 5791 2916 5841 Γ
2920 5786 3151 5857 arrpuit»
3182 5788 3378 5841 κανὼν
3408 5787 3466 5850 ε’,
3508 5786 3571 5839 κ’.

2357 5880 2417 5938 ε’.
2446 5882 2512 5936 Εἴ
2538 5899 2619 5946 τις
2649 5880 2883 5935 διδάσκει
2914 5882 3002 5935 τὸν
3028 5877 3173 5936 οἷκον
3202 5883 3293 5937 τοῦ
3353 5880 3483 5935 Θεοῦ
3508 5871 3809 5944 εὐκαταφρό-
