4012 6402
172 371 268 436 629
1034 375 1432 437 SYN'FAGMA
1465 376 1738 439 CANONI

1838 419 1849 435 .
1880 399 1950 409 ·-
1980 375 2128 436 TIT.
2159 376 2225 448 V,
2260 374 2417 435 CAP.
2456 374 2507 447 Ι,
2542 374 2623 433 ΙΙ.

3297 366 3401 430 630

172 501 316 555 νητοι
359 478 533 551 εἶναι,
579 484 675 539 καὶ
718 486 814 552 τὰς
855 488 913 542 ὲν
960 489 1111 561 αύτῷ
1158 490 1429 558 συνάξεις,
1475 492 1723 562 ἀνάθεμα

1838 496 1881 544 et
1910 504 2032 560 quae
2058 487 2194 542 ﬁunt
2234 488 2287 543 in
2334 502 2396 540 ea
2436 481 2921 556 congregationes,
2978 478 3049 533 sit
3086 479 3399 535 anathema.

174 577 323 632 ἔστω.

237 672 301 721 κ’.
331 667 399 720 Εἴ
425 684 511 731 τις
537 668 755 740 αἰτιῷτο
799 671 1132 743 ὑπερηφάνῳ
1176 673 1414 729 διαθέσει
1447 676 1726 747 κεχρημέ-

174 777 273 823 νος,
291 758 383 813 καὶ
412 759 836 830 βδελυσσόμενος
862 763 963 827 τὰς
990 765 1238 830 συνάξεις
1270 767 1379 821 τῶν
1409 768 1724 841 μαρτύρων,

176 852 206 921 ἢ
248 851 340 913 τὰς
390 853 448 904 ὲν
509 853 697 916 αὑταῖς
738 856 1030 926 γινομένας
1078 858 1444 931 λειτουργίας,
1501 862 1729 926 καὶτὰς

181 943 379 1012 μνήμας
412 943 614 1007 αὐτῶν,
645 945 887 1015 ἀνάθεμα
921 946 1080 1002 ἔστω.

178 1035 430 1089 Συνόδου
451 1036 872 1105 οίκουμενικῆς
900 1038 1081 1107 ἕκτης
1110 1040 1311 1096 κανὼν
1332 1040 1441 1108 ος·’,
1470 1050 1585 1113 πη’,
1619 1043 1726 1111 ιιξ.

244 1132 348 1191 οςθ.
381 1128 505 1180 Ὅτι
543 1129 601 1182 ού
628 1130 733 1199 χρὴ
765 1130 911 1184 ἔνδον
958 1132 1067 1187 τῶν
1114 1133 1272 1202 ἱερῶν
1303 1136 1603 1206 περιϐόλων
1638 1153 1733 1189 κα-

181 1216 438 1285 πηλεῖονῆ
470 1218 543 1269 τὰ
570 1217 657 1270 διὰ
695 1218 1001 1289 βρωμάτων
1028 1222 1140 1293 εἴδη
1182 1223 1519 1294 προτιθέναι,
1551 1225 1584 1295 ἢ
1612 1224 1731 1279 ἑτέ-

184 1325 271 1378 ρας
295 1309 521 1377 πράσεις
552 1310 915 1374 ποιεῖσθαι,τδ
949 1313 1244 1383 σεϐάσμιον
1270 1317 1388 1379 ταῖς
1414 1316 1734 1387 ἐκκλησίαις

184 1399 558 1467 φυλάσσοντας.
600 1402 658 1455 ’0
688 1403 800 1473 γὰρ
830 1405 1022 1477 Σωτὴρ
1051 1406 1207 1477 ἡμῶν
1236 1408 1329 1460 καὶ
1352 1407 1609 1472 Θεὸς,διὰ
1636 1410 1735 1478 τῆς

185 1493 234 1543 ἐν
262 1492 418 1563 σαρκὶ
441 1493 722 1558 πολιτείας
752 1498 1117 1567 παιδαγωγῶν
1146 1500 1311 1570 ἡμᾶς,
1338 1501 1412 1571 μὴ
1440 1504 1614 1554 ποιεῖν
1643 1501 1735 1554 τὸν

184 1581 315 1639 οἶκον
345 1588 437 1641 τοῦ
483 1591 705 1661 Πατρὸς
735 1593 922 1658 αὑτοῦ,
966 1597 1228 1664 ἐμπορίου
1272 1592 1441 1661 οἷκον,
1493 1614 1733 1667 παρεκε-

184 1678 380 1734 λεύετο·
412 1680 471 1745 ὃς
516 1682 612 1735 καὶ
655 1683 764 1736 τῶν
796 1684 1167 1740 κολλυϐιστῶν
1195 1687 1256 1739 τὸ
1303 1688 1485 1759 κέρμα
1528 1688 1733 1760 ἐξέχεε,

186 1770 269 1821 καὶ
301 1771 423 1834 τοὺς
448 1771 509 1824 τὸ
552 1773 695 1842 ἱερὸν
749 1776 1186 1841 κοινοποιοῦντας
1222 1778 1524 1849 ἀπήλασεν.
1560 1781 1628 1833 El’
1653 1799 1737 1846 τις

1895 668 1986 723 20.
2018 668 2075 724 Si
2103 668 2226 739 quis
2257 666 2568 737 arrogantia
2612 674 2792 729 utens,
2837 672 2891 718 et
2923 669 3225 732 martyrum
3266 673 3402 714 con-

1828 759 2171 831 gregationes
2204 759 2532 820 abhorrens,
2564 764 2619 811 et
2667 770 2822 810 sacra
2861 770 2983 824 quae
3040 753 3096 806 in
3137 751 3219 806 eis
3261 751 3406 806 cele-

1828 851 2080 917 brantur,
2138 860 2193 907 et
2245 865 2439 906 eorum
2498 848 2792 905 memorias
2856 852 3079 902 accuset
3155 844 3229 900 sit
3272 858 3405 900 ana-

1831 941 2033 997 thema.

1935 1032 2165 1087 Concilii
2184 1032 2486 1087 wrumenici
2510 1032 2646 1088 sexti
2677 1047 2922 1093 canones,
2952 1029 3041 1095 76,
3077 1029 3169 1096 88,
3203 1028 3297 1084 97.

1903 1124 1989 1179 76.
2061 1124 2217 1191 Quod
2242 1140 2349 1179 non
2414 1133 2629 1196 oportet
2686 1125 2827 1178 intra
2889 1132 3108 1179 sanctos
3169 1120 3405 1176 ambitus

1833 1217 2224 1286 cauponariam
2264 1216 2557 1281 oﬂicin-am,
2588 1216 2681 1271 vel-
2730 1215 2979 1269 ciborum
3031 1213 3238 1283 species
3275 1225 3408 1281 pro-

1833 1324 2058 1379 ponere,
2087 1310 2170 1364 vel
2209 1310 2347 1364 alias
2374 1309 2721 1363 venditiones
2760 1309 2964 1372 lacere,
2995 1321 3150 1361 suam
3175 1318 3409 1359 venera-

1833 1400 2039 1453 tionem
2071 1400 2317 1454 ecclesiis
2362 1408 2667 1454 servantes.
2710 1398 2964 1453 Salvator
3004 1399 3150 1451 enim
3196 1406 3406 1458 noster,

1835 1496 1890 1544 et
1917 1488 2082 1553 Deus,
2116 1504 2214 1559 per
2246 1504 2403 1544 suam
2454 1489 2510 1543 in
2560 1503 2726 1544 carne
2750 1486 2971 1543 ‘vivendi
3012 1487 3279 1541 rationem
3313 1500 3411 1540 nos

1838 1580 2155 1642 instituens,
2194 1595 2303 1634 non
2336 1579 2517 1635 facere
2566 1582 2787 1635 domum
2813 1578 3000 1633 Patris
3051 1578 3135 1632 sui
3182 1578 3410 1631 domum

1838 1671 2224 1740 negotiationis
2245 1672 2471 1741 jussit“3
2492 1689 2506 1738 ;
2530 1673 2623 1743 qui
2691 1673 2855 1727 etiam
2918 1669 3409 1724 nummulariorum

1840 1778 2059 1818 mensas
2106 1762 2318 1832 etTudit,
2362 1772 2416 1818 et
2454 1779 2549 1820 eos
2615 1763 2709 1834 qui
2772 1762 2947 1816 forum
2992 1776 3279 1815 commune
3328 1760 3409 1814 fa-

186 1859 266 1913 οὖν
286 1861 375 1913 ἐπὶ
413 1862 493 1933 τῷ
536 1868 887 1937 προκειμένῳ
917 1868 1030 1939 ἁλῷ
1061 1847 1516 1942 πλημμελῆματι,
1541 1874 1734 1944 ἀφορισ

1840 1854 2011 1921 ciunt,
2053 1854 2235 1925 ejecit.
2271 1854 2329 1908 Si
2359 1856 2483 1924 quis
2530 1869 2660 1925 ergo
2699 1853 2755 1907 in
2799 1852 3064 1923 praedicto
3089 1851 3285 1907 delicto
3315 1850 3413 1906 de-

187 1949 361 2013 ζέσθω.

247 2047 348 2111 πη’.
377 2043 586 2113 Μηδεὶς
626 2045 774 2100 ἔνδον
821 2048 970 2117 ἱεροῦ
1016 2049 1168 2114 ναοῦ,
1215 2050 1413 2121 κτῆνος
1446 2051 1506 2105 τὸ
1531 2052 1738 2107 οἱονοῦν

188 2132 458 2202 είσαγέτω·
518 2137 678 2202 ἐκτὸς
726 2139 773 2192 εί
829 2140 905 2210 μή
955 2156 1040 2202 τις
1095 2141 1414 2210 ὁδοιπορῶν,
1475 2144 1739 2213 μεγίστης

188 2224 578 2299 καταλαϐούσης
624 2229 907 2300 ἀνάγκης,
956 2231 1201 2285 οίκίσκου
1262 2235 1354 2286 καὶ
1404 2237 1739 2304 καταγωγῆς

189 2316 401 2386 ἀπορῶν,
425 2319 481 2371 ὲν
507 2319 593 2390 τῷ
622 2320 850 2392 τοιούτῳ
882 2321 1175 2377 καταλύσει
1206 2325 1341 2394 ναῷ.
1385 2327 1482 2379 Διὰ
1513 2327 1623 2395 γὰρ
1647 2327 1737 2381 τοῦ

192 2407 255 2478 μὴ
280 2408 334 2459 τὸ
361 2409 555 2480 κτῆνος
589 2412 735 2466 ἔνδον
764 2415 1157 2485 εἰσενεχθῆναι,
1179 2418 1311 2470 αὐτὸ
1342 2417 1441 2487 μὲν
1474 2418 1621 2472 ἐστιν
1650 2420 1738 2472 ὅτε

189 2496 614 2570 διαφθαρήσεται,
650 2504 678 2554 ὁ
708 2502 766 2556 δὲ
812 2507 877 2575 τῇ
919 2504 1014 2558 τοῦ
1053 2505 1346 2573 ὑποζυγίου
1378 2507 1614 2579 ἀποϐολῇ
1648 2508 1741 2561 καὶ

189 2588 257 2657 τῷ
281 2589 519 2644 ἐντεῦθεν
562 2594 757 2665 ἀπόρῳ
801 2596 901 2664 τῆς
928 2597 1022 2649 ἐπὶ
1049 2596 1149 2667 τὴν
1195 2597 1502 2669 ὁδοιπορίαν
1539 2598 1736 2669 ὁρμῆς,

193 2674 395 2731 θανάτου
440 2680 675 2752 κινδύνῳ
709 2685 1167 2755 παραδοθήσεται,
1204 2687 1278 2739 Τὸ
1324 2688 1432 2757 γὰρ
1464 2688 1741 2743 Σάϐϐατον

191 2766 264 2821 διὰ
292 2770 373 2823 τὸν
400 2771 686 2844 ἄνθρωπον
717 2775 967 2844 γενέσθαι
989 2778 1413 2849 ὲκδιδασκὸμεθα
1439 2795 1453 2811 ο
1482 2779 1622 2833 ὥστε
1652 2782 1741 2836 διὰ

195 2858 384 2917 πάντων
425 2870 802 2937 προτιμητέαν
861 2869 1113 2938 ἡγεῖσθαι
1163 2870 1262 2943 τὴν
1300 2871 1393 2926 τοῦ
1451 2873 1740 2943 ἀνθρώπου

196 2955 439 3024 σωτηρίαν
466 2975 523 3011 τε
556 2961 654 3012 καὶ
682 2960 974 3016 ἀπάθειαν.
1025 2963 1088 3015 Εί
1122 2962 1177 3015 δέ
1207 2980 1292 3025 τις
1322 2964 1602 3036 φωραθείη
1630 2982 1740 3035 χω-

199 3041 267 3111 ρὶς
302 3045 556 3118 ἀνάγκης,
591 3050 789 3120 κτῆνος
842 3053 1080 3121 εἰσάγων
1118 3056 1178 3107 ἐν
1223 3054 1301 3125 τῷ
1350 3056 1499 3126 ἱερῷ,
1545 3058 1593 3110 εί
1641 3057 1739 3128 μὲν

196 3131 425 3285 ξέηὲικὸς
467 3140 579 3210 είη,
638 3141 1043 3214 καθαιρείσθωο
1080 3146 1129 3198 εί
1173 3145 1229 3199 δὲ
1275 3147 1497 3213 λαῖκὸς,
1542 3150 1739 3221 ἀφορι-

250 3239 277 3276 σ
306 3242 365 3280 ω.

250 3239 365 3280 σουλ

255 3402 346 3472 ιζ.
391 3408 529 3473 Τοὺς
561 3410 599 3482 ἢ
641 3414 857 3483 γαμετῇ
888 3412 1271 3476 συνοικοῦντας
1315 3414 1347 3485 ἢ
1390 3414 1565 3478 ἄλλως
1597 3413 1744 3468 ἀδια-

200 3494 374 3563 κρίτως
424 3499 548 3564 τοὺς
616 3503 795 3571 ἱεροὺς
851 3502 1051 3564 τόπους
1105 3504 1546 3568 κοινοποιοῦντας
1571 3545 1586 3570 ,
1644 3504 1744 3557 καὶ

201 3592 656 3661 καταφρονητικῶς
684 3595 814 3666 περὶ
843 3597 1040 3660 αὐτοὺς
1078 3596 1321 3667 ἔχοντας,
1354 3598 1448 3652 καὶ
1485 3596 1655 3660 οὕτως
1686 3599 1744 3651 ἐν

202 3678 355 3743 αὐτοῖς
380 3685 806 3754 καταμένοντας,
838 3688 933 3740 καὶ
962 3690 1025 3741 ὲκ
1052 3689 1162 3743 τῶν
1186 3689 1243 3743 ἐν
1274 3690 1386 3752 τοῖς
1426 3688 1745 3759 σεϐασμίοις

202 3772 324 3835 ναοῖς
352 3779 773 3847 κατηχουμένων
816 3779 1133 3843 ἐξωθεῖσθαι
1193 3780 1627 3850 προστάσσομεν.
1679 3781 1745 3833 Ei

202 3859 248 3913 δέ
270 3879 342 3927 τις
373 3867 442 3938 μὴ
470 3869 635 3923 τοῦτο
676 3871 1076 3942 παραφυλάξει,
1109 3873 1160 3925 εί
1195 3872 1295 3942 μὲν
1340 3872 1602 3945 κληρικὸς
1630 3871 1741 3945 εἴη,

204 3954 573 4029 καθαιρείσθωο
608 3964 658 4016 εί
687 3962 744 4017 δὲ
780 3963 992 4032 λαῖκὸς,
1027 3962 1393 4035 άφοριζέσθω.

264 4220 489 4283 ΚΕΦΑΛ.
520 4226 601 4283 Β’.
626 4259 692 4270 -
721 4231 859 4298 Περὶ
904 4229 1011 4285 τοῦ
1052 4229 1138 4301 μὴ
1178 4230 1372 4286 ποιεῖν
1408 4232 1478 4287 ἐν
1523 4234 1743 4304 ἐκκλη-

207 4307 342 4377 σίαις
369 4314 620 4384 ἀγάπας.

449 4408 722 4463 Συνόδου
746 4410 1097 4478 Λαοδικείας
1125 4412 1326 4466 κανὼν
1354 4422 1461 4485 κη’.

1839 1945 2144 2016 prehensus
2172 1945 2357 2011 fuerit,
2404 1955 2733 2017 segregetur.

1915 2036 2077 2107 168
2107 2035 2213 2106 [88.
2279 2034 2451 2091 Nemo
2493 2038 2636 2091 intra
2685 2036 2856 2091 aedem
2911 2052 3123 2092 sacram
3178 2035 3414 2106 quodvis

1834 2126 2144 2196 iumentum
2202 2128 2553 2195 introducat;
2582 2128 2685 2183 nisi
2731 2127 2873 2183 forte
2905 2129 3084 2183 viator
3116 2128 3411 2198 quispiam,

1839 2217 2075 2271 maxima
2113 2227 2341 2287 urgente
2366 2221 2713 2282 necessitate,
2748 2219 3101 2275 domuncula}
3122 2221 3204 2274 vel
3238 2219 3415 2274 diver-

1839 2308 1970 2363 sorii
1990 2308 2237 2379 indigens
2277 2310 2332 2364 in
2376 2310 2426 2363 id
2460 2311 2721 2380 templum
2766 2310 3068 2366 diverterit.
3100 2309 3214 2364 Nisi
3269 2310 3413 2364 enim

1836 2399 2145 2469 iumentum
2173 2402 2542 2456 introductum
2587 2403 2775 2469 fuerit,
2809 2404 2989 2472 ipsum
3019 2403 3239 2472 quidem
3275 2418 3415 2456 non-

1841 2506 2122 2561 nunquam
2153 2492 2370 2561 peribit,
2406 2494 2493 2548 hic
2526 2508 2656 2547 vero
2696 2504 2916 2563 propter
2945 2495 3180 2564 jumenti
3230 2492 3400 2546 amis-

1841 2584 2071 2649 sionem,
2114 2591 2168 2637 et
2226 2583 2503 2639 facultatis
2547 2585 2614 2638 ad
2669 2584 2774 2638 iter
2827 2583 3194 2654 peragendum
3228 2600 3293 2638 ex
3350 2599 3415 2637 eo

1842 2672 2140 2742 profectam
2172 2673 2434 2743 inopiam,
2475 2675 2669 2729 mortis
2710 2675 2953 2744 periculo
2978 2674 3240 2729 tratlelur.
3276 2673 3410 2728 Sab-

1841 2764 2027 2818 batum
2080 2765 2223 2820 enim
2274 2776 2495 2836 pr0pter
2523 2767 2799 2821 hominem
2851 2766 3052 2822 factum
3086 2781 3211 2821 esse
3250 2767 3417 2821 doce-

1841 2871 1967 2910 mur
2040 2874 2054 2911 :
2108 2857 2467 2926 quamobrem
2517 2867 2570 2912 et
2635 2874 2733 2928 per
2789 2859 2972 2912 omnia
3018 2857 3416 2928 praeferendam

1841 2964 1963 3006 esse
1987 2951 2303 3005 existimare
2350 2950 2587 3004 hominis
2616 2950 2845 3005 salutem
2871 2959 2925 3004 et
2961 2950 3415 3005 incolumitatem.

1842 3040 2112 3108 Quocirca
2152 3042 2197 3096 si
2249 3042 2373 3112 quis
2412 3041 2786 3111 deprehensus
2818 3041 2981 3095 fuerit
3033 3041 3149 3095 sine
3183 3044 3420 3097 necessi-

1842 3142 1952 3187 tate
1974 3132 2285 3203 jnmentum
2329 3133 2383 3186 in
2413 3132 2677 3202 templum
2710 3131 3088 3197 introduccns,
3113 3130 3159 3186 si
3196 3132 3266 3185 sit
3295 3131 3418 3200 qui~

1766 3193 1810 3255 Ο
1844 3223 1967 3279 dem
1998 3224 2253 3289 clericus,
2294 3222 2634 3293 deponatur;
2688 3224 2734 3278 si
2756 3238 2889 3278 vero
2934 3222 3131 3287 laicus,
3169 3235 3419 3291 segrege-

1845 3324 1955 3370 tur.

1917 3407 2006 3462 97.
2044 3405 2152 3462 Eos
2175 3408 2270 3476 qui
2303 3407 2386 3462 vel
2418 3422 2541 3462 cum
2577 3422 2747 3463 uxore
2786 3406 3122 3471 cobabitant,
3160 3404 3244 3459 vel
3277 3402 3417 3459 alio-

1844 3499 1938 3568 qui
1968 3498 2444 3553 indiscriminatim
2470 3514 2625 3555 sacra
2662 3500 2778 3553 loca
2806 3499 3124 3554 communia
3151 3498 3358 3553 faciunt
3396 3515 3410 3551 :
3458 3514 3461 3517 λ

1843 3595 1898 3642 et
1921 3590 2270 3657 contemptim
2300 3589 2352 3643 in
2384 3590 2466 3644 eis
2495 3589 2821 3654 alliciuntur,
2859 3597 2916 3644 et
2947 3590 3027 3645 sic
3058 3590 3114 3643 in
3145 3589 3227 3643 eis
3287 3603 3417 3658 pcr-

1844 3684 2106 3743 manent;
2139 3676 2303 3730 etiam
2339 3692 2403 3731 ex
2431 3678 2521 3743 iis,
2558 3693 2680 3747 quae
2730 3687 2857 3732 sunt
2914 3677 2970 3731 in
3021 3676 3420 3731 venerabilibus

1846 3768 2083 3838 templis,
2115 3769 2632 3824 catechumenorum
2669 3769 3054 3824 mansionibus
3082 3768 3297 3823 extrudi
3324 3769 3421 3838 ju-

1843 3858 2059 3916 bemus.
2089 3857 2147 3913 Si
2175 3859 2300 3929 quis
2323 3869 2503 3915 autem
2529 3861 2646 3916 hazc
2680 3875 2790 3915 non
2824 3861 3082 3928 servavit,
3115 3860 3160 3916 si
3194 3860 3265 3915 sit
3289 3861 3417 3930 qui-

1845 3949 1970 4004 dem
1998 3948 2253 4017 clericus,
2284 3949 2621 4022 deponatur;
2654 3952 2698 4007 si
2727 3966 2864 4007 vero
2917 3951 3122 4019 laicus,
3168 3964 3419 4022 segrege-

1845 4050 1953 4096 tur.

1913 4242 2066 4297 CAP.
2103 4245 2165 4303 ll.
2197 4270 2266 4285 --
2301 4245 2378 4300 Ne
2410 4260 2464 4298 ιη
2495 4245 2727 4300 ecclesiis
2758 4248 2891 4315 ﬁant
2930 4261 3143 4315 agapar.

2200 4429 2430 4487 Concilii
2452 4427 2751 4483 Laodiceni
2768 4444 2949 4482 canon.
2976 4426 3068 4481 28.

260 4494 354 4562 κη’.
377 4497 493 4553 Ὀτι
522 4502 588 4555 οὐ
618 4500 700 4553 δεῖ
722 4501 778 4552 ὲν
807 4504 918 4566 τοῖς
946 4505 1264 4573 Κυριακοῖς,
1290 4505 1327 4575 ἢ
1374 4508 1432 4559 ὲν
1481 4509 1601 4570 ταῖς
1648 4508 1738 4561 ὲκ-

1916 4519 1985 4573 28
2008 4519 2160 4587 Quod
2194 4536 2307 4574 non
2329 4528 2540 4589 oportet
2563 4518 2615 4573 in
2646 4518 2780 4573 locis
2807 4517 3137 4582 Dominicis,
3155 4515 3312 4570 velin
3334 4530 3421 4570 ee-

209 4582 423 4682 κλησίαις
446 4592 539 4654 τὰς
570 4593 871 4662 λεγομένας
898 4597 1118 4663 ἁγάπας
1147 4600 1320 4650 ποιεῖν
1340 4638 1355 4664 ,
1385 4600 1479 4653 καὶ
1504 4600 1651 4654 ἔνδον
1683 4601 1738 4654 ὲν

1848 4613 2051 4679 clesiis,
2083 4628 2176 4668 cas
2197 4628 2319 4681 qua:
2342 4612 2601 4667 dicuntur
2624 4626 2837 4682 agapas
2859 4609 3057 4677 facere,
3081 4620 3135 4665 et
3157 4610 3212 4664 in
3256 4609 3420 4663 domo

210 4674 272 4745 τῷ
295 4679 414 4751 οἴκῳ
441 4683 643 4736 ἐσθίειν
674 4686 767 4737 καὶ
794 4686 1060 4741 ἁκούϐιτα
1089 4688 1438 4758 στρωννύειν,

414 4771 679 4825 Συνόδου
709 4774 1128 4843 Καρθαγέννης
1162 4775 1365 4830 κανὼν
1395 4778 1503 4848 μβ’.

222 4940 231 4949 .
272 4853 509 4928 μβ¹.11ερί
547 4862 654 4916 τοῦ
669 4861 755 4932 μὴ
792 4865 1196 4933 συμπόσιαὲν
1231 4867 1362 4934 ταῖς
1384 4869 1741 4938 ἐκκλησίαις

213 4950 591 5009 επιτελεῖσθαι.

270 5037 411 5095 Ὥστε
440 5047 819 5119 ἐπισκόπουςῆ
847 5050 1161 5122 κληρικοὺς,
1193 5054 1251 5106 ἐν
1277 5057 1397 5118 ταῖς
1422 5056 1741 5127 ἐκκλησίαις

219 5129 278 5220 ξιῆ
298 5140 764 5207 συμποσιάξεσθαι,
802 5144 850 5195 εί
880 5146 954 5214 μή
978 5146 1030 5213 γ’
1056 5144 1125 5199 ἂν
1141 5146 1302 5216 τυχὸν
1328 5148 1538 5220 ἀνάγκη
1565 5148 1743 5213 ξενίας

217 5217 459 5291 διαϐάντες
488 5232 600 5286 ἐκεῖ
631 5233 1008 5288 καταλύσωσι·
1055 5238 1147 5289 καὶ
1185 5238 1232 5290 oi
1266 5238 1386 5291 λαοὶ
1415 5240 1472 5292 δὲ
1501 5217 1610 5294 άπὸ
1634 5241 1743 5293 τῶν

216 5322 596 5388 τοιουτοτρῦπων
647 5327 985 5396 συμποσίων,
1012 5328 1133 5382 ὅσον
1182 5329 1406 5385 δυνατόν
1446 5334 1583 5397 ἐστι,
1638 5350 1743 5386 κωρ

219 5401 435 5466 λυθῶσιν.

222 5496 450 5559 Συνόδου
474 5511 884 5580 οίκουμενικῆς
914 5513 1093 5581 ἕκτης
1117 5516 1317 5569 κανὼν
1353 5517 1444 5578 υδ’,
1486 5517 1592 5581 05'.
1638 5517 1743 5583 ἵ-.ζό

277 5589 354 5645 (ιδ’.
383 5594 496 5650 Ὀτι
518 5601 577 5653 ού
611 5603 688 5656 δεῖ
713 5605 768 5657 ἐν
794 5608 904 5669 τοῖς
937 5606 1287 5676 Κυριακοῑςῆ
1313 5610 1368 5663 ὲν
1399 5611 1517 5674 ταῖς
1545 5610 1743 5677 ἐκκλη-

282 5786 318 5817 δ⁸
340 5790 501 5849 Mne.
528 5814 597 5868 ιι,
625 5800 713 5855 l7.

1848 4702 1942 4758 Dei
1972 4704 2276 4769 comedere,
2304 4712 2358 4757 et
2380 4703 2663 4758 accubitus
2691 4712 2957 4758 sternere.

2098 4794 2320 4848 Concilii
2377 4793 2811 4863 Cartltagt'nenst's
2862 4809 3031 4848 canon
3078 4791 3169 4847 42.

1918 4886 1987 4940 42
2023 4888 2085 4943 Ut
2112 4888 2168 4940 in
2192 4886 2421 4941 ecclesiis
2456 4887 2695 4941 convivia
2728 4887 2941 4940 minime
2965 4886 3305 4939 celebrentur.
3400 4900 3403 4903 λ

1919 5058 1988 5114 Ut
2026 5060 2160 5117 nulli
2189 5060 2427 5129 episcopi
2463 5059 2544 5114 vel
2568 5059 2755 5115 cleri‘ci
2784 5059 2838 5112 in
2870 5058 3100 5113 ecclesia
3126 5056 3419 5111 conviven-

1846 5162 1955 5215 tur,
1992 5153 2103 5206 nisi
2126 5152 2263 5206 forte
2290 5160 2638 5208 transeuntes
2690 5151 3057 5222 hospitiorum
3098 5147 3421 5203 necessitate

1845 5244 1954 5299 illic
1997 5243 2157 5315 169
2211 5244 2457 5298 reﬁciant
2493 5263 2507 5299 :
2542 5245 2728 5315 populi
2764 5245 2930 5299 etiam
2984 5244 3054 5297 ab
3106 5240 3417 5311 ltnjusmodi

1845 5336 2133 5402 conviviis,
2160 5343 2427 5405 quantum
2458 5335 2572 5390 ﬁeri
2603 5342 2784 5405 potest
2809 5333 3220 5405 prohibeantur.

1953 5513 2178 5568 Concilii
2212 5517 2516 5569 acumenici
2544 5516 2679 5569 sexti
2711 5531 2935 5569 canones
2964 5514 3047 5577 7i,
3097 5513 3181 5576 76,
3221 5509 3310 5565 97.

1925 5608 2009 5662 74.
2065 5607 2220 5672 Quod
2252 5623 2360 5664 non
2389 5617 2600 5679 oportet
2628 5608 2681 5663 in
2724 5607 3020 5663 Dominicis
3052 5604 3184 5661 locis
3222 5602 3303 5657 vel
3332 5615 3423 5655 ec-
