3874 6296
600 308 698 372 631
1786 324 2047 385 PHOTII
2087 329 2130 387 P

2267 330 2590 394 ιΙΑΡιΟΗιΕ
2615 336 2722 397 CP.
3715 356 3797 421 632

599 421 784 477 clesiis
814 436 908 478 eas
935 439 1058 494 quae
1087 425 1348 482 dicuntur
1385 442 1606 499 agapas,
1643 430 1692 485 id
1728 443 1831 497 est,
1877 436 2129 492 charitatl

2281 442 2446 508 σίαις,
2475 445 2575 509 τὰς
2619 444 2918 515 λεγομένας
2958 447 3185 517 ἀγάπας
3224 453 3418 516 ποιεῖν,
3471 456 3560 510 καὶ
3596 459 3719 515 ἔνδον
3755 473 3798 523 ὲν

600 510 800 577 facere,
831 522 885 567 et
942 515 1091 570 intus
1140 517 1194 570 in
1253 517 1371 572 aede
1425 521 1734 585 comedere,
1784 532 1839 577 et
1891 526 2125 581 accubitt

2281 533 2359 604 τῷ
2396 535 2531 607 οἴκῳ
2569 510 2791 605 ἐσθίειν,
2834 537 2930 591 καὶ
2970 510 3237 593 ἀκούὸιτα
3279 510 3723 613 στρωννύεινιηθλ

595 610 862 660 sternere.
903 605 1007 673 Qui
1037 616 1218 664 autem
1259 610 1363 666 hoc
1388 611 1508 667 ausi
1559 609 1785 678 fuerint,
1827 617 1911 670 vel
1939 632 2125 673 cessen

596 698 680 720 ..-.
710 710 1065 720 _---_-_-_.--_

2276 624 2437 678 τοῦτο
2469 605 2643 682 ποιεῖν
2674 628 3004 699 τολμῶντες,
3053 632 3087 702 ἢ
3121 605 3544 706 παυσάσθωσαν,
3587 642 3617 713 ἢ

596 698 682 750 vel
709 710 1086 771 segregentur.

1052 717 1086 757 Γ.
2279 710 2582 775 ζέσθωσαν.

660 786 924 855 76.Quod
957 806 1064 846 non
1098 794 1325 861 'oportet
1355 793 1495 850 intra
1522 805 1742 852 sanctos
1767 799 2024 866 ambitus,
2043 813 2173 865 etc.,

2290 880 2297 887 .
2345 805 2587 869 ος’.⁰’οτι
2614 808 2675 861 ού
2699 809 2804 881 χρὴ
2826 808 2973 866 ἔνδον
2987 811 3098 866 τῶν
3130 813 3292 885 ἱερῶν
3324 819 3632 888 περιϐόλων,
3647 840 3692 879 κ.
3708 845 3748 882 τ.
3761 830 3797 885 λ.

594 888 653 931 ut
692 896 855 945 supra
877 899 999 953 pag.
1036 882 1163 938 630.

663 970 754 1026 97.
788 970 895 1028 Eos
945 973 1039 1044 qui
1071 976 1155 1030 vel
1198 992 1324 1032 cum
1378 992 1546 1034 uxore
1585 978 1925 1048 cohabitant,
1955 994 2088 1050 etc.,
2116 994 2175 1040 ut

2057 1024 2088 1050 .,
2116 994 2175 1040 ut
2346 980 2449 1049 ιιξι.
2480 984 2618 1067 Τοὺς
2650 984 2684 1055 ἢ
2715 988 2928 1059 γαμετῇ
2964 986 3360 1055 συνοικοῦντας,
3387 1007 3442 1045 κ.
3466 1008 3518 1045 τ.
3541 994 3587 1047 λ.

590 1075 713 1132 pag.
744 1062 872 1120 630.

664 1152 730 1208 Et
758 1162 936 1211 const.
974 1157 1028 1223 5,
1086 1157 1169 1213 tit.
1204 1159 1291 1227 12,
1364 1160 1460 1215 lib.
1493 1160 1544 1219 L
1593 1160 1717 1217 eod.
1747 1172 1917 1228 vetat,
1955 1179 2023 1220 ne
2073 1167 2170 1236 qui

2350 1162 2460 1215 Καὶ
2496 1165 2529 1234 ἠ
2581 1171 2629 1232 γ’
2668 1165 2908 1232 διάταξις
2957 1167 3053 1225 τοῦ
3096 1168 3163 1239 ιβ’
3197 1168 3304 1222 τίτ.
3353 1168 3447 1221 τοῦ
3472 1175 3518 1222 α’
3563 1170 3691 1240 βιὸλ.
3729 1176 3802 1229 τοῦ

592 1241 657 1296 ad
694 1244 893 1314 templa
931 1246 1277 1319 confugiunt,
1308 1251 1360 1305 in
1403 1252 1471 1307 iis
1497 1254 1662 1306 edant
1709 1263 1806 1308 aut
1852 1255 2122 1312 dormiant

2274 1253 2431 1320 κὼδ.,
2453 1256 2651 1310 κωλύει
2681 1258 2809 1324 τοὺς
2839 1260 3287 1329 προσφεύγοντας
3310 1300 3326 1326 ,
3360 1262 3559 1316 ἐσθιειν
3582 1263 3613 1331 ἢ
3641 1267 3804 1321 καθεύι

592 1332 687 1388 sed
737 1349 927 1390 secure
979 1337 1032 1393 in
1080 1341 1390 1410 vestibulis,
1447 1346 1623 1409 atriis,
1667 1346 1992 1416 porticibus,
2054 1349 2117 1405 ba

2276 1344 2384 1399 δειν
2427 1346 2580 1409 ἐντὸς
2623 1348 2718 1400 τοῦ
2764 1349 2919 1414 ναοῦ,
2960 1349 3099 1404 ἀλλὰ
3130 1351 3342 1418 διάγειν
3394 1351 3640 1419 ἀσφαλῶς
3684 1356 3806 1421 ἐντὸς

590 1426 728 1494 neis,
766 1436 822 1483 et
846 1427 1022 1487 hortis
1062 1431 1283 1504 degant.

2275 1437 2381 1491 τῶν
2408 1437 2641 1509 πρώτων
2673 1439 2877 1511 θυρῶν,
2908 1442 2964 1494 ἐν
2998 1442 3213 1507 αὐλαῖς,
3243 1442 3338 1496 καὶ
3371 1442 3572 1504 στοαῖς,
3599 1444 3686 1497 καὶ
3708 1445 3805 1499 λου-

2270 1532 2441 1601 τροῖς,
2480 1533 2574 1585 καὶ
2600 1532 2819 1602 κήποις.

659 1606 813 1666 CAP.
838 1609 929 1665 lll.
963 1642 1033 1653 -—
1063 1614 1141 1670 De
1172 1618 1535 1685 spernentibus
1555 1639 1774 1695 agapas,
1802 1635 1854 1682 et
1876 1626 2016 1698 quod
2052 1626 2173 1682 inde

2330 1616 2595 1679 ΚΕΦΑΛ.
2645 1626 2684 1679 Γ
2687 1631 2720 1681 ’.
2744 1656 2815 1667 --
2843 1627 2987 1696 Περὶ
3024 1628 3142 1682 τῶν
3181 1627 3603 1691 εὐτελιζόντων
3626 1630 3719 1696 τὰς
3746 1650 3808 1700 γι-

584 1708 761 1767 partes
788 1703 1001 1768 auferre
1033 1723 1137 1760 non
1162 1718 1401 1778 ορονιεαι

2278 1714 2533 1783 νομένας
2563 1715 2823 1786 arduae,
2854 1718 2951 1773 καὶ
2981 1718 3069 1772 ὅτι
3115 1721 3187 1774 οὐ
3217 1718 3310 1773 δεῖ
3335 1720 3488 1789 μέρη
3524 1722 3808 1789 λαμϐάνειν

2203 1786 2245 1841 Β
2272 1807 2359 1872 εις
2388 1805 2645 1877 ἀγάπην.

920 1880 1147 1936 Concilii
1176 1882 1496 1956 Gattgrensis
1528 1905 1695 1944 canon
1728 1892 1814 1947 Η.

2574 1901 2847 1957 Συνόόου
2882 1904 3174 1973 Γαγγιοῶν
3205 1904 3408 1959 κανὼν
3446 1912 3534 1961 ια’.

657 1962 747 2018 il.
782 1963 838 2020 Si
861 1969 987 2038 quis
1013 1980 1326 2028 contemnat
1345 1990 1441 2031 eos
1465 1977 1558 2047 qui
1614 1994 1816 2049 agapas
1841 1996 1909 2037 ex
1951 1981 2054 2037 ﬁde
2085 1981 2166 2037 fa-

2350 2002 2440 2050 ια’.
2470 1995 2540 2049 Εἴ
2564 2013 2649 2061 τις
2680 1962 3065 2068 καταφρονοίῆ⁷
3099 1999 3207 2051 τῶν
3255 2000 3319 2052 ὲκ
3365 1999 3602 2065 πίστεως
3632 2002 3808 2070 ἀγάπας

587 2055 762 2120 ciunt,
791 2067 842 2113 et
866 2071 1090 2131 pr0pter
1104 2061 1202 2119 Dei
1233 2064 1499 2123 honorem
1521 2067 1721 2125 fratres
1751 2081 2077 2141 convocant,
2108 2093 2117 2127 ι

2278 2085 2679 2154 τοιούντων,καὶ
2690 2088 2777 2143 διὰ
2787 2107 2837 2143 τι
2845 2088 2950 2159 μὴν
2969 2089 3062 2144 τοῦ
3079 2091 3123 2144 Κ
3133 2092 3284 2163 υρίου
3301 2093 3698 2159 συγκαλούντων
3710 2095 3808 2157 τοὺς

587 2147 724 2201 nolit
773 2151 1155 2209 voeationibus
1186 2158 1616 2225 communicare,
1649 2160 1797 2231 quod
1831 2162 1883 2216 id
1920 2164 2063 2233 quod
2097 2163 2117 2219 ί

2273 2147 2574 2248 ἀδελφοὺς,
2593 2182 2689 2234 καὶ
2729 2180 2805 2252 μὴ
2835 2147 3011 2236 ἐθέλοι
3048 2147 3323 2236 κοινωνεῖν
3345 2147 3470 2246 ταῖς
3496 2184 3706 2253 κλήσεσι
3738 2147 3803 2238 διά

586 2234 905 2306 vilipendat,
924 2240 995 2295 sit
1019 2244 1332 2299 anathema.
2272 2268 2333 2321 τὸ
2355 2234 2711 2336 ὲέευτέλὶζειν
2729 2234 2807 2324 ιἰτδ
2836 2234 3153 2343 γινόμενον,
3172 2234 3424 2342 άνάθεμα

922 2333 1150 2391 Concilii
1172 2336 1456 2395 Laodicem‘
1480 2359 1647 2399 canon
1679 2343 1769 2402 27.
2395 2333 2409 2336 ⁷

2395 2333 2409 2336 ν
2557 2333 2828 2417 Σὺνόδου
2848 2333 3211 2431 ⁷Λαοδικείας
3237 2333 3440 2418 κακῶν
3466 2364 3547 2428 κζ’
3553 2404 3567 2420 .

650 2422 742 2477 27.
769 2424 923 2490 Quod
956 2444 1064 2484 non
1096 2441 1311 2500 oportet
1332 2449 1428 2490 eos
1480 2437 1574 2506 qui
1603 2437 1807 2493 sacrati
1835 2447 1964 2493 sunt
2012 2439 2162 2496 ordi-

2339 2450 2443 2514 κζ’.
2483 2452 2606 2505 Ὀτι
2639 2453 2699 2505 ού
2743 2452 2826 2505 δεῖ
2858 2422 3203 2522 ἱερατικοὺς,
3236 2454 3268 2524 ἢ
3304 2422 3624 2523 κληρικοὺς,
3656 2454 3686 2521 ἢ
3721 2455 3808 2506 λαῖ-

581 2515 689 2578 nis,
741 2517 825 2571 vel
872 2520 1101 2579 clericos
1152 2526 1235 2581 vel
1293 2529 1482 2597 laitos,
1540 2531 1610 2586 ad
1661 2548 1863 2603 agapas
1913 2545 2109 2591 vocato

2278 2542 2420 2605 κους,
2458 2541 2826 2611 καλουμένους
2871 2515 2950 2604 είς
3000 2515 3223 2612 ἀγάπην
3255 2515 3636 2612 μέρη-,αἴρειὴ
3668 2515 3808 2596 διὰτὸ

581 2615 765 2675 partes
796 2612 1006 2678 tollere,
1047 2631 1114 2671 eo
1146 2620 1294 2689 quod
1355 2621 1655 2692 ignominia
1699 2626 1952 2682 inuratur
1980 2629 2111 2683 ordil

582 2701 929 2756 sacerdotali.

2276 2629 2349 2703 μὴ
2414 2630 2574 2703 ὓϐριν
2618 2635 2686 2704 τῇ
2737 2633 2889 2698 τάξει
2944 2632 3374 2705 προστρίϐεσθαι
3429 2635 3499 2704 τῇ
3553 2634 3806 2705 ἐκκλησια-

2276 2727 2426 2756 .-.να

582 2704 929 2760 sacerdotali.

922 2742 929 2759 .
2269 2727 2452 2797 στικῇ.

588 2913 1820 2942 Μ

1952 3089 2356 3180 ’1³ΙΤΛΟΣ
2436 3094 2568 3194 α’.

1865 3272 2027 3326 ΠΕΡί
2060 3272 2570 3332 ΚΑΡΠΟΦΟΡΙΩΝ.

1770 3582 1929 3653 170
1988 3598 2454 3679 TlTULUS
2512 3601 2648 3680 VI.

1672 3773 1761 3829 οε
1800 3750 2185 3835 FBUCTUUM
2218 3777 2741 3838 oanomnns.

650 3942 881 4000 CAPUT
916 3943 1663 4021 PRIMUM.—Apostolorum
1676 3968 1899 4005 canones
1919 3954 1972 4018 5,
1989 3953 2043 4016 4,
2067 3952 2153 4007 71.

2332 3954 2734 4010 ΚΕΦΑΔΑΙΟΝ
2763 3955 3062 4009 ΠΡΩΤΟΝ.
3104 3988 3174 3997 —
3210 3956 3604 4014 Ἀποστόλων
3640 3956 3805 4011 κανὼν

684 4125 755 4180 54
774 4125 830 4180 Si
851 4126 974 4196 quis
999 4127 1288 4201 episcopus
1308 4131 1391 4185 vel
1426 4131 1710 4202 presbyter
1731 4141 1922 4202 przeter
1943 4132 2153 4189 Domini

2377 4057 2412 4114 ',
2438 4056 2536 4103 οα’.

2271 4051 2400 4210 Γᾷ,
2431 4142 2494 4196 δ’.
2529 4141 2598 4194 Et
2624 4158 2709 4205 τις
2742 4141 3043 4202 ἐπίσκοπος
3084 4141 3116 4211 ἢ
3149 4140 3527 4212 πρεσϐύτερος
3564 4142 3701 4213 παρὰ
3727 4140 3801 4209 τὴν

577 4216 993 4281 ordinationem,
1009 4230 1139 4283 etc.,
1159 4230 1217 4274 ut
1245 4236 1405 4290 supra
1429 4235 1552 4292 pag.
1586 4221 1713 4276 442.

2255 4231 2349 4286 τοῦ
2384 4232 2584 4304 Κυρίου
2613 4230 2873 4296 διάταξιν,
2903 4248 3062 4302 usque
3091 4233 3160 4286 ad
3182 4234 3485 4305 κληρικοῖς.

653 4308 716 4363 71
761 4307 876 4383 [70]
919 4309 975 4365 Si
1032 4312 1159 4382 quis
1192 4313 1543 4375 Christianus
1599 4315 1781 4369 oleum
1836 4314 2046 4370 deferat
2096 4317 2151 4371 in

2324 4329 2425 4377 οα’.
2464 4324 2530 4377 Et
2556 4340 2639 4388 τις
2664 4324 3011 4397 Χριστιανὸς,
3044 4325 3222 4377 ἔλαιον
3258 4326 3561 4396 ἀπενέγκοι
3583 4327 3655 4388 εἰς
3685 4325 3799 4393 iam:

577 4402 842 4472 templum
895 4405 1162 4474 gentium,
1215 4406 1300 4459 vel
1341 4407 1397 4461 in
1452 4422 1787 4477 synagogam
1839 4406 2107 4464 Judaaorul

2266 4413 2424 4467 ἐθνῶν
2473 4414 2506 4485 ἢ
2551 4417 2631 4480 εἰς
2678 4415 2999 4488 συναγωγὴν
3041 4417 3310 4470 Ἰουδαίων
3356 4419 3415 4470 ἐν
3461 4420 3585 4481 ταῖς
3620 4419 3796 4487 ἑορταῖς

576 4494 631 4548 in
661 4509 850 4550 eorum
885 4495 1067 4562 festis,
1096 4504 1156 4551 ut
1185 4496 1463 4551 lucernam
1495 4498 1784 4563 accendat,
1808 4509 2106 4569 segregetul

1916 4509 2146 4569 regetur.
2257 4504 2459 4569 αὐτῶν,
2492 4506 2527 4577 ἢ
2560 4507 2786 4578 λύχνους
2822 4508 3040 4577 ἀνάψοι,
3075 4507 3446 4577 ἀφοριζέσθω.

646 4582 1281 4643 Coneiliiwcumenicivr
1330 4604 1555 4643 canones
1603 4588 1697 4656 28,
1739 4591 1829 4657 57,
1866 4591 1954 4657 79,
1988 4592 2079 4648 99.

2263 4599 2528 4653 Συνόδου
2589 4599 3007 4723 οὶκουμενικέξς
3032 4600 3240 4724 ιῆιῖκτης
3311 4599 3519 4654 κανὼν
3578 4605 3678 4670 κη’.
3717 4598 3793 4663 vs".

2887 4689 2916 4723 ο
2950 4677 2983 4724 ⁸.
3104 4678 3136 4724 ’.

2887 4675 2983 4733 σθ’,
3032 4675 3136 4737 ιιθν.

643 4763 738 4819 28.
773 4763 1045 4831 Quoniam
1100 4769 1154 4823 in
1200 4768 1436 4824 diversis
1475 4770 1725 4827 ecclesiis
1757 4771 2148 4839 intelleximus,

2323 4756 2429 4829 κη’.
2479 4759 2697 4829 Ἐπειδὴ
2734 4762 2793 4813 έν
2821 4759 3097 4831 διαφόροις
3148 4758 3473 4829 ἐκκλησίαις
3510 4757 3795 4829 μεμαθήκαο

570 4868 702 4921 una,
728 4864 859 4921 etc.,
890 4865 949 4910 ut
966 4874 1087 4928 pag.
1112 4857 1236 4912 598.

2255 4866 2375 4920 μεν,
2409 4852 2703 4923 σταφυλῆς,
2726 4870 2781 4906 κ.
2810 4869 2861 4905 τ.
2894 4852 2942 4905 λ.

640 4945 732 5000 57.
764 4945 922 5014 Quod
951 4951 1017 5003 ad
1040 4950 1212 5007 altare
1227 4951 1334 5007 mel
1363 4958 1418 5006 et
1440 4953 1524 5009 lac
1549 4954 1745 5011 oli'erre
1774 4973 1882 5012 non
1913 4970 2145 5030 oportet.

2317 4940 2419 5007 νξο
2450 4944 2572 4996 Ὅτι
2625 4944 2686 4996 οὐ
2715 4943 2823 5015 χρὴ
2866 4944 2925 4996 ὲν
2972 4946 3082 5007 τοῖς
3117 4941 3531 5015 θυσιαστηρίοις
3577 4940 3690 5012 μέλι
3718 4934 3792 4990 καὶ

2251 5034 2393 5102 γάλα
2422 5035 2849 5105 προσφέρεσθαι.

641 5107 730 5162 79.
787 5108 1008 5179 Absque
1054 5112 1181 5169 ullis
1227 5116 1545 5171 secundinis
1572 5133 1640 5172 ex
1674 5118 1890 5190 virgine
1928 5128 2145 5190 partum

2318 5126 2415 5181 οϐ’.
2459 5126 2770 5198 Ἀλόχευτον
2817 5129 2910 5183 τὸν
2946 5131 3011 5183 ἐκ
3048 5129 3147 5199 τῆς
3176 5128 3457 5200 Παρθένου
3484 5127 3626 5181 θεῖον
3651 5124 3794 5177 Τόκσν

566 5214 689 5255 esse
717 5202 1041 5261 conﬁtentes
1067 5218 1127 5261 ut
1150 5208 1245 5278 qui
1283 5209 1403 5264 sine
1454 5210 1663 5265 semine
1691 5212 2025 5268 constitutus
2053 5214 2096 5267 si

2260 5219 2664 5289 ὃμολογοῦντες,
2690 5221 2767 5284 ὡς
2793 5222 2887 5274 καὶ
2913 5222 3169 5292 ὰσπόρως
3201 5222 3497 5281 συστάντα,
3532 5220 3623 5273 καὶ
3655 5213 3790 5269 παντὶ

566 5291 733 5361 idque
777 5293 874 5347 toti
938 5297 1089 5367 gregi
1145 5300 1565 5364 annuntiantes,
1623 5316 1719 5357 eos
1772 5304 1865 5372 qui
1922 5315 2096 5374 propin

2262 5311 2323 5382 rip
2350 5312 2587 5382 ποιμνίῳ
2612 5313 2981 5385 κηρύσσοντες
3006 5355 3019 5378 ,
3054 5291 3181 5377 τοὺς
3206 5313 3264 5377 ἐξ
3300 5312 3528 5380 ἀγνοίας
3558 5310 3792 5378 πράττον-

562 5380 929 5451 ignorantiam
974 5387 1177 5457 aliquid
1222 5390 1429 5446 faciunt
1460 5391 1610 5462 quod
1656 5408 1761 5447 non
1802 5394 1976 5461 decet,
2019 5410 2092 5450 co:

2256 5380 2349 5466 τάς
2378 5421 2432 5457 τι
2452 5380 2586 5458 -τῶν
2614 5380 2952 5470 οὐηδεόντων,
2998 5406 3281 5477 διορθώσει
3314 5402 3786 5470 καθυποὸἁλλομεν.

563 5474 792 5529 rectioni
852 5477 1199 5545 subiicimus.
1254 5481 1438 5548 Quare
1488 5484 1750 5554 quoniam
1806 5486 1976 5556 aliqui
2018 5503 2093 5558 po:

2258 5493 2418 5548 Ὀθεν
2443 5495 2629 5565 ἐπειδὴ
2669 5513 2814 5559 τινες
2846 5499 2983 5567 μετὰ
3007 5474 3106 5569 τὴν
3136 5500 3347 5571 ἡμέραν
3369 5500 3467 5570 τῆς
3497 5498 3653 5566 ἁγίας
3676 5496 3788 5561 KP“

562 5575 767 5622 sanctae
795 5566 998 5626 Christi
1032 5571 1137 5628 Dei
1171 5577 1346 5631 nostri
1389 5577 1689 5633 nativitatis
1722 5579 1866 5633 diem
1899 5580 2092 5636 simila:

2257 5584 2376 5638 στοῦ
2407 5586 2502 5639 τοῦ
2526 5586 2662 5639 Θεοῦ
2690 5586 2846 5657 ἡμῶν
2881 5591 3187 5658 γεννήσεως
3216 5591 3517 5644 δείκνυνται
3543 5584 3787 5657 σεμίδαλιν

562 5673 799 5727 coquere
826 5665 1213 5734 ostenduntur,
1262 5676 1316 5722 et
1350 5683 1471 5725 eam
1512 5670 1615 5726 sibi
1649 5671 1884 5726 invicem
1938 5673 2092 5744 impei

2255 5676 2490 5745 ἕψοντες,
2523 5676 2615 5730 καὶ
2644 5676 2850 5749 ταύτης
2879 5678 3128 5748 ἀλλήλοις
3156 5679 3521 5748 μεταδιδόντες
3545 5675 3785 5745 προφάσει

570 5750 679 5818 tiri,
710 5752 934 5814 honoris
978 5758 1185 5817 scilicet
1234 5768 1498 5831 praetextu
1558 5761 1986 5820 scéundinarum
2031 5766 2100 5822 im

2249 5768 2405 5840 τιμῆς
2430 5770 2591 5842 δῆθεν
2627 5770 2849 5839 λοχεέων
2882 5771 2982 5841 τῆς
3009 5771 3274 5840 ἀχράντου
3306 5767 3779 5838 Παρθενομήτορφςν
