4012 6404
144 376 238 440 633

996 378 1391 439 SYNTAGMA
1420 374 1787 437 CANONUM
1826 401 1896 411 --
1919 374 2067 434 Tl'l‘.
2118 371 2219 445 Vl,
2272 371 2430 433 CAP.
2462 368 2627 429 I-VI.

3288 357 3393 422 634

142 487 390 556 ὁρίζομεν
426 484 593 556 μηδὲν
628 486 871 541 τοιοῦτον
902 486 1009 540 ὑπὸ
1029 489 1139 542 τῶν
1169 489 1377 543 πιστῶν
1400 489 1704 543 τελεῖσθαι·
1735 555 1736 558 η

1821 485 2028 552 polluta:
2056 484 2283 554 virginis
2314 483 2523 545 matris,
2565 478 2883 538 statuimus,
2913 482 2973 528 ut
3014 473 3272 541 deinceps
3303 472 3391 523 ni-

144 578 199 631 οὑ
226 578 335 647 γάρ
364 577 499 648 τιμή
524 594 587 643 γε
612 576 772 632 τοῦτο
797 580 862 649 τῇ
889 579 1170 650 Παρθένῳ,
1202 583 1268 651 τῇ
1300 580 1440 651 ὑπὲρ
1464 578 1591 634 νοῦν
1614 580 1708 633 καὶ

144 667 294 734 λόγον
326 668 420 721 τὸν
453 667 738 737 άχώρητον
769 668 1005 742 τεκούσῃ
1034 670 1211 739 Λόγον
1263 672 1449 741 σαρκὶ,
1498 673 1562 724 ὲκ
1598 671 1708 723 τῶν

146 759 330 813 κοινῶν
357 777 417 812 τε
447 760 541 813 καὶ
568 761 690 814 καθ’
717 762 882 831 ἡμᾶς,
918 763 985 816 τὰ
1021 762 1164 817 κατὰ
1191 762 1283 817 τὸν
1307 764 1584 833 ἄφραστον
1613 762 1710 815 αύ-

143 854 235 923 τῆς
261 854 421 907 τόκον
469 855 671 926 ὁρίζειν
706 856 1070 927 ὑπογράφειν.
1104 858 1171 912 Εἴ
1208 874 1293 921 τις
1326 853 1420 911 οὖν
1463 856 1571 911 ἀπὸ
1612 855 1706 909 τοῦ

145 943 231 999 νῦν
258 945 517 1015 πράττων
555 946 797 1001 τοιοῦτον
837 950 1114 1019 φωραθείη
1138 989 1153 1012 ,
1203 951 1251 1003 εί
1301 950 1401 1020 μὲν
1447 948 1704 1021 κληρικδς

146 1038 221 1107 εἵη
248 1038 617 1109 καθαιρείσθω
636 1056 651 1072 ·
687 1043 735 1093 εί
756 1042 811 1094 δὲ
840 1043 1045 1109 λαῖκὸς,
1071 1041 1437 1113 ἀφοριζέσθω.

207 1301 307 1369 ἥθ’.
343 1304 456 1357 Καὶ
484 1304 641 1359 τοῦτο
667 1305 724 1359 δὲ
753 1307 812 1360 ὲν
844 1310 911 1379 τῇ
938 1308 1244 1380 ’Λρμενίων
1268 1310 1423 1383 χώρᾳ
1458 1311 1704 1381 γίνεσθαι

151 1395 559 1467 μεμαθήκαμεν,
589 1396 665 1463 ὥς
694 1416 840 1463 τινες
879 1402 1027 1458 ἔνδον
1071 1405 1131 1457 έν
1169 1406 1282 1469 τοῖς
1314 1405 1477 1476 ίεροίς
1514 1404 1706 1458 θυσια-

148 1488 374 1557 στηρίοις
402 1488 539 1560 μέλη
570 1490 748 1560 κρεῶν
801 1490 1044 1562 ἕψοντες,
1077 1495 1446 1564 προσάγουσιν
1474 1497 1705 1566 ἀφαιρέ-

152 1596 282 1647 ματα
322 1583 438 1643 τοῖς
489 1582 728 1652 ἱερεῦσιν
774 1586 1085 1651 Ἰουδαϊκῶς
1117 1589 1507 1658 ἀπονέμοντες.
1541 1589 1707 1644 Ὅθεν

148 1672 292 1741 ἡμεῖς
334 1673 396 1726 τὸ
445 1674 551 1745 τῆς
592 1677 888 1749 ἐκκλησίας
941 1679 1302 1747 φυλάττοντες
1349 1680 1701 1751 ἀκηλίδωτον,

149 1764 402 1834 ὁρίζομεν,
452 1767 532 1839 μὴ
568 1768 769 1833 ἐξεῖναί
815 1789 921 1824 τινι
954 1772 1063 1825 τῶν
1108 1772 1299 1842 ίερέων
1343 1773 1704 1843 ἀφωρισμένα

1809 578 1886 633 hil
1919 579 2027 634 tale
2051 577 2148 632 ﬂat
2193 592 2223 632 a
2256 576 2525 631 ﬁdelibus.
2571 573 2757 642 Neque
2791 569 2939 624 enim
2973 568 3078 622 hoc
3106 566 3282 620 honor
3306 571 3391 617 est

1808 669 2056 739 virginis,
2087 685 2210 738 quae
2239 683 2405 738 supra
2455 674 2692 732 mentem
2744 672 2798 717 et
2847 673 3181 723 sermonem,
3240 656 3387 725 quod

1809 760 2196 829 comprehendi
2237 775 2346 814 non
2386 766 2564 828 potest
2593 756 2819 811 verbum
2853 752 3063 823 peperit
3089 763 3275 811 carne,
3317 762 3385 801 ex

1807 854 2190 909 communibus
2213 864 2267 907 et
2320 853 2390 907 iis
2421 868 2543 921 qua:
2582 851 2635 904 in
2665 848 2820 918 171
2857 844 3015 900 nobis
3050 846 3210 908 llunt,
3234 841 3387 905 {inc—

1808 944 2138 1000 narrabilem
2180 943 2300 1013 ejus
2348 952 2561 1013 partum
2621 940 2873 1005 deﬁnire,
2936 936 3140 999 metiri,
3177 949 3243 988 ac
3290 932 3385 986 de-

1808 1038 2067 1093 scribere.
2094 1038 2150 1092 Si
2184 1036 2309 1106 quis
2344 1052 2473 1102 ergo
2504 1035 2760 1104 deinceps
2802 1034 2906 1086 hoc
2948 1029 3131 1085 facere
3169 1042 3386 1097 aggres-

1808 1142 1904 1185 sus
1937 1129 2120 1193 luerit,
2166 1128 2211 1185 si
2242 1128 2312 1184 sit
2360 1128 2577 1198 quidem
2640 1126 2896 1189 clericus,
2936 1123 3283 1192 deponatur:
3336 1116 3384 1172 si

1806 1235 1936 1275 vero
1973 1220 2165 1286 laicus,
2206 1228 2542 1289 segregetur.

1875 1311 1964 1367 99.
1991 1312 2162 1367 Porro
2191 1311 2297 1366 hoc
2347 1324 2566 1379 quoque
2625 1308 2681 1362 in
2715 1306 3102 1362 Armeniorum
3157 1301 3383 1371 regione

1808 1404 1921 1459 lieri
1952 1403 2265 1467 didicimus,
2296 1404 2441 1472 quod
2468 1401 2691 1470 quidam
2728 1400 2875 1453 intus
2912 1398 2967 1451 in
3006 1395 3177 1451 sacris
3247 1393 3384 1446 alta-

1807 1494 1959 1548 ribus
1986 1493 2234 1548 carnium
2288 1491 2531 1546 membra
2576 1496 2870 1559 coquentes
2895 1486 3097 1541 frustra
3157 1482 3385 1536 oll‘erent

1806 1586 2187 1641 sacerdotibus
2213 1583 2440 1638 Judaiee
2462 1582 2871 1637 distribuentcs.
2900 1577 3166 1645 Quocirca
3195 1572 3386 1627 Eccle-

1806 1679 1943 1734 siam
1977 1677 2382 1731 immaculatam
2413 1684 2713 1741 servantes,
2773 1672 3069 1728 statuimus
3122 1665 3255 1721 nulli
3319 1664 3386 1717 li-

1804 1783 1927 1824 cere
1955 1768 2222 1825 sacerdoti
2251 1775 2497 1837 separata
2521 1767 2765 1820 carnium
2797 1762 3034 1817 membra
3055 1759 3122 1813 ab
3152 1757 3386 1811 oll'eren-

150 1856 307 1926 κρεῶν
334 1859 473 1929 μέλη
505 1863 660 1932 παρὰ
684 1862 793 1916 τῶν
822 1866 1206 1935 προσαγόντων
1235 1865 1557 1935 λαμϐάνειν,
1586 1866 1701 1919 ἀλλ’

1821 1862 1951 1917 Lihus
1976 1862 2252 1931 accipere;
2281 1861 2349 1915 iis
2373 1860 2483 1915 sint
2521 1859 2784 1918 contenti,
2830 1870 2951 1925 quae
2989 1851 3236 1907 ollerenti
3268 1849 3384 1901 visa

150 1941 220 2008 οἷς
244 1949 441 2021 ἀρεσθῇ
474 1952 506 2004 ό
542 1954 854 2024 προσάγων,
904 1955 1118 2020 τούτοις
1160 1957 1556 2027 ἀρκείσθωσαν,
1599 1959 1706 2024 ἐξω

148 2040 233 2108 τῆς
258 2042 554 2112 ἐκκλησίας
582 2045 683 2115 τῆς
711 2047 971 2118 τοιαύτης
999 2051 1295 2119 γινομένης
1313 2051 1701 2122 προσαγωγῆς·

150 2132 191 2184 εἰ
213 2132 263 2184 δέ
284 2150 361 2196 τις
391 2134 467 2204 μὴ
499 2135 663 2189 τοῦτο
690 2136 832 2192 οὕτω
862 2144 1013 2211 ποιῇ,
1055 2141 1419 2212 ἀφοριζέσθω.

178 2224 464 2290 Κυρίλλου
530 2227 600 2279 ἐκ
657 2227 768 2294 τῆς
826 2233 993 2351 πρὸςϐ
1031 2234 1263 2302 Δόμνον
1334 2233 1665 2304 ἐπιστολῆς

806 2317 931 2351 κειο.
997 2308 1030 2351 ’-

844 2318 931 2357 εφ.
965 2308 1030 2357 β’.

207 2383 279 2438 Τὰ
304 2385 358 2439 δὲ
390 2387 599 2453 ἀδίκως
622 2317 931 2461 inuasit-5:.
1124 2395 1173 2449 λ.

217 2569 274 2622 Ἦ
302 2569 380 2640 λη’
406 2570 660 2638 διάταξις
690 2575 783 2629 τοῦ
812 2577 862 2645 γ’
884 2577 987 2632 τίτ.
1011 2578 1109 2643 Δτοῦ
1144 2586 1193 2634 α’
1234 2579 1373 2651 etot.
1410 2584 1595 2654 φησὶν,
1622 2586 1704 2638 ὅτι

151 2659 202 2713 οὐ
231 2658 304 2713 δεῖ
323 2662 447 2725 τοὺς
478 2664 825 2730 ἐπισκόπους
864 2667 896 2737 ἢ
929 2669 1055 2731 τοὺς
1099 2670 1416 2741 κληρικοὺς,
1456 2677 1704 2742 ἀναγκάσ-

154 2751 247 2815 ξειν
269 2754 411 2817 τινὰς
436 2755 838 2828 καρποφορεῖν,
884 2759 917 2829 ἢ
964 2761 1265 2832 ἀγγαρείας
1299 2764 1523 2831 διδόναι,
1555 2767 1589 2837 ἢ
1617 2766 1706 2821 διὰ

154 2843 297 2897 ταῦτα
321 2846 626 2919 ἀφορίζειν,
660 2851 692 2920 ἢ
719 2851 1164 2922 ἀναθεματίζειν,
1199 2855 1231 2925 ἢ
1257 2856 1332 2926 μὴ
1362 2857 1561 2912 διδόναι
1588 2877 1704 2912 κοι-

157 2938 344 3002 νωνίαν,
382 2938 415 3010 ἢ
460 2940 535 3011 μὴ
578 2940 887 3010 βαπτίζειν,
932 2944 1027 2998 καὶ
1057 2945 1177 3009 ἔθος
1219 2948 1494 3019 ἐκράτησε
1528 2951 1704 3005 τοιοῦ-

158 3028 317 3083 τον.Ὀ
340 3031 394 3083 δὲ
427 3032 810 3103 παραϐαίνων,
847 3036 1104 3091 ἐκπίπτει
1131 3038 1230 3109 τῆς
1260 3041 1584 3113 Ἐκκλησίας
1609 3044 1705 3097 καὶ

160 3122 239 3189 τῆς
291 3120 608 3194 διοικήσεως
661 3125 852 3195 αὐτῆς,
908 3128 1002 3181 καὶ
1055 3129 1241 3182 δίδωσι
1302 3131 1434 3185 δέκα
1491 3133 1700 3203 λίτρας.

161 3208 322 3267 Ταῦτα
347 3215 401 3269 δὲ
433 3223 633 3286 κρατεῖ
658 3220 714 3271 ἐν
742 3221 878 3293 μόνῃ
909 3224 973 3293 τῇ
1008 3221 1365 3295 βασιλευούσῃ
1398 3224 1490 3277 καὶ
1516 3228 1581 3296 τῇ
1614 3228 1705 3278 ἐν·
1729 3215 1772 3276 C

162 3306 264 3377 ορίᾳ
296 3311 477 3381 αὐτῆς,
508 3314 610 3365 καὶ
660 3317 768 3377 τοῖς
811 3316 1075 3383 ἀνήκουσι
1108 3316 1294 3380 τόποις
1324 3319 1435 3379 τοῖς
1477 3319 1581 3371 ὑπὸ
1610 3318 1705 3371 τοῦ

165 3399 471 3470 πατριάρχου
499 3404 1001 3474 χειροτονουμένοις
1036 3406 1456 3476 μητροπολίταις
1478 3447 1492 3469 ,
1534 3408 1567 3480 ἢ
1595 3412 1708 3472 τοῖς

165 3486 213 3550 ἐξ
256 3490 464 3545 ἐκείνων
520 3493 836 3563 γινομένοις
898 3497 1252 3559 ἐπισκόποις·
1305 3497 1581 3565 ἀνάγνωθι
1640 3499 1711 3552 τὰ

167 3585 649 3655 παραγεγραμμένα
681 3587 739 3637 ἐν
782 3584 860 3657 τῷ
884 3594 933 3640 α’
970 3605 1095 3656 κεφ.
1136 3588 1229 3641 τοῦ
1266 3588 1311 3658 β’
1360 3589 1468 3647 τίτ.
1515 3588 1709 3645 τούτου

166 3670 243 3724 τοῦ
268 3676 639 3745 συντάγματος
689 3679 818 3748 περὶ
864 3680 1211 3750 προσφορῶν,
1243 3682 1337 3733 καὶ
1367 3681 1476 3734 τῶν
1502 3682 1709 3752 δωρου-

172 3764 320 3832 μένων
343 3769 374 3839 ἢ
407 3769 979 3843 καταλιμπανομένων
1009 3772 1263 3843 εύαγὲσιν
1288 3777 1478 3839 οἴκοις.

226 3946 451 4001 ΚΕΦΑΛ.
483 3951 562 4005 B'.
592 3981 664 3991 —
693 3951 867 4017 Τίνας
900 3950 995 4004 δεῖ
1021 3950 1353 4021 λαμϐάνειν
1399 3952 1437 4020 ἢ
1482 3952 1713 4006 διδόναι

172 4042 571 4108 καρποφορίαν,
607 4043 706 4095 καί
757 4043 892 4111 περὶ
944 4043 1066 4098 τῶν
1112 4047 1542 4114 λαμϐανόντων
1593 4046 1713 4100 ἀπὸ

171 4125 469 4198 ἐκκλησίας
508 4134 705 4199 κηρὸν
731 4134 768 4201 ἢ
808 4136 1034 4190 ἔλαιον.

548 4227 930 4291 Ἆποστόλων
959 4227 1162 4283 κανὼν
1192 4228 1292 4301 οβ’.

228 4313 313 4382 οβ’.
346 4316 410 4369 Ei'
429 4336 508 4383 τις
545 4319 813 4389 κληρικδς
838 4320 872 4392 ἦ
900 4321 1104 4387 λαῖκδς,
1131 4323 1241 4376 ἀπὸ
1267 4322 1369 4393 τῆς
1413 4322 1573 4391 ἁγίας
1624 4324 1717 4377 ὲκ-

174 4402 370 4477 κλησίας
397 4411 667 4480 ἀφέληται
696 4412 865 4483 κηρὸν
891 4412 924 4483 ἢ
957 4413 1160 4478 ἔλαιον,
1217 4415 1591 4483 ἀφοριζέσθω,
1621 4416 1715 4469 καὶ

175 4495 227 4547 τὸ
246 4500 577 4572 ἐπίπεμπτον
608 4505 945 4575 προπιθέτω
978 4506 1097 4575 μεθ’
1125 4499 1187 4560 οὗ
1217 4506 1431 4562 ἔλαϐεν.

417 4596 690 4650 Συνόδου
719 4596 1007 4666 Γαγγρῶν
1027 4598 1231 4652 κανὼν
1254 4599 1320 4664 ζ’,
1352 4600 1424 4670 η’.

234 4679 290 4742 ζ’.
328 4683 395 4739 Εἴ
446 4703 531 4749 τις
593 4688 969 4757 καρποφορίας
1000 4690 1494 4761 ίέκκλησιαστικὰς
1538 4692 1710 4747 ἐθέλοι

178 4765 459 4844 λαμδάνειν,
492 4780 527 4850 ἦ
556 4779 755 4832 διδόναι
777 4779 882 4845 ἔξω
908 4780 1007 4850 τῆς
1032 4782 1338 4851 ἐκκλησίας
1370 4783 1522 4852 παρὰ
1566 4785 1711 4852 γνώ-

181 4876 268 4929 μην
313 4866 400 4919 τοῦ
457 4869 780 4934 ἐπισκόπου,
843 4869 876 4940 ἢ
939 4870 1032 4923 τοῦ
1092 4874 1578 4944 ἑγκεχειρισμένου
1645 4875 1714 4930 τὰ

179 4952 385 5020 τοιαῦτα,
419 4962 512 5011 καὶ
562 4960 637 5029 μὴ
672 4960 811 5027 μετὰ
844 4959 1066 5032 γνώμης
1098 4963 1262 5016 αὑτοῦ
1318 4965 1494 5018 ἐθέλοι
1534 4968 1713 5036 πράτ-

179 5057 289 5110 τειν,
318 5049 558 5120 ἀνάθεμα
588 5054 749 5107 ἔστω.

236 5144 299 5205 η’.
343 5141 406 5194 Εἰ
445 5161 527 5207 τις
561 5145 696 5199 διδοῖ
742 5147 777 5218 ἢ
823 5147 1092 5219 λαμϐάνει
1136 5153 1521 5222 καρποφορίαν
1571 5171 1715 5225 παρ-

183 5231 309 5296 εκτὸς
334 5237 421 5291 τοῦ
457 5242 779 5309 ἐπισκόπου,
808 5242 841 5310 ἢ
872 5242 965 5295 τοῦ
1000 5244 1431 5313 ὲπιτεταγμένου
1461 5248 1541 5309 είς
1569 5248 1717 5300 οἰκο-

184 5324 345 5391 νομίαν
372 5331 634 5399 εὐποιίας,
667 5334 761 5387 καὶ
791 5335 820 5387 ὁ
846 5333 1019 5398 διδοὺς
1058 5336 1152 5389 καὶ
1182 5337 1210 5389 ό
1243 5336 1539 5406 λαμϐάνων
1575 5339 1711 5393 ἀνάο

186 5410 303 5482 θεμα
326 5418 477 5476 ἔστω.

272 5512 545 5581 Θεοφίλου
565 5519 633 5572 ἐκ
661 5518 766 5572 τοῦ
798 5519 1282 5589 ’Υπομνηστικοῦ
1310 5520 1515 5574 κανὼν
1537 5521 1605 5584 ζ’.

199 5687 207 5699 ι
242 5595 299 5699 εἰ.
328 5604 406 5699 Τᾶι
425 5613 836 5681 προσφερόμενα
880 5612 960 5675 εἰς
1006 5611 1165 5680 λόγον
1211 5612 1439 5678 θυσίας,
1479 5614 1618 5682 μετὰ
1649 5614 1715 5667 τὰ

190 5692 548 5768 ἀναλισκόμενα
590 5706 668 5766 είς
717 5704 813 5773 τὴν
864 5705 973 5759 τῶν
1026 5705 1342 5777 μυστηρίων
1401 5706 1612 5777 χρείαν,
1665 5708 1715 5759 οἱ

192 5779 406 5853 κληρικοὶ
432 5791 860 5866 διανεμέσθωσαν
882 5814 895 5829 ο
923 5798 1017 5853 καὶ
1052 5799 1187 5871 μήτε
1221 5798 1629 5870 κατηχούμενος
1654 5802 1716 5854 ἐκ

1812 1953 2033 2019 fuerint,
2064 1952 2332 2023 ejusmodi
2385 1952 2657 2006 oblatione
2685 1949 2827 2003 facta
2862 1957 3013 2002 extra
3077 1941 3383 2000 ecclesiam.

1813 2044 1869 2100 Si
1899 2046 2023 2116 quis
2050 2054 2232 2100 autem
2255 2045 2357 2099 hoc
2381 2060 2486 2098 non
2518 2042 2726 2107 fecerit,
2761 2049 3099 2110 scgregetur.

1985 2221 2177 2295 σε]νὶΗὶ
2200 2237 2265 2275 ea;
2296 2219 2520 2289 cpistola
2566 2219 2635 2272 ad
2694 2217 2955 2271 Damnum
2989 2229 3108 2283 cap.
3142 2212 3198 2266 2.

1881 2405 2175 2459 Pecuniam
2232 2409 2417 2456 autem
2460 2413 2583 2469 quae
2621 2412 2716 2467 per
2750 2395 3008 2466 injuriam
3065 2390 3171 2463 ipsi
3204 2400 3386 2459 erepta

1809 2508 1913 2560 est,
1940 2507 2069 2562 etc.,
2103 2504 2161 2548 ut
2188 2510 2309 2563 pag.
2344 2491 2468 2547 579.

1879 2590 2069 2643 Const.
2117 2586 2205 2653 58,
2243 2587 2326 2639 tit.
2362 2585 2417 2649 5,
2448 2584 2543 2637 lib.
2587 2580 2780 2643 Lcod.
2812 2578 2904 2641 ait,
2936 2575 3080 2647 quod
3113 2590 3217 2628 non
3256 2589 3387 2629 con-

1808 2683 1995 2738 veniat
2041 2680 2331 2750 episcopos
2374 2687 2466 2732 aut
2517 2675 2749 2732 clericos
2788 2687 2981 2741 cogere
3031 2670 3267 2738 aliquos,
3328 2676 3387 2721 ut

1780 2773 2025 2839 .l’ructus
2073 2772 2327 2836 oderant,
2383 2776 2476 2824 aut
2519 2766 2769 2836 angarias
2815 2771 3096 2835 praestent,
3128 2763 3212 2817 vel
3264 2776 3389 2830 pro-

1810 2877 1998 2938 pterea
2029 2861 2531 2921 excommunicare.
2575 2859 2658 2913 vel
2688 2858 3035 2912 anathemate
3083 2854 3264 2919 ferire,
3301 2855 3388 2908 vel

1811 2957 2174 3014 Eucharistiae
2208 2962 2618 3011 sacramentum
2655 2967 2759 3005 non
2800 2950 3096 3019 porrigere,
3149 2947 3233 3002 vel
3282 2962 3386 3001 non

1811 3052 2130 3122 baptizare,
2190 3047 2406 3103 tametsi
2472 3043 2869 3099 consuetudine
2931 3042 2982 3096 id
3072 3040 3385 3095 iuvaluerit.

1812 3144 2301 3213 Transgressorem
2333 3149 2515 3194 autem
2553 3138 2621 3191 ab
2649 3136 2911 3198 Ecclesia,
2940 3135 3169 3204 ejusque
3214 3133 3390 3188 admi-

1808 3235 2129 3289 nistratione
2175 3231 2427 3288 excidere
2489 3245 2555 3285 ac
2583 3230 2772 3284 decem
2810 3228 2979 3282 libras
3012 3228 3161 3283 dare.
3212 3228 3394 3296 Atque

1808 3326 1923 3381 haec
1951 3326 2171 3396 quidem
2203 3326 2257 3379 in
2286 3325 2402 3379 sola
2442 3323 2587 3393 regia
2618 3320 2790 3394 [urbe]
2822 3321 3051 3391 ejusque
3087 3320 3386 3381 territorio,

1809 3427 1865 3473 et
1910 3418 2047 3473 locis
2095 3426 2191 3470 aut
2231 3416 2297 3472 ad
2364 3415 2814 3485 metropolitanos
2850 3413 2944 3482 qui
3001 3428 3031 3466 a
3080 3409 3390 3481 patriarcha
3504 3484 3507 3487 _

1810 3511 2157 3574 ordinantur,
2186 3518 2281 3563 aut
2312 3509 2378 3562 ad
2414 3508 2703 3577 episcOpos
2746 3506 2840 3576 qui
2889 3506 2958 3559 ab
2994 3504 3143 3558 hisce
3176 3502 3394 3574 [metro-

1810 3602 2082 3676 politanis]
2137 3610 2430 3665 creantur,
2495 3599 2899 3671 pertinentibus
2930 3598 3195 3651 obtinere.
3253 3594 3397 3665 Lege

1813 3711 1934 3768 quae
1978 3702 2239 3751 annotata
2275 3702 2404 3749 sunt
2434 3693 2488 3747 in
2524 3706 2646 3761 cap.
2694 3691 2746 3755 l,
2781 3691 2867 3745 tit.
2898 3690 2955 3755 2,
3000 3689 3162 3758 hujus
3192 3687 3389 3757 operis,

1814 3786 2302 3850 deoblationibus,
2336 3794 2389 3839 et
2442 3785 2509 3839 iis
2561 3798 2683 3853 quae
2738 3781 3016 3836 donantur
3066 3788 3160 3834 aut
3225 3777 3391 3832 relin-

1814 3888 2055 3947 quuntur
2093 3875 2500 3930 venerabilibus
2544 3873 2820 3928 domibus.

1889 3970 2047 4039 172
2109 3969 2261 4023 CAP.
2299 3966 2385 4020 Vl.
2416 3965 2687 4031 Quasnam
2744 3971 2981 4033 oporteat
3031 3961 3266 4029 accipere
3315 3958 3390 4011 vel

1814 4063 1942 4114 dare
1970 4061 2240 4128 fructuum
2274 4057 2589 4120 oblationes,
2613 4065 2662 4110 et
2693 4055 2757 4109 de
2780 4051 3108 4108 sumenlibus
3141 4066 3205 4105 ex
3230 4049 3397 4104 caele.

1814 4156 1897 4206 sia
1936 4169 2112 4206 ceram
2138 4162 2231 4205 ant
2262 4152 2455 4205 oleum.

2279 4241 2650 4310 Apostolorum
2678 4254 2849 4292 canon
2876 4236 2965 4292 72.

1826 4350 1840 4384 τ
1887 4335 1956 4391 72
2001 4334 2137 4408 [7t].
2189 4332 2248 4389 Si
2298 4335 2422 4404 quis
2472 4332 2725 4393 clericus,
2771 4329 2853 4383 vel
2906 4328 3076 4382 laicus
3126 4341 3154 4380 a
3207 4332 3395 4379 sani-ta

1815 4428 2042 4484 ecclesia
2065 4441 2241 4482 ceram
2267 4435 2361 4480 aut
2386 4426 2565 4480 oleum
2597 4422 2831 4486 auferat,
2852 4430 3183 4490 segregetur,
3204 4428 3257 4473 et
3276 4420 3400 4487 ejus

1745 4558 1790 4613 Ι)
1817 4521 1967 4592 quod
1991 4520 2218 4613 diripuit
2247 4515 2594 4613 quint-uplum
2626 4513 2837 4568 reddat.

2118 4610 2348 4665 Concilii
2377 4606 2674 4676 Gangrense
2710 4619 2930 4657 canones
2955 4604 3006 4669 7,
3035 4601 3086 4657 8.

1886 4703 1939 4756 7.
2004 4702 2061 4757 Si
2127 4702 2254 4773 quis
2307 4700 2423 4754 vult
2454 4699 2665 4752 fructus
2714 4695 2962 4750 ecclesiae
3003 4694 3218 4751 oblatos
3247 4695 3394 4750 acci-

1823 4809 1973 4865 pere,
2031 4794 2116 4847 vel
2150 4793 2281 4847 dare
2348 4799 2506 4845 extra
2566 4786 2889 4850 Ecclesiam,
2931 4794 3124 4855 praeter
3153 4788 3374 4855 episcop

1814 4886 2161 4949 sententiam,
2196 4884 2282 4939 vel
2333 4883 2455 4953 ejus
2505 4881 2602 4951 qui
2635 4895 2768 4933 cura
2837 4894 3029 4933 eorum
3064 4880 3262 4933 tradita
3306 4888 3394 4933 est

1813 4987 1868 5033 et
1896 4995 2004 5033 non
2059 4993 2185 5032 cum
2238 4976 2360 5047 ejus
2388 4973 2657 5031 sententia
2684 4987 2746 5027 ea
2780 4972 2908 5027 velit
2938 4988 3123 5042 agere,
3158 4973 3227 5027 sit
3254 4986 3391 5025 aua-

1818 5071 2021 5125 thema.

1887 5162 1942 5216 8.
1997 5160 2053 5216 Si
2108 5161 2233 5232 quis
2291 5159 2406 5226 dat,
2429 5162 2517 5217 vel
2555 5162 2754 5232 accipit
2777 5161 2990 5216 fructus
3018 5158 3229 5213 oblatos
3258 5170 3399 5226 prat-

1816 5264 1900 5309 ter
1925 5255 2260 5324 episcopum,
2287 5254 2372 5309 vel
2396 5270 2521 5309 eum
2544 5255 2635 5325 qui
2659 5264 2743 5309 est
2771 5255 3100 5309 constitutus
3134 5249 3200 5303 ad
3229 5249 3397 5302 bene-

1821 5345 2051 5401 ﬁcentiae
2090 5344 2577 5415 dispensationem,
2601 5355 2658 5401 et
2685 5345 2777 5415 qui
2799 5345 2913 5411 dat,
2971 5353 3026 5398 et
3053 5340 3147 5412 qui
3174 5338 3395 5408 accipit,

1818 5439 1893 5493 sit
1946 5438 2261 5492 anathema.

2076 5528 2346 5597 Theophili
2377 5546 2444 5584 es
2470 5529 2868 5584 commonitorio
2902 5544 3072 5581 canon
3095 5527 3149 5580 7.

1888 5622 1943 5675 7.
1980 5620 2113 5687 Quae
2160 5622 2216 5675 in
2263 5622 2520 5676 sacrillcii
2582 5622 2848 5677 rationem
2896 5620 3244 5680 olleruntur.,
3276 5622 3398 5685 post

1819 5728 1882 5768 ea
1905 5729 2026 5783 quae
2059 5712 2114 5766 in
2141 5712 2524 5784 mysteriorum
2558 5728 2716 5767 usum
2750 5721 3171 5774 consumuntur,
3207 5708 3390 5763 clerici

1820 5804 2063 5861 dividant
2089 5846 2104 5873 ,
2148 5813 2201 5861 et
2234 5818 2334 5861 nec
2364 5804 2790 5861 catechumenos
2821 5819 2887 5860 ex
2929 5803 2994 5861 iis
3022 5801 3274 5858 comedat
3302 5799 3389 5853 vel
