3874 6296
570 319 673 382 635
730 316 738 324 ’

1696 327 1958 389 ΡΗΟΤΙΙ
1996 328 2152 389 PAT]

2283 328 2499 389 RCHIE
2538 328 2647 390 (ΣΡ.
3674 337 3760 401 636

570 431 751 497 bibat,
782 432 868 491 vel
895 435 1071 492 solum
1099 436 1308 505 clerici,
1337 447 1392 493 et
1414 438 1507 509 qui
1531 453 1655 494 cum
1684 441 1764 496 eis
1799 451 1931 497 sunt
1961 442 2144 497 ﬁdeles

2283 438 2450 494 ούτων
2483 438 2712 493 ἐσθιέτω
2737 437 2772 509 ἢ
2798 438 3025 503 πινέτω,
3055 436 3196 492 ἀλλά
3236 437 3435 507 μᾶλλον
3475 439 3523 493 οἱ
3552 440 3767 514 κληρικοι

572 524 791 580 Ιιέιιτθβ.

640 614 797 671 CAP.
836 615 922 673 111.
943 618 1023 674 De
1046 621 1387 689 offerentibus
1410 621 1615 693 aliquid
1644 627 1923 696 synagogis
1951 626 2150 683 Iudai-

570 703 645 756 ci:
678 713 771 758 aut
795 706 938 776 [anis
958 710 1309 767 ethnicorum.

1004 803 1379 871 Apostolorum
1403 820 1569 859 canon
1616 806 1704 861 71.

645 896 733 951 7|.
777 894 918 967 [70.]
948 894 1002 949 Si
1036 895 1160 963 quis
1183 896 1542 960 Christianus,
1582 906 1713 964 elc.,
1744 908 1802 952 ut
1824 917 1947 971 pag.
1975 902 2098 956 170.

645 986 839 1041 Const.
883 987 937 1051 Ι,
972 985 1054 1040 ιὶι.
1109 985 1164 1050 9,
1201 984 1297 1040 lib.
1340 986 1389 1046 l.
1420 986 1544 1041 cod.
1577 989 1733 1059 173
1771 991 1871 1054 ait,
1899 993 2043 1061 quod
2078 995 2158 1049 le-

574 1085 733 1145 gatur
764 1075 1109 1129 universitati
1164 1072 1501 1141 Judzeorum,
1540 1091 1644 1130 non
1687 1079 1815 1145 peti.
1864 1078 1929 1133 Et
1975 1092 2154 1136 const.

2250 532 2345 585 xui.
2378 532 2427 584 ot
2461 531 2558 584 σὺν
2592 532 2774 595 αὐτοῖς
2801 532 2985 585 πιστοὶ
3014 531 3254 600 ἀδελφοί.

2320 622 2573 677 ΚΕΦΔΛ.
2609 622 2683 678 Γ’.
2712 652 2783 664 -
2808 624 2950 691 Περὶ
3006 622 3127 677 τῶν
3177 624 3625 693 προσφερόντων
3650 642 3776 683 συν-

2248 713 2503 783 αγωγαῖς
2533 713 2573 783 ἣ
2602 714 2781 782 ἱεροῖς
2806 714 3022 769 ἐθνῶν.

2667 807 3054 861 Ἀποστόλων
3074 805 3280 862 κανὼν
3308 812 3405 863 οα’.

2323 902 2424 949 οα’.
2450 897 2519 949 EI
2542 914 2624 959 τις
2656 897 2981 967 Χριστιανὸς
3019 898 3219 963 ἔλαιον,
3252 916 3307 955 κ.
3348 916 3400 954 τ.
3433 900 3483 954 λ.

2336 986 2401 1039 Ἥ
2432 992 2480 1039 α’
2510 986 2753 1051 διάταξις
2802 988 2895 1041 τοῦ
2945 988 2990 1041 θ’
3034 990 3142 1044 τίτ.
3174 991 3268 1043 τοῦ
3300 989 3347 1044 α’
3380 990 3518 1059 βιὸλ.
3548 990 3635 1044 τοῦ
3676 993 3782 1047 κώδ.

2254 1078 2438 1147 φησὶν,
2468 1078 2548 1130 ὅτι
2591 1078 2651 1131 τὸ
2697 1082 2763 1149 τῇ
2808 1080 2967 1149 ὁμάδι
3000 1081 3109 1135 τῶν
3149 1082 3416 1136 Ἰουδαίων
3456 1083 3785 1154 ληγατευόμε-

574 1167 628 1229 9,
662 1167 746 1221 tit.
789 1166 873 1230 ll,
904 1164 1149 1232 ejusdem
1199 1165 1293 1218 lib.
1326 1164 1472 1233 quod
1518 1166 1573 1219 si
1624 1168 1754 1237 quid
1788 1168 2020 1224 donetur
2058 1180 2152 1225 aut

2283 1183 2361 1229 ον,
2392 1166 2493 1218 ούκ
2523 1168 2838 1223 ἀπαιτεῖται
2857 1185 2871 1199 ·
2920 1171 3015 1223 καὶ
3054 1173 3085 1240 ἠ
3114 1169 3159 1222 θ’
3191 1170 3331 1224 διάτ.
3368 1168 3461 1223 τοῦ
3492 1178 3556 1223 ια’
3583 1173 3678 1225 τίτ.
3708 1173 3784 1226 τοῦ

575 1255 919 1325 relinquatur
953 1255 1020 1310 ad
1062 1253 1509 1310 constituendum
1550 1259 1948 1328 paganismnm,
1984 1260 2039 1316 id
2069 1263 2150 1317 ci-

575 1346 716 1401 vitas
748 1346 947 1417 capiat.

2248 1257 2413 1310 αύτοῦ
2448 1256 2616 1325 pte)...
2653 1260 2735 1313 ὅτι
2775 1261 2872 1314 ἐάν
2919 1279 2974 1315 τι
3016 1262 3232 1334 δωρηθῇ
3286 1263 3319 1333 ἢ
3350 1263 3672 1335 καταλειφθῇ
3709 1265 3787 1317 ἐπὶ

2249 1349 2503 1401 συστάσει
2543 1348 2927 1421 Ἑλληνισμοῦ,
2967 1354 3001 1423 ἡ
3031 1352 3183 1416 πόλις
3206 1353 3338 1406 αὐτὸ
3365 1353 3640 1423 λαμϐάνει.

1944 1720 2346 1809 ΤΙΤΛΟΣ
2418 1726 2520 1809 Z'.

577 1920 737 1977 ΠΕΡΙ
774 1922 1138 1991 ΝΗΣΤΕΙΑΣ,
1179 1924 1297 1978 ΚΑΙ
1337 1924 1473 1995 ΤΗΣ
1508 1922 2110 1989 ΤΕΣΣΑΡΑΚΟΣἸῊΣ,
2152 1927 2271 1980 ΚΑΙ
2302 1928 2439 1981 ΤΟΥ
2472 1929 2726 1990 ΠΑΣΧΑ.
2768 1929 2889 1984 KAI
2942 1930 3078 1983 ΤΗΣ
3125 1929 3663 1995 ΠΕΝΤΗΚΟΣΤΗΣ,
3696 1929 3794 1982 KAl

1298 1993 1675 2063 ΚΥΡΙΑΚΗΣ,
1709 1998 1829 2051 ΚΑΙ
1860 1995 2237 2063 ΣΔΒΒΑΤΟΥ,
2285 2000 2406 2051 ΚΑΙ
2440 1999 2603 2053 ΠΕΡΙ
2635 2000 3116 2057 ΓΟΝΥΚΛΙΣΙΔΣ.

1856 2330 2319 2411 TITULUS
2394 2332 2579 2411 VII.

573 2498 663 2554 DE
697 2498 990 2569 JEJUNIO,
1030 2500 1118 2557 ΕΤ
1181 2501 1745 2570 QUADRAGESIMA,
1801 2502 1890 2557 ET
1932 2502 2319 2565 PASCHATE,
2380 2502 2469 2557 ET
2525 2498 2997 2568 PENTECOSTE,
3038 2500 3131 2557 ET
3190 2499 3280 2557 DE
3316 2497 3434 2555 DIE
3485 2498 3797 2559 DOMINICA,

1523 2574 1611 2628 ET
1650 2573 1988 2640 SABBATO,
2031 2573 2118 2628 ET
2158 2572 2450 2629 GENUUM
2501 2571 2864 2629 FLEXIONE.

644 2747 874 2804 CAPUT
911 2747 1208 2806 PRIMUM.
1239 2782 1311 2793 —
1344 2751 1418 2807 De
1451 2751 1679 2823 jejunio,
1729 2764 1779 2807 et
1822 2751 1890 2806 de
1925 2754 1995 2807 iis
2027 2768 2145 2823 qua:

2319 2751 2713 2806 ΚΕΦΑΔΔῘΟΝ
2740 2748 3249 2817 ΠΡΩΤΟΝ-Περὶ
3271 2749 3563 2816 νηστείας
3595 2747 3685 2801 καί
3709 2747 3803 2801 τῶν

575 2848 819 2893 vetantur
847 2849 941 2893 aut
962 2843 1341 2911 permittuntur
1367 2842 1421 2895 in
1437 2842 1644 2913 jejunio
1671 2842 2146 2913 quadragesimali.

931 3017 1299 3087 Apostolorum
1335 3034 1555 3073 canones
1584 3018 1673 3084 64,
1706 3019 1795 3074 69.

649 3108 720 3165 64
750 3107 887 3182 [65].
930 3108 986 3163 Si
1022 3111 1146 3179 quis
1173 3110 1406 3165 clericus
1435 3111 1690 3167 inventus
1726 3111 1889 3167 fuerit
1923 3111 2011 3167 die
2048 3111 2152 3166 Do-

580 3203 784 3259 minico
831 3202 1100 3272 jejunare,
1155 3204 1240 3257 vel
1302 3205 1567 3267 Sabbato,
1624 3215 1988 3275 praeterquam
2042 3219 2151 3261 uno

582 3297 721 3357 solo,
751 3296 1057 3364 deponatur
1084 3312 1098 3348 :
1132 3296 1215 3349 sin
1245 3304 1427 3350 autem
1457 3295 1649 3361 laicus,
1687 3305 2022 3367 segregetur.

653 3389 723 3444 69
754 3388 889 3461 [68].
951 3388 1006 3443 Si
1046 3390 1171 3458 quis
1214 3390 1527 3459 episcopus,
1587 3391 1667 3444 vel
1715 3392 2021 3462 presbyter,
2066 3392 2151 3446 vel

583 3482 865 3547 diaconus,
894 3480 978 3534 vel
1012 3481 1375 3555 subdiaconus
1421 3480 1504 3534 vel
1543 3480 1711 3536 lector
1742 3481 1876 3553 (47),
1901 3483 1985 3537 vel
2017 3497 2150 3538 can-

583 3580 669 3627 tor
700 3581 944 3627 sanctam
979 3571 1200 3626 Paschas
1259 3572 1729 3642 quadragesitnam
1758 3587 1868 3628 non
1922 3573 2148 3644 ieiunat,

580 3665 663 3720 vel
717 3673 973 3735 quartum
1003 3664 1167 3730 diem,
1200 3664 1281 3719 vel
1313 3663 1669 3729 Parasceven,
1715 3677 2074 3734 ptmterquam
2106 3665 2152 3721 si

582 3766 804 3828 prOpter
847 3755 1273 3810 imbecillitatem
1301 3756 1640 3825 corporalem
1672 3756 2019 3824 impediatur,
2054 3755 2155 3811 de-

582 3858 817 3919 ponatur
846 3865 859 3901 :
891 3847 937 3903 si
970 3847 1041 3902 sit
1070 3855 1250 3900 autem
1275 3847 1464 3913 laicus,
1496 3856 1829 3918 segregetur.

840 3938 1066 3993 Concilii
1102 3938 1421 4011 Gangrenst‘s
1463 3956 1688 3994 canones
1735 3940 1823 4007 ‘18,
1854 3939 1940 3995 l9.

652 4031 742 4087 l8.
781 4030 838 4086 Si
875 4032 998 4101 quis
1045 4040 1267 4103 propter
1297 4047 1441 4098 eam,
1470 4048 1591 4102 quae
1608 4032 1970 4098 existimatur,
1998 4047 2154 4088 exer-

583 4126 893 4181 citationem
926 4125 979 4178 in
1004 4124 1285 4179 Dominico
1316 4124 1542 4194 jejunet,
1580 4125 1653 4179 sit
1689 4125 2001 4180 anathema.

668 4215 827 4287 174
858 4216 943 4270 19.
973 4214 1029 4269 Si
1056 4217 1182 4285 quis
1222 4230 1413 4270 eorum
1448 4215 1543 4284 qui
1590 4226 1914 4269 exercentur
1951 4217 2156 4286 absque

585 4307 850 4377 corporali
886 4308 1209 4363 necessitate
1238 4323 1296 4361 se
1329 4307 1625 4361 insolenter
1651 4316 1823 4376 gerat,
1861 4317 1934 4361 ὀι
1964 4308 2156 4363 tradita

582 4397 810 4470 jejunia,
867 4412 989 4467 quae
1018 4396 1387 4451 communiter
1425 4402 1717 4449 servantur
1778 4395 1845 4447 ab
1879 4394 2146 4459 Ecclesia,

586 4490 870 4556 dissolvat,
914 4488 1154 4559 perfecta
1208 4488 1265 4541 in
1325 4502 1392 4543 eo
1428 4486 1703 4542 residente
1778 4487 2037 4552 ratione,
2087 4487 2160 4541 sit

589 4584 904 4638 anathema.

731 4672 957 4728 Concilii
989 4671 1275 4727 Laodiceni
1310 4687 1536 4725 canones
1564 4670 1654 4734 49,
1685 4669 1774 4735 50,
1805 4670 1893 4737 5i,
1929 4671 2017 4725 52.

660 4763 750 4819 49.
789 4763 942 4828 Quod
979 4779 1084 4816 non
1120 4770 1336 4830 oportet
1384 4762 1438 4815 in
1478 4761 1900 4830 quadragesima
1966 4778 2160 4832 panem

591 4851 808 4916 oﬁ‘erre,
836 4852 939 4908 nisi
971 4851 1208 4906 Sabbato
1240 4862 1292 4905 et
1320 4852 1450 4906 solis
1480 4850 1801 4905 Dominicis.

666 4943 736 5001 50
798 4942 954 5011 Quod
980 4959 1086 4998 non
1118 4951 1331 5013 oportet
1355 4943 1407 4996 in
1436 4942 1869 5013 quadragesimae
1890 4951 2161 5012 postrema

594 5040 896 5111 septimana
930 5037 1141 5109 [quinta
1179 5038 1333 5109 feria]
1356 5038 1627 5107 jejunium
1657 5038 1887 5103 solvere,
1912 5054 1965 5093 et
1994 5051 2162 5095 totam

595 5130 1074 5203 quadragesimam
1107 5130 1305 5198 injuria
1339 5129 1594 5185 afﬁcere:
1630 5131 1721 5185 sed
1752 5139 1969 5199 oportet
1998 5141 2161 5186 t0tam

597 5222 1069 5293 quadragesimam
1100 5222 1356 5292 jejunare
1387 5222 1557 5276 aridis
1586 5233 1893 5277 vescentes.

668 5314 757 5367 5|.
796 5313 948 5379 Quod
983 5328 1090 5367 non
1134 5320 1346 5382 oportet
1390 5313 1445 5366 in
1487 5312 1904 5383 quadragesima
1958 5322 2165 5383 marty-

2253 2840 2677 2911 κεκωλυμένων
2732 2840 2771 2909 ἢ
2835 2840 3345 2909 ἐπιτετραμμένων
3424 2840 3690 2908 γίνεσθαι
3748 2840 3802 2891 ἐν

2256 2936 2327 3006 τῇ
2356 2933 2815 3004 τεσσαρακοστῇ
2847 2933 2966 2986 τῶν
2993 2930 3309 2999 νηστειῶν.

2620 3024 3009 3079 Ἀποστόλων
3031 3023 3230 3076 κανὼν
3257 3020 3354 3089 ξδ’,
3382 3021 3487 3087 ξθ’.

2324 3118 2416 3183 ξδ’.
2460 3117 2530 3173 Εἴ
2546 3134 2627 3181 τις
2661 3114 2921 3185 κληρικὸς
2956 3112 3153 3184 εὑρεθῇ
3182 3112 3278 3182 τὴν
3304 3111 3595 3181 Κυριακὴν
3621 3110 3803 3181 ἡμέραν

2250 3214 2547 3284 νηστεύων,
2574 3209 2608 3280 ἢ
2638 3207 2700 3261 τὺ
2729 3206 3023 3269 Σάϐϐατον,
3052 3203 3189 3273 πλὴν
3220 3201 3312 3256 τοῦ
3343 3202 3468 3266 ἐνὸς
3504 3205 3676 3273 μόνον,
3697 3202 3802 3255 καθα

2253 3299 2516 3373 αιρείσθω
2546 3314 2562 3329 ⁸
2598 3298 2646 3351 εί
2680 3297 2735 3349 δὲ
2762 3298 2971 3359 λαῖκδς,
3004 3293 3373 3366 ἀφοριζὲσθω.

2325 3392 2423 3458 ξθ’.
2456 3392 2621 3454 Εῐτις
2652 3390 2969 3452 ἐπίσκοπος,
3002 3387 3034 3457 ἢ
3073 3385 3470 3458 πρεσϐύτερος,
3508 3386 3540 3457 ἢ
3572 3386 3804 3449 διάκονος,

2250 3485 2284 3558 ἦ
2314 3484 2681 3547 ὐποδιάκονος,
2715 3480 2747 3550 ἦ
2780 3478 3150 3549 ἀναγνώστης,
3192 3480 3223 3550 ἦ
3267 3480 3507 3549 ψάλτης,
3547 3480 3637 3548 τὴν
3665 3480 3798 3545 ἀγίαν

2251 3576 2695 3651 τεσσαρακοστὴν
2724 3574 2817 3627 τοῦ
2841 3575 3032 3643 Πάσχα
3061 3574 3120 3625 ού
3146 3573 3424 3643 νηστεύοι,
3454 3572 3486 3643 ἢ
3526 3573 3755 3641 τετράδα.
3779 3571 3802 3637 ἦ

2253 3669 2637 3743 Παρασκευὴν,
2663 3665 3050 3735 καθαιρείσθω
3088 3666 3244 3727 ἐκτὸς
3271 3665 3319 3716 εἰ
3356 3663 3435 3734 μὴ
3466 3662 3538 3715 δι’
3560 3661 3803 3715 ἀσθένειαν

2254 3760 2571 3835 σωματικὴν
2622 3757 2963 3829 ἐμποδίζοιτο
2992 3771 3007 3786 ·
3064 3756 3159 3810 ἐὰν
3200 3754 3257 3808 δὲ
3300 3752 3497 3818 tam;
3542 3747 3598 3827 ᾖ,
3644 3754 3805 3821 ἀφορι-

2259 3854 2458 3920 ζέσθω.

2526 3940 2795 3997 Συνόδου
2824 3936 3108 4009 Γαγγρῶν
3124 3934 3323 3990 κανὼν
3344 3941 3441 4004 ιη’,
3465 3935 3553 3988 ιθ’.

2330 4038 2418 4103 ιη’.
2442 4034 2509 4087 Et
2532 4050 2615 4096 τις
2645 4032 2732 4085 διὰ
2758 4031 3119 4100 νομιζομένην
3154 4029 3385 4099 ἄσκησιν
3409 4030 3471 4082 ὲν
3501 4030 3567 4099 τῇ
3594 4027 3807 4097 Κυριακῇ

2182 4094 2224 4152 C
2257 4094 2529 4196 νηστεύοι.
2561 4094 2809 4191 ἀνάθεμα
2823 4094 2993 4174 ἔσται.

2331 4215 2416 4270 ιθ’.
2459 4215 2525 4267 Et
2549 4231 2632 4276 τις
2683 4212 2793 4265 τῶν
2838 4208 3223 4280 ἀσκουμένων,
3300 4207 3475 4279 χωρὶς
3535 4205 3807 4279 σωματικῆς

2257 4307 2502 4377 ἀνάγκης
2542 4303 3042 4375 ύπερηφανεύοιτο,
3104 4301 3197 4353 καὶ
3249 4300 3348 4364 τὰς
3402 4298 3808 4372 παραδεδομένας

2257 4398 2511 4469 νηστείας
2545 4399 2623 4461 εἰς
2669 4397 2729 4449 τὸ
2756 4394 2955 4461 κοινὸν⁹
3007 4392 3102 4446 καὶ
3157 4392 3574 4462 φυλαττομένας
3610 4390 3704 4444 ὑπὸ
3732 4388 3809 4453 τῆς

2272 4490 2599 4561 Ἐκκλησίας
2616 4488 2906 4560 παραλύει,
2926 4483 3379 4558 ὑποικουροῦντος
3402 4488 3465 4538 ὲν
3478 4482 3624 4554 αύτῷ
3638 4480 3808 4536 τελείου

2260 4582 2547 4653 λογισμοῦ,
2582 4581 2829 4651 ἀνάθεμα
2856 4579 3015 4634 ἔστω.

2366 4672 2636 4728 Συνόδου
2667 4671 3014 4736 Λαοδικείας
3044 4670 3243 4725 κανὼν
3273 4668 3380 4741 μθ’,
3416 4676 3483 4730 ν’,
3514 4666 3615 4731 va’,
3638 4663 3723 4734 νβ’.

2336 4765 2443 4836 μθ¹.
2468 4766 2588 4818 Ὀτι
2618 4765 2677 4817 οὐ
2697 4764 2852 4818 δεῖεν
2885 4766 2950 4834 τῇ
2981 4765 3390 4834 τεσσαρακοστῇ
3422 4762 3588 4831 ἄρτον
3612 4753 3811 4825 προσφέ-

2266 4872 2401 4928 ρειν,
2433 4857 2481 4908 εί
2514 4855 2588 4925 μὴ
2624 4856 2681 4907 ὲν
2712 4854 2973 4923 Σαϐϐάτῳ
3004 4854 3096 4906 καὶ
3124 4855 3372 4924 Κυριακῇ
3420 4853 3604 4921 μόνον.

2334 4946 2397 5001 ν’.
2428 4946 2554 4999 Ὀτι
2588 4946 2649 4999 ού
2683 4946 2763 4999 δεῖ
2812 4947 2869 4998 ὲν
2924 4948 2990 5016 τῇ
3027 4948 3438 5016 τεσσαρακοστῇ
3466 4986 3481 5009 ,
3528 4935 3594 5015 τῇ
3645 4938 3811 5004 ὑστέρᾳ

2267 5039 2518 5109 ἐΰδομάδι
2552 5041 2651 5110 τὴν
2689 5045 2730 5090 ε’
2769 5038 2940 5102 λύειν,
2974 5040 3069 5091 καὶ
3099 5038 3224 5106 ὅλην
3256 5038 3353 5106 τὴν
3404 5026 3812 5104 τεσσαρακοστὴν

2266 5131 2551 5199 ἀτιμάζειν
2586 5146 2601 5162 ν
2636 5130 2773 5183 ἀλλά
2798 5130 2877 5182 δεῖ
2910 5131 3090 5183 πᾶσαν
3136 5128 3233 5199 τὴν
3276 5123 3711 5197 τεσσαρακοστὴν
3736 5136 3811 5186 νη·

2269 5221 2500 5285 στεύειν,
2525 5221 2587 5291 ξη
2598 5221 2986 5291 ροφαγοῦντας.

2338 5310 2439 5366 να’.
2478 5314 2600 5365 Ὅτι
2641 5313 2702 5364 ού
2734 5312 2813 5363 δεῖ
2865 5314 2920 5364 ἐν
2951 5314 3015 5382 τῇ
3066 5310 3500 5379 τεσσαρακοστῇ,
3558 5301 3814 5376 μαρτύρων

600 5419 722 5458 rum
765 5404 974 5458 natales
1021 5419 1297 5474 peragere,
1351 5403 1445 5457 sed
1501 5412 1816 5458 sanctorum
1868 5414 2152 5473 tuartyruu‘

2283 5404 2540 5475 γενέθλιον
2604 5402 2893 5470 ἐπιτελεῖν,
2940 5403 3077 5457 ἀλλά
3111 5402 3240 5455 ’τῶν
3299 5400 3473 5468 ἁγίων
3555 5393 3816 5467 μαρτύρων

602 5494 781 5550 facere
832 5496 1377 5551 commemorationes
1427 5495 1481 5549 in
1549 5494 1805 5550 Subbatis
1866 5503 1919 5549 ct
1982 5493 2168 5550 Domi-

603 5586 764 5643 uicis.

677 5766 789 5839 (t7)
829 5763 923 5819 Vel
955 5763 1379 5835 ltypodiaconus,
1411 5760 1492 5816 vel
1524 5760 1681 5815 lector
1708 5804 1714 5811 .

2276 5496 2464 5568 μνείαν
2506 5496 2682 5549 ποιεῖν
2721 5496 2781 5549 ὲν
2832 5496 2944 5559 τοῖς
2984 5492 3279 5556 Σαὸδάτοις
3326 5492 3420 5545 καὶ
3475 5489 3597 5551 ταῖς
3638 5486 3813 5551 Κυριαο

2274 5590 2417 5652 καῖς.
