4012 6406
128 428 217 491 637

980 418 1379 480 SYNTAGMA
1410 419 1777 481 CANONUM
1843 449 1901 460 -
1933 423 2078 490 ΤΙΤ.
2108 425 2205 499 Vl,
2234 425 2372 485 CAP
2433 425 2485 486 Ι.

3261 416 3367 479 638

186 511 273 584 νβ’.
312 511 437 565 Ὅτι
460 510 524 565 ού
555 502 634 564 δεῖ
679 508 736 562 ἐν
759 509 828 579 τῇ
858 509 1269 577 τεσσαρακοστῇ
1321 506 1533 576 γάμους
1588 506 1684 560 καὶ
1714 521 1734 571 Α

1856 509 1945 565 52.
1987 512 2139 578 Quod
2175 528 2281 567 non
2314 520 2527 581 oportet
2561 510 2613 564 in
2687 506 3105 579 quadragesima
3151 510 3372 577 nuptias

126 606 361 679 γενέθλια
411 604 703 659 ἐπιτελεῖν.

132 718 385 777 Σιγόὸου
415 711 1047 847 οὶκουμενικῆἓὲκτιςζς
1078 709 1280 764 κανὼν
1310 710 1413 777 κθθ,
1453 709 1554 781 νβ’,
1593 710 1689 777 ve’,

780 803 808 835 ν
877 824 892 845 ,
930 801 969 835 π
1021 820 1036 835 .

780 801 892 845 νς,
930 801 1036 835 πυ.

188 905 282 958 κθ⁹.
327 904 384 956 '0
429 901 540 954 τῶν
580 901 637 952 ἐν
697 896 1060 969 Καρθαγέννῃ
1110 894 1415 965 διαγορεύει
1475 912 1688 962 κανων,

129 999 250 1053 ὥστε
273 996 401 1064 ἆγια
431 991 841 1061 θυσιαστηρίου,
867 990 914 1041 εί
942 988 1017 1061 μὴ
1044 988 1148 1041 ὑπὸ
1176 988 1447 1057 νηστικῶν
1475 986 1693 1056 ἀνθρώ-

130 1105 232 1141 πων
278 1086 350 1156 μὴ
409 1081 819 1147 ἐπιτελεῖσθαι,
871 1080 1215 1150 ἐξῃρημένης
1276 1079 1403 1148 μιᾶς
1461 1079 1693 1148 ἐτησίας

131 1180 341 1249 ἡμέρας,
370 1177 429 1228 ἐν
531 1174 591 1227 τὸ
620 1171 896 1243 Κυριακὸν
922 1171 1134 1224 δεῖπνον
1161 1170 1487 1223 ἐπιτελεῖται
1515 1185 1530 1199 ο
1564 1168 1696 1232 ἴσως

131 1268 413 1339 τηνικαῦτα
449 1267 540 1320 διά
567 1281 716 1327 τινας
747 1263 887 1317 κατὰ
913 1264 1037 1326 τοὺς
1071 1263 1269 1325 τόπους
1309 1262 1609 1332 προφάσεις
1629 1264 1693 1333 τῇ

144 1360 421 1432 Ἐκκλησία
436 1358 763 1423 λυσιτελεῖς,
779 1356 886 1409 τῶν
910 1355 1068 1409 θείων
1100 1355 1322 1408 ἐκείνων
1350 1352 1494 1406 Πατέ
1504 1370 1609 1422 ρων
1629 1354 1695 1422 τῇ

136 1457 253 1524 αὐτῇ
302 1452 671 1523 χρησαμένων
727 1448 1049 1518 οἰκονομίαν
1114 1444 1341 1517 μηδενὸς
1398 1442 1493 1498 οὖν
1551 1445 1699 1513 ἡμᾶς

137 1547 399 1614 ἐνάγοντος
419 1541 744 1595 καταλιπεῖν
776 1539 873 1608 τὴν
906 1535 1194 1607 ἀκρίϐειαν
1221 1536 1474 1604 ὁρίζομεν
1496 1573 1511 1598 ,
1558 1533 1691 1586 ἁποη

139 1636 385 1696 πολικαίς
411 1632 507 1686 καὶ
526 1632 824 1701 Πατρικαίς
851 1628 1103 1698 ἑπόμενοι
1125 1626 1472 1696 παραδόσεσι,
1496 1624 1568 1694 μή
1592 1624 1703 1675 δεῖν

139 1728 189 1778 ὲν
245 1727 306 1795 τῇ
384 1722 801 1793 τεσσαρακοστῇ
858 1720 922 1788 τῇ
994 1715 1198 1786 ὑστέρᾳ
1258 1712 1518 1783 ἑϐδομάδι
1606 1711 1701 1780 τὴν

140 1818 372 1887 πέμπτην
435 1814 610 1879 λύειν,
641 1816 731 1866 καὶ
782 1812 909 1881 ὃλην
942 1810 1040 1881 τὴν
1078 1806 1521 1878 τεσσαρακοστὴν
1575 1805 1694 1857 άτι-

131 1908 334 1981 μάζειν.

198 2002 285 2071 νβ’.
328 2001 416 2053 Ἐν
446 1998 653 2061 πάσαις
678 1998 796 2059 ταῖς
825 1995 922 2065 τῆς
952 1991 1112 2062 ἁγίας
1136 1988 1578 2061 τεσσαρακοστῆς
1597 1985 1706 2040 τῶν

145 2092 382 2165 νηστειῶν
414 2093 682 2163 ἡμέραις,
721 2087 992 2160 παρεκτὸς
1022 2085 1323 2149 Σαϐϐάτου,
1354 2082 1449 2135 xci.
1485 2083 1706 2150 ⁵Κυρια-

147 2187 253 2254 κῆς.
311 2186 403 2238 καὶ
461 2185 564 2254 τῆς
615 2181 776 2250 ἁγίας
843 2178 936 2232 τοῦ
990 2173 1407 2246 Εὐαγγελισμοῦ
1464 2172 1702 2243 ἡμέρας,

147 2276 357 2345 γινέσθω
414 2278 448 2348 ἠ
510 2273 624 2328 τῶν
716 2270 1174 2343 προηγιασμένων
1255 2267 1376 2339 ίερά
1462 2265 1709 2333 λειτουρ-

151 2386 249 2437 για.

210 2459 291 2518 νε’.
335 2459 556 2529 Ἐπειδὴ
590 2459 989 2531 μεμαθήκαμεν
1034 2456 1159 2518 τοὺς
1202 2455 1260 2506 ἐν
1310 2452 1377 2521 τῇ
1425 2444 1713 2517 Ῥωμαίων

153 2555 301 2617 πόλει,
338 2556 394 2608 ἐν
423 2557 545 2617 ταῖς
587 2553 771 2622 ἁγίαις
826 2551 927 2621 τῆς
980 2543 1425 2617 τεσσαρακοστῆς
1455 2540 1712 2612 ἡμέραις,

154 2649 247 2711 τοῖς
275 2646 472 2716 ταύτης
524 2644 770 2699 Σάϐϐασι
826 2640 1128 2712 νηστεύειν,
1172 2637 1321 2706 παρὰ
1348 2633 1446 2703 τὴν
1482 2628 1715 2700 παραδο-

158 2740 313 2793 θεῖσαν
364 2736 829 2811 ἐκκλησιαστικὴν
872 2732 1216 2795 ἀκολουθίαν,
1271 2728 1416 2791 ἔδοξε
1469 2727 1535 2794 τῇ
1581 2722 1713 2791 ἁγίᾳ

160 2833 354 2903 συνόδῳ,
378 2832 520 2886 ὥστε
552 2833 781 2902 κρατεῖν
815 2828 908 2882 καὶ
930 2829 1021 2880 ἐπὶ
1053 2828 1118 2896 τῇ
1163 2821 1448 2893 Ῥωμαίων
1480 2816 1715 2885 Ἐκκλη-

163 2923 254 2994 σία,
288 2921 753 2995 ἁπαρασαλεύτως
794 2921 885 2975 τὸν
916 2917 1114 2973 κανόνα
1141 2916 1233 2970 τὸν
1255 2914 1484 2982 λέγοντα
1509 2925 1523 2939 ·
1545 2908 1613 2963 Εἴ
1635 2923 1718 2970 τις

164 3014 387 3084 κληρικδς
415 3014 641 3086 εὑρεθῇ,
671 3017 738 3085 τῇ
782 3012 915 3083 ἁγίᾳ
946 3010 1199 3079 Κυριακῇ
1230 3003 1529 3074 νηστεύωνο
1575 3001 1609 3070 ἦ
1658 2998 1719 3051 τδ

165 3106 427 3171 Σάϐϐατον,
460 3106 605 3177 πλὴν
633 3105 723 3159 τοῦ
756 3105 873 3167 ἐνὸς
896 3103 988 3157 καὶ
1019 3101 1202 3173 μόνου,
1225 3093 1595 3167 καθαιρείσθω
1621 3106 1635 3121 ο
1669 3091 1719 3143 εί

165 3198 210 3251 δὲ
248 3198 438 3264 λαῖκὸς,
480 3196 850 3268 ἁφοριζέσθω.

224 3319 320 3377 νς’.
357 3311 636 3374 Ὡσαύτως
695 3308 1094 3380 μεμαθήκαμεν
1155 3306 1211 3357 ἐν
1269 3305 1335 3373 τῇ
1404 3297 1712 3370 Ἀρμενίων

169 3403 299 3477 χώρᾳ
324 3406 411 3460 καὶ
439 3407 495 3459 ἐν
529 3404 740 3474 ἑτέροις
780 3403 987 3463 τόποις,
1038 3400 1097 3451 ἐν
1140 3398 1251 3459 τοῖς
1280 3393 1519 3448 Σά66ασι
1541 3391 1632 3444 καὶ
1662 3391 1719 3443 ἐν

172 3500 273 3560 ταῖς
304 3499 612 3568 Κυριακαῖς
641 3494 742 3563 τῆς
792 3492 953 3560 ἁγίας
998 3484 1440 3556 τεσσαρακοστῆς
1468 3482 1576 3534 τῶν
1630 3492 1724 3549 νηλ

180 3587 624 3658 αειῶνήμέραις,
663 3583 746 3637 ὠά
774 3583 868 3635 καὶ
902 3579 1062 3651 τυρὸν
1094 3577 1295 3631 ἐσθίειν
1332 3573 1504 3635 τινάς.
1537 3570 1723 3634 Ἔδοξε

175 3677 326 3731 τοίνυν
355 3680 445 3731 καὶ
471 3677 654 3739 τοῦτο,
685 3674 826 3727 ὥστε
872 3672 970 3742 τὴν
1014 3668 1159 3722 κατὰ
1191 3667 1371 3719 πᾶσαν
1424 3664 1520 3733 τὴν
1544 3664 1724 3714 οἰκου-

182 3770 322 3839 μένην
348 3770 435 3823 τοῦ
494 3769 636 3823 Θεοῦ
678 3765 1003 3836 Ἐκκλησίαν
1061 3761 1159 3832 μιᾷ
1221 3752 1726 3811 κατακολουθοῦσαν

177 3856 320 3923 τάξει,
352 3857 445 3929 τὴν
470 3855 728 3929 νηστείαν
761 3853 1050 3915 ἐπιτελεῖν,
1086 3850 1181 3904 καὶ¹
1214 3844 1517 3916 ἀπέχεσθαι
1539 3841 1726 3911 ὥσπερ

182 3950 312 4002 θυτοῡ
364 3950 645 4013 παντοίου,
688 3946 830 4000 οὕτω
875 3945 939 4017 δὴ
994 3942 1089 3996 καὶ
1136 3939 1245 3994 ὠοῦ
1307 3937 1401 3991 καὶ
1442 3934 1630 4005 τυροῦ,
1692 3932 1729 3987 ἃ

182 4041 361 4111 καρπός
388 4044 489 4094 εἰσι
517 4040 619 4095 καὶ
642 4039 958 4108 γεννήματα
987 4028 1061 4088 ὧν
1090 4028 1422 4101 άπεχόμεθα.
1465 4029 1525 4082 Et
1560 4025 1617 4078 δέ
1649 4025 1729 4095 μὴ

183 4131 315 4185 τοῦτο
339 4133 824 4206 παραφυλάττοιεν,
866 4129 913 4180 εί
938 4126 1033 4196 μὲν
1067 4124 1318 4194 κληρικοὶ
1346 4118 1456 4174 εἷεν
1480 4160 1495 4185 ,
1530 4118 1725 4172 καθαι-

190 4226 456 4293 ρείσθωσαν
481 4242 495 4256 ·
514 4225 642 4281 εἰδὲ
672 4222 873 4285 λαῖκοὶ,
913 4216 1378 4287 ἁφοριζέσθωσαν.

244 4318 336 4372 πθ’.
362 4319 467 4381 Τὰς
490 4316 587 4371 τοῦ
612 4313 879 4386 σωτηρίου
911 4312 1114 4372 πάθους
1143 4308 1376 4379 ἡμέρας,
1414 4308 1474 4359 ἐν
1502 4303 1728 4375 νηστείᾳ

189 4408 265 4459 καὶ
296 4411 560 4479 προσευχῇ
608 4408 704 4460 καὶ
733 4404 1024 4469 κατανύξει
1059 4400 1287 4472 καρδίας
1318 4397 1721 4462 ἐπιτελοῦντας,

189 4500 275 4568 Χρὴ
310 4502 427 4565 τοὺς
473 4500 700 4562 πιστοὺς
741 4497 869 4567 περὶ
914 4496 1086 4565 μέσης
1125 4493 1227 4562 τῆς
1290 4492 1427 4562 μετὰ
1473 4490 1535 4542 τὸ
1589 4488 1730 4558 μέγα

1730 1868 1777 1926 Β

1794 602 1877 656 vel
1913 602 2157 657 natalitia
2189 603 2486 659 celebrare.

1794 714 2020 771 Concilii
2052 717 2352 771 aecumenici
2399 732 2473 780 Vl,
2504 732 2723 771 canones
2771 715 2863 782 29,
2900 715 2987 780 52,
3037 713 3124 778 55,
3159 713 3247 779 56,
3279 714 3369 770 89.

1862 896 1953 951 29.
1972 882 2418 963 Carthaginensis
2435 895 2626 967 synodi
2651 909 2823 949 canon
2854 892 2985 947 dicit
3010 892 3078 957 ”,
3106 899 3165 945 ut
3184 898 3371 945 sancta

1796 990 1983 1045 altaris
2031 989 2249 1043 nonnisi
2298 1004 2329 1043 a
2399 988 2596 1043 sobriis
2645 986 2957 1042 hominibus
3023 994 3369 1054 pet-agantur,

1796 1092 2023 1152 excepto
2046 1098 2154 1136 uno
2178 1081 2264 1136 die
2292 1081 2344 1134 in
2376 1096 2540 1145 anno,
2572 1080 2625 1134 in
2654 1095 2763 1149 quo
2788 1093 2939 1133 coena
2984 1076 3195 1129 Domini
3222 1089 3375 1145 pera-

1798 1177 1978 1245 gitur;
2032 1183 2160 1228 tunc
2214 1172 2449 1228 fortasse
2504 1181 2723 1242 propter
2778 1171 2988 1240 aliquas
3029 1170 3081 1222 in
3123 1169 3189 1222 iis
3241 1167 3374 1221 locis

1799 1265 2116 1319 occasiones
2138 1261 2396 1317 Ecclesiae
2428 1262 2608 1326 utiles,
2634 1262 2837 1316 sanctis
2870 1261 2973 1314 illis
2994 1258 3247 1313 Patribus
3276 1260 3376 1313 hac

1799 1356 2205 1426 dispensatione
2241 1355 2373 1409 usis.
2408 1355 2545 1409 Cum
2590 1355 2723 1408 nihil
2767 1370 2893 1423 ergo
2922 1368 3024 1407 nos
3050 1353 3288 1416 inducat,
3318 1360 3376 1404 ut

1800 1455 2108 1503 accuratam
2154 1446 2595 1501 observationem
2640 1444 3037 1513 relinquamus,
3082 1442 3375 1497 statuimus

1801 1539 2134 1611 apostolicas
2174 1553 2236 1592 ac
2265 1546 2520 1607 paternas
2554 1536 2872 1591 traditiones
2918 1545 3225 1604 sequentes,
3266 1550 3375 1588 non

1802 1641 2050 1701 oportere
2068 1630 2120 1684 in
2140 1630 2567 1700 quadragesima:
2586 1636 2857 1697 postrema
2875 1626 3173 1695 septimana
3191 1625 3376 1695 quinta

1803 1721 1939 1779 feria
1981 1723 2248 1793 jejunium
2303 1721 2535 1790 solvere,
2585 1730 2639 1777 et
2690 1727 2857 1775 totam
2908 1717 3377 1788 quadragesimam

1807 1816 2007 1887 injuria
2037 1814 2266 1871 allicere.

1879 1991 1967 2047 5?...
2007 1988 2063 2044 lu
2094 1989 2350 2045 omnibus
2379 1988 2426 2021 ⁸ο
2466 1996 2668 2043 sanctae
2704 1982 3143 2055 quadragesimae
3184 1977 3380 2050 jejunii

1807 2083 2023 2147 diebus,
2055 2090 2416 2151 prreterquam
2442 2078 2705 2141 Sabbato,
2731 2088 2785 2131 et
2810 2074 3088 2130 Dominica
3112 2080 3166 2151 et
3190 2080 3382 2126 sancto

1814 2171 1971 2243 175
2004 2145 2455 2225 Atinuntialionis
2500 2168 2608 2233 die,
2653 2168 2747 2223 ﬁat
2777 2181 2991 2221 sacrum
3026 2145 3383 2233 praesanclili-

1810 2273 2052 2319 catorum
2084 2262 2468 2317 ministerium.

1884 2445 1971 2500 55.
2009 2442 2273 2511 Quoniam
2317 2439 2682 2495 intelleximus
2725 2437 2778 2491 in
2812 2436 3188 2490 Romanorum
3245 2433 3388 2488 civi-

1821 2545 1930 2592 tate
1960 2536 2015 2591 in
2046 2535 2255 2590 sanctis
2301 2528 2989 2604 quadragesimzejejuniis,
3023 2528 3077 2581 in
3104 2527 3222 2595 ejus
3249 2524 3386 2579 Sab-

1818 2631 1961 2686 batis
2037 2628 2289 2698 jejunare
2365 2634 2561 2695 praeter
2627 2621 3055 2677 ecclesiasticam
3128 2618 3382 2672 traditam

1816 2722 2252 2779 observationem
2284 2761 2298 2785 ,
2348 2729 2551 2774 sancta
2592 2716 2801 2786 synodo
2863 2713 3035 2765 visum
3077 2719 3183 2773 est,
3228 2719 3289 2764 ut
3331 2709 3385 2762 in

1818 2816 2193 2872 Romanorum
2229 2825 2448 2882 quoque
2474 2808 2717 2863 Ecclesia
2750 2807 3078 2860 inconcusse
3105 2803 3246 2856 vires
3293 2801 3391 2854 lia-

1818 2911 1945 2967 beat
1990 2922 2165 2962 canon
2196 2905 2237 2936 ⁸³
2275 2903 2369 2973 qui
2422 2902 2585 2956 dicit:
2622 2899 2679 2953 Si
2715 2898 2840 2968 quis
2874 2896 3106 2950 clericus
3136 2894 3391 2947 iuventus

1818 3003 1983 3057 fuerit
2009 3001 2062 3055 in
2099 3005 2289 3054 sancto
2318 2996 2405 3049 die
2446 2992 2730 3047 Dominico
2762 2991 2843 3044 vel
2866 2988 3100 3043 Sabbato
3121 2986 3390 3055 jejunare,

1820 3100 2018 3163 praeter
2052 3105 2219 3145 unum
2265 3096 2318 3142 et
2360 3086 2559 3152 solum,
2590 3084 2933 3153 deponatur:
2979 3081 3061 3135 sin
3104 3089 3285 3133 autem
3318 3059 3417 3131 la-'

1745 3224 1789 3286 Ο
1823 3186 1963 3251 icus,
1990 3191 2322 3253 segregetur.

1894 3297 1983 3369 56.
2032 3295 2294 3350 Similiter
2331 3290 2643 3361 accepimus
2683 3298 2737 3343 et
2784 3288 2839 3342 in
2887 3285 3271 3342 Armeniorum
3307 3298 3396 3337 re-

1821 3392 2003 3462 gione,
2059 3398 2112 3443 et
2144 3389 2197 3441 in
2241 3386 2364 3440 aliis
2400 3384 2556 3448 locis,
2599 3382 2652 3435 in
2687 3381 2942 3435 Sabbatis
2986 3392 3041 3435 et
3092 3378 3396 3434 Dominicis

1822 3490 2024 3541 sancta:
2048 3477 2479 3550 quadragesimae
2519 3474 2782 3543 quosdam
2815 3487 2916 3526 ova
2941 3479 2994 3525 et
3043 3485 3262 3525 caseum
3300 3485 3391 3524 co-

1824 3576 2063 3633 medere.
2090 3572 2280 3626 Visum
2322 3578 2405 3624 est
2433 3582 2563 3637 ergo
2608 3578 2662 3621 et
2697 3567 2826 3635 hoc,
2861 3574 2924 3618 ut
2951 3562 3132 3617 omnis
3165 3560 3257 3614 Dei
3291 3559 3397 3614 Ec-

1826 3667 2012 3731 clesia,
2041 3680 2162 3737 quae
2201 3672 2285 3718 est
2325 3662 2378 3714 in
2413 3658 2668 3715 universo
2717 3666 2985 3712 terrarum
3032 3654 3186 3718 orbe,
3228 3668 3396 3706 unum

1826 3758 2073 3816 ordinem
2121 3768 2375 3823 sequens,
2409 3750 2674 3821 jejunium
2722 3746 2988 3817 perﬁciat,
3024 3753 3078 3801 et
3124 3744 3400 3798 abstineat

1829 3852 1973 3908 sicut
2001 3850 2070 3904 ab
2123 3845 2273 3902 omni
2310 3842 2607 3907 mactabili,
2637 3841 2715 3896 sic
2737 3841 2805 3895 ab
2836 3840 2955 3894 ovis
2989 3846 3041 3892 ιιι
3068 3851 3249 3901 caseo,
3277 3849 3400 3906 qua:

1829 3942 2046 4013 quidem
2093 3946 2222 3995 sunt
2274 3935 2482 3990 fructus
2515 3942 2569 3988 et
2597 3933 2737 3988 l'etus
2780 3947 2968 3986 eorum
3000 3946 3031 3985 a
3072 3928 3270 3999 quibus
3301 3928 3399 3981 ab-

1831 4035 2117 4093 stinemus.
2153 4028 2212 4083 Si
2262 4037 2448 4081 autem
2500 4024 2604 4078 hoc
2645 4040 2753 4078 non
2805 4023 3165 4082 servaverint,
3212 4018 3256 4073 si
3289 4018 3400 4072 sint

1831 4125 2054 4198 quidem
2091 4118 2301 4183 clerici,
2349 4117 2734 4187 deponantur:
2778 4116 2862 4171 sin
2893 4122 3074 4169 autem
3119 4110 3263 4178 laici,
3317 4125 3404 4165 se-

1871 4227 2142 4288 regentur.

1831 4238 2142 4294 gregemur.

1906 4313 1996 4369 89.
2038 4313 2165 4367 Dies
2202 4307 2500 4365 salutifera
2535 4302 2806 4376 passionis
2846 4300 2900 4354 in
2939 4298 3145 4369 jejunio
3176 4304 3231 4351 et
3275 4309 3402 4348 ora-

1832 4408 1979 4462 tione
2027 4414 2082 4459 et
2141 4402 2323 4457 cordis
2379 4394 2799 4467 compunctione
2846 4397 3168 4462 peragentes
3222 4388 3405 4441 ﬁdeles

1834 4511 2007 4567 usque
2050 4495 2117 4549 ad
2161 4492 2394 4548 mediam
2439 4487 2620 4557 magni
2657 4485 2875 4540 Sabbati
2910 4495 3125 4537 noctem
3158 4480 3405 4550 jejunare

191 4589 431 4645 Σάϐϐατον
457 4590 652 4654 νυκτὸς
678 4589 847 4659 ὥρας,
878 4584 1335 4657 άπονηστίζεσθαι
1359 4598 1373 4613 ’
1411 4582 1519 4635 τῶν
1569 4580 1727 4633 θείων

1832 4592 2077 4657 oportet;
2103 4598 2227 4639 cum
2253 4579 2424 4636 divini
2452 4576 2797 4646 evangelista)
2828 4571 3109 4625 Mattbaeus
3135 4577 3188 4623 et
3206 4567 3404 4629 Lucas,

192 4682 556 4750 εὐαγγελιστῶν
581 4681 860 4738 Ματθαίου
889 4679 982 4733 καὶ
1019 4679 1223 4741 Λουκᾶ,
1260 4674 1351 4727 τοῦ
1384 4674 1481 4743 μὲν
1509 4671 1599 4725 διὰ
1630 4671 1725 4724 τοῦ

195 4771 289 4839 ὀψὲ
307 4776 621 4841 Σαϐϐάτων,
640 4774 849 4845 προσρή
859 4788 1045 4843 ματος,
1066 4768 1160 4822 τοῦ
1183 4770 1238 4822 δὲ
1270 4768 1357 4821 διὰ
1384 4767 1499 4831 τοῦ,
1520 4765 1731 4835 ὄρθρου

193 4863 402 4934 βαθέος,
442 4869 539 4941 τὴν
573 4866 881 4940 βραδυτῆτα
924 4864 1023 4935 τῆς
1053 4862 1246 4925 νυκτὸς
1294 4862 1428 4931 ἡμῖν
1488 4857 1730 4929 ὑπογρά-

202 4973 383 5022 φοντος.

201 5045 393 5114 Πέτρου
406 5049 472 5103 ἐκ
494 5048 603 5104 τοῦ
635 5048 820 5118 λόγου
845 5046 952 5100 τοῦ
989 5047 1077 5111 εἰς
1107 5043 1172 5096 τὸ
1199 5041 1409 5109 πάσχα
1429 5037 1631 5093 κανὼν
1650 5043 1736 5092 ιε’.

262 5168 331 5214 ιε’.
358 5164 463 5217 Ούκ
508 5162 794 5232 ἐγκαλέσει
834 5178 919 5224 τις
946 5162 1082 5231 ἡμῖν
1116 5156 1622 5230 παρατηρουμένοις
1660 5170 1742 5205 τε·

204 5252 347 5320 τράδα
372 5256 463 5308 καὶ
494 5256 845 5325 παρασκευήν
876 5271 890 5284 ’
928 5254 985 5306 ἐν
1017 5250 1105 5316 αἷς
1152 5251 1244 5304 καὶ
1285 5247 1566 5318 νηστεύειν
1607 5248 1741 5315 ἡμῖν

208 5344 326 5394 κατᾶ
366 5347 672 5415 παράδοσιν,
729 5346 964 5414 εὐλόγως
1023 5344 1422 5414 προστέτακται
1454 5356 1470 5370 ·
1496 5338 1595 5408 τὴν
1641 5338 1738 5407 μὲν

208 5434 429 5503 τετράδα,
458 5438 541 5491 διὰ
571 5439 630 5492 τὸ
674 5440 961 5507 γενόμενον
990 5454 1052 5489 συ
1062 5434 1316 5505 μὸούλιον
1339 5432 1442 5485 ὑπὸ
1474 5429 1740 5483 Ἰουδαίων

215 5523 291 5575 ἐπὶ
316 5530 373 5595 τῇ
417 5530 667 5602 προδοσίᾳ
720 5532 812 5584 τοῦ
868 5528 1072 5599 Κυρίου
1104 5543 1119 5558 ·
1152 5527 1250 5596 τὴν
1273 5525 1329 5578 δὲ
1367 5520 1739 5594 παρασκευὴν,

215 5612 286 5665 διὰ
315 5618 368 5670 τὸ
399 5623 710 5675 πεπονθέναι
755 5621 919 5676 αὐτὸν
946 5620 1085 5689 ὑπὲρ
1117 5621 1148 5689 ἡ
1161 5618 1276 5687 μῶν
1302 5632 1315 5646 °
1355 5616 1453 5686 τὴν
1495 5613 1602 5684 γὰρ
1628 5614 1741 5666 Κν-

278 5792 589 5868 5:C‘mmtl-
633 5818 710 5862 111,
758 5816 879 5868 Cap.
927 5798 1014 5854 ἓξ).
1085 5795 1214 5851 V'idc
1284 5811 1404 5850 can.
1455 5790 1557 5855 50,
1608 5802 1734 5859 synu

1856 5780 2225 5839 Laodiccnsis.

218 5859 259 5941 _"
294 5860 431 5922 Dion.
464 5859 607 5927 Alex.
640 5859 893 5928 canon'l.

1828 4677 1917 4732 ille
1944 4674 2163 4746 quidem
2190 4687 2397 4741 vespere
2432 4667 2675 4732 Sabbati,
2708 4666 2797 4720 hic
2835 4678 2961 4718 vero
3001 4677 3097 4731 per
3128 4660 3212 4724 id,
3256 4658 3407 4712 valde

1832 4768 2089 4835 diluculo,
2127 4767 2302 4822 noctis
2333 4764 2490 4819 nobis
2518 4760 2828 4817 tarditatem
2859 4756 3171 4812 describant
3197 4753 3264 4806 “.

2047 5026 2196 5080 Petri
2227 5039 2291 5080 ea:
2322 5036 2557 5079 sermone
2583 5020 2639 5075 in
2677 5016 2881 5073 Pascha
2909 5031 3079 5070 canon
3110 5013 3198 5069 15.

1911 5144 1997 5199 15.
2046 5141 2163 5198 Νοη
2211 5137 2568 5209 reprehendet
2610 5148 2709 5188 nos
2753 5130 3045 5202 quispiam,
3077 5134 3328 5195 quartam
3361 5130 3413 5177 et

1846 5246 2053 5292 sextum
2078 5232 2265 5287 feriam
2286 5228 2450 5299 176
2468 5227 2836 5285 observantes,
2862 5221 2913 5271 in
2934 5218 3134 5288 quibus
3157 5216 3312 5268 nobis
3334 5212 3415 5280 je-

1842 5329 2036 5397 junare
2053 5324 2348 5379 secundum
2365 5318 2705 5375 traditionem
2719 5329 2842 5368 cum
2863 5311 3253 5377 rationctprtecv
3262 5316 3413 5375 ptum

1847 5396 1949 5474 cst.
1979 5418 2241 5483 Quartam
2273 5412 2491 5482 quidem
2525 5416 2744 5479 propter
2768 5404 2961 5458 initum
2993 5415 3022 5453 a
3052 5396 3253 5452 Iudaeis
3283 5411 3415 5450 cou-

1848 5514 2031 5568 silium
2067 5511 2133 5564 de
2154 5508 2457 5578 proditione
2494 5498 2709 5555 Domini
2746 5516 2759 5552 :
2795 5503 3002 5551 sextam
3028 5499 3231 5551 autem,
3272 5485 3415 5554 quod

1850 5607 1964 5675 ipse
1998 5616 2098 5674 pro
2142 5599 2298 5655 nobis
2343 5609 2536 5666 passus
2586 5592 2678 5647 sit.
2715 5588 2864 5644 Diem
2902 5587 3045 5641 enim
3080 5579 3417 5636 Dominicum

2333 5776 2376 5808 ⁶⁰
2417 5768 2747 5830 ιιιο”ι1ἱε.49.
2854 5768 2899 5800 “
2930 5764 3063 5820 Can.
3107 5769 3278 5830 apost.
3329 5755 3418 5809 8'1.
