4012 6424
624 398 704 459 ἒ39
1734 393 1997 454 ΡΗΟΤΙΙ
2034 393 2169 452 ΡΑΤ

2271 390 2535 449 ARCIIIE
2591 390 2696 449 CP;
3732 396 3817 453 MO

598 503 794 558 betitire
822 503 965 557 dicm
1000 503 1239 573 agimus,
1269 504 1413 573 quod
1466 504 1518 557 in
1569 517 1635 557 eo
1680 503 2040 557 resurrexerit
2069 518 2083 555 :
2119 501 2169 553 iu

2281 498 2496 569 ριακὴν,
2575 498 2924 569 χαρμοσύνης
3002 498 3217 568 ἡμέραν
3300 500 3511 566 ἄγομεν
3591 498 3675 551 διὰ
3742 504 3817 553 τὸν

597 610 708 662 quo
737 606 835 646 nec
867 607 1040 663 genua
1071 594 1285 662 quidem
1316 595 1530 647 ﬂectere
1558 594 1884 662 accepimus.

666 769 855 825 Const.
894 769 949 835 5,
982 768 1045 823 tit
1099 769 1187 828 ιε,
1230 769 1325 824 lib.
1373 770 1427 834 5,
1471 768 1595 823 cod.
1649 766 1896 837 ait,quod
1928 767 2168 837 quadra-

598 860 744 929 ginta
780 859 969 915 diebus
1003 858 1211 913 Pascha
1245 858 1691 928 auticipantibus,
1725 859 1904 913 omnis
1930 859 2168 927 cognitio

598 947 964 999 criminalium
996 948 1360 1016 qltmstionuut
1402 958 1597 1003 cesset.
1630 946 1694 1001 Et
1727 957 1901 1002 const.
1938 947 1991 1013 6,
2024 947 2168 1017 quod

599 1037 776 1093 feriati
810 1038 963 1110 [dies]
1003 1040 1131 1106 sint;
1164 1040 1253 1109 qui
1309 1051 1532 1109 septeno
1570 1055 1797 1093 nmnero
1836 1038 2044 1093 Pascha
2085 1040 2167 1093 vel

598 1133 911 1199 praecedunt
970 1133 1053 1185 vel
1114 1142 1417 1202 sequuntur
1462 1152 1473 1186 :
1529 1130 1689 1204 [dies]
1745 1134 1907 1185 etiam
1962 1130 2170 1187 Natalis

598 1225 821 1291 Christi,
854 1233 1015 1293 atque
1050 1224 1424 1295 Theophanis,
1457 1222 1614 1297 [dies]
1644 1224 1913 1293 passionis
1939 1223 2169 1292 Aposto-

597 1314 771 1369 lorum
825 1326 879 1371 et
937 1315 1093 1389 [dies]
1154 1319 1469 1374 Dominicus
1524 1333 1752 1387 :neque
1804 1318 1926 1373 istis
1975 1317 2168 1373 diebus

596 1410 899 1475 spectacula
933 1408 1317 1473 exhibeantur,
1352 1425 1528 1479 neque
1578 1409 1847 1479 judicium
1888 1408 2163 1463 dictetur:

596 1508 649 1551 et
695 1501 1002 1568 quindecim
1054 1502 1403 1571 paschalibus
1437 1502 1628 1555 diebus
1661 1516 1728 1555 ne
1769 1500 2015 1553 debitum
2046 1500 2167 1569 qui-

595 1591 718 1642 dem
744 1591 857 1645 sive
895 1593 1166 1661 privatum
1209 1594 1323 1647 sive
1363 1594 1637 1661 publicum
1670 1591 1940 1661 exigatur.
1972 1592 2163 1645 Const.

595 1696 725 1735 vero
756 1681 807 1747 7,
839 1682 891 1736 in
921 1683 1232 1751 quindecim
1268 1682 1432 1756 [istis]
1468 1684 1660 1738 diebus
1699 1684 2164 1737 manumissiones

595 1788 661 1828 ac
684 1776 1147 1845 emancipationes
1192 1777 1329 1843 ﬁeri,
1382 1786 1435 1830 et
1464 1792 1628 1847 super
1660 1778 1767 1831 illis
1800 1786 1919 1831 acta
1966 1778 2160 1830 c0nﬁci

597 1867 877 1935 permittit.
904 1868 982 1923 Ac
1023 1878 1202 1925 const.
1251 1870 1303 1933 8,
1343 1871 1495 1932 dicit,
1525 1870 1669 1939 quod
1707 1871 1758 1923 in
1809 1871 2164 1940 quadragesi-
2202 1854 2240 1909 Β

597 1974 683 2012 ma
713 1970 767 2013 et
793 1958 1043 2015 Paschali
1075 1962 1163 2017 die
1192 1963 1259 2017 de
1290 1964 1613 2028 latronibus,
1648 1973 1702 2018 et
1742 1964 1981 2019 maxime
2012 1965 2165 2017 Isau-

598 2052 715 2114 ris,
780 2054 1011 2121 quaestio
1075 2056 1371 2121 habeatur,
1436 2072 1547 2126 quo
1604 2059 1861 2112 conscios
1914 2057 2164 2126 prodant.

596 2145 784 2201 Const.
820 2163 984 2217 porro
1015 2150 1070 2215 5,
1102 2152 1186 2205 tit.
1220 2152 1275 2215 4,
1306 2151 1398 2206 lib.
1430 2155 1479 2218 l,
1511 2154 1634 2206 cod.
1672 2154 1769 2217 ait,
1800 2153 1943 2221 quod
1975 2152 2168 2207 diebus

595 2236 947 2303 paschalibus
986 2254 1147 2294 nemo
1198 2240 1511 2295 includatur
1545 2250 1639 2295 aut
1682 2243 1978 2308 vinciatur,
2022 2258 2165 2311 pras-

597 2336 844 2398 terquam
877 2330 1110 2399 adulter,
1159 2334 1466 2399 maleﬁcus,
1515 2335 1787 2405 virginum
1834 2345 2040 2404 raptor,
2086 2351 2171 2390 se-

595 2421 909 2488 pulcrorum
942 2424 1191 2489 violator,
1220 2427 1515 2491 veneﬁcus,
1545 2437 1773 2481 monetae
1810 2428 2165 2493 adulterator,

596 2513 895 2579 homicida,
932 2517 1218 2584 patricida,
1248 2529 1301 2572 et
1331 2534 1457 2573 reus
1498 2519 1823 2588 majestatis.
1868 2520 2045 2588 Atque
2070 2523 2168 2574 hos

593 2602 813 2670 quidem
854 2621 1073 2676 semper
1115 2610 1527 2678 comprehendi,
1573 2611 1801 2679 reliquis
1836 2625 1965 2666 vero
1996 2612 2167 2666 semel

593 2694 856 2751 duntaxat
879 2698 1111 2768 ignosci.

667 2903 824 2972 177
865 2903 1014 2958 CAP.
1064 2904 1133 2959 Il.
1176 2932 1246 2945 -
1280 2903 1435 2969 Quod
1478 2920 1638 2975 neque
1680 2920 1956 2974 puerpera,
2006 2920 2169 2971 neque

596 2996 775 3049 morbo
830 3013 1043 3065 prorsus
1092 2998 1367 3051 invalidas
1411 3000 1466 3052 in
1496 2998 1755 3052 Paw/tate
1797 2999 2045 3068 jejunare
2072 3014 2161 3050 co-

593 3099 773 3160 gatur.

1038 3179 1293 3234 Timothei
1320 3196 1544 3234 canones
1567 3180 1620 3244 8,
1654 3180 1740 3236 10.

668 3268 1051 3343 Interrogatio.
1076 3272 1267 3327 Mulier
1287 3273 1333 3326 si
1360 3273 1650 3343 pepererit,
1674 3272 1900 3326 debetne
1916 3271 2166 3341 jejunare

595 3365 827 3430 Pascha,
870 3378 924 3420 et
975 3367 1158 3419 vimun
1212 3382 1318 3421 non
1365 3367 1573 3432 bibere,
1625 3381 1693 3419 an
1744 3380 1773 3418 a
1808 3364 2020 3434 jejunio
2068 3364 2167 3417 ab-

598 3456 849 3522 solvitur,
901 3466 956 3512 et
1008 3458 1194 3512 vinum
1252 3457 1439 3514 bibere
1490 3456 1851 3527 permittitur,
1905 3471 1971 3510 eo
2020 3454 2166 3524 quod

596 3548 806 3617 peperit
828 3548 853 3602 ?

667 3639 974 3708 Responsio.
1005 3642 1380 3710 Excogitatum
1416 3651 1499 3697 est
1538 3641 1830 3713 jejunium,
1864 3652 1925 3695 ut
1958 3656 2162 3710 corpus

598 3730 800 3786 humile
842 3733 1119 3789 reddatur.
1167 3733 1227 3789 Si
1264 3750 1391 3803 ergo
1435 3750 1635 3804 corpus
1673 3734 1730 3788 in
1765 3734 2071 3788 humilitate
2107 3742 2162 3788 et

599 3823 970 3879 imbecillitate
997 3835 1266 3890 versatur,
1300 3826 1457 3880 debet
1486 3825 1592 3880 cibi
1629 3834 1682 3880 et
1712 3834 1874 3895 potus
1901 3834 2165 3895 quantum

596 3912 714 3965 vult
745 3920 798 3967 et
824 3922 999 3983 potest
1026 3929 1147 3969 esse
1174 3916 1461 3985 particeps.

669 4085 1048 4159 Interrogatio.
1099 4088 1158 4143 Si
1203 4090 1331 4159 quis
1378 4090 1449 4145 sit
1494 4098 1760 4160 :egrotus,
1796 4098 1850 4144 et
1896 4105 1959 4145 ex
2000 4092 2166 4144 multa

598 4179 970 4235 imbecillitate
1004 4181 1156 4235 valde
1202 4190 1546 4247 attenuatus,
1583 4190 1636 4236 et
1668 4182 1735 4235 ad
1772 4193 2023 4237 sanctum
2066 4183 2167 4235 Pa-

598 4272 729 4326 scha
775 4273 1020 4338 venerit,
1064 4273 1293 4327 debetne
1341 4274 1560 4328 omnino
1606 4273 1874 4344 jejunare,
1927 4290 1994 4326 an
2042 4289 2166 4327 eum

598 4364 831 4419 absolvit
889 4366 1155 4431 clericus,
1213 4374 1272 4420 ut
1324 4367 1555 4435 accipiat
1621 4366 1762 4435 quod
1821 4374 2031 4433 potest,
2088 4382 2167 4420 νοι

596 4459 759 4511 etiam
801 4460 979 4513 oleum
1015 4470 1067 4514 et
1100 4459 1308 4522 vinum,
1345 4469 1560 4529 propter
1592 4460 1817 4511 multam
1848 4459 1966 4527 ejus
2000 4458 2169 4513 imbe-

598 4550 877 4605 cillitatem
907 4550 931 4604 ἲ

666 4641 970 4713 Responsio.
1015 4643 1235 4699 Absolvi
1270 4645 1431 4700 debet
1473 4656 1739 4714 aegrotus,
1785 4653 1846 4701 ut
1892 4645 2071 4699 cibum
2112 4652 2167 4699 et

596 4742 785 4803 potum
837 4736 1047 4803 capiat,
1094 4745 1355 4804 quantum
1396 4736 1535 4790 ferre
1570 4747 1762 4806 potest.
1799 4735 1933 4788 Eum
1985 4735 2128 4788 enim
2153 4773 2167 4797 ,

596 4823 688 4893 qui
747 4824 912 4878 semel
971 4833 1286 4881 attenuatus
1337 4835 1449 4889 est,
1503 4842 1624 4881 esse
1677 4826 1782 4880 olei
1842 4823 2164 4895 participem

598 4931 815 4985 aequum
847 4922 952 4970 est.

668 5006 822 5062 CAP.
854 5005 943 5063 ΙΙΙ.
975 5038 1043 5051 σ-ι-
1080 5006 1152 5061 De
1173 5007 1259 5062 die
1288 5016 1338 5061 et
1362 5007 1494 5062 hora
1516 5010 1758 5077 paschali
1826 5022 1877 5067 et
1922 5012 2172 5081 theOpha-

597 5100 829 5153 nierum.

1056 5188 1436 5261 Apostolorum
1459 5210 1627 5248 canon
1660 5195 1713 5249 7.

703 5281 758 5335 7.
824 5280 880 5337 Si
927 5282 1050 5351 quis
1097 5283 1401 5352 episcopus,
1468 5288 1547 5339 vel
1614 5289 1913 5358 presbyter,
1948 5288 2027 5341 vel
2060 5287 2178 5341 dia-

599 5390 795 5439 conus,
874 5375 1016 5430 sacri
1086 5376 1247 5446 178
1307 5375 1528 5431 Pascha:
1590 5379 1729 5431 diem
1779 5390 1905 5433 ante
1952 5394 2174 5433 vernum

598 5468 982 5537 aequinoctium
1067 5484 1189 5523 cum
1265 5468 1469 5525 Judaeis
1558 5470 1957 5536 celebraverit,
2015 5473 2179 5541 depo-

600 5568 779 5613 natur.

974 5651 1202 5708 Concilii
1228 5655 1541 5710 Antiocheni
1573 5672 1739 5709 canon
1772 5658 1821 5709 l.

674 5739 880 5799 Omnes
913 5745 1004 5814 qui
1044 5747 1249 5801 audent
1297 5748 1595 5804 dissolvere
1648 5749 1926 5802 decretum
1980 5760 2181 5803 sancta:

606 5840 659 5887 et
687 5850 894 5906 magna:
914 5839 1125 5907 synodi,
1154 5854 1275 5909 qum
1306 5836 1496 5894 Nicaéa:
1525 5849 1709 5893 coacta
1743 5850 1826 5895 est
1859 5841 1910 5894 iu
1942 5856 2179 5909 prmsen-

2272 588 2581 642 ἀναστάντα
2612 590 2669 640 ὲν
2696 590 2858 659 αὑτῇ,
2896 590 2953 640 ἐν
3046 589 3165 641 οὐδὲ
3192 587 3397 656 γόνατα
3429 587 3632 642 κλίνειν
3659 606 3822 659 mpet-

2271 680 2542 752 λήφαμεν.

2354 770 2416 823 Ἦ
2440 775 2481 822 ε’
2508 770 2752 834 διάταξις
2790 769 2883 823 τοῦ
2935 768 3002 839 ιβ’
3058 769 3162 823 τίτ.
3196 768 3289 821 τοῦ
3318 774 3367 837 γ’
3397 768 3540 838 βιόλ.
3580 767 3671 820 τοῦ
3712 768 3821 822 auiis.

2271 862 2457 932 φησὶν,
2489 863 2569 915 ὄτι
2608 864 2663 914 ὲν
2726 864 2844 924 ταῖς
2900 860 3409 931 προλαμϐανούσαις
3474 861 3537 912 τὸ
3582 860 3755 928 Πάσχα
3783 880 3814 928 μ

2268 953 2528 1023 ἡμέραις,
2559 954 2708 1006 πᾶσα
2737 952 2961 1021 ζήτησις
3000 952 3107 1005 τῶν
3135 952 3555 1021 ὲγκληματικῶν
3598 952 3825 1020 βασάνων

2272 1045 2519 1116 σχολάζει
2543 1061 2557 1075 ’
2590 1046 2684 1098 καὶ
2727 1046 2837 1115 ἦς’
2870 1044 3009 1097 διάτ.
3044 1046 3125 1097 ὅτι
3161 1044 3432 1113 ἀπρακτοί
3468 1045 3608 1093 εἰσιν
3651 1043 3704 1093 αἱ
3738 1042 3825 1111 πρὸ

2269 1139 2360 1191 τοῦ
2392 1140 2582 1205 Πάσχα
2611 1138 2658 1202 ζ’
2687 1138 2909 1210 ἡμέραι,
2955 1139 3049 1190 καὶ
3081 1137 3123 1200 ζ’
3156 1137 3291 1205 μετά
3325 1137 3383 1187 τὸ
3429 1137 3616 1204 πάσχα
3639 1174 3653 1195 ,
3691 1137 3771 1185 καὶ
3798 1137 3825 1203 ἡ

2275 1229 2514 1300 Χριστοῦ
2550 1230 2736 1293 Γέννα,
2774 1229 2870 1282 καὶ
2900 1228 2967 1280 τὰ
3003 1228 3300 1296 Θεοφάνια,
3332 1228 3425 1280 καὶ
3452 1227 3485 1295 ὴ
3524 1224 3620 1278 τοῦ
3645 1225 3825 1289 πάθους

2270 1322 2376 1375 τῶν
2426 1322 2768 1385 ἀποστόλων,
2804 1320 2898 1375 καὶ
2946 1322 2980 1390 ἡ
3008 1321 3261 1390 Κυριακὴ
3289 1336 3301 1348 ο
3342 1321 3397 1371 ἐν
3423 1322 3544 1381 ταῖς
3575 1318 3825 1377 τοιαύταις

2269 1414 2525 1482 ἡμέραις,
2572 1411 2694 1466 οὗτε
2750 1412 2846 1465 θέα
2878 1412 3136 1475 τελεῖται,
3172 1410 3295 1464 οὔτε
3334 1413 3455 1479 δίκη
3491 1411 3705 1479 λέγεται
3734 1428 3745 1441 ·
3778 1415 3824 1464 ὲν

2268 1504 2323 1556 δὲ
2348 1507 2464 1565 ταῖς
2495 1504 2553 1556 ιε’
2579 1503 2811 1574 ἡμέραις
2839 1502 2935 1555 τοῦ
2966 1502 3180 1571 Πάσχα.
3215 1501 3337 1554 οὔτε
3370 1503 3531 1572 χρέος
3560 1501 3821 1561 ἰδιωτικὸν,

2266 1594 2391 1648 οὔτε
2414 1595 2668 1664 δημόσιον
2697 1597 3009 1649 ἁπαιτείται
3041 1610 3054 1626 ·
3077 1596 3111 1663 ἡ
3149 1594 3204 1646 δὲ
3228 1594 3269 1658 ζ’
3296 1595 3436 1647 διάτ.
3474 1594 3751 1664 ἐπιτρέπει
3776 1595 3823 1645 ὲν

2266 1688 2385 1749 ταῖς
2432 1685 2491 1737 ιε’
2526 1685 2747 1748 ταύταις
2775 1686 2869 1738 τοῦ
2901 1686 3091 1754 Πάσχα
3116 1687 3370 1756 ἡμέραις,
3404 1684 3707 1753 ἐλευθερίας
3746 1687 3821 1737 καί

2268 1778 2735 1846 ὲμαγκιπατίονας
2782 1777 3149 1846 πράττεσθαι,
3205 1778 3297 1829 καὶ
3362 1777 3428 1829 τά
3497 1776 3584 1829 ἐπ’
3655 1777 3821 1837 αὑταῖς

2271 1870 2643 1937 ὑπομνήματα
2675 1867 3046 1920 συνίστασθαι.
3094 1867 3156 1920 Ἦ
3188 1868 3243 1920 δὲ
3288 1874 3336 1937 η’
3362 1868 3501 1921 διάτ.
3537 1869 3715 1935 φησὶν.
3744 1870 3821 1919 καὶ

2270 1959 2351 2012 ὅτι
2386 1960 2444 2010 ἐν
2477 1961 2542 2028 τῇ
2584 1964 2657 2027 μ’,
2702 1958 2797 2010 καὶ
2835 1960 2892 2011 ἐν
2926 1962 2994 2028 τῇ
3024 1960 3209 2030 ἡμέρᾳ
3256 1959 3349 2012 τοῦ
3376 1960 3599 2028 Πάσχα.
3626 1959 3817 2028 βασανέ-

2272 2051 2455 2115 ζονται
2473 2052 2521 2102 οί
2546 2048 2740 2120 λῃσταί
2771 2066 2784 2078 ·
2813 2050 2898 2118 ἐφ’
2921 2043 2965 2118 ᾧ
2997 2051 3231 2113 καὶτοὺς
3252 2052 3572 2121 συνίστορας
3592 2054 3811 2116 ἐξειπεῖν,

2272 2142 2363 2193 καὶ
2394 2140 2759 2209 διαφερόντως
2788 2141 2837 2192 οἱ
2861 2141 3102 2209 Ἰσαυροι
3134 2156 3147 2169 ·
3185 2142 3218 2210 ἡ
3242 2140 3297 2192 δὲ
3316 2146 3363 2208 γ’
3388 2140 3529 2194 διάτ.
3562 2141 3650 2194 τοῦ
3672 2141 3705 2192 δ’
3726 2142 3810 2195 τίτ.

2271 2231 2363 2285 τοῦ
2395 2239 2443 2284 α’
2475 2230 2613 2301 βιόλ.
2636 2232 2732 2285 τοῦ
2774 2230 2902 2285 κώδ.
2937 2234 3121 2301 φησὶν,
3149 2233 3229 2286 ὅτι
3259 2235 3316 2285 ὲν
3347 2235 3465 2295 ταῖς
3493 2234 3714 2304 ἡμέραις
3736 2233 3814 2301 τῆς

2272 2324 2616 2394 πασχαλίας,
2668 2324 2842 2387 οὐδεὶς
2895 2324 3203 2391 ἐγκλείεται
3256 2324 3288 2393 ἢ
3340 2325 3649 2394 δεσμεῖται,
3704 2325 3814 2394 πλὴν

2274 2416 2462 2485 μοιχοῦ
2484 2458 2497 2481 ,
2543 2416 2638 2469 καὶ
2677 2415 3064 2486 αἰσχρουργοῦ,
3120 2417 3213 2467 καὶ
3242 2414 3510 2484 ἅρπαγος,
3544 2415 3811 2484 παρθένων,

2272 2508 2365 2560 καὶ
2386 2524 2449 2560 τυ
2460 2506 2771 2577 μὸωρύχου,
2806 2508 2899 2560 καὶ
2920 2508 3136 2576 γόητος,
3166 2507 3260 2559 καὶ
3286 2508 3813 2577 παραχαράκτου,καὶ

2272 2598 2499 2666 φονέως,
2532 2599 2627 2651 καὶ
2652 2599 3045 2669 πατροκτόνου,
3076 2599 3168 2651 καὶ
3189 2599 3475 2667 τυράννου.
3513 2600 3707 2661 Πάντες
3729 2602 3815 2667 γὰρ

2273 2683 2417 2741 οὗτοι
2460 2689 2690 2742 πάντοτε
2744 2688 3224 2758 ἀπολαμόἀνουσιν
3280 2688 3429 2753 ἅπαξ
3471 2686 3527 2739 δὲ
3596 2687 3739 2756 μόνον
3776 2686 3814 2738 οἱ

2273 2780 2449 2834 λοιποὶ
2483 2779 2966 2849 συγγινώσκονται.

2340 2894 2591 2948 ΚΕΦΑΛ.
2624 2891 2698 2948 B’.
2750 2924 2821 2933 —
2863 2894 3003 2961 Περὶ
3041 2896 3146 2948 τοῦ
3165 2894 3317 2962 μήτε
3347 2894 3461 2961 τὴν
3489 2894 3665 2963 λεχὼ,
3692 2892 3817 2962 μήτε

2270 2989 2376 3042 τὸν
2405 2988 2473 3041 ἐκ
2498 2989 2688 3042 νόσου
2706 2986 3045 3055 δυνάμενον
3066 2986 3193 3040 οὐδ’
3211 2985 3387 3053 ὅλως,
3417 2985 3818 3055 ἀναγκάζεσθαι

2269 3078 2337 3133 τὸ
2386 3077 2601 3146 Πάσχα
2646 3079 2985 3143 νηστεύειν.

2714 3169 2990 3237 Τιμοθέου
3030 3168 3229 3222 κανὼν
3244 3177 3312 3240 η’,
3349 3168 3402 3224 ι’.

2352 3259 2675 3329 Ἐρώτησις
2694 3266 2768 3330 η’.
2814 3261 2954 3332 Γυνὴ
2985 3260 3079 3313 ἐὰν
3106 3265 3346 3334 γεννήσῃ
3367 3261 3445 3331 τῷ
3471 3261 3610 3332 ἁγίῳ
3632 3261 3815 3329 Πάσχα,

2268 3356 2316 3406 εί
2354 3354 2557 3421 ὀφείλει
2605 3352 2897 3422 νηστεῦσαι
2952 3356 3046 3407 καὶ
3106 3356 3180 3426 μὴ
3226 3359 3371 3407 πιεῖν
3421 3351 3586 3417 οἶνον,
3632 3353 3664 3423 ἢ
3712 3355 3819 3404 ἀπο-

2266 3447 2452 3500 λύεται
2481 3446 2580 3516 τῆς
2608 3445 2863 3515 νηστείας
2911 3447 3007 3500 καὶ
3064 3447 3157 3500 τοῦ
3219 3447 3395 3500 πίνειν
3450 3442 3594 3499 οἶνον
3641 3446 3722 3499 διὰ
3772 3442 3820 3495 τὸ

2268 3541 2527 3611 γεννῆσαι
2562 3555 2577 3605 ;

2350 3634 2715 3700 Ἀπόκρισις.
2756 3630 2820 3683 Ἦ
2858 3631 3083 3699 νηστεία
3138 3632 3401 3701 ἐπενοήθη
3464 3631 3555 3684 διά
3596 3630 3653 3683 τὸ
3688 3629 3821 3697 σῶμα

2267 3724 2603 3778 ταπεινῶσαι
2631 3738 2645 3753 ο
2669 3724 2717 3775 εί
2759 3716 2853 3774 οὖν
2878 3721 2937 3773 τὸ
2979 3723 3139 3791 σῶμα
3172 3724 3228 3775 ἐν
3260 3725 3502 3776 κακώσει
3544 3723 3637 3775 καὶ
3660 3736 3819 3772 ταπει-

2269 3818 2432 3870 νώσει
2468 3818 2603 3877 ἐστὶ,
2629 3818 2721 3870 καὶ
2744 3820 2800 3871 ὲν
2830 3814 3086 3886 ἀσθενείᾳ
3114 3818 3392 3886 τυγχάνει,
3432 3814 3640 3881 ὀφείλει
3678 3828 3820 3882 μετα-

2268 3908 2470 3974 λαϐεῖν,
2517 3910 2650 3963 καθὸ
2708 3911 2928 3965 δύναται
2976 3908 3266 3980 βαστάσαι,
3324 3908 3418 3961 καὶ
3487 3906 3688 3977 τροφῆς
3743 3902 3822 3954 καὶ

2271 3998 2456 4053 ποτοῦ.

2353 4090 2665 4159 Ἐρώτησις
2695 4092 2745 4147 ι’.
2804 4097 2929 4149 Ἐάν
2956 4113 3044 4159 τις
3136 4093 3380 4147 ἀσθενῶν
3404 4133 3419 4156 ,
3476 4092 3572 4145 καὶ
3600 4086 3823 4148 ἐκτακεὶς

2271 4183 2411 4236 πάνυ
2455 4184 2558 4236 ἀπὸ
2598 4186 2695 4255 τῆς
2726 4187 2927 4257 πολλῆς
2960 4186 3269 4247 ἀσθενείας,
3300 4184 3394 4235 καὶ
3426 4182 3571 4236 ἔλθοι
3602 4181 3660 4233 τὸ
3691 4180 3822 4245 ἄτιον

2272 4272 2480 4342 Πάσχα,
2546 4276 2593 4326 εί
2646 4276 2862 4337 πάντως
2917 4275 3124 4343 ὀφείλει
3179 4272 3497 4343 νηστεῦσαι,
3555 4266 3823 4341 ῆάπολὺει

2272 4368 2432 4419 αὐτὸν
2488 4368 2516 4419 ὀ
2577 4368 2835 4439 κληρικὺς
2893 4368 3192 4438 λαμϐάνειν
3249 4367 3277 4419 ὃ
3340 4366 3597 4429 δύναται,
3660 4363 3691 4431 ἧ
3746 4359 3823 4412 καὶ

2272 4457 2450 4512 ἔλαιον
2516 4461 2611 4512 καὶ
2683 4456 2826 4516 οίνον
2891 4460 2982 4514 διὰ
3049 4461 3149 4531 τὴν
3198 4458 3398 4528 πολλὴν
3454 4455 3620 4510 αὑτοῦ
3686 4452 3821 4506 ἀσθέ-

2198 4565 2241 4619 ι)
2270 4568 2458 4615 νειαν;

2356 4645 2720 4713 Ἀπόκρισις.
2767 4642 3127 4697 Ἀπολύεσθαι
3176 4643 3381 4711 ὀφείλει
3410 4638 3820 4711 μεταλαμϐάνειν

2270 4735 2365 4788 καὶ
2392 4735 2499 4786 τῶν
2528 4734 2746 4805 τροφῶν
2785 4736 2879 4787 καὶ
2905 4734 3001 4787 τοῦ
3036 4733 3199 4786 ποτοῦ
3226 4734 3252 4785 ὀ
3292 4731 3539 4786 ἀσθενῶν
3571 4732 3598 4783 ὃ
3627 4729 3821 4781 δύναται

2272 4826 2572 4897 βαστάσαισ
2607 4826 2668 4878 τὸ
2716 4828 2826 4896 γὰρ
2857 4825 3297 4897 μεταλαμϐάνειν
3345 4824 3528 4877 ἐλαίου
3565 4822 3651 4875 τὸν
3697 4815 3821 4879 ἅπαξ

2272 4918 2591 4982 ἑκτακέντα,
2630 4918 2837 4971 δίκαιόν
2869 4920 3037 4971 ἐστιν.

2274 5011 2522 5065 ΚΕΦΑΔ.
2551 5011 2709 5065 ι“’.-
2744 5009 2879 5077 Περὶ
2904 5008 3015 5077 τῆς
3039 5008 3263 5077 ἡμέρας
3297 5008 3395 5062 καὶ
3421 5009 3533 5077 τῆς
3561 5008 3707 5077 ῶρας
3733 5003 3823 5069 τῆς

2274 5103 2621 5172 πασχαλίιις
2664 5102 2764 5155 καὶ
2794 5101 2912 5154 τῶν
2943 5102 3304 5170 Θεοφανίων.

2706 5198 3093 5251 Ἀποστόλων
3122 5194 3324 5248 κανὼν
3349 5193 3415 5257 ς’.

2346 5289 2411 5354 ζ’.
2444 5290 2511 5342 Εἴ
2535 5307 2617 5352 τις
2653 5290 2975 5352 ἐπίσκοπος,
3026 5288 3060 5360 ἢ
3113 5286 3505 5357 πρεσϐύτεφς,
3532 5284 3562 5353 ἦ
3588 5282 3816 5337 διάκονος,

2274 5383 2374 5451 τὴν
2433 5382 2595 5449 ἁγίαν
2634 5380 2727 5433 τοῦ
2789 5382 2980 5449 Πάσχα
3026 5380 3273 5451 ἡμέραν,
3322 5380 3427 5447 πρὸ
3486 5378 3582 5445 τῆς
3628 5370 3816 5441 ἐαρινῆς

2280 5474 2567 5543 ἰσημερίας
2658 5474 2793 5541 μετά
2863 5472 3130 5525 Ἰουδαίων
3218 5471 3557 5533 ἐπιτελέσει,
3648 5463 3811 5519 καθαι-

2280 5566 2497 5638 ρείσθω.

2560 5657 2831 5712 Συνόδου
2863 5657 3226 5727 Ἀντιοχείας
3255 5655 3455 5709 κανὼν
3482 5661 3547 5709 α’.

2352 5759 2420 5803 α’.
2454 5750 2666 5814 Πάντας
2710 5751 2833 5812 τοὺς
2873 5748 3183 5819 τολμῶντας
3236 5746 3535 5815 παραλύειν
3592 5742 3673 5793 τὶν
3712 5739 3811 5804 ὅρον

2281 5843 2376 5911 τῆς
2410 5842 2567 5909 ἀτίας
2598 5843 2687 5895 καὶ
2724 5841 2962 5911 μεγάλης
2999 5842 3237 5909 συνόδου,
3271 5840 3363 5909 τῆς
3396 5840 3453 5891 ὲν
3483 5833 3673 5903 Noui;
3707 5841 3815 5891 συγο
