3874 6296
587 312 691 378 613

885 425 1115 484 Concilii
1134 431 1438 486 mcumenici
1463 445 1515 487 vr
1542 446 1709 485 canon
1741 432 1829 486 89.

657 517 747 574 89.
767 516 894 575 Dies
919 519 1198 575 salutifera
1240 522 1532 592 passionis,
1573 531 1682 578 etc.
1731 533 1789 578 ut
1823 539 1987 595 supra
2030 541 2154 597 pag.

591 611 718 666 638.

1137 705 1283 759 Petri
1304 721 1475 759 canon
1508 704 1596 759 15.

659 793 748 848 l5.
774 791 891 846 Non
925 793 1280 864 reprehendet
1314 808 1414 849 nos
1439 794 1709 864 quispiam
1763 804 1901 864 etc.,
1923 803 1980 849 ut
2000 811 2164 866 supra

590 901 714 954 pag.
746 884 870 939 6⁸58.

595 974 756 1044 180
809 974 1046 1044 Dionysii
1087 989 1152 1027 ea:
1197 972 1422 1043 epistola
1453 975 1524 1027 ad
1555 974 1844 1030 Basilidem
1895 993 2064 1031 canon
2110 978 2161 1032 1.

665 1149 717 1204 1.
750 1147 878 1203 Haec
919 1155 1098 1202 autem
1141 1164 1268 1204 cum
1303 1149 1375 1204 ita
1415 1165 1474 1205 se
1499 1151 1751 1215 habeant,
1808 1153 1910 1208 hoc
1952 1153 2018 1210 iis
2071 1154 2164 1224 qui

589 1240 898 1294 accuratius
961 1239 1326 1309 subtiliusque
1391 1243 1760 1309 considerant,
1813 1247 2165 1304 enuntiamus

590 1341 756 1401 quota
785 1332 940 1397 hora,
979 1331 1065 1386 vel
1107 1332 1268 1387 etiam
1311 1335 1646 1391 semiborula
1688 1338 1770 1392 vel
1828 1347 2023 1407 quarta
2069 1340 2167 1394 Ito-

591 1438 672 1484 ra.
704 1432 918 1491 oportet
963 1424 1203 1493 incipere
1242 1425 1484 1480 laetitiam
1539 1427 1612 1482 ob
1643 1427 1862 1483 Domini
1905 1432 2080 1486 nostri
2132 1447 2164 1487 a

591 1516 822 1571 mortuis
867 1519 1351 1573 resurrectionem.
1409 1519 1512 1574 Eos
1543 1522 1763 1591 quidem
1793 1524 1887 1593 qui
1935 1523 2163 1578 nimium

1754 319 2016 381 I’HOTII
2049 320 2177 380 ΡΑΊ

2283 318 2550 380 ARCl-UE
2599 318 2710 379 (ΖΡ.
3706 323 3792 385 (iii

2399 429 2660 484 Συνόδου
2698 427 3122 498 οίκουμενικῆς
3150 427 3333 496 ἅκτης
3355 427 3554 482 κανὼν
3581 430 3681 486 πθ’.

2334 522 2446 586 Τὰς
2471 519 2566 575 τοῦ
2606 521 2878 591 σωτηρίου
2899 519 3106 583 πάθους
3148 519 3380 590 ἡμέρας,
3419 537 3477 574 κ.
3512 537 3562 574 τ.
3588 521 3636 578 λ.

2757 695 2985 765 Πέτρου
3037 695 3238 750 κανὼν
3274 701 3354 750 ιε’.

2331 797 2414 845 ιε’.
2436 790 2549 844 Οὐκ
2571 787 2856 858 ἐγκαλέσει
2877 804 2960 852 τις
2982 789 3136 859 ἡμῖν,
3163 805 3217 841 κ.
3243 804 3294 841 τ.
3322 787 3372 841 λ.

2263 966 2582 1022 Διονυσίου
2631 966 2700 1021 ἐκ
2739 965 2852 1036 τῆς
2909 967 3061 1054 πρὸς
3114 967 3482 1055 Βᾳσιλείδην
3517 969 3809 1041 ἐπιστολῆς

2903 1054 3106 1092 κανων
3130 1054 3170 1092 α
3184 1077 3199 1091 ο

2335 1155 2406 1206 α’.
2429 1147 2647 1203 Τούτων
2674 1147 2848 1212 οὕτως
2871 1148 3124 1220 ἑχόντων,
3148 1149 3307 1204 τοῦτο
3332 1153 3449 1214 τοῖς
3471 1151 3813 1222 ἀκριϐολογου-

2267 1242 2446 1312 μένοις
2475 1241 2907 1312 ἀποφαινόμεθα,
2947 1242 3092 1296 κατὰ
3115 1243 3274 1297 ποίαν
3307 1243 3456 1314 ὤραν
3487 1244 3520 1316 ἢ
3556 1245 3645 1301 καὶ
3685 1253 3810 1303 ποῖον

2265 1334 2531 1406 ἡμιώριον
2585 1333 2797 1406 ἢῶρας
2845 1334 3104 1404 τέταρτον
3145 1334 3414 1406 ἄρχεσθαι
3432 1339 3670 1406 προσῆκε
3723 1342 3804 1411 τῆς

2264 1426 2358 1480 ἐπὶ
2383 1427 2450 1496 τῇ
2474 1425 2569 1478 τοῦ
2593 1425 2796 1496 Κυρίου
2813 1426 2970 1496 ἡμῶν
2993 1427 3054 1479 ὲκ
3083 1427 3292 1498 νεκρῶν
3312 1429 3610 1484 ἀναστάσει
3637 1435 3783 1502 χαρᾶς
3799 1452 3810 1465 -

2263 1518 2391 1582 τοὺς
2419 1518 2518 1588 μὲν
2541 1517 2662 1572 λίαν
2698 1516 3140 1588 ὲπιταχύνοντας,
3165 1520 3258 1573 καὶ⁵
3296 1520 3405 1590 πρὸ
3460 1523 3649 1586 νυκτὸς
3694 1529 3806 1595 ταχὺ

593 1606 874 1672 festinant,
924 1620 979 1665 et
1031 1623 1158 1667 ante
1227 1613 1459 1668 mediam
1538 1625 1753 1669 noctem
1807 1622 2058 1685 surgunt,
2107 1627 2168 1671 ut

2283 1611 2434 1676 εγγὺς
2474 1609 2577 1680 ἥδη
2623 1607 2896 1680 μεσούσης
2937 1609 3229 1673 ἀνιέντας,
3266 1611 3343 1675 ὡς
3397 1611 3688 1683 ὀλιγώρους
3737 1619 3812 1670 καὶ

592 1711 999 1770 contemptores
1030 1712 1086 1758 et
1113 1704 1534 1775 intemperantes
1582 1707 2056 1775 reprehendimus,
2109 1717 2165 1762 ut

2283 1702 2528 1770 Ξικρατεῖς
2581 1700 2933 1770 μεμφόμεθα,
2967 1701 3096 1772 παρ’
3135 1701 3316 1771 ὀλίγον
3365 1705 3810 1774 προκαταλύοντας

593 1792 686 1861 qui
755 1794 1145 1862 propemodum
1168 1804 1458 1864 antequam
1489 1811 1588 1867 par
1623 1798 1713 1863 sit,
1745 1813 1968 1853 cursum
2002 1799 2161 1853 abru-

2283 1791 2357 1844 ιὸν
2399 1791 2597 1862 δρόμον
2628 1808 2642 1822 ·
2691 1791 2940 1861 λέγοντος
2988 1792 3178 1863 ἀνδρὸς
3210 1795 3400 1864 σοφοῦ’
3427 1797 3504 1850 Οὐ
3557 1801 3736 1869 μικρδν
3770 1804 3812 1855 ὲν

594 1885 794 1953 perint,
829 1885 1040 1942 dicente
1075 1887 1194 1941 viro
1231 1887 1475 1958 sapiente
1511 1907 1526 1944 :
1579 1887 1724 1943 (Non
1755 1905 1948 1958 parum
2001 1899 2083 1944 est
2113 1891 2170 1944 in

2283 1881 2372 1951 Βίῳ
2407 1882 2468 1934 τὸ
2497 1880 2649 1950 παρὰ
2706 1881 2900 1950 μικρόν
2928 1897 2944 1913 ο
2977 1881 3104 1944 τοὺς
3153 1881 3211 1934 δὲ
3255 1884 3702 1954 ἐφυστερίζοντας
3742 1890 3814 1942 καὶ

593 1977 703 2029 vita
759 1976 902 2046 quod
953 1993 1142 2046 parum
1198 1980 1368 2034 abest.
1416 1999 1434 2032 ι
1479 1980 1584 2036 Eos
1640 1990 1821 2036 autem
1873 1983 1965 2050 qui
2013 1981 2170 2037 οἰσθ-

595 2075 741 2131 rnnt,
792 2075 847 2121 et
884 2071 1178 2136 plurimum
1221 2071 1524 2140 perferunt,
1579 2081 1634 2128 et
1665 2073 1731 2128 ad
1788 2079 2038 2143 quartam
2075 2089 2170 2128 ns-

596 2175 704 2230 que
786 2162 1024 2232 vigiliam
1103 2162 1316 2218 fortiter
1387 2165 1685 2234 abstinent,
1745 2167 1798 2220 in
1855 2183 1958 2238 qua
2008 2169 2172 2222 etiam

599 2254 981 2325 navigantibus
1029 2255 1288 2311 Servator
1334 2265 1523 2312 noster
1578 2257 1632 2315 in
1689 2259 1827 2312 mari
1886 2259 2174 2316 ambulans

599 2347 870 2415 apparuit,
923 2356 982 2402 ut
1022 2350 1409 2418 generosos'et
1469 2349 1715 2404 laborum
1757 2351 2055 2405 tolerantes
2078 2366 2176 2406 su-

600 2436 883 2505 scipimus.
923 2436 993 2491 lis
1028 2446 1210 2491 autem
1263 2437 1356 2507 qui
1395 2437 1601 2492 interea
1625 2446 1684 2492 ut
1717 2437 1848 2493 moti
1915 2446 2064 2502 sunt,
2092 2437 2177 2492 vel

601 2537 660 2581 ut
702 2537 1018 2596 potuerunt,
1070 2529 1382 2600 quiescunt,
1442 2545 1552 2586 non
1606 2531 1762 2586 valde
1829 2530 2045 2584 molesti
2102 2529 2179 2586 si-

601 2632 768 2674 mus:
840 2618 1276 2690 quandoquidem
1360 2636 1461 2676 nec
1509 2635 1605 2677 sex
1667 2621 2001 2692 jejuniornm
2064 2623 2181 2678 dies

602 2712 905 2780 aequaliter,
942 2727 1042 2766 nec
1064 2712 1313 2766 similiter
1339 2727 1531 2767 omnes
1561 2721 1880 2783 exspectant
1912 2730 1927 2780 ;
1960 2714 2050 2769 sed
2087 2713 2180 2768 alii

604 2805 848 2874 quidem,
889 2806 972 2859 vel
1007 2820 1199 2860 omnes
1234 2806 1628 2872 transmittunt,
1663 2807 1832 2878 jejuni
1861 2823 2182 2877 permanen-

2269 1972 2626 2042 διαρκοῦντας
2649 1973 2739 2024 ἐπὶ
2769 1971 3041 2035 πλεῖστον,
3079 1972 3172 2025 καὶ
3210 1974 3372 2044 μέχρι
3422 1976 3683 2045 τετάρτης
3724 1995 3806 2046 om.

2272 2064 2443 2130 λακῆς
2477 2063 2972 2134 ὲγκαρτεροῦντας·,
3004 2063 3124 2117 καθ’
3159 2064 3226 2136 ἢν
3266 2066 3362 2120 καὶ
3389 2069 3506 2129 τοῖς
3540 2069 3811 2123 πλέουσινό

2274 2155 2464 2226 Σωτὴρ
2493 2154 2650 2226 ἡμῶν
2677 2153 2994 2224 περιπατῶν
3027 2154 3121 2207 ἐπὶ
3153 2155 3253 2225 τῆς
3277 2155 3556 2228 θαλάσσης
3590 2160 3814 2229 ἐπεφάνη,

2274 2246 2350 2312 ὡς
2383 2247 2664 2315 γενναίους
2693 2246 2787 2300 καὶ
2827 2245 3146 2316 φιλοπόνους
3183 2247 3562 2318 ἀποδεξόμεθα
3585 2267 3600 2282 ³
3625 2253 3738 2316 τοὺς
3774 2253 3816 2306 δὲ

2279 2339 2504 2411 μεταξὺ,
2536 2339 2610 2403 ὡς
2645 2338 2996 2408 ἐκινήθησαν,
3037 2337 3068 2410 ἢ
3097 2337 3173 2402 ὡς
3215 2339 3585 2412 ἠδυνήθησαν,
3609 2344 3813 2398 ἀναπαυ-

2280 2432 2568 2502 σαμένους,
2631 2431 2706 2503 μὴ
2744 2430 2884 2484 πάνυ
2935 2429 3234 2500 διοχλῶμεν
3257 2447 3272 2462 ο
3328 2434 3455 2485 ἐπεὶ
3491 2433 3624 2504 μηδὲ
3654 2437 3738 2499 τὰς
3771 2438 3814 2500 ἐξ

2277 2526 2388 2580 τῶν
2408 2525 2672 2596 νηστειῶν
2700 2525 2914 2597 ἡμέρας
2947 2524 3074 2588 ἴσως
3118 2523 3252 2594 μηδὲ
3281 2524 3490 2594 ὁμοίως
3519 2527 3704 2589 πάντες
3728 2529 3817 2581 δια-

2286 2616 2536 2688 μένουσιν
2564 2632 2576 2646 ·
2613 2615 2726 2669 ἀλλ’
2784 2616 2834 2669 οἱ
2909 2615 3010 2687 μὲν
3064 2615 3158 2668 καὶ
3217 2617 3404 2680 πάσας
3453 2618 3814 2688 ὑπερτιθέασιν,

2282 2708 2457 2762 ἄσιτοι
2482 2706 2851 2772 διατελοῦντες
2881 2722 2897 2741 ο
2923 2708 2973 2760 οἱ
3003 2707 3058 2760 δὲ
3088 2706 3154 2778 β’,
3185 2707 3235 2761 oi
3266 2707 3323 2761 δὲ
3361 2707 3435 2776 γ’,
3465 2711 3514 2762 οἱ
3547 2710 3600 2763 δὲ
3629 2709 3686 2774 δ’,
3718 2714 3757 2764 οἱ
3776 2713 3818 2765 δὲ

2281 2800 2402 2853 οὐδὲ
2428 2799 2557 2869 μίαν
2589 2816 2603 2831 ·
2647 2802 2740 2854 καὶ
2770 2801 2883 2863 τοῖς
2933 2800 3033 2871 μὲν
3063 2802 3204 2854 πάνυ
3228 2802 3632 2874 διαπονηθεῖσιν
3655 2806 3706 2858 ὲν
3730 2810 3819 2868 ταῖς

606 2906 708 2959 tes,
772 2894 862 2948 alii
911 2895 1068 2962 duos,
1108 2896 1200 2950 alii
1251 2905 1381 2962 tres,
1415 2898 1505 2951 alii
1530 2908 1784 2967 quatuor,
1819 2899 1909 2953 alii
1947 2899 2177 2952 nullum.

2283 2892 2662 2962 ὑπερθέσεσιν,
2686 2887 2804 2946 εἶτα
2833 2892 3202 2963 ἀποκαμοῦσι,
3237 2895 3329 2948 καὶ
3372 2895 3536 2965 μόνον
3567 2897 3659 2950 οὐκ
3682 2897 3819 2950 ἐκλεί-

606 2984 673 3039 Et
704 2986 770 3039 iis
825 2987 1043 3056 quidem
1106 2989 1196 3057 qui
1257 2989 1310 3043 in
1383 2989 1490 3045 illis
1542 2991 1978 3045 transmittendis
2028 2991 2177 3045 valde

2284 3001 2466 3048 πουσι,
2525 2983 2820 3056 συγγνώμη
2856 2986 2953 3056 τῆς
3001 2988 3305 3057 ταχυτέρας
3355 2980 3598 3057 γεῦσεως
3626 3003 3643 3020 ⁶
3697 2995 3738 3044 ει
3777 2993 3817 3044 δέ

606 3076 1046 3144 laboraverunt,
1123 3079 1316 3135 deinde
1391 3081 1590 3136 defessi
1661 3089 1716 3136 et
1793 3082 2177 3152 prepcmodum

2284 3092 2431 3141 τινες
2459 3077 2556 3146 οὐχ
2581 3077 2729 3140 ὅπως
2763 3079 2862 3147 οὐχ
2889 3077 3271 3147 ὑπερθέμενοι,
3305 3078 3444 3134 ἀλλὰ
3472 3081 3603 3152 μηδὲ
3632 3082 3818 3151 νηστεύ-

606 3170 888 3232 deficiunt,
924 3170 1311 3240 ignoscendum
1363 3182 1446 3228 est
1493 3173 1635 3243 quod
1671 3173 1902 3228 celerius
1945 3181 2177 3243 gustent.

2292 3186 2484 3232 σαντες
2509 3209 2525 3235 ,
2543 3169 2679 3224 ἀλλὰ
2711 3171 2804 3224 καὶ
2831 3171 3210 3241 τρυφήσαντες
3243 3171 3344 3232 τὰς
3373 3173 3707 3243 προαγούσας
3727 3175 3818 3228 τέσ-

610 3260 795 3329 Siqui
842 3270 1025 3316 autem
1086 3278 1195 3318 non
1252 3266 1413 3319 modo
1451 3281 1560 3320 non
1615 3265 1953 3321 transmissis
1999 3265 2091 3320 sed
2116 3279 2177 3319 ne

2291 3278 2485 3331 σαρας,
2541 3259 2660 3316 εἶτα
2707 3261 2949 3326 ἐλθόντες
2981 3264 3072 3316 ἐπὶ
3095 3263 3194 3326 τὰς
3243 3266 3567 3330 τελευταίας
3611 3266 3712 3332 δύο,
3752 3269 3819 3321 καὶ

603 3353 867 3424 jejunalis
909 3356 1166 3425 quidem,
1219 3359 1302 3412 vel
1341 3359 1504 3415 etiam
1537 3359 1589 3413 in
1620 3360 1866 3415 delicatis
1912 3359 2184 3430 opiparis-

608 3463 717 3518 que
747 3449 1031 3513 conviviis,
1086 3452 1427 3520 consumptis
1484 3452 1920 3522 prazcedentibus
1947 3460 2185 3522 quatuor

2295 3351 2464 3420 μόνας
2509 3351 2680 3415 αὑτὰς
2707 3353 3111 3424 ὑπερτιθέντες,
3143 3355 3243 3425 τήν
3286 3373 3346 3408 τε
3376 3362 3723 3429 παρασκευῇν
3751 3361 3819 3412 καὶ

2282 3444 2343 3497 τὸ
2368 3444 2677 3509 Σάϐϐατον,
2740 3445 2884 3516 μέγα
2934 3462 2987 3500 τι
3035 3448 3133 3500 καὶ
3179 3446 3436 3519 λαμπρὸν
3488 3454 3654 3504 ποιεῖν
3706 3452 3818 3521 νομί-

608 3537 822 3603 diebus,
865 3539 930 3593 ad
989 3539 1128 3594 duos
1164 3555 1370 3609 eosque
1400 3541 1547 3596 solos
1574 3551 1852 3596 extremos
1888 3541 2006 3597 dies
2052 3555 2178 3596 cum

609 3631 883 3697 venerint,
920 3630 1026 3686 illis
1059 3645 1090 3684 a
1142 3646 1202 3686 se
1251 3633 1376 3687 cibo
1413 3648 1522 3687 non
1559 3644 1781 3704 gustare
1813 3633 2177 3698 transmissis,

610 3719 910 3775 Parasceve
955 3733 1008 3776 et
1055 3720 1315 3787 Sabbato,
1350 3737 1600 3792 magnum
1636 3722 1764 3792 quid
1821 3731 1874 3777 et
1905 3721 2180 3792 egregium

612 3827 670 3866 se
721 3811 901 3867 facere
953 3813 1290 3879 existimant,
1349 3814 1395 3869 si
1448 3818 1516 3869 ad
1549 3828 1806 3869 auroram
1842 3827 2015 3882 usque
2055 3827 2181 3882 per-

615 3906 915 3961 manserint
944 3923 960 3973 ;

2284 3533 2488 3603 ζουσιν,
2517 3539 2582 3590 ἂν
2614 3537 2778 3608 μέχρι
2803 3537 2904 3608 τῆς
2933 3538 3008 3591 ἕω
3039 3539 3388 3609 διαμείνωσιν
3413 3582 3429 3605 ,
3464 3544 3564 3596 οὐκ
3592 3537 3726 3613 οἶμαι
3749 3546 3817 3613 τὴν

2283 3627 2508 3696 ἄθλησιν
2549 3628 2747 3691 αὐτοὺς
2773 3628 3101 3698 πεποιῆσθαι
3136 3630 3258 3700 ῐσην
3303 3634 3421 3696 τοῖς
3474 3633 3572 3697 τὰς
3610 3633 3814 3694 πλείονας

2283 3721 2496 3790 ἡμέρας
2522 3723 2916 3791 προεσκηκόσι.
2949 3721 3133 3776 Ταῦτα
3165 3723 3262 3792 μὲν
3289 3723 3366 3787 ὡς
3396 3725 3581 3796 φρονῶ
3599 3724 3686 3779 καὶ
3711 3741 3814 3790 συμ-

2284 3811 2544 3876 ϐουλεύω,
2595 3812 2724 3882 περὶ
2751 3811 2954 3865 τούτων
2983 3813 3217 3882 ἔγραψα.

1037 3923 1145 3962 non
1194 3907 1452 3963 existimo
1479 3922 1577 3963 eos
1614 3923 1680 3962 ex
1705 3924 1863 3979 atquo
1892 3916 2166 3963 certamen
2206 3903 2444 3960 subiisse
2480 3917 2606 3958 cum
2667 3904 2736 3961 iis
2801 3905 2894 3976 qui
2930 3921 2990 3962 se
3047 3907 3294 3979 pluribus
3318 3907 3521 3966 diebus
3549 3908 3686 3979 prius
3703 3923 3818 3963 exer-

614 4009 865 4056 cuerunt.
932 3999 1058 4055 Haec
1121 4001 1363 4070 quidem,
1437 4011 1494 4055 ut
1543 4001 1741 4067 sentio,
1773 3999 2071 4056 consulens
2109 3999 2177 4053 de
2215 3995 2351 4066 ipsis
2383 3995 2601 4064 scripsi.

805 4090 1080 4146 Theovltili
1109 4091 1174 4146 de
1201 4101 1386 4147 sancta
1419 4091 1761 4162 Theopltania
1793 4108 1913 4148 can.
1936 4090 1993 4148 4.

689 4248 763 4303 De
794 4248 1044 4320 Panupb.
1077 4259 1210 4318 etc.,
1243 4259 1300 4304 ut
1321 4266 1484 4320 supra
1516 4267 1636 4320 pag.
1673 4248 1798 4304 547.

693 4363 848 4432 18],
886 4361 1038 4417 CAP.
1069 4361 1157 4417 IV.
1187 4394 1260 4403 —
1289 4364 1444 4428 Quod
1475 4380 1578 4418 non
1629 4373 1862 4432 oporteat
1892 4360 2194 4433 spectacula

2298 4085 2590 4157 Θεοφίλου
2617 4083 2682 4140 ex
2707 4085 2820 4156 τῆς
2843 4087 2976 4156 περὶ
3005 4087 3126 4141 τῶν
3137 4091 3490 4212 ἓεοεοανὶων
3510 4087 3820 4161 προσφωνῆς

2951 4174 3085 4212 xw.
3184 4199 3200 4212 .

2951 4174 3085 4228 κεφ.
3137 4174 3200 4214 οι.

2353 4247 2506 4320 Περὶ
2538 4247 2594 4302 δὲ
2620 4248 2865 4318 Πανοῦφ,
2905 4266 2964 4303 κ.
2999 4266 3050 4304 τ.
3085 4249 3137 4305 λ.

2369 4360 2621 4414 ΚΕΦΑΛ.
2650 4360 2802 4411 A'.-——
2835 4360 2974 4428 Περὶ
3003 4360 3114 4416 τοῦ
3147 4360 3233 4431 μὴ
3273 4361 3497 4431 κρῆναι
3526 4359 3818 4430 ἐνΚυριακιῙ

619 4458 703 4510 die
741 4456 1016 4510 Dominico
1057 4457 1194 4526 ﬁeri,
1218 4455 1295 4510 vel
1330 4473 1394 4509 ea
1435 4456 1520 4509 die
1546 4474 1678 4527 genu
1717 4457 1924 4526 ﬂectere
1974 4458 2177 4526 itemqui

2304 4448 2510 4518 aedipta
2541 4449 2834 4519 γίνεσθαι,
2881 4449 2920 4517 ἢ
2964 4450 3111 4521 γόνυ
3142 4453 3376 4506 κλίνειν
3425 4453 3497 4506 ἐν
3525 4449 3816 4522 Κυριακῇή

619 4547 803 4601 diebus
833 4547 1208 4612 Pentecostes;
1246 4557 1296 4600 et
1340 4545 1479 4617 quod
1508 4564 1603 4616 pro
1652 4547 1850 4601 viribus
1881 4547 2177 4600 vacandum

2295 4542 2424 4608 ταῖς
2457 4542 2705 4611 ἡμέραις
2731 4541 2842 4610 τῆς
2875 4541 3303 4611 Πεντηκοστῆς
3325 4559 3340 4574 ⁸
3372 4545 3475 4598 καὶ
3508 4543 3592 4598 ὅτι
3624 4545 3746 4597 κατὰ
3769 4541 3816 4593 τὸ

621 4640 690 4691 sit
717 4640 781 4693 ab
800 4654 950 4709 opere
973 4639 1057 4691 die
1091 4637 1389 4703 Dominico,
1417 4653 1518 4691 non
1551 4648 1726 4691 autem
1751 4639 1803 4692 in
1837 4637 2072 4693 Sabbato
2097 4657 2117 4704 ;
2142 4655 2177 4692 e.

2297 4631 2620 4702 ἐγχωροῦν,
2656 4631 2753 4685 δεῖ
2777 4632 3100 4702 σχολάζειν
3125 4633 3240 4701 τὴν
3278 4635 3584 4703 Κυριακήν
3604 4649 3618 4665 ’
3642 4635 3701 4688 οὐ
3721 4633 3816 4702 μὴν

621 4733 761 4802 quod
792 4746 963 4786 sacra:
989 4729 1286 4798 Scriptura?
1307 4731 1357 4784 in
1391 4728 1625 4784 Sabbato
1653 4730 1882 4802 legenda:
1907 4733 2035 4786 sint.

1011 4904 1238 4961 Concilii
1276 4902 1482 4959 Nicami
1513 4919 1682 4958 canon
1707 4903 1797 4958 20.

693 5021 784 5075 20.
829 5019 1096 5088 Quoniam
1130 5031 1258 5076 sunt
1294 5020 1539 5090 quidam,
1569 5021 1660 5091 qui
1685 5019 1758 5090 [in
1791 5020 1877 5075 die
1916 5019 2200 5075 Dominico

2301 4725 2367 4778 τὸ
2392 4723 2713 4778 σάϐϐατον·
2746 4725 2842 4780 καὶ
2869 4724 2957 4778 ὅτι
2972 4723 3069 4780 δεῖ
3088 4727 3332 4796 Γραράς
3353 4727 3754 4798 ἀναγινώσκειν
3770 4724 3816 4776 τὸ

2307 4813 2630 4868 σάϐϐατον.

2643 4906 2910 4960 Συνοδου
2949 4908 3200 4975 Νικαίας
3253 4909 3455 4963 κανὼν
3474 4909 3544 4964 κ’.

2368 5014 2435 5070 κ’.
2502 5015 2718 5086 Ἐπειδή
2766 5016 2910 5082 τινές
2959 5018 3098 5070 εἰσιν
3129 5019 3186 5071 ὲν
3211 5021 3277 5090 τῇ
3311 5021 3565 5092 κυριακῇ
3613 5016 3814 5087 γονυκλι-

626 5129 768 5184 genu
795 5113 1035 5178 ﬂectant,
1064 5121 1117 5167 et
1145 5113 1280 5183 ipsis
1310 5111 1503 5168 diebus
1525 5110 1900 5177 Pentecostes,
1929 5121 1990 5166 ut
2016 5113 2177 5165 omni:

2297 5104 2537 5170 τοῦντες,
2574 5107 2668 5160 καὶ
2697 5110 2753 5160 ἐν
2780 5111 2898 5171 ταῖς
2922 5108 3021 5180 τῆς
3047 5112 3426 5182 Πεντηκοστῆς
3456 5113 3688 5183 ἡμέραις,
3712 5109 3818 5174 ὑπὲρ

629 5207 881 5260 similiter
930 5205 986 5260 in
1035 5205 1186 5261 omni
1233 5206 1496 5276 parochia
1544 5215 1849 5272 serventur,
1890 5206 2068 5260 visum
2119 5220 2176 5259 es

2296 5198 2391 5251 τοῦ
2427 5199 2606 5252 πάντα
2636 5200 2694 5253 ὲν
2718 5201 2867 5272 πάσῃ
2909 5205 3172 5276 παροικίᾳ
3215 5204 3592 5274 φυλάττεσθαι,
3623 5201 3816 5258 ἑστῶτας

629 5307 833 5354 sanctae
864 5299 1093 5368 synodo,
1120 5308 1179 5353 ut
1207 5308 1414 5354 stantes
1445 5299 1554 5354 Deo
1591 5298 1869 5353 orationes
1900 5297 2198 5353 effundant.

987 5455 1214 5511 Concilii
1245 5455 1537 5510 Laodeceni
1563 5471 1738 5510 canon
1764 5455 1855 5509 29.

701 5590 794 5647 i9.
834 5591 990 5658 Quod
1033 5607 1142 5646 non
1181 5601 1395 5662 oportet
1433 5589 1778 5646 Christianos
1806 5588 2110 5658 judaizare,
2152 5599 2206 5644 et

2298 5288 2447 5356 ἔδοξε
2503 5293 2570 5362 τῇ
2618 5291 2752 5364 ἁγίᾳ
2799 5293 3003 5365 συνόδῳ
3056 5294 3155 5359 τὰς
3203 5296 3372 5365 εὐχὰς
3437 5295 3720 5350 ἀποδιδόναι
3760 5287 3816 5358 τῷ

2305 5380 2444 5452 Θεῷ.

2594 5498 2862 5552 Συνόδου
2885 5501 3242 5569 Λαοδικείας
3270 5503 3471 5556 κανὼν
3490 5502 3587 5556 κθ’.

2380 5588 2483 5644 κθ’.
2522 5589 2642 5642 Ὀτι
2678 5590 2736 5642 οὐ
2767 5589 2850 5643 δεῖ
2876 5592 3234 5663 Χριστιανοὺς
3271 5595 3551 5657 ἰουδαΐζειν
3576 5592 3657 5644 καὶ
3679 5590 3725 5640 ὲν
3763 5584 3818 5655 τῷ

636 5682 691 5737 in
724 5682 965 5738 Sabbato
999 5684 1186 5750 Oliari,
1226 5683 1321 5738 sed
1358 5683 1505 5754 ipsos
1547 5699 1613 5737 eo
1635 5685 1723 5737 die
1761 5681 1976 5750 Operari
2007 5699 2020 5734 :
2059 5681 2177 5736 dien

2315 5681 2578 5753 Σαϐϐάτῳ
2609 5683 2912 5752 σχολάζειν,
2940 5684 3402 5756 ἀλλ’ἐργάζεσθαι
3434 5687 3621 5750 αὐτοὺς
3647 5686 3695 5737 ὲν
3712 5681 3815 5746 αὐτῇ

635 5785 816 5832 autem
845 5775 1186 5832 Dominicum
1223 5775 1573 5846 praeferentes
1602 5775 1786 5840 otiari,
1817 5773 1860 5828 si
1888 5773 2050 5830 modo
2078 5789 2205 5846 pos-

2313 5777 2378 5846 τῇ
2411 5776 2591 5847 ἡμέρᾳ
2626 5791 2652 5844 °_
2673 5779 2788 5850 ﬁn:
2838 5778 2894 5832 δὲ
2941 5781 3225 5852 Κυριακὴν
3261 5780 3642 5852 προτιμῶντας,
3675 5774 3722 5832 ετ
3772 5786 3818 5840 τε
