4012 6452
196 418 297 483 645

1054 412 1454 475 SYNTAGMA
1483 412 1851 476 CANONUM
1909 435 1979 453 -·
2018 416 2147 479 ΤῘΤ
2184 418 2315 493 VII,
2351 418 2512 480 CAP.
2550 418 2655 481 IV.

3357 419 3462 485 646

187 536 462 595 δύναιντο,
497 526 783 601 σχολάζειν
808 527 884 591 ὡς
935 526 1251 597 Χριστιανοί
1282 542 1296 556 ·
1328 528 1377 580 εί
1414 527 1472 581 δὲ
1505 528 1784 598 εὑρεθεῖεν

1886 527 2014 592 sint,
2049 538 2111 584 ut
2142 528 2509 586 Christianos.
2535 527 2692 596 Quod
2727 528 2772 584 si
2808 528 3012 584 inventi
3046 526 3247 585 fuerint
3275 530 3464 601 jndai-

212 622 551 683 Ἰουδαῖσταὶ,
581 619 824 673 ἔστωσαν
853 618 1103 687 ἀνάθεμα
1127 618 1277 687 παρά
1308 618 1549 689 Χριστῷ.

394 711 665 766 Συνόδου
716 708 1135 778 Καρθαγέννης
1183 708 1385 764 κανὼν
1422 708 1522 776 ξα’.

264 804 404 873 Περὶ
429 803 703 872 θεωρίων,
737 802 838 855 ἵνα
884 801 954 855 ἐν
992 801 1065 868 τῇ
1096 801 1366 871 κυριακῇ
1404 803 1505 856 καὶ
1533 802 1602 856 ἐν
1650 800 1778 868 ταῖς

178 894 432 959 λοιπαῖς
488 892 608 946 τῶν
675 891 861 960 ἁγίων
941 890 1173 959 ἑορταῖς
1241 890 1528 961 μηδαμῶς
1587 891 1780 945 ἐπιτε-

178 986 412 1041 Mrta:
421 1026 436 1039 .

262 1078 369 1145 ξα’.
394 1078 632 1131 Κάκεῖνο
652 1074 731 1129 ἔτι
761 1073 866 1146 μὴν
880 1074 962 1127 δεῖ
981 1073 1223 1142 αἰτῆσαι,
1250 1072 1336 1126 ἵνα
1360 1072 1427 1125 τὰ
1451 1071 1654 1142 θεὼρια
1671 1071 1778 1125 τῶν

177 1169 497 1240 θεατρικῶν
534 1166 800 1237 παιγνίων
830 1167 889 1218 ὲν
920 1168 986 1236 τῇ
1022 1167 1294 1234 Κυριακῇ,
1324 1166 1418 1219 καὶ
1440 1165 1498 1217 ὲν
1521 1166 1638 1229 ταῖς
1669 1163 1780 1216 λοι-

178 1265 324 1325 παῖς
352 1260 611 1332 φαιδραῖς
630 1261 728 1329 τῆς
762 1258 872 1312 τῶν
887 1258 1230 1330 Χριστιανῶν
1256 1257 1492 1320 πίστεως
1519 1257 1774 1327 ἡμέραις,

174 1352 513 1406 κωλύωνται
558 1350 793 1421 μάλιστα
824 1365 838 1379 ·
872 1350 955 1402 ὅτι
1003 1350 1062 1402 ὲν
1097 1351 1164 1420 τῇ
1214 1347 1424 1416 ὀγδοάδι
1469 1346 1564 1401 τοῦ
1621 1347 1775 1415 ἁγίου

173 1445 404 1513 Πάσχα,
438 1444 487 1495 οί
517 1442 662 1512 ὄχλοι
693 1442 892 1512 μᾶλλον
913 1442 991 1503 εἰς
1020 1440 1081 1492 τὸ
1110 1439 1489 1510 ἱπποδρόμιον,
1520 1439 1665 1510 ἢπερ
1696 1439 1777 1501 εἰς

170 1536 287 1606 τὴν
336 1534 660 1605 Ἐκκλησίαν
695 1533 1062 1603 συνέρχονται,
1109 1530 1344 1599 ὀφείλειν
1379 1530 1771 1601 μετενεχθῆναι

172 1630 290 1692 τὰς
332 1628 645 1699 ὡρισμένας
693 1626 872 1680 αὐτῶν
927 1625 1160 1695 ἡμέρας,
1191 1624 1279 1676 ὅτε
1319 1624 1645 1695 ἀπαντήσει,
1679 1623 1776 1675 καὶ

178 1721 269 1792 μὴ
310 1720 550 1790 ὀφείλειν
573 1719 696 1774 τινὰ
742 1717 852 1771 τῶν
904 1715 1250 1788 Χριστιανῶν
1278 1714 1414 1787 πρὸς
1450 1714 1519 1768 τά
1573 1712 1777 1785 θεώρια

170 1813 364 1865 ταῦτα
393 1810 819 1879 ἀναγκάζεσθαι.

1885 628 2092 686 zantes,
2121 622 2231 676 sint
2255 625 2550 693 anathema
2583 622 2729 692 apud
2763 621 3067 677 Christum.

1956 703 2186 759 Conciiii
2226 702 2849 772 Carthaginensiswanon
2876 706 2964 760 8L

1884 793 1962 848 De
1981 796 2316 862 spectaculis,
2350 805 2407 847 ut
2432 796 2517 849 die
2549 795 2847 855 Dominico.
2890 795 2971 850 vel
3009 796 3212 849 cwteris
3241 807 3456 851 sancto-

2098 904 2217 941 rum
2247 887 2621 957 festivitatibus
2656 889 2870 942 minime
2890 888 3235 942 celebrentur.

1954 1068 2043 1122 7i.
2080 1067 2298 1123 Necnon
2330 1068 2375 1101 ⁸³
2403 1076 2459 1123 et
2491 1068 2624 1123 illud
2679 1068 2992 1138 petendum,
3044 1075 3104 1121 ut
3146 1066 3453 1137 spectacula

1882 1158 2218 1212 theatrorum
2262 1165 2694 1229 eaeterorumque
2734 1159 3006 1223 ludorum}
3034 1159 3121 1213 die
3151 1158 3454 1223 Dominica,

1884 1251 1965 1306 vel
1989 1250 2200 1306 caeteris
2248 1252 2527 1322 religionis
2564 1252 2891 1307 Christianae
2931 1252 3124 1307 diebus
3168 1253 3461 1308 celeberri-

1883 1342 1988 1396 mis
2013 1353 2406 1409 amoveantur;
2440 1343 2675 1398 maxime
2698 1343 2823 1414 quia
2856 1344 3031 1399 sancti
3068 1344 3191 1410 (ms.
3232 1344 3457 1415 sanctze)

1892 1430 2117 1487 Pascha:
2179 1442 2499 1490 nctavarum
2557 1435 2645 1490 die
2689 1435 2873 1505 populi
2923 1436 2990 1490 ad
3023 1436 3230 1492 circum
3284 1439 3457 1507 magis

1882 1540 2046 1596 quam
2080 1525 2147 1579 ad
2180 1526 2464 1582 ecclesiam
2515 1528 2887 1591 conveniunt,
2932 1528 3126 1584 debere
3170 1528 3457 1585 transferri

1881 1617 2187 1673 devotionis
2228 1632 2420 1674 eorum
2493 1620 2613 1675 dies
2635 1620 2748 1691 (50)
2773 1621 2817 1676 si
2848 1622 3066 1690 quando
3095 1622 3453 1685 occurrerint,

1883 1724 1983 1765 nec
2021 1718 2271 1780 oportere
2299 1711 2461 1765 etiam
2485 1726 2817 1782 quemquam
2863 1712 3300 1769 Christianorum
3331 1714 3454 1785 cogi

1882 1801 1947 1856 ad
1988 1803 2103 1857 haec
2137 1803 2471 1871 spectacula.

166 1903 463 1958 Συνόδου
498 1900 919 1971 οίκουμενικῆς
972 1899 1152 1968 ἕκτης
1204 1898 1406 1955 κανὼν
1438 1896 1523 1963 ιθ’,
1557 1897 1664 1965 ξς·’,
1690 1896 1762 1965 ιζ.

1921 1894 2083 1963 182
2123 1892 2346 1949 Consilii
2376 1898 2678 1951 wcumeuici
2710 1913 2784 1963 vr,
2820 1914 3045 1953 canones
3079 1896 3166 1961 i9,
3198 1896 3286 1961 66,
3317 1896 3406 1952 90.

259 1995 351 2050 ιθ’.
384 1996 509 2048 Ὀτι
534 1994 616 2048 δεῖ
642 1995 769 2057 τοὺς
796 1992 905 2046 τῶν
941 1992 1279 2063 Ἐκκλησιῶν
1310 1990 1684 2063 προεστῶτας,
1716 1992 1774 2044 ὲν

168 2086 340 2159 πάσῃ
391 2085 491 2157 μὲν
543 2085 755 2157 ἡμέρᾳ,
807 2085 1099 2158 ἐξαιρέτως
1152 2084 1209 2136 δὲ
1261 2086 1385 2147 ταῖς
1444 2086 1771 2155 Κυριακαῖς,

169 2178 369 2231 πάντα
389 2177 482 2229 τὸν
516 2176 717 2248 κλῆρον
748 2177 842 2230 καὶ
873 2177 964 2230 τὸν
992 2176 1119 2231 λαὸν
1144 2175 1480 2229 ἐκδιδάσκειν
1509 2176 1637 2237 τοὺς
1677 2176 1776 2245 τῆς

167 2269 473 2333 εὐσεϐείας
509 2267 721 2337 λόγους,
760 2271 825 2323 ὲκ
858 2269 957 2339 τῆς
988 2269 1135 2331 θείας
1178 2268 1401 2339 Γραφῆς
1441 2266 1776 2336 ἀναλεγομέ-

167 2374 311 2419 νους
339 2356 413 2409 τὰ
437 2356 537 2426 τῆς
580 2356 839 2427 ἀληθείας
887 2357 1137 2426 νοήματά
1160 2374 1218 2410 τε
1253 2358 1348 2409 καὶ
1380 2356 1645 2427 κρίματα,
1679 2355 1775 2408 καὶ

172 2449 262 2520 μὴ
299 2448 767 2519 παρεκϐαίνοντας
801 2450 928 2513 τοὺς
958 2450 1059 2521 ἤδη
1091 2449 1346 2512 τεθέντας
1383 2449 1562 2519 ὅρους,
1593 2448 1626 2519 ἢ
1675 2448 1773 2518 τὴν

167 2544 246 2594 ἐκ
276 2541 391 2594 τῶν
421 2540 696 2612 θεοφόρων
726 2544 987 2613 Πατέρων
1032 2542 1331 2613 παράδοσιν
1353 2558 1367 2573 °
1401 2542 1538 2596 ἀλλά
1589 2542 1687 2596 καὶ
1720 2543 1771 2594 εί

168 2631 466 2701 Γραφικὸς
501 2630 850 2703 ἀνακινηθείη
874 2632 1051 2700 λόγος,
1081 2634 1154 2704 μὴ
1170 2631 1347 2695 ἄλλως
1373 2631 1561 2685 τοῦτον
1590 2632 1768 2702 ἑρμη-

167 2724 513 2787 νευέτωσαν,
574 2724 607 2793 ἢ
669 2723 744 2786 ὡς
774 2721 841 2777 ἂν
899 2724 948 2776 οί
982 2726 1080 2795 τῆς
1136 2723 1461 2794 Ἐκκλησίας
1488 2724 1771 2794 φωστῆρες

168 2814 283 2868 καὶ
312 2814 629 2868 διδάσκαλοι
662 2815 749 2869 διὰ
772 2816 882 2869 τῶν
906 2816 1125 2870 οἰκείων
1148 2817 1590 2887 συγγραμμάτων
1624 2833 1770 2887 παρ-

169 2904 373 2959 έθεντο
408 2921 422 2934 ·
463 2906 561 2959 καὶ
611 2905 812 2975 μᾶλλον
862 2908 920 2960 ὲν
957 2906 1169 2970 τούτοις
1210 2907 1698 2979 εὐδοκιμείτωσαν,
1734 2908 1767 2978 ἢ

166 2996 379 3066 λόγους
430 3000 666 3061 οίκείους
719 2997 1104 3063 συντάττοντες
1132 3040 1148 3064 ,
1207 2998 1355 3053 ἔστιν
1402 3001 1491 3054 ὅτε
1548 3000 1770 3071 ἀπόρως

168 3088 403 3159 ἔχοντες
434 3091 572 3160 πρὸς
609 3092 788 3156 τοῦτο,
823 3091 1186 3145 ἀποπίπτοιεν
1218 3090 1313 3145 τοῦ
1372 3093 1764 3163 προσήκοντος.

167 3182 284 3236 Διὰ
314 3182 428 3253 γὰρ
446 3184 549 3253 τῆς
574 3182 684 3237 τῶν
704 3184 1119 3255 προειρημένων
1137 3183 1393 3253 Πατέρων
1416 3184 1766 3247 διδασκαλίας

164 3274 219 3327 οῖ
279 3274 405 3328 λαοὶ
464 3275 522 3328 έν
568 3274 770 3343 γνώσει
791 3275 1065 3344 γινόμενοι
1113 3277 1222 3329 τῶν
1247 3293 1307 3328 τε
1336 3275 1639 3330 σπουδαίων
1667 3277 1764 3330 καὶ

167 3365 442 3438 αἱρετῶν,
493 3365 592 3420 καὶ
628 3367 737 3419 τῶν
768 3366 1104 3437 ἀσυμφόρων
1153 3368 1249 3421 καὶ
1303 3367 1648 3437 ἀποὸλήτων,
1676 3368 1766 3420 τὸν

167 3460 303 3530 βίον
334 3459 839 3532 μεταρῤυθμίξουσι
873 3458 1009 3531 πρὸς
1060 3458 1121 3512 τὸ
1151 3458 1378 3529 βέλτιον,
1425 3462 1522 3512 καὶ
1562 3459 1641 3528 τῷ
1671 3459 1767 3529 τῆς

165 3550 407 3620 ἀγνοίας
430 3552 529 3621 οὐχ
557 3550 889 3616 ,ἁλίσκονται
937 3549 1121 3614 πάθει,
1151 3549 1288 3604 ἀλλά
1321 3550 1674 3619 προσέχοντες
1698 3551 1766 3620 τῇ

163 3642 502 3714 διδασκαλίᾳ
523 3683 538 3707 ,
571 3643 797 3706 ἑαυτοὺς
830 3641 969 3712 πρὸς
1002 3642 1064 3695 τὸ
1096 3641 1172 3712 μὴ
1212 3641 1400 3704 κακῶς
1432 3642 1623 3694 παθεῖν
1657 3658 1765 3694 πα-

171 3732 508 3806 ραθήγουσι,
560 3734 653 3787 καὶ
682 3733 832 3803 φόϐῳ
860 3731 968 3785 τῶν
1017 3732 1415 3803 ἐπηρτημένων
1454 3732 1761 3803 τιμωριῶν,

167 3826 273 3895 τὴν
325 3824 608 3896 σωτηρίαν
635 3824 817 3887 αὐτοῖς
847 3822 1255 3893 ἐξεργάζονται.

242 3913 364 3980 ξς⁹.
413 3914 548 3966 Ἀπὸ
576 3914 679 3983 τῆς
733 3914 895 3982 ἀγίας
955 3913 1328 3984 άναστασίμου
1374 3912 1613 3985 Χριστοῦ
1668 3912 1764 3968 τοῦ

169 4005 311 4059 Θεοῦ
337 4006 501 4077 ἡμῶν
532 4007 762 4077 ἡμέρας,
794 4006 954 4077 μέχρι
982 4002 1080 4075 τῆς
1109 4007 1302 4077 καινῆς
1329 4007 1635 4077 Κυριακῆς,
1667 4008 1766 4077 τὴν

171 4097 305 4165 ὃλην
339 4096 613 4166 ἑϐδομάδα
654 4097 712 4149 ὲν
744 4100 866 4158 ταῖς
901 4095 1084 4164 ἁγίαις
1135 4086 1454 4166 ἐκκλησίαις
1485 4095 1765 4166 σχολάζειν

170 4190 250 4241 δεῖ
275 4187 710 4257 ἀπαραλείπτως
739 4188 865 4251 τοὺς
906 4189 1131 4250 πιστοὺς
1160 4190 1217 4241 ὲν
1266 4188 1501 4258 ψαλμοῖς
1534 4190 1629 4241 καὶ
1660 4187 1766 4259 ὕμ-

172 4297 283 4343 νοις
318 4279 422 4333 καὶ
476 4279 639 4349 ᾠδαῖς
696 4282 1092 4349 πνευματικαῖς
1167 4280 1632 4351 εὐφραινομένους
1706 4282 1764 4335 ὲν

174 4369 405 4441 Χριστῷ
427 4371 524 4423 καὶ¹
555 4369 937 4441 ἑορτάζοντας,
964 4370 1058 4423 καὶ
1087 4373 1152 4441 τῇ
1200 4371 1307 4424 τῶν
1329 4371 1488 4424 θείων
1533 4371 1763 4441 Γραφῶν

173 4460 489 4531 ἀναγνώσει
540 4463 924 4533 προσέχοντας,
951 4462 1183 4517 καὶτῶν
1220 4462 1391 4531 ἁγίων
1442 4464 1763 4534 μυστηρίων

1952 1983 2038 2038 19.
2080 1983 2237 2050 Quod
2271 1985 2318 2017 “
2352 1994 2562 2054 oportet
2590 2002 2710 2052 eos,
2742 1988 2836 2057 qui
2885 1997 3128 2057 praesunt
3173 1971 3448 2052 Ecclesiis,

1879 2074 1934 2128 in
1958 2074 2214 2131 omnibus
2232 2077 2453 2147 quidem
2477 2078 2693 2143 diebus,
2720 2079 2813 2135 sed
2836 2081 3105 2150 praecipue
3131 2080 3449 2143 Dominicis,

1877 2181 2094 2221 omnem
2123 2168 2330 2222 clerum
2360 2178 2416 2223 et
2441 2171 2704 2239 populum
2738 2172 2937 2227 docere
2964 2174 3182 2243 pietatis
3207 2182 3260 2226 et
3290 2182 3450 2226 recta:

1874 2258 2153 2327 religionis
2193 2260 2431 2329 eloquia,
2466 2277 2530 2315 ex
2575 2262 2759 2317 divina
2805 2262 3087 2334 Scriptura
3134 2264 3449 2332 colligentes

1875 2350 2261 2422 intelligentias
2290 2361 2344 2406 et
2367 2352 2573 2421 judicia
2604 2356 2852 2410 veritatis
2880 2373 2893 2410 :
2923 2339 2976 2410 et
3013 2370 3123 2410 non
3164 2365 3447 2425 transgre-

1874 2437 2084 2494 dientes
2125 2439 2239 2509 jam
2287 2442 2495 2506 positos
2534 2443 2819 2506 terminos,
2864 2446 2949 2499 vel
2994 2446 3305 2500 divinorum
3347 2445 3451 2501 Pa-

1876 2537 2015 2583 trum
2047 2529 2419 2586 traditionem.
2453 2532 2557 2587 Sed
2585 2542 2639 2587 et
2683 2534 2727 2588 si
2778 2534 2847 2589 ad
2894 2535 3230 2604 Scripturam
3282 2537 3452 2605 perti-

1874 2637 2011 2678 nens
2057 2625 2432 2679 controversia
2473 2625 2653 2695 aliqua
2696 2626 2930 2680 excitata
2977 2627 3165 2693 fuerit,
3207 2644 3276 2684 ne
3326 2644 3448 2683 eam

1872 2716 2030 2771 aliter
2074 2716 2517 2786 interpretentur,
2571 2734 2732 2788 quam
2767 2721 3053 2775 commodo
3085 2722 3339 2777 Ecclesia:
3363 2721 3448 2777 lu-

1872 2806 2099 2861 minaria
2142 2816 2195 2862 et
2240 2808 2489 2864 doctores
2524 2810 2638 2865 suis
2688 2811 2907 2880 scriptis
2944 2823 3349 2881 exposuerunt:
3395 2824 3449 2871 et

1872 2897 2133 2966 majorem
2169 2912 2233 2952 ex
2273 2898 2341 2953 iis
2369 2900 2583 2954 laudem
2625 2912 3015 2971 assequamur,
3048 2919 3211 2973 quam
3248 2906 3295 2959 si
3328 2920 3450 2974 quae

1869 3005 1901 3044 a
1934 3005 1992 3044 se
2024 2991 2281 3045 dicuntur
2308 3003 2656 3061 componant,
2696 3009 2795 3048 nec
2824 2996 2950 3048 dum
2998 2995 3326 3066 quandoque
3371 2998 3441 3052 ad

1870 3078 1921 3133 id
1961 3080 2230 3142 haesitant,
2282 3081 2351 3135 ab
2396 3097 2461 3136 eo
2507 3084 2650 3152 quod
2702 3086 2981 3149 convenit,
3022 3087 3298 3144 excidant.
3348 3088 3450 3144 Per

1869 3168 2250 3242 praedictorum
2308 3175 2453 3229 enim
2495 3177 2720 3232 Patrum
2768 3178 3097 3247 doctrinam,
3148 3182 3330 3251 populi
3380 3183 3447 3236 ad

1867 3279 2058 3319 eorum
2104 3283 2226 3337 quae
2256 3278 2382 3323 sunt
2414 3269 2554 3324 bona
2599 3280 2652 3325 et
2686 3272 3008 3340 expetenda,
3038 3283 3093 3328 et
3131 3273 3346 3330 inutilia
3380 3290 3447 3332 ac

1870 3359 2186 3428 rejicienda,
2218 3363 2584 3431 cognitionem
2622 3365 2927 3430 venientes,
2962 3367 3129 3421 vitam
3163 3369 3213 3421 in
3254 3370 3448 3424 melius

1868 3462 2228 3519 componunt,
2258 3468 2358 3508 nec
2382 3454 2702 3524 ignorantia:
2728 3457 2920 3511 vitium
2947 3457 3272 3514 delabuntur
3300 3479 3313 3514 :
3341 3462 3439 3517 sed

1867 3543 2127 3598 doctrina-
2171 3553 2406 3600 mentem
2456 3547 2796 3614 adhibentes,
2824 3564 2883 3604 se
2919 3551 3068 3619 ipsos
3126 3551 3194 3605 ad
3247 3554 3323 3620 id,
3375 3569 3445 3609 ne

1869 3633 1993 3689 mali
2026 3634 2155 3704 quid
2203 3636 2283 3691 eis
2323 3638 2555 3702 accidat,
2602 3640 2884 3703 excitant;
2940 3651 2993 3696 et
3037 3642 3442 3701 imminentium

1867 3727 2255 3796 suppliciorum
2286 3739 2433 3784 metu
2464 3730 2571 3786 sibi
2605 3732 2839 3787 salutem
2876 3743 3196 3804 operantur.

1941 3908 2031 3963 66.
2071 3907 2120 3962 Α
2170 3918 2359 3965 saneta
2406 3909 2607 3967 Christi
2652 3910 2747 3967 Dei
2792 3914 2971 3969 nostri
3016 3918 3441 3976 resurrectionis

1866 4003 1955 4057 die
1994 4016 2168 4072 usque
2199 4003 2268 4057 ad
2327 4018 2523 4057 novam
2578 4003 2939 4073 Dominicam,
2989 4014 3100 4063 tom
3137 4011 3441 4078 septimana

1868 4097 1918 4151 in
1947 4097 2195 4153 ecclesiis
2226 4113 2422 4152 vacare
2459 4097 2647 4154 ﬁdeles
2690 4099 2893 4170 jugiter
2935 4112 3146 4170 Oportet
3194 4105 3439 4171 psalmis,

1866 4202 1920 4246 et
1950 4192 2186 4261 hymnis,
2212 4200 2268 4245 et
2304 4191 2642 4261 spiritalibus
2677 4194 2928 4260 canticis,
2967 4195 3019 4249 in
3054 4195 3274 4251 Christo
3304 4213 3439 4268 gau-

1865 4282 2073 4348 dentes,
2112 4282 2421 4352 festumque
2462 4282 2817 4350 celebrantes,
2861 4294 2914 4340 et
2941 4286 3244 4341 divinarum
3294 4290 3442 4344 Scri-

1866 4384 2150 4443 pturarum
2196 4374 2413 4428 lectioni
2460 4383 2693 4428 mentem
2743 4376 3086 4441 adhibentes,
3138 4386 3192 4431 et
3233 4380 3441 4434 sanetis

1864 4466 2141 4536 mysteriis
2186 4466 2429 4536 jucunde
2457 4472 2511 4521 et
2537 4466 2679 4521 laute
2720 4466 2985 4524 fruentes.
3019 4469 3112 4524 Sic
3142 4471 3287 4524 enim
3315 4486 3439 4526 cum

174 4555 666 4624 κατατρυφῶντας.
730 4555 999 4626 Ἐσόμεθα
1053 4554 1162 4626 γὰρ
1196 4553 1340 4607 οὕτω
1362 4554 1585 4626 Χριστῷ
1636 4572 1761 4609 συν-

1872 4557 2086 4614 Christo
2128 4557 2528 4623 exaltabimur,
2574 4568 2628 4612 et
2659 4574 2767 4614 una
2814 4574 3188 4630 resurgemus.
3221 4561 3438 4633 Nequa-

175 4646 533 4715 ανιστάμενοί
560 4663 620 4699 τε
667 4646 761 4699 καὶ
802 4646 1194 4716 συνυψούμενοι
1222 4662 1238 4678 ο
1288 4645 1553 4717 μηδαμῶς
1585 4645 1680 4699 οῦν
1705 4648 1763 4700 ὲν

174 4739 292 4800 ταῖς
321 4737 717 4807 προκειμέναις
750 4737 983 4810 ἡμέραις
1031 4736 1361 4807 ίπποδρόμια
1396 4736 1429 4807 ἢ
1465 4737 1628 4807 ἑτέρα
1662 4738 1760 4807 δη-

179 4828 361 4900 μώδης
393 4829 496 4882 θέα
542 4828 912 4884 ἑπιτελείσθω.

242 4925 318 4987 ιιν.
348 4921 487 4983 Ταῖς
533 4920 836 4989 Κυριακαῖς
867 4919 941 4990 μὴ
969 4918 1095 4987 γόνυ
1126 4919 1347 4980 κλίνειν,
1380 4920 1445 4971 ὲκ
1495 4918 1603 4971 τῶν
1641 4919 1761 4973 θεο-

178 5012 356 5084 φόρων
382 5011 544 5082 ἡμῶν
568 5012 827 5081 Πατέρων
856 5011 1154 5074 κανονικῶς
1203 5010 1609 5082 παρελάϐομεν,
1656 5012 1756 5081 τὴν

175 5104 263 5158 τοῦ
308 5102 555 5174 Χριστοῦ
595 5104 861 5174 τιμῶντες
913 5104 1228 5158 ἀνάστασιν.
1287 5104 1374 5166 Ὠς
1428 5103 1496 5156 ἂν
1549 5098 1642 5156 οῦν
1680 5102 1754 5173 μὴ

178 5198 470 5267 ἀγνοῶμεν
492 5195 552 5249 τὸ
574 5197 744 5266 σαφὲς
765 5197 863 5267 τῆς
889 5196 1077 5249 τούτου
1108 5197 1567 5266 παρατηρήσεως,
1596 5196 1753 5266 δῆλον

176 5294 281 5354 τοῖς
316 5291 529 5351 πιστοῖς
556 5289 924 5359 καθιστῶμεν,
971 5289 1111 5341 ὥστε
1146 5289 1280 5359 μετὰ
1302 5289 1400 5358 τὴν
1422 5292 1478 5341 ἐν
1506 5289 1581 5359 τῷ
1611 5291 1751 5343 Σαϐ-

178 5380 323 5453 ϐάτῳ
341 5383 637 5453 ἐσπερινὴν
652 5381 759 5434 τῶν
789 5383 1095 5452 ἱερωμένων
1119 5381 1256 5452 πρὸς
1277 5380 1339 5433 τὸ
1369 5382 1753 5453 θυσιαστήριον

180 5472 402 5542 εἴσοδον,
441 5475 582 5528 κατὰ
611 5474 671 5527 τὸ
705 5474 937 5546 κρατοῦν
980 5474 1099 5538 ἔθος
1153 5474 1358 5545 μηδένα
1391 5474 1519 5543 γόνυ
1552 5474 1756 5529 κλίνειν

1866 4666 2030 4720 quam
2056 4665 2187 4722 ergo
2225 4650 2499 4720 praedictis
2531 4650 2726 4705 diebus
2778 4668 3046 4722 equorum
3091 4670 3309 4723 cursus,
3356 4654 3440 4711 vel

1865 4741 2084 4812 aliquod
2116 4742 2395 4813 publicum
2426 4740 2523 4796 ﬁat
2545 4743 2944 4813 spectaculum.

1938 4919 2094 4990 183
2121 4919 2210 4975 90.
2250 4919 2549 4975 Dominicis
2580 4936 2719 4991 genu
2756 4935 2865 4976 non
2909 4921 3125 4977 ﬂectere
3165 4938 3197 4978 a
3239 4921 3441 4978 divinis

1864 5015 2069 5068 nostris
2096 5012 2373 5079 Patribus,
2399 5014 2603 5069 Christi
2634 5016 3091 5071 resurrectionem
3119 5016 3442 5070 honoranti-

1864 5105 1988 5169 hus,
2021 5105 2281 5159 canonice
2307 5106 2615 5176 accepimus
2654 5107 2719 5161 ⁸⁷.
2760 5105 2839 5162 Ne
2882 5123 3011 5178 ergo
3051 5107 3213 5175 hujus
3254 5106 3441 5162 obser-
3546 5110 3553 5117 '

1862 5199 2100 5253 vationis
2145 5199 2472 5254 evidentiam
2519 5200 2832 5268 ignoremus
2861 5239 2877 5264 ,
2918 5196 3168 5255 ﬁdelibus
3211 5199 3440 5254 manife-

1864 5300 2007 5346 stum
2054 5290 2283 5346 facimus
2320 5290 2462 5360 quod
2514 5299 2637 5360 post
2673 5290 3041 5360 vespertinum
3089 5290 3436 5344 sacerdotum

1863 5382 1928 5437 ad
1960 5383 2129 5437 altare
2158 5380 2398 5437 Sahbato
2429 5383 2764 5453 ingressum,
2791 5397 2857 5437 ex
2893 5382 3286 5436 consuetudine
3318 5395 3439 5449 qua:

1862 5486 2144 5543 servatur,
2171 5492 2332 5531 nemo
2364 5490 2507 5547 genu
2547 5473 2761 5541 ﬂectat,
2801 5488 2972 5546 usque
3006 5475 3073 5530 ad
3118 5485 3437 5545 sequentem

244 5633 288 5664 "
316 5632 491 5686 Cone.
519 5629 689 5686 Afric.
720 5646 770 5685 c.
800 5630 889 5687 28.
966 5629 1013 5662 ⁸⁸
1049 5630 1183 5686 Can.
1213 5641 1390 5700 apost.
1419 5630 1508 5685 58.
1588 5630 1632 5662 "’
1673 5628 1875 5685 Niczen.
1910 5645 2084 5686 canon
2110 5631 2214 5698 20;
2247 5630 2393 5686 Petri
2419 5631 2572 5687 Alex.
2605 5646 2729 5686 can.
2758 5629 2844 5685 i5.

264 5783 378 5851 (50)
405 5782 617 5845 Graece,
654 5799 674 5833 ι
703 5780 988 5836 transferri
1022 5782 1317 5854 praefinitas
1347 5796 1535 5837 eorum
1572 5782 1708 5838 dies.
1740 5799 1758 5834 ι
1804 5781 2028 5840 Devotio
2059 5783 2187 5854 quid
2241 5792 2387 5841 esset
2427 5798 2535 5840 non
2607 5783 2908 5852 intellexit,
2951 5797 3053 5839 nec
3088 5780 3433 5839 devotionem

189 5864 301 5907 esse
339 5854 578 5909 credidit
602 5854 655 5907 in
680 5854 963 5923 gentilium
994 5853 1340 5923 spectaculis.
