3874 6296
597 337 700 401 64⁸1

1740 328 1999 392 ΡΗΟΤΙῘ
2027 328 2164 391 PAT

2275 330 2531 392 ARCHIE
2583 332 2692 393 ΕΡ.
3705 342 3786 407 ωδ

592 461 876 518 vesperam
916 444 973 501 in
1013 444 1101 500 die
1142 442 1467 509 Dominico;
1505 441 1560 496 in
1583 455 1688 510 qua
1713 450 1837 511 post
1868 443 2164 511 ingressum

2284 443 2444 511 μέχρι
2473 442 2571 512 τῆς
2592 440 2794 510 ἐφεξῆς
2828 439 2968 495 κατὰ
2992 439 3093 511 τὴν
3126 440 3411 511 Κυριακὴν
3439 441 3672 515 ἑσπέρας,
3690 452 3785 505 καθ’

593 541 649 595 ἱη
694 535 1083 608 οοηιριι·ιοτίο,
1129 551 1305 606 genua
1345 548 1542 589 rursus
1580 532 1894 595 ﬂectentes,
1945 530 2173 588 Domino

594 647 786 701 preces
814 632 894 683 sic
918 628 1224 682 oll‘erimus.
1260 625 1562 680 Salvatoris
1588 625 1735 679 enim
1784 624 1957 677 nostri
1984 639 2173 678 resur-

594 722 851 777 rectionis
894 735 1283 791 pr:ecursorem
1306 726 1545 783 noctem,
1577 730 1699 785 qua:
1737 714 1840 769 fuit
1878 723 2001 783 post
2036 712 2174 768 Sab-

595 814 783 867 batum
818 813 1166 881 accipientes,
1204 810 1432 880 hymnos
1463 809 1533 861 ab
1569 821 1632 860 ea
1662 804 1937 874 spiraliter
1974 801 2172 870 incipi-

594 922 738 969 mus,
772 904 966 960 festum
1004 919 1068 958 ex
1105 903 1339 957 tenebris
1373 900 1426 954 in
1465 900 1643 953 lucem
1682 895 1935 950 ﬁnientes
1962 934 1977 959 ,
2024 904 2083 948 ut
2115 893 2171 947 in

592 996 837 1064 perfecto
864 1006 917 1050 et
945 995 1156 1064 integro
1180 992 1268 1047 die
1291 1006 1355 1045 ac
1384 999 1547 1045 nocte
1576 1002 1679 1043 nos
1716 985 2170 1042 resurrectionem

590 1088 944 1142 Celebremus.

1104 1259 1251 1313 Petri
1278 1276 1447 1313 canon
1482 1259 1572 1314 15.

658 1350 747 1403 15.
778 1348 887 1403 Nec
919 1350 1273 1420 reprehendet
1311 1366 1412 1405 nos
1445 1352 1731 1421 quisquam
1762 1358 1967 1417 etc.,ut
2007 1363 2170 1417 supra

584 1458 707 1511 pag.
761 1442 885 1495 658.

660 1533 933 1601 Theophili
985 1549 1050 1587 ex
1105 1533 1277 1588 edicto
1304 1534 1369 1588 de
1399 1532 1757 1601 Theophania.

654 1625 722 1680 Et
766 1641 885 1681 mos
914 1635 968 1681 et
1008 1628 1265 1681 honestas
1322 1641 1353 1680 a
1406 1626 1563 1680 nobis
1608 1626 1795 1694 exigit,
1845 1633 1903 1677 ut
1942 1637 2162 1678 omnem

582 1715 725 1769 diem
760 1716 1095 1769 Dominicum
1136 1717 1489 1779 honoremus,
1522 1730 1757 1785 eumque
1777 1714 2113 1769 celebremus
2145 1749 2161 1777 ,

2275 534 2343 602 ἣν
2370 532 2509 603 μετὰ
2535 533 2635 602 τὴν
2666 534 2724 584 ὲν
2742 530 2821 601 τῷ
2852 531 3090 602 λυχνικῷ
3114 531 3338 596 εἴσοδον,
3366 527 3514 595 αὖθις
3539 534 3604 586 τὰ
3626 537 3788 603 γόνατα

2275 624 2642 694 κάμπτοντες,
2663 622 2803 677 οὔτω
2833 623 2932 687 τὰς
2958 624 3123 694 εὐχὰς
3152 623 3231 693 τῷ
3256 623 3446 693 Κυρίῳ
3473 626 3791 699 προσάγομεν.

2274 716 2389 785 Τῆς
2419 716 2528 786 γὰρ
2549 714 2646 768 τοῦ
2665 716 2917 785 Σωτῆρος
2946 717 2977 784 ἡ
2986 716 3100 783 μῶν
3132 716 3400 786 ὶγέρσεως
3422 716 3699 788 πρόδρομον
3718 724 3795 791 τὴν

2278 806 2417 877 μετὰ
2463 806 2525 858 τὸ
2570 806 2847 860 Σάὅόατον
2909 806 3083 863 νύκτα
3130 806 3661 877 παραλαμϐάνοντες,
3708 813 3795 866 τῶν

2275 899 2460 969 ὓμνων
2503 900 2753 954 ἐντεῦθεν
2794 900 3183 971 πνευματικῶς
3211 900 3581 970 ἀπαρχόμεθα,
3609 905 3678 966 είς
3706 906 3797 971 φῶς
3826 898 3831 909 “

2271 994 2336 1045 ὲκ
2367 993 2589 1055 σκότους
2607 994 2707 1063 τὴν
2733 992 2925 1065 ἑορτὴν
2950 992 3350 1063 καταλήγοντες
3368 1009 3384 1024 ο
3398 992 3473 1056 ὡς
3492 994 3548 1046 ὲν
3566 994 3797 1066 ὁλοκλήρῳ

2271 1080 2522 1135 ἐντεῦθεν
2553 1083 2711 1136 νυκτὶ
2757 1083 2854 1137 καὶ
2904 1083 3092 1154 ἡμέρα
3146 1082 3538 1154 πανηγυρίζειν
3576 1086 3705 1155 ἡμᾶς
3721 1089 3799 1159 τὴν

2272 1175 2587 1232 ἀνάστασιν.

2794 1270 3023 1338 Πέτρου
3046 1272 3251 1325 κανὼν
3272 1277 3353 1324 ιε’.

2344 1367 2425 1415 ιε’.
2453 1362 2566 1415 Ούκ
2595 1362 2882 1431 ἐγκαλέσει
2914 1380 3000 1427 τις
3034 1366 3187 1435 ημῖν,
3216 1381 3272 1418 κ.
3298 1381 3347 1417 τ.
3374 1363 3428 1417 λ.

2273 1541 2567 1607 Θεοφίλου
2586 1540 2657 1593 ἐκ
2685 1537 2794 1607 τῆς
2813 1540 2948 1608 περὶ
2965 1540 3084 1594 τῶν
3102 1544 3446 1610 Θεοφανιων
3461 1543 3797 1610 προσεβίω-ἦς.

2340 1633 2448 1686 Καὶ
2468 1632 2528 1685 τὸ
2550 1632 2670 1695 ῐθος
2695 1634 2759 1687 τὸ
2778 1633 2987 1703 πρέπον
3009 1635 3157 1703 ἡμᾶς
3180 1635 3424 1697 ἀπαιτεῖ,
3442 1635 3616 1687 πᾶσαν
3639 1636 3803 1705 Κυρια⁴

2268 1723 2368 1795 κήν
2404 1726 2591 1797 τιμᾷν,
2629 1726 2719 1779 καὶ
2777 1728 2834 1780 ὲν
2884 1726 3054 1801 ταύτῃ
3092 1726 3505 1796 πανηγυρίζειν,
3551 1727 3800 1796 ἐπειδήπερ

583 1804 843 1871 quoniam
915 1802 1181 1859 Dominus
1241 1814 1431 1857 noster
1478 1801 1913 1857 Jesustlltristus
1938 1798 2164 1868 praecla-

2275 1790 2337 1869 ὲν-
2382 1790 2555 1890 ταύτῇ
2584 1817 2840 1887 ὁΚύριος
2884 1790 3054 1888 ἡμῶν.
3101 1790 3577 1889 ἸησούςΧριστδς
3628 1790 3716 1889 τὴν
3754 1790 3803 1873 lit

584 1910 705 1946 rum
724 1895 774 1945 in
797 1909 859 1948 ca
888 1909 1001 1947 suae
1030 1892 1449 1948 resurrectionis
1472 1907 1669 1946 munus
1696 1891 1850 1945 obiit.
1875 1888 1941 1943 Et
1957 1890 2076 1943 ideo
2105 1888 2160 1942 in

584 1985 759 2038 sacris
781 1984 1078 2054 Scripturis
1135 1988 1272 2055 ipse,
1312 1993 1367 2040 et
1415 1984 1627 2055 primus
1682 1983 1985 2053 appellatus
2052 1990 2157 2046 est,

584 2090 643 2130 ut
689 2077 780 2146 qui
825 2080 897 2131 sit
932 2079 1088 2133 nobis
1139 2080 1261 2132 vita:
1310 2079 1662 2148 principium,
1718 2087 1771 2130 et
1800 2084 2049 2138 octavus,
2102 2083 2162 2127 ut

582 2171 676 2235 qui
737 2169 1052 2225 Judzeorum
1114 2171 1521 2225 Sabhatistnum
1588 2167 1955 2238 exsuperavit.
2021 2164 2161 2232 Quia

582 2278 713 2331 ergo
767 2265 984 2327 accidit,
1015 2274 1073 2318 ut
1150 2273 1465 2319 sanctorum
1535 2260 2013 2330 Theophaniorum
2072 2257 2164 2311 hic

581 2367 725 2410 esset
782 2357 900 2411 dies
929 2357 1139 2425 jejunio
1190 2356 1549 2425 peragendus,
1578 2354 1982 2423 dispensemus,
2011 2359 2065 2405 et
2094 2348 2163 2403 ad

582 2457 881 2518 utrumque
913 2450 1149 2505 scientes
1186 2450 1568 2519 procedamus,
1610 2456 1671 2501 ut
1698 2460 1897 2514 paucos
1919 2441 2164 2513 dactylos

582 2546 883 2605 sumentes,
937 2540 1100 2594 simul
1150 2551 1203 2594 et
1239 2541 1471 2595 mercses
1513 2538 1767 2599 vitemus,
1800 2550 1923 2605 quae
1948 2531 2162 2586 Domini

583 2631 755 2684 nostri
801 2629 930 2685 Jesu
982 2632 1184 2685 Christi
1221 2630 1640 2685 resurrectionis
1672 2629 1816 2682 diem
1850 2642 1959 2680 non
1986 2625 2163 2678 hono-

583 2732 729 2790 rant,
766 2733 819 2777 et
852 2724 958 2777 diei
988 2724 1184 2793 jejunii
1220 2723 1365 2793 quod
1402 2722 1630 2777 debetur
1666 2720 1976 2781 reddamus,
2002 2712 2164 2785 184

583 2816 692 2869 Deo
752 2818 935 2882 dante,
964 2818 1260 2886 peragitur.
1315 2817 1735 2885 Congregamur
1789 2826 1920 2881 ergo
1952 2809 2043 2863 hic
2093 2807 2163 2861 ab

586 2910 715 2963 hora
743 2925 906 2963 nona.

656 3087 870 3143 Textm.
894 3088 1083 3143 Const.
1117 3089 1168 3155 6,
1209 3090 1289 3143 tit.
1330 3089 1397 3144 l2
1428 3089 1522 3143 lib.
1560 3089 1616 3152 5,
1650 3086 1772 3141 cod.
1802 3083 2154 3139 Dominicum

2268 1911 2476 1979 νεκρῶν
2533 1911 2828 1964 ἀνάστασιν
2885 1912 3019 1981 ἡμῖν
3072 1909 3469 1981 ὲπρυτάνευσε.
3512 1909 3600 1963 Διὸ
3626 1910 3678 1963 ὲν
3709 1914 3803 1971 ταῖς

2270 2002 2442 2072 ἱεραῖς
2472 2003 2719 2071 Γραφαῖς
2753 2002 2850 2056 καὶ
2878 2002 3067 2074 πρώτη
3098 2002 3381 2069 κέκληται,
3429 2002 3504 2065 ὼς
3537 2003 3669 2073 ἀρχὴ
3700 2004 3803 2072 ἡμῖν

2269 2092 2414 2163 ζωῆς
2433 2095 2769 2164 ὑπάρχουσα,
2796 2095 2893 2149 καὶ
2918 2094 3102 2165 ὀγδόη,
3130 2094 3226 2148 ἆτε
3243 2095 3308 2164 δὴ
3330 2094 3803 2164 ύπεραναὸεὸηκυῖσ.

2267 2185 2359 2238 τὸν
2394 2184 2503 2238 τῶν
2561 2185 2826 2239 Ἰουδαίων
2873 2185 3273 2255 Σαδδατισμόν.
3319 2185 3475 2240 Ἐπεὶ
3505 2179 3595 2239 οὖν
3644 2185 3802 2255 συνέϐη

2266 2275 2367 2347 τὴν
2394 2277 2503 2330 τῶν
2540 2279 2711 2346 ἁγίων
2768 2278 3079 2348 Θεοφανίων
3108 2279 3370 2349 νήστιμον
3402 2276 3617 2348 ἡμέραν
3638 2276 3802 2345 ταύτην

2267 2362 2424 2430 εἶναι,
2448 2368 2893 2439 οἰκονομήσωμεν
2910 2368 3005 2421 καὶ
3031 2368 3165 2440 πρὸς
3185 2368 3447 2439 ἑκάτερον
3471 2368 3803 2439 ἐπιστημόνως

2269 2458 2603 2530 χωρήσωμεν
2625 2476 2639 2489 ·
2671 2459 2759 2513 ἵνα
2796 2459 3302 2531 μεταλαμϐάνοντες
3330 2460 3531 2529 ὀλίγων
3564 2459 3802 2528 φοινίκων,

2268 2552 2603 2621 ὲκκλίνωμεν
2657 2551 2774 2621 ἅμα
2811 2553 2906 2605 καὶ
2939 2553 3035 2617 τὰς
3082 2554 3323 2624 αἱρέσεις
3350 2554 3451 2615 τὰς
3487 2552 3562 2623 μὴ
3603 2551 3804 2622 ult-I331;

2267 2644 2366 2713 τὴν
2404 2643 2778 2713 ἀναπάσιμον
2814 2644 2909 2697 τοῦ
2958 2644 3166 2715 Κυρίου
3200 2644 3361 2715 ἡμῶν
3400 2644 3576 2714 Ἰησοῦ
3608 2643 3803 2714 Χριστοῦ

2269 2736 2501 2807 ἡμέραν,
2555 2736 2652 2790 καὶ
2705 2737 2767 2790 τὸ
2828 2737 3178 2807 ὀφειλόμενον
3237 2740 3302 2807 τῇ
3363 2736 3609 2807 νηστίμῳ
3658 2738 3806 2808 ἡμέρᾳ

2269 2828 2573 2899 ἀποδῶμεν,
2637 2830 3024 2900 περιμένοντες
3065 2829 3165 2899 τὴν
3228 2829 3527 2899 ὲσπερινὴν
3594 2829 3803 2894 σύναξιν,

2268 2922 2389 2992 ἥτις
2426 2920 2659 2974 ἐνταῦθα
2681 2920 2816 2974 Θεοῦ
2846 2920 3091 2983 θέλοντος
3111 2920 3469 2973 ἐπιτελεῖταιο
3500 2919 3806 2990 συναχθῶμιν

2269 3013 2449 3065 τοίνυν
2479 3013 2590 3065 ἀπὸ
2609 3011 2756 3083 ὧρας
2783 3012 3011 3082 ὲννάτης
3042 3012 3296 3067 ἐνταῦθα.

2353 3104 2416 3157 Ἦ
2447 3103 2501 3167 ς’
2528 3104 2668 3158 διάτ.
2695 3103 2790 3157 τοῦ
2827 3104 2895 3173 ιβ’
2926 3104 3034 3157 τίτ.
3053 3103 3148 3157 τοῦ
3179 3101 3225 3171 γ’
3261 3102 3407 3173 prex.
3432 3103 3528 3157 τοῦ
3554 3103 3675 3159 κώδ.
3692 3103 3809 3172 λέγει

583 3178 727 3233 diem
767 3181 1013 3235 feriatum
1046 3196 1190 3244 esse,
1220 3183 1372 3237 dicit.
1405 3183 1473 3237 Et
1495 3190 1672 3236 const.
1700 3180 1753 3244 9,
1794 3179 2046 3249 ejusdem
2076 3178 2164 3227 tit.

2275 3156 2680 3268 τὴνΚύριακὴν
2710 3156 2993 3267 ἄπρακτον
3016 3156 3227 3267 εῖναιῆ
3254 3156 3311 3250 δὲ
3329 3156 3542 3252 θ’διάτ.
3558 3156 3649 3250 τού
3664 3156 3807 3252 γαύτοῦ

584 3273 771 3326 eadem
800 3271 931 3345 [die]
958 3274 1228 3328 neminem
1264 3273 1812 3346 |debiti],admoneri,
1839 3281 1935 3326 aut
1966 3271 2165 3342 [aquoo

585 3366 771 3438 quam]
837 3367 1257 3437 lidejussiones,
1322 3368 1566 3423 debitum
1612 3367 1698 3421 vel
1759 3368 2035 3437 publicum
2078 3361 2168 3418 vel

584 3457 853 3527 privatum
899 3460 1040 3527 exigi
1080 3476 1094 3513 :
1129 3474 1306 3528 neque
1345 3457 1398 3512 in
1438 3458 1645 3529 judicio
1684 3458 1767 3529 agi
1819 3476 1833 3513 :
1873 3473 2053 3528 neque
2077 3474 2167 3513 se-

585 3550 766 3605 nieum
826 3551 1197 3621 spectaculum
1256 3561 1353 3605 aut
1411 3552 1718 3605 arenariam
1788 3551 2166 3614 venationem,

581 3650 679 3696 aut
725 3642 971 3698 circense
1019 3653 1299 3699 certamen
1359 3644 1652 3699 celebrari.
1707 3642 1848 3709 Quin
1896 3654 1950 3698 et
1991 3645 2036 3698 si
2066 3659 2167 3698 na-

583 3733 710 3787 talis
777 3734 1127 3804 impcratoris
1198 3736 1253 3789 in
1307 3734 1669 3805 [Dominicum
1726 3736 1868 3790 diem
1925 3735 2169 3800 incidat.

584 3828 893 3896 spectacula
926 3829 1152 3884 dill‘erri.
1199 3827 1303 3894 Qui
1340 3830 1668 3900 spectaculis
1700 3829 1988 3885 Dominico
2032 3828 2167 3902 [die]

583 3920 910 3986 interfuerit,
951 3932 1007 3977 et
1033 3924 1124 3993 qui
1151 3924 1429 3993 apparitor
1462 3923 1632 3996 legem
1658 3933 2033 3993 transgressus
2068 3925 2159 3994 sit,

581 4031 705 4069 eum
732 4016 922 4071 militia
942 4019 1169 4087 privari,
1198 4018 1429 4088 ejusque
1454 4018 1841 4088 patrimonium
1860 4020 2161 4095 proscribi.

580 4107 772 4163 Licere
805 4118 983 4164 tamen
1015 4126 1080 4165 eo
1116 4110 1247 4183 {die}
1279 4113 1481 4182 pacisci
1508 4122 1561 4166 et
1584 4113 1909 4183 transigere.
1949 4113 2159 4168 Dictum

577 4209 664 4256 est
686 4209 867 4255 autem
902 4202 995 4256 lib.
1034 4204 1083 4265 l,
1117 4203 1201 4266 tit.
1235 4204 1290 4269 9,
1324 4213 1502 4259 const.
1532 4205 1589 4267 2,
1620 4204 1721 4278 [et]
1756 4205 1842 4258 15.
1871 4203 2019 4272 quod
2061 4202 2160 4257 Ju-

2270 3290 2375 3342 τίτ.
2406 3288 2487 3341 ὅτι
2522 3290 2578 3340 ὲν
2612 3288 2748 3357 αὐτῇ
2793 3288 2891 3358 οὐχ
2932 3289 3411 3359 ύπομιμνήσκεταί
3446 3306 3551 3352 τις,
3584 3289 3614 3359 ἢ
3644 3288 3808 3357 ἐγγύας

2274 3378 2669 3449 ἁπαιτεῖται,ἢ
2708 3378 2987 3448 δημόσιον,
3032 3379 3065 3449 ἢ
3104 3379 3369 3433 ἰδιωτικὸν
3418 3381 3599 3450 χρέος,
3621 3379 3730 3433 οὔτε
3753 3381 3810 3432 δι-

2276 3472 2521 3538 κάζεται,
2554 3470 2679 3524 οὔτε
2714 3471 2947 3542 σκηνικὴ
2976 3470 3094 3537 θέα,
3133 3472 3165 3542 ἢ
3200 3471 3491 3543 κυνηγίου,
3524 3472 3558 3543 ἢ
3591 3471 3807 3541 iamim—

2271 3569 2393 3639 μίου
2415 3566 2670 3619 τελεῖται·
2697 3564 2814 3618 ἀλλ’
2852 3566 2901 3619 εί
2948 3566 3043 3618 καὶ
3079 3564 3274 3634 φθάσει
3300 3566 3558 3621 νατάλιον
3587 3549 3809 3635 βασιλέως

2268 3662 2326 3712 ὲν
2353 3658 2628 3728 κυριακῇ,
2651 3655 2999 3726 ὑπερτίθεται
3029 3656 3089 3709 τὸ
3120 3655 3367 3727 θεώριον*
3396 3661 3427 3711 ὁ
3455 3657 3511 3709 δὲ
3546 3656 3743 3726 θεωρῶν
3765 3657 3809 3705 ἐν

2268 3750 2547 3819 Κυριακῇ,
2605 3745 3074 3817 ἁποστρατεύεται
3129 3748 3225 3800 καὶ
3292 3745 3617 3817 δημεύεται,
3666 3744 3807 3798 καὶὸ

2269 3841 2601 3909 ὲκῦιὸαστὴς
2633 3839 2887 3909 παραϐὰς
2919 3839 3010 3892 τὸν
3039 3841 3224 3909 νόμον·
3260 3838 3445 3904 ἔξεστι
3471 3838 3531 3891 δὲ
3560 3836 3807 3891 πακτεύειν

2268 3933 2361 3986 καὶ
2397 3931 2709 3985 διαλύεσθαι
2754 3935 2817 4007 γὲν
2844 3933 3121 4002 κυριακῇ·
3156 3931 3371 4002 είρηται
3409 3931 3555 4001 βιὸλ.
3591 3927 3636 3983 α’
3664 3927 3806 3982 τίτ.θ¹

2269 4025 2407 4079 διάτ.
2443 4024 2486 4093 β’
2532 4024 2627 4078 καὶ
2658 4030 2726 4092 ιγ’
2759 4025 2839 4077 ὅτι
2864 4024 2913 4077 oi
2950 4023 3190 4078 Ἰουδαῖοι
3217 4024 3274 4077 ὲν
3316 4023 3396 4093 τῷ
3440 4023 3692 4091 Σαὸύάτῳ
3733 4019 3806 4071 καὶ

2266 4120 2387 4181 ταῖς
2408 4118 2595 4181 ἄλλαις
2622 4117 2802 4171 αὐτῶν
2825 4119 3062 4188 ἑορταῖς,
3089 4116 3214 4170 οὔτε
3242 4116 3577 4188 σωματικῶς
3603 4114 3805 4181 λειτουρο

2266 4210 2477 4279 γοῦσιν,
2504 4210 2628 4264 οὔτε
2676 4227 2729 4264 τι
2760 4209 3023 4271 ποιοῦσιν,
3055 4208 3176 4262 οὕτε
3207 4208 3294 4261 διὰ
3319 4207 3589 4277 δημοσίαν
3616 4205 3645 4276 ἢ
3670 4203 3803 4271 ,ίδιω-

580 4292 679 4347 dzei
733 4293 820 4349 die
877 4294 1137 4361 Sabbato,
1194 4296 1422 4366 aliisque
1477 4296 1720 4366 ipsorum
1766 4296 1923 4349 festis
1961 4294 2158 4352 diebus

2275 4301 2422 4374 τικὴν
2453 4302 2632 4357 αἰτίαν
2666 4301 2969 4370 ὲνάγονται,
2998 4300 3030 4372 ἢ
3065 4303 3405 4372 Χριστιανοῖς
3426 4300 3718 4367 ὲνάγουσιν.

581 4399 758 4453 neque
798 4387 1084 4454 corporale
1135 4403 1337 4442 munus
1367 4388 1593 4451 obeunt,
1630 4402 1805 4456 neque
1834 4388 2133 4458 quidquam
2178 4391 2408 4458 faciunt,
2471 4409 2647 4465 neque
2716 4403 2940 4465 propter
2984 4394 3257 4465 publicam
3286 4393 3559 4463 privatam
3588 4391 3664 4445 vel
3698 4407 3802 4445 can-

580 4492 697 4532 sam
731 4477 898 4546 injus
945 4488 1230 4539 vocantur,
1275 4490 1366 4533 aut
1406 4478 1555 4550 [ipsi]
1602 4480 1947 4534 Christianos
1985 4482 2038 4535 in
2077 4483 2167 4551 jus
2206 4494 2423 4542 vocant.

649 4570 800 4625 CAP.
840 4570 901 4626 V.
929 4602 998 4612 —
1025 4571 1135 4627 Cur
1178 4588 1309 4643 genu
1368 4574 1681 4641 ﬂectamus;
1732 4588 1830 4624 cur
1891 4589 1998 4626 non
2038 4575 2159 4628 item

2338 4578 2589 4631 ΚΕΦΑΛ.
2620 4579 2784 4633 E'.-—-
2805 4578 2900 4644 Τίς
2927 4579 2966 4646 ἠ
2996 4579 3154 4631 altla
3178 4578 3286 4645 τῆς
3305 4573 3799 4647 τονυκλισιας,καί

574 4667 662 4720 die
692 4665 971 4719 Dominica
1008 4667 1084 4719 rel
1114 4675 1342 4731 tempore
1367 4664 1723 4719 Pentecostali
1748 4680 1768 4720 :
1797 4676 1845 4720 et
1879 4681 1977 4719 cur
2011 4682 2157 4721 verso

2275 4669 2365 4723 τοῦ
2390 4669 2477 4740 μὴ
2499 4670 2677 4722 τοῦτο
2706 4671 2978 4738 γίνεσθαι
3002 4669 3074 4721 ἐν
3105 4668 3371 4737 κυριακῇ
3404 4668 3509 4721 καὶ
3534 4667 3657 4733 ταῖς
3683 4665 3803 4734 ἠμέ-

577 4756 647 4810 ad
684 4758 935 4811 orientem
978 4757 1124 4811 vultu
1150 4774 1383 4811 oremus.

2248 4774 2387 4826 ραις
2422 4756 2530 4825 τῆς
2558 4756 3004 4823 Πεντηκοστῆς,
3034 4758 3131 4811 καὶ
3157 4756 3255 4811 διὰ
3285 4758 3343 4810 τι
3374 4759 3520 4826 τρὸς
3541 4755 3800 4819 ἀνατολὰς

2257 4848 2513 4918 ὁρῶντες
2540 4851 2857 4919 εὐχόμεθα.

578 4938 769 4991 Basilii
810 4953 874 4992 ρετ
932 4954 1033 5008 quo
1082 4938 1147 4992 de
1195 4937 1401 5006 Spiritu
1425 4945 1608 4989 sancto
1633 4936 1703 4989 ad
1727 4936 2157 5005 Amphilochium

2275 4942 2584 4995 Βασιλείου
2604 4943 2673 4995 ἐκ
2700 4942 2808 4996 τοῦ
2837 4939 2925 5002 κζ’
2955 4958 3085 5011 κερ.
3114 4940 3234 4995 τῶν
3256 4941 3409 5010 πρὸς
3449 4941 3802 5012 Ἀμφιλόχιιγ

1239 5029 1478 5097 scripsit.

648 5143 725 5197 Ex
786 5144 1079 5197 asservatis
1131 5143 1183 5196 in
1243 5141 1485 5197 Ecclesia
1535 5142 1906 5213 dogmatibus,
1937 5153 2045 5201 etc.
2093 5155 2153 5198 ut

578 5256 611 5307 ῃ
634 5255 699 5308 τ9.
731 5237 857 5291 462.

1182 5326 1248 5380 Et
1275 5335 1389 5396 post
1417 5327 1545 5381 alia.

651 5421 717 5475 Et
743 5422 858 5476 haec
889 5428 970 5475 est
1007 5420 1167 5479 ratio.
1211 5428 1294 5475 etc
1316 5460 1330 5483 ,
1370 5430 1426 5473 ut
1461 5436 1622 5490 supra
1656 5418 1777 5474 462.

652 5512 826 5567 Erecti
892 5513 1079 5569 itidem
1144 5513 1458 5584 perlicimus
1512 5512 1956 5585 deprecationem
2002 5520 2152 5577 εις..

578 5615 635 5658 ut
662 5624 784 5677 paq.
814 5607 937 5663 462.

2621 5032 2751 5102 περὶ
2781 5032 2887 5086 τοῦ
2919 5033 3092 5102 ἁγίου
3118 5036 3485 5103 Πνεύματος.

2334 5145 2454 5200 Τῶν
2478 5147 2534 5199 ὲν
2559 5148 2623 5217 τῇ
2662 5145 2958 5217 Ἐκκλησία
2980 5147 3414 5217 πεφυλαγμένων
3441 5147 3729 5220 δογμάτων,
3754 5162 3795 5199 κ.

2262 5252 2313 5289 τ.
2344 5234 2393 5289 λ.

2818 5330 2927 5384 Kal
2956 5332 3085 5399 μεθ’
3104 5330 3293 5401 ἕτερα.

2372 5418 2699 5491 ῧτοςὸλόγος
2726 5423 2822 5493 τῆς
2841 5424 2951 5476 τῶν
2968 5424 3229 5494 ἀγράφων
3253 5424 3621 5499 παραδόσεως,
3643 5422 3798 5480 κτλ.

2332 5514 2444 5570 Καὶ
2468 5515 2617 5589 ὀρθοὶ
2660 5516 2757 5587 μὲν
2791 5516 3107 5589 πληροῦμεν
3135 5519 3234 5583 τὰς
3261 5521 3444 5591 εὐχὰς,
3478 5539 3534 5577 κ.
3561 5539 3609 5575 τ.
3636 5520 3681 5573 λ.
