3874 6296
554 269 658 336 651

1680 265 1937 328 PHOTII
1973 264 2476 328 PATRIARCH/E
2517 265 2625 326 CP.
2752 307 2758 312 -
3692 270 3783 333 652

559 390 694 444 tales
725 383 1007 455 petitores.
1042 380 1148 438 Sed
1173 390 1396 455 propter
1421 394 1610 437 eorum
1640 380 1815 436 malos
1839 381 2130 451 cogitatus,

2256 379 2489 452 λύρήλιε,
2533 379 2617 433 ὅτι
2647 375 2903 440 πολλάκις
2933 375 3030 442 τὰς
3059 376 3314 440 τοιαύτας
3341 375 3519 446 ὁρμὰς
3540 376 3611 448 μὴ
3637 395 3783 450 προσ-

557 488 613 536 οι
640 493 806 550 prave
836 475 1152 534 continuata
1184 474 1441 539 consilia,
1482 471 1589 528 hoc
1617 471 1760 538 dico,
1795 487 1902 527 non
1937 471 2135 528 debere

558 581 828 628 rectorem
886 569 1137 638 accipere
1183 581 1303 622 eam
1345 567 1580 636 plebem,
1635 577 1759 635 qua:
1813 564 1866 616 in
1908 562 2134 618 dioecesi

559 675 776 730 semper
821 657 1112 727 subjacuit,
1143 671 1246 711 nec
1297 670 1538 726 unquam
1591 655 1873 726 proprium
1919 655 2136 723 episco-

559 768 692 824 pum
745 751 957 807 habuit.
989 749 1333 820 Quapropter
1389 748 1436 804 si
1475 747 1732 802 universo
1785 745 2136 801 sanctissimo

559 847 727 902 οωιυί
769 846 945 917 placet
990 844 1116 913 hoc,
1167 841 1313 914 quod
1366 850 1690 912 prosecutus
1735 855 1882 905 sum,
1933 839 2135 894 conlir-

561 947 763 997 metur.

631 1112 888 1168 Aurelius
912 1111 1204 1180 episcopus
1222 1109 1364 1163 dixit
1392 1128 1404 1164 :
1437 1108 1648 1166 Fratris
1673 1120 1728 1164 et
1771 1109 2137 1165 consacerdo-

565 1206 634 1262 tis
659 1204 834 1260 nostri
863 1203 1240 1274 prosecutioni
1281 1203 1440 1273 187
1470 1217 1576 1256 non
1617 1202 1827 1258 obsisto
1857 1221 1870 1257 :
1903 1206 1996 1256 sed
2034 1202 2138 1257 hoe

562 1312 652 1353 me
683 1305 738 1352 et
767 1295 962 1352 fecisse
993 1304 1048 1351 et
1085 1295 1360 1350 facturum
1412 1310 1535 1350 esse
1567 1296 1828 1364 protiteor
1861 1295 2008 1349 circa
2042 1308 2138 1349 eos

563 1403 718 1454 sane,
755 1389 852 1459 qui
888 1387 1092 1442 fuerint
1121 1387 1446 1455 concordes,
1484 1403 1592 1442 non
1635 1388 1811 1442 solun:
1843 1388 1990 1442 circa
2038 1386 2139 1441 Ec-

565 1479 788 1536 clesiam
838 1477 1363 1550 Carthaginiensem,
1403 1479 1497 1536 sed
1545 1480 1693 1535 circa
1748 1495 1910 1535 omne
1958 1495 2140 1534 sacer-

566 1572 746 1631 dotale
771 1573 1133 1628 consortium.
1159 1571 1298 1627 Sunt
1318 1572 1461 1626 enim
1490 1572 1734 1643 plerique
1758 1574 2141 1643 conspirantes

565 1676 691 1717 cum
724 1662 972 1732 plebibus
1024 1661 1281 1731 propriis,
1323 1675 1462 1731 quas
1489 1661 1790 1730 decipiunt,
1835 1669 1895 1715 ut
1930 1661 2138 1715 dictum

564 1764 671 1824 est,
708 1770 899 1811 earum
939 1754 1247 1824 scalpentes
1283 1768 1464 1820 aures,
1520 1753 1704 1808 blandi
1764 1755 1831 1807 ad
1877 1755 2143 1809 seducen-

567 1847 722 1914 dum,
754 1847 966 1903 vitiosae
988 1848 1114 1902 vitae
1152 1847 1422 1910 homines,
1467 1846 1552 1901 vel
1591 1829 1739 1902 certe
1763 1846 1954 1910 inﬂati,
1992 1855 2048 1900 et
2077 1846 2144 1899 ab

569 1941 676 1997 hoc
721 1939 1000 1996 consortio
1051 1939 1310 2009 separati,
1345 1938 1438 2008 qui
1492 1947 1688 2008 putant
1733 1938 1966 2008 propriae
2001 1937 2144 2008 plebi

567 2031 976 2098 incubandum;
1015 2038 1072 2087 et
1102 2044 1503 2100 nonnunquam
1529 2031 1809 2086 convocati
1861 2030 1927 2084 ad
1962 2028 2146 2084 conci-

567 2122 702 2179 lium
749 2122 935 2178 venire
982 2121 1314 2189 detrectant,
1365 2136 1467 2177 sua
1525 2122 1670 2177 forte
1719 2137 1788 2177 ne
1843 2122 2146 2193 prodantur

566 2215 792 2286 ﬂagitia,
829 2224 1156 2272 metuentes.
1187 2215 1335 2281 Dico,
1363 2215 1408 2270 si
1450 2215 1648 2285 placet,
1693 2215 1838 2271 circa
1871 2216 1993 2279 hos,
2034 2230 2144 2271 non

571 2315 782 2363 tantum
811 2307 1078 2363 dioeceses
1115 2322 1222 2361 non
1274 2321 1398 2364 esse
1427 2307 1748 2371 servandas,
1778 2323 1969 2362 verum
1999 2317 2055 2362 et
2081 2308 2147 2362 de

567 2398 794 2469 propria
833 2395 1100 2462 Ecclesia,
1127 2412 1247 2467 quae
1270 2396 1378 2453 illis
1408 2397 1548 2452 male
1577 2396 1808 2474 faverit,
1829 2395 2147 2452 omnimodo

565 2497 926 2555 adnitendum
957 2505 1017 2551 ut
1057 2497 1220 2552 etiam
1267 2497 1592 2552 auctoritate
1623 2496 1838 2567 publica
1887 2495 2147 2566 rejician-

568 2601 681 2659 tur,
727 2601 892 2662 atque
926 2589 994 2645 ab
1041 2589 1179 2660 ipsis
1207 2588 1600 2659 principalibus
1646 2587 1922 2642 cathedris
1968 2601 2148 2643 remo-

568 2693 822 2740 veantur.
855 2682 1083 2754 Oportet
1109 2683 1288 2745 enim,
1330 2690 1388 2736 ut
1437 2680 1530 2751 qui
1581 2680 1856 2736 universis
1885 2679 2147 2734 fratribus

570 2790 636 2832 ac
667 2783 785 2830 toto
823 2774 1060 2831 concilio
1091 2775 1203 2844 (55)
1253 2773 1550 2835 inhaeserit,
1604 2787 1714 2827 non
1753 2773 1934 2828 solum
1988 2786 2144 2827 suam

563 2866 690 2938 jure
717 2866 953 2937 integro,
990 2865 1085 2921 sed
1141 2873 1195 2918 et
1228 2865 1496 2920 dimceses
1536 2863 1832 2933 possideat.
1875 2863 1945 2917 At
1991 2877 2144 2929 vero,

569 2961 665 3032 qui
717 2960 939 3016 sibimet
990 2967 1182 3029 putant
1215 2957 1397 3028 plebes
1441 2973 1572 3012 suas
1605 2955 1872 3022 sumcere,
1906 2955 2147 3011 fraterna

2239 473 2527 542 δεχόμενος
2589 469 2886 533 ὲκὼλυσας.
2920 468 3020 524 Διά
3072 469 3131 523 δὲ
3163 467 3263 531 τὰς
3289 467 3398 522 τῶν
3430 469 3675 523 τοιούτων
3701 489 3787 526 κα-

2241 563 2485 626 κοθελεϊς
2541 562 2753 626 ἑννοίας
2773 603 2788 627 ,
2839 562 2936 615 καὶ
2978 561 3061 616 τὰ
3106 561 3328 630 φαύλως
3389 561 3790 632 συμφωνούμενα

2243 653 2590 726 βουλεύματα
2622 655 2782 709 τοῦτο
2820 653 2986 722 λέγω,
3020 654 3096 726 μὴ
3141 653 3376 723 ὀφείλειν
3417 655 3547 707 ἴδιον
3573 657 3793 725 καθηγη-

2239 749 2339 821 τὴν
2368 747 2625 813 δέξασθαι
2653 747 2714 800 τὸ
2739 747 2943 817 πλῆθος
2971 745 3032 799 τὸ
3063 748 3123 800 ἐν
3151 749 3217 818 τῇ
3261 745 3531 817 λεγομένῃ
3562 749 3794 820 παροικίᾳ

2243 841 2605 912 ὑποκείμενον
2650 840 2865 911 ἀρχαίῳ
2909 838 3218 912 ὲπισκόπῳ,
3262 839 3357 892 καὶ
3399 839 3664 908 μηδέποτε
3688 841 3794 894 ἴδιον

2243 933 2538 988 ἐπίσκοπον
2584 931 2836 1003 ἐσχηκός.
2886 931 2978 984 Διὸ
3011 931 3107 984 ἐὰν
3137 931 3399 1002 συμπάσῃ
3441 931 3511 1000 τῇ
3549 931 3794 1004 ἁγιωτάτῃ

2245 1026 2446 1095 συνόδῳ
2475 1025 2682 1097 ἀρέσκῃ
2709 1025 2768 1076 τὸ
2797 1022 2926 1092 παρ’
2957 1022 3115 1093 ἐμοῦ,
3147 1022 3525 1092 βεϐαιωθήτω.

2313 1119 2581 1190 Αὐρήλιος
2609 1118 2904 1180 ἐπίσκοπος
2929 1111 3103 1168 εἶπενο
3139 1115 3246 1168 Τοῦ
3279 1114 3512 1181 ἀδελφοῦ
3556 1115 3648 1166 καὶ
3692 1132 3798 1167 συν-

2245 1211 2544 1264 επισκόπου
2563 1207 2722 1280 ἡμῶν
2756 1209 2823 1278 τῇ
2857 1207 3298 1277 ὲξακολουθήσει,
3321 1207 3423 1260 οὐκ
3462 1205 3795 1276 ἀνθίσταμαι·

2245 1301 2382 1355 ἀλλά
2407 1301 2567 1354 τοῦτο
2595 1299 2696 1370 sps
2725 1300 2819 1353 καὶ
2857 1299 3207 1369 πεποιηκότα,
3228 1298 3325 1352 καὶ
3361 1299 3656 1367 ποιήσοντα
3691 1301 3799 1367 ὁμο-

2244 1393 2409 1463 λογῶ,
2445 1392 2649 1464 δηλαδὴ
2686 1390 2815 1462 περὶ
2861 1390 2988 1454 τοὺς
3032 1390 3415 1459 ὁμονοοῦντας,
3469 1389 3532 1442 οὐ
3574 1389 3719 1460 μόνον
3745 1395 3796 1462 τῇ

2245 1485 2302 1539 ὲν
2330 1483 2641 1554 Καρχηδόνι
2680 1481 2997 1553 Ἐκκλησία,
3024 1481 3161 1536 ἀλλὰ
3188 1481 3282 1535 καὶ
3310 1482 3465 1551 πάσῃ
3484 1483 3550 1552 τῇ
3583 1483 3797 1553 ἱερατικῇ

2250 1576 2650 1650 συγκληρώσει.
2686 1576 2806 1630 Εἰσὶ
2851 1575 2960 1647 γὰρ
3011 1575 3250 1630 πλεῖστοι
3293 1574 3663 1645 συμπνέοντες
3708 1579 3798 1640 τοῖς

2249 1671 2472 1735 οἰκείοις
2492 1670 2775 1741 πλήθεσιν,
2806 1669 2987 1733 ἅτινα,
3014 1669 3089 1732 ὡς
3110 1669 3385 1735 λέλεκται,
3414 1668 3661 1722 ἀπατῶσι
3687 1671 3796 1740 xvi]-

2168 1745 2216 1806 Β
2246 1765 2430 1828 θοντες
2455 1763 2554 1827 τὰς
2577 1763 2750 1827 ἀκοὰς
2775 1763 2978 1828 αὐτῶν,
2999 1763 3094 1817 καὶ
3122 1761 3515 1822 κολακεύοντες
3545 1761 3673 1830 πρὸς
3694 1751 3796 1813 ἑαύ-

2243 1858 2390 1921 τοὺς,
2419 1849 2761 1926 ’ἀνθρώπους
2803 1853 3258 1926 κατεγνωσμένου
3311 1853 3463 1924 βίου’
3516 1851 3705 1922 μᾶλλον
3754 1852 3797 1904 δὲ

2245 1948 2624 2020 φυσιούμενοι,
2651 1947 2748 2002 καὶ
2777 1947 2842 2001 ὲκ
2873 1948 2975 2017 τῆς
2999 1947 3442 2018 συγκληρώσεως
3466 1946 3667 2014 ταύτης
3693 1945 3797 1996 ἑαυ-

2244 2040 2371 2104 τοὺς
2407 2037 2757 2110 χωρίζοντες,
2799 2038 3024 2106 ὀϊτινεςὶ
3057 2035 3134 2109 τῷ
3175 2038 3289 2109 ίδίῳ
3317 2037 3516 2108 πλήθει
3560 2037 3797 2103 ἐπερειδό·

2249 2148 2422 2204 μενοι,
2475 2131 2739 2196 πολλάκις
2796 2129 3194 2202 συγκληθέντες
3241 2130 3422 2184 ἐλθεῖν
3467 2130 3548 2193 εἰς
3593 2129 3793 2194 σύνοδον,

2246 2223 2743 2294 παραιτοῦνται,ὼς
2773 2221 3100 2294 φοϐούμενοι
3134 2223 3207 2294 μή
3237 2240 3356 2285 πως
3381 2220 3457 2275 τὰ
3474 2221 3670 2274 τούτων
3695 2223 3794 2274 ἀτο-

2247 2319 2480 2388 πήματα
2509 2316 2888 2389 φανερωθῶσι.
2918 2316 3167 2386 Δέγομεν
3198 2313 3311 2381 οῦν,
3354 2315 3454 2368 ἐὰν
3486 2314 3643 2385 δοκῇο
3672 2315 3794 2383 ὀφεῖ-

2243 2411 2411 2481 λομεν
2436 2411 2600 2465 παντὶ
2646 2410 2834 2483 τρόπῳ
2861 2409 3256 2478 ἀγωνίσασθαι,
3297 2407 3513 2472 τούτοις
3553 2410 3622 2477 μὴ
3666 2409 3794 2476 μόνον

2245 2502 2346 2567 τὰς
2371 2501 2626 2566 τοιαύτας
2657 2503 2952 2573 διοικήσεις
2983 2500 3059 2574 μὴ
3093 2498 3484 2572 φυλάττεσθαι,
3515 2500 3643 2554 ἀλλά
3687 2500 3792 2571 μηδὲ

2245 2595 2344 2659 τάς
2393 2594 2530 2659 ιδίας
2575 2593 2906 2662 Ἑκκλησίας
2952 2593 3053 2658 τὰς
3097 2595 3284 2658 κακῶς
3332 2596 3415 2657 είς
3455 2593 3676 2655 ἑαυτοὺς
3714 2609 3792 2644 πε-

2251 2685 2586 2757 ριελθούσας.
2618 2687 2729 2740 Καὶ
2759 2686 2849 2739 ἵνα
2879 2685 3215 2750 αὐθεντικῶς
3246 2686 3488 2756 δημοσίᾳ
3523 2683 3793 2738 ἐκϐάλλων-

2245 2795 2355 2842 ται,
2390 2779 2484 2833 καὶ
2509 2779 2682 2848 αὐτῆς
2713 2778 2812 2848 τῆς
2833 2779 2942 2831 τῶν
2972 2779 3364 2850 πρωτευόντων
3397 2777 3658 2846 καθέδρας
3682 2775 3790 2828 ἀπο.

2247 2871 2526 2925 κινῶνται.
2579 2871 2700 2941 Χρὴ
2728 2871 2838 2941 γάρ
2879 2871 3006 2934 τοὺς
3034 2869 3282 2941 σύμπασι
3314 2872 3434 2933 τοῖς
3461 2868 3696 2938 ἀδελφοῖς
3721 2868 3794 2921 καὶ

2246 2961 2347 3033 ὅλῃ
2375 2963 2440 3032 τῇ
2489 2961 2692 3033 συνόδῳ
2725 2961 3267 3032 προσκολλωμένους,
3314 2962 3390 3032 μὴ
3428 2961 3586 3030 μόνον
3622 2959 3710 3030 τὴν
3729 2961 3794 3010 οἱ-

569 3051 867 3107 dilectione
899 3059 1228 3121 contempta,
1283 3065 1392 3104 non
1436 3056 1646 3105 tantum
1683 3049 1950 3105 dimceses
1987 3049 2145 3103 amit-

2256 3053 2402 3105 κείαν
2445 3051 2697 3123 κατέχειν
2739 3051 2964 3115 δικαίως
3005 3051 3294 3124 καθέδραν,
3339 3051 3460 3104 ἀλλ’
3491 3051 3570 3104 ἔτι
3604 3048 3794 3121 μὴντάς

568 3152 708 3210 tant,
744 3143 862 3208 sed,
889 3153 946 3197 ut
975 3142 1108 3209 dixi,
1133 3142 1297 3197 etiam
1333 3139 1389 3195 in
1423 3140 1655 3212 propriis
1679 3139 1894 3209 publica
1929 3149 2145 3196 careant

2256 3140 2507 3206 τοιαύτας
2541 3141 2840 3212 διοικήσεις
2887 3139 3222 3208 κεκτῆσθαι·
3262 3140 3390 3202 τοὺς
3447 3140 3504 3192 δὲ
3548 3138 3795 3198 δοκοῦντας

570 3235 917 3300 auctoritate,
952 3243 1012 3290 ut
1039 3233 1290 3290 rebelles.

2250 3234 2365 3295 τοῖς
2393 3232 2546 3297 ίδίοις
2581 3232 2760 3303 ὄχλοις
2786 3231 3096 3303 ἀρκεῖσθαι,
3129 3230 3343 3301 καὶτῆς
3372 3230 3662 3299 ἀδελφικῆς
3684 3228 3794 3296 ἀγά-

570 3345 680 3403 πης
714 3325 1211 3400 καταφρονοῦντας,
1241 3325 1504 3398 μὴμόνον
1564 3325 1666 3390 τὰς
1729 3325 2025 3395 διοικήσεις
2050 3325 2358 3394 ἀπολλύειν,
2395 3327 2512 3380 ἀλλ’
2555 3327 2637 3380 ἔτι
2682 3327 2812 3398 μὴν,
2840 3324 2916 3390 ὡς
2951 3321 3124 3394 εἷπον,
3161 3327 3256 3381 καὶ
3323 3325 3437 3379 τῶν
3471 3325 3610 3380 ἰδίων
3649 3324 3793 3378 τόπων

571 3423 865 3495 ἁρχοντικῇ
899 3420 1229 3490 στερεῖσθαι,
1260 3419 1338 3482 ὡς
1371 3418 1665 3491 ἀντάρτας,
1695 3418 2006 3491 δυναστείᾳ.

640 3513 957 3568 Honoratus
985 3521 1038 3567 et
1063 3512 1318 3568 Urbanus
1339 3511 1578 3582 episcopi
1601 3513 1859 3567 dixerunt
1884 3530 1897 3566 :
1921 3510 2144 3566 Summa

569 3607 814 3681 provisio
847 3605 1156 3663 sanctitatis
1189 3614 1295 3658 tua:
1328 3603 1554 3660 cohaesit
1581 3605 1858 3659 mentibus
1903 3603 2150 3674 singulo-

2331 3509 2637 3581 Ὁνωράτος
2667 3509 2761 3564 καὶ
2795 3509 3071 3580 υύρδανδς
3097 3509 3388 3563 ἐπίσκοποι
3415 3505 3592 3562 εἶπον·
3638 3509 3692 3561 Ἥ
3717 3526 3794 3577 με·

2247 3607 2406 3678 γίστη
2435 3607 2662 3678 πρόνοια
2691 3608 2790 3675 τῆς
2812 3607 3084 3678 ὑμετέρας
3111 3605 3447 3675 ἁγιωσύνης,
3475 3607 3591 3666 ταῖς
3613 3606 3793 3658 πάντων

571 3715 715 3767 rum,
747 3709 820 3767 et,
852 3707 1005 3770 puto,
1040 3696 1288 3751 omnium
1329 3696 1685 3768 responsione
1714 3711 1777 3751 ea
1807 3710 1929 3766 qum
1961 3710 2145 3766 prose-

2256 3698 2505 3762 Βιανοίαις
2523 3697 2874 3768 ἐνεκαθέσθη,
2899 3698 2993 3751 καὶ
3009 3695 3334 3766 λογιζόμεθα
3352 3696 3590 3764 ὀφείλειν
3609 3701 3665 3767 τῇ
3688 3699 3784 3749 πάν·

571 3792 668 3864 qui
692 3791 947 3864 dignatus
973 3803 1055 3856 es,
1087 3787 1420 3846 roboranda.

646 3994 814 4067 188
841 3992 1096 4050 Universi
1129 3991 1372 4063 episcopi
1397 3991 1652 4048 dixerunt
1677 4009 1692 4047 :
1718 3991 1924 4055 Placet,
1950 3989 2144 4061 placet.

655 4087 725 4142 L’t
749 4085 978 4158 episcopi
1008 4087 1098 4156 qui
1127 4085 1177 4138 in
1196 4084 1501 4139 dioecesibus
1525 4085 1721 4154 fuerint
1743 4083 1999 4144 ordinati.
2019 4082 2152 4138 diaz-

577 4180 737 4236 cesim
777 4179 878 4235 sibi
921 4178 1128 4234 nullam
1159 4178 1441 4233 vindicent.

643 4367 735 4423 56.
769 4367 1082 4424 Honoratus
1113 4377 1168 4424 et
1197 4367 1454 4424 Urbanus
1488 4369 1534 4402 ⁸ο
1566 4366 1806 4438 episc0pi
1850 4368 2106 4424 dixerunt
2133 4387 2148 4424 :

575 4458 900 4515 Audivimus
931 4459 1314 4525 constitutum,
1348 4467 1410 4513 ut
1450 4458 1717 4514 dioecescs
1755 4475 1863 4513 non
1898 4475 2148 4516 mercan-

577 4563 668 4606 tur
703 4550 990 4620 episcopos
1025 4549 1427 4620 accipere,'nisi
1464 4564 1736 4604 consensu
1771 4551 1890 4621 ejus
1917 4551 2018 4607 sub
2043 4567 2153 4622 quo

577 4644 786 4700 fuerint
823 4644 1178 4700 constituta):
1239 4644 1330 4698 sed
1371 4643 1424 4695 in
1477 4643 1760 4713 provincia
1807 4653 1995 4700 nostra
2028 4661 2152 4701 cum

578 4737 746 4808 aliqui
771 4737 914 4795 forte
966 4738 1019 4792 in
1050 4737 1296 4801 dicecesi,
1323 4735 1652 4793 concedente
1683 4753 1748 4792 eo
1786 4738 2045 4810 episcopo
2099 4739 2152 4794 in

569 4831 738 4902 cujus
766 4839 1036 4903 potestate
1082 4831 1302 4886 fuerant
1351 4830 1682 4896 constitutae,
1740 4832 1974 4887 ordinati
2025 4841 2155 4889 sunt

574 4924 844 4996 episcopi,
890 4925 1055 4980 etiam
1101 4923 1370 4980 diaereses
1415 4924 1521 4979 sibi
1574 4924 1895 4980 vindicant:
1951 4929 2052 4981 hoc
2096 4935 2151 4980 ct

567 5018 778 5088 corrigi
837 5017 1122 5073 charitatis
1167 5026 1364 5072 vestrae
1416 5016 1646 5086 judicio,
1695 5025 1750 5072 et
1806 5017 2042 5074 inhiberi
2081 5017 2150 5073 de

572 5117 774 5164 caetero
794 5108 972 5164 debet.
1347 5165 1354 5169 ,

648 5197 952 5268 Epigonius
995 5197 1284 5267 episcopus
1320 5197 1458 5253 dixit
1510 5217 1523 5254 :
1583 5198 1828 5270 Singulis
1882 5200 2155 5271 episcopis

575 5298 858 5344 servatum
913 5287 1174 5356 estquod
1221 5287 1468 5355 decebat,
1517 5299 1578 5344 ut
1617 5304 1680 5345 ex
1734 5305 1916 5347 massa
1952 5293 2154 5348 οἰακο-

581 5380 724 5434 sium
781 5379 930 5432 nulla
985 5386 1320 5449 carperetur,
1387 5389 1445 5434 ut
1500 5381 1778 5452 proprium
1837 5382 2155 5454 episcopum

669 5538 714 5570 ⁸³
766 5539 937 5596 Cone.
991 5539 1159 5597 Afric.
1192 5558 1240 5598 ι’.
1295 5541 1401 5609 93;
1433 5543 1686 5612 Carthag.
1725 5559 1805 5612 ιιι,
1835 5558 1956 5599 can.
1992 5543 2080 5598 46.

650 5699 766 5770 (55)
806 5696 917 5755 lloc
952 5708 1054 5764 cst,
1099 5719 1116 5751 ‹
1152 5701 1248 5756 toti
1279 5701 1591 5771 provinciae.
1627 5723 1644 5754 ι

2247 3809 2354 3845 των
2388 3790 2681 3861 ἀποκρίσει
2711 3787 3078 3860 βεϐαιωθῆναι
3109 3788 3206 3859 τὴν
3240 3789 3516 3860 ὑμετέραν
3544 3789 3788 3855 έξακολούο

2259 3883 2439 3952 θησιν.

2327 3999 2649 4069 Σύμπαντες
2688 3998 2976 4052 ἐπίσκοποι
3036 3993 3223 4051 εἷπον·
3269 3997 3546 4067 ’Λρέσκει,
3587 3996 3788 4067 ἀρέσκει.

2328 4089 2467 4159 Περὶ
2494 4089 2602 4144 τοῦ
2624 4088 2766 4156 τοὺς
2792 4088 2861 4142 ἐν
2882 4088 3008 4155 ταῖς
3037 4087 3368 4156 παροικίαις
3401 4088 3792 4158 χειροτονουμέ-

2259 4199 2406 4248 rom;
2435 4181 2826 4250 ἐπισκόπους,
2862 4182 2946 4252 μή
2987 4198 3121 4234 τινα
3139 4180 3374 4246 ἑαυτοῖς
3405 4180 3657 4236 ἐκδικεῖν
3678 4179 3790 4232 διοί-

2260 4290 2464 4345 anew.

2331 4376 2439 4433 νς’.
2484 4369 2783 4440 Ὁνωράτος
2826 4369 2918 4420 κοιλ⁵
2953 4366 3228 4438 Οὐρϐανὺς
3264 4365 3312 4419 οἱ
3340 4367 3622 4419 ἐπίσκοποι
3653 4359 3790 4416 εἷπον·

2265 4462 2607 4530 Ἥκούσαμεν
2637 4460 2876 4531 ὁρισθὲν,
2921 4460 3008 4512 ἵνα
3039 4459 3094 4512 αἱ
3143 4458 3428 4526 παροικίαι
3477 4459 3548 4528 μὴ
3575 4455 3789 4521 dindyma:

2252 4552 2547 4622 λαμϐάνειν
2573 4553 2926 4616 ἐπισκόπους,
2949 4551 2995 4603 εί
3030 4550 3266 4621 μὴκατὰ
3298 4550 3602 4603 συναίνεσιν
3635 4547 3786 4599 τούτου

2251 4644 2343 4712 ὑφ’
2372 4644 2430 4697 ὃν
2462 4643 2805 4697 καθίσταντο.
2859 4642 2947 4695 Ἐν
2975 4641 3032 4694 δὲ
3059 4643 3126 4712 πῇ
3158 4641 3312 4712 χώρᾳ.
3341 4641 3498 4712 ἡμῶν
3524 4637 3651 4692 κατά
3685 4651 3788 4700 συγ-

2252 4736 2492 4807 χώρησιν
2529 4735 2623 4788 τοῦ
2691 4735 2751 4799 ἐξ
2794 4735 2971 4805 ἀρχῆς
3019 4734 3344 4804 κατέχοντος
3393 4733 3493 4796 τὰς
3542 4731 3786 4797 διοικήεεις

2253 4827 2574 4889 ἐπισκόπου,
2623 4826 2766 4890 τινὲς
2800 4827 2880 4889 εἰς
2905 4825 3019 4890 ,τὰς
3052 4825 3222 4888 αὑτὰς
3268 4821 3556 4894 παροικίας
3592 4832 3785 4890 χειροτο-

2254 4919 2510 4990 νηθέντες
2540 4920 2850 4984 ἐπίσκοποι,
2898 4919 3111 4987 ἑαυτοῖς
3141 4919 3221 4972 ἑτι
3269 4918 3373 4990 μὴν
3407 4916 3594 4987 ἑτέρας
3630 4909 3788 4964 διεκδι-

2251 5010 2426 5066 κοῦσι.
2478 5011 2648 5065 Τοῦτο
2683 5013 2776 5066 καὶ
2829 5011 3137 5082 κωλυθῆναι
3185 5013 3248 5082 τῇ
3283 5010 3390 5064 ἀπὸ
3429 5009 3528 5078 τῆς
3560 5001 3784 5076 ὑμετέρας

2253 5107 2475 5178 ἀγάπης
2511 5109 2712 5178 κρίσει,
2745 5109 2840 5161 καὶ
2868 5108 3240 5180 ἀναρτηθῆναι
3266 5106 3361 5159 τοῦ
3390 5103 3570 5159 λοιποῦ
3598 5097 3780 5170 ὀφείλει.

2335 5198 2636 5267 Ἐπιγόνιος
2683 5200 2980 5266 ἐπίσκοπος
3024 5195 3221 5253 εἶπενθ
3268 5198 3513 5267 Ἐκάστῳ
3549 5188 3780 5254 ἐπισκόπῳ

2252 5292 2313 5345 τὸ
2343 5293 2552 5364 πρέπον
2604 5294 2906 5366 ἐφυλάχθη.
2957 5295 3043 5349 ἵνα
3097 5295 3160 5348 ἐκ
3208 5293 3307 5362 τῆς
3349 5286 3662 5358 συγκτησίας
3697 5277 3780 5330 τῶν

2257 5387 2555 5457 παροικιῶν
2588 5389 2756 5460 μηδὲν
2785 5388 3152 5460 ἀποδρεφθείη
3193 5387 3330 5460 πρὸς
3365 5385 3426 5440 τὸ
3459 5383 3579 5438 [διον
3613 5379 3772 5444 κτήσα-
