3874 6296
553 278 658 341 655

627 390 787 464 19o
810 388 884 444 De
914 387 994 442 Itis
1027 385 1115 456 qui
1150 383 1320 455 plebes
1372 383 1612 452 proprias
1673 381 2058 450 derelinquunt.

623 575 712 629 7i.
754 571 969 628 Rursus
990 566 1194 639 placuit
1215 567 1259 598 '“
1296 563 1431 635 (58),
1463 570 1524 616 ut
1553 559 1753 616 nemini
1778 560 1846 616 sit
1876 558 2127 626 facultas,

551 670 736 726 relicta
767 664 1050 736 principali
1076 660 1355 723 cathedra,
1383 657 1449 711 ad
1477 656 1716 724 aliquam
1738 654 2037 709 Ecclesiam
2065 653 2122 707 in

551 761 779 819 dioecesi
823 758 1176 814 constitutam
1224 769 1282 808 se
1327 750 1598 812 conferre,
1652 747 1738 802 vel
1791 747 1844 800 in
1893 761 1953 801 re
2002 759 2131 816 pro-

553 858 671 928 pria
699 854 818 925 (59)
854 850 1057 906 diutius
1076 863 1238 918 quam
1273 853 1488 915 oportet
1513 841 1890 906 constitutum,
1938 855 2130 894 curam

552 953 637 1007 vel
672 944 1163 1018 frequentatiouem
1192 937 1425 1011 propria:
1458 936 1731 991 cathedra:
1761 933 2057 1004 negligere.

624 1125 700 1180 De
728 1120 1090 1194 defensoribus
1132 1115 1495 1171 Ecclesiarum
1549 1111 1615 1167 ab
1687 1113 2004 1178 imperatore
2038 1127 2134 1181 po—

552 1217 782 1272 umidis.

626 1308 716 1362 75.
763 1307 846 1360 Ab
899 1302 1350 1374 imperatoribus,
1395 1297 1667 1354 universis
1727 1294 1905 1351 visum
1958 1295 2131 1359 est",

553 1398 942 1470 postulandum
993 1405 1212 1466 propter
1250 1391 1597 1447 aillictionem
1632 1405 1956 1459 pauperum,
1995 1404 2136 1458 quo-

555 1508 677 1547 rum
752 1489 1021 1545 molestiis
1079 1488 1196 1543 siue
1253 1484 1664 1540 intermissione
1719 1481 1976 1552 fatigatur
2034 1481 2136 1535 Ec-

554 1587 743 1648 clesia,
793 1594 852 1639 ut
894 1583 1212 1638 defensores
1266 1580 1349 1636 eis
1407 1579 1670 1634 adversus
1719 1576 1991 1645 potentias
2047 1576 2135 1630 di-

553 1679 725 1733 vitum
761 1693 886 1732 cum
931 1675 1316 1745 episcoporum
1374 1671 1685 1742 provisione
1721 1669 2060 1739 delegentur.

631 1773 705 1827 De
737 1766 1262 1824 ntauumissionibus.

627 1863 867 1919 82.1tem
889 1859 1156 1932 placuit",
1179 1867 1236 1910 ut
1251 1857 1317 1911 de
1335 1853 1860 1911 manumissionibus
1880 1854 1932 1908 in
1953 1852 2135 1909 Eccle-

556 1958 636 2014 sia
665 1953 1005 2012 celebrandis
1033 1951 1102 2006 ab
1128 1951 1458 2019 imperatore
1489 1956 1726 2018 petatur.

558 2135 784 2193 Concilii
812 2131 1114 2188 weumenici
1165 2145 1213 2186 vr
1245 2143 1467 2183 canones
1521 2125 1614 2192 25,
1661 2125 1751 2193 36,
1807 2124 1899 2190 '57,
1929 2122 2018 2191 '58,
2043 2121 2134 2179 59.

629 2292 719 2346 25.
753 2289 1018 2344 Praeterea
1043 2298 1368 2341 renovamus
1389 2284 1553 2339 etiam
1578 2296 1868 2347 canonem,
1893 2281 1986 2352 qui
2007 2281 2140 2340 dicit

557 2394 821 2456 agrestes,
852 2393 906 2438 et
933 2396 1054 2451 qua:
1079 2387 1207 2433 sunt
1231 2379 1284 2432 in
1317 2377 1594 2447 provincia
1627 2375 1914 2446 parochias
1945 2376 2138 2432 incon-

557 2492 750 2534 cussas
781 2488 1000 2530 manere
1029 2472 1170 2540 apud
1206 2471 1515 2540 episcopos,
1555 2469 1649 2538 qui
1687 2482 1780 2522 eas
1813 2467 2094 2538 possident
2123 2486 2136 2522 :

558 2569 828 2634 maxime,
881 2566 926 2622 si
974 2563 1192 2634 triginta
1245 2575 1512 2616 annorum
1567 2560 1743 2629 spatio
1794 2574 1887 2612 eas
1924 2559 2043 2611 sine
2087 2557 2139 2612 vi

556 2661 898 2734 possidentes
941 2653 1464 2712 administraverint.
1513 2652 1571 2706 Si
1625 2660 1806 2706 autem
1859 2650 1996 2704 intra
2046 2650 2142 2704 tri-

559 2754 708 2825 ginta
751 2766 923 2806 annos
956 2748 1058 2803 fuit
1090 2747 1174 2802 vel
1209 2744 1373 2800 fuerit
1411 2745 1594 2813 aliqua
1624 2743 1690 2798 de
1723 2743 1788 2796 iis
1823 2753 2142 2797 controver-

559 2848 662 2910 sia,
694 2845 857 2900 licere
899 2843 984 2907 iis,
1013 2840 1109 2912 qui
1154 2855 1214 2896 se
1249 2837 1448 2908 injuria
1475 2836 1700 2891 alIectos
1733 2835 1938 2901 dicunt,
1974 2833 2043 2890 de
2075 2848 2142 2889 eo

558 2938 829 2994 actionem
858 2933 1000 3004 apud
1035 2931 1304 3003 synodum
1331 2927 1643 3000 provinciae.

1664 266 1922 329 PHOTII
1963 266 2136 326 PATF

2256 263 2466 325 RCIl/E
2507 264 2616 324 ΟΡ.
3687 276 3776 340 535

2158 379 2211 440 Α
2311 378 2451 446 Περὶ
2491 375 2612 430 τῶν
2640 375 2781 443 τοὺς
2824 375 3016 442 ἰδίους
3047 377 3237 444 λαοὺς
3255 376 3778 450 ἑγκαταλιμπανοιιι-

2234 487 2371 523 των.

2303 559 2397 614 ολ’.
2433 561 2602 613 Πάλιν
2629 560 2849 630 ἤρεσεν,
2881 559 3023 614 ὥστε
3056 560 3247 633 μηδενὶ
3278 559 3484 628 ἐξεῖναι
3505 563 3783 640 ὲπισκόπῳ,

2232 652 2687 725 καταλειφθείσης
2740 656 2841 724 τῆς
2895 653 3223 724 αὐθεντικῆς
3287 656 3456 710 αὑτοῦ
3521 658 3785 731 καθέδρας,

2232 745 2370 816 πρός
2387 762 2510 800 τινα
2547 746 2872 815 Ἐκκλησίαν
2895 747 2952 800 ὲν
2971 748 3232 818 διοικήσει
3254 739 3608 803 καθεστῶσαν
3627 753 3789 809 ἑαυτὸν

2232 838 2550 911 ἀποφέρειν,
2579 839 2611 910 ἢ
2647 841 2704 892 ἐν
2730 839 2914 911 οἰκείῳ
2963 839 3272 912 πράγματι,
3337 843 3483 914 ὑπὲρ
3512 843 3541 894 ὃ
3571 846 3669 916 χρὴ
3714 849 3789 901 ἐπὶ

2236 930 2371 984 πολῦ
2392 930 2877 1002 ἀπασχολουμένῳ,
2909 931 3138 1001 ἀμελεῖν
3165 933 3267 1003 τῆς
3293 933 3576 1005 φροντίδος
3596 935 3685 989 καὶ
3711 939 3788 1009 τῆς

2236 1021 2521 1092 συνεχείας
2541 1021 2636 1075 τοῦ
2672 1022 2803 1075 ἰδίου
2838 1021 3052 1094 θρόνου.

2305 1113 2443 1181 Περὶ
2469 1113 2723 1167 ἐκδίκων
2747 1112 2864 1166 τῶν
2913 1114 3289 1183 Ἐκκλησιῶν
3316 1115 3796 1187 τῶνρφειλόντων

2236 1204 2355 1260 ἀπὸ
2388 1205 2493 1258 τοῦ
2521 1205 2832 1272 βασιλέως
2870 1206 3208 1275 αὶτηθῆναι.

2306 1305 2400 1351 σε’.
2436 1297 2723 1367 Σύμπασιν
2796 1297 2975 1364 ἔδοξεν
3003 1299 3225 1368 αἰτῆσαι
3275 1300 3385 1354 ἀπὸ
3413 1300 3526 1353 τῶν
3567 1300 3797 1372 βασιλέων

2235 1391 2322 1444 διὰ
2361 1389 2459 1460 τὴν
2487 1391 2596 1445 τῶν
2631 1392 2880 1460 πενήτων
2914 1390 3180 1459 κάκωσιν,
3219 1386 3294 1446 ὧν
3333 1396 3458 1456 ταῖς
3489 1395 3790 1464 ὲπαχθείσις

2237 1483 2531 1547 ἀπαύστως
2559 1485 2592 1554 ή
2619 1481 2930 1552 ⁶εΕκκλ-ησίσι
2959 1484 3391 1554 παρενοχλεῖται,
3411 1485 3555 1538 ὥστε
3587 1486 3797 1548 ἐκδίκους

2236 1575 2449 1639 τούτοις
2488 1575 2630 1646 μετὰ
2659 1575 2760 1644 τῆς
2781 1573 2892 1627 τῶν
2922 1575 3235 1628 ἐπισκόπων
3277 1577 3542 1646 προνοίας
3568 1577 3797 1647 ὲπιλεγῇ.

2244 1682 2361 1731 ναι,
2390 1667 2535 1721 κατὰ
2574 1667 2670 1737 τῆς
2692 1667 2801 1719 τῶν
2834 1666 3107 1721 πλουσίων
3138 1669 3480 1738 τυραννίδος.

2173 1755 2214 1810 Β
2313 1759 2453 1828 Περὶ
2485 1758 2873 1828 ἐλευθεριῶν.

2308 1851 2422 1922 πβ¹ο
2454 1850 2681 1922 Ὁμοίως
2705 1853 2922 1922 ἤρεσεν,
2955 1850 3042 1906 ἵνα
3074 1853 3317 1923 περὶτῶν
3338 1855 3396 1906 ὲν
3425 1855 3493 1925 τῇ
3537 1851 3798 1924 Ἐκκλησία

2241 1945 2538 2013 γινομένων
2589 1943 2938 2014 ὲλευθεριῶν,
2995 1945 3102 1998 ἀπὸ
3131 1945 3226 2000 τοῦ
3292 1945 3565 2016 βασίλεως
3614 1947 3797 2018 αἴτησις

2238 2035 2486 2106 γένηται.

2241 2128 2512 2182 Συνὸδου
2545 2131 2965 2201 οἱκουμενικῆς
3007 2132 3190 2202 ἕκτης
3215 2133 3424 2188 κανὼν
3455 2132 3554 2198 κε’,
3579 2132 3681 2199 λς’,
3714 2132 3793 2198 λζ’,

2896 2204 3002 2274 λη’,
3041 2203 3140 2258 λθ’.

2337 2296 2435 2344 κε’.
2468 2291 2612 2360 Πρὸς
2644 2295 2760 2356 τοῖς
2785 2293 2967 2358 ἄλλοις
2999 2295 3201 2348 ἅπασιν
3226 2295 3571 2367 ἁνανεοῦμεν
3597 2296 3684 2349 καὶ
3726 2297 3798 2350 τὸν

2240 2382 2438 2436 κανόνα
2467 2383 2556 2435 τὸν
2587 2384 2994 2455 διαγορεύοντα,
3024 2389 3121 2452 τὰς
3151 2389 3275 2442 καθ’
3303 2390 3552 2460 ἑκάστην
3598 2390 3797 2460 Ἐκκλη-

2245 2472 2365 2527 σίαν
2417 2473 2746 2545 ἀγροικικᾶς
2796 2478 3092 2548 παροικίας
3153 2478 3186 2549 ἢ
3235 2480 3568 2550 ἐγχωρίους,
3645 2480 3797 2550 μένειν

2243 2565 2732 2634 ἁπαρασαλεύτους
2777 2573 2928 2640 παρὰ
2961 2575 3085 2636 ,τοῖς
3119 2573 3448 2644 κατέχουσιν
3483 2573 3652 2636 αὑτὰς
3696 2576 3794 2626 ὲπι-

2245 2658 2488 2722 σκόποις,
2509 2659 2605 2712 καὶ
2631 2661 2868 2734 μάλιστα
2892 2663 2941 2716 εί
2959 2667 3360 2744 τριακονταετῆ
3397 2667 3593 2737 χρόνον
3624 2665 3795 2731 ταύτας

2243 2750 2517 2814 ἀϐιάστως
2566 2751 2981 2824 διακατέχοντες
3027 2756 3416 2828 ᾤκονόμησαν.
3477 2760 3538 2812 Εἰ
3569 2759 3623 2811 δὲ
3669 2759 3793 2822 ὲντδς

2243 2841 2349 2894 τῶν
2382 2841 2425 2895 λ’
2472 2843 2610 2897 ἑτῶν
2663 2841 2954 2929 γεγένηταί
2997 2864 3101 2913 τις,
3138 2849 3169 2919 ἧ
3219 2849 3428 2918 γίνοιτο
3492 2849 3620 2919 περὶ
3647 2849 3797 2901 αὐτῶν

2243 2933 2674 3005 ἀμφισϐήτησις,
2709 2936 2910 3001 ἐξεῖναι
2943 2943 3054 3002 τοῖς
3076 2941 3329 3009 λέγουσιν
3360 2940 3670 3012 ἠδικῆσθαι,
3695 2943 3796 3013 περὶ

2244 3023 2445 3079 τούτων
2470 3029 2637 3082 κινεῖν
2676 3029 2830 3100 παρὰ
2857 3034 2924 3102 τῇ
2958 3033 3158 3104 συνόδῳ
3190 3034 3288 3102 τῆς
3318 3034 3620 3106 ἐπαρχίας.

631 3114 1259 3181 56.1tenovautesquma
1277 3108 1479 3165 sanctis
1503 3119 1720 3162 centum
1742 3106 2136 3178 quinquaginta

2309 3113 2420 3180 λς’.
2470 3115 2880 3190 Ἀνανεούμενοι
2912 3123 2980 3176 τὰ
3014 3103 3164 3194 παρὰ
3192 3123 3300 3177 τῶν
3333 3122 3424 3195 py’
3443 3103 3624 3192 θάγίων
3652 3128 3795 3182 Πατίσ-

559 3205 835 3273 Patiibus,
860 3216 989 3271 etc.,
1016 3214 1072 3258 ut
1104 3219 1266 3272 supra
1290 3218 1410 3272 pag.
1439 3201 1567 3256 474.

633 3298 720 3354 57.
764 3297 1035 3364 Quoniam
1089 3295 1320 3351 diversis
1344 3294 1705 3364 temporibus,
1731 3301 1864 3360 etc.,
1898 3301 1954 3346 ut
1978 3308 2143 3362 supra

559 3403 681 3456 pug.
716 3386 840 3442 437.

637 3479 792 3549 191
819 3476 908 3532 '58.
940 3475 1218 3531 Canonem
1251 3474 1343 3545 qui
1373 3493 1401 3529 a
1425 3473 1682 3530 Patribus
1704 3458 1884 3530 factus
1912 3485 2016 3541 est,
2042 3487 2145 3528 nos

561 3583 780 3640 quoilue
807 3569 1185 3632 observamus,
1205 3566 1297 3636 qui
1318 3566 1397 3621 sic
1412 3566 1577 3621 edicit
1605 3583 1618 3619 :
1647 3565 1705 3622 Si
1735 3565 2058 3636 qua,civitas
2075 3566 2144 3619 ab

563 3661 830 3732 imperiali
853 3668 1120 3730 potestate
1143 3659 1400 3714 iunovata
1422 3669 1528 3724 est,
1553 3659 1636 3712 vel
1669 3674 1862 3714 rursus
1886 3659 2144 3712 iunovata

561 3750 752 3818 fuerit,
784 3751 971 3808 civiles
997 3765 1062 3806 ac
1122 3751 1378 3821 publicos
1436 3760 1594 3821 typos
1651 3750 2142 3808 ecclesiasticarum

560 3859 782 3916 quoque
810 3857 991 3898 rerum
1039 3841 1174 3899 ordo
1223 3852 1622 3912 consequatur.

622 4028 723 4085 '39.
754 4026 891 4087 Cum
922 4025 1092 4082 frater
1139 4035 1197 4082 et
1245 4025 1628 4082 comminister
1671 4036 1862 4082 noster
1903 4024 2144 4082 Joannes
2180 4039 2184 4042 ·

562 4123 757 4180 insula:
785 4120 950 4193 Cypri
985 4121 1202 4192 praesul,
1231 4132 1361 4185 etc.,
1397 4129 1453 4174 ut
1485 4137 1650 4191 supra
1673 4137 1799 4191 pag.
1830 4119 1959 4176 474.

642 4213 865 4270 Textus.
912 4211 1101 4268 Const.
1132 4211 1187 4275 6,
1229 4210 1316 4266 tit.
1370 4211 1427 4278 2,
1467 4211 1562 4268 lib.
1594 4227 1614 4266 ι
1671 4211 1806 4267 Cod.
1867 4211 1943 4264 ait
1973 4211 2143 4281 quod,

555 4306 700 4374 Quae
720 4305 998 4360 canonica:
1031 4303 1339 4359 dubietates
1367 4319 1468 4374 per
1520 4303 1838 4358 universum
1869 4302 2144 4376 Illyricum

565 4405 875 4468 emergunt,
909 4413 1002 4452 eas
1033 4402 1141 4450 non
1179 4397 1388 4466 absque
1427 4396 1656 4450 scientia
1698 4397 1959 4452 antistitis
1996 4395 2144 4451 urbis

2245 3221 2381 3276 ρων,
2421 3224 2476 3261 κ.
2502 3226 2551 3262 τ.
2583 3226 2634 3263 Α.

2315 3297 2414 3362 λζ’.
2457 3300 2676 3374 Ἐπειδὴ
2713 3304 2856 3358 κατὰ
2877 3305 3171 3377 διαφόρους
3197 3308 3451 3380 καιροὺς,
3489 3327 3543 3366 κ.
3574 3329 3620 3366 τ.
3649 3313 3695 3365 λ.

2315 3479 2417 3549 λη’.
2449 3479 2552 3534 Τὸν
2573 3482 2638 3534 ὲκ
2653 3481 2759 3536 τῶν
2781 3483 3040 3555 Πατέρων
3069 3485 3101 3556 ή
3109 3484 3226 3556 μῶν
3251 3486 3484 3541 τεθέντα
3516 3490 3701 3544 κανόνα
3720 3491 3791 3544 καὶ

2244 3573 2406 3643 ἡμεῖς
2428 3575 2946 3646 παραφυλάττομεν,
2978 3579 3069 3632 τὸν
3097 3578 3241 3632 οὕτω
3281 3581 3666 3652 διαγορεύοντα
3684 3602 3697 3616 ·
3743 3582 3794 3636 [ί

2243 3681 2329 3728 τις
2356 3666 2420 3718 ὲκ
2455 3665 2747 3738 βασιλικῆς
2781 3669 3029 3736 ἐξουσίας
3063 3673 3346 3744 ὲκαινίσθη
3393 3675 3586 3740 πόλις,
3610 3677 3640 3748 ἦ
3667 3672 3792 3738 αὖθις

2245 3753 2548 3827 καινισθείη
2577 3758 2688 3821 τοῖς
2717 3757 3015 3824 πολιτικοῖς
3043 3763 3140 3816 καὶ
3173 3763 3464 3834 δημοσίοις
3492 3767 3692 3830 τύποις,
3719 3782 3790 3819 και

2245 3845 2353 3992 362v
2397 3846 2868 3918 ὲκκλησιαστικῶν
2935 3854 3284 3926 πραγμάτων
3331 3857 3366 3929 ή
3402 3857 3561 3925 τάξις
3603 3859 3790 3914 ἀκολου-

2281 3953 2306 3990 ε
2333 3954 2430 3992 τω.

2281 3953 2430 3992 ειτω.

2316 4027 2415 4084 λθ’.
2440 4029 2547 4085 Τοῦ
2568 4030 2798 4101 ἀδελφοῦ
2826 4031 2921 4087 καὶ
2943 4034 3220 4090 συλλειτου
3230 4036 3360 4109 ργοῦ
3382 4039 3545 4110 ἡμῶν
3586 4040 3787 4097 ’ῐωάννιιυ

2245 4121 2340 4175 τοῦ
2369 4123 2469 4193 τῆς
2503 4123 2766 4195 Κυπρίων
2791 4126 2979 4194 νήσου,
3015 4145 3067 4182 κ.
3100 4146 3152 4182 τ.
3187 4128 3242 4183 λ.

2331 4209 2395 4264 Ἦ
2417 4217 2470 4276 ς’
2494 4211 2738 4278 διάταξις
2777 4213 2871 4268 τοῦ
2922 4214 2968 4287 β’
2997 4216 3105 4272 τίτ.
3159 4218 3257 4272 τοῦ
3289 4226 3339 4274 α’
3382 4220 3535 4292 βιόλ.
3577 4221 3661 4276 τοῦ
3682 4220 3782 4276 κὼδ.

2247 4302 2434 4374 φησὶν,
2469 4303 2553 4358 ὅτι
2606 4305 2718 4370 Τὰς
2749 4307 3132 4379 ἀναφυομένας
3156 4314 3452 4377 κανονικάς
3481 4315 3785 4386 ἀμφισϐητήο

2248 4413 2362 4462 σεις
2388 4398 2448 4452 ὲν
2484 4398 2592 4470 ὅλῳ
2630 4400 2708 4471 τῷ
2754 4400 3069 4474 Ἰλλυρικῷ,
3121 4407 3184 4462 οὐ
3214 4407 3298 4460 δεῖ
3352 4408 3640 4478 τέμνεσθαι
3668 4407 3787 4478 παρὰ

566 4489 1186 4559 Constantinopolitanze
1221 4488 1366 4558 (qua:
1388 4487 1592 4542 veteris
1641 4489 1828 4543 [tonde
1857 4503 2136 4557 praeroga-

2256 4491 2475 4565 γνώμην
2504 4494 2598 4548 τοῦ
2628 4496 3058 4568 ἁρχιεπισκόπου
3082 4501 3695 4565 Κωνσταντινουπόλεως
3715 4505 3786 4554 καὶ

566 4583 708 4639 tivas
731 4581 915 4654 habet)
937 4581 1166 4652 ejusque
1205 4578 1618 4654 [sacerdotales]
1647 4587 1948 4636 cornentus
1979 4594 2146 4648 opor-

567 4687 680 4732 teat
710 4676 909 4731 decidi.
945 4675 1140 4730 Const.
1202 4690 1333 4730 vero
1416 4675 1503 4739 16,
1544 4675 1627 4730 tit.
1673 4675 1728 4740 2,
1787 4673 1891 4728 Lil.
1951 4691 1966 4729 ι
2009 4675 2142 4730 Cod.

567 4768 796 4839 abrogat
819 4781 1160 4837 quaecunque
1177 4776 1418 4836 tempore
1437 4766 1744 4838 tyrannidis
1767 4766 2032 4822 adversus
2048 4765 2147 4820 Ze—

567 4877 767 4916 nonem
795 4857 1127 4934 [institutae],
1149 4858 1201 4913 in
1225 4859 1384 4930 192
1407 4859 1782 4931 praajudicium
1801 4859 2144 4914 sacerdotum

568 4953 1000 5010 eeclesiasdcive
1030 4961 1226 5020 status,
1247 4965 1436 5008 contra
1471 4952 1809 5007 anteriorqu
1830 4952 2144 5022 principum

569 5045 885 5102 sanctiones
925 5042 1070 5098 facta
1121 5053 1271 5113 sunt,
1304 5054 1358 5100 ct
1391 5062 1513 5116 quae
1551 5057 1711 5100 antea
1777 5046 2146 5100 obtinuissent

568 5147 817 5206 renovat,
850 5153 914 5193 ac
947 5137 1614 5210 Coustautinopolitauum
1669 5148 1797 5194 ante
1833 5139 1970 5194 alios
2005 5139 2145 5193 resi-

568 5231 732 5290 deudi
771 5231 862 5302 jus
902 5231 1104 5286 habere
1139 5231 1286 5286 dicit.
1327 5231 1518 5287 Const.
1578 5231 1668 5295 ὃὸ,
1701 5231 1783 5285 tit.
1841 5232 1896 5294 5,
1967 5231 2060 5284 lib.
2102 5248 2143 5285 ιε

639 5417 881 5472 ".Conc.
909 5413 1166 5484 Carlhag.
1195 5429 1227 5467 v
1281 5428 1404 5468 can.
1433 5413 1499 5478 5;
1557 5408 1731 5467 Airic.
1767 5425 1817 5466 c.
1848 5412 1935 5467 58.

566 5487 739 5546 Afric.
773 5505 821 5542 υ.
861 5487 951 5540 49.

1902 5639 2004 5675 Kak:

630 5644 744 5712 (58)
787 5644 1094 5700 Boriit‘acius
1135 5644 1186 5697 in
1232 5659 1386 5700 conc.
1422 5641 1677 5712 Carthag.
1722 5638 1852 5699 anni
1902 5639 2027 5710 525,
2071 5657 2138 5697 ex

572 5719 768 5773 conuii.
804 5732 872 5786 ιι,
901 5721 1001 5772 sub
1023 5716 1261 5771 Amulio.

2055 5414 2099 5445 ⁷³
2127 5414 2301 5471 Cone.
2345 5375 2635 5490 Carthag.‘
2671 5435 2722 5486 v,
2756 5435 2821 5491 ,c.
2859 5422 2948 5478 9'5.
2983 5423 3156 5482 Afric.
3210 5443 3337 5484 can.
3399 5427 3486 5484 4‘2.

2241 4586 2342 4655 τῆς
2395 4587 2561 4641 αὐτοῦ
2620 4590 2870 4655 συνόδου,
2932 4592 3054 4662 ἥτις
3103 4593 3216 4664 ἔχει
3280 4597 3349 4650 τὰ
3402 4598 3664 4669 προνόμια
3709 4594 3785 4660 τῆς

2244 4679 2480 4750 ἀρχαίας
2512 4681 2834 4754 Ῥώμης.Ἦ
2855 4685 2912 4739 δὲ
2948 4693 3022 4750 ις’
3047 4685 3189 4742 διάτ.
3223 4689 3317 4743 τοῦ
3341 4691 3506 4745 αὑτοῦ
3527 4691 3645 4746 τίτ..
3676 4690 3782 4742 ἀκυ-

2251 4773 2334 4843 ροῖ
2381 4773 2448 4825 τὰ
2514 4775 2781 4845 γενόμενα
2841 4780 2899 4832 ιν
2945 4782 3012 4850 τῇ
3068 4782 3208 4835 κατὰ
3264 4783 3532 4853 Ζήνωνος,
3555 4781 3782 4854 τυραννίδι

2247 4864 2398 4934 παρὰ
2419 4864 2487 4919 τὰ
2518 4867 2707 4938 πρώην
2754 4869 3010 4940 βασιλικὰ
3063 4872 3412 4945 θεσπίσματα
3474 4877 3596 4949 περὶ
3627 4875 3782 4944 ίερὲων

2253 4953 2286 5025 ἢ
2322 4961 2710 5026 καταστάσεως
2734 4963 3220 5037 ὲκκλησιαστικῆς,
3252 4971 3346 5021 καὶ
3374 4971 3446 5024 τὰ
3480 4970 3658 5042 πρώην
3688 4971 3783 5022 ἀνει-

2259 5048 2495 5114 νεοῦται,
2539 5052 2631 5104 καί
2663 5070 2816 5123 φησι,
2877 5056 2969 5109 τὸν
2999 5059 3617 5125 Κωνσταντινουπὸλεως
3670 5061 3782 5131 ἔχειν

2255 5138 2363 5192 τῶν
2395 5140 2568 5196 ἄλλων
2595 5145 2693 5214 τὴν
2716 5147 3028 5219 προεδᾴαν.
3059 5150 3124 5202 'll
3155 5152 3212 5205 δὲ
3242 5153 3316 5206 λε’
3365 5155 3501 5209 eis:
3530 5154 3614 5208 τοῦ
3638 5151 3677 5222 γ’
3700 5151 3780 5204 τίς.

2255 5231 2349 5282 τοῦ
2373 5239 2419 5286 αθ
2453 5234 2597 5305 βιδλ,
2628 5237 2797 5308 λέγει,
2825 5242 2906 5294 ὅτι
2941 5242 3177 5316 Ἐκάστη
3208 5247 3361 5312 πόλις
3394 5249 3778 5302 ῖδιονὲπίσκοπον

3582 5426 3622 5460 ⁷³
3643 5425 3778 5480 Coac.

2325 5646 2436 5718 (59)
2473 5647 2530 5703 ln
2573 5650 2696 5706 vilia
2725 5651 3058 5709 suburbana.
