4012 6418
149 439 262 501 {-37

962 439 1366 501 SYNTAGMA
1405 436 1794 499 CANONUM.
1826 461 1887 472 ·-
1934 436 2081 496 ΤΙΤ.
2126 435 2292 496 VIII.
2328 436 2487 495 CAP.
2523 434 2607 495 ΙῙ.

3313 424 3417 486 658

148 554 350 620 ἐχέτω.
380 548 494 603 Καὶ
543 549 649 604 κᾶν
690 548 778 603 διὰ
807 548 960 613 θείας
987 553 1330 625 ἀντιγραφῆς
1358 551 1622 622 τολμήσοι
1651 566 1733 611 τις
1766 579 1776 607 λ

1872 545 2220 616 ἶηοιιιιαιιιιιο,
2278 546 2476 616 inquit,
2511 545 2707 601 civitas
2768 541 3046 613 proprium
3101 539 3416 609 episcopum

145 640 459 710 ἀφελέσθαι
494 641 652 695 πόλιν
680 642 781 717 ’τοῦΔ
811 644 943 696 ίδίου
970 644 1291 705 ἐπισκόπου,
1323 644 1356 715 ἢ
1394 643 1496 712 τῆς
1523 659 1735 713 περιοι-

146 734 319 785 κίὸων
354 733 545 801 αὐτῆς,
593 733 626 802 ἦ
656 749 801 796 τινος
831 732 993 787 ἄλλου
1025 736 1258 795 δικαίιυ,
1294 733 1598 802 γυμνοῦται
1627 732 1737 786 τῶν

142 825 324 876 ὅσων
354 825 449 876 καὶ
497 825 809 895 άτιμοῦται.
856 825 1148 897 Ἐξῄρηται
1188 827 1244 879 δὲ
1273 829 1304 897 ἡ
1339 827 1381 878 Τ
1385 825 1564 895 ομέων
1594 826 1736 878 Σκυ-

153 914 285 976 (lia;
314 916 471 979 πόλις
494 932 508 946 ’
538 916 567 967 ὁ
594 915 701 986 γὰρ
730 917 1030 980 ἐπίσκοπος
1053 917 1245 984 αὐτῆς,
1271 917 1365 969 καὶ
1395 914 1503 968 τῶν
1532 915 1737 968 λοιπῶν

148 1010 413 1075 προνοεῖ·
471 1008 566 1060 καὶ
624 1008 659 1079 ή
736 1011 1093 1071 Λεοντόπολις
1158 1010 1432 1080 Ἰσαυρίας
1488 1009 1596 1062 ὑπὸ
1648 1007 1739 1060 τὸν

152 1099 467 1154 ἐπίσκοπόν
497 1103 645 1154 ἐστιν
685 1101 1130 1175 Ἰσαυροπόλεως.
1158 1103 1279 1154 Ὅτι
1301 1101 1359 1155 δὲ
1380 1102 1475 1155 καὶ
1503 1102 1537 1171 ἡ
1585 1102 1742 1154 Κων-

150 1193 661 1256 σταντινουπόλεως
726 1192 839 1263 ἔχει
891 1194 961 1248 τὰ
1027 1193 1297 1264 προνόμια
1345 1195 1444 1262 τῆς
1508 1192 1742 1263 ἀρχαίας

164 1280 415 1351 Ῥώμης,
438 1284 653 1353 εἴρηται
681 1285 773 1335 καὶ
795 1282 937 1353 βιόλ.
965 1290 1034 1337 ια’
1052 1283 1145 1337 τοῦ
1167 1283 1321 1350 κώδ.,
1344 1284 1450 1338 τίτ.
1476 1290 1580 1347 κα’,
1600 1285 1740 1337 διατ.

150 1379 208 1424 α’
242 1373 337 1426 καὶ
376 1374 533 1444 μόνη.
570 1373 637 1426 Ἦ
671 1374 728 1426 δὲ
754 1381 803 1427 α’
850 1374 991 1429 διάτ.
1024 1374 1119 1428 τοῦ
1175 1375 1240 1440 ιζ’
1263 1375 1366 1430 τίτ.
1400 1374 1495 1428 τοῦ
1527 1381 1573 1428 α’
1597 1373 1741 1444 βιὸλ.

147 1462 253 1516 τοῦ
286 1461 449 1530 κὼδ.,
488 1462 708 1535 Ῥώμην
733 1462 906 1534 αὐτὴν
944 1462 1308 1535 ὀνομάζεσθαι
1358 1463 1532 1533 λέγει.

227 1640 488 1695 ΚΕΦΑΛ.
522 1641 601 1696 B'.
629 1671 697 1682 —
723 1639 863 1711 Περί
899 1639 1008 1695 τοῦ
1047 1640 1135 1711 μὴ
1163 1640 1244 1709 ὡς
1272 1642 1491 1710 ἔτυχεν
1519 1641 1748 1711 ἀποδη-

142 1730 296 1797 μεῖν
347 1732 690 1786 ἐπίσκοπον
742 1734 781 1801 ἣ
825 1732 1120 1801 κληρικὸν
1167 1734 1239 1788 ἐν
1279 1733 1453 1804 ἑτέρᾳ
1513 1733 1748 1804 διάγειν

150 1825 474 1893 παροικίᾳ.

532 1916 917 1973 Ἀποστόλων
944 1918 1146 1974 κανὼν
1190 1918 1272 1982 ιδ’,
1303 1917 1385 1976 ιε’.

239 2003 324 2059 ιδ’.
372 2006 701 2061 Ἐπίσκοπον
754 2010 830 2081 μὴ
899 2011 1101 2077 ἐξεῖναι
1187 2009 1591 2081 καταλείψαντα
1643 2009 1744 2080 τὴν

152 2098 363 2151 ἑαυτοῦ
395 2100 713 2169 παροικίαν,
746 2102 911 2173 ἑτέρᾳ
942 2103 1236 2173 ἐπιπηδᾷν,
1284 2102 1387 2156 κᾶν
1420 2103 1524 2157 ὑπὸ
1563 2102 1746 2156 πλειό-

152 2208 271 2242 νων
323 2192 739 2264 ἀναγκάζηταιο
796 2196 845 2247 εἰ
904 2196 978 2265 μή
1037 2212 1121 2258 τις
1171 2195 1391 2263 εὔλογος
1433 2195 1584 2249 αἰτίαν
1616 2190 1674 2269 ᾖ,
1710 2198 1744 2263 ἦ

151 2281 325 2336 τοῦτο
380 2282 679 2356 βιαζομένη
717 2286 881 2339 αὐτὸν
916 2290 1113 2349 ποιεῖν,
1140 2287 1215 2350 ὡς
1266 2286 1428 2339 πλέον
1463 2303 1517 2339 τι
1558 2287 1749 2357 κέρδος

150 2374 466 2443 δυναμένου
492 2378 659 2431 αὑτοῦ
688 2381 801 2443 τοῖς
827 2382 1007 2433 ἐκεῖσε
1032 2380 1175 2450 λόγῳ
1203 2378 1487 2443 εὐσεϐείας
1518 2381 1736 2449 συμϐα-

153 2464 353 2518 λέσθαι
374 2482 389 2497 ·
422 2468 516 2520 καὶ
545 2471 703 2522 τοῦτο
728 2471 784 2524 δέ
833 2472 934 2524 οὐκ
964 2472 1057 2540 ἀφ’
1115 2470 1336 2535 ἑαυτοῦ,
1392 2470 1531 2525 ἀλλὰ
1560 2472 1740 2543 κρίσει

155 2558 385 2611 πολλῶν
424 2561 741 2615 ἐπισκόπων
771 2564 865 2616 καὶ
906 2564 1247 2636 παρακλήσει
1276 2563 1532 2636 μεγίστῃ.

236 2658 325 2705 ιε’.
369 2651 439 2704 Εἴ
478 2670 563 2717 τις
617 2656 1008 2727 πρεσϐύτερος,
1060 2658 1092 2728 ἢ
1125 2656 1450 2727 διάκονος,ἣ
1489 2657 1624 2720 ὅλως
1657 2656 1751 2710 τοῦ

156 2742 480 2812 καταλόγου
539 2745 651 2800 τῶν
698 2747 998 2818 κληρικῶν,
1036 2748 1338 2819 ἁπολείψας
1394 2750 1495 2823 τὴν
1555 2751 1750 2805 ἑαυτοῦ

162 2837 494 2902 παροικὶαν,
530 2838 609 2901 εἰς
645 2838 836 2909 ἑτέραν
866 2840 1111 2904 ἀπέλθοι,
1145 2843 1237 2895 καὶ
1266 2843 1546 2907 παντελῶς
1588 2860 1753 2913 μεταο

161 2924 304 2987 στὰς
337 2925 603 2996 διατρίϐοι
640 2930 697 2981 ἐν
725 2930 859 3003 ἄλλῃ
913 2932 1172 3003 παροικίᾳ
1209 2932 1360 3003 παρὰ
1399 2933 1626 3005 γνώμην
1657 2934 1753 2987 τοῦ

164 3016 306 3068 ἰδίου
336 3018 662 3084 ἐπισκόπου,
694 3020 886 3075 τοῦτον
937 3022 1236 3094 κελεύομεν
1270 3024 1467 3095 μηκέτι
1504 3025 1751 3094 λειτουρ-

162 3109 291 3175 γεῖν
319 3125 334 3139 ·
371 3110 419 3160 εἰ
456 3110 691 3179 μάλιστα
746 3113 1231 3183 προσκαλουμένου
1286 3114 1448 3168 αὑτὸν
1476 3116 1571 3169 τοῦ
1629 3116 1751 3168 ἐπιο

1770 1896 1819 1957 Β

1841 638 2058 693 babeto.
2108 638 2173 691 Et
2198 639 2243 693 si
2266 639 2391 708 quis
2411 638 2496 692 vel
2528 653 2626 707 per
2657 636 2900 689 divinum
2935 632 3258 701 rescriptum
3286 631 3422 686 civi-

1839 738 2002 783 tatem
2064 728 2349 800 [aliquam]
2385 738 2480 782 aut
2507 743 2609 783 suo
2648 726 2926 796 episcopo,
2982 732 3079 777 aut
3121 722 3418 783 territorio,

1844 830 1938 874 aut
1972 821 2080 873 alio
2097 821 2355 888 quopiam
2381 819 2505 888 jure
2534 820 2747 889 privare
2770 817 2970 872 audeat
3009 833 3023 869 :
3052 814 3274 869 exuitur
3324 813 3422 867 bo-

1842 912 1947 978 nis,
1990 921 2043 965 et
2077 911 2300 965 infamis
2338 912 2605 973 redditur.
2641 910 2925 977 Excipitur
2957 918 3140 962 autem
3172 904 3418 958 Tomen-

1844 1000 1983 1053 sinm
2017 997 2252 1068 Scythiae
2282 1000 2495 1053 civitas.
2545 999 2693 1052 Illius
2740 998 2883 1051 enim
2944 996 3236 1065 episc0pus
3297 990 3425 1045 reli-

1843 1104 2075 1158 quarum
2098 1090 2263 1143 etiam
2294 1087 2621 1160 [civitatum]
2640 1102 2826 1141 curam
2855 1086 3014 1155 gerit.
3040 1081 3229 1156 [Tum]
3258 1082 3423 1135 etiam

1849 1179 2193 1250 Leontopolis
2223 1181 2398 1235 Isauri
2433 1181 2623 1235 subest
2669 1179 2927 1248 episcopo
2965 1176 3424 1245 Isauropolitano.

1846 1270 2000 1337 Quod
2017 1287 2179 1341 porro
2204 1270 2709 1340 Constantinopolis
2732 1270 3014 1339 privilegia
3028 1269 3225 1324 veteris
3243 1267 3428 1322 Roma:

1844 1364 2063 1429 habeat,
2096 1363 2298 1419 dicitur
2354 1364 2429 1417 lib
2474 1378 2512 1416 ιι
2562 1363 2686 1415 cod.
2718 1361 2802 1414 tit.
2853 1359 2946 1424 21,
3001 1368 3179 1415 const.
3235 1358 3426 1413 unica.

1846 1453 2037 1511 Const.
2072 1457 2257 1510 verol
2319 1456 2401 1509 tit.
2443 1455 2532 1518 17,
2585 1454 2681 1509 lib.
2733 1468 2772 1519 ι,
2812 1453 2937 1509 cod.
2986 1452 3158 1523 ipsam
3216 1447 3428 1523 [etiam]

1850 1542 2082 1600 Romam
2110 1545 2382 1599 nominari
2411 1544 2565 1598 dicit.

1926 1637 2080 1692 CAP.
2107 1636 2337 1691 IL—Nc
2365 1648 2552 1691 temere
2574 1636 2845 1705 episcopus
2877 1633 3253 1704 peregrinetur,
3272 1647 3432 1703 neque

1849 1728 2071 1785 clericus
2115 1730 2171 1783 in
2234 1728 2410 1783 aliena
2441 1729 2596 1799 degat
2629 1728 2887 1797 pa'oecia.

2200 1909 2573 1979 Apostolorum
2607 1927 2831 1966 canones
2867 1908 2956 1975 14,
2992 1907 3081 1963 15.

1919 2002 2007 2059 14.
2035 2003 2303 2073 Episcopo
2336 2004 2445 2075 (60)
2490 2021 2597 2061 non
2630 2007 2777 2072 licet,
2808 2020 2908 2060 sua
2949 2003 3136 2058 relicta
3157 1999 3435 2072 parocltia,

1849 2094 1916 2149 ad
1963 2095 2126 2150 aliam
2181 2095 2474 2162 transilire,
2523 2096 2742 2153 etiamsi
2795 2111 2824 2149 a
2855 2095 3106 2167 pluribus
3149 2104 3422 2165 cogatur:

1854 2187 1962 2243 nisi
1995 2187 2065 2241 sit
2110 2187 2292 2257 aliqua
2313 2203 2473 2242 causa
2511 2188 2708 2242 rationi
2734 2197 3123 2249 consentanea,
3156 2202 3279 2256 quae
3306 2200 3433 2241 eum

1849 2289 2009 2349 cogat
2064 2280 2171 2335 hoc
2216 2278 2419 2342 facere,
2468 2287 2656 2347 utpote
2713 2278 2780 2332 ad
2844 2279 3023 2348 majus
3053 2279 3436 2343 lucrum,cum

1851 2374 2024 2443 possit
2051 2373 2165 2443 ipse
2205 2373 2294 2437 iis,
2336 2372 2427 2441 qui
2491 2372 2603 2427 illic
2649 2372 2929 2436 habitant,
2986 2371 3207 2439 pietatis
3267 2371 3439 2425 verbo

1855 2468 2163 2523 conferre:
2214 2466 2377 2534 idque
2402 2481 2510 2520 non
2554 2481 2620 2519 ex
2669 2480 2749 2529 se,
2813 2464 2907 2519 sed
2964 2463 3268 2517 multorum
3323 2463 3440 2533 epi-
3528 2516 3531 2519 ,

1852 2574 2139 2627 scaporum
2182 2557 2390 2627 judicio
2435 2565 2488 2611 ct
2552 2557 2792 2611 maxima
2822 2558 3225 2611 exhortatione.

1926 2652 2011 2706 l5.
2060 2649 2117 2705 Si
2186 2652 2309 2721 quis
2360 2651 2408 2681 ""
2482 2650 2785 2720 presbyter,
2838 2650 2924 2704 vel
3007 2652 3314 2709 diaconus,
3360 2646 3445 2701 vel

1856 2746 2084 2801 omnino
2130 2759 2197 2798 ex
2246 2743 2571 2798 clericorum
2621 2743 2889 2813 catalogo,
2944 2742 3129 2796 relicta
3160 2754 3256 2794 sua
3282 2753 3446 2809 paro-

1856 2837 2004 2901 chia,
2038 2838 2090 2889 in
2144 2836 2304 2889 aliam
2351 2834 2705 2901 abscesserit,
2736 2842 2942 2888 etcum
2994 2832 3209 2901 penitus
3262 2839 3445 2885 trans-

1855 2928 2011 2992 ierit,
2070 2935 2265 2997 praeter
2343 2926 2429 2981 sui
2514 2924 2757 2995 episcopi
2813 2924 3139 2979 sententiam
3229 2922 3284 2976 in
3342 2921 3447 2975 alia

1857 3020 2113 3092 parocbia
2155 3029 2392 3086 maneat,
2471 3033 2597 3073 eum
2642 3033 2752 3072 non
2805 3016 3061 3084 amplius,
3097 3014 3254 3085 193
3304 3014 3449 3069 cele-

1858 3119 2018 3169 brare
2077 3115 2356 3184 jubemus,
2404 3113 2643 3167 maxime
2674 3112 2744 3177 si,
2778 3126 2904 3166 eum
2960 3110 3286 3164 adhortante
3327 3108 3448 3177 epi-

163 3202 381 3255 σκὸπου
432 3204 597 3256 αὐτοῦ
633 3204 972 3268 ἐπανελθεῖν,
1011 3210 1110 3277 οὐχ
1163 3207 1514 3277 ὑπήκουσεν,
1557 3209 1756 3279 ἐπιμέ-

1872 3222 2029 3276 scopo
2074 3216 2132 3261 ut
2180 3208 2399 3271 rediret,
2429 3221 2537 3261 non
2585 3205 2852 3276 paruerit,
2903 3203 2957 3257 in
3014 3199 3359 3256 contumacia
3398 3209 3452 3254 ct

162 3310 279 3343 νων
332 3295 399 3363 τῇ
450 3294 667 3366 ἀταξίᾳ,
727 3295 803 3357 ὡς
852 3293 1037 3359 λαῖκὸς
1085 3296 1269 3365 μέντοι
1333 3299 1512 3351 ἐκεῖσε
1567 3314 1758 3351 κοινω-

162 3401 219 3435 νε
230 3402 356 3437 ιτω.

474 3478 745 3533 Συνόδου
786 3480 1078 3549 Ἀγκύρας
1114 3480 1315 3535 κανὼν
1344 3494 1443 3554 ιη’.

331 3569 403 3621 Εἴ
420 3586 565 3636 τινες
588 3572 876 3629 ἐπίσκοποι
909 3572 1365 3641 κατασταθέντες,
1401 3590 1458 3630 κ.
1484 3591 1540 3631 τ.
1568 3576 1618 3630 λ.

353 3751 626 3805 Συνόδου
653 3752 1007 3821 Ἀντιοχείας
1036 3751 1237 3807 κανὼν
1261 3758 1332 3822 γ’,
1360 3751 1451 3822 ιγ’,
1478 3752 1584 3824 κβ⁹.

242 3844 314 3911 γ’.
356 3845 425 3897 Εἴ
459 3863 541 3909 τις
590 3844 988 3914 πρεσϐύτερος,
1036 3846 1068 3916 ἢ
1103 3846 1371 3913 διάκονος,
1409 3846 1442 3917 ἢ
1492 3846 1629 3910 ὅλως
1657 3845 1766 3900 τῶν

168 3941 268 3994 τοῦ
304 3939 602 4007 ἱερατείου,
640 3937 956 3993 καταλιπὼν
996 3938 1095 4008 τὴν
1123 3938 1315 3991 ἑαυτοῦ
1346 3940 1639 4010 παροικίαν
1686 3942 1768 4006 είς

171 4035 375 4104 ἑτέραν
403 4032 656 4092 ἁπέλθοι,
682 4031 873 4085 ἔπειτα
898 4031 1178 4094 παντελῶς
1207 4036 1502 4100 μεταστὰς,
1540 4035 1621 4097 είς
1650 4034 1770 4088 ἐτέ-

175 4144 279 4196 ραν
305 4125 610 4195 παροικίαν
636 4123 933 4194 διατρίϐειν
966 4125 1223 4195 πειρᾶται
1256 4125 1349 4176 ἐπὶ
1380 4125 1561 4196 πολλῷ
1590 4127 1769 4199 χρόνῳ

176 4218 381 4287 μηκέτι
424 4216 782 4287 λειτουργεῖν,
843 4217 891 4269 εί
928 4216 1161 4288 μάλιστα
1220 4216 1474 4271 καλοῦντι
1527 4218 1606 4290 τῷ
1656 4222 1773 4275 ἐπι-

176 4311 375 4377 σκόπῳ
424 4309 502 4378 τῷ
538 4310 674 4379 ἰδία),
709 4310 804 4362 καὶ
839 4310 1157 4363 ἐπανελθεῖν
1190 4313 1270 4375 εἰς
1324 4312 1424 4383 τὴν
1474 4315 1770 4384 παροικίαν

175 4400 277 4470 τὴν
314 4397 511 4453 ἑαυτοῦ
574 4398 955 4469 παραινοῦντι,
1022 4401 1097 4470 μὴ
1153 4401 1454 4455 ὑπακούοι·
1500 4404 1629 4457 εἰδὲ
1678 4405 1776 4459 καὶ

178 4492 438 4563 ἐπιμένοι
472 4494 537 4562 τῇ
591 4492 808 4563 ἀταξίᾳ,
843 4493 1122 4557 παντελῶς
1177 4494 1340 4547 αὑτὸν
1390 4496 1776 4567 καθαιρεῖσθαι

1864 3300 2154 3355 insolentia
2184 3314 2585 3369 perseverans:
2640 3297 2687 3353 is
2736 3306 2916 3351 tamen
2963 3303 3025 3348 ut
3073 3292 3247 3350 laicus
3302 3306 3452 3347 cam-

1861 3395 2122 3451 municet.

2237 3480 2462 3539 Concilit'
2487 3480 2755 3549 Ancgrani
2798 3494 2965 3531 canon
2997 3479 3082 3533 18.

1937 3577 1993 3633 Si
2047 3576 2138 3647 qui
2194 3574 2479 3630 constituti
2525 3584 2655 3628 sunt
2695 3575 2960 3642 episcopi,
2988 3582 3117 3635 ctc.,
3151 3581 3211 3625 ut
3255 3584 3442 3639 supra,

1863 3689 1986 3743 pag.
2017 3669 2142 3725 506.

2042 3763 2266 3819 Concilii
2294 3759 2658 3816 Antiochensis
2713 3774 2937 3813 canones
2963 3757 3017 3821 5,
3058 3758 3147 3821 15,
3179 3754 3273 3811 22.

1944 3859 1998 3915 3.
2040 3858 2096 3914 Si
2128 3858 2251 3929 quis
2283 3855 2585 3926 presbyter,
2609 3853 2695 3908 vel
2728 3840 3018 3917 diacon’us,
3048 3852 3128 3905 vel
3177 3850 3299 3919 quis
3332 3862 3455 3902 0m-

1870 3953 2003 4007 nino
2026 3968 2089 4005 ex
2133 3949 2458 4006 sacerdotali
2494 3946 2687 4000 ordine
2718 3944 2909 3999 relicta
2949 3958 3047 3999 sua
3108 3938 3369 4012 parochia
3399 3939 3455 3992 in

1872 4047 2029 4101 aliam
2058 4044 2278 4109 abierit,
2326 4042 2520 4097 deinde
2549 4041 2775 4094 omnino
2815 4039 3204 4106 commigrans,
3251 4035 3305 4088 in
3351 4032 3457 4087 alia

1872 4135 2133 4207 parocbia
2170 4135 2334 4202 longo
2387 4140 2497 4185 tem
2516 4145 2648 4199 pore
2687 4129 2897 4183 versari
2937 4137 3184 4190 conetur,
3230 4139 3299 4179 ne
3338 4138 3461 4177 am-

1874 4228 2015 4298 plius
2038 4226 2298 4288 celebret,
2333 4222 2570 4277 maxime
2606 4220 2652 4274 si
2685 4220 2908 4288 pr0prio
2925 4216 3145 4272 voeanti
3196 4214 3460 4283 episcopo

1877 4333 1940 4377 ut
1984 4322 2037 4375 in
2095 4334 2251 4374 suam
2284 4315 2599 4387 parochiam
2646 4312 2851 4372 redeat,
2887 4306 3310 4376 exhortantique
3349 4320 3459 4359 non

1875 4424 2086 4486 pareat.
2131 4412 2188 4466 Si
2235 4420 2416 4465 autem
2470 4406 2523 4460 in
2572 4403 2862 4458 insolentia
2931 4399 3201 4471 (ἀταξίᾳ),
3268 4412 3460 4467 persc-

1880 4514 2055 4569 verat,
2110 4506 2156 4559 is
2209 4501 2436 4556 omnino
2482 4514 2513 4552 a
2565 4511 2722 4550 sacro
2768 4494 3075 4548 ministerio
3135 4492 3458 4561 deponatur.

178 4585 284 4653 τῆς
322 4583 707 4655 λειτουργίας,
745 4586 819 4648 ὡς
855 4585 1054 4657 μηκέτι
1084 4583 1271 4657 χώραν
1304 4585 1449 4657 ἔχειν
1492 4589 1773 4644 ἀποκατα-

1884 4599 1940 4654 Si
1970 4610 2152 4653 autem
2184 4610 2333 4656 cum,
2360 4591 2452 4660 qui
2485 4597 2705 4659 propter
2740 4587 2882 4639 hanc
2919 4599 3144 4639 causam
3177 4583 3463 4652 depositus

180 4677 435 4738 στάσεως
456 4692 471 4707 ο
502 4678 549 4728 εί
573 4676 630 4727 δὲ
660 4675 1064 4746 καΟαιρεθὲντα
1098 4677 1187 4729 διὰ
1219 4676 1425 4748 ταύτην
1464 4679 1566 4750 τὴν
1592 4683 1771 4735 αἰτίαν

182 4767 395 4836 δέχοιτο
428 4766 613 4837 ἕτερος
666 4767 984 4831 ἐπίσκοπος,
1029 4768 1286 4821 κάκεῖνον
1312 4769 1597 4839 ἐπιτιμίας
1634 4788 1771 4841 τυγ-

182 4858 376 4927 χὰνειν
426 4857 533 4910 ὑπὸ
581 4858 766 4927 κοινῆς
820 4858 1062 4923 συνόδου,
1115 4860 1191 4922 ὡς
1242 4856 1592 4928 παραλύοντα
1648 4863 1773 4924 τοὺς

185 4952 426 5019 (λεσμοὺς
460 4951 583 5013 τοὺς
614 4950 1104 5019 ἐκκλησιαστικούς

262 5041 354 5109 ιγ’.
382 5041 604 5109 Μηδένα
634 5041 928 5095 ἐπίσκοπον
956 5042 1182 5113 τολμᾷν,
1215 5060 1269 5096 κ.
1300 5059 1351 5096 τ.
1380 5042 1427 5097 λ.

264 5142 370 5205 κξὲ.
424 5136 754 5190 Ἐπίσκοπον
817 5137 892 5206 μὴ
940 5137 1243 5190 ἐπιϐαίνειν
1300 5136 1559 5209 ἀλλοτρία
1584 5138 1771 5204 πόλει,

190 5244 247 5279 κ.
285 5246 336 5279 τ.
370 5229 420 5283 λ.

416 5320 688 5374 Συνόδου
719 5320 1069 5386 Λαοδικείας
1110 5319 1310 5373 κανὼν
1338 5326 1450 5389 μα’,
1485 5322 1593 5391 μβ’.

271 5407 387 5481 μα’.
419 5412 545 5463 Ὅτι
565 5412 627 5463 οὐ
650 5411 731 5463 δεῖ
760 5412 1030 5483 ἱερατικὸν
1059 5412 1093 5484 ἢ
1140 5412 1419 5483 κληρικὸν,
1450 5412 1579 5466 ἄνευ
1622 5430 1782 5468 κανο-

196 5505 370 5558 νικῶν
408 5504 758 5575 γραμμάτων
790 5505 1019 5559 ὁδεύειν.
1436 5490 1451 5497 β

1879 4700 1984 4758 est,
2026 4691 2166 4743 alius
2199 4686 2491 4756 episcopus
2517 4680 2805 4750 receperit,
2854 4679 2945 4732 ille
2990 4692 3209 4747 quoque
3234 4689 3266 4729 a
3309 4690 3462 4729 com-

1881 4781 2032 4835 muni
2083 4778 2291 4848 synodo
2335 4775 2615 4845 puniatur,
2655 4780 2714 4826 ut
2742 4772 2835 4842 qui
2888 4772 3028 4825 ritus
3060 4766 3464 4824 ecclesiasticus

1878 4874 2163 4931 dissolvat.

1958 5048 2042 5101 15.
2077 5044 2268 5099 Nullus
2290 5043 2575 5111 episc0pus
2600 5042 2816 5106 audeat,
2852 5049 2956 5096 etc.
2992 5047 3049 5090 ut
3073 5054 3193 5107 pag.
3225 5034 3353 5090 475.

1939 5139 2031 5193 22.
2087 5137 2392 5207 Episc0pus
2464 5136 2519 5190 in
2581 5136 2813 5189 alienam
2878 5132 3178 5192 civitatem,
3244 5139 3350 5183 etc.
3402 5135 3461 5180 ut

1871 5246 1993 5302 pag.
2023 5228 2151 5283 478.

2038 5320 2197 5393 194
2242 5320 2469 5376 Concilii
2499 5319 2782 5373 Laodiceni
2810 5332 3035 5371 canones
3079 5314 3171 5376 H,
3199 5312 3287 5367 42,

1949 5416 2039 5470 il.
2081 5415 2237 5480 Quod
2283 5430 2389 5468 non
2431 5421 2645 5483 oportet
2674 5427 2798 5466 eum
2833 5411 2927 5480 qui
2978 5419 3060 5462 est
3093 5415 3342 5461 sacratus
3374 5403 3460 5456 vel

1882 5506 2118 5561 clericus
2148 5505 2268 5560 sine
2292 5504 2575 5559 canonicis
2602 5501 2798 5556 litteris
2829 5502 2931 5555 iter
2957 5497 3190 5566 ingredi.

272 5659 322 5692 ἐδ
347 5659 470 5715 Nic.
507 5675 632 5717 can.
660 5661 748 5727 16,
779 5659 1034 5715 Antioch.
1081 5674 1205 5718 can.
1256 5660 1386 5715 5.—
1412 5658 1549 5718 Vide
1599 5657 1694 5713 lib.
1728 5657 1784 5723 5,
1823 5660 1900 5716 De
1932 5660 2041 5714 vita
2088 5656 2447 5719 Constantini,
2497 5670 2618 5725 cap.
2674 5651 2764 5719 Gl,
2810 5651 2942 5709 edit.
2977 5648 3301 5706 Valesianze.

279 5817 396 5893 (60)
431 5818 683 5893 Cjtantur
714 5819 1081 5893 ponstantini
1145 5819 1309 5889 epist.
1372 5819 1430 5886 2,
1468 5819 1549 5893 ad
1604 5819 1830 5877 Euseb.
1874 5832 1928 5881 et
2001 5823 2258 5883 Antioch.
2319 5821 2607 5893 episcopos
2690 5817 2955 5887 scriptae.
3004 5813 3235 5869 Exstant
3312 5807 3460 5879 apud

204 5887 412 5944 Euseb.
442 5889 519 5945 De
556 5890 663 5944 vita
699 5890 973 5945 Constant.
1032 5892 1124 5947 lib.
1179 5887 1273 5955 in,
1316 5905 1437 5960 cap.
1465 5888 1553 5945 57.
