3874 6296
644 365 746 427 659

1791 379 2055 439 ΡΗΟΤΙΙ
2095 381 2597 445 ΡΛΤΒῙΑΒΟΗᾹΞ
2639 389 2748 448 CP.
3729 395 3808 460 θθθ

711 474 802 530 ﬂ.
841 477 997 544 Quod
1031 494 1140 534 non
1183 493 1397 552 oportet
1429 499 1524 540 eos
1569 487 1658 555 qui
1705 497 1850 566 sunt
1885 493 2082 544 sacrati
2134 506 2197 545 ve

2393 494 2502 564 μβ’.
2535 495 2657 548 Ὅτι
2686 498 2758 551 οὐ.
2777 497 2856 551 δεῖ
2882 498 3151 570 ἱερατικὸν
3178 500 3211 571 ἢ
3239 499 3513 572 κληρικδν,
3543 498 3654 556 ἄνευ
3675 510 3810 566 κελεύ.

638 569 847 640 clerici,
871 573 990 630 sine
1016 574 1176 645 jussu
1206 579 1444 647 episcopi
1484 579 1588 634 iter
1620 579 1853 652 ingredi.

849 665 1071 721 Concilii
1111 667 1680 739 Constantinopolitaui
1723 689 1890 727 canon
1918 676 1973 729 2.

709 757 764 811 2.
799 756 1052 829 Episcopi
1081 761 1145 815 ad
1179 760 1445 816 Eeclesias
1505 778 1626 832 qua:
1685 777 1813 820 sunt
1866 767 2007 822 ultra
2059 781 2215 824 suam

636 848 938 917 dicacesim,
969 860 1098 914 etc.,
1124 860 1178 904 nt
1199 868 1358 920 supra
1385 871 1508 923 pag.
1544 855 1670 909 4'10.

826 939 1050 994 Concilii
1075 941 1507 998 Chalcedonensis
1544 962 1766 1001 canones
1801 947 1885 1016 15,
1916 948 2005 1004 25.

709 1030 792 1084 l3.
824 1029 1091 1087 Exteruos
1152 1033 1381 1089 clericos
1414 1034 1459 1068 ’⁵
1499 1045 1553 1090 et
1598 1038 1812 1106 ignotos
1843 1041 1897 1092 in
1943 1041 2047 1094 alia
2082 1041 2214 1115 civi-

634 1128 744 1174 tate
798 1122 917 1174 sine
975 1124 1178 1192 proprii
1210 1126 1448 1195 episcopi
1498 1129 1956 1186 commendatitiis
2018 1131 2214 1189 litteris

632 1226 902 1280 nusquam
934 1216 1044 1268 ullo
1074 1218 1237 1270 modo
1266 1219 1600 1273 ministrare.

699 1304 791 1358 25.
854 1306 1107 1360 Pervenit
1190 1311 1256 1363 ad
1303 1325 1464 1365 aures
1523 1321 1759 1376 nostras,
1803 1312 1946 1381 quod
1993 1313 2047 1367 in
2087 1329 2213 1382 pro-

629 1394 846 1465 vinciis,
878 1399 1181 1455 canonibus
1214 1403 1521 1457 constitutae
1545 1408 1858 1472 episcopum
1884 1405 2075 1475 synodi
2102 1421 2209 1459 non

631 1484 783 1551 ﬁant,
847 1497 902 1542 et
922 1504 989 1542 ex
1019 1504 1083 1544 eo
1115 1491 1280 1545 multa
1313 1493 1683 1548 ecclesiastica
1718 1495 2061 1564 negligantur
2090 1512 2211 1566 quae

628 1579 968 1636 correctione
1017 1581 1280 1653 indigent.
1345 1582 1552 1638 Statuit
1597 1600 1726 1654 ergo
1757 1597 1942 1641 sancta
1964 1590 2208 1658 synodus

629 1672 927 1727 secundum
958 1684 1272 1730 sanctorum
1326 1675 1548 1731 Patrum
1597 1693 1859 1744 canones,
1909 1689 1968 1733 ut
2014 1681 2098 1736 bis
2151 1682 2205 1736 in

627 1779 773 1818 anno
802 1766 1053 1820 eumdem
1087 1767 1143 1820 in
1169 1767 1354 1823 locum
1395 1771 1730 1824 conveniant
1761 1773 2201 1840 uniuscujusque

628 1858 922 1926 provincia:
975 1859 1237 1929 episcopi,
1291 1870 1350 1915 ut
1382 1863 1830 1932 metropolitanus
1858 1865 2051 1918 melius
2077 1880 2197 1920 esse

626 1952 984 2020 perspexerit,
1017 1959 1072 2006 et
1112 1952 1322 2022 singula
1374 1956 1704 2024 emergentia
1737 1957 2012 2026 corrigam.
2043 1974 2056 2010 :
2088 1960 2198 2028 epi-

625 2043 774 2110 sc0pi
829 2053 1030 2111 autem,
1077 2046 1170 2115 qui
1241 2062 1348 2101 non
1411 2050 1763 2115 conveniunt,
1821 2051 1866 2104 si
1901 2052 1954 2104 in
2009 2052 2198 2106 eadem

604 2134 910 2202 metropoli
964 2143 1268 2200 versentur,
1330 2145 1498 2204 atque
1548 2137 1684 2193 adeo
1715 2139 1831 2193 sani
1869 2140 1979 2194 sint
2031 2150 2086 2196 et
2130 2142 2199 2196 ab

624 2224 1149 2281 omniinexcusabili
1191 2236 1243 2280 et
1273 2229 1584 2283 necessario
1609 2232 1827 2300 negotio
1860 2232 2036 2300 liberi,
2091 2233 2202 2289 fra—

625 2322 783 2369 terne
811 2315 1299 2385 reprehendantur.

2320 602 2458 650 σεως
2497 587 2799 642 ἐπισκόπου
2829 590 3055 647 ὁδεύειν.

2457 679 2725 734 Συνόδου
2747 686 3432 752 Κωνστιιντινουπόλεως
3449 687 3632 741 κανὼν
3654 689 3708 759 β’.

2388 767 2454 837 β’.
2492 770 2630 834 Τοὺς
2676 772 2814 846 ὑπὲρ
2847 774 3110 846 διοίκησιν
3135 778 3480 842 ἐπισκόπους,
3514 796 3564 834 κ.
3590 797 3638 834 τ.
3665 782 3706 839 λ.

2507 967 2775 1021 Συνόδου
2807 971 3192 1040 Χαλκηδόνος
3223 974 3423 1027 κανὼν
3453 981 3536 1043 ιγ’,
3562 983 3655 1044 κγ’.

2385 1063 2473 1124 ιγ’.
2511 1057 2704 1120 Ξένους
2731 1059 3023 1130 κληρικοὶις
3059 1065 3150 1116 καὶ
3179 1063 3540 1132 ἀναγνώστας,
3600 1067 3650 1119 ἐν
3674 1068 3800 1143 ἑτέρᾳ

2313 1144 2466 1197 πόλει
2498 1145 2620 1216 δίχα
2650 1150 2986 1202 συστατικῶν
3039 1153 3385 1220 γραμμάτων
3434 1156 3524 1206 τοῦ
3563 1153 3679 1211 ίόίου
3718 1160 3810 1214 ἑπι-

2315 1237 2541 1303 σκόπου,
2576 1239 2710 1309 μηδὲ
2748 1241 2882 1304 ὅλως
2923 1243 3172 1313 μηδαμοῦ
3203 1246 3552 1314 λειτουργεῖν.

2381 1326 2488 1396 κγ’.
2528 1323 2729 1382 Ἷὶλθεν
2786 1333 2866 1395 είς
2922 1334 3089 1396 ἀκοὰς
3143 1335 3240 1405 τῆς
3303 1336 3462 1402 ἁγίας
3519 1339 3728 1409 συνόδου,
3764 1343 3818 1408 ὡς

2312 1417 2560 1487 κληρικοί
2583 1438 2724 1480 τινες
2767 1424 2860 1476 καὶ
2891 1425 3233 1492 μονάζοντες,
3267 1427 3434 1497 μηδὲν
3460 1429 3815 1503 ἐγκεχειρισμέ-

2311 1525 2392 1561 νοι
2423 1511 2524 1562 ὑπὸ
2547 1511 2641 1564 τοῦ
2664 1513 2790 1565 ίδίου
2825 1517 3140 1580 ἐπισκόπου,
3175 1518 3287 1571 ἔστι
3315 1520 3371 1570 δὲ
3397 1520 3483 1573 ὅτε
3514 1521 3601 1573 καὶ
3636 1525 3817 1578 ἀκοινώ-

2311 1617 2459 1670 νητοι
2491 1602 2772 1672 γενόμενοι
2806 1606 2934 1676 παρ’
2986 1606 3175 1673 αὐτοῦ,
3231 1609 3718 1680 καταλαμϐάνοντες
3748 1616 3819 1687 τὴν

2313 1691 2704 1762 βασιλεύουσαν
2777 1698 3382 1765 Κωνσταντινούπολιν,
3445 1703 3533 1755 ἐπὶ
3591 1705 3735 1758 πολὺν
3779 1709 3820 1760 ἐν

2311 1784 2448 1855 αὐτῇ
2490 1784 2846 1856 διατρίϐουσι,
2903 1790 3149 1859 ταραχὰς
3186 1792 3546 1860 ἐμποιοῦντες
3574 1795 3660 1848 καὶ
3699 1794 3818 1866 θορυο

2307 1874 2530 1939 ϐοὖντες
2575 1877 2671 1942 τὴν
2716 1879 3176 1952 ἐκκλησιαστικὴν
3230 1883 3582 1949 κατάστασιν,
3638 1887 3820 1956 ama.

2304 1966 2464 2018 πουσί
2500 1983 2558 2019 τε
2589 1967 2769 2031 οἴκους
2792 1969 2953 2022 τινῶν
2975 1988 2988 2001 ·
3020 1970 3185 2041 ὥρισε
3210 1974 3386 2026 τοίνυν
3415 1975 3447 2044 η
3474 1976 3596 2042 ἁγία
3631 1977 3817 2041 σύνοδος,

2302 2057 2429 2118 τοὺς
2470 2057 2742 2120 τοιούτους
2792 2059 3316 2131 ὑπομιμνήσκεσθαι
3371 2065 3472 2134 μὲν
3507 2066 3739 2136 πρότερον
3761 2069 3821 2121 διὰ

2301 2146 2394 2198 τοῦ
2431 2147 2646 2201 ἐκδίκου
2695 2149 2795 2218 τῆς
2839 2152 2981 2204 κατὰ
3012 2155 3592 2209 Κωνσταντινούπολιν
3636 2159 3820 2225 ἁγιωτά-

2299 2253 2400 2308 της
2450 2238 2802 2312 Ἐκκλησίας,
2842 2243 2934 2295 ἐπὶ
2968 2243 3044 2314 τῷ
3073 2245 3311 2310 ἐξελθεῖν
3342 2249 3445 2318 τῆς
3497 2248 3822 2321 βασιλευούσης

2302 2329 2532 2394 πόλεως.
2573 2334 2660 2395 ,ΕΙ
2721 2335 2779 2388 δὲ
2831 2339 2944 2400 τοῖς
2987 2337 3174 2402 αὐτοῖς
3226 2341 3551 2410 πράγμασιν
3574 2343 3821 2413 ἐπιμένοιεν

621 2404 1124 2476 ἀναισχυντοῦντες,
1157 2409 1252 2462 καὶ
1282 2409 1514 2472 ἄκοντας
1547 2409 1743 2474 αὐτοὺς
1773 2411 1860 2467 διὰ
1885 2413 1978 2468 τοῦ
2008 2416 2174 2472 αὑτοῦ
2215 2418 2434 2474 ἐκδίκου
2501 2423 2884 2484 ἐκϐάλλεσθαι.
2917 2428 3010 2482 καὶ
3038 2432 3199 2499 grai);
3232 2404 3400 2497 ἰδίους
3449 2404 3822 2503 καταλαριϐάνειν

620 2495 839 2559 τόπους.

751 2585 978 2642 Concilii
1008 2587 1344 2644 Sardicensis
1371 2608 1594 2646 canones
1629 2593 1682 2658 5,
1717 2592 1803 2659 Η,
1837 2593 1927 2659 ια,
1963 2593 2052 2649 l6.

689 2677 746 2733 δ.
785 2675 949 2734 Osius
991 2680 1282 2750 episcopus
1326 2682 1461 2737 dixit
1487 2700 1500 2735 :
1529 2681 1644 2738 Hoc
1689 2700 1905 2754 quoque
1934 2701 2189 2743 necessa-

620 2772 704 2828 rio
724 2782 809 2828 est
833 2773 1216 2842 adjiciendum,
1243 2784 1348 2831 etc.
1387 2785 1442 2830 ut
1475 2793 1637 2844 supra
1659 2795 1781 2849 pag.
1819 2781 1944 2837 471.

694 2863 780 2918 ll.
819 2863 1016 2922 Hosius
1041 2867 1328 2938 episcopus
1362 2867 1500 2924 dixit
1528 2887 1542 2923 :
1573 2869 1688 2925 l-loc
1718 2886 1937 2944 quoque
1976 2873 2205 2934 delinire

622 2955 904 3021 debemus,
928 2967 1057 3023 etc.,
1085 2970 1142 3014 ut
1170 2977 1328 3031 supra
1353 2979 1476 3034 pag.
1504 2962 1630 3019 606.

691 3048 982 3107 l2.l‘losius
1004 3055 1288 3123 episcOpus
1303 3056 1434 3111 dixit
1450 3075 1462 3111 :
1478 3058 1613 3123 Quia
1638 3059 1770 3114 nihil
1785 3069 1868 3114 est
1888 3060 2210 3130 praetermit-

2436 2602 2706 2658 Συνόδου
2725 2604 3022 2674 Σῳδικῆς
3048 2607 3251 2662 κανὼν
3276 2615 3348 2678 γ’,
3379 2609 3473 2676 ια’,
3511 2611 3594 2682 ιβ’,
3622 2621 3714 2678 ις’.

2369 2693 2440 2762 τ’.
2475 2695 2662 2758 Ὀσιος
2695 2697 2993 2764 ἐπίσκοπος
3020 2699 3209 2757 εἶπεν⁹
3252 2702 3573 2773 Ἀναγκαῖον
3596 2707 3678 2760 καὶ
3706 2706 3823 2764 τοίτο

2297 2788 2686 2857 προστεθῆναι,
2711 2808 2767 2844 κ.
2797 2809 2848 2845 τ.
2885 2791 2936 2846 λ.

2373 2884 2457 2934 ια’.
2494 2879 2680 2945 "Octo;
2720 2883 3016 2948 ἐπίσκοπος
3047 2880 3192 2938 εἶπε·
3225 2885 3352 2947 ,Καὶ
3407 2885 3642 2941 τοῦτοδὲ
3683 2888 3821 2959 ὁρίσαι

2301 2963 2733 3036 ὀφείλομεν,ζῖνα
2756 2970 2785 3022 ὁ
2817 2971 3133 3041 ἐπίσκοπος,
3167 2990 3222 3030 κ.
3257 2992 3310 3031 τ.
3331 2973 3384 3030 λ.

2377 3057 2466 3128 ιβ’.
2522 3061 2708 3126 Ὀσιος
2760 3063 3059 3128 ἐπίσκοπος
3117 3059 3290 3119 εἶπενο
3333 3067 3554 3139 Ἐπειδὴ
3582 3067 3714 3121 οὐδέν
3737 3067 3821 3121 ἐστι

625 3145 868 3212 tendum,
895 3147 1051 3218 195
1072 3151 1171 3204 hoc
1193 3165 1408 3221 quoque
1425 3153 1732 3206 deliniatur.
1758 3153 1987 3217 Quidam
2003 3151 2199 3209 fratres

2304 3152 2706 3222 παραλειπτέον
2724 3170 2741 3184 ⁸
2773 3156 2866 3208 καὶ
2888 3155 3044 3209 τοῦτο
3069 3157 3366 3228 ὁρισθήτω’
3405 3160 3560 3223 Τινὲς
3584 3159 3683 3214 τῶν
3710 3160 3822 3213 scex.

621 3248 676 3294 et
687 3239 987 3309 coepiscopi
1015 3242 1068 3296 in
1085 3242 1414 3310 civitatibus,
1453 3245 1505 3298 in
1533 3245 1730 3318 quibus
1743 3246 1974 3316 episcopi
1996 3247 2202 3302 consti-

623 3339 875 3396 tuuntur,
892 3332 1144 3387 videntur
1163 3334 1318 3388 valde
1344 3350 1534 3404 pauca,
1557 3352 1679 3404 quae
1701 3336 1804 3390 sibi
1828 3336 1940 3391 sint
1964 3338 2200 3406 propria,

621 3424 928 3494 possidere;
959 3425 1013 3479 in
1044 3427 1165 3482 aliis
1181 3437 1364 3483 autem
1386 3428 1520 3490 locis
1550 3444 1776 3498 magnas
1799 3431 2198 3500 possessiones,

622 3530 688 3568 ex
719 3515 919 3584 quibus
948 3517 1114 3571 etiam
1161 3528 1395 3587 possunt
1437 3535 1590 3590 opem
1635 3522 1780 3576 ferre
1821 3524 2150 3591 pauperibus
2184 3542 2198 3580 :

622 3607 691 3661 iis
733 3608 900 3678 igitur
937 3609 1013 3662 ita
1057 3625 1176 3665 esse
1224 3612 1635 3666 concedendum
1681 3613 1902 3682 judico,
1947 3624 2009 3668 ut
2053 3615 2100 3670 si
2143 3615 2198 3669 in

621 3715 750 3754 suas
800 3702 1180 3770 possessiones
1231 3706 1444 3757 venturi
1495 3712 1648 3770 sunt,
1709 3714 1764 3759 et
1810 3703 2020 3761 fructus
2071 3721 2200 3761 suos

620 3793 922 3859 collecturi,
955 3795 1129 3850 tribus
1163 3795 1354 3852 diebus
1390 3797 1708 3863 Dominicis,
1759 3799 1809 3852 id
1861 3809 1964 3864 est,
2015 3800 2197 3856 tribus

621 3885 942 3956 septimanis
987 3888 1041 3942 in
1108 3888 1223 3942 suis
1272 3890 1712 3959 possessionibus
1760 3891 1995 3962 degant;
2041 3901 2094 3948 et
2140 3893 2196 3947 in

621 3976 866 4034 Ecclesia
905 3993 1028 4049 quae
1074 3993 1242 4048 prope
1270 3988 1372 4044 est,
1402 3980 1454 4034 in
1485 3997 1589 4050 qua
1624 3982 1904 4053 presbyter
1937 3983 2194 4053 populum

621 4079 936 4141 congregat,
969 4085 1036 4126 ne
1065 4072 1504 4143 congregationis
1529 4089 1726 4143 expers
1761 4090 1885 4130 esse
1918 4077 2192 4145 videatur,

617 4163 929 4230 conveniat,
955 4173 1010 4218 et
1034 4162 1208 4218 cilicia
1238 4163 1421 4219 divina
1447 4167 1637 4232 obeat;
1671 4175 1815 4220 etne
1851 4167 2193 4234 frequentius

620 4255 676 4309 in
703 4254 940 4320 civitate,
971 4254 1025 4309 in
1071 4271 1179 4326 qua
1228 4267 1312 4312 est
1351 4258 1662 4328 episcopus,
1706 4259 1870 4315 absit.
1924 4260 2000 4315 Eo
2046 4263 2191 4318 enim

621 4345 786 4400 modo
820 4354 875 4402 et
917 4362 1005 4404 res
1051 4348 1172 4418 ejus
1219 4361 1438 4419 propter
1483 4351 1656 4420 ipsius
1703 4352 2006 4408 absentiam
2057 4355 2190 4410 nihil

621 4437 930 4491 detrimenti
976 4439 1270 4508 patientur,
1332 4450 1387 4494 et
1441 4443 1767 4512 arrogantiae
1816 4456 1878 4495 ac
1925 4444 2192 4511 superbiae

621 4530 829 4585 crimen
862 4529 1098 4601 eﬂ‘ugere
1137 4533 1432 4588 videbitur.

692 4765 894 4822 Omnes
934 4767 1174 4837 episcopi
1215 4768 1475 4823 dixerunt
1515 4785 1525 4818 :
1579 4765 1762 4821 Placet
1804 4767 1917 4822 bzec
1975 4784 2193 4840 quoque

618 4860 959 4917 constitutio.

695 4951 782 5007 l6.
829 4951 1018 5007 Actius
1048 4952 1339 5022 episcopus
1369 4951 1508 5006 dixit
1538 4972 1550 5006 :
1585 4952 1701 5008 Non
1747 4955 2014 5027 ignoratis
2053 4974 2191 5030 qua-

622 5045 690 5101 lis
736 5055 1050 5113 quantaque
1138 5045 1208 5098 sit
1275 5043 1851 5102 Tbessalonicensium
1917 5060 2191 5120 metropo-

621 5139 712 5191 lis.
755 5136 909 5206 Smpe
938 5137 1122 5205 itaque
1149 5137 1212 5190 ad
1245 5152 1361 5191 eam
1397 5153 1462 5192 cx
1492 5140 1783 5207 provinciis
1806 5143 2107 5214 presbyteri
2143 5154 2196 5200 et

621 5226 838 5281 diaconi
891 5227 1178 5292 accedunt,
1230 5236 1284 5281 ct
1344 5228 1522 5283 brevis
1574 5233 1834 5300 temporis
1880 5249 2030 5287 mora
2084 5250 2210 5299 nom

624 5316 886 5379 contenti,
924 5330 1260 5386 permanent,
1294 5333 1344 5373 ct
1375 5335 1536 5375 omne
1581 5332 1796 5393 tempus
1837 5325 1948 5380 illic
1971 5338 2198 5394 agentes

627 5408 970 5477 transigunt;
1023 5410 1103 5463 vel
1158 5412 1245 5463 vix
1296 5412 1509 5465 tandem
1553 5422 1672 5481 post
1723 5415 2013 5482 plurimum
2059 5429 2198 5472 tem-

625 5517 727 5568 pus
756 5502 808 5554 in
843 5517 971 5558 suas
1006 5504 1271 5560 Ecclesias
1311 5507 1502 5561 reverti
1538 5518 1828 5579 coguntur.
1859 5509 1930 5565 De
1970 5511 2033 5564 iis
2065 5528 2195 5583 ergo

625 5594 985 5650 deﬁniendum
1017 5608 1120 5652 est.

692 5797 739 5831 ’⁸
769 5799 902 5854 Dist.
935 5801 1014 5858 7i.

2306 3242 2422 3310 φῶν
2452 3243 2550 3296 καὶ¹
2581 3245 2996 3300 συνεπισκόπων
3016 3288 3032 3314 ,
3061 3250 3119 3301 ἐν
3146 3251 3266 3313 ταῖς
3289 3250 3512 3304 πόλεσιν
3537 3253 3592 3304 ἐν
3626 3245 3704 3315 al;
3729 3252 3817 3303 ἑπε-

2307 3349 2498 3385 σκοποι
2554 3333 2944 3402 καθίστανται,
3003 3338 3221 3391 δοκοῦσι
3294 3341 3594 3412 κεκτῆσθαι
3660 3343 3818 3414 σφόδρα

2303 3420 2460 3490 ὀλίγα
2496 3422 2809 3494 ὑπάρχοντα
2837 3425 2966 3491 ἴδια,
3000 3427 3057 3481 ὲν
3106 3429 3313 3500 ἑτέροις
3342 3430 3401 3484 δέ
3448 3431 3625 3493 τόποις
3649 3433 3819 3500 κτήσεις

2305 3515 2568 3584 μεγάλας,
2598 3516 2657 3580 ἐξ
2671 3511 2746 3570 ὧν
2769 3519 2862 3572 καὶ
2878 3520 3188 3591 ἐπικουρεῖν
3209 3524 3424 3576 δυνατοί
3449 3525 3552 3576 εἰσι
3571 3526 3672 3589 τοῖς
3695 3523 3821 3593 πένη-

2304 3623 2389 3658 σιν
2409 3623 2423 3638 ·
2446 3606 2614 3671 οὕτως
2641 3609 2821 3673 αὐτοῖς
2847 3612 3224 3683 συγχωρητέον
3245 3609 3408 3679 εἶναι,
3443 3615 3529 3668 ἵνα
3549 3617 3595 3667 εί
3627 3615 3820 3685 μέλλοιεν

2301 3697 2381 3758 είς
2405 3695 2502 3759 τὰς
2531 3697 2738 3751 ἑαυτῶν
2769 3701 3169 3768 παραγίνεσθαι
3192 3703 3441 3774 κτήσεις,
3475 3703 3567 3758 καὶ
3610 3704 3696 3774 τὴν
3723 3722 3820 3771 συγ-

2301 3788 2526 3859 κομιδὴν
2585 3789 2693 3842 τῶν
2756 3791 2985 3862 καρπῶν
3025 3794 3332 3860 ποιεῖσθαι,
3393 3799 3545 3867 τρεῖς
3591 3796 3820 3868 Κυριακὰς

2297 3881 2533 3952 ἡμέρας,
2591 3883 2835 3938 τουτέστι
2863 3887 3014 3954 τρεῖς
3061 3886 3387 3959 ἑϐδομάδας.
3421 3891 3480 3942 ἐν
3530 3892 3634 3954 τοῖς
3662 3889 3820 3943 ἑαυτῶν

2298 3974 2574 4043 κτήμασιν
2627 3976 2824 4038 αὐτοὺς
2882 3977 3110 4047 διάγειν,
3165 3981 3259 4032 καὶ
3310 3982 3370 4033 ἐν
3415 3985 3482 4053 τῇ
3516 3981 3819 4052 ἀγχιπεοὺσῃ

2314 4063 2634 4137 Ἑκκλησίᾳ,
2673 4067 2729 4120 ἐν
2833 4068 3201 4141 πρεσϐύτερος
3226 4071 3471 4140 συνάγοι,
3505 4073 3636 4144 ὑπὲρ
3667 4071 3742 4125 τοῦ
3765 4070 3817 4140 μὴ

2297 4160 2468 4226 χωρὶς
2501 4156 2872 4222 συνελεύσεως
2897 4161 3060 4214 αὑτὸν
3099 4161 3277 4236 δοκεῖν
3305 4158 3474 4229 εῖναι,
3525 4163 3819 4233 συνέρχεσθαι

2302 4248 2399 4302 καὶ
2438 4247 2775 4318 λειτουργεῖν
2795 4268 2808 4282 ο
2835 4253 2928 4305 καὶ
2968 4253 3041 4322 μὴ
3072 4254 3459 4326 συνεχέστερον
3487 4257 3564 4319 είς
3583 4254 3670 4325 τὴν
3700 4252 3818 4306 πόλιν

2294 4339 2352 4392 ἐν
2447 4341 2593 4393 ἐστιν
2624 4343 2920 4406 ἐπίσκοπος
2944 4344 3358 4414 παραγίγνοιτο.
3395 4346 3596 4400 Τοῦτον
3640 4346 3730 4415 γὰρ
3751 4342 3819 4395 τὸν

2293 4432 2492 4501 τρόπον
2531 4434 2623 4486 καὶ
2644 4435 2711 4486 τὰ
2736 4435 2911 4486 οἰκεῖα
2943 4435 3106 4488 αὑτοῦ
3141 4437 3444 4507 πράγματα
3463 4438 3609 4508 παρά
3635 4436 3716 4506 τὴν
3738 4433 3813 4488 σὺ·

2216 4506 2269 4566 D
2296 4522 2390 4576 τοῦ
2425 4525 2709 4591 ἀπουσίαν,
2749 4526 2868 4578 οὐδέ
2909 4529 3040 4596 μίαν
3072 4529 3334 4598 ὑπομενεῖ
3387 4529 3610 4600 ζημίαν,
3650 4529 3730 4581 καὶ
3772 4525 3817 4576 τὸ

2298 4613 2396 4684 τῆς
2444 4614 2760 4680 ἀλαζονείας
2816 4618 2911 4670 καὶ
2963 4619 3057 4672 τοῦ
3113 4618 3284 4688 τύφου
3348 4620 3615 4674 ἐκκλίνειν
3659 4615 3817 4680 δόξειεν

2301 4705 2468 4775 ἐγκλη
2477 4724 2575 4777 μα.

2374 4799 2647 4864 Ἅπαντες
2677 4803 2724 4855 oi
2748 4802 3034 4858 ἐπίσκοποι
3069 4799 3242 4860 εἴπονσ
3285 4806 3537 4878 Ἀρέσκει
3581 4803 3664 4858 καὶ
3706 4799 3813 4866 αὕτη

2298 4891 2330 4960 ἡ
2365 4890 2717 4958 διατύπωσις.

2369 4984 2464 5047 ις’·
2513 4986 2712 5049 ’Λέτιος
2752 4988 3046 5052 ἐπίσκοπος
3084 4984 3254 5044 εἴπεν⁶
3287 4990 3400 5043 Ούκ
3443 4991 3671 5059 ἀγνοεῖτε
3696 4979 3814 5036 ὁποία

2298 5076 2392 5129 καὶ
2432 5077 2634 5149 πηλίκη
2686 5082 2942 5151 τυγχάνει
2978 5084 3008 5153 ἡ
3040 5084 3148 5136 τῶν
3198 5084 3630 5137 Θεσσαλονικέων
3655 5074 3815 5149 μητρά⁴

2298 5171 2475 5234 πολις,
2511 5173 2778 5238 Πολλάκις
2829 5179 3118 5247 τοιγαροῦν
3145 5181 3223 5241 είς
3251 5179 3456 5248 ταύτην
3513 5177 3613 5229 ἀπὸ
3655 5173 3815 5238 ἑτέρων

2298 5261 2576 5331 ἐπαρχιῶν
2607 5265 2967 5335 πρεσϐύτεροι
3018 5269 3110 5320 καὶ
3149 5269 3383 5321 διάκονοι
3438 5265 3812 5338 παραγίνονταιο

2299 5352 2392 5404 καὶ
2445 5353 2544 5406 οὐκ
2582 5354 2908 5423 ἀρκούμενοι
2941 5359 3170 5432 βραχείᾳ
3225 5361 3467 5427 διαγωγῇ
3528 5352 3814 5428 χρόνουι.έν⁶

2303 5444 2652 5511 απομένουσι,
2685 5447 2778 5499 καὶ
2799 5450 3008 5503 ἅπαντα
3032 5452 3119 5503 τὸν
3150 5452 3336 5522 χρόνον
3368 5451 3554 5504 αὐτόθι
3585 5444 3814 5501 ποιοῦντες

2297 5533 2652 5600 διατελοῦσιν,
2694 5538 2724 5608 ἢ
2762 5540 2916 5608 μόλις
2946 5542 3084 5611 μετὰ
3140 5545 3388 5598 πλεῖστον
3423 5543 3606 5613 χρόνον
3649 5539 3716 5598 εἰς
3749 5532 3799 5584 τά

2299 5625 2508 5677 ἑαυτῶν
2559 5629 2840 5682 ἐπανιέναι
2884 5631 3209 5705 Ἐκκλησὶας
3268 5634 3666 5704 ἀναγκάζονται.
3709 5619 3811 5690 ΙΙ;Ρὶ

2302 5715 2504 5768 τούτων
2529 5716 2619 5772 οὖν
2652 5723 2912 5790 ὁριστέον.
