  <div class='ocr_page' id='page_1' title='image "/cluster/home/n/w/nwhite01/storage/ocr_20150623/104/hvd.32044018872853/336.png"; bbox 0 0 4012 6406; ppageno 0'>
   <div class='ocr_carea' id='block_1_1' title="bbox 172 389 263 462">
    <p class='ocr_par' dir='ltr' id='par_1_1' title="bbox 172 389 263 462">
     <span class='ocr_line' id='line_1_1' title="bbox 172 389 263 462; baseline 0 -11"><span class='ocrx_word' id='word_1_1' title='bbox 172 389 263 462; x_wconf 75' lang='lat'><strong>661</strong></span> 
     </span>
    </p>
   </div>
   <div class='ocr_carea' id='block_1_2' title="bbox 242 503 1419 582">
    <p class='ocr_par' dir='ltr' id='par_1_2' title="bbox 242 503 1419 582">
     <span class='ocr_line' id='line_1_2' title="bbox 242 503 1419 582; baseline 0.003 -23"><span class='ocrx_word' id='word_1_2' title='bbox 242 508 519 571; x_wconf 71' lang='grc' dir='ltr'>’Ἅπαντες</span> <span class='ocrx_word' id='word_1_3' title='bbox 547 505 598 561; x_wconf 77' lang='lat' dir='ltr'><strong>oi</strong></span> <span class='ocrx_word' id='word_1_4' title='bbox 631 505 917 563; x_wconf 80' lang='grc' dir='ltr'>ἐπίσκοποι</span> <span class='ocrx_word' id='word_1_5' title='bbox 937 503 1108 564; x_wconf 77' lang='grc' dir='ltr'>εἶπον⁶</span> <span class='ocrx_word' id='word_1_6' title='bbox 1153 509 1419 582; x_wconf 81' lang='grc' dir='ltr'><strong>Ἀρέσκει.</strong></span> 
     </span>
    </p>
   </div>
   <div class='ocr_carea' id='block_1_3' title="bbox 238 596 1731 674">
    <p class='ocr_par' dir='ltr' id='par_1_3' title="bbox 238 596 1731 674">
     <span class='ocr_line' id='line_1_3' title="bbox 238 596 1731 674; baseline 0.001 -19"><span class='ocrx_word' id='word_1_7' title='bbox 238 599 426 665; x_wconf 86' lang='grc' dir='ltr'>Ὀσιος</span> <span class='ocrx_word' id='word_1_8' title='bbox 453 600 749 665; x_wconf 70' lang='grc' dir='ltr'><strong>ἐπίσκοπος</strong></span> <span class='ocrx_word' id='word_1_9' title='bbox 772 597 925 656; x_wconf 80' lang='grc' dir='ltr'>εἶπεν</span> <span class='ocrx_word' id='word_1_10' title='bbox 944 618 960 634; x_wconf 88' lang='grc'><strong>·</strong></span> <span class='ocrx_word' id='word_1_11' title='bbox 993 596 1152 657; x_wconf 75' lang='grc' dir='ltr'>Οὗτοι</span> <span class='ocrx_word' id='word_1_12' title='bbox 1178 605 1225 656; x_wconf 81' lang='lat' dir='ltr'><strong>oi</strong></span> <span class='ocrx_word' id='word_1_13' title='bbox 1255 603 1390 674; x_wconf 83' lang='grc' dir='ltr'>ὅροι,</span> <span class='ocrx_word' id='word_1_14' title='bbox 1431 603 1481 656; x_wconf 89' lang='grc' dir='ltr'>οί</span> <span class='ocrx_word' id='word_1_15' title='bbox 1516 602 1608 655; x_wconf 85' lang='grc' dir='ltr'>καὶ</span> <span class='ocrx_word' id='word_1_16' title='bbox 1638 603 1731 656; x_wconf 80' lang='grc' dir='ltr'>ἐπὶ</span> 
     </span>
    </p>
   </div>
   <div class='ocr_carea' id='block_1_4' title="bbox 166 693 1732 765">
    <p class='ocr_par' dir='ltr' id='par_1_4' title="bbox 166 693 1732 765">
     <span class='ocr_line' id='line_1_4' title="bbox 166 693 1732 765; baseline 0.001 -20"><span class='ocrx_word' id='word_1_17' title='bbox 166 693 270 745; x_wconf 82' lang='grc' dir='ltr'><strong>τῶν</strong></span> <span class='ocrx_word' id='word_1_18' title='bbox 296 694 614 747; x_wconf 83' lang='grc' dir='ltr'>ἐπισκόπων</span> <span class='ocrx_word' id='word_1_19' title='bbox 655 695 972 765; x_wconf 85' lang='grc' dir='ltr'>ὡρισμένοι,</span> <span class='ocrx_word' id='word_1_20' title='bbox 1002 693 1456 763; x_wconf 81' lang='grc' dir='ltr'>φυλαττέσθωσαν</span> <span class='ocrx_word' id='word_1_21' title='bbox 1495 694 1590 748; x_wconf 79' lang='grc' dir='ltr'><strong>καὶ</strong></span> <span class='ocrx_word' id='word_1_22' title='bbox 1638 696 1732 748; x_wconf 72' lang='grc' dir='ltr'><strong>ἐπὶ</strong></span> 
     </span>
    </p>
   </div>
   <div class='ocr_carea' id='block_1_5' title="bbox 165 785 855 856">
    <p class='ocr_par' dir='ltr' id='par_1_5' title="bbox 165 785 855 856">
     <span class='ocr_line' id='line_1_5' title="bbox 165 785 855 856; baseline 0.006 -20"><span class='ocrx_word' id='word_1_23' title='bbox 165 786 372 837; x_wconf 83' lang='grc' dir='ltr'>τούτων</span> <span class='ocrx_word' id='word_1_24' title='bbox 395 785 506 838; x_wconf 85' lang='grc' dir='ltr'>τῶν</span> <span class='ocrx_word' id='word_1_25' title='bbox 527 787 855 856; x_wconf 81' lang='grc' dir='ltr'><strong>προσώπων.</strong></span> 
     </span>
    </p>
   </div>
   <div class='ocr_carea' id='block_1_6' title="bbox 273 873 1592 944">
    <p class='ocr_par' dir='ltr' id='par_1_6' title="bbox 273 873 1592 944">
     <span class='ocr_line' id='line_1_6' title="bbox 273 873 1592 944; baseline 0.001 -17"><span class='ocrx_word' id='word_1_26' title='bbox 273 873 546 928; x_wconf 79' lang='grc' dir='ltr'>Συνόδου</span> <span class='ocrx_word' id='word_1_27' title='bbox 577 874 996 942; x_wconf 80' lang='grc' dir='ltr'>Καρθαγέννης</span> <span class='ocrx_word' id='word_1_28' title='bbox 1023 873 1223 928; x_wconf 73' lang='grc' dir='ltr'>κανὼν</span> <span class='ocrx_word' id='word_1_29' title='bbox 1249 880 1355 944; x_wconf 80' lang='grc' dir='ltr'><strong>κγ’,</strong></span> <span class='ocrx_word' id='word_1_30' title='bbox 1383 880 1482 939; x_wconf 84' lang='grc' dir='ltr'>οα’,</span> <span class='ocrx_word' id='word_1_31' title='bbox 1502 876 1592 928; x_wconf 89' lang='grc' dir='ltr'>οδ’.</span> 
     </span>
    </p>
   </div>
   <div class='ocr_carea' id='block_1_7' title="bbox 239 964 1734 1037">
    <p class='ocr_par' dir='ltr' id='par_1_7' title="bbox 239 964 1734 1037">
     <span class='ocr_line' id='line_1_7' title="bbox 239 964 1734 1037; baseline 0.004 -20"><span class='ocrx_word' id='word_1_32' title='bbox 239 964 424 1017; x_wconf 83' lang='grc' dir='ltr'><em>Ὥστε</em></span> <span class='ocrx_word' id='word_1_33' title='bbox 461 965 602 1031; x_wconf 83' lang='grc' dir='ltr'>τοὺς</span> <span class='ocrx_word' id='word_1_34' title='bbox 642 965 1013 1033; x_wconf 80' lang='grc' dir='ltr'><strong>ἐπισκόπους</strong></span> <span class='ocrx_word' id='word_1_35' title='bbox 1054 966 1247 1037; x_wconf 81' lang='grc' dir='ltr'>πέραν</span> <span class='ocrx_word' id='word_1_36' title='bbox 1295 967 1610 1035; x_wconf 77' lang='grc' dir='ltr'><strong>θαλάσσης</strong></span> <span class='ocrx_word' id='word_1_37' title='bbox 1648 968 1734 1036; x_wconf 78' lang='grc' dir='ltr'>μή</span> 
     </span>
    </p>
   </div>
   <div class='ocr_carea' id='block_1_8' title="bbox 167 1054 525 1124">
    <p class='ocr_par' dir='ltr' id='par_1_8' title="bbox 167 1054 525 1124">
     <span class='ocr_line' id='line_1_8' title="bbox 167 1054 525 1124; baseline 0.003 -16"><span class='ocrx_word' id='word_1_38' title='bbox 167 1054 525 1124; x_wconf 73' lang='grc' dir='ltr'><strong>ἀποδημεῖν.</strong></span> 
     </span>
    </p>
   </div>
   <div class='ocr_carea' id='block_1_9' title="bbox 237 1146 1738 1221">
    <p class='ocr_par' dir='ltr' id='par_1_9' title="bbox 237 1146 1738 1221">
     <span class='ocr_line' id='line_1_9' title="bbox 237 1146 1738 1221; baseline 0.003 -21"><span class='ocrx_word' id='word_1_39' title='bbox 237 1146 347 1215; x_wconf 78' lang='grc' dir='ltr'>κγ’.</span> <span class='ocrx_word' id='word_1_40' title='bbox 392 1147 622 1218; x_wconf 78' lang='grc' dir='ltr'><strong>Ὁμοίως</strong></span> <span class='ocrx_word' id='word_1_41' title='bbox 642 1147 926 1203; x_wconf 87' lang='grc' dir='ltr'>ἐπίσκοποι</span> <span class='ocrx_word' id='word_1_42' title='bbox 950 1148 1124 1221; x_wconf 82' lang='grc' dir='ltr'>πέραν</span> <span class='ocrx_word' id='word_1_43' title='bbox 1145 1148 1418 1221; x_wconf 83' lang='grc' dir='ltr'><strong>θαλάσσης</strong></span> <span class='ocrx_word' id='word_1_44' title='bbox 1437 1151 1508 1221; x_wconf 84' lang='grc' dir='ltr'>μὴ</span> <span class='ocrx_word' id='word_1_45' title='bbox 1534 1149 1738 1216; x_wconf 80' lang='grc' dir='ltr'>ἀποδη-</span> 
     </span>
    </p>
   </div>
   <div class='ocr_carea' id='block_1_10' title="bbox 174 1237 1742 1310">
    <p class='ocr_par' dir='ltr' id='par_1_10' title="bbox 174 1237 1742 1310">
     <span class='ocr_line' id='line_1_10' title="bbox 174 1237 1742 1310; baseline 0.002 -19"><span class='ocrx_word' id='word_1_46' title='bbox 174 1237 472 1306; x_wconf 81' lang='grc' dir='ltr'>μείτωσαν,</span> <span class='ocrx_word' id='word_1_47' title='bbox 503 1239 552 1290; x_wconf 87' lang='grc' dir='ltr'><strong>εί</strong></span> <span class='ocrx_word' id='word_1_48' title='bbox 580 1238 656 1308; x_wconf 81' lang='grc' dir='ltr'>μὴ</span> <span class='ocrx_word' id='word_1_49' title='bbox 683 1240 826 1308; x_wconf 74' lang='grc' dir='ltr'>μετὰ</span> <span class='ocrx_word' id='word_1_50' title='bbox 857 1239 1206 1310; x_wconf 78' lang='grc' dir='ltr'><strong>ψηφίσματος</strong></span> <span class='ocrx_word' id='word_1_51' title='bbox 1232 1241 1331 1307; x_wconf 86' lang='grc' dir='ltr'><strong>τῆς</strong></span> <span class='ocrx_word' id='word_1_52' title='bbox 1354 1238 1576 1310; x_wconf 81' lang='grc' dir='ltr'><strong>πρώτης</strong></span> <span class='ocrx_word' id='word_1_53' title='bbox 1606 1242 1742 1294; x_wconf 89' lang='grc' dir='ltr'>καθ-</span> 
     </span>
    </p>
   </div>
   <div class='ocr_carea' id='block_1_11' title="bbox 1007 393 2617 494">
    <p class='ocr_par' dir='ltr' id='par_1_11' title="bbox 1007 393 2617 494">
     <span class='ocr_line' id='line_1_11' title="bbox 1007 393 2617 494; baseline 0.002 -38"><span class='ocrx_word' id='word_1_54' title='bbox 1007 395 1410 457; x_wconf 74' lang='lat' dir='ltr'><strong>SYNTAGMA</strong></span> <span class='ocrx_word' id='word_1_55' title='bbox 1442 393 1827 494; x_wconf 62' lang='lat' dir='ltr'><strong>CANONUM.</strong></span> <span class='ocrx_word' id='word_1_56' title='bbox 1858 416 1928 431; x_wconf 89' lang='grc'><strong>·-</strong></span> <span class='ocrx_word' id='word_1_57' title='bbox 1963 395 2110 458; x_wconf 81' lang='lat' dir='ltr'><strong>TIT.</strong></span> <span class='ocrx_word' id='word_1_58' title='bbox 2148 395 2315 459; x_wconf 55' lang='lat' dir='ltr'><strong>VIII}</strong></span> <span class='ocrx_word' id='word_1_59' title='bbox 2343 397 2502 461; x_wconf 74' lang='lat' dir='ltr'><strong>CAr.</strong></span> <span class='ocrx_word' id='word_1_60' title='bbox 2533 397 2617 460; x_wconf 86' lang='lat' dir='ltr'><strong>II.</strong></span> 
     </span>
    </p>
   </div>
   <div class='ocr_carea' id='block_1_12' title="bbox 1763 499 2942 581">
    <p class='ocr_par' dir='ltr' id='par_1_12' title="bbox 1763 499 2942 581">
     <span class='ocr_line' id='line_1_12' title="bbox 1763 499 2942 581; baseline 0 -17"><span class='ocrx_word' id='word_1_61' title='bbox 1763 499 1816 572; x_wconf 67' lang='grc' dir='ltr'>Α</span> <span class='ocrx_word' id='word_1_62' title='bbox 1909 506 2112 564; x_wconf 83' lang='lat' dir='ltr'><strong>Omnes</strong></span> <span class='ocrx_word' id='word_1_63' title='bbox 2141 510 2378 581; x_wconf 73' lang='lat' dir='ltr'><strong>episcopi</strong></span> <span class='ocrx_word' id='word_1_64' title='bbox 2411 510 2662 565; x_wconf 77' lang='lat' dir='ltr'><strong>dixerunt</strong></span> <span class='ocrx_word' id='word_1_65' title='bbox 2693 528 2706 564; x_wconf 89' lang='lat'>:</span> <span class='ocrx_word' id='word_1_66' title='bbox 2743 507 2942 564; x_wconf 86' lang='lat' dir='ltr'><strong>Placet.</strong></span> 
     </span>
    </p>
   </div>
   <div class='ocr_carea' id='block_1_13' title="bbox 1845 593 3372 668">
    <p class='ocr_par' dir='ltr' id='par_1_13' title="bbox 1845 593 3372 668">
     <span class='ocr_line' id='line_1_13' title="bbox 1845 593 3372 668; baseline 0.003 -20"><span class='ocrx_word' id='word_1_67' title='bbox 1845 617 1853 627; x_wconf 89' lang='lat'><strong><em>-</em></strong></span> <span class='ocrx_word' id='word_1_68' title='bbox 1901 593 2101 651; x_wconf 78' lang='lat' dir='ltr'><strong>Hosius</strong></span> <span class='ocrx_word' id='word_1_69' title='bbox 2129 596 2418 666; x_wconf 87' lang='lat' dir='ltr'><strong>episcopus</strong></span> <span class='ocrx_word' id='word_1_70' title='bbox 2436 597 2571 652; x_wconf 81' lang='lat' dir='ltr'><strong>dixit</strong></span> <span class='ocrx_word' id='word_1_71' title='bbox 2613 595 2776 652; x_wconf 65' lang='lat' dir='ltr'><strong>:lla&#39;c</strong></span> <span class='ocrx_word' id='word_1_72' title='bbox 2799 596 3034 662; x_wconf 82' lang='lat' dir='ltr'><strong>decreta,</strong></span> <span class='ocrx_word' id='word_1_73' title='bbox 3055 611 3174 666; x_wconf 65' lang='lat' dir='ltr'><strong>qua:</strong></span> <span class='ocrx_word' id='word_1_74' title='bbox 3196 597 3262 652; x_wconf 86' lang='lat' dir='ltr'><strong>de</strong></span> <span class='ocrx_word' id='word_1_75' title='bbox 3287 599 3372 668; x_wconf 87' lang='lat' dir='ltr'><strong>cpi</strong></span> 
     </span>
    </p>
   </div>
   <div class='ocr_carea' id='block_1_14' title="bbox 1833 684 3400 755">
    <p class='ocr_par' dir='ltr' id='par_1_14' title="bbox 1833 684 3400 755">
     <span class='ocr_line' id='line_1_14' title="bbox 1833 684 3400 755; baseline 0.003 -16"><span class='ocrx_word' id='word_1_76' title='bbox 1833 684 2014 753; x_wconf 87' lang='lat' dir='ltr'><strong>scopis</strong></span> <span class='ocrx_word' id='word_1_77' title='bbox 2059 687 2359 739; x_wconf 85' lang='lat' dir='ltr'><strong>constituta</strong></span> <span class='ocrx_word' id='word_1_78' title='bbox 2406 688 2554 752; x_wconf 80' lang='lat' dir='ltr'><strong>sitm,</strong></span> <span class='ocrx_word' id='word_1_79' title='bbox 2604 695 2891 741; x_wconf 87' lang='lat' dir='ltr'><strong>serventur</strong></span> <span class='ocrx_word' id='word_1_80' title='bbox 2938 685 3099 740; x_wconf 85' lang='lat' dir='ltr'><strong>etiam</strong></span> <span class='ocrx_word' id='word_1_81' title='bbox 3149 686 3205 740; x_wconf 89' lang='lat' dir='ltr'><strong>in</strong></span> <span class='ocrx_word' id='word_1_82' title='bbox 3251 685 3400 755; x_wconf 83' lang='lat' dir='ltr'><strong>ejus-</strong></span> 
     </span>
    </p>
   </div>
   <div class='ocr_carea' id='block_1_15' title="bbox 1839 764 2284 844">
    <p class='ocr_par' dir='ltr' id='par_1_15' title="bbox 1839 764 2284 844">
     <span class='ocr_line' id='line_1_15' title="bbox 1839 764 2284 844; baseline 0.004 -16"><span class='ocrx_word' id='word_1_83' title='bbox 1839 764 1984 829; x_wconf 79' lang='lat' dir='ltr'><strong>mOdi</strong></span> <span class='ocrx_word' id='word_1_84' title='bbox 2017 775 2284 844; x_wconf 80' lang='lat' dir='ltr'><strong>personis.</strong></span> 
     </span>
    </p>
   </div>
   <div class='ocr_carea' id='block_1_16' title="bbox 3295 397 3403 462">
    <p class='ocr_par' dir='ltr' id='par_1_16' title="bbox 3295 397 3403 462">
     <span class='ocr_line' id='line_1_16' title="bbox 3295 397 3403 462; baseline 0 0"><span class='ocrx_word' id='word_1_85' title='bbox 3295 397 3403 462; x_wconf 70' lang='lat'><strong>662</strong></span> 
     </span>
    </p>
   </div>
   <div class='ocr_carea' id='block_1_17' title="bbox 1905 865 3367 937">
    <p class='ocr_par' dir='ltr' id='par_1_17' title="bbox 1905 865 3367 937">
     <span class='ocr_line' id='line_1_17' title="bbox 1905 865 3367 937; baseline 0.002 -15"><span class='ocrx_word' id='word_1_86' title='bbox 1905 865 2067 936; x_wconf 79' lang='lat'><strong>196</strong></span> <span class='ocrx_word' id='word_1_87' title='bbox 2080 865 2302 920; x_wconf 81' lang='lat' dir='ltr'><strong>Concilii</strong></span> <span class='ocrx_word' id='word_1_88' title='bbox 2336 865 2765 937; x_wconf 77' lang='lat' dir='ltr'><strong>Carthaginensis</strong></span> <span class='ocrx_word' id='word_1_89' title='bbox 2799 885 3020 922; x_wconf 78' lang='lat' dir='ltr'><strong>canones</strong></span> <span class='ocrx_word' id='word_1_90' title='bbox 3049 867 3140 934; x_wconf 73' lang='grc'><strong>23,</strong></span> <span class='ocrx_word' id='word_1_91' title='bbox 3171 869 3260 935; x_wconf 83' lang='grc'><strong>71,</strong></span> <span class='ocrx_word' id='word_1_92' title='bbox 3282 869 3367 926; x_wconf 74' lang='lat'><strong>74.</strong></span> 
     </span>
    </p>
   </div>
   <div class='ocr_carea' id='block_1_18' title="bbox 1911 955 3184 1030">
    <p class='ocr_par' dir='ltr' id='par_1_18' title="bbox 1911 955 3184 1030">
     <span class='ocr_line' id='line_1_18' title="bbox 1911 955 3184 1030; baseline 0.002 -18"><span class='ocrx_word' id='word_1_93' title='bbox 1911 955 1980 1012; x_wconf 80' lang='lat' dir='ltr'><strong>Ut</strong></span> <span class='ocrx_word' id='word_1_94' title='bbox 2012 958 2241 1028; x_wconf 68' lang='lat' dir='ltr'><strong>episcopi</strong></span> <span class='ocrx_word' id='word_1_95' title='bbox 2278 967 2423 1013; x_wconf 80' lang='lat' dir='ltr'><strong>trans</strong></span> <span class='ocrx_word' id='word_1_96' title='bbox 2451 972 2594 1014; x_wconf 72' lang='lat' dir='ltr'><strong>mare</strong></span> <span class='ocrx_word' id='word_1_97' title='bbox 2624 975 2729 1014; x_wconf 85' lang='lat' dir='ltr'><strong>non</strong></span> <span class='ocrx_word' id='word_1_98' title='bbox 2755 961 3184 1030; x_wconf 75' lang='lat' dir='ltr'><strong>proﬁciscantur.</strong></span> 
     </span>
    </p>
   </div>
   <div class='ocr_carea' id='block_1_19' title="bbox 1907 1133 3400 1210">
    <p class='ocr_par' dir='ltr' id='par_1_19' title="bbox 1907 1133 3400 1210">
     <span class='ocr_line' id='line_1_19' title="bbox 1907 1133 3400 1210; baseline 0.003 -21"><span class='ocrx_word' id='word_1_99' title='bbox 1907 1133 2040 1189; x_wconf 83' lang='lat' dir='ltr'><strong>Item</strong></span> <span class='ocrx_word' id='word_1_100' title='bbox 2084 1142 2144 1191; x_wconf 88' lang='lat' dir='ltr'><strong>ut</strong></span> <span class='ocrx_word' id='word_1_101' title='bbox 2182 1135 2424 1204; x_wconf 84' lang='lat' dir='ltr'><strong>episcopi</strong></span> <span class='ocrx_word' id='word_1_102' title='bbox 2455 1143 2605 1192; x_wconf 87' lang='lat' dir='ltr'><strong>trans</strong></span> <span class='ocrx_word' id='word_1_103' title='bbox 2633 1151 2786 1192; x_wconf 86' lang='lat' dir='ltr'><strong>mare</strong></span> <span class='ocrx_word' id='word_1_104' title='bbox 2824 1154 2932 1193; x_wconf 88' lang='lat' dir='ltr'><strong>non</strong></span> <span class='ocrx_word' id='word_1_105' title='bbox 2965 1139 3400 1210; x_wconf 75' lang='lat' dir='ltr'><strong>proﬁciscantur.</strong></span> 
     </span>
    </p>
   </div>
   <div class='ocr_carea' id='block_1_20' title="bbox 1838 1225 3404 1302">
    <p class='ocr_par' dir='ltr' id='par_1_20' title="bbox 1838 1225 3404 1302">
     <span class='ocr_line' id='line_1_20' title="bbox 1838 1225 3404 1302; baseline 0.004 -22"><span class='ocrx_word' id='word_1_106' title='bbox 1838 1225 1944 1282; x_wconf 85' lang='lat' dir='ltr'><strong>nisi</strong></span> <span class='ocrx_word' id='word_1_107' title='bbox 1974 1227 2222 1282; x_wconf 89' lang='lat' dir='ltr'><strong>consulto</strong></span> <span class='ocrx_word' id='word_1_108' title='bbox 2245 1228 2433 1296; x_wconf 71' lang='lat' dir='ltr'><strong>prima:</strong></span> <span class='ocrx_word' id='word_1_109' title='bbox 2472 1230 2620 1285; x_wconf 85' lang='lat' dir='ltr'><strong>sedis</strong></span> <span class='ocrx_word' id='word_1_110' title='bbox 2669 1230 2925 1299; x_wconf 82' lang='lat' dir='ltr'><strong>episcOpo</strong></span> <span class='ocrx_word' id='word_1_111' title='bbox 2973 1248 3087 1288; x_wconf 68' lang='lat' dir='ltr'><strong>suae</strong></span> <span class='ocrx_word' id='word_1_112' title='bbox 3142 1232 3404 1302; x_wconf 82' lang='lat' dir='ltr'><strong>cujusque</strong></span> 
     </span>
    </p>
   </div>
   <div class='ocr_carea' id='block_1_21' title="bbox 172 1317 3404 1399">
    <p class='ocr_par' dir='ltr' id='par_1_21' title="bbox 172 1317 3404 1399">
     <span class='ocr_line' id='line_1_21' title="bbox 172 1317 3404 1399; baseline 0.004 -21"><span class='ocrx_word' id='word_1_113' title='bbox 172 1327 331 1396; x_wconf 83' lang='grc' dir='ltr'>ἐδρας</span> <span class='ocrx_word' id='word_1_114' title='bbox 379 1326 473 1379; x_wconf 74' lang='grc' dir='ltr'>τοῦ</span> <span class='ocrx_word' id='word_1_115' title='bbox 503 1327 630 1380; x_wconf 79' lang='grc' dir='ltr'>ἰδίου</span> <span class='ocrx_word' id='word_1_116' title='bbox 671 1328 908 1398; x_wconf 75' lang='grc' dir='ltr'><strong>ἑκάστης</strong></span> <span class='ocrx_word' id='word_1_117' title='bbox 927 1327 1108 1399; x_wconf 85' lang='grc' dir='ltr'>χώρας</span> <span class='ocrx_word' id='word_1_118' title='bbox 1128 1330 1448 1396; x_wconf 76' lang='grc' dir='ltr'>ἐπισκόπου,</span> <span class='ocrx_word' id='word_1_119' title='bbox 1471 1329 1745 1384; x_wconf 88' lang='grc' dir='ltr'>τουτέστιν</span> <span class='ocrx_word' id='word_1_120' title='bbox 1841 1317 2132 1385; x_wconf 60' lang='grc' dir='ltr'><strong>Ρνονίηοῖξιε</strong></span> <span class='ocrx_word' id='word_1_121' title='bbox 2181 1328 2239 1372; x_wconf 80' lang='grc' dir='ltr'><strong>υῑ</strong></span> <span class='ocrx_word' id='word_1_122' title='bbox 2285 1318 2355 1372; x_wconf 71' lang='lat' dir='ltr'><strong>ab</strong></span> <span class='ocrx_word' id='word_1_123' title='bbox 2385 1333 2451 1373; x_wconf 73' lang='lat' dir='ltr'><strong>eo</strong></span> <span class='ocrx_word' id='word_1_124' title='bbox 2496 1321 2764 1390; x_wconf 62' lang='grc' dir='ltr'><strong>βνωθῖρυθ</strong></span> <span class='ocrx_word' id='word_1_125' title='bbox 2818 1320 3030 1392; x_wconf 66' lang='grc' dir='ltr'><strong>Ροεείηί</strong></span> <span class='ocrx_word' id='word_1_126' title='bbox 3073 1322 3196 1395; x_wconf 66' lang='lat'><strong>[&quot;‘5-</strong></span> <span class='ocrx_word' id='word_1_127' title='bbox 3233 1339 3261 1376; x_wconf 72' lang='grc'><strong>³</strong></span> <span class='ocrx_word' id='word_1_128' title='bbox 3296 1338 3404 1392; x_wconf 69' lang='lat' dir='ltr'><strong>qu“</strong></span> 
     </span>
    </p>
   </div>
   <div class='ocr_carea' id='block_1_22' title="bbox 179 1406 1809 1494">
    <p class='ocr_par' dir='ltr' id='par_1_22' title="bbox 179 1419 1746 1494">
     <span class='ocr_line' id='line_1_22' title="bbox 179 1419 1746 1494; baseline 0.001 -21"><span class='ocrx_word' id='word_1_129' title='bbox 179 1421 227 1473; x_wconf 80' lang='grc' dir='ltr'>εἰ</span> <span class='ocrx_word' id='word_1_130' title='bbox 263 1419 338 1490; x_wconf 82' lang='grc' dir='ltr'>μὴ</span> <span class='ocrx_word' id='word_1_131' title='bbox 373 1420 471 1472; x_wconf 82' lang='grc' dir='ltr'><strong>ἀπ’</strong></span> <span class='ocrx_word' id='word_1_132' title='bbox 524 1419 689 1474; x_wconf 81' lang='grc' dir='ltr'>αὑτοῦ</span> <span class='ocrx_word' id='word_1_133' title='bbox 737 1422 1109 1492; x_wconf 80' lang='grc' dir='ltr'><strong>πρωτεύοντος</strong></span> <span class='ocrx_word' id='word_1_134' title='bbox 1143 1421 1264 1476; x_wconf 83' lang='grc' dir='ltr'>κατ’</span> <span class='ocrx_word' id='word_1_135' title='bbox 1293 1422 1569 1492; x_wconf 78' lang='grc' dir='ltr'>ἐξαίρετον</span> <span class='ocrx_word' id='word_1_136' title='bbox 1607 1423 1746 1494; x_wconf 78' lang='grc' dir='ltr'>λάϐῃ</span> 
     </span>
    </p>
   </div>
   <div class='ocr_carea' id='block_1_23' title="bbox 1875 1406 3298 1494">
    <p class='ocr_par' dir='ltr' id='par_1_23' title="bbox 1875 1406 3298 1480">
     <span class='ocr_line' id='line_1_23' title="bbox 1875 1406 3298 1480; baseline 0.005 -18"><span class='ocrx_word' id='word_1_137' title='bbox 1875 1406 2070 1480; x_wconf 80' lang='lat' dir='ltr'><strong>ossint]</strong></span> <span class='ocrx_word' id='word_1_138' title='bbox 2101 1423 2316 1466; x_wconf 90' lang='lat' dir='ltr'><strong>sumere</strong></span> <span class='ocrx_word' id='word_1_139' title='bbox 2343 1410 2632 1468; x_wconf 83' lang='lat' dir='ltr'><strong>formatam</strong></span> <span class='ocrx_word' id='word_1_140' title='bbox 2653 1414 2736 1470; x_wconf 87' lang='lat' dir='ltr'><strong>vel</strong></span> <span class='ocrx_word' id='word_1_141' title='bbox 2756 1416 3298 1472; x_wconf 83' lang='lat' dir='ltr'><strong>commendationem.</strong></span> 
     </span>
    </p>
   </div>
   <div class='ocr_carea' id='block_1_24' title="bbox 173 1507 1746 1583">
    <p class='ocr_par' dir='ltr' id='par_1_24' title="bbox 173 1507 1746 1583">
     <span class='ocr_line' id='line_1_24' title="bbox 173 1507 1746 1583; baseline 0.003 -23"><span class='ocrx_word' id='word_1_142' title='bbox 173 1508 275 1577; x_wconf 75' lang='grc' dir='ltr'>τὴν</span> <span class='ocrx_word' id='word_1_143' title='bbox 339 1508 463 1578; x_wconf 73' lang='grc' dir='ltr'>ἥτις</span> <span class='ocrx_word' id='word_1_144' title='bbox 517 1507 732 1578; x_wconf 80' lang='grc' dir='ltr'>λέγεται</span> <span class='ocrx_word' id='word_1_145' title='bbox 761 1509 1077 1581; x_wconf 53' lang='grc' dir='ltr'>λάπολυτικὴ</span> <span class='ocrx_word' id='word_1_146' title='bbox 1147 1511 1534 1583; x_wconf 76' lang='grc' dir='ltr'><strong>τετυπωμένην</strong></span> <span class='ocrx_word' id='word_1_147' title='bbox 1563 1551 1578 1576; x_wconf 95' lang='grc'><strong>,</strong></span> <span class='ocrx_word' id='word_1_148' title='bbox 1630 1513 1746 1582; x_wconf 74' lang='grc' dir='ltr'>ἦτοι</span> 
     </span>
    </p>
   </div>
   <div class='ocr_carea' id='block_1_25' title="bbox 175 1599 506 1669">
    <p class='ocr_par' dir='ltr' id='par_1_25' title="bbox 175 1599 506 1669">
     <span class='ocr_line' id='line_1_25' title="bbox 175 1599 506 1669; baseline 0.012 -19"><span class='ocrx_word' id='word_1_149' title='bbox 175 1599 506 1669; x_wconf 74' lang='grc' dir='ltr'><strong>παράθεσιν.</strong></span> 
     </span>
    </p>
   </div>
   <div class='ocr_carea' id='block_1_26' title="bbox 248 1692 1748 1779">
    <p class='ocr_par' dir='ltr' id='par_1_26' title="bbox 248 1692 1748 1779">
     <span class='ocr_line' id='line_1_26' title="bbox 248 1692 1748 1779; baseline 0.003 -33"><span class='ocrx_word' id='word_1_150' title='bbox 248 1692 390 1762; x_wconf 76' lang='grc' dir='ltr'>Περὶ</span> <span class='ocrx_word' id='word_1_151' title='bbox 425 1692 548 1748; x_wconf 79' lang='grc' dir='ltr'><strong>τῶν</strong></span> <span class='ocrx_word' id='word_1_152' title='bbox 579 1694 720 1763; x_wconf 86' lang='grc' dir='ltr'>τοὺς</span> <span class='ocrx_word' id='word_1_153' title='bbox 763 1694 951 1762; x_wconf 73' lang='grc' dir='ltr'>ἰδίους</span> <span class='ocrx_word' id='word_1_154' title='bbox 979 1694 1170 1779; x_wconf 74' lang='grc' dir='ltr'>λαοὺς</span> <span class='ocrx_word' id='word_1_155' title='bbox 1201 1695 1748 1766; x_wconf 76' lang='grc' dir='ltr'>ἐγκαταλιμπανόνο</span> 
     </span>
    </p>
   </div>
   <div class='ocr_carea' id='block_1_27' title="bbox 175 1800 318 1840">
    <p class='ocr_par' dir='ltr' id='par_1_27' title="bbox 175 1800 318 1840">
     <span class='ocr_line' id='line_1_27' title="bbox 175 1800 318 1840; baseline 0.021 -4"><span class='ocrx_word' id='word_1_156' title='bbox 175 1800 318 1840; x_wconf 56' lang='lat' dir='ltr'><strong>rana</strong></span> 
     </span>
    </p>
   </div>
   <div class='ocr_carea' id='block_1_28' title="bbox 1917 1707 3139 1786">
    <p class='ocr_par' dir='ltr' id='par_1_28' title="bbox 1917 1707 3139 1786">
     <span class='ocr_line' id='line_1_28' title="bbox 1917 1707 3139 1786; baseline 0.007 -25"><span class='ocrx_word' id='word_1_157' title='bbox 1917 1707 1994 1764; x_wconf 83' lang='lat' dir='ltr'><strong>De</strong></span> <span class='ocrx_word' id='word_1_158' title='bbox 2023 1709 2127 1778; x_wconf 80' lang='lat' dir='ltr'><strong>Ius,</strong></span> <span class='ocrx_word' id='word_1_159' title='bbox 2152 1727 2242 1782; x_wconf 82' lang='lat' dir='ltr'><strong>qm</strong></span> <span class='ocrx_word' id='word_1_160' title='bbox 2275 1713 2444 1782; x_wconf 80' lang='lat' dir='ltr'><strong>plebes</strong></span> <span class='ocrx_word' id='word_1_161' title='bbox 2472 1715 2714 1785; x_wconf 76' lang='lat' dir='ltr'><strong>proprias</strong></span> <span class='ocrx_word' id='word_1_162' title='bbox 2754 1715 3139 1786; x_wconf 78' lang='lat' dir='ltr'><strong>derelinquunt.</strong></span> 
     </span>
    </p>
   </div>
   <div class='ocr_carea' id='block_1_29' title="bbox 246 1876 1809 1965">
    <p class='ocr_par' dir='ltr' id='par_1_29' title="bbox 246 1876 1809 1950">
     <span class='ocr_line' id='line_1_29' title="bbox 246 1876 1809 1950; baseline 0.001 -22"><span class='ocrx_word' id='word_1_163' title='bbox 246 1882 352 1930; x_wconf 75' lang='lat'><strong>01&#39;.</strong></span> <span class='ocrx_word' id='word_1_164' title='bbox 401 1876 568 1931; x_wconf 82' lang='grc' dir='ltr'>Πάλιν</span> <span class='ocrx_word' id='word_1_165' title='bbox 595 1877 791 1949; x_wconf 74' lang='grc' dir='ltr'>ἤρεσεν</span> <span class='ocrx_word' id='word_1_166' title='bbox 817 1877 957 1932; x_wconf 83' lang='grc' dir='ltr'>ὥστε</span> <span class='ocrx_word' id='word_1_167' title='bbox 993 1877 1181 1950; x_wconf 78' lang='grc' dir='ltr'>μηδενὶ</span> <span class='ocrx_word' id='word_1_168' title='bbox 1211 1877 1408 1944; x_wconf 78' lang='grc' dir='ltr'>ἐξεῖναι</span> <span class='ocrx_word' id='word_1_169' title='bbox 1436 1877 1739 1949; x_wconf 75' lang='grc' dir='ltr'>ἐπισκόπῳ,</span> <span class='ocrx_word' id='word_1_170' title='bbox 1771 1879 1809 1940; x_wconf 78' lang='grc'><strong>1]</strong></span> 
     </span>
    </p>
   </div>
   <div class='ocr_carea' id='block_1_30' title="bbox 1875 1876 3078 1965">
    <p class='ocr_par' dir='ltr' id='par_1_30' title="bbox 1921 1882 3078 1965">
     <span class='ocr_line' id='line_1_30' title="bbox 1921 1882 3078 1965; baseline 0.011 -27"><span class='ocrx_word' id='word_1_171' title='bbox 1921 1883 2008 1938; x_wconf 79' lang='grc'>71.</span> <span class='ocrx_word' id='word_1_172' title='bbox 2037 1882 2253 1945; x_wconf 81' lang='lat' dir='ltr'><strong>Rursus</strong></span> <span class='ocrx_word' id='word_1_173' title='bbox 2297 1889 2518 1960; x_wconf 87' lang='lat' dir='ltr'><strong>placuit,</strong></span> <span class='ocrx_word' id='word_1_174' title='bbox 2540 1902 2669 1958; x_wconf 88' lang='lat' dir='ltr'><strong>etc.,</strong></span> <span class='ocrx_word' id='word_1_175' title='bbox 2710 1905 2765 1948; x_wconf 84' lang='lat' dir='ltr'><strong>ut</strong></span> <span class='ocrx_word' id='word_1_176' title='bbox 2803 1911 2923 1965; x_wconf 86' lang='lat' dir='ltr'><strong>pag.</strong></span> <span class='ocrx_word' id='word_1_177' title='bbox 2952 1893 3078 1950; x_wconf 81' lang='grc'><strong>655.</strong></span> 
     </span>
    </p>
   </div>
   <div class='ocr_carea' id='block_1_31' title="bbox 188 1969 426 2022">
    <p class='ocr_par' dir='ltr' id='par_1_31' title="bbox 188 1969 426 2022">
     <span class='ocr_line' id='line_1_31' title="bbox 188 1969 426 2022; baseline 0.004 -2"><span class='ocrx_word' id='word_1_178' title='bbox 188 1985 246 2021; x_wconf 88' lang='grc' dir='ltr'><strong>κ.</strong></span> <span class='ocrx_word' id='word_1_179' title='bbox 279 1986 332 2022; x_wconf 89' lang='grc' dir='ltr'><strong>τ.</strong></span> <span class='ocrx_word' id='word_1_180' title='bbox 375 1969 426 2021; x_wconf 91' lang='grc' dir='ltr'><strong>λ.</strong></span> 
     </span>
    </p>
   </div>
   <div class='ocr_carea' id='block_1_32' title="bbox 261 2059 1754 2131">
    <p class='ocr_par' dir='ltr' id='par_1_32' title="bbox 261 2059 1754 2131">
     <span class='ocr_line' id='line_1_32' title="bbox 261 2059 1754 2131; baseline 0.001 -18"><span class='ocrx_word' id='word_1_181' title='bbox 261 2061 404 2130; x_wconf 78' lang='grc' dir='ltr'>Περὶ</span> <span class='ocrx_word' id='word_1_182' title='bbox 431 2061 536 2114; x_wconf 83' lang='grc' dir='ltr'>τοῦ</span> <span class='ocrx_word' id='word_1_183' title='bbox 583 2060 668 2128; x_wconf 79' lang='grc' dir='ltr'>μὴ</span> <span class='ocrx_word' id='word_1_184' title='bbox 698 2061 963 2130; x_wconf 65' lang='grc' dir='ltr'>ὀφείλειν</span> <span class='ocrx_word' id='word_1_185' title='bbox 989 2061 1327 2114; x_wconf 78' lang='grc' dir='ltr'>ἐπίσκοπον</span> <span class='ocrx_word' id='word_1_186' title='bbox 1377 2059 1754 2131; x_wconf 80' lang='grc' dir='ltr'>ἐπιξενούμε-</span> 
     </span>
    </p>
   </div>
   <div class='ocr_carea' id='block_1_33' title="bbox 183 2144 1565 2221">
    <p class='ocr_par' dir='ltr' id='par_1_33' title="bbox 183 2144 1565 2221">
     <span class='ocr_line' id='line_1_33' title="bbox 183 2144 1565 2221; baseline 0.001 -19"><span class='ocrx_word' id='word_1_187' title='bbox 183 2165 321 2211; x_wconf 73' lang='grc' dir='ltr'>νον,</span> <span class='ocrx_word' id='word_1_188' title='bbox 348 2149 690 2208; x_wconf 75' lang='grc' dir='ltr'>καθέζεσθαι</span> <span class='ocrx_word' id='word_1_189' title='bbox 719 2151 787 2204; x_wconf 77' lang='grc' dir='ltr'>ἐν</span> <span class='ocrx_word' id='word_1_190' title='bbox 806 2144 845 2221; x_wconf 83' lang='grc' dir='ltr'><em>ᾗ</em></span> <span class='ocrx_word' id='word_1_191' title='bbox 882 2150 1138 2218; x_wconf 81' lang='grc' dir='ltr'><strong>καθέδρᾳ</strong></span> <span class='ocrx_word' id='word_1_192' title='bbox 1167 2149 1565 2214; x_wconf 81' lang='grc' dir='ltr'>ἐπιξενοῦται.</span> 
     </span>
    </p>
   </div>
   <div class='ocr_carea' id='block_1_34' title="bbox 259 2239 1752 2313">
    <p class='ocr_par' dir='ltr' id='par_1_34' title="bbox 259 2239 1752 2313">
     <span class='ocr_line' id='line_1_34' title="bbox 259 2239 1752 2313; baseline 0.001 -20"><span class='ocrx_word' id='word_1_193' title='bbox 259 2239 355 2294; x_wconf 77' lang='lat'><strong>06&#39;.</strong></span> <span class='ocrx_word' id='word_1_194' title='bbox 396 2240 624 2309; x_wconf 83' lang='grc' dir='ltr'>Ὁμοίως</span> <span class='ocrx_word' id='word_1_195' title='bbox 655 2241 896 2311; x_wconf 76' lang='grc' dir='ltr'>ζὼρίσθη,</span> <span class='ocrx_word' id='word_1_196' title='bbox 927 2241 1065 2294; x_wconf 85' lang='grc' dir='ltr'>ὥστε</span> <span class='ocrx_word' id='word_1_197' title='bbox 1101 2241 1289 2311; x_wconf 78' lang='grc' dir='ltr'>μηδενὶ</span> <span class='ocrx_word' id='word_1_198' title='bbox 1321 2241 1522 2308; x_wconf 85' lang='grc' dir='ltr'>ἐξεῖναι</span> <span class='ocrx_word' id='word_1_199' title='bbox 1555 2241 1752 2313; x_wconf 77' lang='grc' dir='ltr'>μεσίτῃ</span> 
     </span>
    </p>
   </div>
   <div class='ocr_carea' id='block_1_35' title="bbox 176 2327 1759 2403">
    <p class='ocr_par' dir='ltr' id='par_1_35' title="bbox 176 2327 1759 2403">
     <span class='ocr_line' id='line_1_35' title="bbox 176 2327 1759 2403; baseline 0.001 -19"><span class='ocrx_word' id='word_1_200' title='bbox 176 2329 283 2398; x_wconf 75' lang='grc' dir='ltr'>τὴν</span> <span class='ocrx_word' id='word_1_201' title='bbox 350 2330 618 2402; x_wconf 82' lang='grc' dir='ltr'>καθέδραν</span> <span class='ocrx_word' id='word_1_202' title='bbox 669 2333 940 2402; x_wconf 80' lang='grc' dir='ltr'><strong>κατέχειν,</strong></span> <span class='ocrx_word' id='word_1_203' title='bbox 974 2327 1112 2403; x_wconf 78' lang='grc' dir='ltr'>ᾗτινι</span> <span class='ocrx_word' id='word_1_204' title='bbox 1155 2331 1381 2402; x_wconf 84' lang='grc' dir='ltr'><strong>μεσίτης</strong></span> <span class='ocrx_word' id='word_1_205' title='bbox 1425 2333 1621 2386; x_wconf 79' lang='grc' dir='ltr'><strong>δίδοται</strong></span> <span class='ocrx_word' id='word_1_206' title='bbox 1671 2333 1759 2386; x_wconf 77' lang='grc' dir='ltr'><strong>διὰ</strong></span> 
     </span>
    </p>
   </div>
   <div class='ocr_carea' id='block_1_36' title="bbox 189 2423 1760 2495">
    <p class='ocr_par' dir='ltr' id='par_1_36' title="bbox 189 2423 1760 2495">
     <span class='ocr_line' id='line_1_36' title="bbox 189 2423 1760 2495; baseline 0.001 -20"><span class='ocrx_word' id='word_1_207' title='bbox 189 2423 526 2492; x_wconf 70' lang='grc' dir='ltr'>οἱασδήποτε</span> <span class='ocrx_word' id='word_1_208' title='bbox 551 2423 660 2479; x_wconf 82' lang='grc' dir='ltr'><strong>τῶν</strong></span> <span class='ocrx_word' id='word_1_209' title='bbox 689 2424 832 2476; x_wconf 86' lang='grc' dir='ltr'>λαῶν</span> <span class='ocrx_word' id='word_1_210' title='bbox 860 2425 1091 2494; x_wconf 85' lang='grc' dir='ltr'>σπουδῆς</span> <span class='ocrx_word' id='word_1_211' title='bbox 1132 2424 1164 2495; x_wconf 85' lang='grc' dir='ltr'>ἢ</span> <span class='ocrx_word' id='word_1_212' title='bbox 1224 2425 1586 2494; x_wconf 84' lang='grc' dir='ltr'>διχοστασίας,</span> <span class='ocrx_word' id='word_1_213' title='bbox 1622 2424 1760 2477; x_wconf 73' lang='grc' dir='ltr'>ἀλλὰ</span> 
     </span>
    </p>
   </div>
   <div class='ocr_carea' id='block_1_37' title="bbox 184 2514 1753 2586">
    <p class='ocr_par' dir='ltr' id='par_1_37' title="bbox 184 2514 1753 2586">
     <span class='ocr_line' id='line_1_37' title="bbox 184 2514 1753 2586; baseline 0.002 -20"><span class='ocrx_word' id='word_1_214' title='bbox 184 2514 516 2577; x_wconf 70' lang='grc' dir='ltr'>σπουδάζειν</span> <span class='ocrx_word' id='word_1_215' title='bbox 543 2514 690 2577; x_wconf 77' lang='grc' dir='ltr'>ἐντὸς</span> <span class='ocrx_word' id='word_1_216' title='bbox 727 2514 995 2580; x_wconf 80' lang='grc' dir='ltr'>ἐνιαυτοῦ,</span> <span class='ocrx_word' id='word_1_217' title='bbox 1023 2517 1137 2579; x_wconf 88' lang='grc' dir='ltr'>τοῖς</span> <span class='ocrx_word' id='word_1_218' title='bbox 1187 2515 1370 2579; x_wconf 81' lang='grc' dir='ltr'>αὐτοῖς</span> <span class='ocrx_word' id='word_1_219' title='bbox 1406 2517 1753 2586; x_wconf 79' lang='grc' dir='ltr'>προνοεῖσθαι</span> 
     </span>
    </p>
   </div>
   <div class='ocr_carea' id='block_1_38' title="bbox 181 2604 1758 2679">
    <p class='ocr_par' dir='ltr' id='par_1_38' title="bbox 181 2604 1758 2679">
     <span class='ocr_line' id='line_1_38' title="bbox 181 2604 1758 2679; baseline 0.004 -24"><span class='ocrx_word' id='word_1_220' title='bbox 181 2604 522 2657; x_wconf 60' lang='grc' dir='ltr'>ἐπίσκοπον</span> <span class='ocrx_word' id='word_1_221' title='bbox 582 2607 632 2658; x_wconf 84' lang='grc' dir='ltr'><strong>εί</strong></span> <span class='ocrx_word' id='word_1_222' title='bbox 674 2604 732 2658; x_wconf 83' lang='grc' dir='ltr'>δὲ</span> <span class='ocrx_word' id='word_1_223' title='bbox 782 2605 911 2675; x_wconf 71' lang='grc' dir='ltr'>περὶ</span> <span class='ocrx_word' id='word_1_224' title='bbox 957 2605 1113 2659; x_wconf 80' lang='grc' dir='ltr'>τοῦτο</span> <span class='ocrx_word' id='word_1_225' title='bbox 1169 2606 1433 2676; x_wconf 79' lang='grc' dir='ltr'>ἀμελήσοι</span> <span class='ocrx_word' id='word_1_226' title='bbox 1471 2607 1610 2677; x_wconf 80' lang='grc' dir='ltr'>μετὰ</span> <span class='ocrx_word' id='word_1_227' title='bbox 1659 2608 1758 2679; x_wconf 83' lang='grc' dir='ltr'>τὴν</span> 
     </span>
    </p>
   </div>
   <div class='ocr_carea' id='block_1_39' title="bbox 183 2695 1686 2770">
    <p class='ocr_par' dir='ltr' id='par_1_39' title="bbox 183 2695 1686 2770">
     <span class='ocr_line' id='line_1_39' title="bbox 183 2695 1686 2770; baseline 0.004 -22"><span class='ocrx_word' id='word_1_228' title='bbox 183 2695 497 2765; x_wconf 70' lang='grc' dir='ltr'>περαίωσιν</span> <span class='ocrx_word' id='word_1_229' title='bbox 527 2695 622 2750; x_wconf 82' lang='grc' dir='ltr'>τοῦ</span> <span class='ocrx_word' id='word_1_230' title='bbox 651 2695 918 2760; x_wconf 80' lang='grc' dir='ltr'>ἐνιαυτοῦ,</span> <span class='ocrx_word' id='word_1_231' title='bbox 943 2696 1129 2769; x_wconf 76' lang='grc' dir='ltr'>ἕτερος</span> <span class='ocrx_word' id='word_1_232' title='bbox 1156 2696 1686 2770; x_wconf 69' lang='grc' dir='ltr'>ψηφισθῆμεσίτης.</span> 
     </span>
    </p>
   </div>
   <div class='ocr_carea' id='block_1_40' title="bbox 229 2785 1698 2858">
    <p class='ocr_par' dir='ltr' id='par_1_40' title="bbox 229 2785 1698 2858">
     <span class='ocr_line' id='line_1_40' title="bbox 229 2785 1698 2858; baseline 0.003 -21"><span class='ocrx_word' id='word_1_233' title='bbox 229 2785 504 2840; x_wconf 81' lang='grc' dir='ltr'>Συνόδου</span> <span class='ocrx_word' id='word_1_234' title='bbox 525 2787 938 2856; x_wconf 80' lang='grc' dir='ltr'>οίκουμενικῆς</span> <span class='ocrx_word' id='word_1_235' title='bbox 960 2785 1138 2855; x_wconf 79' lang='grc' dir='ltr'>ἕκτης</span> <span class='ocrx_word' id='word_1_236' title='bbox 1171 2787 1372 2844; x_wconf 73' lang='grc' dir='ltr'>κανὼν</span> <span class='ocrx_word' id='word_1_237' title='bbox 1402 2788 1488 2852; x_wconf 75' lang='grc' dir='ltr'><strong>ιζ’,</strong></span> <span class='ocrx_word' id='word_1_238' title='bbox 1515 2788 1606 2858; x_wconf 80' lang='grc' dir='ltr'>ιη’,</span> <span class='ocrx_word' id='word_1_239' title='bbox 1631 2794 1698 2844; x_wconf 88' lang='grc' dir='ltr'>κ’.</span> 
     </span>
    </p>
   </div>
   <div class='ocr_carea' id='block_1_41' title="bbox 262 2873 1754 2952">
    <p class='ocr_par' dir='ltr' id='par_1_41' title="bbox 262 2873 1754 2952">
     <span class='ocr_line' id='line_1_41' title="bbox 262 2873 1754 2952; baseline 0.003 -22"><span class='ocrx_word' id='word_1_240' title='bbox 262 2873 351 2940; x_wconf 77' lang='grc' dir='ltr'>ιζ’.</span> <span class='ocrx_word' id='word_1_241' title='bbox 414 2878 740 2950; x_wconf 83' lang='grc' dir='ltr'>Ἐπειδήπερ</span> <span class='ocrx_word' id='word_1_242' title='bbox 797 2879 1067 2951; x_wconf 74' lang='grc' dir='ltr'>διαφόρων</span> <span class='ocrx_word' id='word_1_243' title='bbox 1113 2879 1446 2951; x_wconf 86' lang='grc' dir='ltr'>Ἐκκλησιῶν</span> <span class='ocrx_word' id='word_1_244' title='bbox 1479 2881 1754 2952; x_wconf 71' lang='grc' dir='ltr'>κληρικοὶ,</span> 
     </span>
    </p>
   </div>
   <div class='ocr_carea' id='block_1_42' title="bbox 186 2967 406 3023">
    <p class='ocr_par' dir='ltr' id='par_1_42' title="bbox 186 2967 406 3023">
     <span class='ocr_line' id='line_1_42' title="bbox 186 2967 406 3023; baseline 0.009 -2"><span class='ocrx_word' id='word_1_245' title='bbox 186 2985 250 3023; x_wconf 88' lang='grc' dir='ltr'><strong>κ.</strong></span> <span class='ocrx_word' id='word_1_246' title='bbox 269 2983 323 3020; x_wconf 89' lang='grc' dir='ltr'><strong>τ.</strong></span> <span class='ocrx_word' id='word_1_247' title='bbox 353 2967 406 3023; x_wconf 90' lang='grc' dir='ltr'>λ.</span> 
     </span>
    </p>
   </div>
   <div class='ocr_carea' id='block_1_43' title="bbox 263 3058 1758 3135">
    <p class='ocr_par' dir='ltr' id='par_1_43' title="bbox 263 3058 1758 3135">
     <span class='ocr_line' id='line_1_43' title="bbox 263 3058 1758 3135; baseline 0.002 -21"><span class='ocrx_word' id='word_1_248' title='bbox 263 3058 358 3132; x_wconf 82' lang='grc' dir='ltr'>ιη’.</span> <span class='ocrx_word' id='word_1_249' title='bbox 385 3059 495 3124; x_wconf 80' lang='grc' dir='ltr'><strong>Τὰς</strong></span> <span class='ocrx_word' id='word_1_250' title='bbox 516 3061 789 3132; x_wconf 84' lang='grc' dir='ltr'>προφάσει</span> <span class='ocrx_word' id='word_1_251' title='bbox 826 3061 1165 3135; x_wconf 84' lang='grc' dir='ltr'>βαρϐαρικῆς</span> <span class='ocrx_word' id='word_1_252' title='bbox 1189 3063 1510 3135; x_wconf 77' lang='grc' dir='ltr'>ἐπιδρομῆς,</span> <span class='ocrx_word' id='word_1_253' title='bbox 1550 3080 1604 3118; x_wconf 84' lang='grc' dir='ltr'><strong>κ.</strong></span> <span class='ocrx_word' id='word_1_254' title='bbox 1634 3080 1685 3119; x_wconf 90' lang='grc' dir='ltr'><strong>τ.</strong></span> <span class='ocrx_word' id='word_1_255' title='bbox 1710 3063 1758 3117; x_wconf 88' lang='grc' dir='ltr'>λ.</span> 
     </span>
    </p>
   </div>
   <div class='ocr_carea' id='block_1_44' title="bbox 264 3237 1574 3312">
    <p class='ocr_par' dir='ltr' id='par_1_44' title="bbox 264 3237 1574 3312">
     <span class='ocr_line' id='line_1_44' title="bbox 264 3237 1574 3312; baseline 0.002 -21"><span class='ocrx_word' id='word_1_256' title='bbox 264 3244 338 3291; x_wconf 84' lang='grc' dir='ltr'>κ’.</span> <span class='ocrx_word' id='word_1_257' title='bbox 370 3237 462 3308; x_wconf 77' lang='grc' dir='ltr'><strong>Μὴ</strong></span> <span class='ocrx_word' id='word_1_258' title='bbox 481 3237 680 3312; x_wconf 80' lang='grc' dir='ltr'>ὲξέστῳ</span> <span class='ocrx_word' id='word_1_259' title='bbox 707 3240 987 3311; x_wconf 86' lang='grc' dir='ltr'>ἐπισκόπῳ</span> <span class='ocrx_word' id='word_1_260' title='bbox 1014 3240 1093 3302; x_wconf 84' lang='grc' dir='ltr'><strong>είς</strong></span> <span class='ocrx_word' id='word_1_261' title='bbox 1114 3240 1328 3311; x_wconf 81' lang='grc' dir='ltr'>ἑτέραν,</span> <span class='ocrx_word' id='word_1_262' title='bbox 1364 3256 1418 3293; x_wconf 86' lang='grc' dir='ltr'><strong>κ.</strong></span> <span class='ocrx_word' id='word_1_263' title='bbox 1442 3257 1491 3293; x_wconf 92' lang='grc' dir='ltr'><strong>τ.</strong></span> <span class='ocrx_word' id='word_1_264' title='bbox 1523 3240 1574 3293; x_wconf 88' lang='grc' dir='ltr'><strong>λ.</strong></span> 
     </span>
    </p>
   </div>
   <div class='ocr_carea' id='block_1_45' title="bbox 344 3350 1622 3421">
    <p class='ocr_par' dir='ltr' id='par_1_45' title="bbox 344 3350 1622 3421">
     <span class='ocr_line' id='line_1_45' title="bbox 344 3350 1622 3421; baseline 0.002 -17"><span class='ocrx_word' id='word_1_265' title='bbox 344 3351 609 3407; x_wconf 81' lang='grc' dir='ltr'>Συνόδου</span> <span class='ocrx_word' id='word_1_266' title='bbox 639 3352 884 3416; x_wconf 82' lang='grc' dir='ltr'>Νικαίας</span> <span class='ocrx_word' id='word_1_267' title='bbox 915 3351 981 3406; x_wconf 83' lang='grc' dir='ltr'>τὸ</span> <span class='ocrx_word' id='word_1_268' title='bbox 1013 3351 1296 3421; x_wconf 77' lang='grc' dir='ltr'>δεύτερον</span> <span class='ocrx_word' id='word_1_269' title='bbox 1328 3350 1531 3407; x_wconf 80' lang='grc' dir='ltr'>κανὼν</span> <span class='ocrx_word' id='word_1_270' title='bbox 1569 3360 1622 3406; x_wconf 81' lang='grc' dir='ltr'>ι’.</span> 
     </span>
    </p>
   </div>
   <div class='ocr_carea' id='block_1_46' title="bbox 271 3463 1773 3534">
    <p class='ocr_par' dir='ltr' id='par_1_46' title="bbox 271 3463 1773 3534">
     <span class='ocr_line' id='line_1_46' title="bbox 271 3463 1773 3534; baseline 0.003 -18"><span class='ocrx_word' id='word_1_271' title='bbox 271 3465 405 3516; x_wconf 85' lang='grc' dir='ltr'>Ὅτι</span> <span class='ocrx_word' id='word_1_272' title='bbox 444 3465 516 3518; x_wconf 80' lang='grc' dir='ltr'>οὐ</span> <span class='ocrx_word' id='word_1_273' title='bbox 555 3463 650 3518; x_wconf 82' lang='grc' dir='ltr'>δεῖ</span> <span class='ocrx_word' id='word_1_274' title='bbox 669 3465 996 3534; x_wconf 74' lang='grc' dir='ltr'>κληρικοὺς</span> <span class='ocrx_word' id='word_1_275' title='bbox 1047 3465 1372 3519; x_wconf 76' lang='grc' dir='ltr'>ἀπολιπεῖν</span> <span class='ocrx_word' id='word_1_276' title='bbox 1402 3464 1517 3532; x_wconf 72' lang='grc' dir='ltr'><strong>τὴν</strong></span> <span class='ocrx_word' id='word_1_277' title='bbox 1541 3464 1773 3520; x_wconf 72' lang='grc' dir='ltr'>ἑαυτῶν</span> 
     </span>
    </p>
   </div>
   <div class='ocr_carea' id='block_1_47' title="bbox 194 3556 1774 3630">
    <p class='ocr_par' dir='ltr' id='par_1_47' title="bbox 194 3556 1774 3630">
     <span class='ocr_line' id='line_1_47' title="bbox 194 3556 1774 3630; baseline 0.003 -19"><span class='ocrx_word' id='word_1_278' title='bbox 194 3556 540 3625; x_wconf 64' lang='lat' dir='ltr'><strong>alapam/ar,</strong></span> <span class='ocrx_word' id='word_1_279' title='bbox 570 3556 670 3612; x_wconf 81' lang='grc' dir='ltr'>καὶ</span> <span class='ocrx_word' id='word_1_280' title='bbox 708 3556 778 3612; x_wconf 71' lang='grc' dir='ltr'>ἐν</span> <span class='ocrx_word' id='word_1_281' title='bbox 803 3556 976 3628; x_wconf 76' lang='grc' dir='ltr'>ἑτέρᾳ</span> <span class='ocrx_word' id='word_1_282' title='bbox 1025 3558 1348 3630; x_wconf 69' lang='grc' dir='ltr'>ἀφικέσθαι</span> <span class='ocrx_word' id='word_1_283' title='bbox 1397 3559 1579 3630; x_wconf 73' lang='grc' dir='ltr'>χωρίς</span> <span class='ocrx_word' id='word_1_284' title='bbox 1611 3557 1774 3629; x_wconf 76' lang='grc' dir='ltr'><strong>ειδὴ-</strong></span> 
     </span>
    </p>
   </div>
   <div class='ocr_carea' id='block_1_48' title="bbox 195 3647 881 3712">
    <p class='ocr_par' dir='ltr' id='par_1_48' title="bbox 195 3647 881 3712">
     <span class='ocr_line' id='line_1_48' title="bbox 195 3647 881 3712; baseline 0.004 -13"><span class='ocrx_word' id='word_1_285' title='bbox 195 3663 361 3712; x_wconf 73' lang='grc' dir='ltr'>σεως</span> <span class='ocrx_word' id='word_1_286' title='bbox 389 3649 497 3700; x_wconf 83' lang='grc' dir='ltr'>τοῦ</span> <span class='ocrx_word' id='word_1_287' title='bbox 523 3647 881 3702; x_wconf 75' lang='grc' dir='ltr'>ἐπισκόπου.</span> 
     </span>
    </p>
   </div>
   <div class='ocr_carea' id='block_1_49' title="bbox 282 3756 1778 3831">
    <p class='ocr_par' dir='ltr' id='par_1_49' title="bbox 282 3756 1778 3831">
     <span class='ocr_line' id='line_1_49' title="bbox 282 3756 1778 3831; baseline 0.003 -23"><span class='ocrx_word' id='word_1_288' title='bbox 282 3763 338 3810; x_wconf 89' lang='grc' dir='ltr'>ι’.</span> <span class='ocrx_word' id='word_1_289' title='bbox 370 3756 586 3827; x_wconf 83' lang='grc' dir='ltr'>Ἐπειδή</span> <span class='ocrx_word' id='word_1_290' title='bbox 611 3773 756 3821; x_wconf 88' lang='grc' dir='ltr'>τινες</span> <span class='ocrx_word' id='word_1_291' title='bbox 781 3757 896 3812; x_wconf 85' lang='grc' dir='ltr'><strong>τῶν</strong></span> <span class='ocrx_word' id='word_1_292' title='bbox 969 3757 1244 3830; x_wconf 85' lang='grc' dir='ltr'>κληρικῶν</span> <span class='ocrx_word' id='word_1_293' title='bbox 1288 3758 1778 3831; x_wconf 79' lang='grc' dir='ltr'>παραλογιζόμενοι</span> 
     </span>
    </p>
   </div>
   <div class='ocr_carea' id='block_1_50' title="bbox 199 3846 1778 3922">
    <p class='ocr_par' dir='ltr' id='par_1_50' title="bbox 199 3846 1778 3922">
     <span class='ocr_line' id='line_1_50' title="bbox 199 3846 1778 3922; baseline 0.003 -21"><span class='ocrx_word' id='word_1_294' title='bbox 199 3848 308 3919; x_wconf 78' lang='grc' dir='ltr'>τὴν</span> <span class='ocrx_word' id='word_1_295' title='bbox 371 3846 664 3920; x_wconf 79' lang='grc' dir='ltr'>κανονικὴν</span> <span class='ocrx_word' id='word_1_296' title='bbox 715 3848 978 3914; x_wconf 79' lang='grc' dir='ltr'>διάταξιν,</span> <span class='ocrx_word' id='word_1_297' title='bbox 1030 3849 1390 3914; x_wconf 83' lang='grc' dir='ltr'>ἀπολιπόντες</span> <span class='ocrx_word' id='word_1_298' title='bbox 1437 3850 1538 3922; x_wconf 77' lang='grc' dir='ltr'>τὴν</span> <span class='ocrx_word' id='word_1_299' title='bbox 1565 3850 1778 3905; x_wconf 79' lang='grc' dir='ltr'>ἑαυτῶν</span> 
     </span>
    </p>
   </div>
   <div class='ocr_carea' id='block_1_51' title="bbox 203 3943 1780 4016">
    <p class='ocr_par' dir='ltr' id='par_1_51' title="bbox 203 3943 1780 4016">
     <span class='ocr_line' id='line_1_51' title="bbox 203 3943 1780 4016; baseline 0.003 -22"><span class='ocrx_word' id='word_1_300' title='bbox 203 3944 528 4014; x_wconf 86' lang='grc' dir='ltr'>παροικίαν,</span> <span class='ocrx_word' id='word_1_301' title='bbox 555 3943 634 4008; x_wconf 90' lang='grc' dir='ltr'><strong>είς</strong></span> <span class='ocrx_word' id='word_1_302' title='bbox 669 3945 860 4015; x_wconf 80' lang='grc' dir='ltr'>ἑτέραν</span> <span class='ocrx_word' id='word_1_303' title='bbox 900 3944 1194 4016; x_wconf 86' lang='grc' dir='ltr'>παροικίαν</span> <span class='ocrx_word' id='word_1_304' title='bbox 1241 3944 1582 4016; x_wconf 83' lang='grc' dir='ltr'>ἐκτρέχουσι,</span> <span class='ocrx_word' id='word_1_305' title='bbox 1637 3945 1780 3999; x_wconf 75' lang='grc' dir='ltr'>κατὰ</span> 
     </span>
    </p>
   </div>
   <div class='ocr_carea' id='block_1_52' title="bbox 205 4033 1780 4108">
    <p class='ocr_par' dir='ltr' id='par_1_52' title="bbox 205 4033 1780 4108">
     <span class='ocr_line' id='line_1_52' title="bbox 205 4033 1780 4108; baseline 0.001 -21"><span class='ocrx_word' id='word_1_306' title='bbox 205 4037 465 4088; x_wconf 87' lang='grc' dir='ltr'>πλεῖστον</span> <span class='ocrx_word' id='word_1_307' title='bbox 505 4036 562 4089; x_wconf 85' lang='grc' dir='ltr'><strong>δὲ</strong></span> <span class='ocrx_word' id='word_1_308' title='bbox 612 4037 668 4090; x_wconf 86' lang='grc' dir='ltr'><strong>ἐν</strong></span> <span class='ocrx_word' id='word_1_309' title='bbox 715 4036 888 4107; x_wconf 81' lang='grc' dir='ltr'>ταύτῃ</span> <span class='ocrx_word' id='word_1_310' title='bbox 934 4039 1003 4108; x_wconf 79' lang='grc' dir='ltr'>τῇ</span> <span class='ocrx_word' id='word_1_311' title='bbox 1032 4035 1381 4106; x_wconf 75' lang='grc' dir='ltr'>θεοφυλάκτῳ</span> <span class='ocrx_word' id='word_1_312' title='bbox 1408 4035 1505 4088; x_wconf 78' lang='grc' dir='ltr'>καὶ</span> <span class='ocrx_word' id='word_1_313' title='bbox 1549 4033 1780 4105; x_wconf 82' lang='grc' dir='ltr'>βασιλίδι</span> 
     </span>
    </p>
   </div>
   <div class='ocr_carea' id='block_1_53' title="bbox 206 4123 1782 4196">
    <p class='ocr_par' dir='ltr' id='par_1_53' title="bbox 206 4123 1782 4196">
     <span class='ocr_line' id='line_1_53' title="bbox 206 4123 1782 4196; baseline 0.001 -20"><span class='ocrx_word' id='word_1_314' title='bbox 206 4125 390 4190; x_wconf 70' lang='grc' dir='ltr'>πόλει,</span> <span class='ocrx_word' id='word_1_315' title='bbox 423 4124 518 4176; x_wconf 75' lang='grc' dir='ltr'>καὶ</span> <span class='ocrx_word' id='word_1_316' title='bbox 548 4125 627 4186; x_wconf 84' lang='grc' dir='ltr'><strong>είς</strong></span> <span class='ocrx_word' id='word_1_317' title='bbox 647 4123 911 4195; x_wconf 76' lang='grc' dir='ltr'>ἄρχοντας</span> <span class='ocrx_word' id='word_1_318' title='bbox 934 4124 1408 4196; x_wconf 83' lang='grc' dir='ltr'>προσεδρεύουσιν,</span> <span class='ocrx_word' id='word_1_319' title='bbox 1440 4125 1498 4178; x_wconf 86' lang='grc' dir='ltr'><strong>ἐν</strong></span> <span class='ocrx_word' id='word_1_320' title='bbox 1542 4126 1658 4187; x_wconf 85' lang='grc' dir='ltr'>τοῖς</span> <span class='ocrx_word' id='word_1_321' title='bbox 1682 4123 1782 4177; x_wconf 82' lang='grc' dir='ltr'><strong>αὒ-</strong></span> 
     </span>
    </p>
   </div>
   <div class='ocr_carea' id='block_1_54' title="bbox 204 4215 1777 4286">
    <p class='ocr_par' dir='ltr' id='par_1_54' title="bbox 204 4215 1777 4286">
     <span class='ocr_line' id='line_1_54' title="bbox 204 4215 1777 4286; baseline 0.001 -18"><span class='ocrx_word' id='word_1_322' title='bbox 204 4216 321 4268; x_wconf 81' lang='grc' dir='ltr'>τῶν</span> <span class='ocrx_word' id='word_1_323' title='bbox 354 4215 666 4285; x_wconf 83' lang='grc' dir='ltr'>εὐκτηρίοις</span> <span class='ocrx_word' id='word_1_324' title='bbox 694 4216 792 4279; x_wconf 80' lang='grc' dir='ltr'>τὰς</span> <span class='ocrx_word' id='word_1_325' title='bbox 830 4215 1170 4286; x_wconf 69' lang='grc' dir='ltr'>λειτουργίας</span> <span class='ocrx_word' id='word_1_326' title='bbox 1215 4216 1518 4280; x_wconf 81' lang='grc' dir='ltr'>ποιοῦντες,</span> <span class='ocrx_word' id='word_1_327' title='bbox 1551 4216 1777 4281; x_wconf 82' lang='grc' dir='ltr'>τούτους</span> 
     </span>
    </p>
   </div>
   <div class='ocr_carea' id='block_1_55' title="bbox 208 4304 1785 4378">
    <p class='ocr_par' dir='ltr' id='par_1_55' title="bbox 208 4304 1785 4378">
     <span class='ocr_line' id='line_1_55' title="bbox 208 4304 1785 4378; baseline 0 -16"><span class='ocrx_word' id='word_1_328' title='bbox 208 4304 306 4362; x_wconf 69' lang='grc' dir='ltr'><strong>οὖν</strong></span> <span class='ocrx_word' id='word_1_329' title='bbox 349 4310 519 4378; x_wconf 75' lang='grc' dir='ltr'>χωρὶς</span> <span class='ocrx_word' id='word_1_330' title='bbox 563 4307 659 4362; x_wconf 85' lang='grc' dir='ltr'><strong>τοῦ</strong></span> <span class='ocrx_word' id='word_1_331' title='bbox 703 4309 834 4362; x_wconf 84' lang='grc' dir='ltr'>ίδίου</span> <span class='ocrx_word' id='word_1_332' title='bbox 867 4307 1165 4361; x_wconf 76' lang='grc' dir='ltr'>ἐπισκόπου</span> <span class='ocrx_word' id='word_1_333' title='bbox 1200 4308 1296 4362; x_wconf 81' lang='grc' dir='ltr'>καὶ</span> <span class='ocrx_word' id='word_1_334' title='bbox 1319 4308 1412 4361; x_wconf 81' lang='grc' dir='ltr'><strong>τοῦ</strong></span> <span class='ocrx_word' id='word_1_335' title='bbox 1443 4309 1785 4363; x_wconf 79' lang='grc' dir='ltr'>Κωνσταντι·</span> 
     </span>
    </p>
   </div>
   <div class='ocr_carea' id='block_1_56' title="bbox 208 4399 1784 4473">
    <p class='ocr_par' dir='ltr' id='par_1_56' title="bbox 208 4399 1784 4473">
     <span class='ocr_line' id='line_1_56' title="bbox 208 4399 1784 4473; baseline -0.001 -19"><span class='ocrx_word' id='word_1_336' title='bbox 208 4399 540 4464; x_wconf 82' lang='grc' dir='ltr'>νουπὸλεως,</span> <span class='ocrx_word' id='word_1_337' title='bbox 563 4400 663 4454; x_wconf 81' lang='grc' dir='ltr'>οὐκ</span> <span class='ocrx_word' id='word_1_338' title='bbox 691 4399 868 4466; x_wconf 78' lang='grc' dir='ltr'>ἔξεστι</span> <span class='ocrx_word' id='word_1_339' title='bbox 889 4400 1142 4472; x_wconf 84' lang='grc' dir='ltr'>δεχθῆναι</span> <span class='ocrx_word' id='word_1_340' title='bbox 1170 4402 1228 4454; x_wconf 85' lang='grc' dir='ltr'><strong>ἐν</strong></span> <span class='ocrx_word' id='word_1_341' title='bbox 1248 4401 1547 4471; x_wconf 84' lang='grc' dir='ltr'>οίῳδήποτε</span> <span class='ocrx_word' id='word_1_342' title='bbox 1579 4401 1712 4470; x_wconf 75' lang='grc' dir='ltr'>οἴκῳ</span> <span class='ocrx_word' id='word_1_343' title='bbox 1749 4400 1784 4473; x_wconf 81' lang='grc' dir='ltr'>ἢ</span> 
     </span>
    </p>
   </div>
   <div class='ocr_carea' id='block_1_57' title="bbox 215 4491 1781 4564">
    <p class='ocr_par' dir='ltr' id='par_1_57' title="bbox 215 4491 1781 4564">
     <span class='ocr_line' id='line_1_57' title="bbox 215 4491 1781 4564; baseline 0 -19"><span class='ocrx_word' id='word_1_344' title='bbox 215 4493 509 4564; x_wconf 77' lang='grc' dir='ltr'>ἐκκλησίᾳ.</span> <span class='ocrx_word' id='word_1_345' title='bbox 539 4493 599 4544; x_wconf 83' lang='lat' dir='ltr'><strong>Ei</strong></span> <span class='ocrx_word' id='word_1_346' title='bbox 627 4492 684 4546; x_wconf 83' lang='grc' dir='ltr'><strong>δέ</strong></span> <span class='ocrx_word' id='word_1_347' title='bbox 706 4509 790 4555; x_wconf 85' lang='grc' dir='ltr'><strong>τις</strong></span> <span class='ocrx_word' id='word_1_348' title='bbox 829 4491 990 4546; x_wconf 76' lang='grc' dir='ltr'>τοῦτο</span> <span class='ocrx_word' id='word_1_349' title='bbox 1019 4493 1253 4562; x_wconf 79' lang='grc' dir='ltr'>ποιήσει,</span> <span class='ocrx_word' id='word_1_350' title='bbox 1284 4493 1556 4562; x_wconf 82' lang='grc' dir='ltr'>ἐπιμένων</span> <span class='ocrx_word' id='word_1_351' title='bbox 1586 4492 1781 4545; x_wconf 84' lang='grc' dir='ltr'>καθαι-</span> 
     </span>
    </p>
   </div>
   <div class='ocr_carea' id='block_1_58' title="bbox 1926 2040 3421 2119">
    <p class='ocr_par' dir='ltr' id='par_1_58' title="bbox 1926 2040 3421 2119">
     <span class='ocr_line' id='line_1_58' title="bbox 1926 2040 3421 2119; baseline 0.007 -23"><span class='ocrx_word' id='word_1_352' title='bbox 1926 2040 2009 2097; x_wconf 78' lang='lat' dir='ltr'><strong><em>Nc</em></strong></span> <span class='ocrx_word' id='word_1_353' title='bbox 2054 2043 2378 2102; x_wconf 79' lang='lat' dir='ltr'><strong>interventor</strong></span> <span class='ocrx_word' id='word_1_354' title='bbox 2410 2047 2523 2117; x_wconf 77' lang='lat'><strong>(61)</strong></span> <span class='ocrx_word' id='word_1_355' title='bbox 2551 2050 2824 2119; x_wconf 78' lang='lat' dir='ltr'><strong>cpiscopus</strong></span> <span class='ocrx_word' id='word_1_356' title='bbox 2856 2051 3180 2116; x_wconf 72' lang='lat' dir='ltr'><strong>cathedram,</strong></span> <span class='ocrx_word' id='word_1_357' title='bbox 3217 2050 3306 2105; x_wconf 81' lang='lat' dir='ltr'><strong>ubi</strong></span> <span class='ocrx_word' id='word_1_358' title='bbox 3338 2053 3421 2106; x_wconf 82' lang='lat' dir='ltr'><strong>in-</strong></span> 
     </span>
    </p>
   </div>
   <div class='ocr_carea' id='block_1_59' title="bbox 1856 2141 2476 2204">
    <p class='ocr_par' dir='ltr' id='par_1_59' title="bbox 1856 2141 2476 2204">
     <span class='ocr_line' id='line_1_59' title="bbox 1856 2141 2476 2204; baseline 0.013 -18"><span class='ocrx_word' id='word_1_359' title='bbox 1856 2141 2118 2188; x_wconf 85' lang='lat' dir='ltr'><strong>terventor</strong></span> <span class='ocrx_word' id='word_1_360' title='bbox 2148 2148 2248 2204; x_wconf 82' lang='lat' dir='ltr'><strong>est,</strong></span> <span class='ocrx_word' id='word_1_361' title='bbox 2284 2148 2476 2195; x_wconf 82' lang='lat' dir='ltr'><strong>teneat.</strong></span> 
     </span>
    </p>
   </div>
   <div class='ocr_carea' id='block_1_60' title="bbox 1928 2227 3421 2301">
    <p class='ocr_par' dir='ltr' id='par_1_60' title="bbox 1928 2227 3421 2301">
     <span class='ocr_line' id='line_1_60' title="bbox 1928 2227 3421 2301; baseline 0.006 -21"><span class='ocrx_word' id='word_1_362' title='bbox 1928 2227 2015 2281; x_wconf 72' lang='lat'><strong>74.</strong></span> <span class='ocrx_word' id='word_1_363' title='bbox 2039 2227 2170 2284; x_wconf 91' lang='lat' dir='ltr'><strong>ltcm</strong></span> <span class='ocrx_word' id='word_1_364' title='bbox 2196 2233 2548 2286; x_wconf 86' lang='lat' dir='ltr'><strong>constitutum</strong></span> <span class='ocrx_word' id='word_1_365' title='bbox 2576 2240 2662 2289; x_wconf 89' lang='lat' dir='ltr'><strong>est</strong></span> <span class='ocrx_word' id='word_1_366' title='bbox 2685 2234 2734 2265; x_wconf 80' lang='grc'>⁷⁸</span> <span class='ocrx_word' id='word_1_367' title='bbox 2755 2231 2891 2301; x_wconf 80' lang='lat'><strong>(6‘2),</strong></span> <span class='ocrx_word' id='word_1_368' title='bbox 2916 2241 2976 2288; x_wconf 91' lang='lat' dir='ltr'><strong>ut</strong></span> <span class='ocrx_word' id='word_1_369' title='bbox 3003 2233 3137 2287; x_wconf 83' lang='lat' dir='ltr'><strong>nulli</strong></span> <span class='ocrx_word' id='word_1_370' title='bbox 3165 2233 3421 2288; x_wconf 87' lang='lat' dir='ltr'><strong>interces-</strong></span> 
     </span>
    </p>
   </div>
   <div class='ocr_carea' id='block_1_61' title="bbox 1858 2319 3418 2390">
    <p class='ocr_par' dir='ltr' id='par_1_61' title="bbox 1858 2319 3418 2390">
     <span class='ocr_line' id='line_1_61' title="bbox 1858 2319 3418 2390; baseline 0.001 -16"><span class='ocrx_word' id='word_1_371' title='bbox 1858 2319 1967 2374; x_wconf 86' lang='lat' dir='ltr'><strong>sori</strong></span> <span class='ocrx_word' id='word_1_372' title='bbox 1995 2319 2201 2375; x_wconf 90' lang='lat' dir='ltr'><strong>licitum</strong></span> <span class='ocrx_word' id='word_1_373' title='bbox 2224 2321 2295 2376; x_wconf 89' lang='lat' dir='ltr'><strong>sit</strong></span> <span class='ocrx_word' id='word_1_374' title='bbox 2319 2323 2654 2390; x_wconf 87' lang='lat' dir='ltr'><strong>cathedram,</strong></span> <span class='ocrx_word' id='word_1_375' title='bbox 2673 2327 2760 2379; x_wconf 91' lang='lat' dir='ltr'><strong>cui</strong></span> <span class='ocrx_word' id='word_1_376' title='bbox 2779 2324 3104 2380; x_wconf 72' lang='lat' dir='ltr'><strong>intercessor</strong></span> <span class='ocrx_word' id='word_1_377' title='bbox 3129 2323 3288 2377; x_wconf 87' lang='lat' dir='ltr'><strong>datus</strong></span> <span class='ocrx_word' id='word_1_378' title='bbox 3312 2332 3418 2386; x_wconf 90' lang='lat' dir='ltr'><strong>est,</strong></span> 
     </span>
    </p>
   </div>
   <div class='ocr_carea' id='block_1_62' title="bbox 1859 2411 3423 2484">
    <p class='ocr_par' dir='ltr' id='par_1_62' title="bbox 1859 2411 3423 2484">
     <span class='ocr_line' id='line_1_62' title="bbox 1859 2411 3423 2484; baseline 0.003 -20"><span class='ocrx_word' id='word_1_379' title='bbox 1859 2411 2190 2481; x_wconf 73' lang='lat' dir='ltr'><strong>quibuslibet</strong></span> <span class='ocrx_word' id='word_1_380' title='bbox 2262 2415 2582 2484; x_wconf 87' lang='lat' dir='ltr'><strong>populorum</strong></span> <span class='ocrx_word' id='word_1_381' title='bbox 2648 2415 2844 2472; x_wconf 88' lang='lat' dir='ltr'><strong>studiis</strong></span> <span class='ocrx_word' id='word_1_382' title='bbox 2919 2417 3004 2471; x_wconf 80' lang='lat' dir='ltr'><strong>vel</strong></span> <span class='ocrx_word' id='word_1_383' title='bbox 3065 2415 3423 2470; x_wconf 82' lang='lat' dir='ltr'><strong>seditionibus</strong></span> 
     </span>
    </p>
   </div>
   <div class='ocr_carea' id='block_1_63' title="bbox 1859 2504 3421 2576">
    <p class='ocr_par' dir='ltr' id='par_1_63' title="bbox 1859 2504 3421 2576">
     <span class='ocr_line' id='line_1_63' title="bbox 1859 2504 3421 2576; baseline 0.001 -19"><span class='ocrx_word' id='word_1_384' title='bbox 1859 2504 2112 2568; x_wconf 88' lang='lat' dir='ltr'><strong>retinere,</strong></span> <span class='ocrx_word' id='word_1_385' title='bbox 2147 2507 2241 2561; x_wconf 82' lang='lat' dir='ltr'><strong>sed</strong></span> <span class='ocrx_word' id='word_1_386' title='bbox 2270 2505 2400 2561; x_wconf 88' lang='lat' dir='ltr'><strong>dare</strong></span> <span class='ocrx_word' id='word_1_387' title='bbox 2429 2522 2676 2576; x_wconf 86' lang='lat' dir='ltr'><strong>operam,</strong></span> <span class='ocrx_word' id='word_1_388' title='bbox 2708 2517 2766 2564; x_wconf 91' lang='lat' dir='ltr'><strong>ut</strong></span> <span class='ocrx_word' id='word_1_389' title='bbox 2800 2509 2943 2563; x_wconf 88' lang='lat' dir='ltr'><strong>intra</strong></span> <span class='ocrx_word' id='word_1_390' title='bbox 2980 2523 3184 2562; x_wconf 73' lang='lat' dir='ltr'><strong>anitum</strong></span> <span class='ocrx_word' id='word_1_391' title='bbox 3214 2507 3421 2562; x_wconf 91' lang='lat' dir='ltr'><strong>eisdem</strong></span> 
     </span>
    </p>
   </div>
   <div class='ocr_carea' id='block_1_64' title="bbox 1858 2597 3428 2671">
    <p class='ocr_par' dir='ltr' id='par_1_64' title="bbox 1858 2597 3428 2671">
     <span class='ocr_line' id='line_1_64' title="bbox 1858 2597 3428 2671; baseline 0.001 -21"><span class='ocrx_word' id='word_1_392' title='bbox 1858 2597 2175 2666; x_wconf 79' lang='lat' dir='ltr'><strong>episcopum</strong></span> <span class='ocrx_word' id='word_1_393' title='bbox 2226 2599 2568 2667; x_wconf 74' lang='lat' dir='ltr'><strong>provideant.</strong></span> <span class='ocrx_word' id='word_1_394' title='bbox 2623 2599 2778 2665; x_wconf 84' lang='lat' dir='ltr'><strong>Quod</strong></span> <span class='ocrx_word' id='word_1_395' title='bbox 2831 2601 2877 2655; x_wconf 83' lang='lat' dir='ltr'><strong>si</strong></span> <span class='ocrx_word' id='word_1_396' title='bbox 2937 2600 3251 2671; x_wconf 74' lang='lat' dir='ltr'><strong>neglexerit,</strong></span> <span class='ocrx_word' id='word_1_397' title='bbox 3285 2613 3428 2653; x_wconf 89' lang='lat' dir='ltr'><strong>anno</strong></span> 
     </span>
    </p>
   </div>
   <div class='ocr_carea' id='block_1_65' title="bbox 1859 2688 3004 2758">
    <p class='ocr_par' dir='ltr' id='par_1_65' title="bbox 1859 2688 3004 2758">
     <span class='ocr_line' id='line_1_65' title="bbox 1859 2688 3004 2758; baseline 0.001 -12"><span class='ocrx_word' id='word_1_398' title='bbox 1859 2698 2111 2758; x_wconf 79' lang='lat' dir='ltr'><strong>exempto</strong></span> <span class='ocrx_word' id='word_1_399' title='bbox 2150 2688 2485 2746; x_wconf 85' lang='lat' dir='ltr'><strong>intervenlor</strong></span> <span class='ocrx_word' id='word_1_400' title='bbox 2524 2691 2666 2748; x_wconf 89' lang='lat' dir='ltr'><strong>alius</strong></span> <span class='ocrx_word' id='word_1_401' title='bbox 2709 2693 3004 2747; x_wconf 86' lang='lat' dir='ltr'><strong>tribuatur.</strong></span> 
     </span>
    </p>
   </div>
   <div class='ocr_carea' id='block_1_66' title="bbox 2024 2779 3261 2849">
    <p class='ocr_par' dir='ltr' id='par_1_66' title="bbox 2024 2779 3261 2849">
     <span class='ocr_line' id='line_1_66' title="bbox 2024 2779 3261 2849; baseline 0.002 -13"><span class='ocrx_word' id='word_1_402' title='bbox 2024 2779 2249 2836; x_wconf 77' lang='lat' dir='ltr'><strong>Concilii</strong></span> <span class='ocrx_word' id='word_1_403' title='bbox 2279 2784 2579 2838; x_wconf 66' lang='lat' dir='ltr'><strong>aecumenici</strong></span> <span class='ocrx_word' id='word_1_404' title='bbox 2606 2799 2657 2839; x_wconf 74' lang='lat' dir='ltr'><strong>rt</strong></span> <span class='ocrx_word' id='word_1_405' title='bbox 2685 2801 2904 2840; x_wconf 73' lang='lat' dir='ltr'><strong>canones</strong></span> <span class='ocrx_word' id='word_1_406' title='bbox 2934 2785 3018 2847; x_wconf 79' lang='lat' dir='ltr'><strong>l7,</strong></span> <span class='ocrx_word' id='word_1_407' title='bbox 3056 2785 3141 2849; x_wconf 86' lang='grc'>18,</span> <span class='ocrx_word' id='word_1_408' title='bbox 3171 2783 3261 2838; x_wconf 71' lang='grc'><strong>90.</strong></span> 
     </span>
    </p>
   </div>
   <div class='ocr_carea' id='block_1_67' title="bbox 1933 2871 3431 2944">
    <p class='ocr_par' dir='ltr' id='par_1_67' title="bbox 1933 2871 3431 2944">
     <span class='ocr_line' id='line_1_67' title="bbox 1933 2871 3431 2944; baseline 0.002 -20"><span class='ocrx_word' id='word_1_409' title='bbox 1933 2871 2020 2926; x_wconf 79' lang='lat' dir='ltr'><strong>l7.</strong></span> <span class='ocrx_word' id='word_1_410' title='bbox 2067 2871 2338 2941; x_wconf 85' lang='lat' dir='ltr'><strong>Quoniam</strong></span> <span class='ocrx_word' id='word_1_411' title='bbox 2373 2874 2714 2932; x_wconf 87' lang='lat' dir='ltr'><strong>diversarum</strong></span> <span class='ocrx_word' id='word_1_412' title='bbox 2750 2876 3143 2944; x_wconf 86' lang='lat' dir='ltr'><strong>Ecclesiarum,</strong></span> <span class='ocrx_word' id='word_1_413' title='bbox 3191 2887 3327 2940; x_wconf 88' lang='lat' dir='ltr'><strong>etc.,</strong></span> <span class='ocrx_word' id='word_1_414' title='bbox 3374 2885 3431 2928; x_wconf 83' lang='lat' dir='ltr'><strong>ut</strong></span> 
     </span>
    </p>
   </div>
   <div class='ocr_carea' id='block_1_68' title="bbox 1863 2964 2282 3034">
    <p class='ocr_par' dir='ltr' id='par_1_68' title="bbox 1863 2964 2282 3034">
     <span class='ocr_line' id='line_1_68' title="bbox 1863 2964 2282 3034; baseline 0.002 -17"><span class='ocrx_word' id='word_1_415' title='bbox 1863 2978 1980 3032; x_wconf 72' lang='lat' dir='ltr'><strong>sup.</strong></span> <span class='ocrx_word' id='word_1_416' title='bbox 2007 2980 2130 3034; x_wconf 87' lang='lat' dir='ltr'><strong><em>pag.</em></strong></span> <span class='ocrx_word' id='word_1_417' title='bbox 2153 2964 2282 3020; x_wconf 71' lang='grc'>546.</span> 
     </span>
    </p>
   </div>
   <div class='ocr_carea' id='block_1_69' title="bbox 1935 3056 3433 3128">
    <p class='ocr_par' dir='ltr' id='par_1_69' title="bbox 1935 3056 3433 3128">
     <span class='ocr_line' id='line_1_69' title="bbox 1935 3056 3433 3128; baseline 0.003 -18"><span class='ocrx_word' id='word_1_418' title='bbox 1935 3056 2023 3111; x_wconf 81' lang='grc'><strong>18.</strong></span> <span class='ocrx_word' id='word_1_419' title='bbox 2065 3056 2170 3112; x_wconf 84' lang='lat' dir='ltr'><strong>Eos</strong></span> <span class='ocrx_word' id='word_1_420' title='bbox 2192 3058 2287 3128; x_wconf 90' lang='lat' dir='ltr'><strong>qui</strong></span> <span class='ocrx_word' id='word_1_421' title='bbox 2307 3057 2609 3116; x_wconf 68' lang='lat' dir='ltr'><strong>barbaricae</strong></span> <span class='ocrx_word' id='word_1_422' title='bbox 2631 3057 2961 3116; x_wconf 82' lang='lat' dir='ltr'><strong>incursionis</strong></span> <span class='ocrx_word' id='word_1_423' title='bbox 2987 3066 3272 3128; x_wconf 70' lang='lat' dir='ltr'><strong>pnetextu,</strong></span> <span class='ocrx_word' id='word_1_424' title='bbox 3300 3069 3433 3126; x_wconf 67' lang='grc' dir='ltr'>σιτ..</span> 
     </span>
    </p>
   </div>
   <div class='ocr_carea' id='block_1_70' title="bbox 1865 3149 2230 3218">
    <p class='ocr_par' dir='ltr' id='par_1_70' title="bbox 1865 3149 2230 3218">
     <span class='ocr_line' id='line_1_70' title="bbox 1865 3149 2230 3218; baseline 0.005 -16"><span class='ocrx_word' id='word_1_425' title='bbox 1865 3157 1922 3202; x_wconf 81' lang='grc' dir='ltr'><strong>ιιι</strong></span> <span class='ocrx_word' id='word_1_426' title='bbox 1949 3165 2072 3218; x_wconf 87' lang='lat' dir='ltr'><strong><em>pag.</em></strong></span> <span class='ocrx_word' id='word_1_427' title='bbox 2104 3149 2230 3206; x_wconf 70' lang='lat'><strong>547.</strong></span> 
     </span>
    </p>
   </div>
   <div class='ocr_carea' id='block_1_71' title="bbox 1804 3231 3054 3312">
    <p class='ocr_par' dir='ltr' id='par_1_71' title="bbox 1804 3231 3054 3312">
     <span class='ocr_line' id='line_1_71' title="bbox 1804 3231 3054 3312; baseline 0.004 -20"><span class='ocrx_word' id='word_1_428' title='bbox 1804 3231 1848 3289; x_wconf 85' lang='lat' dir='ltr'><strong><em>C</em></strong></span> <span class='ocrx_word' id='word_1_429' title='bbox 1949 3239 2020 3296; x_wconf 73' lang='lat'><strong>20</strong></span> <span class='ocrx_word' id='word_1_430' title='bbox 2088 3239 3054 3312; x_wconf 74' lang='lat' dir='ltr'><strong>Nelieeatepiscopo,etc.,utibid.</strong></span> 
     </span>
    </p>
   </div>
   <div class='ocr_carea' id='block_1_72' title="bbox 2223 3353 3076 3411">
    <p class='ocr_par' dir='ltr' id='par_1_72' title="bbox 2223 3353 3076 3411">
     <span class='ocr_line' id='line_1_72' title="bbox 2223 3353 3076 3411; baseline -0.002 -2"><span class='ocrx_word' id='word_1_431' title='bbox 2223 3353 2451 3409; x_wconf 75' lang='lat' dir='ltr'><strong>Concilii</strong></span> <span class='ocrx_word' id='word_1_432' title='bbox 2489 3354 2700 3411; x_wconf 74' lang='lat' dir='ltr'><strong>Nicwm&#39;</strong></span> <span class='ocrx_word' id='word_1_433' title='bbox 2726 3369 2764 3410; x_wconf 82' lang='grc' dir='ltr'><strong>ιι</strong></span> <span class='ocrx_word' id='word_1_434' title='bbox 2790 3370 2958 3410; x_wconf 81' lang='lat' dir='ltr'><strong>canon</strong></span> <span class='ocrx_word' id='word_1_435' title='bbox 2990 3354 3076 3410; x_wconf 76' lang='grc'>10.</span> 
     </span>
    </p>
   </div>
   <div class='ocr_carea' id='block_1_73' title="bbox 1949 3465 3440 3537">
    <p class='ocr_par' dir='ltr' id='par_1_73' title="bbox 1949 3465 3440 3537">
     <span class='ocr_line' id='line_1_73' title="bbox 1949 3465 3440 3537; baseline 0.002 -19"><span class='ocrx_word' id='word_1_436' title='bbox 1949 3465 2104 3532; x_wconf 82' lang='lat' dir='ltr'><strong>Quod</strong></span> <span class='ocrx_word' id='word_1_437' title='bbox 2153 3482 2255 3520; x_wconf 83' lang='lat' dir='ltr'><strong>non</strong></span> <span class='ocrx_word' id='word_1_438' title='bbox 2293 3477 2498 3537; x_wconf 82' lang='lat' dir='ltr'><strong>oportet</strong></span> <span class='ocrx_word' id='word_1_439' title='bbox 2546 3467 2784 3534; x_wconf 77' lang='lat' dir='ltr'><strong>clericos,</strong></span> <span class='ocrx_word' id='word_1_440' title='bbox 2831 3484 2928 3522; x_wconf 76' lang='lat' dir='ltr'><strong>sua</strong></span> <span class='ocrx_word' id='word_1_441' title='bbox 2969 3468 3154 3522; x_wconf 74' lang='lat' dir='ltr'><strong>relicta</strong></span> <span class='ocrx_word' id='word_1_442' title='bbox 3187 3466 3440 3537; x_wconf 77' lang='lat' dir='ltr'><strong>paraecia,</strong></span> 
     </span>
    </p>
   </div>
   <div class='ocr_carea' id='block_1_74' title="bbox 1870 3559 2938 3633">
    <p class='ocr_par' dir='ltr' id='par_1_74' title="bbox 1870 3559 2938 3633">
     <span class='ocr_line' id='line_1_74' title="bbox 1870 3559 2938 3633; baseline 0.002 -19"><span class='ocrx_word' id='word_1_443' title='bbox 1870 3562 1930 3614; x_wconf 79' lang='lat' dir='ltr'><strong>in</strong></span> <span class='ocrx_word' id='word_1_444' title='bbox 1954 3559 2123 3616; x_wconf 78' lang='lat' dir='ltr'><strong>aliam</strong></span> <span class='ocrx_word' id='word_1_445' title='bbox 2156 3573 2454 3629; x_wconf 75' lang='lat' dir='ltr'><strong>excurrere,</strong></span> <span class='ocrx_word' id='word_1_446' title='bbox 2481 3561 2652 3618; x_wconf 72' lang='lat' dir='ltr'><strong>nescio</strong></span> <span class='ocrx_word' id='word_1_447' title='bbox 2670 3561 2938 3633; x_wconf 77' lang='lat' dir='ltr'><strong>episcopo.</strong></span> 
     </span>
    </p>
   </div>
   <div class='ocr_carea' id='block_1_75' title="bbox 1952 3761 3444 3838">
    <p class='ocr_par' dir='ltr' id='par_1_75' title="bbox 1952 3761 3444 3838">
     <span class='ocr_line' id='line_1_75' title="bbox 1952 3761 3444 3838; baseline 0.005 -22"><span class='ocrx_word' id='word_1_448' title='bbox 1952 3761 2041 3816; x_wconf 69' lang='grc'><strong>10.</strong></span> <span class='ocrx_word' id='word_1_449' title='bbox 2085 3761 2356 3829; x_wconf 85' lang='lat' dir='ltr'><strong>Quoniam</strong></span> <span class='ocrx_word' id='word_1_450' title='bbox 2388 3766 2636 3822; x_wconf 88' lang='lat' dir='ltr'><strong>nonnulli</strong></span> <span class='ocrx_word' id='word_1_451' title='bbox 2662 3765 2866 3833; x_wconf 88' lang='lat' dir='ltr'><strong>clerici,</strong></span> <span class='ocrx_word' id='word_1_452' title='bbox 2903 3766 3067 3838; x_wconf 80' lang='lat'><strong>197</strong></span> <span class='ocrx_word' id='word_1_453' title='bbox 3126 3767 3444 3824; x_wconf 81' lang='lat' dir='ltr'><strong>canonicam</strong></span> 
     </span>
    </p>
   </div>
   <div class='ocr_carea' id='block_1_76' title="bbox 1881 3851 3447 3928">
    <p class='ocr_par' dir='ltr' id='par_1_76' title="bbox 1881 3851 3447 3928">
     <span class='ocr_line' id='line_1_76' title="bbox 1881 3851 3447 3928; baseline 0.004 -20"><span class='ocrx_word' id='word_1_454' title='bbox 1881 3853 2324 3910; x_wconf 85' lang='lat' dir='ltr'><strong>constitutionem</strong></span> <span class='ocrx_word' id='word_1_455' title='bbox 2363 3851 2897 3924; x_wconf 75' lang='lat' dir='ltr'><strong>cir&#39;cumscribentcs,</strong></span> <span class='ocrx_word' id='word_1_456' title='bbox 2923 3873 3024 3914; x_wconf 84' lang='lat' dir='ltr'><strong>sua</strong></span> <span class='ocrx_word' id='word_1_457' title='bbox 3051 3857 3237 3913; x_wconf 88' lang='lat' dir='ltr'><strong>relicta</strong></span> <span class='ocrx_word' id='word_1_458' title='bbox 3265 3874 3447 3928; x_wconf 85' lang='lat' dir='ltr'><strong>parce-</strong></span> 
     </span>
    </p>
   </div>
   <div class='ocr_carea' id='block_1_77' title="bbox 1881 3945 3447 4020">
    <p class='ocr_par' dir='ltr' id='par_1_77' title="bbox 1881 3945 3447 4020">
     <span class='ocr_line' id='line_1_77' title="bbox 1881 3945 3447 4020; baseline 0.001 -20"><span class='ocrx_word' id='word_1_459' title='bbox 1881 3945 1989 4010; x_wconf 84' lang='lat' dir='ltr'><strong>cia,</strong></span> <span class='ocrx_word' id='word_1_460' title='bbox 2023 3946 2076 4000; x_wconf 91' lang='lat' dir='ltr'><strong>in</strong></span> <span class='ocrx_word' id='word_1_461' title='bbox 2109 3945 2245 4000; x_wconf 90' lang='lat' dir='ltr'><strong>alias</strong></span> <span class='ocrx_word' id='word_1_462' title='bbox 2270 3946 2541 4016; x_wconf 73' lang='lat' dir='ltr'><strong>paroecias</strong></span> <span class='ocrx_word' id='word_1_463' title='bbox 2569 3957 2886 4016; x_wconf 80' lang='lat' dir='ltr'><strong>excurrunt,</strong></span> <span class='ocrx_word' id='word_1_464' title='bbox 2931 3959 2990 4005; x_wconf 87' lang='lat' dir='ltr'><strong>ut</strong></span> <span class='ocrx_word' id='word_1_465' title='bbox 3014 3949 3310 4020; x_wconf 87' lang='lat' dir='ltr'><strong>plurimum</strong></span> <span class='ocrx_word' id='word_1_466' title='bbox 3342 3963 3447 4004; x_wconf 88' lang='lat' dir='ltr'><strong>au-</strong></span> 
     </span>
    </p>
   </div>
   <div class='ocr_carea' id='block_1_78' title="bbox 1884 4035 3448 4110">
    <p class='ocr_par' dir='ltr' id='par_1_78' title="bbox 1884 4035 3448 4110">
     <span class='ocr_line' id='line_1_78' title="bbox 1884 4035 3448 4110; baseline 0 -18"><span class='ocrx_word' id='word_1_467' title='bbox 1884 4045 1992 4094; x_wconf 89' lang='lat' dir='ltr'><strong>tem</strong></span> <span class='ocrx_word' id='word_1_468' title='bbox 2044 4035 2098 4090; x_wconf 88' lang='lat' dir='ltr'><strong>in</strong></span> <span class='ocrx_word' id='word_1_469' title='bbox 2151 4037 2292 4093; x_wconf 85' lang='lat' dir='ltr'><strong>hanc</strong></span> <span class='ocrx_word' id='word_1_470' title='bbox 2333 4053 2365 4092; x_wconf 85' lang='lat' dir='ltr'><strong>a</strong></span> <span class='ocrx_word' id='word_1_471' title='bbox 2414 4043 2534 4103; x_wconf 87' lang='lat' dir='ltr'><strong>Deo</strong></span> <span class='ocrx_word' id='word_1_472' title='bbox 2581 4039 2905 4093; x_wconf 87' lang='lat' dir='ltr'><strong>custoditam</strong></span> <span class='ocrx_word' id='word_1_473' title='bbox 2940 4048 3016 4102; x_wconf 64' lang='lat' dir='ltr'><strong>,ct</strong></span> <span class='ocrx_word' id='word_1_474' title='bbox 3045 4039 3448 4110; x_wconf 88' lang='lat' dir='ltr'><strong>imperatoriam</strong></span> 
     </span>
    </p>
   </div>
   <div class='ocr_carea' id='block_1_79' title="bbox 1885 4127 3450 4201">
    <p class='ocr_par' dir='ltr' id='par_1_79' title="bbox 1885 4127 3450 4201">
     <span class='ocr_line' id='line_1_79' title="bbox 1885 4127 3450 4201; baseline 0 -17"><span class='ocrx_word' id='word_1_475' title='bbox 1885 4127 2096 4195; x_wconf 56' lang='lat' dir='ltr'><strong>urbem,</strong></span> <span class='ocrx_word' id='word_1_476' title='bbox 2137 4139 2193 4187; x_wconf 90' lang='lat' dir='ltr'><strong>et</strong></span> <span class='ocrx_word' id='word_1_477' title='bbox 2238 4130 2378 4200; x_wconf 82' lang='lat' dir='ltr'><strong>apud</strong></span> <span class='ocrx_word' id='word_1_478' title='bbox 2418 4131 2690 4201; x_wconf 85' lang='lat' dir='ltr'><strong>principes</strong></span> <span class='ocrx_word' id='word_1_479' title='bbox 2723 4131 2986 4196; x_wconf 84' lang='lat' dir='ltr'><strong>assident,</strong></span> <span class='ocrx_word' id='word_1_480' title='bbox 3049 4141 3102 4186; x_wconf 89' lang='lat' dir='ltr'><strong>et</strong></span> <span class='ocrx_word' id='word_1_481' title='bbox 3155 4133 3209 4185; x_wconf 89' lang='lat' dir='ltr'><strong>in</strong></span> <span class='ocrx_word' id='word_1_482' title='bbox 3262 4146 3450 4186; x_wconf 88' lang='lat' dir='ltr'><strong>eorum</strong></span> 
     </span>
    </p>
   </div>
   <div class='ocr_carea' id='block_1_80' title="bbox 1886 4221 3453 4293">
    <p class='ocr_par' dir='ltr' id='par_1_80' title="bbox 1886 4221 3453 4293">
     <span class='ocr_line' id='line_1_80' title="bbox 1886 4221 3453 4293; baseline -0.001 -16"><span class='ocrx_word' id='word_1_483' title='bbox 1886 4221 2139 4277; x_wconf 85' lang='lat' dir='ltr'><strong>oratoriis</strong></span> <span class='ocrx_word' id='word_1_484' title='bbox 2180 4222 2364 4277; x_wconf 82' lang='lat' dir='ltr'><strong>divina</strong></span> <span class='ocrx_word' id='word_1_485' title='bbox 2396 4223 2654 4293; x_wconf 78' lang='lat' dir='ltr'><strong>mysteria</strong></span> <span class='ocrx_word' id='word_1_486' title='bbox 2685 4223 2890 4277; x_wconf 78' lang='lat' dir='ltr'><strong>faciunt</strong></span> <span class='ocrx_word' id='word_1_487' title='bbox 2918 4241 2932 4276; x_wconf 91' lang='lat'><strong>:</strong></span> <span class='ocrx_word' id='word_1_488' title='bbox 2967 4237 3062 4278; x_wconf 91' lang='lat' dir='ltr'><strong>cos</strong></span> <span class='ocrx_word' id='word_1_489' title='bbox 3092 4223 3208 4278; x_wconf 91' lang='lat' dir='ltr'><strong>sine</strong></span> <span class='ocrx_word' id='word_1_490' title='bbox 3235 4223 3453 4293; x_wconf 79' lang='lat' dir='ltr'><strong>proprip</strong></span> 
     </span>
    </p>
   </div>
   <div class='ocr_carea' id='block_1_81' title="bbox 1885 4311 3455 4383">
    <p class='ocr_par' dir='ltr' id='par_1_81' title="bbox 1885 4311 3455 4383">
     <span class='ocr_line' id='line_1_81' title="bbox 1885 4311 3455 4383; baseline 0 -15"><span class='ocrx_word' id='word_1_491' title='bbox 1885 4316 2141 4383; x_wconf 85' lang='lat' dir='ltr'><strong>episcopo</strong></span> <span class='ocrx_word' id='word_1_492' title='bbox 2170 4321 2224 4368; x_wconf 90' lang='lat' dir='ltr'><strong>et</strong></span> <span class='ocrx_word' id='word_1_493' title='bbox 2251 4311 2856 4383; x_wconf 85' lang='lat' dir='ltr'><strong>Constantinopolitano</strong></span> <span class='ocrx_word' id='word_1_494' title='bbox 2887 4327 2995 4368; x_wconf 90' lang='lat' dir='ltr'><strong>non</strong></span> <span class='ocrx_word' id='word_1_495' title='bbox 3025 4313 3150 4368; x_wconf 87' lang='lat' dir='ltr'><strong>licet</strong></span> <span class='ocrx_word' id='word_1_496' title='bbox 3184 4312 3235 4366; x_wconf 91' lang='lat' dir='ltr'><strong>in</strong></span> <span class='ocrx_word' id='word_1_497' title='bbox 3262 4313 3455 4382; x_wconf 86' lang='lat' dir='ltr'><strong>quavis</strong></span> 
     </span>
    </p>
   </div>
   <div class='ocr_carea' id='block_1_82' title="bbox 1886 4402 3454 4475">
    <p class='ocr_par' dir='ltr' id='par_1_82' title="bbox 1886 4402 3454 4475">
     <span class='ocr_line' id='line_1_82' title="bbox 1886 4402 3454 4475; baseline -0.001 -17"><span class='ocrx_word' id='word_1_498' title='bbox 1886 4405 2000 4458; x_wconf 75' lang='lat' dir='ltr'><strong>:ede</strong></span> <span class='ocrx_word' id='word_1_499' title='bbox 2031 4405 2114 4460; x_wconf 75' lang='lat' dir='ltr'><strong>Vel</strong></span> <span class='ocrx_word' id='word_1_500' title='bbox 2141 4404 2367 4460; x_wconf 89' lang='lat' dir='ltr'><strong>ecclesia</strong></span> <span class='ocrx_word' id='word_1_501' title='bbox 2398 4405 2584 4475; x_wconf 88' lang='lat' dir='ltr'><strong>recipi.</strong></span> <span class='ocrx_word' id='word_1_502' title='bbox 2642 4404 2698 4459; x_wconf 87' lang='lat' dir='ltr'><strong>Si</strong></span> <span class='ocrx_word' id='word_1_503' title='bbox 2730 4405 2855 4475; x_wconf 83' lang='lat' dir='ltr'><strong>quis</strong></span> <span class='ocrx_word' id='word_1_504' title='bbox 2885 4414 3062 4460; x_wconf 88' lang='lat' dir='ltr'><strong>autem</strong></span> <span class='ocrx_word' id='word_1_505' title='bbox 3111 4407 3212 4459; x_wconf 89' lang='lat' dir='ltr'><strong>hoc</strong></span> <span class='ocrx_word' id='word_1_506' title='bbox 3245 4402 3454 4466; x_wconf 82' lang='lat' dir='ltr'><strong>fecerit,</strong></span> 
     </span>
    </p>
   </div>
   <div class='ocr_carea' id='block_1_83' title="bbox 1889 4493 3455 4565">
    <p class='ocr_par' dir='ltr' id='par_1_83' title="bbox 1889 4493 3455 4565">
     <span class='ocr_line' id='line_1_83' title="bbox 1889 4493 3455 4565; baseline -0.003 -15"><span class='ocrx_word' id='word_1_507' title='bbox 1889 4495 1934 4550; x_wconf 87' lang='lat' dir='ltr'><strong>si</strong></span> <span class='ocrx_word' id='word_1_508' title='bbox 1967 4506 2294 4564; x_wconf 82' lang='lat' dir='ltr'><strong>perseveret,</strong></span> <span class='ocrx_word' id='word_1_509' title='bbox 2349 4494 2669 4563; x_wconf 89' lang='lat' dir='ltr'><strong>deponatur.</strong></span> <span class='ocrx_word' id='word_1_510' title='bbox 2726 4493 3048 4565; x_wconf 88' lang='lat' dir='ltr'><strong>Quicunque</strong></span> <span class='ocrx_word' id='word_1_511' title='bbox 3097 4503 3281 4549; x_wconf 87' lang='lat' dir='ltr'><strong>autem</strong></span> <span class='ocrx_word' id='word_1_512' title='bbox 3331 4509 3455 4547; x_wconf 88' lang='lat' dir='ltr'><strong>cum</strong></span> 
     </span>
    </p>
   </div>
   <div class='ocr_carea' id='block_1_84' title="bbox 217 4575 1809 4666">
    <p class='ocr_par' dir='ltr' id='par_1_84' title="bbox 217 4581 1785 4666">
     <span class='ocr_line' id='line_1_84' title="bbox 217 4581 1785 4666; baseline 0.002 -32"><span class='ocrx_word' id='word_1_513' title='bbox 217 4581 442 4653; x_wconf 88' lang='grc' dir='ltr'>ρείσοω,</span> <span class='ocrx_word' id='word_1_514' title='bbox 488 4582 604 4635; x_wconf 78' lang='grc' dir='ltr'>ὅσοι</span> <span class='ocrx_word' id='word_1_515' title='bbox 663 4581 721 4635; x_wconf 84' lang='grc' dir='ltr'>δὲ</span> <span class='ocrx_word' id='word_1_516' title='bbox 768 4583 885 4652; x_wconf 81' lang='grc' dir='ltr'>μετ’</span> <span class='ocrx_word' id='word_1_517' title='bbox 918 4582 1173 4652; x_wconf 83' lang='grc' dir='ltr'>εἰδήσεως</span> <span class='ocrx_word' id='word_1_518' title='bbox 1223 4581 1344 4666; x_wconf 47' lang='grc' dir='ltr'>τῶν.</span> <span class='ocrx_word' id='word_1_519' title='bbox 1381 4581 1785 4653; x_wconf 85' lang='grc' dir='ltr'>προλεχθέντων</span> 
     </span>
    </p>
   </div>
   <div class='ocr_carea' id='block_1_85' title="bbox 1875 4575 3456 4666">
    <p class='ocr_par' dir='ltr' id='par_1_85' title="bbox 1889 4585 3456 4656">
     <span class='ocr_line' id='line_1_85' title="bbox 1889 4585 3456 4656; baseline 0.001 -17"><span class='ocrx_word' id='word_1_520' title='bbox 1889 4586 2273 4656; x_wconf 74' lang='lat' dir='ltr'><strong>prardictorum</strong></span> <span class='ocrx_word' id='word_1_521' title='bbox 2333 4585 2674 4641; x_wconf 85' lang='lat' dir='ltr'><strong>sacerdotum</strong></span> <span class='ocrx_word' id='word_1_522' title='bbox 2725 4601 2998 4642; x_wconf 88' lang='lat' dir='ltr'><strong>consensu</strong></span> <span class='ocrx_word' id='word_1_523' title='bbox 3071 4586 3176 4642; x_wconf 83' lang='lat' dir='ltr'><strong>hoc</strong></span> <span class='ocrx_word' id='word_1_524' title='bbox 3224 4585 3456 4651; x_wconf 63' lang='lat' dir='ltr'><strong>faciunt,</strong></span> 
     </span>
    </p>
   </div>
   <div class='ocr_carea' id='block_1_86' title="bbox 218 4671 1809 4744">
    <p class='ocr_par' dir='ltr' id='par_1_86' title="bbox 218 4671 1788 4744">
     <span class='ocr_line' id='line_1_86' title="bbox 218 4671 1788 4744; baseline 0 -18"><span class='ocrx_word' id='word_1_525' title='bbox 218 4673 417 4744; x_wconf 67' lang='grc' dir='ltr'>ἱερέων</span> <span class='ocrx_word' id='word_1_526' title='bbox 440 4671 622 4741; x_wconf 64' lang='grc' dir='ltr'>έτοῦτο</span> <span class='ocrx_word' id='word_1_527' title='bbox 668 4673 935 4739; x_wconf 81' lang='grc' dir='ltr'>ποιοῦσιν,</span> <span class='ocrx_word' id='word_1_528' title='bbox 967 4673 1068 4726; x_wconf 86' lang='grc' dir='ltr'><strong>οὐκ</strong></span> <span class='ocrx_word' id='word_1_529' title='bbox 1094 4672 1268 4738; x_wconf 77' lang='grc' dir='ltr'>ἔξεστι</span> <span class='ocrx_word' id='word_1_530' title='bbox 1303 4673 1486 4737; x_wconf 84' lang='grc' dir='ltr'>αὐτοῖς</span> <span class='ocrx_word' id='word_1_531' title='bbox 1520 4674 1788 4744; x_wconf 83' lang='grc' dir='ltr'>κοσμικὰς</span> 
     </span>
    </p>
   </div>
   <div class='ocr_carea' id='block_1_87' title="bbox 1875 4671 3461 4744">
    <p class='ocr_par' dir='ltr' id='par_1_87' title="bbox 1893 4675 3461 4732">
     <span class='ocr_line' id='line_1_87' title="bbox 1893 4675 3461 4732; baseline 0 -2"><span class='ocrx_word' id='word_1_532' title='bbox 1893 4691 2002 4730; x_wconf 89' lang='lat' dir='ltr'><strong>non</strong></span> <span class='ocrx_word' id='word_1_533' title='bbox 2048 4676 2174 4731; x_wconf 90' lang='lat' dir='ltr'><strong>licet</strong></span> <span class='ocrx_word' id='word_1_534' title='bbox 2209 4675 2290 4730; x_wconf 91' lang='lat' dir='ltr'><strong>eis</strong></span> <span class='ocrx_word' id='word_1_535' title='bbox 2319 4689 2480 4730; x_wconf 86' lang='lat' dir='ltr'><strong>curas</strong></span> <span class='ocrx_word' id='word_1_536' title='bbox 2531 4675 2822 4731; x_wconf 58' lang='lat' dir='ltr'><strong>saeculares</strong></span> <span class='ocrx_word' id='word_1_537' title='bbox 2854 4685 2908 4731; x_wconf 89' lang='lat' dir='ltr'><strong>et</strong></span> <span class='ocrx_word' id='word_1_538' title='bbox 2939 4675 3243 4732; x_wconf 86' lang='lat' dir='ltr'><strong>mundanas</strong></span> <span class='ocrx_word' id='word_1_539' title='bbox 3287 4676 3461 4732; x_wconf 83' lang='lat' dir='ltr'><strong>susci-</strong></span> 
     </span>
    </p>
   </div>
   <div class='ocr_carea' id='block_1_88' title="bbox 217 4763 1791 4836">
    <p class='ocr_par' dir='ltr' id='par_1_88' title="bbox 217 4763 1791 4836">
     <span class='ocr_line' id='line_1_88' title="bbox 217 4763 1791 4836; baseline -0.001 -17"><span class='ocrx_word' id='word_1_540' title='bbox 217 4766 316 4819; x_wconf 71' lang='grc' dir='ltr'>καὶ</span> <span class='ocrx_word' id='word_1_541' title='bbox 359 4764 618 4836; x_wconf 83' lang='grc' dir='ltr'>βιωτικὰς</span> <span class='ocrx_word' id='word_1_542' title='bbox 653 4765 935 4836; x_wconf 84' lang='grc' dir='ltr'>φροντίδας</span> <span class='ocrx_word' id='word_1_543' title='bbox 969 4763 1467 4835; x_wconf 82' lang='grc' dir='ltr'>ἀναλαμϐάνεσθαι,</span> <span class='ocrx_word' id='word_1_544' title='bbox 1503 4763 1579 4828; x_wconf 83' lang='grc' dir='ltr'><strong>ὡς</strong></span> <span class='ocrx_word' id='word_1_545' title='bbox 1615 4781 1791 4818; x_wconf 85' lang='grc' dir='ltr'>κεκω-</span> 
     </span>
    </p>
   </div>
   <div class='ocr_carea' id='block_1_89' title="bbox 217 4854 1783 4926">
    <p class='ocr_par' dir='ltr' id='par_1_89' title="bbox 217 4854 1783 4926">
     <span class='ocr_line' id='line_1_89' title="bbox 217 4854 1783 4926; baseline 0.001 -19"><span class='ocrx_word' id='word_1_546' title='bbox 217 4854 477 4926; x_wconf 82' lang='grc' dir='ltr'>λυμένοις</span> <span class='ocrx_word' id='word_1_547' title='bbox 504 4854 662 4909; x_wconf 80' lang='grc' dir='ltr'>τοῦτο</span> <span class='ocrx_word' id='word_1_548' title='bbox 694 4857 864 4908; x_wconf 86' lang='grc' dir='ltr'>ποιεῖν</span> <span class='ocrx_word' id='word_1_549' title='bbox 887 4854 1038 4926; x_wconf 78' lang='grc' dir='ltr'>παρὰ</span> <span class='ocrx_word' id='word_1_550' title='bbox 1069 4855 1176 4909; x_wconf 82' lang='grc' dir='ltr'>τῶν</span> <span class='ocrx_word' id='word_1_551' title='bbox 1217 4854 1377 4908; x_wconf 84' lang='grc' dir='ltr'>θείων</span> <span class='ocrx_word' id='word_1_552' title='bbox 1408 4854 1672 4909; x_wconf 84' lang='grc' dir='ltr'>κανόνων.</span> <span class='ocrx_word' id='word_1_553' title='bbox 1715 4855 1783 4909; x_wconf 76' lang='lat' dir='ltr'><strong>Ei</strong></span> 
     </span>
    </p>
   </div>
   <div class='ocr_carea' id='block_1_90' title="bbox 219 4945 1790 5018">
    <p class='ocr_par' dir='ltr' id='par_1_90' title="bbox 219 4945 1790 5018">
     <span class='ocr_line' id='line_1_90' title="bbox 219 4945 1790 5018; baseline 0 -19"><span class='ocrx_word' id='word_1_554' title='bbox 219 4947 277 5012; x_wconf 65' lang='grc' dir='ltr'><strong>δέ</strong></span> <span class='ocrx_word' id='word_1_555' title='bbox 345 4964 430 5009; x_wconf 88' lang='grc' dir='ltr'><strong>τις</strong></span> <span class='ocrx_word' id='word_1_556' title='bbox 481 4946 764 5018; x_wconf 79' lang='grc' dir='ltr'>φωραθείη</span> <span class='ocrx_word' id='word_1_557' title='bbox 814 4945 920 4999; x_wconf 84' lang='grc' dir='ltr'><strong>τῶν</strong></span> <span class='ocrx_word' id='word_1_558' title='bbox 965 4946 1274 5015; x_wconf 87' lang='grc' dir='ltr'>λεγομένων</span> <span class='ocrx_word' id='word_1_559' title='bbox 1333 4945 1663 5016; x_wconf 82' lang='grc' dir='ltr'>μειζοτέρων</span> <span class='ocrx_word' id='word_1_560' title='bbox 1689 4945 1790 5015; x_wconf 84' lang='grc' dir='ltr'>τὴν</span> 
     </span>
    </p>
   </div>
   <div class='ocr_carea' id='block_1_91' title="bbox 225 5035 1791 5108">
    <p class='ocr_par' dir='ltr' id='par_1_91' title="bbox 225 5035 1791 5108">
     <span class='ocr_line' id='line_1_91' title="bbox 225 5035 1791 5108; baseline -0.002 -17"><span class='ocrx_word' id='word_1_561' title='bbox 225 5037 485 5108; x_wconf 77' lang='grc' dir='ltr'>φροντίδα</span> <span class='ocrx_word' id='word_1_562' title='bbox 512 5037 742 5107; x_wconf 87' lang='grc' dir='ltr'>ἐπέχων,</span> <span class='ocrx_word' id='word_1_563' title='bbox 763 5039 796 5105; x_wconf 84' lang='grc' dir='ltr'>ἢ</span> <span class='ocrx_word' id='word_1_564' title='bbox 823 5035 1122 5091; x_wconf 80' lang='grc' dir='ltr'>παυσάσθω</span> <span class='ocrx_word' id='word_1_565' title='bbox 1150 5036 1184 5106; x_wconf 80' lang='grc' dir='ltr'>ἢ</span> <span class='ocrx_word' id='word_1_566' title='bbox 1215 5035 1581 5106; x_wconf 83' lang='grc' dir='ltr'>καθαιρείσθω</span> <span class='ocrx_word' id='word_1_567' title='bbox 1603 5053 1618 5067; x_wconf 87' lang='grc'><strong>·</strong></span> <span class='ocrx_word' id='word_1_568' title='bbox 1652 5035 1791 5106; x_wconf 83' lang='grc' dir='ltr'>μᾶλ-</span> 
     </span>
    </p>
   </div>
   <div class='ocr_carea' id='block_1_92' title="bbox 222 5124 1795 5200">
    <p class='ocr_par' dir='ltr' id='par_1_92' title="bbox 222 5124 1795 5200">
     <span class='ocr_line' id='line_1_92' title="bbox 222 5124 1795 5200; baseline -0.001 -17"><span class='ocrx_word' id='word_1_569' title='bbox 222 5129 314 5192; x_wconf 74' lang='grc' dir='ltr'><strong>λον</strong></span> <span class='ocrx_word' id='word_1_570' title='bbox 340 5129 440 5199; x_wconf 79' lang='grc' dir='ltr'><strong>μὲν</strong></span> <span class='ocrx_word' id='word_1_571' title='bbox 471 5124 566 5182; x_wconf 80' lang='grc' dir='ltr'>οὖν</span> <span class='ocrx_word' id='word_1_572' title='bbox 594 5130 709 5200; x_wconf 77' lang='grc' dir='ltr'><strong>ῆτω</strong></span> <span class='ocrx_word' id='word_1_573' title='bbox 751 5129 889 5200; x_wconf 77' lang='grc' dir='ltr'>πρὸς</span> <span class='ocrx_word' id='word_1_574' title='bbox 934 5127 1282 5181; x_wconf 86' lang='grc' dir='ltr'>διδασκαλίαν</span> <span class='ocrx_word' id='word_1_575' title='bbox 1329 5129 1440 5180; x_wconf 85' lang='grc' dir='ltr'>τῶν</span> <span class='ocrx_word' id='word_1_576' title='bbox 1496 5144 1555 5180; x_wconf 86' lang='grc' dir='ltr'><strong>τε</strong></span> <span class='ocrx_word' id='word_1_577' title='bbox 1588 5126 1795 5182; x_wconf 86' lang='grc' dir='ltr'>παίδων</span> 
     </span>
    </p>
   </div>
   <div class='ocr_carea' id='block_1_93' title="bbox 224 5220 1798 5290">
    <p class='ocr_par' dir='ltr' id='par_1_93' title="bbox 224 5220 1798 5290">
     <span class='ocr_line' id='line_1_93' title="bbox 224 5220 1798 5290; baseline 0.001 -15"><span class='ocrx_word' id='word_1_578' title='bbox 224 5223 322 5275; x_wconf 67' lang='grc' dir='ltr'><strong>καὶ</strong></span> <span class='ocrx_word' id='word_1_579' title='bbox 344 5222 456 5275; x_wconf 86' lang='grc' dir='ltr'>τῶν</span> <span class='ocrx_word' id='word_1_580' title='bbox 488 5222 738 5286; x_wconf 73' lang='grc' dir='ltr'>οἰκετῶν,</span> <span class='ocrx_word' id='word_1_581' title='bbox 771 5221 1230 5290; x_wconf 83' lang='grc' dir='ltr'>ἐπαναγινώσκων</span> <span class='ocrx_word' id='word_1_582' title='bbox 1273 5220 1455 5284; x_wconf 81' lang='grc' dir='ltr'>αὐτοῖς</span> <span class='ocrx_word' id='word_1_583' title='bbox 1495 5221 1593 5286; x_wconf 81' lang='grc' dir='ltr'>τὰς</span> <span class='ocrx_word' id='word_1_584' title='bbox 1648 5221 1798 5286; x_wconf 84' lang='grc' dir='ltr'>θείας</span> 
     </span>
    </p>
   </div>
   <div class='ocr_carea' id='block_1_94' title="bbox 226 5311 1787 5385">
    <p class='ocr_par' dir='ltr' id='par_1_94' title="bbox 226 5311 1787 5385">
     <span class='ocr_line' id='line_1_94' title="bbox 226 5311 1787 5385; baseline 0.003 -21"><span class='ocrx_word' id='word_1_585' title='bbox 226 5311 482 5383; x_wconf 80' lang='grc' dir='ltr'>Γραφάς’</span> <span class='ocrx_word' id='word_1_586' title='bbox 515 5313 594 5376; x_wconf 84' lang='grc' dir='ltr'><strong>είς</strong></span> <span class='ocrx_word' id='word_1_587' title='bbox 628 5311 785 5367; x_wconf 82' lang='grc' dir='ltr'>τοῦτο</span> <span class='ocrx_word' id='word_1_588' title='bbox 809 5313 921 5384; x_wconf 80' lang='grc' dir='ltr'><strong>γὰρ</strong></span> <span class='ocrx_word' id='word_1_589' title='bbox 946 5313 1041 5368; x_wconf 74' lang='grc' dir='ltr'>καὶ</span> <span class='ocrx_word' id='word_1_590' title='bbox 1078 5311 1178 5382; x_wconf 81' lang='grc' dir='ltr'>τὴν</span> <span class='ocrx_word' id='word_1_591' title='bbox 1206 5312 1510 5383; x_wconf 75' lang='grc' dir='ltr'>ἱερωσύνην</span> <span class='ocrx_word' id='word_1_592' title='bbox 1541 5312 1787 5385; x_wconf 82' lang='grc' dir='ltr'>ἐκληρώ-</span> 
     </span>
    </p>
   </div>
   <div class='ocr_carea' id='block_1_95' title="bbox 230 5419 385 5463">
    <p class='ocr_par' dir='ltr' id='par_1_95' title="bbox 230 5419 385 5463">
     <span class='ocr_line' id='line_1_95' title="bbox 230 5419 385 5463; baseline 0.039 -7"><span class='ocrx_word' id='word_1_593' title='bbox 230 5419 385 5463; x_wconf 85' lang='grc' dir='ltr'>σατο.</span> 
     </span>
    </p>
   </div>
   <div class='ocr_carea' id='block_1_96' title="bbox 303 5574 1576 5648">
    <p class='ocr_par' dir='ltr' id='par_1_96' title="bbox 303 5574 1576 5648">
     <span class='ocr_line' id='line_1_96' title="bbox 303 5574 1576 5648; baseline -0.004 -15"><span class='ocrx_word' id='word_1_594' title='bbox 303 5578 348 5610; x_wconf 79' lang='grc'><strong>’⁸</strong></span> <span class='ocrx_word' id='word_1_595' title='bbox 381 5577 552 5633; x_wconf 82' lang='lat' dir='ltr'><strong>Coac.</strong></span> <span class='ocrx_word' id='word_1_596' title='bbox 585 5577 842 5648; x_wconf 79' lang='lat' dir='ltr'><strong>Carthag.</strong></span> <span class='ocrx_word' id='word_1_597' title='bbox 881 5591 933 5644; x_wconf 76' lang='grc' dir='ltr'><strong>ν,</strong></span> <span class='ocrx_word' id='word_1_598' title='bbox 960 5590 1082 5632; x_wconf 84' lang='lat' dir='ltr'><strong>can.</strong></span> <span class='ocrx_word' id='word_1_599' title='bbox 1105 5575 1160 5630; x_wconf 89' lang='lat'><strong>8.</strong></span> <span class='ocrx_word' id='word_1_600' title='bbox 1197 5574 1370 5630; x_wconf 84' lang='lat' dir='ltr'><strong>Alric.</strong></span> <span class='ocrx_word' id='word_1_601' title='bbox 1403 5589 1452 5630; x_wconf 87' lang='lat' dir='ltr'><strong>c.</strong></span> <span class='ocrx_word' id='word_1_602' title='bbox 1485 5576 1576 5630; x_wconf 69' lang='lat'><strong>4|.</strong></span> 
     </span>
    </p>
   </div>
   <div class='ocr_carea' id='block_1_97' title="bbox 309 5739 1536 5814">
    <p class='ocr_par' dir='ltr' id='par_1_97' title="bbox 309 5739 1536 5814">
     <span class='ocr_line' id='line_1_97' title="bbox 309 5739 1536 5814; baseline 0 -21"><span class='ocrx_word' id='word_1_603' title='bbox 309 5743 421 5814; x_wconf 73' lang='lat'><strong>(6|)</strong></span> <span class='ocrx_word' id='word_1_604' title='bbox 449 5744 635 5814; x_wconf 62' lang='lat' dir='ltr'><strong>Graece</strong></span> <span class='ocrx_word' id='word_1_605' title='bbox 662 5743 966 5810; x_wconf 68' lang='lat' dir='ltr'><strong>peregrinus</strong></span> <span class='ocrx_word' id='word_1_606' title='bbox 1003 5739 1092 5796; x_wconf 86' lang='lat' dir='ltr'><strong>hic</strong></span> <span class='ocrx_word' id='word_1_607' title='bbox 1124 5741 1346 5814; x_wconf 79' lang='lat' dir='ltr'><strong>dicitur,</strong></span> <span class='ocrx_word' id='word_1_608' title='bbox 1377 5739 1536 5794; x_wconf 88' lang='lat' dir='ltr'><strong>male.</strong></span> 
     </span>
    </p>
   </div>
   <div class='ocr_carea' id='block_1_98' title="bbox 1881 4763 3459 4836">
    <p class='ocr_par' dir='ltr' id='par_1_98' title="bbox 1881 4763 3459 4836">
     <span class='ocr_line' id='line_1_98' title="bbox 1881 4763 3459 4836; baseline -0.001 -18"><span class='ocrx_word' id='word_1_609' title='bbox 1881 4763 2039 4836; x_wconf 69' lang='lat' dir='ltr'><strong>‘pere,</strong></span> <span class='ocrx_word' id='word_1_610' title='bbox 2083 4774 2139 4818; x_wconf 91' lang='lat' dir='ltr'><strong>ut</strong></span> <span class='ocrx_word' id='word_1_611' title='bbox 2167 4764 2260 4834; x_wconf 89' lang='lat' dir='ltr'><strong>qui</strong></span> <span class='ocrx_word' id='word_1_612' title='bbox 2291 4764 2402 4819; x_wconf 89' lang='lat' dir='ltr'><strong>sint</strong></span> <span class='ocrx_word' id='word_1_613' title='bbox 2435 4779 2464 4817; x_wconf 87' lang='lat' dir='ltr'><strong>a</strong></span> <span class='ocrx_word' id='word_1_614' title='bbox 2501 4764 2804 4820; x_wconf 88' lang='lat' dir='ltr'><strong>canonibus</strong></span> <span class='ocrx_word' id='word_1_615' title='bbox 2833 4763 3090 4834; x_wconf 86' lang='lat' dir='ltr'><strong>prohibiti</strong></span> <span class='ocrx_word' id='word_1_616' title='bbox 3123 4764 3226 4819; x_wconf 83' lang='lat' dir='ltr'><strong>hoc</strong></span> <span class='ocrx_word' id='word_1_617' title='bbox 3261 4763 3459 4818; x_wconf 79' lang='lat' dir='ltr'><strong>facere.</strong></span> 
     </span>
    </p>
   </div>
   <div class='ocr_carea' id='block_1_99' title="bbox 1893 4855 3466 4927">
    <p class='ocr_par' dir='ltr' id='par_1_99' title="bbox 1893 4855 3466 4927">
     <span class='ocr_line' id='line_1_99' title="bbox 1893 4855 3466 4927; baseline -0.003 -15"><span class='ocrx_word' id='word_1_618' title='bbox 1893 4857 1950 4913; x_wconf 86' lang='lat' dir='ltr'><strong>Si</strong></span> <span class='ocrx_word' id='word_1_619' title='bbox 1991 4859 2118 4926; x_wconf 88' lang='lat' dir='ltr'><strong>quis</strong></span> <span class='ocrx_word' id='word_1_620' title='bbox 2159 4867 2340 4912; x_wconf 89' lang='lat' dir='ltr'><strong>autem</strong></span> <span class='ocrx_word' id='word_1_621' title='bbox 2381 4871 2572 4912; x_wconf 92' lang='lat' dir='ltr'><strong>eorum</strong></span> <span class='ocrx_word' id='word_1_622' title='bbox 2633 4856 2727 4927; x_wconf 92' lang='lat' dir='ltr'><strong>qui</strong></span> <span class='ocrx_word' id='word_1_623' title='bbox 2761 4856 3018 4926; x_wconf 85' lang='lat' dir='ltr'><strong>majores,</strong></span> <span class='ocrx_word' id='word_1_624' title='bbox 3054 4855 3109 4911; x_wconf 90' lang='lat' dir='ltr'><strong>id</strong></span> <span class='ocrx_word' id='word_1_625' title='bbox 3142 4864 3466 4911; x_wconf 85' lang='lat' dir='ltr'><strong>estcurato-</strong></span> 
     </span>
    </p>
   </div>
   <div class='ocr_carea' id='block_1_100' title="bbox 1891 4945 3463 5016">
    <p class='ocr_par' dir='ltr' id='par_1_100' title="bbox 1891 4945 3463 5016">
     <span class='ocr_line' id='line_1_100' title="bbox 1891 4945 3463 5016; baseline 0 -16"><span class='ocrx_word' id='word_1_626' title='bbox 1891 4961 2003 5012; x_wconf 88' lang='lat' dir='ltr'><strong>res,</strong></span> <span class='ocrx_word' id='word_1_627' title='bbox 2036 4947 2401 5016; x_wconf 83' lang='lat' dir='ltr'><strong>appellantur,</strong></span> <span class='ocrx_word' id='word_1_628' title='bbox 2435 4948 2779 5002; x_wconf 88' lang='lat' dir='ltr'><strong>curationem</strong></span> <span class='ocrx_word' id='word_1_629' title='bbox 2829 4946 3076 5001; x_wconf 87' lang='lat' dir='ltr'><strong>obtinere</strong></span> <span class='ocrx_word' id='word_1_630' title='bbox 3097 4945 3463 5015; x_wconf 83' lang='lat' dir='ltr'><strong>deprehensus</strong></span> 
     </span>
    </p>
   </div>
   <div class='ocr_carea' id='block_1_101' title="bbox 1896 5035 3464 5108">
    <p class='ocr_par' dir='ltr' id='par_1_101' title="bbox 1896 5035 3464 5108">
     <span class='ocr_line' id='line_1_101' title="bbox 1896 5035 3464 5108; baseline -0.003 -17"><span class='ocrx_word' id='word_1_631' title='bbox 1896 5036 2080 5105; x_wconf 81' lang='lat' dir='ltr'><strong>fuerit,</strong></span> <span class='ocrx_word' id='word_1_632' title='bbox 2108 5037 2190 5092; x_wconf 82' lang='lat' dir='ltr'><strong>vel</strong></span> <span class='ocrx_word' id='word_1_633' title='bbox 2222 5046 2420 5104; x_wconf 86' lang='lat' dir='ltr'><strong>cesset,</strong></span> <span class='ocrx_word' id='word_1_634' title='bbox 2456 5039 2540 5094; x_wconf 67' lang='lat' dir='ltr'><strong>vel</strong></span> <span class='ocrx_word' id='word_1_635' title='bbox 2577 5037 2899 5108; x_wconf 86' lang='lat' dir='ltr'><strong>deponatur,</strong></span> <span class='ocrx_word' id='word_1_636' title='bbox 2937 5037 3115 5106; x_wconf 86' lang='lat' dir='ltr'><strong>potius</strong></span> <span class='ocrx_word' id='word_1_637' title='bbox 3164 5046 3346 5089; x_wconf 83' lang='lat' dir='ltr'><strong>autem</strong></span> <span class='ocrx_word' id='word_1_638' title='bbox 3381 5035 3464 5088; x_wconf 84' lang='lat' dir='ltr'><strong>of-</strong></span> 
     </span>
    </p>
   </div>
   <div class='ocr_carea' id='block_1_102' title="bbox 1897 5127 3467 5198">
    <p class='ocr_par' dir='ltr' id='par_1_102' title="bbox 1897 5127 3467 5198">
     <span class='ocr_line' id='line_1_102' title="bbox 1897 5127 3467 5198; baseline -0.002 -15"><span class='ocrx_word' id='word_1_639' title='bbox 1897 5127 2039 5184; x_wconf 77' lang='lat' dir='ltr'><strong>ferat</strong></span> <span class='ocrx_word' id='word_1_640' title='bbox 2071 5143 2130 5184; x_wconf 90' lang='lat' dir='ltr'><strong>se</strong></span> <span class='ocrx_word' id='word_1_641' title='bbox 2167 5129 2236 5184; x_wconf 86' lang='lat' dir='ltr'><strong>ad</strong></span> <span class='ocrx_word' id='word_1_642' title='bbox 2286 5130 2559 5186; x_wconf 89' lang='lat' dir='ltr'><strong>docendos</strong></span> <span class='ocrx_word' id='word_1_643' title='bbox 2591 5129 2736 5186; x_wconf 77' lang='lat' dir='ltr'><strong>filios</strong></span> <span class='ocrx_word' id='word_1_644' title='bbox 2776 5138 2832 5185; x_wconf 90' lang='lat' dir='ltr'><strong>ct</strong></span> <span class='ocrx_word' id='word_1_645' title='bbox 2879 5143 3090 5195; x_wconf 81' lang='lat' dir='ltr'><strong>servos,</strong></span> <span class='ocrx_word' id='word_1_646' title='bbox 3154 5129 3338 5198; x_wconf 80' lang='lat' dir='ltr'><strong>legens</strong></span> <span class='ocrx_word' id='word_1_647' title='bbox 3387 5127 3467 5180; x_wconf 89' lang='lat' dir='ltr'><strong>eis</strong></span> 
     </span>
    </p>
   </div>
   <div class='ocr_carea' id='block_1_103' title="bbox 1899 5217 3468 5291">
    <p class='ocr_par' dir='ltr' id='par_1_103' title="bbox 1899 5217 3468 5291">
     <span class='ocr_line' id='line_1_103' title="bbox 1899 5217 3468 5291; baseline -0.003 -15"><span class='ocrx_word' id='word_1_648' title='bbox 1899 5219 2112 5276; x_wconf 82' lang='lat' dir='ltr'><strong>divinas</strong></span> <span class='ocrx_word' id='word_1_649' title='bbox 2148 5219 2500 5291; x_wconf 87' lang='lat' dir='ltr'><strong>Scripturas:</strong></span> <span class='ocrx_word' id='word_1_650' title='bbox 2550 5221 2618 5277; x_wconf 85' lang='lat' dir='ltr'><strong>ad</strong></span> <span class='ocrx_word' id='word_1_651' title='bbox 2662 5219 2770 5280; x_wconf 84' lang='lat' dir='ltr'><strong>hoc</strong></span> <span class='ocrx_word' id='word_1_652' title='bbox 2795 5218 2944 5278; x_wconf 80' lang='lat' dir='ltr'><strong>enim</strong></span> <span class='ocrx_word' id='word_1_653' title='bbox 2991 5222 3154 5276; x_wconf 82' lang='lat' dir='ltr'><strong>etiam</strong></span> <span class='ocrx_word' id='word_1_654' title='bbox 3207 5217 3468 5276; x_wconf 84' lang='lat' dir='ltr'><strong>sacerdo-</strong></span> 
     </span>
    </p>
   </div>
   <div class='ocr_carea' id='block_1_104' title="bbox 1901 5313 2437 5370">
    <p class='ocr_par' dir='ltr' id='par_1_104' title="bbox 1901 5313 2437 5370">
     <span class='ocr_line' id='line_1_104' title="bbox 1901 5313 2437 5370; baseline 0.004 -4"><span class='ocrx_word' id='word_1_655' title='bbox 1901 5313 2037 5367; x_wconf 90' lang='lat' dir='ltr'><strong>tium</strong></span> <span class='ocrx_word' id='word_1_656' title='bbox 2071 5313 2301 5370; x_wconf 86' lang='lat' dir='ltr'><strong>sortitus</strong></span> <span class='ocrx_word' id='word_1_657' title='bbox 2333 5323 2437 5369; x_wconf 88' lang='lat' dir='ltr'><strong>est.</strong></span> 
     </span>
    </p>
   </div>
   <div class='ocr_carea' id='block_1_105' title="bbox 313 5805 2165 5884">
    <p class='ocr_par' dir='ltr' id='par_1_105' title="bbox 313 5805 2165 5884">
     <span class='ocr_line' id='line_1_105' title="bbox 313 5805 2165 5884; baseline -0.004 -20"><span class='ocrx_word' id='word_1_658' title='bbox 313 5805 424 5884; x_wconf 51' lang='lat' dir='ltr'><strong>(ti-2&#39;)</strong></span> <span class='ocrx_word' id='word_1_659' title='bbox 456 5805 1050 5883; x_wconf 61' lang='grc' dir='ltr'>Βυιιὶίιιιξίιιδῖιιιιίιοε.</span> <span class='ocrx_word' id='word_1_660' title='bbox 1088 5829 1175 5866; x_wconf 86' lang='lat' dir='ltr'><strong>an.</strong></span> <span class='ocrx_word' id='word_1_661' title='bbox 1217 5805 1341 5880; x_wconf 73' lang='lat'><strong>523,</strong></span> <span class='ocrx_word' id='word_1_662' title='bbox 1373 5827 1437 5866; x_wconf 75' lang='lat' dir='ltr'><strong>ex</strong></span> <span class='ocrx_word' id='word_1_663' title='bbox 1467 5809 1660 5864; x_wconf 86' lang='lat' dir='ltr'><strong>cuncil.</strong></span> <span class='ocrx_word' id='word_1_664' title='bbox 1697 5825 1768 5877; x_wconf 76' lang='lat' dir='ltr'><strong>vr,</strong></span> <span class='ocrx_word' id='word_1_665' title='bbox 1803 5809 1902 5863; x_wconf 82' lang='lat' dir='ltr'><strong>sub</strong></span> <span class='ocrx_word' id='word_1_666' title='bbox 1928 5805 2165 5859; x_wconf 79' lang='lat' dir='ltr'><strong>Aurelio.</strong></span> 
     </span>
    </p>
   </div>
  </div>
