3874 6296
623 334 730 397 663

623 447 828 528 Synadi
873 466 990 528 (Itur
1013 455 1186 521 prima
1213 463 1260 528 et
1288 459 1518 528 secunda
1564 471 1898 528 nuncupatur
1927 461 2193 514 Constan-

703 522 920 590 tinopoli
957 523 1011 576 in
1065 525 1254 600 templo
1285 526 1604 583 Sanctorum
1655 522 2026 600 Apostolorum
2065 548 2192 586 con-

694 603 921 661 gregatae
950 609 1119 647 canon
1139 595 1223 649 16.

691 720 922 790 Propter
972 724 1350 781 contentiones
1401 735 1564 797 atque
1595 731 1892 799 tumultus,
1939 742 2070 796 etc.,
2141 742 2198 786 ut

619 827 742 882 pag.
785 812 909 868 486.

694 904 885 961 Const.
941 907 1034 975 42,
1076 909 1162 964 tit.
1215 909 1269 975 5,
1303 911 1397 966 lib.
1441 913 1620 968 tcod.
1669 915 1784 970 ait:
1829 917 1912 972 Ob
1961 918 2194 973 multum

623 998 850 1052 omnino
879 1000 1153 1069 negotium
1196 1003 1331 1058 citra
1361 1004 1578 1075 jussum
1624 1009 1889 1079 principis
1925 1010 2196 1066 Constan-

622 1088 850 1158 tinopoli
897 1091 1190 1162 episcOpus
1217 1099 1359 1161 esto’,
1395 1098 1488 1153 sed
1533 1101 1926 1169 apocrisiarios
1972 1103 2192 1157 mittito.

622 1179 724 1244 Qui
763 1183 1175 1253 transgreditur,
1212 1184 1266 1258 [τι
1299 1190 1634 1264 sacerdotio]
1674 1203 2004 1256 removetur,
2040 1208 2104 1248 ac
2138 1194 2192 1248 in

539 1282 550 1291 °
622 1272 1048 1340 indignationem
1103 1275 1357 1335 incurrit.
1414 1280 1604 1338 Const.
1666 1293 1844 1339 autem
1907 1285 1958 1350 1,
1994 1286 2080 1340 tit.
2137 1287 2190 1352 l,

618 1360 961 1420 Novellarum
997 1367 1073 1422 ait
1107 1387 1119 1422 :
1152 1369 1345 1427 Nullus
1383 1373 1674 1445 episcopus
1719 1392 1749 1431 a
1803 1392 1900 1432 sua
1946 1377 2189 1435 Ecclesia

619 1451 854 1520 amplius
904 1470 1138 1518 annum,
1191 1458 1293 1512 nisi
1328 1474 1396 1514 ex
1443 1461 1706 1532 principis
1752 1465 1933 1533 jussu,
1981 1466 2186 1522 abesto.

621 1542 950 1600 l’atriarchaz
996 1547 1121 1603 illos
1161 1549 1212 1603 in
1264 1549 1527 1609 Ecclesiis
1565 1553 1681 1610 suis
1739 1557 2038 1626 perdurare
2095 1575 2189 1615 co-

620 1644 808 1704 guuto.
861 1633 919 1692 Si
965 1636 1134 1713 [quis]
1173 1657 1303 1697 vero
1355 1644 1492 1699 citra
1528 1646 1937 1716 imperatoriam
1983 1651 2190 1720 jussio-

622 1738 744 1778 nem
793 1726 936 1780 ultra
972 1744 1174 1783 annum
1236 1733 1398 1797 absit,
1455 1734 1575 1804 ejus
1626 1745 1834 1793 tractus
1875 1741 2182 1809 patriarcha

1783 349 2045 414 PHOTII
2085 353 2585 421 PATRIARCHE
2616 362 2721 425 Cl‘.
3719 383 3796 450 6M

2223 463 2275 522 Α
2301 467 2571 524 Συνέδου
2599 480 2659 559 αἱ
2672 475 2782 559 καί.
2807 475 2851 545 β’
2888 482 3404 559 ςυγκροζηθεξίσηλς
3543 490 3798 550 Κωνσταγ.

2373 544 2733 628 “merumst,
2757 544 2826 598 ἐν
2841 547 2921 612 τῷ
2951 544 3074 616 νὰῷ
3097 544 3216 604 τῶν
3258 544 3454 622 Ἁγίων
3475 544 3800 628 “marmor.

2371 621 2571 664 κανὼν
2596 621 2688 678 ις’.

2369 748 2468 802 Διά
2508 749 2606 814 τὰς
2648 751 2978 821 φιλονεικίας
3009 771 3069 808 τε
3115 755 3210 810 καὶ
3238 761 3496 829 ταραχὰς,
3526 779 3575 818 κ.
3598 783 3641 821 τ.
3666 767 3708 826 λ.

2383 927 2447 981 Ἡ
2489 929 2577 999 μβ¹
2607 929 2848 996 διάταξις
2873 933 2966 989 τοῦ
2996 934 3048 1004 ’ί
3071 935 3179 991 τίτ.
3213 937 3309 990 τοῦ
3340 944 3386 992 α’
3417 939 3549 1010 erat.
3589 944 3671 1004 τοῦ
3705 949 3804 1007 κώδ,

2297 1023 2477 1090 φησιν,
2496 1023 2576 1076 ὅτι
2594 1023 2926 1090 Ἐπίσκοπος
2960 1027 3048 1096 ἐφ’
3075 1029 3372 1100 οἰῳδήποτε
3404 1034 3664 1105 πράγματι
3692 1045 3807 1111 παρά

2295 1111 2540 1165 κέλευσιν
2588 1111 2872 1183 βασιλέως,
2924 1119 2982 1169 ὲν
3031 1120 3588 1177 Κωνσταντινουπόλει
3629 1127 3693 1197 μὴ
3745 1147 3809 1198 γι-

2294 1201 2488 1268 νέσθω,
2540 1204 2655 1258 ἀλλ’
2705 1207 3158 1281 ἀποκρισιαρίους
3197 1211 3495 1266 πελλέτωο
3544 1217 3640 1270 ὁδὲ
3671 1237 3808 1291 παρα-

2294 1293 2496 1348 ϐαίνων
2536 1297 2922 1365 ἅγανακτεῖται
2965 1305 3058 1356 καὶ
3093 1303 3429 1373 ἀφορίζεται.
3466 1304 3527 1358 Ἦ
3555 1306 3606 1359 δὲ
3635 1308 3677 1362 α’
3703 1311 3810 1369 διάτ.

2292 1385 2384 1439 τοῦ
2413 1394 2460 1440 α’
2491 1389 2596 1442 τίτ.
2623 1390 2730 1442 τῶν
2761 1390 2991 1462 Νεαρῶν
3019 1394 3172 1464 φησί·
3201 1395 3408 1465 Μηδεὶς
3438 1397 3710 1464 ἐπίσκοπος
3733 1403 3808 1467 ἔξω

2290 1478 2389 1548 τῆς
2409 1480 2572 1533 αὑτοῦ
2588 1482 2932 1553 Ἑκκλησίας,
2954 1484 3115 1538 πλέον
3136 1485 3382 1539 ἐνιαυτοῦ
3395 1488 3811 1558 ἀπολιμπανέσθω,

2290 1573 2339 1625 εἰ
2381 1572 2454 1643 μὴ
2489 1573 2631 1626 κατά
2681 1574 2965 1647 βασιλικὴν
3011 1576 3300 1641 κέλευσιν,
3356 1579 3467 1632 τῶν
3511 1585 3812 1653 πατριαρχῶν

2288 1663 2704 1730 ἀναγκαζόντων
2732 1667 2946 1731 αὐτοὺς,
2973 1670 3092 1731 ταῖς
3121 1668 3300 1722 αὐτῶν
3345 1668 3673 1741 Ἐκκλησίαις
3687 1690 3814 1744 προσ-

2295 1759 2603 1826 καρτερεῖν.
2633 1757 2694 1810 Εί
2723 1758 2778 1812 δὲ
2814 1759 2965 1831 παρά
3000 1759 3283 1829 βασιλικὴν
3317 1762 3578 1823 κέλευσιν,
3605 1765 3726 1836 πέρα
3744 1767 3812 1820 τοῦ

621 1831 901 1874 sacrorum
957 1837 1228 1878 canonum
1292 1827 1455 1898 193
1504 1831 1944 1900 praescriptiones
1999 1834 2177 1890 obser-

2295 1816 2540 1900 ἐνιαυτοῦ
2580 1816 2964 1920 ἀπολειφθείη,
3000 1816 3042 1904 ,ὁ
3080 1852 3172 1904 τοῦ
3221 1816 3484 1923 κλίματος
3527 1816 3814 1928 πατρίάρχης

622 1926 774 1978 rans,
800 1913 1142 1974 solemnibus
1187 1919 1364 1988 ipsum
1392 1932 1584 1976 vocato
1623 1923 1815 1980 edictis
1846 1945 1860 1980 :
1896 1936 1950 1981 et
1995 1927 2039 1981 si
2072 1943 2193 1983 om-

621 2004 753 2059 nino
813 2007 1196 2081 immorigerus
1230 2025 1469 2078 maneat,
1519 2016 1697 2085 ipsum
1756 2018 1825 2071 ab
1873 2019 2188 2090 episcOpatu

619 2099 889 2168 depellito,
922 2113 1084 2174 atque
1127 2105 1294 2160 alium
1340 2106 1524 2164 facito.
1575 2108 1628 2164 Si
1679 2126 1806 2166 vero
1850 2127 1954 2166 non
1988 2123 2193 2170 metro-

617 2193 911 2259 politanus,
963 2197 1065 2250 sed
1125 2198 1266 2252 alius
1315 2201 1607 2279 episcopus
1663 2203 1754 2268 sit,
1800 2205 1893 2270 qui
1951 2215 2188 2271 emanet,

616 2283 1068 2350 metropolitanus
1094 2287 1350 2353 praedicta
1396 2303 1564 2358 super
1614 2290 1708 2344 illo
1763 2289 1952 2346 facito.
1986 2291 2187 2348 Verum

615 2371 660 2425 si
717 2384 1013 2426 causentur
1044 2375 1113 2428 ob
1145 2377 1420 2445 propriam
1473 2379 1975 2438 ecclesiasticamve
2035 2384 2185 2440 litem

613 2459 698 2534 [se
727 2463 1055 2538 Ecclesiam]
1103 2466 1354 2524 deserere
1382 2469 1580 2526 debere
1617 2489 1630 2526 :
1676 2473 1886 2530 libellos
1911 2479 2188 2547 supplices

613 2557 678 2608 ad
706 2556 1112 2627 imperatoriam
1151 2561 1488 2630 majestatem
1531 2579 1624 2631 per
1658 2582 1996 2637 (nconomos,
2033 2572 2188 2628 cleri-

610 2660 725 2710 cos,
749 2655 843 2700 aut
878 2650 1260 2717 apocrisiarios
1296 2653 1573 2721 mittunto,
1612 2672 1734 2726 qua:
1759 2658 1810 2711 in
1857 2658 2064 2735 [rebus]
2096 2677 2187 2716 ec-

2293 1941 2452 1993 αὐτὸν
2482 1941 2713 1995 καλείτω
2738 1943 2848 2004 τοῖς
2873 1943 3280 2012 νενομισμένοις
3304 1945 3634 2015 κηρύγμασι,
3659 1948 3813 2014 φυλάτο

2290 2051 2399 2087 των
2449 2033 2548 2102 τὴν
2595 2034 2704 2086 τῶν
2747 2033 2908 2103 ἱερῶν
2956 2034 3195 2087 κανόνων
3239 2037 3638 2106 παρατήρησιν.
3681 2039 3735 2091 Εἰ
3772 2041 3813 2094 δὲ

2294 2123 2468 2195 μείνοι
2519 2125 2679 2193 μέχρι
2709 2125 2909 2187 παντὸς
2951 2125 3214 2190 ἀπειθῶν,
3263 2126 3535 2191 ἑξωθείτω
3574 2129 3715 2182 αὐτὸν
3740 2130 3813 2198 τῆς

2290 2218 2596 2284 ἐπισκοπῆς
2617 2256 2632 2279 ,
2681 2216 2775 2268 καὶ
2814 2215 3002 2286 ἕτερον
3036 2217 3289 2271 ποιείτω·
3325 2219 3376 2271 εί
3404 2219 3458 2271 δὲ
3489 2219 3560 2291 μὴ
3591 2237 3814 2290 μητροπο-

2288 2309 2462 2378 λίτης,
2511 2306 2626 2360 ἀλλ’
2669 2307 2856 2376 ἕτερος
2897 2306 3193 2369 ὲπίσκοπός
3241 2308 3390 2359 ἐστιν
3435 2303 3814 2377 ὀ’ἀπολιμπανόο

2293 2415 2487 2470 μενος,
2549 2401 2578 2453 ὁ
2641 2397 3043 2468 μητροπολίτης
3115 2397 3202 2450 ἐπ’
3268 2398 3420 2470 αὐτῷ
3480 2400 3548 2452 τά
3601 2401 3813 2468 εἰρημένα

2289 2493 2532 2546 ποιείτω.
2587 2492 2648 2544 Εἰ
2681 2491 2739 2543 δὲ
2781 2489 3172 2560 προφασίζοιτο
3221 2491 3376 2562 δίκης
3411 2492 3592 2545 ἕνεκεν
3623 2493 3811 2562 ἰδικῆςῆ

2287 2582 2782 2652 ὲκκλησιαστικῆς,
2828 2582 3064 2651 ὀφείλειν
3109 2581 3603 2650 ἀπολιμπάνεσθαι,
3648 2583 3812 2653 δεήσεις

2288 2680 2352 2748 τῇ
2387 2675 2632 2747 βασιλείᾳ
2661 2675 2747 2728 διὰ
2774 2674 2885 2727 τῶν
2912 2675 3234 2744 οἰκονόμων,
3329 2675 3626 2746 κληρικῶν,
3656 2676 3684 2745 ἢ
3715 2677 3814 2728 ἀπυ-

607 2738 936 2796 clesiasticis
968 2742 1306 2810 desiderant,
1358 2746 1716 2816 impetraturi.
1755 2750 1991 2809 Proinde
2033 2767 2186 2810 ante-

606 2845 769 2899 quam
814 2834 1115 2887 secundum
1169 2851 1410 2892 canones
1441 2839 1649 2895 litteras
1709 2845 2183 2904 caminemlatitias

606 2926 688 2989 (ut
720 2933 1004 2995 vocantur)
1035 2941 1157 2995 qua:
1209 2929 1580 2986 testimonium
1616 2933 1686 2988 de
1727 2936 2050 2992 necessitate
2088 2955 2182 3009 pe-

606 3017 994 3086 regrinationis
1028 3033 1140 3072 suae
1175 3020 1515 3086 perhibeant,
1565 3040 1594 3078 a
1630 3028 2048 3096 metropolitano
2078 3047 2177 3086 suo

2282 3043 2486 3099 οἰκείου
2523 3041 2919 3115 μητροπολίτου
2953 3041 3103 3094 λάϐοι
3129 3041 3438 3112 γράμματα
3464 3041 3532 3094 τά
3559 3040 3814 3109 καλούμενα

603 3110 668 3163 ad
711 3112 1113 3179 imperatoriam
1149 3113 1490 3184 majestatem
1525 3123 1799 3190 acceperit
1831 3139 1846 3176 ι
1887 3123 2176 3193 episcopus

2286 3135 2603 3201 συστατικὰ,
2661 3134 2797 3205 πρὸς
2841 3134 2941 3203 τὴν
2987 3133 3294 3202 βασιλείαν,
3351 3131 3715 3203 μαρτυροῦντα
3757 3131 3812 3198 τῷ

605 3200 921 3271 Byzantium
962 3218 1032 3258 ne
1057 3205 1261 3260 venito.
1297 3186 1746 3277 Metropolitanus
1793 3186 2172 3283 peregrina-tu-

2283 3186 2718 3299 sierint-(lina;
2739 3186 3064 3295 ἀποδημίας.
3115 3226 3172 3278 Ὀ
3201 3225 3256 3278 δὲ
3294 3186 3688 3296 μητροπολίτης
3713 3223 3815 3274 ἀπο-

603 3308 697 3348 rns
737 3295 1128 3362 patriarchales
1181 3298 1393 3354 litteras
1429 3301 1683 3371 accipito.
1727 3303 1806 3359 Ne
1856 3304 1959 3375 ipsi
1995 3322 2088 3375 per
2118 3323 2175 3362 se

2281 3323 2342 3394 δη
2354 3295 2492 3390 μιῖιν,
2539 3295 2916 3392 πατριάρχικά
2944 3317 3267 3389 λαμϐανέτω
3297 3317 3623 3387 γράμματα,
3659 3313 3814 3381 καὶμὴ

601 3383 692 3452 Ide
723 3385 886 3439 rebus
913 3386 1052 3459 suis}
1095 3388 1162 3442 ad
1211 3391 1620 3460 imperatoriam
1658 3395 2000 3464 majestatem
2035 3397 2169 3453 refe-

2281 3383 2581 3470 6tl"éatu'rt7)v
2611 3383 2963 3484 μηνυέτωσαν
2995 3383 3131 3484 πρὸς
3160 3413 3258 3482 τὴν
3294 3383 3594 3481 βασιλείαν,
3625 3409 3742 3462 ἀλλὰ
3758 3406 3814 3475 τῷ

601 3486 762 3529 rnnto
794 3495 806 3531 :
845 3477 934 3531 sed
975 3494 1098 3533 eum
1131 3482 1462 3550 patriarcha,
1506 3494 1600 3540 aut
1633 3501 1745 3541 sua:
1777 3487 2001 3544 diti0nis
2037 3505 2173 3559 apo-

2282 3477 2684 3578 πατριάρχηη
2727 3507 2838 3568 τοῖς
2879 3477 3325 3575 ἀποκρισιαρ-ίοις
3362 3503 3468 3571 τῆς
3508 3501 3673 3554 αὐτῶν
3712 3500 3810 3551 διοι-

602 3566 869 3622 rrisiariis
896 3572 1360 3633 communit-aulo,
1408 3589 1472 3629 ac
1516 3592 1638 3630 cum
1673 3577 1780 3632 illis
1815 3576 1905 3650 [ad
1936 3580 2174 3651 impera-

2281 3600 2496 3667 κήσεως
2543 3595 2980 3660 κοινούσθωσαν,
3045 3597 3138 3649 καὶ
3202 3595 3391 3657 αὐτοῖς
3455 3592 3811 3646 σωεισίτωσαν.

599 3657 795 3729 torem]
838 3661 1232 3730 ingrediuntor.
1277 3663 1427 3720 Licet
1452 3676 1636 3722 autem
1687 3671 1821 3738 ipsis
1855 3672 2017 3725 etiam
2077 3688 2174 3743 per

2284 3690 2504 3756 Ἔξεστι
2551 3690 2608 3742 δὲ
2647 3689 2851 3752 αὐτοῖς,
2881 3687 2976 3740 καὶ
3003 3686 3090 3740 διὰ
3120 3687 3226 3739 τῶν
3260 3684 3712 3764 ραιφερενδᾳρίων
3740 3681 3813 3745 τῆς

596 3751 994 3808 referendarius
1053 3761 1260 3825 niagnzc
1298 3757 1554 3814 Ecclesia:
1600 3763 1684 3816 vel
1738 3764 2169 3832 patriarcharum

2281 3751 2524 3854 μεγάλης
2569 3781 2920 3851 Ἔκκλησίας,
2960 3780 2991 3850 ἦ
3035 3779 3121 3832 διὰ
3154 3751 3710 3850 τῶν-ἀποκνρισιαρίων
3734 3776 3814 3828 τῶν

599 3842 795 3896 1ιοι·ιιιη
845 3844 910 3898 ad
967 3845 1354 3915 imperatorem
1390 3851 1616 3905 rel'erre.
1659 3853 1893 3908 Constit.
1924 3869 2087 3924 porro
2117 3857 2168 3925 7,

2281 3842 2636 3947 πατριαρχῶν
2668 3842 3199 3942 αὐτῶνίάναφέρειν
3237 3871 3316 3941 τῷ
3354 3842 3678 3941 βασιλεῖίἩ
3714 3868 3757 3920 δὲ
3780 3867 3811 3930 ζ’

602 3934 848 4003 ejusdt'nu
882 3938 962 3990 tit.
1024 3939 1044 3990 I
1102 3937 1500 3995 Novellarum:
1551 3943 1703 4009 Quod
1759 3948 1804 4003 si
1857 3949 2167 4019 episcopus,

2280 3970 2416 4024 διάτ.
2465 3968 2557 4020 τοῦ
2591 3965 2756 4021 αὐτοῦ
2794 3973 2842 4019 α’
2867 3965 2973 4018 τίτ.
3004 3964 3112 4017 τῶν
3141 3965 3369 4034 Νεαρῶν
3401 3964 3585 4034 φησὶν,
3615 3965 3686 4016 ὅτι
3720 3960 3814 4012 Ἐὰν

594 4032 792 4100 inquit,
844 4033 1015 4086 multo
1045 4043 1288 4102 tempore
1321 4035 1618 4092 Ecclesiam
1667 4056 1821 4096 suam
1868 4045 2168 4115 reliquerit,

2280 4059 2574 4120 ἐπίσκοπος
2603 4055 2792 4126 χρόνον
2825 4055 2992 4109 πολὺν
3044 4054 3145 4123 τῆς
3178 4032 3312 4117 ἰδίας
3355 4032 3672 4125 Ἐκκλησὶας
3710 4052 3812 4103 ἀπο-

599 4139 667 4179 ne
689 4125 805 4194 ipse
836 4141 1156 4182 oeconmnus
1190 4141 1440 4200 sumptus
1462 4135 1831 4203 suppeditato:
1864 4139 1955 4192 sed
1979 4140 2166 4196 istius-

2280 4150 2488 4222 λειφθῇ,
2672 4149 2976 4219 χορηγείτω
3028 4147 3176 4218 αὐτῷ
3216 4147 3469 4212 δαπάνας
3500 4149 3528 4201 ὁ
3560 4147 3808 4214 οἰκονόμος,

593 4219 740 4271 modi
795 4229 1047 4289 sumptus
1083 4222 1136 4274 in
1169 4222 1491 4280 occasiones
1529 4226 1927 4285 ecclesiasticas
1966 4229 2018 4287 et
2055 4235 2170 4303 pias

2280 4243 2390 4296 ἀλλ’
2418 4244 2450 4312 ἡ
2481 4241 2704 4310 τοιαύτη
2727 4240 2942 4311 δαπάνη
2975 4239 3300 4310 παρεχέσθω
3327 4242 3410 4301 εἰς
3444 4240 3722 4310 προφάσεις
3745 4236 3810 4285 ὲκ-

593 4311 849 4378 praebeto.
881 4311 946 4366 Et
968 4313 1211 4382 ejusdem
1241 4315 1322 4368 tit.
1351 4319 1572 4371 constit.
1606 4318 1638 4372 5
1660 4336 1672 4370 :
1698 4318 1852 4385 Quod
1886 4323 1931 4378 si
1963 4325 2170 4392 episco-

2280 4333 2674 4405 κλησιαστικὰς
2704 4333 2798 4385 καὶ
2829 4333 3094 4395 εὐσεϐεῖς.
3129 4334 3238 4386 Καὶ
3266 4333 3299 4403 ἡ
3336 4338 3386 4401 γ’
3422 4332 3519 4384 τοῦ
3561 4327 3707 4383 αὑτοῦ
3730 4327 3806 4379 τίτ.

2285 2767 2608 2838 κρισιαρίων
2634 2766 3018 2834 πεμπέτωσαν,
3046 2765 3360 2835 τευξόμενοι
3387 2766 3515 2838 περί
3539 2767 3639 2818 τῶν
3658 2767 3814 2836 ἐκκληο

2287 2858 2604 2921 σιαστικῶν,
2635 2857 2743 2910 τῶν
2778 2855 3147 2927 ζητουμένων.
3185 2858 3274 2928 Μὴ
3304 2857 3507 2911 ἀνιέτω
3539 2857 3594 2911 δὲ
3635 2859 3813 2910 ἐπίσκο-

2284 2969 2384 3013 πος
2427 2951 2486 3005 ὲν
2531 2949 2830 3017 Βυζαντίῳ,
2869 2948 2998 3018 πρὶν
3047 2948 3112 3002 ἂν
3146 2949 3288 3002 κατᾶ
3314 2951 3446 3013 τοὺς
3488 2950 3716 3013 κανόνας,
3745 2947 3812 2999 τοῦ

591 4417 695 4470 pus
728 4403 846 4457 sine
896 4403 1093 4459 litteris
1133 4405 1216 4459 sui
1259 4407 1586 4476 patriarchae
1636 4409 2166 4484 Constantinopolim

591 4495 736 4558 ierit,
773 4511 832 4550 se
866 4496 933 4550 ab
975 4497 1158 4552 habitu
1195 4499 1432 4553 alienum
1494 4500 1642 4555 facit.
1695 4503 1882 4558 Const.
1943 4521 2070 4560 vero
2108 4507 2142 4560 Ξ

592 4769 1048 4838 tropolitanorum
1107 4785 1333 4825 suorum
1399 4773 1606 4829 litteras
1664 4777 2016 4844 accipiunto,
2077 4778 2164 4833 vel

589 4861 955 4930 imperatoriae
978 4861 1454 4931 majestatisjussu
1488 4867 1902 4936 peregrinantor
1933 4886 1946 4936 ;
1985 4878 2038 4924 et
2070 4871 2162 4939 qui

588 4953 913 5023 patriarcth
938 4952 1544 5024 Constantinopolitano
1577 4958 1834 5023 subsunt,
1857 4960 1976 5016 sine
2003 4962 2166 5032 199

587 5047 760 5114 ipsius
787 5046 1060 5115 permissu
1103 5046 1283 5115 ipsum
1319 5063 1387 5103 ne
1427 5050 1751 5105 accedunto.
1797 5053 1898 5118 Qui
1933 5053 2036 5108 hoc
2067 5071 2162 5123 pa-

587 5148 674 5194 cto
707 5139 1108 5210 peregrinatur,
1144 5155 1212 5194 ne
1243 5141 1482 5210 amplius
1514 5157 1659 5196 anno
1684 5141 1982 5199 Ecclesiaut
2005 5161 2160 5200 suam

586 5233 900 5302 relinquito.
937 5233 1042 5298 Qui
1082 5233 1374 5303 episcopus
1421 5232 1950 5303 Constantinopolim
1993 5251 2160 5291 vene-

588 5330 677 5388 rit,
710 5328 1111 5396 qualiscunque
1161 5327 1254 5388 sit,
1307 5326 1373 5378 ad
1408 5325 1778 5395 patriarcham
1837 5327 2156 5396 ingreditor,

583 5426 637 5469 et
674 5431 768 5483 per
816 5417 995 5484 ipsum
1035 5415 1109 5472 ad
1152 5415 1562 5484 imperatorem.
1617 5413 1823 5468 Contra
1884 5417 2018 5481 lure,
2067 5431 2160 5476 aut

581 5523 748 5574 supra
771 5504 1088 5578 {statutum}
1126 5515 1338 5574 tempus
1375 5506 1851 5576 peregrinantibus
1884 5515 2156 5566 tcconomi

581 5608 834 5667 sumplus
893 5613 961 5653 ne
1013 5598 1510 5652 subministrnnlo:
1567 5609 1619 5652 ct
1673 5600 1986 5655 sacerdotes
2055 5606 2158 5659 sub

580 5694 781 5759 quibus
807 5701 1122 5756 censentur,
1163 5701 1221 5746 ut
1249 5702 1615 5754 revertantur,
1645 5707 1742 5762 per
1781 5693 1988 5747 litteras
2027 5695 2154 5751 hor-

583 5797 766 5843 tantur
804 5809 812 5820 -
849 5789 894 5843 si
924 5790 1221 5858 ditiorem”
1262 5791 1325 5844 ad
1385 5789 1619 5861 I[iudicii]
1679 5795 1978 5849 certamina
2027 5812 2155 5851 evo-

725 4551 734 4558 ,
1139 4551 1142 4552 ν
1705 4551 1882 4558 μ---η
1953 4551 2066 4560 νυν
2113 4551 2163 4573 -ν

587 4587 834 4654 ejusdem
868 4589 956 4643 tit.
1005 4592 1024 4645 l
1065 4589 1408 4647 Novellarum
1443 4594 1516 4648 ait
1546 4612 1560 4649 :
1624 4594 1876 4666 Episcopi
1911 4613 2166 4654 necessa-
2204 4551 2246 4605 υ

593 4680 671 4733 ria
697 4679 764 4734 de
805 4695 969 4735 causa
997 4684 1418 4750 peregrinaturi,
1457 4685 1896 4754 patriarcharum
1930 4698 2025 4744 aut
2056 4707 2167 4746 rne-

2275 4425 2415 4479 διάτ.
2446 4425 2634 4495 φησὶν,
2672 4423 2826 4477 ὅτιὈ
2859 4424 3157 4488 ἐπίσκοπος
3177 4427 3348 4494 χωρίς
3381 4425 3707 4494 γραμμάτων
3737 4417 3808 4470 τοῦ

2277 4516 2619 4589 πατριάρχου
2649 4515 2834 4576 αὐτοῦ,
2868 4515 3034 4569 ἀνιὼν
3064 4518 3120 4569 ἐν
3147 4517 3719 4578 Κωνσταντινουπόλει,
3740 4511 3810 4565 ἀλ-

2276 4609 2487 4679 λότριον
2536 4610 2727 4662 ἑαυτὸν
2757 4611 2904 4661 ποιεῖ
2935 4607 3033 4661 τοῦ
3074 4611 3375 4678 σχήματος.
3409 4611 3478 4662 Ἠ
3524 4610 3579 4662 δὲ
3621 4608 3662 4679 β’
3697 4606 3804 4658 διάτ.

2273 4700 2366 4754 τοῦ
2418 4701 2582 4754 αὑτοῦ
2613 4699 2660 4768 α’
2693 4700 2799 4754 τῶν
2835 4700 3066 4771 Νεαρῶν
3111 4700 3299 4770 φησὶν,
3343 4702 3428 4754 ὅτι
3473 4701 3624 4755 Κατὰ
3658 4696 3807 4769 χρείας

2273 4793 2576 4862 ἀναγκαίας
2637 4793 3004 4864 ἐκδημοῦντες
3053 4795 3102 4847 οί
3154 4794 3483 4858 ἐπίσκοποι,
3553 4793 3805 4864 γράμματα

2271 4886 2698 4956 λαμϐανέτωσαν
2725 4887 2832 4940 τῶν
2862 4888 3216 4958 πατριαρχῶν
3249 4888 3434 4941 αὐτῶν
3464 4888 3497 4959 ἦ
3532 4882 3806 4958 perpetrati.-

2270 4978 2400 5046 τῶν,
2451 4979 2483 5048 ἢ
2547 4979 2686 5032 κατά
2724 4979 3006 5049 βασιλικὴν
3056 4981 3306 5032 κέλευσιν
3355 4980 3802 5050 ἀποδημείτωσαν’

2271 5072 2364 5123 καὶ
2409 5072 2456 5124 οἱ
2509 5071 2616 5124 ὑπὸ
2663 5071 2754 5123 τὸν
2809 5070 3434 5136 Κωνσταντινουπόλεως
3485 5070 3802 5141 πατριάρχην.

2270 5164 2439 5235 χωρὶς
2469 5164 2771 5236 ἐπιτροπῆς
2799 5163 2964 5218 αὑτοῦ
2995 5165 3073 5226 είς
3100 5163 3270 5232 αὐτὴν
3301 5163 3376 5232 μὴ
3410 5164 3666 5216 ἀνίτωσαν
3685 5175 3698 5188 °
3731 5157 3802 5209 καὶ

2267 5257 2296 5308 ὁ
2321 5256 2490 5320 οὕτως
2524 5257 2836 5326 ἀποδημῶν,
2873 5255 2946 5326 μὴ
2977 5255 3136 5308 πλέον
3169 5255 3422 5308 ἐνιαυτοῦ
3444 5256 3540 5326 τὴν
3568 5253 3685 5307 ἰδίαν
3708 5251 3802 5303 Ἕκα

2268 5349 2496 5417 κλησίαν
2529 5350 2692 5401 ὲάτω.
2737 5347 2795 5399 Ὀ
2828 5346 2884 5398 δὲ
2918 5345 3357 5415 παραγινόμενος
3399 5347 3458 5398 ὲν
3503 5349 3799 5399 Κωνσταντιο

2267 5442 2515 5496 νουπόλει
2577 5441 2891 5509 οίοτδήποτε
2951 5439 3280 5504 ἐπίσκοπος,
3327 5439 3516 5492 εἰσίτω
3575 5437 3695 5508 πρὸς
3730 5432 3800 5485 τὸν

2267 5535 2636 5604 πατριάρχην,
2691 5533 2783 5585 καὶ
2816 5533 2885 5584 δι’
2935 5533 3100 5586 αὑτοῦ
3136 5532 3271 5604 πρὸς
3314 5532 3406 5585 τὸν
3440 5531 3668 5602 βασιλέα,
3701 5527 3799 5585 Τοῖς

2265 5628 2416 5698 παρά
2445 5627 2641 5688 ταῦτα,
2677 5625 2709 5696 ἢ
2742 5626 2882 5697 ὑπὲρ
2915 5627 3008 5679 τὸν
3036 5627 3228 5697 χρόνον
3256 5626 3644 5698 ἀποδημοῦσιν,
3671 5623 3711 5675 οἰ
3734 5621 3797 5672 ol-

2265 5722 2483 5790 κονόμοι
2533 5719 2778 5783 δαπάνας
2835 5723 2909 5789 μὴ
2968 5722 3409 5792 χορηγείτωσαν,
3465 5719 3556 5773 καὶ
3605 5729 3797 5781 προτρε-

2268 5815 2513 5867 πέτωσαν
2541 5814 2738 5876 αὐτοὺς
2779 5813 2824 5866 οἱ
2859 5813 3026 5882 ἱερεῖς
3061 5812 3150 5882 ὑφ’
3184 5812 3276 5875 οὓς
3301 5811 3517 5866 τελοῦσι
3541 5809 3622 5865 διὰ
3642 5821 3791 5879 γραμ-
