4012 6420
190 417 289 484 665

895 422 1294 485 SYNTAGMA
1333 421 1721 484 CANONUM.
1753 447 1765 458 -

1875 424 2008 488 [ἹΤ.
2049 428 2217 490 VIII.
2247 431 2402 496 CAP.
2446 437 2564 499 ΙΙΙ,
2615 439 2712 503 IV.

3348 453 3455 524 6(6

192 539 377 609 μάτων
401 537 744 610 ὑποστρέψαι
765 554 778 569 °
829 539 921 593 καὶ
953 537 1438 610 ύπερτιθεμένους,
1475 537 1612 608 πρὸς
1640 537 1765 601 τοὺς

1875 551 2034 597 canto
2067 562 2082 600 :
2119 555 2174 601 et
2207 548 2309 602 nisi
2357 549 2497 606 intra
2528 555 2892 622 praestitutum
2924 565 3138 629 tempus
3167 571 3452 619 revertan-

191 633 415 698 κανόνας
462 634 842 688 καλείτωσανο
895 633 992 687 καὶ
1043 632 1118 703 μὴ
1149 631 1592 702 ὑποστρέφοντας
1637 631 1766 683 εἴσω

187 729 276 782 τοῦ
321 727 647 798 ὁριζομένου
692 727 910 797 χρόνου,
954 726 1389 790 ἐκδαλλέτωσαν,
1439 725 1534 780 καὶ
1575 723 1765 786 ἄλλους

189 820 690 890 χειροτονείτωσαν.
739 820 818 872 Τὰ
856 819 994 872 αύτά
1024 819 1118 872 καὶ
1158 819 1284 890 περὶ
1324 817 1599 890 κληρικῶν
1627 817 1767 870 οῑου·

187 911 384 980 δήποτε
419 909 632 981 βαθμοῦ
677 915 888 982 κρατεῖ.
945 910 1011 962 Ἦ
1041 910 1099 964 δὲ
1134 908 1200 980 ιβ’
1231 909 1369 964 διάτ.
1397 909 1491 962 τοῦ
1521 905 1686 962 αὑτοῦ
1715 910 1769 961 α’

187 1003 288 1056 τίτ.
317 1001 430 1054 τῶν
453 1003 681 1072 Νεαρῶν
702 1001 1159 1072 παρακελεύεται,
1188 1002 1278 1055 ἵνα
1317 1002 1441 1055 Ἐάν
1469 1017 1611 1065 τινος
1640 999 1767 1054 Ἐκ-

186 1096 418 1163 κλησίας
448 1096 728 1149 ἀποστῶσι
754 1094 1028 1165 κληρικοὶ,
1060 1095 1236 1166 ἕτεροι
1257 1092 1766 1166 ἀντικαθιστάμενοι

184 1189 282 1252 τὰς
311 1189 498 1242 αὐτῶν
514 1189 752 1259 σιτήσεις
769 1187 1108 1257 λαμϐάνωσι,
1125 1188 1220 1240 καὶ
1239 1186 1313 1257 μὴ
1330 1186 1767 1257 ὑποστρέφοντας

185 1280 386 1343 αὐτοὺς
413 1279 711 1350 λαμϐάνειν
739 1279 929 1343 αὑτὰς,
963 1278 1059 1332 καὶ
1089 1278 1222 1349 μηδὲ
1257 1277 1555 1349 κερδαίνειν
1597 1276 1767 1340 αύτάς

185 1373 309 1434 τοὺς
342 1372 714 1442 χορηγοῦντας
737 1387 752 1401 ·
796 1373 844 1424 εί
889 1370 944 1424 δὲ
979 1373 1323 1442 στερήσουσι,
1357 1372 1548 1441 κτῆσις
1589 1370 1767 1423 αὐτῶν

189 1464 329 1533 ῥητὴ
369 1465 484 1526 τοῖς
510 1463 793 1536 πριόάτοις
819 1463 1158 1533 ἀφορίζεται,
1191 1461 1332 1516 ὥστε
1363 1461 1464 1532 τὴν
1504 1461 1767 1534 χορηγίαν

187 1555 287 1625 τῆς
321 1557 590 1627 σιτήσεως
622 1555 830 1611 ἐκεῖθεν
854 1556 1116 1625 γίνεσθαι.

260 1649 516 1702 ΚΕΦΛΛ.
548 1647 623 1704 Γ’.
664 1680 734 1688 —
772 1647 912 1717 Περι
952 1649 1059 1703 τοῦ
1093 1647 1311 1717 κρῆναι
1339 1648 1480 1714 τοὺς
1519 1647 1765 1702 ἐπισκό-

185 1759 343 1808 πους
373 1743 480 1808 τὰς
522 1741 714 1807 αίτίας
748 1740 856 1810 τῆς
897 1741 1236 1810 ὁδοιπορίας
1285 1740 1406 1795 τῶν
1442 1739 1517 1794 δι’
1552 1741 1769 1806 ,αὐτῶν

185 1839 529 1908 παριόντων
558 1838 908 1892 ἐπισκόπων
935 1835 1482 1906 πολυπραγμονεῖν.

493 1930 761 1985 Συνόδου
786 1929 1084 1999 Σαρδικῆς
1116 1928 1316 1984 κανὼν
1352 1936 1460 1983 καν.

253 2043 576 2108 Γαυδέντιος
655 2045 950 2108 ἐπίσκοπος
1034 2040 1198 2097 εἴπεο
1272 2043 1459 2097 Ταῦτα
1515 2043 1586 2097 τά
1659 2061 1766 2098 σω-

181 2138 469 2207 τηριωδῶς
507 2137 601 2191 καὶ
646 2137 957 2200 ἀκολούθως
996 2136 1286 2207 ὁρισθέντα
1319 2136 1414 2190 καὶ
1446 2137 1767 2207 πρεπόντως

177 2233 248 2300 τῆ
291 2229 544 2300 ἐπιτιμία
592 2230 746 2301 ὑμῶν
790 2230 900 2282 τῶν
935 2231 1149 2298 ἱερέων,
1197 2229 1292 2282 καὶ
1334 2228 1454 2300 Θεῷ
1495 2229 1768 2299 ἀρέσαντα

179 2323 276 2374 καὶ
312 2320 644 2392 ἀνθρώποις,
693 2321 791 2392 τὴν
839 2321 1070 2390 δύναμιν
1105 2323 1199 2375 καὶ
1245 2323 1344 2392 τὴν
1378 2323 1529 2393 ἰσχὺν
1559 2322 1766 2377 ἑαυτῶν

169 2416 481 2488 κατασχεῖν
543 2415 602 2467 οὐ
653 2414 993 2484 δυνήσονται,
1048 2414 1143 2467 ἐὰν
1191 2413 1264 2485 μὴ
1311 2415 1404 2468 καὶ
1441 2413 1606 2483 φόϐος
1645 2415 1766 2477 ταῖς

177 2506 582 2575 ἐξενεχθείσαις
624 2505 964 2574 ἀποφάσεσιν
1016 2506 1379 2580 ἀκολουθήσῃ.
1425 2507 1614 2577 Ἰσμεν
1654 2505 1762 2576 γὰρ

175 2599 276 2650 καὶ
305 2598 462 2650 αὐτοὶ
494 2598 780 2662 πλεονάκις
800 2638 814 2664 ,
868 2596 958 2651 διὰ
986 2597 1086 2669 τὴν
1117 2598 1311 2666 ὀλίγων
1353 2596 1759 2667 ἀναισχυντίαν,

172 2691 238 2742 τὸ
271 2691 414 2743 θεῖον
441 2692 533 2744 καὶ
565 2689 1006 2761 σεϐασμιὼτατον
1035 2691 1206 2760 ὄνομα
1233 2691 1331 2760 τῆς
1363 2689 1658 2763 ἱερωσύνης
1685 2691 1764 2755 εἰς

174 2783 528 2850 κατάγνωσιν
554 2783 890 2852 ἐληλυθέναι.
924 2785 986 2837 Ei
1014 2781 1193 2837 τοίνυν
1230 2800 1313 2846 τις
1346 2783 1496 2854 παρά
1528 2782 1596 2835 τὰ
1629 2784 1762 2836 πᾶσι

173 2875 443 2940 δόξαντα,
489 2875 752 2945 τολμήσοι
799 2875 1155 2940 σπουδάζων,
1207 2873 1360 2945 τύφῳ
1413 2875 1614 2945 μᾶλλον
1667 2874 1762 2927 καὶ

173 2967 492 3038 ἀλαζονείᾳ,
516 2969 549 3039 ἢ
569 2967 647 3038 τῷ
670 2967 788 3039 Θεῷ
811 2969 1030 3040 ἀρέσαι,
1054 2969 1242 3040 ἕτερόν
1266 2987 1317 3021 τι
1338 2965 1759 3038 διαπράξασθαι,

170 3061 280 3130 ἤδη
329 3061 649 3128 γινωσκέτω
684 3061 988 3133 ἐγκλήματι
1032 3061 1333 3130 ἀπολογίας
1366 3060 1555 3114 ἐαυτὸν
1587 3060 1758 3114 ὑπεύ-

173 3151 342 3204 θυνον
371 3152 753 3212 καθίστασθαι,
783 3155 878 3206 καὶ
903 3153 1002 3223 τὴν
1024 3154 1189 3226 τιμὴν
1212 3153 1307 3207 καὶ
1335 3153 1395 3207 τὸ
1418 3152 1636 3224 ἀξίωμα
1660 3152 1762 3223 τῆς

169 3245 488 3313 ἐπισκοπῆς
523 3244 868 3299 ἀποϐάλλειν.

249 3425 528 3489 Ἀπαντες
558 3426 952 3496 ἀπεκρίναντο*
1000 3426 1210 3499 Πρέπει
1243 3427 1337 3481 καὶ
1378 3425 1602 3496 ἀρέσκει
1633 3426 1767 3498 ἡμῖν

170 3517 202 3585 ἡ
255 3515 487 3588 τοιαύτη
539 3518 753 3590 γνώμη.
811 3520 922 3572 Καὶ
963 3518 1054 3574 ττέ
1063 3537 1123 3572 το
1174 3519 1231 3573 δὲ
1278 3518 1488 3573 ἐκεῖθεν
1530 3517 1766 3588 μάλιστα

169 3606 457 3678 γνώριμον
482 3609 795 3680 γενήσεται,
819 3610 912 3664 καὶ
936 3611 1378 3682 πὶηρωθήσεται,
1407 3610 1502 3664 ἐάν
1534 3609 1767 3673 ἕκαστος

170 3701 336 3771 ἡμῶν
361 3701 470 3754 τῶν
491 3704 548 3755 ἐν
573 3705 694 3766 ταῖς
724 3704 981 3775 πιρὸδοις
1002 3705 1120 3774 ἦτοι
1146 3703 1385 3774 καναλίῳ
1408 3702 1767 3756 καθεστώτων

169 3793 518 3858 ἐπισκόπων,
553 3795 840 3867 ἐπιζητοίη
870 3796 967 3868 τὴν
1014 3796 1196 3850 αίτίαν
1241 3796 1342 3865 τῆς
1383 3795 1640 3865 παρόδου,
1672 3793 1768 3846 καὶ

170 3882 273 3937 ποῦ
306 3883 408 3955 τὴν
445 3887 672 3961 πορείαν
714 3891 967 3944 ποιεῖται.
1005 3889 1115 3943 Καὶ
1163 3888 1259 3942 ἐὰν
1292 3889 1391 3958 μὲν
1421 3887 1559 3958 εὕρῃ
1604 3886 1766 3940 αὑτὸν

170 3975 265 4036 ἐοῖὶ
307 3976 390 4035 τίδ’
418 3981 780 4054 στρατόπεδον
812 3980 1079 4047 ἀπιόντα,
1130 3979 1449 4051 ἐπιζητήσει
1487 3979 1585 4042 τάς
1618 3977 1768 4050 αἱρέ-

175 4094 292 4140 σεις
373 4076 472 4133 τὰς
528 4076 713 4128 ἐπάνω
783 4073 1154 4146 προκειμένας
1185 4089 1199 4104 ·
1272 4073 1377 4126 κᾶν
1434 4069 1766 4141 κεκλημένος

174 4168 500 4236 ἀφικνῆται,
546 4166 762 4219 ἀπιόντι
811 4163 962 4235 αὐτῷ
996 4163 1163 4235 μηδὲν
1209 4162 1468 4231 ἐμπόδιον
1500 4160 1762 4231 γίγνοιτο.

176 4262 235 4313 Εἰ
298 4259 360 4312 δὲ
417 4258 730 4324 ἐπιδείξεως
795 4258 992 4328 χάριν,
1062 4254 1245 4319 καθὼς
1307 4254 1634 4326 προείρηται
1698 4256 1765 4323 τῇ

175 4354 425 4424 ὑμετέρᾳ
452 4351 660 4422 ἀγάπῃ,
694 4352 727 4424 ἦ
757 4351 845 4404 διά
871 4367 1024 4412 τινας
1055 4348 1307 4413 ἀξιώσεις
1351 4346 1640 4410 σπουδάζοι
1672 4348 1765 4399 ἐπὶ

174 4446 232 4499 τὸ
278 4443 669 4514 στρατόπεδον,
721 4442 859 4511 μήτε
902 4444 1016 4504 τοῖς
1049 4441 1376 4511 γράμμασιν
1421 4437 1588 4491 αὑτοῦ
1633 4437 1764 4490 ὐπο-

175 4542 437 4612 γράφειν,
479 4537 616 4608 μήτε
646 4537 920 4588 κοινωνεῖν
945 4532 1023 4606 τῷ
1056 4532 1305 4604 τοιούτῳ.

245 4711 532 4774 Ἅπαντες
563 4707 714 4764 εἷπον
733 4725 747 4741 ⁸
774 4708 1076 4782 Ὀριζέσθω
1102 4709 1198 4763 καὶ
1224 4709 1403 4764 τοῦτο.

241 4823 504 4880 ΚΕΦΑΛ.
548 4821 622 4876 Δ’.
666 4851 737 4862 —
780 4822 921 4890 Περὶ
969 4822 1318 4876 ἐπισκόπων
1363 4823 1402 4891 ἢ
1465 4819 1768 4890 κληρικῶν

177 4915 484 4970 ἀπιόντων
507 4915 658 4983 πρὸς
682 4914 956 4980 βασιλέα
985 4914 1024 4983 ἣ
1052 4914 1192 4981 τοὺς
1219 4914 1352 4982 περὶ
1381 4915 1585 4970 αὐτόν.

408 5033 453 5084 Σ
459 5031 678 5084 ιτνόὸου
708 5029 1072 5098 Ἀντιοχείας
1110 5029 1312 5083 κανὼν
1343 5033 1433 5095 ια’,
1460 5028 1547 5100 ιβ’.

245 5150 343 5198 ια’.
386 5143 456 5196 Εἴ
484 5161 569 5207 τις
598 5143 917 5208 ἐπίσκοπος,
952 5143 985 5214 ἢ
1013 5143 1406 5215 πρεσϐύτερος,
1434 5145 1466 5216 ἢ
1503 5146 1640 5210 ὅλως
1671 5147 1765 5201 τοῦ

179 5236 428 5299 κανόνος,
481 5235 610 5288 ἀνευ
659 5235 888 5306 γνώμης
934 5237 1026 5288 καὶ
1071 5240 1419 5307 γραμμάτων
1455 5238 1567 5292 τῶν
1601 5241 1660 5293 ἐν
1697 5242 1764 5312 τῇ

177 5327 420 5399 ἐπαρχίᾳ
451 5328 786 5394 ἐπισκόπων,
826 5328 920 5381 καὶ
967 5327 1203 5399 μάλιστα
1236 5330 1330 5382 τοῦ
1363 5330 1504 5383 κατά
1531 5331 1629 5402 τὴν
1663 5350 1768 5403 μη-

178 5420 456 5489 τρόπολιν,
507 5422 767 5491 ὁρμήσειε
804 5420 940 5492 πρὸς
987 5421 1208 5491 βασιλέα
1249 5423 1526 5490 ἀπελθεῖν,
1577 5424 1766 5479 τοῦτον

181 5511 657 5585 ἀποκηρύττεσθαι
707 5513 800 5566 καὶ
850 5513 1155 5583 ἀπόϐλητον
1196 5514 1465 5583 γίνεσθαι,
1511 5516 1571 5568 οὐ
1605 5517 1765 5586 μόνον

181 5607 277 5674 τῆς
311 5605 619 5671 κοινωνίας,
662 5604 797 5658 ἀλλὰ
828 5605 924 5658 καὶ
949 5605 1048 5673 τῆς
1081 5605 1238 5670 ἀξίας
1263 5601 1332 5677 ἦς
1364 5606 1608 5676 μετέχων
1631 5625 1766 5676 τυγ-

183 5703 356 5770 χάνει,
387 5699 464 5763 ὼς
491 5698 845 5770 παρενοχλεῖν
870 5697 1153 5765 τολμῶντα
1175 5699 1274 5761 τὰς
1299 5697 1392 5752 τοῦ
1418 5699 1763 5768 θεοφιλεστά-

184 5810 275 5847 του
311 5793 578 5863 βασιλέως
629 5790 787 5860 ἡμῶν
825 5788 1024 5852 ἀκοὰς,
1080 5789 1234 5860 παρά
1272 5775 1365 5843 τδν
1416 5790 1616 5860 θεσμὸν
1663 5791 1764 5860 τῆς

175 5883 349 5964 ιἘκκ)
362 5885 521 5957 ησίας
542 5902 556 5916 ·
591 5881 713 5937 εἰδὲ
743 5881 1017 5951 ἀναγκαία
1044 5881 1234 5952 καλοίη
1266 5880 1421 5953 χρεία
1441 5883 1577 5952 πρὸς
1596 5882 1762 5952 βασι-

1791 1903 1841 1965 Β

1793 3268 1838 3327 C

1791 4611 1842 4671 D

1872 641 1982 698 tur,
2009 636 2294 705 cjiciunto,
2330 653 2492 712 atque
2523 645 2663 701 alios
2695 648 3008 704 ordinante.
3047 651 3246 708 Eadem
3285 655 3448 712 etiam

1873 724 1926 780 in
1969 729 2182 785 clericis
2236 735 2617 809 cujuscunque
2661 741 2863 810 gradus
2893 744 3198 802 obtinente.
3253 748 3446 808 Const.

1874 819 2110 892 denique
2145 825 2211 879 l2
2257 825 2500 893 ejusdem
2534 832 2617 886 tit.
2677 832 2703 885 1
2749 831 3099 891 Novellarum
3156 838 3333 908 jubet,
3389 850 3451 896 ut

1880 911 1937 968 Si
1965 914 2034 969 ab
2056 917 2240 986 aliqua
2263 917 2505 976 Ecclesia
2541 924 2800 980 recedant
2827 927 3038 994 clerici,
3073 931 3163 984 alii
3195 933 3286 1002 qui
3319 933 3452 988 sub-

1873 1017 2161 1078 rogantur,
2197 1015 2529 1070 annonarias
2559 1019 2855 1086 pensiones
2895 1022 3236 1092 percipiant:
3271 1039 3451 1096 neque

1875 1101 1996 1165 illi,
2027 1103 2074 1158 si
2149 1117 2513 1188 revertantur,
2561 1111 2683 1166 illas
2730 1114 2952 1184 capiant
2988 1132 3002 1170 :
3056 1132 3232 1187 neque
3271 1119 3363 1188 qui
3396 1118 3448 1174 id

1874 1211 2046 1266 genus
2071 1201 2406 1267 erogationis
2434 1206 2732 1273 sustinent,
2768 1209 2889 1264 illas
2919 1209 3216 1266 lucrentur.
3238 1211 3293 1268 Si
3319 1226 3451 1268 vero

1877 1286 2239 1364 [erogatores]
2276 1308 2341 1348 ex
2373 1297 2692 1352 annonariis
2728 1281 3088 1368 pensionibus
3116 1299 3446 1376 [quippiam]

1874 1381 2305 1452 interverterint,
2353 1395 2502 1442 certa
2553 1387 2668 1462 [ex]
2723 1390 2942 1446 illorum
3005 1395 3450 1463 possessionibus

1877 1471 2079 1544 [portio
2118 1478 2405 1552 principis]
2433 1481 3026 1552 privatisassignetur,
3067 1493 3128 1539 ut
3161 1485 3287 1541 inde
3313 1487 3452 1559 .illa-

1873 1583 1993 1622 rum
2033 1571 2122 1624 ﬁat
2153 1573 2418 1642 erogatio.

1945 1662 2098 1717 CAP.
2139 1663 2229 1718 ΙΙΙ.
2256 1696 2326 1706 --
2355 1665 2508 1730 Quod
2538 1667 2759 1722 debeant
2785 1669 3015 1740 episcopi
3060 1685 3251 1724 causas
3295 1685 3449 1724 scru-

1873 1757 1997 1820 tari,
2042 1756 2104 1811 ob
2148 1773 2280 1827 quas
2321 1760 2549 1830 episcopi
2583 1761 2726 1831 apud
2771 1779 2826 1816 se
2861 1771 3185 1819 transeuntes
3218 1765 3453 1836 peregri-

1874 1858 2092 1907 nantur.

2191 1943 2422 2001 Concilii
2461 1944 2794 2003 Sardicensis
2828 1964 2998 2002 canon
3034 1947 3128 2004 2|.

1947 2054 2085 2129 [‘20].
2125 2056 2467 2114 Gaudentius
2523 2060 2814 2130 episcopus
2863 2059 3046 2114 dixit:
3115 2059 3243 2116 Ilaec
3292 2057 3446 2116 salu-

1872 2151 2064 2204 tariter
2094 2159 2147 2206 et
2184 2160 2553 2221 congruenter
2581 2153 2828 2219 deﬁnita,
2860 2163 2913 2207 et
2951 2162 3152 2208 nostra
3188 2155 3449 2209 sacerdo-

1870 2249 1982 2294 tum
2011 2243 2256 2312 dignitati
2291 2243 2701 2309 convenienter,
2731 2252 2784 2298 et
2822 2260 2943 2314 qua:
2982 2245 3092 2299 Deo
3127 2254 3180 2299 et
3207 2246 3448 2300 homini-

1869 2334 1972 2389 bus
2012 2336 2358 2405 placuerunt,
2405 2335 2702 2412 pOtetitiani
2755 2345 2811 2388 et
2839 2335 2986 2388 vires
3033 2350 3161 2390 snas
3200 2336 3448 2391 obtinere

1869 2445 1978 2484 non
2025 2437 2300 2499 poterunt,
2338 2428 2441 2483 nisi
2492 2428 2655 2482 etiam
2702 2437 2880 2484 metus
2927 2428 3104 2484 editas
3145 2429 3448 2484 sententias

1869 2531 2193 2576 consecutus
2224 2519 2409 2576 fuerit.
2443 2519 2548 2590 Ipsi
2580 2521 2724 2574 enim
2758 2521 2985 2587 sciurus,
3043 2536 3186 2590 saepe
3224 2531 3446 2591 propter

1867 2631 2167 2686 paucorum
2196 2614 2611 2684 impudentiam,
2647 2610 2911 2667 divinum'
2936 2622 2989 2667 et
3027 2613 3081 2666 in
3119 2611 3313 2682 primis
3351 2628 3446 2668 ve-

1867 2711 2172 2765 nerandum
2206 2707 2498 2763 sacerdotii
2529 2722 2728 2761 nomen
2758 2706 2810 2760 in
2838 2705 3244 2760 damnationem
3277 2703 3447 2778 [vitu-

1867 2803 2232 2874 perationcm,
2281 2800 2358 2855 vel
2402 2797 2801 2870 contemptum]
2835 2797 2998 2868 200
3028 2797 3344 2852 incurrisse.
3389 2795 3448 2852 Si

1865 2899 1989 2968 quis
2017 2911 2147 2966 ergo
2183 2905 2379 2964 praeter
2407 2910 2468 2949 ea
2498 2909 2621 2965 quae
2649 2893 2906 2948 omnibus
2938 2892 3051 2947 visa
3090 2901 3240 2955 sunt,
3276 2907 3448 2947 ausus

1867 2989 2052 3052 fuerit,
2094 2988 2322 3044 studens
2359 2985 2524 3042 fastui
2558 2985 2731 3054 magis
2767 2991 2822 3038 et
2859 2984 3185 3054 arrogantiae
3215 2984 3445 3047 servire.

1864 3098 2028 3153 quam
2061 3081 2170 3135 Deo
2202 3081 2439 3150 placere,
2485 3075 2689 3146 aliquid
2740 3074 2886 3129 aliud
2925 3089 3123 3146 agere:
3154 3075 3294 3129 sciat
3335 3073 3446 3144 jam

1866 3191 1927 3231 se
1964 3174 2212 3230 criminis
2254 3188 2430 3234 reum,
2457 3184 2522 3225 ac
2549 3168 2854 3226 defensioni
2900 3167 3198 3222 obnoxium
3245 3167 3452 3223 consti-

1874 3277 2046 3332 tuere,
2087 3274 2142 3322 ct
2171 3265 2522 3336 episcopatus
2547 3263 2811 3318 honorem
2842 3276 2907 3316 ac
2934 3261 3253 3334 dignitatem
3285 3262 3448 3317 amit-

1873 3369 2004 3416 tere.

1939 3449 2140 3506 Omnes
2164 3448 2596 3519 responderunt:
2635 3447 2830 3513 Decet,
2855 3454 2904 3502 et
2927 3447 3103 3516 placet
3136 3446 3292 3501 nobis
3333 3445 3450 3504 lia'c

1868 3544 2157 3600 Sententia.
2177 3541 2345 3596 Porro
2362 3550 2540 3596 autem
2562 3541 2664 3594 hoc
2678 3554 2894 3610 quoque
2911 3540 3059 3594 illinc
3077 3539 3182 3593 erit
3209 3538 3448 3594 maxime

1867 3646 2058 3690 notum
2110 3648 2166 3690 et
2205 3634 2380 3704 reipsa
2411 3634 2781 3698 observatum,
2837 3631 2882 3685 si
2938 3630 3316 3700 unusquisque
3345 3644 3448 3684 no-

1867 3738 2064 3790 strum,
2102 3727 2195 3797 qui
2235 3742 2428 3781 sumus
2463 3740 2632 3794 prope
2667 3724 2781 3778 vias
2835 3723 3080 3792 pultlicas
3123 3737 3215 3776 seu
3252 3721 3443 3776 canale

1868 3817 2148 3872 Constituti
2183 3814 2449 3886 episcopi,
2501 3828 2625 3869 cum
2668 3812 2862 3866 viderit
2900 3813 3241 3882 episcopum,
3291 3826 3445 3880 qum-

1867 3919 1953 3964 rat
1999 3925 2224 3964 causam
2269 3909 2551 3972 transitus,
2607 3917 2663 3963 et
2711 3923 2820 3978 quo
2866 3915 3054 3977 pergat
3086 3923 3099 3958 :
3131 3915 3184 3960 et
3221 3903 3266 3959 si
3318 3918 3443 3957 cum

1870 4004 2089 4075 quidem
2131 4005 2184 4058 in
2231 4014 2407 4059 castra
2439 4002 2877 4074 proﬁciscentem
2915 3999 3202 4061 invenerit,
3236 4005 3445 4067 qumrat

1869 4096 2233 4161 conditiones,
2285 4111 2406 4166 quae
2453 4095 2709 4164 superius
2749 4092 3038 4163 protioslta:
3089 4099 3218 4144 sunt
3250 4110 3264 4144 :
3293 4097 3347 4142 ct
3395 4088 3442 4144 si

1868 4199 2130 4246 evocatus
2163 4189 2368 4252 veniat,
2391 4188 2440 4242 ei
2489 4187 2716 4242 abeunti
2749 4186 2882 4240 nihil
2925 4182 3295 4253 impedimenti
3329 4181 3442 4234 liat.

1869 4284 1964 4339 Sin
1996 4295 2175 4338 autem
2199 4279 2582 4336 ostentationis
2615 4280 2810 4349 gratia,
2853 4275 3310 4347 quemadmodum
3349 4288 3447 4328 ve-

1868 4389 1996 4434 strae
2045 4375 2326 4432 dilectioni
2381 4373 2634 4444 superius
2687 4373 2888 4426 dictum
2946 4378 3050 4432 est,
3099 4368 3183 4423 vel
3223 4376 3445 4437 propter

1868 4471 2180 4540 aliquorum
2211 4467 2488 4538 postulata
2527 4466 2580 4519 in
2612 4474 2794 4519 castra
2827 4462 3083 4526 festinat;
3116 4475 3216 4516 nec
3249 4459 3444 4516 litteris

1867 4563 1987 4633 ejus
2017 4562 2344 4620 subscribat.
2376 4575 2478 4614 nec
2508 4572 2634 4612 cum
2659 4571 2726 4611 eo
2753 4555 3145 4610 communicet.

1940 4651 2140 4709 Omnes
2175 4652 2429 4707 dixerunt
2455 4666 2468 4704 :
2501 4648 2615 4703 lloc
2637 4641 2856 4718 quoque
2886 4647 3234 4701 decernatur.

1938 4788 2090 4844 CAP.
2137 4783 2229 4841 Ν.
2257 4814 2330 4826 --
2365 4784 2442 4838 De
2474 4783 2726 4853 episcopis
2756 4781 2834 4835 vel
2869 4781 3074 4836 clericis
3104 4780 3174 4834 ad
3215 4781 3447 4852 impera-

1872 4893 2036 4939 torem
2067 4881 2148 4936 vel
2176 4881 2289 4948 ejus
2329 4879 2510 4933 aulam
2537 4877 2892 4949 pergentibus.

2115 4997 2341 5053 Concilii
2371 4996 2684 5051 Antiocheni
2722 5011 2949 5050 canones
2983 4994 3069 5054 11.
3115 4993 3203 5047 12.

1940 5133 2028 5190 Η.
2067 5132 2123 5187 Si
2159 5131 2282 5202 quis
2305 5131 2618 5202 episcOpus,
2643 5127 2727 5182 vel
2765 5126 3068 5196 presbyter,
3097 5123 3181 5178 vel
3221 5121 3447 5177 omnino

1867 5243 1934 5282 ex
1964 5235 2178 5281 canone
2212 5225 2350 5279 citra
2381 5221 2709 5284 sententiam
2742 5228 2796 5274 et
2819 5219 3027 5272 litteras
3061 5215 3446 5284 episcoporum

1868 5317 2186 5390 provinciae,
2229 5324 2284 5370 et
2319 5313 2556 5370 maxime
2587 5311 3130 5380 metropolitanorum
3165 5308 3232 5360 ad
3272 5305 3447 5375 impe-

1871 5422 2108 5469 ratorem
2142 5409 2415 5481 proﬁcisci
2448 5422 2742 5479 aggressus
2775 5404 2963 5470 luerit,
3000 5401 3048 5457 is
3078 5401 3360 5457 alt-licetur
3393 5409 3448 5453 et

1867 5511 2120 5580 ejiciatur
2149 5523 2259 5562 non
2288 5505 2462 5562 solum
2495 5520 2523 5558 a
2556 5501 2962 5564 communione,
2985 5497 3079 5552 sed
3112 5496 3276 5552 etiam
3307 5509 3336 5548 a
3363 5491 3448 5546 di-

1867 5599 2071 5670 gnitate
2104 5597 2265 5666 cujus
2298 5603 2383 5649 est
2421 5596 2715 5662 particeps,
2749 5597 2810 5642 ut
2841 5587 2935 5656 qui
2959 5585 3116 5656 201
3143 5581 3447 5653 religiosis-

1869 5692 1995 5748 simi
2042 5686 2386 5758 imperatoris
2422 5684 2595 5739 nostri
2629 5682 2857 5737 auribus
2910 5678 3214 5734 molestiam
3256 5673 3448 5728 aﬂerre

1867 5785 2066 5841 audeat
2094 5791 2290 5854 praeter
2319 5781 2484 5835 ritum
2509 5777 2788 5833 Ecclesim.
2817 5775 2873 5829 Si
2893 5783 3075 5828 autem
3109 5768 3449 5825 necessarius

1872 5893 2004 5936 usus
2036 5877 2217 5947 exigat
2249 5882 2308 5928 ut
2336 5872 2401 5928 ad
2428 5872 2812 5942 imperatorem
2842 5884 2901 5926 se
2923 5863 3189 5930 conferat,
3230 5862 3282 5918 id
3325 5868 3444 5934 agat
