3874 6296
612 365 718 430 667

1771 378 2032 438 ΡΗΟῙΊΙ
2074 377 2579 438 ΡΑΤίίῐΛΡιΟΙΙίΕ
2609 379 2718 439 (ΣΡ.
3714 387 3795 449 663

605 490 740 531 cum
754 473 1144 533 deliberatione
1165 487 1218 535 et
1245 481 1511 535 sententia
1539 483 1940 551 mett'OpoIitani
1971 486 2175 555 provin-

2289 483 2382 537 λέα
2417 488 2612 556 ὀρμᾷν,
2651 486 2808 540 τοῦτο
2854 485 3110 556 πράττειν
3157 486 3293 556 μετά
3321 485 3551 556 σκέψεως
3579 490 3661 544 καί
3691 495 3793 560 γνιί»

612 569 732 636 clm,
764 574 1040 626 eteorum
1082 571 1175 640 qui
1224 582 1352 629 sunt
1399 573 1453 627 in
1487 589 1588 638 ea,
1642 589 1944 645 eorumque
1998 577 2190 631 litteris

614 661 859 718 munitus
888 662 994 718 iter
1023 647 1262 721 invadat.

685 848 775 904 l2.
814 847 870 903 Si
908 850 1031 920 quis
1083 867 1113 906 a
1163 855 1383 924 proprio
1426 855 1686 927 episcopo
1713 857 1994 928 depositus
2033 874 2190 929 pres-

614 940 791 1011 byter,
824 943 908 997 vel
936 944 1221 1009 diaconus,
1269 948 1351 1002 vel
1373 951 1662 1020 episcopus
1694 966 1724 1004 a
1757 951 1988 1021 synodo,
2021 966 2189 1005 ausus

613 1028 780 1085 fuerit
843 1032 1192 1102 imperatoris
1247 1039 1474 1095 auribus
1537 1042 1842 1095 molestiam
1908 1041 2184 1103 exhibere,

611 1137 736 1176 cum
765 1127 1093 1193 oporteatad
1119 1129 1380 1198 majorem
1407 1132 1673 1202 synodum
1704 1135 1968 1199 converti,
2001 1143 2053 1186 et
2071 1133 2183 1202 jus,

609 1214 756 1284 quod
785 1229 846 1269 se
872 1215 1073 1272 habere
1109 1227 1281 1288 putat,
1322 1221 1390 1275 ad
1421 1223 1606 1292 plures
1637 1229 1924 1292 episcopos
1959 1221 2182 1286 referre,

609 1320 906 1376 eorumque
935 1309 1394 1366 examinatiouem
1447 1323 1500 1368 et
1549 1314 1816 1384 judicium
1852 1315 2131 1384 suscipere
2167 1331 2182 1368 :

608 1396 701 1466 qui
732 1397 936 1468 itaque,
955 1400 1039 1456 his
1067 1404 1413 1472 contemptis.
1439 1407 1745 1474 imperatori
1774 1406 2033 1462 molestus
2067 1407 2185 1460 fue-

607 1489 698 1552 rit,
734 1489 804 1554 is,
838 1490 984 1542 nulla
1012 1493 1171 1546 venia
1202 1495 1401 1562 dignus
1423 1533 1439 1558 ,
1509 1512 1687 1566 neque
1717 1498 1802 1551 sui
1855 1497 2181 1552 defendendi

607 1577 787 1633 locum
818 1580 1034 1648 habeat,
1067 1599 1167 1640 nec
1191 1587 1556 1645 restitutionis
1582 1591 1780 1646 futura:
1813 1605 1964 1661 spem
1991 1605 2184 1660 exspe-

607 1678 737 1725 ctet.

801 1762 1395 1824 ConciliiSardicemis
1425 1789 1593 1827 canon
1631 1773 1685 1840 7,
1727 1774 1782 1836 8,
1821 1775 1876 1838 9,
1905 1775 1996 1832 20.

677 1851 728 1906 7.
755 1851 955 1910 l‘losius
980 1858 1270 1928 episcopus
1287 1861 1457 1917 dixit:
1485 1865 1873 1934 lmportunitas
1899 1876 2108 1932 nostra,
2129 1877 2180 1923 et

605 1944 779 1999 multa
805 1946 1119 2015 assiduitas,
1149 1960 1204 2006 et
1249 1953 1468 2024 injustte
1523 1973 1717 2026 preces
1745 1958 2066 2023 effecerunt,
2123 1970 2180 2015 ut

606 2053 708 2092 nos
743 2054 850 2093 non
903 2039 1203 2098 habeamus
1251 2053 1456 2099 tantam
1499 2049 1727 2118 gratiam
1763 2059 1816 2104 et
1874 2051 2178 2106 libertatem

603 2127 841 2196 dicendi,
889 2141 1150 2200 quantam
1202 2133 1536 2190 debebamus
1567 2137 1788 2193 habere.
1833 2138 1983 2192 Multi
2034 2141 2176 2193 enim

603 2219 844 2290 episcopi
878 2237 986 2277 non
1044 2225 1412 2282 intermittunt
1451 2231 1515 2284 ad
1558 2240 1741 2285 castra
1791 2233 2076 2296 accedere,
2126 2240 2180 2286 et

603 2312 842 2376 inartime
885 2313 1032 2383 Afri,
1078 2320 1190 2386 qui,
1224 2322 1680 2389 quemadmodum
1736 2325 2091 2394 cognovimus
2147 2342 2177 2379 a

601 2405 802 2460 dilecto
836 2407 1004 2464 fratre
1033 2423 1221 2467 nostro
1246 2423 1293 2468 et
1329 2417 1652 2484 coepiscopo
1686 2417 1875 2483 Grato,
1910 2419 2174 2473 salutaria

601 2497 829 2552 consilia
889 2515 994 2554 non
1044 2503 1359 2572 admittunt,
1419 2509 1513 2559 sed
1555 2506 1625 2560 ita
1688 2521 2064 2577 contemnunt,
2119 2522 2178 2567 ut

600 2604 742 2646 unus
775 2592 936 2647 homo
968 2593 1020 2648 in
1046 2606 1225 2651 castra
1257 2599 1542 2668 plurimas,
1586 2610 1638 2656 et
1682 2603 1948 2668 diversas,
1974 2616 2026 2658 et
2057 2621 2176 2675 quae

598 2693 707 2733 non
768 2694 995 2750 possunt
1027 2686 1220 2754 juvare
1267 2687 1558 2756 Ecclesias,
1612 2707 1800 2760 preces
1852 2692 2059 2757 afferat,
2122 2705 2175 2749 et

597 2781 709 2824 non
747 2773 846 2836 '(ut
874 2772 1035 2827 debet
1071 2776 1210 2840 fieri,
1240 2785 1294 2830 et
1323 2781 1596 2851 convenit)
1634 2784 1964 2852 pauperibus
1994 2793 2048 2839 et
2073 2784 2175 2839 lai-

597 2858 704 2924 cis,
737 2863 821 2915 vel
853 2864 1034 2920 viduis
1059 2882 1214 2936 opem
1249 2878 1304 2922 et
1333 2871 1596 2925 auxilium
1632 2873 1788 2939 ferat,
1822 2877 1913 2930 sed
1943 2878 2172 2932 saecula-

599 2967 690 3008 res
721 2955 1014 3022 dignitates
1041 2970 1091 3011 et
1109 2957 1421 3018 functiones
1440 2964 1710 3034 aliquibus
1751 2971 2016 3038 acquirat.
2048 2970 2173 3027 Ha'c

597 3060 731 3114 ergo
758 3051 1087 3105 perversitas
1119 3052 1506 3110 detrimentum
1536 3074 1640 3112 non
1682 3059 1800 3115 sine
1845 3062 2172 3120 offendiculo

598 3147 652 3191 et
675 3140 1127 3197 coirdemnatione
1151 3145 1311 3215 202
1345 3148 1500 3204 nobis
1530 3151 1806 3208 conciliat.
1835 3154 2169 3210 Convenien-
2197 3179 2242 3240 ε

600 3230 709 3288 tius
747 3243 927 3288 autem
965 3249 1086 3290 esse
1115 3238 1449 3304 existimavi,
1483 3250 1543 3295 ut
1577 3243 1867 3314 cpiscOpus
1899 3247 1974 3301 illi
2007 3263 2168 3302 suum

599 3322 859 3376 auxilium
891 3323 1148 3392 praebeat,
1187 3328 1270 3381 cui
1298 3331 1365 3382 ab
1405 3330 1588 3401 aliquo
1619 3334 1701 3386 vis
1737 3331 1983 3403 affertur,
2017 3338 2102 3391 vel
2125 3339 2170 3395 si

600 3427 723 3481 qua:
755 3413 916 3468 vidua
979 3415 1174 3487 injuria
1205 3417 1492 3488 afliciatur,
1529 3423 1610 3477 vel
1657 3425 1701 3479 si
1758 3426 1882 3494 quis
1933 3429 2174 3498 pupillus

596 3500 841 3570 privetur
881 3502 972 3572 iis,
999 3521 1122 3575 qua:
1173 3509 1238 3562 ad
1281 3510 1459 3579 ipsum
1505 3516 1810 3584 pertinent;
1852 3518 1896 3572 si
1953 3520 2172 3588 quidem

597 3587 712 3645 haec
740 3595 962 3648 nomina
988 3594 1190 3664 justam
1223 3597 1456 3653 habeant
1496 3616 1720 3657 causam
1744 3614 1795 3659 et
1821 3587 2175 3677 supplicatio-

599 3698 752 3740 nem.
790 3684 845 3740 Si
890 3685 1097 3759 itaque,
1134 3691 1315 3747 dilecti
1343 3694 1560 3760 fratres,
1605 3697 1710 3752 hoc
1743 3700 1997 3755 omnibus
2028 3703 2174 3757 vidc-

597 3783 687 3828 tur
719 3775 786 3832 iis
843 3795 964 3847 quae
1011 3782 1075 3836 ad
1137 3783 1314 3852 ipsutn
1352 3788 1659 3856 pertinent;
1694 3791 1739 3845 si
1784 3793 2002 3862 quidem
2060 3794 2173 3849 haec

597 3869 820 3924 nomina
850 3870 1051 3939 justam
1090 3873 1325 3929 habeant
1354 3893 1577 3933 causam
1608 3889 1660 3934 et
1693 3883 2170 3951 supplicationem.

596 3961 656 4015 Si
719 3961 924 4031 itaque,
978 3963 1160 4019 dilecti
1223 3966 1440 4036 fratres,
1491 3971 1614 4028 hoc.
1651 3974 1908 4031 omnibus
1941 3976 2171 4042 videtur,

595 4053 823 4108 statuite
857 4057 1066 4110 nullum
1102 4070 1352 4127 oportere
1388 4062 1707 4132 episcopum
1757 4067 1822 4119 ad
1861 4077 2040 4122 castra
2080 4085 2174 4124 ac-

597 4145 811 4212 cedere,
843 4158 1041 4217 praeter
1068 4166 1163 4207 eos
1193 4167 1330 4222 quos
1359 4154 1480 4223 pius
1515 4157 1812 4225 imperator
1843 4169 2029 4214 noster
2055 4165 2172 4219 suis

597 4236 798 4294 litteris
849 4244 1104 4297 accersit.
1142 4241 1246 4298 Sed
1273 4247 1401 4316 quia
1433 4262 1576 4316 saepe
1609 4251 1896 4321 contingit,
1955 4255 2169 4324 aliquos

594 4327 690 4396 qui
730 4338 890 4398 egent
932 4331 1335 4401 misericordia,
1388 4336 1454 4390 ad
1491 4335 1793 4392 Ecclesiam
1855 4341 2167 4413 confugere,

593 4420 689 4489 qni
721 4430 939 4491 propter
966 4438 1064 4478 sua
1093 4435 1315 4494 peccata
1345 4428 1428 4482 vel
1461 4430 1793 4500 relegatione
1815 4473 1830 4495 ,
1873 4435 1955 4488 vel
1998 4435 2050 4489 in
2080 4437 2168 4490 iu-

2297 596 2402 648 μης
2442 579 2534 632 τοῦ
2583 581 2726 633 κατὰ
2754 580 2851 644 τὴν
2895 580 3231 652 μητρόπολιν
3278 581 3376 650 τῆς
3423 581 3666 651 ἐπαρχίας
3708 588 3798 640 ἐπι.

2294 672 2495 723 σκόπου
2529 673 2622 724 καὶ
2655 671 2762 726 τῶν
2793 674 2850 726 ἐν
2882 675 3043 744 αὐτῇ,
3081 677 3194 737 τοῖς
3224 690 3284 727 τε
3315 672 3510 728 τούτων
3535 675 3800 748 γράμμασιν

2291 761 2687 828 ἐφοδιάζεσθαι.

2366 855 2451 924 ιβ’.
2497 856 2559 908 Εἰ
2598 873 2680 919 τις
2715 855 2822 909 ὑπὸ
2867 856 2960 910 τοῦ
3001 856 3130 910 ίδίου
3177 856 3471 909 ἐπισκόπου
3513 857 3801 930 καθαιρεθεὶς

2289 949 2679 1018 πρεσὸύτερος,
2712 949 2744 1019 ἢ
2781 949 3048 1013 διάκονος,
3086 950 3118 1020 ἢ
3152 952 3244 1002 καὶ
3274 949 3559 1012 ἐπίσκοπος
3587 951 3675 1003 imi
3704 970 3802 1004 aw-

2285 1040 2430 1102 όδου,
2463 1041 2748 1108 ἐνοχλῆσαι
2781 1042 3069 1110 τολμήσειε
3098 1041 3197 1103 τὰς
3228 1040 3485 1110 βασιλέως
3517 1041 3687 1104 ἀκοὰς.
3713 1045 3802 1094 δέον

2287 1132 2378 1184 ἐπὶ
2428 1133 2649 1201 μείζονα
2699 1134 3013 1186 ἐπισκόπων
3061 1133 3278 1186 σύνοδον
3319 1132 3622 1202 τρέπεσθαι,
3665 1140 3745 1185 καὶ
3778 1137 3804 1188 a

2285 1223 2491 1293 νομίζει
2519 1224 2696 1275 δίκαια
2720 1224 2884 1292 ἔχειν,
2919 1225 3355 1294 προσαναφέρειν
3382 1223 3608 1274 πλείοσιν
3626 1226 3804 1277 ἐπισκό-

2287 1333 2432 1378 ποις,
2468 1315 2562 1368 καὶ
2591 1317 2689 1383 τὴν
2726 1319 2856 1387 παρ’
2884 1316 3064 1369 αὐτῶν
3095 1318 3342 1383 ἐξέτασίν
3374 1333 3435 1369 τε
3463 1317 3554 1370 καὶ
3581 1319 3805 1384 ἐπίκρισιν

2285 1407 2602 1476 ἐκδέχεσθαι
2635 1426 2648 1440 ο
2717 1409 2765 1460 εἱ
2809 1409 2902 1461 καί⁵
2936 1409 3139 1462 τούτων
3173 1411 3508 1480 ὀλιγωρήσας
3549 1411 3804 1479 ἐνοχλήσετε

2283 1500 2362 1570 τῷ
2394 1500 2621 1571 βασιλεῖ,
2659 1501 2846 1555 τοῦτον
2891 1504 3160 1574 μηδεμιᾶς
3203 1504 3528 1574 συγγνώμης
3555 1504 3816 1585 ἀξιοῦσθαι,¹

2288 1592 2421 1662 μηδέ
2447 1591 2632 1662 χώραν
2662 1593 2956 1660 ἀπολογίας
2988 1595 3151 1664 ἔχειν,
3184 1597 3319 1666 μηδὲ
3346 1596 3533 1650 ἐλπίδα
3559 1596 3806 1667 μελλούσης

2282 1683 2780 1746 ἀποκαταστάσεως
2815 1687 3143 1756 προσδοκᾷν.

2454 1773 2723 1827 Συνόδου
2756 1775 3053 1843 Σαρδικῆς
3088 1775 3290 1831 κανὼν
3317 1777 3384 1840 ζ’,
3419 1785 3489 1847 η’,
3518 1779 3582 1843 Θ’,
3609 1785 3671 1834 κ’.

2353 1863 2420 1929 ζ’.
2448 1865 2633 1926 Ὀσιος
2663 1847 2959 1930 ἐπίσκοπος
2983 1863 3138 1921 εἶπεν
3161 1886 3174 1899 ·
3223 1869 3286 1921 Ἢ
3315 1869 3543 1938 ἀκαιρία
3567 1871 3808 1941 ἡμῶν,κ;ιὶ

2281 1952 2519 2025 ὴπολλὴ
2567 1954 2840 2024 συνέχεια,
2889 1955 2982 2009 καὶ
3010 1958 3066 2010 αἱ
3115 1957 3290 2012 ἄδικοι
3337 1957 3585 2023 ἀξιώσεις
3623 1963 3803 2028 πεποιήο

2280 2061 2442 2098 κασιν
2477 2047 2626 2115 ἡμᾶς
2651 2046 2724 2118 μὴ
2751 2046 3016 2117 τοσαύτην
3046 2047 3192 2118 ἔχειν
3222 2049 3385 2120 χάριν
3427 2051 3520 2103 καὶ
3549 2052 3808 2120 παρρησίαν

2279 2136 2412 2205 ὅσην
2462 2137 2752 2206 ὀφείλομεν
2785 2138 3106 2207 κεκτῆσθαι.
3151 2141 3342 2194 Πολλοὶ
3370 2143 3479 2213 γὰρ
3506 2142 3606 2194 τῶν
3634 2144 3808 2195 ἐπισκό-

2280 2244 2397 2279 πων
2429 2227 2489 2279 of:
2525 2228 2890 2282 διαλείπουσιν
2936 2232 3015 2294 είς
3060 2230 3121 2283 τὸ
3167 2233 3527 2302 στρατόπεδον
3559 2235 3808 2303 παραγινο-

2282 2337 2451 2390 μενοι,
2484 2321 2576 2374 καὶ
2606 2321 2838 2389 μάλιστα
2862 2323 2912 2374 οἱ
2953 2324 3140 2392 ’Λφροί
3163 2340 3176 2355 ·
3220 2325 3440 2389 οἵτινες,
3479 2326 3649 2389 καίιὼς
3676 2327 3807 2393 ἐγνω-

2281 2429 2381 2481 μεν
2412 2413 2561 2484 παρὰ
2592 2413 2686 2467 τοῦ
2729 2416 3014 2484 ἀγαπητοῦ
3046 2417 3274 2486 ἀδελφοῦ
3311 2417 3470 2488 ἡμῶν
3512 2418 3601 2471 καὶ
3633 2435 3808 2470 cavam-

2283 2505 2488 2558 σκόπου
2551 2506 2798 2575 Γράτου,
2861 2507 2962 2571 τὰς
3019 2509 3384 2578 σωτηριώδεις
3444 2509 3726 2578 συμϐουλὰς
3765 2509 3808 2561 οὐ

2277 2597 2692 2667 παραδέχονται,
2739 2598 2875 2652 ἀλλά
2919 2600 3351 2669 καταφρονοῦσιν
3399 2600 3590 2664 οὓτως,
3635 2601 3700 2665 ὡς
3739 2602 3809 2654 ἕνα

2276 2685 2560 2756 ἄνθρωπον
2593 2689 2671 2750 είς
2700 2687 2760 2740 τὸ
2785 2689 3142 2758 στρατόπεδον
3165 2689 3425 2754 πλείστας
3452 2693 3546 2745 καὶ
3571 2691 3809 2762 διαφόρους

2275 2775 2370 2828 καὶ
2398 2775 2473 2847 μὴ
2512 2777 2812 2847 δυναμένας
2835 2779 3114 2847 ὠφελῆσαι
3154 2779 3254 2842 τὰς
3293 2781 3616 2852 Ἐκκλησίας
3644 2781 3810 2852 δεήσεις

2272 2871 2610 2941 διακομίζειν
2629 2889 2640 2902 ⁸
2672 2873 2764 2926 καὶ
2785 2874 2859 2943 μὴ
2878 2873 2951 2938 ὡς
2972 2874 3177 2944 ὀφείλει
3205 2876 3464 2944 γίνεσθαι,
3496 2879 3586 2930 καὶ
3609 2877 3676 2940 ὡς
3689 2895 3813 2945 προσ-

2274 2968 2409 3038 ῆκόν
2440 2971 2555 3021 ἐστι
2583 2969 2695 3030 τοῖς
2729 2967 2923 3038 πένησι
2953 2969 3046 3022 καὶ
3073 2971 3183 3030 τοῖς
3216 2970 3426 3030 λαῖκοῖς
3453 2971 3485 3041 ἢ
3510 2972 3620 3034 ταῖς
3650 2970 3809 3040 χήραις

2279 3058 2628 3130 συναίρεσθαι
2653 3059 2747 3113 καί¹
2772 3060 3109 3130 ἐπικουρεῖν,
3140 3060 3276 3114 ἀλλά
3309 3062 3552 3132 κοσμικά
3573 3061 3809 3128 ἀξιώματα

2274 3149 2368 3203 καὶ
2401 3149 2626 3220 πράξεις
2668 3152 2936 3220 περινοεῖν
2978 3167 3138 3204 τισιν.
3193 3151 3340 3220 Αὕτη
3387 3151 3630 3220 τοίνυνὴ
3664 3151 3809 3204 σκςιιό⁸

2274 3260 2398 3313 της,
2430 3242 2519 3295 τὸν
2571 3243 2854 3313 θραυσμδν
2885 3243 2984 3296 οὐκ
3017 3243 3143 3298 ἄνευ
3192 3243 3490 3296 σκανδάλου
3537 3243 3669 3306 τινος
3710 3245 3809 3311 ἡμῖν

2273 3335 2369 3388 καὶ
2396 3333 2796 3401 καταγνώσεως
2824 3335 3106 3405 προξενεῖ·
3157 3336 3606 3408 πρεπωδέστερον
3628 3336 3678 3388 δέ
3704 3331 3809 3387 εἶναι

2275 3429 2522 3500 ἐνόμισα,
2565 3429 2863 3484 ἐπίσκοπον
2907 3430 3005 3502 τὴν
3047 3431 3241 3484 ἑαυτοῦ
3297 3431 3555 3502 βοήθειαν
3596 3431 3808 3502 παρέχειν

2274 3527 2491 3596 ἐκείνῳ,
2531 3526 2680 3589 ὅστις
2731 3527 2796 3580 ἂν
2840 3527 2943 3581 ὑπό
2976 3545 3121 3591 τινος
3169 3528 3429 3598 βιάζοιτο,
3467 3529 3499 3599 ἢ
3557 3528 3607 3580 εί
3628 3543 3699 3588 τις
3729 3525 3808 3577 τῶν

2273 3617 2460 3688 χηρῶν
2487 3618 2742 3682 ἀδικοῖτο,
2778 3617 2812 3687 ἢ
2844 3617 2910 3671 αὖ
2943 3618 3104 3672 πάλιν
3133 3619 3369 3690 ὀρφανός
3400 3637 3483 3682 τις
3509 3619 3810 3686 ἀποστεροῖτο

2273 3707 2383 3762 τῶν
2416 3707 2564 3778 αὑτῷ
2599 3709 3009 3781 προσηκόντων,
3056 3710 3214 3778 εἴπερ
3264 3708 3377 3778 ἄρα
3437 3708 3531 3761 καὶ
3577 3707 3727 3760 ταῦτα
3761 3704 3810 3756 τὰ

2273 3800 2511 3869 ὀνόματα
2538 3802 2756 3854 δικαίαν
2785 3801 2896 3871 ἔχει
2926 3801 3023 3870 τὴν
3049 3800 3293 3865 ἀξίωσιν.
3325 3801 3389 3852 Εἰ
3421 3801 3618 3863 τοίνυν,
3642 3802 3811 3866 ἀγαπη-

2274 3892 2357 3944 τοὶ
2403 3890 2646 3959 ἀδελφοὶ,
2689 3893 2823 3944 πᾶσι
2872 3890 3031 3944 τοῦτο
3079 3891 3247 3956 δοκεῖ,
3287 3890 3605 3962 ἐπικρίνατε
3648 3887 3810 3957 μηδένα

2277 3983 2577 4036 ἐπίσκοπον
2609 3984 2806 4053 χρῆναι
2839 3985 2916 4045 είς
2949 3983 3008 4036 τὸ
3040 3983 3406 4052 στρατόπεδον
3440 3980 3806 4051 παραγίνεσθαι,

2274 4075 2549 4145 παρεκτὸς
2586 4075 2790 4128 τούτων
2837 4074 2931 4136 οὓς
2973 4074 3038 4128 ἃν
3087 4077 3115 4128 ὁ
3167 4075 3559 4135 εὐσεϐέστατος
3603 4070 3808 4142 βασιλεὺς

2274 4166 2432 4237 ἡμῶν
2494 4169 2606 4228 τοῖς
2674 4167 2868 4220 ἐαυτοῦ
2916 4168 3206 4236 γράμμασι
3255 4167 3655 4235 μετακαλοῖτο·
3721 4164 3808 4216 ἀλλ’

2273 4259 2464 4329 ἐπειδὴ
2497 4258 2756 4322 πολλάκις
2809 4260 3093 4329 συμϐαίνει
3134 4259 3289 4322 τινὰς
3328 4259 3518 4312 οἴκτου
3549 4257 3806 4328 δεομένους,

2273 4354 2605 4420 καταφυγεῖν
2634 4352 2725 4404 ἐπὶ
2743 4351 2842 4422 τὴν
2888 4351 3237 4420 Ἐκκλησίαν,
3254 4350 3342 4404 διὰ
3367 4350 3649 4404 τάἐαυτῶν
3669 4351 3810 4418 ἁμαρ-

2271 4444 2494 4513 τήματα
2541 4445 2621 4506 εἰς
2668 4443 3024 4513 περιορισμὸν
3150 4442 3310 4508 νῆσον
3337 4441 3806 4498 καταδικασθέντας,

595 4512 771 4567 aulam
800 4513 1175 4583 deportatioue
1222 4519 1488 4585 damnati,
1532 4523 1617 4576 vel
1646 4524 1843 4591 quavis
1889 4526 1994 4580 alia
2039 4542 2164 4582 seu-

2280 4535 2304 4606 ἢ
2339 4533 2404 4587 αὖ
2442 4534 2602 4589 πάλιν
2631 4533 2983 4604 οίᾳδηποτοῡν
3015 4534 3286 4601 ἀποφάσει
3310 4533 3699 4602 ἐκδεδομένους,
3724 4531 3808 4590 τοῖς

595 4603 766 4658 tentia
813 4605 1012 4662 addicti
1045 4619 1201 4678 sunt;
1237 4611 1304 4666 iis
1335 4627 1441 4666 non
1487 4629 1609 4669 esse
1651 4619 1960 4685 negandum
2011 4622 2167 4674 auxi-

595 4694 751 4762 lium,
782 4699 876 4753 sed
896 4699 1016 4755 sine
1033 4705 1383 4758 cunctatione
1402 4713 1455 4758 et
1487 4705 1921 4764 dubitationeiis
1956 4712 2166 4767 veniam

593 4802 715 4842 esse
770 4791 1082 4857 petendam.
1127 4792 1183 4847 Si
1210 4794 1397 4864 itaque
1428 4797 1531 4851 hoc
1561 4813 1780 4868 quoque
1820 4800 2019 4869 placet,
2059 4820 2172 4859 om-

593 4893 692 4932 nes
744 4894 852 4932 una
901 4892 1139 4934 vestrum
1188 4883 1506 4956 suffragium
1553 4886 1709 4943 ferte.
1748 4889 2170 4960 Responderunt

593 4987 787 5026 omnes
823 4989 836 5026 :
883 4971 1217 5028 Decernatur
1243 4983 1296 5028 et
1323 4977 1445 5030 hoc.

664 5064 720 5118 8.
753 5064 954 5120 Hosius
993 5067 1280 5135 episcopus
1307 5068 1466 5122 dixit:
1485 5068 1598 5125 lloe
1622 5087 1840 5141 quoque
1868 5082 2048 5128 vestra
2079 5089 2172 5129 so-

594 5156 748 5210 lertia
780 5158 1005 5226 judicet.
1045 5167 1104 5212 ut
1136 5159 1263 5228 quia
1291 5161 1468 5215 visum
1501 5174 1605 5230 est,
1639 5179 1705 5218 ne
1741 5166 1934 5235 aliquis
1960 5168 2174 5237 episco-

596 5259 698 5312 pus
733 5248 784 5298 in
831 5250 1342 5304 condemnationem
1369 5252 1572 5308 incidat
1613 5255 1678 5308 ad
1708 5266 1889 5310 castra
1924 5258 2170 5325 veniens,

599 5339 644 5391 si
678 5337 771 5406 qui
798 5353 985 5393 eorum
1019 5341 1327 5410 ejusmodi,
1365 5359 1599 5409 quarum
1639 5347 1894 5414 superius
1923 5351 2175 5404 memini-

599 5443 748 5495 mus,
786 5430 1020 5484 habeant
1048 5448 1257 5502 preces,
1295 5450 1392 5502 per
1423 5437 1696 5505 preprium
1732 5439 2022 5495 diaconum
2049 5443 2175 5498 mit-

603 5527 741 5572 tant.
776 5517 1012 5577 Ministri
1064 5523 1208 5578 enim
1242 5539 1475 5594 persona
1510 5541 1619 5581 non
1665 5540 1749 5583 est
1784 5530 2074 5595 invidiosa,
2121 5545 2177 5589 et

601 5624 725 5679 quae
757 5625 1024 5669 concessa
1046 5615 1268 5684 fuerint,
1289 5618 1453 5673 citius
1487 5620 1714 5688 perferri
1745 5632 2018 5690 poterunt.
2071 5625 2176 5682 Re-

604 5704 943 5772 sponderunt
981 5724 1173 5767 omnes
1216 5727 1229 5766 :
1264 5711 1556 5769 Sanciatur
1585 5715 1780 5772 ethoc.

2269 4624 2531 4687 τοιούτοις
2585 4627 2658 4695 μὴ
2709 4625 2976 4693 ἀρνητέαν
3029 4622 3168 4679 εἶναι
3215 4627 3314 4694 τὴν
3375 4626 3655 4696 βοήθειαν,
3703 4623 3806 4676 ἀλλὰ

2273 4715 2442 4784 χωρὶς
2462 4713 2785 4784 ’μελησμοῦ,
2821 4715 2914 4766 καὶ
2944 4714 3069 4767 ἄνευ
3104 4714 3196 4766 τοῦ
3225 4714 3500 4780 διστάσαι,
3537 4717 3642 4776 τοῖς
3667 4710 3806 4764 τοιού·

2269 4823 2382 4868 τοις
2415 4805 2678 4858 αἰτεῖσθαι
2713 4803 3078 4874 συγχώρησιν.
3112 4806 3171 4857 Εἰ
3205 4806 3384 4857 τοίνυν
3414 4807 3510 4859 καὶ
3537 4805 3678 4857 τοῦτο
3705 4801 3804 4871 ἀρέ-

2274 4912 2416 4959 σκει,
2449 4894 2733 4964 σύμψηφοι
2764 4895 2978 4963 γίνεσθε
3011 4895 3272 4958 ἅπαντες.
3312 4895 3588 4960 ’Ἅπαντες
3615 4890 3808 4963 inrupi-

2271 5005 2462 5042 ναντο·
2507 4987 2803 5057 Ὀριζέσοω
2829 4988 2922 5039 καὶ
2950 4987 3129 5041 τοῦτο.

2341 5077 2414 5149 η’.
2455 5081 2640 5143 Ὅσιος
2672 5079 2966 5143 ἐπίσκοπος
3005 5077 3153 5133 είπε”
3206 5083 3316 5136 Καὶ
3353 5082 3515 5136 τοῦτο
3545 5082 3575 5150 ἡ
3605 5079 3808 5148 ἀγχίνοια

2273 5172 2427 5243 ὑμῶν
2461 5173 2719 5242 κρινάτω,
2767 5172 2831 5225 iv"
2867 5173 3054 5245 ἐπειδὴ
3098 5175 3242 5241 ἔδοξε
3291 5174 3381 5228 διὰ
3413 5175 3479 5227 τὸ
3519 5176 3591 5244 μὴ
3631 5171 3808 5223 πίπτειν

2275 5265 2380 5318 ὑπὸ
2407 5264 2749 5334 κατάγνωσίν
2793 5283 2917 5319 τινα
2965 5267 3074 5319 τῶν
3115 5267 3430 5320 ἐπισκόπων
3461 5261 3808 5334 ἀφικνούμενον

2274 5359 2354 5420 είς
2404 5356 2464 5410 τὸ
2511 5357 2891 5427 στρατόπεδον,
2946 5356 3001 5409 εἴ
3041 5375 3186 5420 τινες
3229 5359 3409 5410 αὐτῶν
3457 5357 3554 5420 τὰς
3596 5352 3807 5410 τοιαύτας

2277 5450 2450 5518 ἔχοιεν
2481 5449 2714 5519 δεήσεις,
2746 5448 2874 5502 οἴων
2908 5451 3093 5503 ἐπάνω
3127 5450 3570 5520 ἐπεμνήσθημεν,
3596 5446 3674 5500 διὰ
3707 5443 3805 5497 ἰδίου

2276 5542 2526 5595 διακόνου
2561 5540 2963 5596 ἀποστέλλοιεν.
3000 5542 3106 5594 Τοῦ
3133 5543 3239 5614 γὰρ
3280 5543 3555 5613 ὑπηρέτου
3577 5541 3633 5593 τὸ
3666 5536 3804 5604 πρόσ-

2278 5647 2428 5685 ωπον
2456 5631 2554 5684 οὐκ
2579 5632 2866 5699 ἐπίφθονον
2895 5632 3177 5713 τυγχάνοι,
3210 5634 3305 5686 καὶ
3333 5635 3400 5687 τὰ
3433 5624 3805 5703 παρασχεθησὸ-

2285 5737 2444 5791 μενα,
2489 5722 2681 5775 θᾶττον
2729 5723 3054 5791 κομισθῆναι
3101 5723 3408 5796 δυνήσεται.
3463 5720 3803 5804 ’Δπεκρίναντο

2284 5813 2512 5876 πάντες·
2541 5814 2646 5867 Καὶ
2680 5813 3144 5884 τοῦτοόριςὲσθω.
