3874 6296
566 375 663 442 Gil
1723 377 1978 437 PHOTII
2029 377 2096 436 Pi

2262 374 2532 435 ΛΒΟΙΙίΕ
2565 375 2673 434 CP.
3699 377 3787 442 ϋῖἓ

570 487 654 543 vel
691 500 883 542 eorum
919 485 1363 556 superstitiones,
1413 485 1573 556 legati
1615 488 1766 543 missi
1796 490 1863 543 de
1895 489 1998 543 hoc
2023 490 2100 558 glc

2264 507 2365 542 πον
2393 489 2552 542 εἴωθε
2582 486 2719 558 μετὰ
2743 485 2841 554 τὴν
2883 484 3146 539 ὑπατείαν
3185 484 3491 556 γράφεσθαι
3517 485 3572 538 ὲν
3598 488 3694 552 τοῖς
3714 490 3793 563 δη.

570 581 718 636 rioso
742 580 976 634 concilio
1003 579 1266 650 quidquid
1298 580 1429 634 utile
1456 581 1809 650 pervidet-int,
1840 582 1906 636 de
1934 582 2100 652 gloria

1400 596 1429 634 e
1456 581 1809 650 perviderint,
1840 582 1906 636 dc
1934 582 2139 652 glorio-
2173 561 2219 618 Δ
2257 582 2466 651 μοσίοις
2495 580 2927 650 πεπραγμένοις.

572 671 813 726 sissimis
837 670 1176 741 principibus
1205 670 1517 740 impetrent.

642 764 852 818 Placuit
882 763 1044 816 etiam
1077 764 1306 834 petitum
1343 763 1589 815 omnium
1639 762 2047 831 episcoporum,
2093 768 2149 814 ut

2334 767 2537 836 ’Ἤρεσε
2601 764 2657 816 δὲ
2721 763 2963 822 κάκεῖνο,
3025 759 3165 813 ὥστε
3233 756 3402 811 κατὰ’
3437 757 3545 809 τῶν
3604 759 3791 812 Δονατιο

572 852 818 919 epistolis
846 852 1102 905 erunibus
1135 852 1202 907 de
1237 852 1471 906 concilio
1519 852 1716 907 dandis
1761 853 2028 908 sanctitas
2056 861 2102 906 tu

2269 859 2424 923 στῶν,
2455 856 2550 909 καὶ
2589 855 2698 907 τῶν
2753 853 3020 923 Ἑλλήνων
3043 890 3057 913 ,
3096 850 3191 902 καὶ
3241 849 3347 902 τῶν
3387 846 3680 918 Θρησκειῶν
3724 851 3799 901 αὒ-

574 945 689 998 sola
717 944 1044 998 snbscrilzat.
1081 943 1144 997 Et
1169 947 1632 1014 subscripserunt.
1678 949 1928 1004 Aurelius
1943 949 2104 1019 epism

2272 951 2412 1016 τῶν“,
2457 948 2584 1008 τοὺς
2644 944 2995 1014 πεμφθέντας
3051 941 3428 1009 τοποτηρητὰς
3485 940 3547 991 ὲκ
3593 940 3684 1009 τῆς
3728 957 3802 992 τι-

575 1051 677 1104 pus
708 1036 1147 1106 Cartltaginrnsis
1189 1039 1316 1091 huic
1350 1038 1568 1094 decreto
1589 1043 1860 1105 consensi,
1914 1051 1970 1097 et
2025 1057 2105 1111 pr:

2274 1042 2393 1111 μίας
2438 1037 2644 1109 ταύτης
2699 1035 2916 1089 συνόδου
2943 1075 2957 1095 .
3005 1033 3115 1087 πᾶν
3175 1031 3350 1083 ὁτιοῦν
3383 1031 3646 1100 χρήσιμον
3691 1045 3804 1081 συν-

575 1129 713 1183 Ιεεριο
734 1129 1052 1196 suhs-ripsi.
1089 1128 1349 1185 Similiter
1397 1141 1452 1187 et
1503 1132 1683 1186 caeteri
1737 1133 1973 1202 episcopi
2033 1133 2105 1186 su

2270 1133 2466 1195 ίδωσιν,
2498 1132 2562 1184 ὲκ
2612 1129 2722 1182 τῶν
2768 1126 3126 1193 ἐνδοξοτάτων
3171 1121 3502 1193 αἰτήσασθαι
3553 1120 3800 1190 βασιλέων.

577 1220 944 1290 εθτίρδθτυηιο
2267 1222 2502 1291 ’Ἦρεσεν
2547 1217 2627 1272 ἔτι
2681 1217 2785 1290 μὴν
2833 1219 2900 1288 τῇ
2960 1214 3174 1284 αἰτήσει
3222 1213 3439 1266 πάντων
3483 1210 3589 1262 τῶν
3615 1211 3806 1262 ἐπισκό-

576 1327 714 1376 πων,
751 1311 835 1365 ἵνα
867 1315 1073 1377 πάσαις
1101 1315 1223 1376 ταῖς
1264 1314 1606 1382 όφειλοῦσαις
1638 1315 1858 1386 δοθῆναι
1905 1317 2024 1378 ταῖς
2049 1316 2147 1386 τῆς
2179 1313 2393 1367 συνόδου
2423 1310 2756 1375 ἐπιστολαῖς,
2819 1310 2852 1377 ή
2887 1308 2953 1378 σὴ
2999 1304 3276 1375 ἁγιωσύνη
3342 1305 3477 1372 μόνη
3531 1301 3803 1372 broypt'z'h',’

589 1405 698 1457 Kal.
728 1405 1078 1474 ὑπέγραψαν·
1109 1405 1375 1476 Αὐρήλιος
1401 1406 1698 1470 ἐπίσκοπος
1763 1408 1865 1477 τῆς
1897 1409 1955 1460 ὲν
2023 1406 2330 1478 Καρχηδόνι
2374 1404 2721 1476 Ἐκκλησίας,
2789 1403 2868 1473 τῷ
2913 1400 3142 1472 παρόντι
3185 1398 3503 1470 ψηφίσματι
3548 1395 3800 1466 συνῄνεσα,

588 1497 682 1549 καὶ
727 1498 1246 1566 παραναγνωσοέντι
1303 1498 1616 1571 ὑπέγραψα.
1689 1499 1922 1567 Ὁμοίως
1972 1499 2066 1553 καὶ
2117 1501 2168 1552 oi
2205 1498 2384 1552 λοιποὶ
2416 1497 2706 1550 ἐπίσκοποι
2739 1493 3082 1564 ὑπέγραψαν.

653 1589 813 1659 205
848 1589 1001 1644 CAP.
1039 1589 1179 1645 V.—
1210 1590 1281 1644 De
1346 1593 1611 1661 hospitum
1683 1593 2033 1664 susceptione,
2094 1602 2142 1648 et

2323 1592 2574 1646 ΚΕΦΑΛ.
2596 1589 2883 1656 E'.—Hspl
2915 1584 3224 1656 ὑποδοχῆς
3241 1585 3453 1647 ξένων,
3478 1581 3574 1636 καὶ
3605 1585 3725 1649 περὶ
3744 1584 3806 1636 εί-

577 1684 642 1739 de
678 1683 916 1754 paciﬁcis
949 1692 996 1737 et
1026 1685 1465 1738 commendatitiis
1488 1685 1755 1754 epistolis.

2249 1681 2518 1753 ρηνικῶν
2542 1683 2640 1736 καὶ
2672 1679 3053 1735 συστατικῶν
3072 1675 3433 1732 ἐπιστολῶν.

894 1775 1262 1843 Apostolorum
1311 1793 1536 1830 canones
1588 1777 1675 1843 12,
1711 1778 1801 1832 35.

2588 1773 2971 1828 Ἀποστόλων
3008 1771 3207 1824 κανὼν
3235 1769 3324 1840 ιβ’,
3356 1769 3461 1837 λγ’.

650 1865 738 1918 19..
805 1863 860 1918 Si
919 1865 1042 1934 quis
1108 1865 1339 1920 clericus
1408 1866 1492 1920 vel
1553 1867 1724 1922 laicus
1789 1874 2154 1938 segregatus,

2332 1865 2418 1938 ιβ’.
2464 1867 2529 1920 El.’
2576 1883 2661 1928 τις
2697 1865 2953 1936 κληρικδς
2982 1865 3014 1934 ἢ
3043 1864 3228 1927 λαῖκδς
3255 1906 3270 1930 ,
3300 1860 3678 1934 ἀφωρισμένος
3716 1860 3806 1930 ἦτοι

583 1957 697 2024 sive
733 1957 1238 2026 nonrecipiendus,
1281 1958 1612 2024 discedens,
1671 1959 1724 2013 in
1791 1959 1960 2013 altera
2020 1958 2113 2015 ιιι-1]

2273 1957 2498 2020 ιδεκτος,
2531 1955 2780 2009 ἀπελθὼν
2812 1957 2870 2008 ὲν
2897 1955 3056 2026 ἑτέρᾳ
3117 1955 3268 2007 πόλει
3293 1954 3458 2024 δεχθῇ
3502 1952 3625 2005 ἄνευ
3657 1968 3803 2021 γραμσ

583 2059 834 2119 receptus
886 2049 1052 2105 fuerit
1125 2050 1330 2120 absque
1393 2051 1589 2106 litteris
1643 2051 2102 2106 commendatitiis

2269 2049 2456 2121 μάτων
2519 2047 2855 2102 συστατικῶν
2889 2087 2904 2112 ,
2939 2047 3285 2118 ἁφοριζέσοω
3335 2047 3433 2099 καὶ
3475 2045 3504 2097 δ
3547 2043 3799 2114 δεξάμενος

583 2125 915 2212 segregetur,
964 2151 1016 2196 et
1076 2141 1166 2210 qui
1207 2142 1435 2211 excepit,
1500 2155 1552 2198 et
1598 2144 1692 2213 qui
1759 2153 2020 2210 exceptus
2049 2157 2108 2196 es

1133 2141 1166 2194 ti
1207 2142 1435 2211 excepit,
1500 2155 1552 2198 et
1598 2144 1692 2213 qui
1759 2153 2020 2210 exceptus
2049 2150 2154 2196 est.
2259 2140 2354 2195 καὶ
2383 2139 2658 2210 όδεχθείς.

654 2231 946 2286 55.Nullus
975 2241 1324 2287 externorum
1347 2234 1849 2304 episcoporum,'vel
1876 2236 2158 2305 presbyte-

2330 2232 2432 2301 λγ’.
2457 2232 2677 2301 Μηδένα
2705 2231 2814 2284 τῶν
2836 2231 3000 2296 ξενων
3031 2229 3363 2290 ἐπισκόπων,
3387 2226 3423 2298 ἢ
3442 2225 3805 2295 πρεσϐυτερωνν

585 2339 793 2393 rerum,
822 2325 903 2378 vel
941 2325 1293 2380 diacouorum
1349 2327 1468 2380 sine
1513 2326 1974 2382 commendatitiis
2016 2327 2115 2381 reci

2279 2324 2294 2396 5
2327 2324 2608 2386 διακόνων,
2627 2323 2754 2377 ἄνευ
2790 2322 3132 2375 συστατικῶν
3157 2317 3574 2390 προσδέχεσθαι·
3605 2318 3689 2369 καὶ
3715 2319 3809 2369 ἐπι-

587 2417 785 2484 piatur,
841 2417 1016 2487 iisque
1038 2417 1390 2472 all‘erentibus
1411 2420 1808 2474 examinentur.
1831 2418 1925 2474 Sin
1953 2421 2117 2474 minus

2277 2416 2574 2486 ρερομένων
2594 2415 2650 2468 δὲ
2668 2415 2844 2468 αὐτῶν
2871 2412 3365 2483 ἀνακρινέσθωσαν,
3389 2413 3487 2464 καὶ
3505 2409 3598 2463 ἐὰν
3620 2409 3708 2479 μὲν
3733 2404 3807 2462 ὦσι

587 2505 655 2560 iis
680 2519 800 2573 qua:
833 2515 961 2561 sunt
988 2507 1314 2569 necessaria,
1347 2509 1468 2563 aliis
1492 2510 1776 2576 exhibitis,
1813 2510 1881 2563 ad
1908 2525 2117 2565 commu

2269 2509 2501 2577 κήρυκες
2532 2509 2630 2576 τῆς
2681 2505 2982 2569 εὐσεϐείας,
3041 2502 3549 2574 προσδεχέσοωσαν.
3589 2500 3644 2553 El
3672 2501 3720 2552 δὲ
3744 2502 3799 2571 μή

588 2596 803 2651 nionem
831 2612 896 2651 ne
921 2597 1281 2652 admittuntur
1307 2617 1321 2666 ;
1359 2601 1528 2655 multa
1564 2601 1706 2656 enim
1735 2618 1829 2672 per
1858 2602 2118 2672 surreptic

2279 2614 2326 2661 (ε
2358 2597 2426 2650 τὰ
2476 2597 2610 2667 πρὸς
2637 2597 2734 2660 τὰς
2778 2596 2967 2667 χρείας
2995 2595 3176 2657 αὐτοῖς
3215 2593 3720 2662 ἐπιχορηγήσαντες,
3750 2595 3809 2654 εἰς

588 2704 711 2744 nem
743 2689 902 2744 ﬁunt.
2265 2690 2546 2742 κοινωνίαν
2577 2689 2770 2751 αὐτοὺς
2802 2689 2876 2760 μὴ
2922 2687 3306 2760 προσδέξησθε·
3360 2687 3537 2741 πολλὰ
3579 2685 3678 2756 γὰρ
3701 2685 3810 2740 κατὰ

2267 2781 2622 2851 συναρπαγὴν
2647 2779 2880 2848 γίνεται.

826 2865 1052 2921 Concilii
1082 2865 1392 2922 Antiochem’
1418 2886 1640 2925 canones
1675 2869 1726 2938 7,
1760 2869 1814 2935 8,
1844 2870 1931 2926 11.

2439 2871 2710 2926 Συνόδου
2761 2871 3107 2938 Ἀντιοχείας
3139 2869 3340 2923 κανὼν
3360 2868 3524 2940 ζ’,η’,
3548 2876 3633 2924 ια’.

665 2955 718 3012 7.
743 2955 931 3011 Nullus
963 2967 1220 3015 externus
1249 2961 1368 3015 sine
1399 2961 1642 3030 pacilicis
1676 2962 2030 3033 suscipiatur.

2333 2962 2400 3026 ζ’.
2441 2962 2659 3033 Μηδένα
2705 2961 2834 3016 ἄνευ
2895 2961 3183 3032 εἰρηνικῶν
3212 2963 3561 3032 γραμμάτιον
3605 2959 3810 3032 δέχεσθαι

2268 3055 2377 3109 τῶν
2412 3053 2598 3120 ξένων.

663 3134 718 3188 8.
757 3133 862 3190 Nec
892 3136 1187 3206 presbyteri
1226 3137 1315 3207 qui
1361 3145 1490 3190 sunt
1525 3137 1577 3190 in
1613 3139 1787 3206 pagis,
1836 3139 1966 3193 deut
1997 3155 2193 3226 ωηο-1

2341 3146 2411 3218 η’.
2463 3145 2615 3216 Μηδὲ
2663 3144 3068 3215 πρεσϐυτέρους
3097 3146 3221 3209 τοὺς
3254 3148 3311 3198 ὲν
3333 3146 3456 3207 ταῖς
3517 3143 3703 3214 χώραις
3734 3157 3811 3193 κα·

599 3226 751 3280 nicas
809 3229 1089 3296 epistolas,
1150 3229 1231 3281 vel
1287 3228 1355 3281 ad
1406 3230 1554 3284 solos
1604 3232 1816 3284 vicinos
1877 3233 2129 3303 episcopo

2283 3237 2486 3302 νονικὰς
2514 3238 2799 3300 ἐπιστολὰς
2822 3237 3041 3300 διδόναι,
3069 3237 3101 3308 ἤ
3134 3238 3269 3306 πρὸς
3299 3231 3498 3307 μόεῖους
3533 3238 3651 3298 τοὺς
3679 3233 3813 3301 γείτο-

595 3318 851 3386 epistolas
886 3319 1153 3372 emittant.
1187 3318 1574 3391 Chorepisc0pi
1641 3333 1824 3377 autem
1882 3324 2015 3378 nulli
2083 3341 2125 3378 ι’(

2280 3349 2369 3394 νας
2403 3329 2715 3383 ἐπισκόπων
2741 3327 3027 3390 ἐπιστολὰς
3049 3329 3376 3398 ἐκπέμπειν⁸
3410 3330 3536 3389 τοὺς
3580 3326 3633 3378 δὲ
3664 3327 3810 3377 ἀνεπι-

597 3409 941 3477 preltensioui
975 3409 1162 3464 alliucs
1183 3411 1312 3464 dent
1350 3413 1623 3480 pacilicas.

2271 3419 2514 3490 λήπτους
2547 3418 3000 3488 χωρεπισκόπων,
3032 3417 3231 3470 διδόναι
3268 3419 3573 3488 εἰρηνικάς.

669 3502 754 3555 11.
800 3501 854 3555 Si
907 3503 1029 3572 quis
1079 3502 1390 3572 episcopus,
1443 3505 1524 3560 vel
1556 3506 1860 3577 presbyter,
1906 3510 1989 3564 vel
2047 3527 2166 3565 om-

2352 3517 2442 3564 ια’.
2478 3509 2545 3562 Εῐ
2589 3527 2671 3573 τις
2698 3509 3047 3580 ἐπίσκοποςῆ
3085 3509 3484 3580 πρεσϐύτερος.
3515 3509 3548 3581 ἢ
3581 3509 3701 3570 ὅλως
3737 3503 3809 3557 τοῦ

600 3596 730 3649 nino
764 3611 831 3650 ex
859 3611 1084 3659 canone,
1109 3606 1216 3650 etc.
1259 3607 1314 3650 nt
1357 3615 1519 3666 supra
1552 3615 1675 3669 pag.
1713 3599 1838 3654 666.

1259 3607 1314 3650 ut
1357 3615 1519 3666 supra
1552 3615 1675 3669 pag.
1713 3599 1838 3654 666.
2275 3602 2518 3666 κανόνος,
2551 3617 2607 3654 κ.
2645 3619 2694 3655 τ.
2723 3600 2773 3652 λ.

845 3686 1064 3741 Consilii
1104 3687 1392 3742 Laodiceni
1421 3691 1648 3744 canones
1683 3691 1774 3757 41,
1807 3692 1898 3748 42.

2490 3692 2760 3746 Συνόὸου
2792 3691 3140 3756 Λαοδικείας
3173 3693 3374 3745 κανῶν
3409 3699 3521 3760 μα’,
3545 3689 3645 3760 μβ¹.

671 3779 759 3832 41.
823 3778 979 3842 Quod
1038 3793 1148 3831 non
1217 3789 1431 3847 oportet
1486 3795 1610 3834 eum
1645 3783 1735 3850 qui
1799 3793 1882 3838 est
1932 3795 2179 3839 sacratus

2362 3789 2476 3852 μα’.
2505 3783 2629 3835 ’Ὀτι
2660 3783 2720 3835 οὐ
2748 3782 2826 3834 δεῖ
2862 3781 3185 3852 ἱερατικὸνῆ
3213 3781 3476 3851 κληρικὸν
3507 3783 3626 3835 ἄνευ
3653 3794 3815 3832 κανονι-

601 3871 684 3924 vel
745 3871 980 3925 clericus
1021 3871 1138 3926 sine
1187 3875 1468 3926 canonicis
1529 3874 1722 3928 litteris
1774 3876 1878 3931 iter
1947 3877 2131 3947 ingred

1529 3874 1722 3928 litteris
1774 3876 1878 3931 iter
1947 3877 2179 3947 ingredi.
2280 3875 2392 3928 κῶν
2427 3873 2772 3944 γραμμάτων
2805 3873 3028 3928 ὁδεύειν.

674 3962 763 4015 42.
807 3961 960 4027 Quod
1016 3980 1122 4017 non
1163 3974 1373 4033 oportet
1417 3981 1511 4021 eos
1541 3969 1631 4036 qui
1660 3980 1788 4022 sunt
1845 3972 2041 4024 sacrati
2100 3970 2184 4024 vel

2355 3968 2466 4039 μβ’.
2497 3967 2620 4020 Ὅτι
2646 3968 2704 4019 οὺ
2731 3967 2810 4019 δεῖ
2846 3965 3116 4038 ἱερατικὸν
3161 3965 3194 4035 ἢ
3229 3964 3490 4034 κληρικὺν
3536 3965 3652 4018 ἄνευ
3674 3960 3815 4015 κελεύ-

603 4056 806 4120 clerici,
843 4057 959 4110 sine
987 4057 1143 4125 jussu
1185 4058 1424 4126 episcopi
1466 4059 1566 4112 iter
1603 4060 1830 4130 ingredi.

1489 4069 1566 4112 ter
1603 4060 1830 4130 ingredi.
2287 4077 2425 4123 σεως
2455 4057 2767 4112 ἐπισκόπων
2792 4056 3015 4108 ὁδεύειν.

780 4147 1002 4200 Consilii
1063 4147 1502 4203 Chalcedonensis
1552 4167 1719 4204 canon
1750 4153 1834 4206 15.

2552 4147 2823 4204 Συνόδου
2853 4149 3236 4214 Χαλκηδόνος
3265 4149 3470 4202 κανὼν
3502 4146 3584 4215 ιγ’.

679 4238 768 4293 13.
797 4237 1083 4292 Exlernos‘:
1113 4239 1342 4294 clericos
1387 4251 1440 4295 et
1474 4241 1687 4311 ignotos
1719 4243 1771 4296 in
1803 4243 1907 4296 alia
1946 4241 2186 4309 civitate,

2363 4243 2450 4310 ιγ’.
2475 4239 2668 4303 Ξένους
2702 4239 2993 4309 κληρικοὺς
3023 4239 3117 4291 καὶ
3141 4239 3497 4307 ἀναγνώστας
3525 4241 3580 4290 ὲν
3599 4237 3734 4306 ἑτέρᾳ
3748 4233 3815 4285 τό·

607 4339 737 4398 e:c.,
755 4343 814 4385 ut
851 4348 975 4402 pag.
1000 4330 1127 4386 659.

1111 4370 1127 4385 .
2291 4333 2393 4400 λει,
2427 4351 2481 4386 κ.
2503 4350 2556 4386 τ.
2591 4332 2641 4386 λ.

845 4507 1009 4577 206
1036 4506 1258 4562 Concilii
1315 4506 1646 4580 Sardicensis
1696 4523 1867 4559 canon
1897 4505 1950 4560 9.
2223 4544 2265 4598 υ

2223 4544 2265 4598 D
2616 4507 2888 4563 Συνόδου
2925 4504 3220 4574 Σαρδικῆς
3254 4506 3457 4560 κανὼν
3495 4507 3558 4560 0'.

686 4599 883 4655 llosius
918 4603 1207 4670 episcopus
1231 4601 1368 4654 dixit
1396 4617 1412 4654 :
1460 4601 1571 4654 lloc
1595 4615 1816 4668 quoque
1845 4614 2192 4669 consequens

2367 4601 2554 4664 Ὃσιος
2614 4601 2910 4663 ἐπίσκοπος
2961 4597 3082 4654 εἷπε
3107 4615 3122 4633 '
3154 4599 3266 4654 Καὶ
3301 4599 3462 4653 τοῦτο
3485 4595 3739 4651 ἀκόλουθον
3759 4586 3815 4643 εί-

614 4709 736 4750 csse
760 4695 1040 4757 existimo,
1082 4702 1211 4758 etc.,
1248 4703 1302 4745 ut
1348 4709 1472 4763 pag.
1509 4692 1636 4746 667.

1348 4709 1472 4763 pag.
1509 4692 1636 4746 667.
2296 4711 2386 4748 ναι
2409 4692 2633 4766 νομίζω,
2669 4710 2722 4746 κ.
2743 4709 2794 4746 τ.
2823 4692 2875 4749 λ.

896 4785 1122 4841 Coucilii
1155 4784 1587 4853 Carthagiuensis
1611 4799 1780 4837 canon
1824 4783 1916 4840 25.

2595 4783 2864 4838 Συνόδου
2893 4783 3276 4854 Καρθαγένης
3304 4784 3505 4838 κανὼν
3530 4790 3624 4852 κγ’.

690 4877 758 4933 Ut
807 4879 1034 4948 episcopi
1082 4888 1231 4931 trans
1287 4893 1430 4930 mare
1464 4877 2024 4946 nonproﬁciscantur.

2373 4877 2550 4930 Ὥστε
2604 4875 2747 4941 τοὺς
2798 4874 3172 4941 ἐπισκόπους
3214 4875 3406 4944 πέραν
3431 4876 3720 4939 θαλάσσης
3755 4868 3815 4938 μὴ

654 4961 659 4965 ’
2298 4968 2648 5038 ἀποδημεῖν.

685 5053 837 5120 Item,
897 5062 958 5106 ut
1021 5051 1262 5122 episcopi
1319 5059 1469 5106 trans
1538 5067 1708 5119 mare,
1745 5060 1879 5117 etc.,
1946 5059 2005 5104 ut
2035 5068 2198 5121 supra

2142 5069 2198 5107 να
2384 5063 2612 5132 Ὁμοίως
2642 5060 2926 5114 ἐπίσκοποι
2959 5059 3132 5130 πέραν
3163 5057 3460 5130 θαλάσσης,
3492 5077 3540 5111 κ.
3561 5075 3607 5110 τ.
3627 5059 3672 5111 λ.

620 5161 722 5215 pag
744 5183 759 5199 .
784 5146 912 5199 662.

900 5234 1125 5288 Concilii
1165 5234 1467 5287 cecumcnici
1517 5249 1592 5300 γι,
1619 5249 1789 5287 canon
1829 5234 1917 5286 17.

2450 5241 2720 5295 Συνόδου
2742 5238 3164 5308 οἱκουμενικῆς
3185 5237 3367 5304 ἕκτης
3413 5236 3607 5290 κανὼν
3642 5236 3713 5295 ιζ’.

685 5323 947 5390 Quoniam
1005 5326 1345 5382 diversarum
1397 5324 1760 5382 Ecclesiarum
1830 5325 2037 5391 clerici,
2067 5334 2197 5392 etc.,

2383 5335 2710 5404 Ἐπειδήπερ
2777 5332 3048 5402 διαφόρων
3129 5330 3461 5401 Ἑκκλησιῶν
3516 5323 3752 5396 κληρικοὶ,
3779 5334 3815 5368 κ·

627 5427 681 5470 ut
703 5433 825 5486 pag.
873 5417 1001 5472 545.

900 5417 1001 5472 345.
2305 5443 2355 5479 τ.
2380 5424 2430 5477 λ.

697 5510 847 5566 CAP.
881 5509 967 5566 Vl.
1005 5509 1147 5566 -Ιη
1195 5528 1295 5583 quo
1334 5511 1591 5581 differant
1630 5512 1870 5581 paciﬁcw
1893 5513 2126 5577 epistola:
2168 5530 2200 5566 a

2375 5515 2622 5570 ΚΕΦΑΛ.
2679 5515 2862 5580 ση-
2907 5511 3046 5579 Περὶ
3093 5508 3382 5579 διαφορᾶς
3422 5503 3710 5578 εἵρηνικῶν
3746 5495 3819 5551 καί

627 5603 1343 5671 commendatiliisepislolis.
1427 5641 1429 5644 ι

2305 5605 2684 5664 συστατικῶν
2719 5603 3074 5658 ἐπιστολῶν.

869 5692 1090 5749 Concilii
1123 5695 1557 5750 Chalcedonensis
1588 5711 1756 5748 canon
1795 5694 1882 5751 11.

2583 5689 2849 5746 Συνόδου
2887 5691 3276 5758 Χαλκηδόνος
3307 5685 3502 5740 κανὼν
3532 5690 3612 5736 ια’.

697 5785 897 5844 Omnes
959 5803 1260 5858 pauperes,
1341 5799 1396 5845 et
1474 5789 1568 5859 qui
1637 5788 1840 5840 auxilio
1925 5787 2194 5858 indigent,

2385 5787 2595 5849 Πάντας
2649 5783 2774 5846 τοὺς
2805 5783 3040 5854 πένητας
3089 5783 3184 5837 καὶ
3224 5781 3503 5852 δεομένους
3538 5768 3814 5839 ἐπικουρίαςι
