4012 6400
187 365 288 428 673
981 365 1382 427 SYNTAGMA
1433 366 1817 428 CANONUM.
1856 387 1926 400 --
1968 365 2117 426 ΤΙΤ.
2158 362 2324 425 VIII.
2363 362 2520 422 CAP.
2578 359 2812 423 V-VIII.
3331 361 3434 426 67.5

189 477 325 552 μετά
353 474 678 546 δοκιμασίας
703 475 1021 539 ἐπιστολίοις
1041 478 1216 530 εῐτουν
1252 479 1544 548 εἰρηνικοῖς
1579 475 1773 544 ἐκκλη-

1880 487 2003 528 cum
2035 471 2456 533 examinatione,
2489 486 2612 523 cum
2652 469 2894 538 epistolis
2927 484 3021 524 seu
3069 469 3308 537 paciﬁcis
3348 490 3435 528 ec-

189 568 486 629 σιαστικοῖς
521 567 702 636 μόνοις
721 566 924 620 ὁδεύειν
952 567 1252 636 ὠρίσαμεν,
1277 568 1372 621 καὶ
1403 567 1477 638 μὴ
1519 582 1772 618 συστατι-

1871 565 2196 620 clcsiasticis
2241 564 2374 619 solis
2414 563 2556 616 viam
2607 563 2815 634 ingredi
2860 563 3182 628 statuimus,
3224 573 3278 618 et
3331 582 3435 619 non

189 663 321 724 κοῖς,
340 658 430 712 διὰ
461 659 522 712 τὸ
541 657 638 721 τὰς
656 659 985 722 συστατικὰς
1015 659 1302 722 ἐπιστολὰς
1323 660 1621 730 προσήκειν
1658 660 1771 722 τοῖς

1872 673 1994 712 cum
2039 656 2534 711 commendatitiis:
2575 655 2829 725 quoniam
2861 653 3068 709 litteras
3095 656 3441 710 commenda.

186 752 336 808 οὖσιν
355 753 414 805 ἐν
437 751 705 821 ὑπολήψει
763 751 942 821 μόνοις
993 751 1323 822 παρέχεσθαι
1347 751 1676 823 προσώποις.

1870 747 2018 803 titias
2054 749 2121 804 iis
2150 748 2283 804 solis
2314 747 2561 819 personis
2593 762 2714 816 qua:
2742 755 2871 802 sunt
2901 757 3185 817 suspectae,
3213 749 3436 817 praeberi

1870 848 2104 911 oportet.

433 923 704 978 Συνόδου
734 923 1151 994 Καρθαγέννης
1179 928 1380 979 κανὼν
1407 925 1518 996 ρξ’.

2105 927 2331 984 Consilii
2387 926 2813 996 Cartliaginensis
2860 944 3025 982 canon
3072 928 3193 984 106.

262 1014 391 1068 Ἵνα
411 1017 466 1068 οἱ
511 1015 608 1068 ἐπὶ
653 1015 722 1068 τὸ
766 1017 1081 1085 κομιτάτον
1132 1020 1516 1087 πορευόμενοι
1541 1016 1656 1084 τὴν
1678 1017 1768 1070 al-

1947 1019 2014 1075 Ut
2064 1029 2331 1089 pergentes
2383 1018 2451 1072 ad
2534 1020 2842 1072 comitatum
2900 1037 3114 1074 causam
3171 1037 3322 1074 suam
3363 1023 3439 1074 vel

189 1106 324 1159 τΙαν
345 1105 595 1172 ἑαυτῶν,
623 1107 722 1159 καὶ
753 1107 831 1172 τῷ
860 1107 928 1160 ἐν
970 1108 1331 1176 Καρχηδόνι,
1375 1109 1473 1162 καί
1505 1108 1585 1174 τῷ
1623 1108 1766 1162 Ῥω·-

1868 1109 2274 1180 L'artliaginensi
2320 1107 2399 1162 vel
2450 1107 2688 1163 Romano
2745 1112 2982 1180 pontiﬁci
3017 1113 3292 1166 insinuare
3313 1129 3439 1181 pro-

191 1195 384 1265 μαϊιῷ
410 1198 554 1265 ἱερεῖ
583 1198 1020 1252 σπουδάσωσιν
1043 1201 1386 1270 ἐμφανίσαι.
1868 1211 2070 1257 curent.
2837 1212 2843 1216 ’

260 1294 376 1357 ρςδ.
411 1287 649 1358 Ἥρεσεν
669 1287 755 1342 ἴνα
783 1289 1128 1360 ὁστισδήποτε
1176 1291 1310 1363 πρὸς
1355 1292 1418 1345 τὸ
1446 1290 1758 1362 κομιτάτον,

1936 1296 2057 1351 106.
2095 1297 2324 1364 Placuit,
2381 1306 2438 1352 ut
2465 1299 2784 1370 quicunque
2817 1299 2886 1354 ad
2929 1300 3270 1366 comitatum,
3303 1309 3434 1363 ctc.,

192 1397 244 1434 κ.
270 1379 395 1432 τ.λ.

1867 1395 1929 1438 ut
1979 1404 2102 1456 pag.
2142 1387 2265 1442 680.

261 1474 519 1526 ΚΕΦΑΛ.
556 1475 630 1526 Ζ’.
661 1503 731 1514 -
765 1475 891 1526 Τίσι
919 1473 1012 1527 δεῖ
1048 1473 1186 1539 τοὺς
1224 1475 1594 1538 ἐπισκόπους
1611 1475 1764 1541 ,βοη-

1935 1478 2094 1546 207
2143 1477 2292 1532 CAP.
2325 1477 2840 1542 Vll.-—-Quibusnani
2873 1459 3090 1530 debeant
3126 1493 3272 1544 opem
3298 1477 3433 1544 ferre

192 1565 336 1618 θεῖν·
370 1564 629 1631 καὶπερὶ
651 1564 1020 1629 ἐπισκόπων,
1044 1564 1142 1617 καὶ
1180 1564 1612 1632 πρεσϐυτέρων,
1663 1566 1762 1619 καὶ

1861 1570 2110 1636 episcopi.
2176 1567 2242 1620 Et
2268 1569 2331 1621 de
2359 1569 2638 1636 episcopis,
2688 1565 3024 1636 presbyteris,
3065 1566 3301 1620 diaconis
3343 1567 3434 1635 qui

191 1657 509 1716 διακόνων,
538 1655 622 1724 μὴ
651 1656 1068 1724 χορηγούντων
1089 1655 1210 1722 τοῖς
1235 1655 1506 1711 ἐνδεέσιν
1545 1657 1762 1725 ἐκκλη-

1420 1671 1506 1711 γιν
1545 1657 1762 1725 ἐκκλιι-
1864 1674 1966 1714 non
1995 1659 2297 1730 largiuntur
2333 1660 2597 1731 egentibus
2619 1659 3004 1713 ecclesiasticis.

191 1747 552 1812 σιαστικοῖς.

621 1838 1003 1893 Ἀποστόλων
1029 1838 1228 1892 κανὼν
1251 1837 1348 1893 νθθ.
1800 1831 1848 1891 Β

1800 1831 1848 1891 Β
2297 1838 2668 1905 Apostolorum
2700 1853 2867 1890 canon
2928 1834 3015 1890 59.

260 1929 364 1984 νθ¹.
391 1930 459 1983 Εἴ
508 1947 589 1993 τις
629 1931 944 1995 ἐπίσκοπος,
977 1929 1010 2000 ἢ
1061 1929 1449 1998 πρεσϐύτερος,
1479 1928 1623 1991 τινὸς
1662 1928 1770 1981 τῶν

1939 1932 2030 1988 59.
2095 1930 2152 1986 Si
2206 1932 2328 2001 quis
2388 1933 2673 2000 episcOpus
2731 1931 2809 1985 vel
2857 1931 3154 1998 presbyter,
3189 1944 3310 1983 cum
3363 1929 3432 1982 sit

194 2021 476 2091 κληρικῶν
507 2021 719 2082 ἐνδεοῦς
751 2022 922 2087 ὄντος,
986 2021 1059 2091 μὴ
1095 2022 1415 2091 ἐπιχορηγεί
1459 2021 1527 2074 τὰ
1561 2021 1770 2084 δέοντα,

1873 2025 2071 2094 aliquis
2105 2041 2169 2078 ex
2201 2024 2413 2079 clericis
2445 2040 2666 2094 egenus.
2708 2039 2770 2077 ea
2802 2036 2924 2090 quae
2956 2029 3085 2074 sunt
3125 2021 3435 2073 necessaria

190 2113 556 2186 ἀφοριζέσθω·
587 2114 860 2185 ἐπιμένων
883 2113 962 2180 δὲ,
993 2113 1358 2182 καθαιρείσθω
1379 2112 1453 2176 ὡς
1507 2112 1773 2181 φονεύσας

1871 2118 2064 2184 οἰωιιοιι
2089 2117 2428 2185 suppeditat,
2469 2125 2784 2183 segregetur
2816 2131 2830 2166 :
2857 2114 2942 2168 sin
2979 2121 3160 2167 autem
3194 2126 3438 2179 persevc-

191 2206 289 2259 τδν
319 2204 550 2272 ἀδελφὸν
578 2204 764 2260 αὐτοῦ.

1873 2216 1974 2273 ret,
2021 2207 2344 2278 deponatur,
2381 2208 2553 2274 utqui
2593 2206 2814 2260 fratrem
2867 2221 3028 2262 suum
3072 2203 3427 2257 interfecerit.

521 2299 788 2354 Συνόδου
807 2295 1108 2365 Σαρδικῆς
1135 2295 1334 2348 κανὼν
1353 2291 1420 2359 ζ’.

2225 2296 2449 2352 Concilii
2473 2295 2803 2350 Sardicensis
2833 2312 2999 2348 canon
3029 2296 3083 2351 7.

266 2397 334 2463 ζ’.
356 2394 847 2460 ὐσιοςὲπίσκοπος
864 2386 1036 2443 εἶπεν.
1053 2388 1117 2442 Ἦ
1133 2387 1358 2459 ἀκαιρία
1375 2387 1550 2459 ἡμῶν,
1565 2404 1620 2441 κ.
1639 2403 1694 2442 τ.
1715 2387 1768 2443 λ.

1941 2390 1999 2444 7.
2030 2390 2229 2445 llos‘ius
2261 2390 2548 2458 episcopus
2585 2388 2724 2443 dixit
2763 2405 2777 2442 :
2814 2387 3192 2457 importunitas
3228 2401 3433 2454 nostra,

1876 2490 2009 2548 etc.,
2043 2493 2098 2534 ut
2128 2497 2250 2550 pag.
2288 2481 2411 2535 667.

265 2578 334 2630 Οἱ
369 2576 655 2644 πενόμενοι
690 2569 975 2642 αἱρετικοὶ,
1005 2569 1066 2622 οὐ
1116 2567 1476 2640 χορηγοῦντιι
1505 2566 1571 2619 τά
1616 2565 1770 2634 λεγό-

1940 2572 2246 2643 lndigentes
2283 2570 2520 2626 incretici
2547 2585 2654 2624 non
2703 2569 2982 2639 accipiunt
3018 2585 3048 2625 e
3087 2571 3307 2640 iudiciis
3340 2577 3437 2623 aut

195 2683 340 2737 μενα
375 2662 722 2733 ἀξιωματικὰ
748 2661 854 2713 ἀπὸ
883 2659 990 2713 τῶν
1015 2657 1377 2727 δικαστηρίων
1421 2655 1453 2727 ἢ
1499 2656 1606 2710 τῶν
1646 2657 1770 2709 Ἑκ-

1874 2664 2129 2720 Ecclesiis
2162 2680 2223 2720 ea
2257 2679 2378 2734 quae
2395 2663 2685 2718 honoraria
2713 2662 2988 2729 dicuntur,
3019 2671 3075 2717 ut
3097 2663 3188 2716 lib.
3212 2676 3252 2727 ι,
3278 2660 3433 2725 tit.5,

197 2753 466 2824 κλησιῶν,
500 2752 574 2812 ὡς
604 2749 742 2819 βιὸλ.
773 2755 842 2813 α’,
882 2749 988 2803 τίτ.
1019 2747 1082 2812 ε’,
1107 2747 1244 2800 διάτ.
1282 2753 1350 2800 κ’.
1870 2764 2048 2810 οοιιει,
2081 2756 2135 2808 8,

270 2841 523 2894 ΚΕΦΑΛ.
543 2839 627 2894 ll’.
651 2868 722 2877 —
741 2838 879 2905 Περὶ
903 2835 1180 2890 συνόδων
1217 2837 1313 2889 καὶ
1341 2835 1459 2890 τῶν
1478 2837 1565 2902 εις
1586 2836 1772 2903 αὐτὰς

1939 2847 2092 2903 CAP.
2123 2846 2254 2901 VIII.
2292 2877 2361 2888 -
2395 2847 2469 2902 De
2507 2846 2754 2916 sgnodis,
2787 2857 2837 2902 et
2865 2848 2928 2902 de
2951 2864 3052 2901 non
3079 2845 3437 2902 concurrenti-

187 2933 279 3004 μὴ
314 2933 634 2987 ἀπιόντων.

1872 2937 1965 2992 bus
1989 2938 2057 2992 ad
2083 2941 2247 3009 ipsas.

595 3022 976 3077 ’.ἀποστόλων
1003 3019 1200 3074 κανὼν
1230 3019 1328 3084 λζ’.

2281 3028 2650 3097 Apostolorum
2689 3045 2855 3082 canon
2893 3028 2981 3082 37.

267 3115 374 3179 λζ’.
421 3113 680 3183 Δεύτερον
707 3112 799 3165 τοῦ
830 3112 982 3173 ἔτους
1013 3111 1226 3172 σύνοδος
1256 3109 1486 3178 γινέσθω
1517 3111 1623 3161 τῶν
1648 3109 1770 3162 ἐπι-
1801 3173 1839 3190 Α

1942 3121 2030 3177 57.
2051 3121 2136 3176 Bis
2152 3120 2204 3175 in
2222 3136 2366 3174 anno
2384 3123 2472 3174 liat
2490 3121 2866 3190 episcoporum
2886 3121 3147 3188 synodus,
3169 3127 3222 3173 et
3241 3119 3434 3173 inter”

195 3207 448 3269 σκόπων,
504 3206 599 3258 καὶ
659 3204 1094 3273 ἀνακρινέτωσαν
1129 3202 1385 3272 ἀλλήλους
1415 3200 1482 3253 τὰ
1530 3201 1770 3270 δόγματα

1873 3227 1932 3267 se
1959 3211 2272 3266 examinem
2309 3211 2522 3264 decreta
2564 3210 2858 3279 religionis,
2902 3217 2955 3262 et
2995 3208 3294 3262 incidentes
3343 3223 3435 3261 ec-

194 3299 301 3364 τῆς
338 3295 644 3359 εὐσεϐείας,
692 3294 786 3346 καὶ
822 3295 920 3357 τὰς
967 3293 1342 3364 ἐμπιπτούσας
1397 3290 1775 3360 ἐκκλησιαστι-

1874 3303 2208 3357 clesiasticas
2229 3310 2630 3375 controversias
2646 3311 2978 3370 componant
2999 3317 3013 3352 :
3033 3299 3198 3353 semel
3220 3299 3439 3366 quidem

195 3387 308 3448 κάς
345 3385 646 3452 ἀντιλογίας
703 3383 1082 3446 διαλυέτωσαν,
1116 3383 1260 3449 ἃπαξ
1313 3382 1410 3452 μὲν
1447 3383 1513 3450 τῇ
1545 3380 1776 3451 τετάρτῃ

1873 3408 2064 3464 quarta
2098 3395 2431 3449 liebdomada
2466 3395 2826 3460 Pentecostes,
2875 3395 3069 3450 iterum
3115 3403 3293 3446 autem
3343 3392 3441 3461 by-

198 3477 462 3548 ἐϐδομάδι
512 3477 611 3545 τῆς
646 3476 1040 3546 Πεντηκοστῆς,
1069 3475 1318 3544 δεύτερον
1345 3473 1400 3527 δὲ
1447 3471 1776 3542 Ὑπερϐερε-

1873 3487 2182 3558 Ριιτὺεῑοιαιί
2211 3485 2530 3540 duodecimo
2553 3486 2852 3540 secundum
2877 3485 3152 3538 Romanos
3180 3482 3439 3538 octobris.

197 3573 361 3626 ταίου
378 3571 674 3640 δωδεκάτῃ,
706 3569 844 3621 κατά
883 3567 1183 3638 Ῥωμαίους
1210 3565 1530 3637 ὀκτωϐρίου.

563 3681 1104 3747 Συνόδου-Νικαιας
1142 3679 1340 3734 κανὼν
1367 3685 1428 3732 ε’.

2277 3689 2507 3743 Concilii
2546 3685 2754 3740 Nica'ni
2807 3704 2975 3741 canon
3009 3686 3060 3738 ὅ.

277 3779 347 3828 ε’.
375 3773 512 3844 Περὶ
541 3773 648 3825 τῶν
681 3773 1052 3841 ἀκοινωνήτων
1088 3770 1412 3840 γενομένων,
1457 3767 1566 3821 εἴτε
1595 3765 1702 3821 τῶν
1722 3765 1780 3819 ἐν

1925 3775 2070 3831 5.De
2103 3772 2173 3828 iis
2204 3777 2296 3842 qui
2327 3785 2355 3822 a
2380 3771 2423 3803 ⁸ο
2445 3778 2825 3828 communione
2855 3774 3117 3838 segregati
3141 3781 3286 3832 sunt,
3307 3780 3421 3832 sive

203 3867 424 3936 κλήρῳ,
467 3865 576 3917 εἴτε
615 3864 721 3916 τῶν
746 3866 803 3914 ἐν
831 3860 1002 3931 λαῖκῷ
1066 3860 1328 3929 τάγματι,
1365 3859 1469 3910 ὑπὸ
1499 3857 1608 3910 τῶν
1658 3855 1779 3910 καθ’

1861 3863 2187 3918 clericorum
2213 3860 2328 3913 sive
2354 3860 2616 3913 laicornm
2648 3863 2756 3912 sint
2777 3858 3004 3921 ordinis,
3040 3859 3107 3911 ab
3133 3856 3425 3927 episcopis,

205 3958 456 4029 ἑκάστην
511 3955 782 4027 ἐπαρχίαν
810 3953 1142 4016 ἐπισκόπων,
1197 3951 1466 4023 κρατείτω
1499 3951 1531 4022 ἡ
1563 3947 1778 4019 γνώμη.

1863 3958 1954 4028 qui
1991 3963 2120 4010 sunt
2155 3955 2209 4009 in
2244 3966 2571 4024 unaquaque
2604 3952 2904 4022 provincia.
2944 3951 3122 4005 valeat
3160 3952 3432 4004 sententia

206 4049 356 4102 κατὰ
383 4047 477 4100 τὸν
513 4047 716 4101 κανόνα
741 4046 832 4098 τὸν
886 4041 1270 4116 διαγορεύοντα
1303 4044 1428 4105 τοὺς
1463 4041 1552 4110 ὑφ’
1581 4041 1782 4112 ἐτέρων

1863 4051 2164 4107 secundum
2209 4062 2502 4110 canonem,
2547 4045 2640 4117 qui
2693 4044 3013 4114 pronuntiat
3053 4059 3168 4106 eos,
3227 4041 3320 4112 qui
3368 4043 3437 4097 ab

205 4139 641 4208 ἀποϐληθέντας,
673 4137 760 4206 ὑφ’
790 4137 988 4208 ἐτέρων
1023 4136 1099 4208 μὴ
1127 4134 1464 4207 προσίεσθαι.
1510 4132 1782 4198 Ἐξεταζέ-

1865 4144 1990 4201 aliis
2036 4142 2196 4212 ejecti
2243 4151 2392 4205 sunt,
2445 4156 2554 4195 non
2602 4153 2723 4194 esse
2757 4137 2826 4191 ab
2866 4135 2990 4191 aliis
3023 4134 3434 4191 admittendos:

209 4234 329 4288 σθω
358 4232 416 4285 δὲ
446 4229 521 4302 μὴ
550 4228 880 4300 μικροιῖιυχίᾳ.
909 4231 1148 4295 πάντως,
1175 4233 1222 4283 εἰ
1269 4226 1590 4297 φιλονεικίᾳ,
1615 4227 1648 4296 ἧ
1681 4243 1784 4279 τινι

1863 4240 2208 4296 examinetur
2232 4243 2438 4301 autem,
2475 4233 2722 4303 nunquid
2752 4232 2832 4288 vel
2865 4230 3319 4302 pusillanimitate
3353 4232 3438 4286 vel

207 4323 443 4393 τοιαύτῃ
505 4321 666 4392 ἀηδίᾳ
709 4319 804 4374 τοῦ
852 4321 1150 4375 ἐπισκόπου
1176 4361 1191 4386 ,
1243 4319 1653 4387 ἀποσυνάγωγοι
1696 4331 1788 4383 γε-

1866 4333 2030 4401 208
2081 4329 2454 4391 contentione,
2507 4327 2589 4382 vel
2649 4325 2830 4395 aliqua
2881 4325 3151 4395 ejusmodi
3193 4328 3439 4398 episcopi

211 4417 499 4485 γένηνται.
546 4413 665 4466 Ἵνα
696 4408 788 4467 οὖν
837 4413 996 4467 τοῦτο
1035 4414 1135 4480 τὴν
1185 4413 1495 4482 πρέπουσαν
1539 4409 1784 4474 ἐξέτασιν

1868 4423 2189 4485 acerbitate,
2225 4421 2650 4489 congregatione
2684 4418 2822 4488 pulsi
2865 4420 2996 4472 sint.
3041 4417 3109 4473 Ut
3151 4419 3253 4474 hoc
3309 4435 3441 4490 ergo

211 4507 512 4576 Μμὸἀνοι,
545 4505 724 4568 καλῶς
753 4505 894 4574 ἔχειν
927 4503 1105 4569 ἔδοξεν
1130 4503 1358 4557 ἐκάστου
1385 4501 1629 4556 ἐνιαυτοῦ
1660 4497 1781 4555 καθ’

1871 4516 2281 4570 convenientem
2300 4510 2756 4566 examinationem
2781 4510 3035 4580 accipiat,
3066 4519 3216 4566 recte
3237 4511 3441 4568 habere

214 4600 458 4669 ἑκάστην
479 4597 746 4668 ἐπαρχίαν
777 4596 857 4659 δίς
897 4595 991 4648 τοῦ
1023 4595 1199 4658 ἐτους,
1242 4593 1489 4655 συνόδους
1518 4591 1782 4660 γίνεσθαι·

1872 4613 2047 4668 visum
2078 4617 2183 4672 est,
2219 4613 2278 4660 ut
2307 4603 2540 4675 singulis
2567 4602 2727 4656 annis
2769 4602 2820 4656 in
2854 4618 3180 4673 unaquaque
3212 4605 3438 4674 provin-

219 4693 308 4747 ῐνα
340 4693 497 4761 κοινῇ
527 4689 740 4742 πάντων
771 4687 879 4740 τῶν
911 4686 1228 4740 ἐπισκόπων
1255 4685 1353 4756 τῆς
1383 4684 1649 4754 ἐπαρχίας
1697 4682 1789 4734 ἐπὶ

1873 4707 1956 4760 cia
1987 4704 2072 4758 bis
2091 4702 2134 4734 ἰ
2163 4702 2214 4754 in
2248 4714 2392 4753 anno
2422 4695 2618 4768 synodi
2651 4695 2816 4750 (iant:
2848 4703 2907 4750 ut
2939 4711 3062 4750 cum
3093 4713 3286 4752 omnes
3318 4713 3445 4767 pro—

217 4786 277 4838 τὸ
309 4781 447 4837 αὐτὸ
500 4779 878 4848 συναγομένων
905 4779 975 4833 τὰ
1019 4777 1240 4832 τοιαῦτα
1267 4775 1555 4847 ζητήματα
1603 4771 1788 4836 ἐξετά-

1875 4793 2066 4849 vinciae
2121 4791 2366 4860 episcopi
2425 4791 2480 4844 in
2525 4789 2776 4845 eumdem
2843 4789 3022 4844 locum
3077 4789 3447 4843 communiter

221 4874 391 4940 ζοιτο,
421 4872 516 4927 καὶ
543 4871 712 4933 οὕτως
731 4871 780 4923 οἱ
804 4869 1241 4938 ὁμολογουμένως
1287 4862 1790 4936 προσκεκρουκότες

1875 4885 2225 4947 conveniant,
2251 4880 2520 4951 ejusmodi
2566 4882 2898 4949 quaestiones
2943 4881 3326 4935 examinentur
3354 4897 3367 4933 :
3397 4888 3449 4933 et

222 4970 299 5040 τῷ
341 4971 642 5037 ἐπισκόπῳ,
675 4967 818 5019 κατά
857 4965 1010 5030 λόγον
1039 4961 1389 5028 ἀκοινώνητοι
1429 4956 1579 5027 παρά
1625 4955 1788 5007 πᾶσιν

1878 4981 1957 5037 sic
1987 4991 2126 5050 quos
2157 4975 2468 5043 episcopum
2496 4971 2790 5027 ollendisse
2810 4973 3139 5032 constiterit.
3161 4972 3309 5041 justo
3329 4987 3450 5026 esse

225 5059 367 5114 εἶναι
415 5060 654 5126 δόξωσιξ
682 5057 874 5127 μέχρις
902 5054 967 5108 ἂν
1021 5053 1098 5124 τῷ
1137 5050 1300 5120 κοινῷ
1339 5048 1448 5103 τῶν
1477 5046 1790 5099 ἐπισκόπων

1880 5067 2299 5139 congregatione
2342 5065 2577 5135 separati
2607 5064 2748 5132 apud
2779 5079 2970 5118 omnes
3005 5065 3312 5126 vidcantur,
3347 5063 3449 5116 do-

224 5150 352 5218 δόξῃ
399 5150 498 5218 τὴν
553 5143 1063 5216 φιλανθρωποτέραν
1117 5143 1256 5210 ὑπὲρ
1304 5139 1480 5192 αὐτῶν
1537 5133 1791 5189 ἐκθέσθαι

1883 5133 2418 5227 necwep'iscoporuni
2467 5155 2878 5224 congregationi
2936 5155 3184 5208 videatur
3229 5169 3326 5222 pro
3385 5153 3451 5208 iis

225 5240 429 5310 ψῆφον.
464 5239 530 5292 Αἱ
554 5240 612 5292 δὲ
646 5237 855 5293 σύνοδοι
884 5233 1218 5302 γινέσθωσαν
1239 5271 1254 5297 ,
1284 5231 1378 5301 μὶα
1411 5229 1507 5299 μέν
1537 5225 1642 5297 πρὸ
1692 5224 1792 5292 τῆς

1887 5251 2263 5305 humaniorem
2319 5246 2565 5318 proferre
2616 5247 2962 5301 sententiam.
3017 5245 3221 5316 Synodi
3271 5257 3453 5300 autem

231 5331 707 5400 Τεσσαρακοστῆς,
737 5329 824 5383 ἵνα
851 5329 1028 5396 πάσης
1075 5321 1436 5395 μικροψυχίας
1465 5317 1791 5388 ἀναιρουμέ-

1888 5344 2041 5406 liant,
2072 5356 2179 5395 una
2214 5342 2432 5410 quidem
2467 5347 2594 5394 ante
2617 5340 3117 5409 quadragesimam,
3157 5349 3236 5404 ut,
3271 5339 3453 5393 omni—

233 5443 351 5495 νης,
397 5426 459 5478 τὸ
505 5423 676 5491 δῶρον
711 5421 943 5491 καθαρὸν
977 5417 1351 5489 προσφέρηται
1382 5413 1458 5484 τῷ
1485 5412 1604 5484 Θεῷ
1628 5428 1641 5441 ·
1675 5411 1792 5464 seu.

1887 5437 1990 5491 bus
2042 5433 2208 5486 animi
2253 5433 2509 5488 sordibus
2555 5432 2806 5493 sublatis,
2857 5446 3052 5500 purum
3091 5447 3292 5486 munus
3350 5429 3456 5484 Deo

233 5519 364 5588 τέρα
391 5516 450 5569 δὲ
479 5517 605 5582 περὶ
641 5514 730 5566 τὸν
753 5513 844 5566 τοῦ
888 5509 1202 5584 μετοπώρου
1243 5506 1452 5578 καιρόν.

1889 5526 2150 5583 offeratur
2179 5539 2193 5576 :
2233 5523 2472 5580 secunda
2501 5531 2684 5578 autem
2713 5522 2961 5575 autumni
2999 5530 3260 5589 tempore.

342 5695 386 5727 ”
443 5692 564 5748 Nic.
621 5708 744 5748 can.
803 5690 852 5745 5.
962 5687 1228 5757 ⁸⁰Λροδι.
1282 5683 1347 5739 13
1385 5691 1437 5740 ct
1475 5683 1575 5750 55;
1637 5676 1886 5733 Antioch.

1875 5718 1886 5732 .
1939 5673 2006 5741 6,
2044 5673 2132 5740 75,
2169 5671 2249 5736 ll,
2281 5687 2335 5741 q.
2367 5673 2421 5726 5.
2533 5669 2578 5704 ⁸¹
2605 5669 2792 5740 Apost.
2848 5670 2960 5738 28;
3010 5672 3259 5726 Antioch.
3329 5668 3399 5723 15
3434 5684 3450 5734 ς

241 5764 415 5822 lnnoc.
468 5767 554 5822 10.
