3874 6296
592 323 705 388 ϐ’ἵ5

939 429 1167 486 Concilii
1198 428 1505 484 Antiocheni
1529 445 1701 483 canon
1730 429 1823 484 ΩΟ.
2197 433 2252 493 Α

663 521 756 579 20.
777 521 1006 590 Propter
1035 537 1168 576 usus
1193 521 1617 584 ecclesiasticos,
1647 527 1700 574 et
1720 535 1818 589 pro
1839 535 2170 590 componen-

590 615 676 670 dis
699 613 1118 679 controversiis,
1153 622 1301 668 recte
1327 613 1527 668 habere
1551 613 1728 667 visum
1752 622 1858 676 est,
1890 623 1950 666 ut
1976 612 2169 683 synodi

589 708 973 778 episcoporum
1030 706 1083 760 in
1141 720 1469 775 unaquaque
1501 704 1784 776 provincia
1824 706 1955 759 fiant
2005 705 2086 759 his
2115 704 2170 759 in

591 815 738 853 anno
773 823 783 853 :
817 799 988 854 semel
1047 797 1267 867 quidem
1320 805 1443 866 post
1497 799 1711 852 tertiam
1771 797 2166 852 hebdomadem

598 892 722 946 festi
756 890 1002 952 Paschae,
1020 902 1078 944 ut
1104 899 1295 958 quarta
1322 889 1660 944 hebdomade
1682 889 2029 944 Pentecostes
2052 905 2170 959 per-

589 984 804 1038 ficiatur
825 983 1091 1053 synodus,
1120 982 1540 1050 metropolitano
1570 982 1932 1052 provinciales
1954 983 2170 1052 episco-

589 1059 687 1144 pes
725 1075 1049 1127 admonente
1081 1074 1377 1127 secundam
1413 1075 1686 1143 synodum
1713 1074 1893 1129 idibus
1933 1074 2172 1130 octobris

591 1164 854 1228 futuram,
896 1165 987 1234 qui
1020 1173 1103 1219 est
1139 1165 1385 1219 decimus
1432 1165 1821 1236 ityperberetrei
1852 1183 1865 1218 :
1905 1174 1962 1219 ut
2002 1167 2053 1218 in
2087 1165 2171 1220 his

589 1256 725 1326 ipsis
781 1257 1008 1325 svnodis
1058 1257 1324 1311 accedant
1370 1258 1671 1329 presbyteri
1730 1267 1784 1312 et
1821 1257 2072 1321 diaconi,
2119 1266 2173 1310 et

590 1363 784 1403 omnes
821 1348 912 1417 qui
951 1363 1010 1403 se
1041 1349 1239 1419 injuria
1283 1349 1508 1404 allectos
1551 1358 1778 1419 putant,
1812 1359 1868 1404 et
1903 1365 1932 1403 a
1965 1349 2172 1421 synodo

581 1441 855 1510 judicium
886 1451 1276 1511 assequantur,
1311 1457 1413 1496 nec
1447 1442 1574 1496 ullis
1619 1441 1782 1496 liceat
1816 1441 2053 1513 synodos
2079 1455 2174 1509 per

589 1549 650 1588 se
699 1533 922 1600 facere,
989 1533 1107 1590 sine
1169 1534 1235 1589 iis
1281 1535 1484 1605 quibus
1531 1542 1662 1589 sunt
1709 1535 1930 1590 creditae
1968 1542 2174 1589 metro-

588 1626 769 1696 poles.

2201 1793 2244 1850 Β

944 1803 1168 1858 Concilii
1204 1802 1485 1858 Laodiclni
1522 1819 1688 1858 canon
1722 1802 1813 1858 40.

678 1897 767 1952 40.
808 1895 964 1962 Quod
1017 1913 1124 1950 non
1171 1905 1384 1965 Oportet
1418 1895 1707 1965 episcopos
1757 1897 1849 1965 qui
1906 1905 2172 1949 vocantur

591 1988 659 2044 ad
693 1991 986 2060 synodum,
1032 1989 1325 2059 negligere,
1374 1989 1468 2044 sed
1517 1989 1688 2054 abire,
1738 1998 1792 2042 et
1840 1989 2036 2042 docere
2087 1989 2170 2042 vel

593 2082 800 2144 doceri,
831 2083 897 2135 ad
932 2079 1094 2150 209
1119 2081 1512 2136 correctionem
1554 2079 1810 2136 Ecclesiae
1841 2089 1893 2134 et
1926 2081 2169 2149 reliquo-

593 2187 737 2226 rum.
774 2171 830 2226 Si
863 2173 988 2242 quis
1018 2179 1201 2226 autem
1236 2172 1554 2237 neglexerit,
1592 2172 1638 2225 is
1665 2172 1906 2241 seipsum
1941 2187 2171 2227 accusa-

589 2262 703 2328 bit;
737 2275 1100 2334 praeterquam
1145 2265 1189 2316 si
1228 2271 1447 2333 propter
1487 2263 1863 2333 intemperiem
1898 2273 1953 2319 et
2004 2263 2169 2334 tegi-i-

590 2356 831 2411 tudinem
869 2370 977 2410 non
1008 2357 1214 2410 veniat.

839 2445 1061 2499 Concilii
1093 2443 1533 2498 Chalcedonensis
1594 2461 1762 2498 canon
1797 2443 1890 2501 l9.

665 2535 755 2592 i9.
787 2536 1033 2592 Pervenit
1066 2535 1133 2589 ad
1164 2550 1327 2590 aures
1369 2543 1610 2602 nostras,
1661 2535 1802 2605 quod
1853 2537 1908 2590 in
1948 2535 2172 2607 provin-

589 2628 711 2695 ciis,
742 2629 1046 2683 canonibus
1069 2627 1380 2685 constituta:
1408 2629 1789 2699 episcoporum
1844 2630 2036 2701 synodi
2061 2644 2172 2685 non

594 2720 747 2786 fiant,
807 2728 861 2774 et
914 2735 979 2773 ex
1027 2734 1093 2773 eo
1156 2721 1328 2774 multa
1376 2721 1750 2776 ecclesiastica
1834 2723 2174 2793 negligantur

588 2827 712 2881 quae
739 2814 1082 2867 correctione
1110 2811 1372 2882 indigent.
1402 2811 1602 2867 Statuit
1629 2829 1758 2885 ergo
1784 2824 1968 2868 sancta
2000 2829 2169 2885 syno-

597 2901 704 2956 dus
786 2903 1085 2956 secundum
1175 2911 1489 2958 sanctorum
1569 2903 1789 2957 Patrum
1874 2920 2115 2959 canones
2151 2941 2168 2968 ,

595 3000 658 3046 ut
691 2992 774 3046 his
798 2992 850 3046 in
879 3007 1023 3045 anno
1053 2995 1303 3047 eumdem
1335 2993 1388 3046 in
1416 2994 1591 3047 locum
1625 2994 1952 3047 conveniant
1985 2995 2172 3050 unius—

591 3085 861 3156 cujusque
908 3086 1206 3155 provincia:
1284 3085 1548 3157 episcopi,
1605 3093 1665 3142 ut
1723 3089 2173 3158 metropolitanus

591 3178 790 3232 melius
842 3193 963 3232 esse
1033 3179 1390 3248 perspexerit,
1446 3189 1501 3234 et
1565 3181 1780 3251 singula
1838 3185 2168 3251 emergentia

590 3264 928 3338 [(-orrigant:
965 3269 1205 3337 episcopi
1236 3269 1466 3342 autem],
1500 3269 1595 3340 qui
1654 3285 1764 3325 non
1817 3275 2146 3326 conveniunt

591 3359 638 3413 si
669 3359 722 3412 in
758 3359 948 3413 eadem
985 3362 1274 3428 metropoli
1319 3375 1624 3424 versentur,
1679 3372 1844 3431 atque
1870 3363 2008 3416 adeo
2049 3363 2169 3416 sani

591 3450 701 3505 sint
729 3461 782 3504 et
817 3453 885 3504 ab
928 3453 1078 3505 omni
1112 3453 1474 3508 incxcnsahili
1501 3462 1554 3508 et
1593 3457 1906 3510 necessario
1951 3459 2170 3525 negotio

589 3539 770 3607 liberi,
807 3542 1044 3598 fraterne
1062 3548 1549 3614 reprehendantur.

2198 3130 2242 3193 C

661 3722 886 3777 Concilii
918 3723 1346 3792 Carthaginiensis
1391 3741 1616 3778 canones
1655 3724 1742 3789 18,
1767 3725 1855 3789 73,
1880 3724 1967 3789 76,
1995 3724 2085 3779 95.

663 3816 751 3869 18.
790 3815 848 3868 Si
872 3818 986 3884 quis
1016 3818 1240 3868 clericus
1276 3818 1580 3879 ordinatus,
1605 3827 1737 3879 etc.,
1762 3825 1817 3868 ut
1847 3834 1970 3887 pag.
1992 3817 2100 3873 482

663 3907 815 3961 Diem
847 3908 1066 3961 Pusc/iw
1095 3909 1178 3962 die
1207 3908 1417 3960 concilii
1458 3909 1828 3962 nuntiandum.

666 4083 753 4140 75.
783 4083 910 4138 ltem
949 4084 1150 4153 placuit
1177 4097 1232 4140 ut
1257 4087 1374 4142 dies
1406 4087 1731 4144 venerabilis
1760 4088 2005 4156 Paschze,
2037 4099 2173 4156 etc.,

591 4188 650 4232 ut
677 4196 798 4247 pag.
841 4180 870 4232 ti
887 4180 966 4231 i2.

661 4273 740 4327 De
775 4276 1031 4343 episcopis
1107 4275 1198 4345 qui
1237 4274 1306 4328 ad
1334 4275 1566 4330 concilia
1609 4291 1712 4329 non
1761 4287 2064 4330 occurrunt.

665 4459 752 4514 76.
794 4459 924 4516 ltem
974 4463 1177 4531 placuit
1207 4463 1285 4529 ⁸³,
1314 4476 1372 4519 ιιι
1399 4465 1832 4533 quotiescunque
1875 4465 2169 4520 concilium
2206 4487 2248 4542 ο

591 4554 1033 4624 congregandum
1084 4566 1188 4618 est,
1226 4557 1467 4624 episcopi
1520 4557 1611 4624 qui
1647 4572 1824 4624 neque
1874 4565 2167 4614 aetateme-

1757 320 2018 384 ΡΗΟἸῊ
2054 319 2560 384 ΡΑΤΗῙΑΗΟΠᾸΞ
2588 322 2696 384 Cl‘.

2588 335 2696 384 Ul'.

2577 430 2846 487 Συνόδου
2887 429 3245 498 Ἀντιοχείας
3265 427 3462 483 κανὼν
3490 436 3554 486 κ’.
3701 335 3785 401 6⁷6

2342 531 2416 578 κ’.
2441 525 2541 577 Διὰ
2564 525 2662 587 τὰς
2690 522 3148 591 ἐκκλησιαστικὰς
3169 522 3378 591 χρείας,
3397 521 3592 587 καὶτὰς
3613 526 3704 582 τῶν
3715 532 3793 604 ἀμ.

2272 617 2718 688 φισϐητουμὲνων
2739 615 3029 677 διαλύσεις.
3053 613 3231 676 καλῶς
3253 613 3397 682 ἒχειν
3431 613 3570 679 ἔδοξε
3594 623 3793 689 συνόδους

2271 709 2393 763 καθ’
2422 709 2656 780 ἑκάστην
2680 707 2949 778 ἐπαρχίαν
2978 705 3085 757 τῶν
3115 705 3430 757 ἐπισκόπων
3458 707 3678 774 γίνεσθαι
3706 712 3796 766 δεύ-

2271 815 2428 869 τερον
2455 797 2547 850 τοῦ
2572 794 2899 858 ἕτους,ἆπαξ
2930 794 3026 864 μέν
3061 794 3198 862 μετὰ
3235 791 3334 863 τὴν
3363 793 3545 864 τρίτην
3570 797 3794 867 ἑϐδομάδα

2271 889 2370 960 τῆς
2399 890 2594 960 ἑορτῆς
2623 885 2717 941 τοῦ
2774 888 2988 956 Πάσχα,
3023 885 3163 938 ὥστε
3211 886 3278 954 τῇ
3313 885 3544 956 τετάρτῃ
3587 888 3793 960 scalpta;

2268 982 2372 1052 τῆς
2397 981 2776 1050 Πεντηκοστῆς
2825 977 3188 1031 ἐπιτελεῖσθαι
3235 977 3333 1046 τὴν
3356 977 3565 1031 σύνοδον
3585 1019 3597 1041 ,
3636 983 3796 1052 ὑπομι.

2274 1077 2608 1145 μνήσκοντος
2633 1075 2757 1137 τοὺς
2800 1071 3146 1143 ἐπαρχιώτας
3175 1071 3270 1124 τοῦ
3300 1073 3356 1124 ἐν
3392 1073 3458 1140 τῇ
3491 1076 3792 1142 μητροπόλει·

2272 1166 2372 1239 τὴν
2402 1167 2458 1219 δέ
2488 1167 2746 1236 δευτέραν
2787 1165 3002 1219 σύνοδον
3046 1164 3294 1233 γίνεσθαι
3319 1165 3476 1226 εἰδοῖς
3526 1165 3801 1238 όκτωὸρίαις

2270 1257 2392 1326 ἥτις
2420 1258 2536 1310 ἐστὶ
2551 1257 2748 1326 δεκάτη
2792 1256 3268 1326 Ὑπερϐερεταίου·
3287 1255 3426 1307 ὥστε
3448 1255 3502 1307 ἐν
3521 1255 3687 1318 αὑταῖς
3700 1260 3802 1311 11')-

2271 1365 2391 1410 ταις
2406 1351 2523 1412 ταῖς
2543 1349 2779 1411 συνόδοις
2816 1348 3069 1418 προιέναι
3103 1347 3507 1418 πρεσϐυτέρους
3553 1347 3639 1400 καὶ
3658 1348 3803 1402 διακό-

2271 1457 2417 1504 νους,
2441 1440 2534 1493 κοιλ⁵
2559 1441 2766 1504 πάντας
2781 1442 2906 1503 τοὺς
2923 1439 3212 1509 ἠδικῆσθαι
3231 1437 3560 1506 νομίζοντας,
3584 1440 3666 1490 καὶ
3687 1441 3805 1508 mgf:

2271 1536 2373 1605 τῆς
2404 1535 2622 1588 συνόδου
2648 1535 2974 1604 ἐπικρίσεως
2996 1534 3303 1603 τυγχάνειν·
3329 1533 3402 1602 μὴ
3425 1531 3608 1596 ἐξεῖναι
3625 1533 3672 1586 δέ
3689 1552 3805 1599 τινας

2272 1623 2396 1678 καθ’
2426 1623 2622 1678 ἑαυτοῦ
2659 1624 2910 1686 συνόδους
2935 1621 3231 1689 ποιεῖσθαι,
3253 1622 3381 1676 ἄνευ
3414 1619 3524 1672 τῶν
3557 1637 3804 1674 πεπιστευ-

2277 1715 2455 1788 μένων
2483 1714 2582 1778 τὰς
2615 1715 2979 1786 μητροπόλεις

2561 1806 2833 1862 Συνόδου
2864 1805 3216 1870 Λαοδικείας
3244 1804 3448 1859 κανὼν
3477 1811 3548 1876 μ’.

2345 1906 2422 1971 μ’.
2448 1899 2573 1953 Ὀτι
2601 1899 2662 1952 ού
2689 1898 2769 1950 δεῖ
2803 1897 3138 1958 ἐπισκόπους
3179 1897 3545 1966 καλουμένους
3589 1898 3661 1959 είς
3710 1898 3806 1949 σύν.

2273 1991 2395 2046 οδον
2431 1993 2818 2060 καταφρονεῖν,
2837 1988 2951 2044 ἀλλ’
2981 1989 3200 2043 ἀπιέναι
3223 1990 3317 2041 καὶ
3347 1987 3616 2041 διδάσκειν
3639 1988 3668 2057 ἦ
3696 1988 3808 2042 διδά-

2274 2081 2538 2145 σκεσθαι,
2593 2082 2672 2142 είς
2723 2080 3061 2150 κατόρθωσιν
3117 2082 3217 2150 τῆς
3263 2078 3590 2150 Ἐκκλησίας
3612 2080 3698 2133 καὶ
3728 2081 3808 2131 τῶν

2272 2172 2495 2225 λοιπῶν·
2539 2173 2588 2224 εί
2621 2171 2677 2224 δέ
2709 2171 3180 2240 καταφρονήσειεν
3208 2169 3236 2222 ό
3261 2169 3526 2231 τοιοῦτος,
3559 2169 3728 2221 ἑαυτὸν
3746 2171 3807 2221 αι-

2273 2263 2546 2316 τιάσεσαι·
2582 2261 2877 2332 παρεκτὸς,
2904 2261 2953 2313 εί
2987 2261 3063 2332 μὴ
3091 2260 3158 2313 δι’
3192 2259 3512 2330 ἀνωμαλίαν
3540 2260 3810 2331 ἀπολιμπά-

2273 2371 2437 2408 νοιτο.

2552 2445 2823 2502 Συνόδου
2857 2445 3245 2514 Χαλκηδόνος
3269 2444 3476 2498 κανὼν
3509 2443 3596 2498 ιθ’.

2347 2536 2640 2596 ιθ’.⁹Ηλθεν
2661 2540 2740 2603 εἰς
2759 2538 2858 2602 τὰς
2875 2538 3152 2609 ἡμετέρας
3170 2538 3359 2600 ἀκοὰς,
3379 2536 3461 2600 ὡς
3482 2538 3539 2590 ἐν
3554 2537 3665 2599 ταῖς
3680 2536 3812 2606 ἐπαρ-

2273 2631 2420 2702 χίαις
2454 2632 2509 2683 αἱ
2559 2629 3010 2697 κεκανονισμέναι
3051 2627 3257 2680 σύνοδοι
3301 2627 3412 2680 τῶν
3451 2627 3742 2680 ἐπισκόπων
3765 2628 3811 2679 ού

2273 2722 2534 2789 γίνονται,
2585 2717 2681 2772 καὶ⁴
2711 2718 2774 2770 ἐκ
2820 2716 3007 2770 τούτου
3057 2715 3230 2770 πολλὰ
3295 2715 3686 2786 παραμελεῑται
3730 2715 3812 2767 τῶν

2275 2809 2616 2880 διορθώσεως
2668 2806 2940 2876 δεομένων
2987 2807 3461 2880 ἐκκλησιαστικῶν
3491 2807 3810 2878 πραγμάτων·

2273 2903 2442 2976 ὥρισε
2497 2903 2678 2958 τοίνυν
2707 2902 2742 2974 ἡ
2771 2899 2903 2971 ἁγία
2936 2899 3171 2965 σύνοδος,
3211 2901 3353 2955 κατὰ
3378 2901 3508 2966 τοὺς
3538 2899 3642 2954 τῶν
3681 2901 3812 2967 ἁγίων

2276 2998 2535 3069 Πατέρων
2564 2997 2819 3059 κανόνας,
2859 2993 2941 3058 δὶς
2967 2993 3061 3047 τοῦ
3090 2993 3338 3046 ἐνιαυτοῦ
3364 2996 3460 3046 ἐπὶ
3481 2993 3543 3046 τὸ
3570 2993 3689 3046 αὐτὸ
3717 3008 3813 3043 συν-

2275 3090 2496 3162 τρέχειν
2553 3087 2676 3142 καθ⁹
2708 3088 2946 3158 ἑκάστην
3004 3085 3270 3157 ἐπαρχίαν
3324 3087 3457 3149 τοὺς
3508 3085 3811 3151 ἐπισκόπους,

2274 3184 2404 3237 ἑνθα
2440 3183 2505 3237 ἂν
2539 3185 2567 3236 ό
2616 3182 2716 3253 τῆς
2753 3180 3139 3253 μητροπόλεως
3198 3177 3501 3242 ἐπίσκοπος
3565 3178 3812 3249 δοκιμάσῃ,

2269 3277 2366 3329 καὶ
2427 3273 2675 3346 διορθοῦν
2721 3273 2932 3327 ἑκαστα
2958 3271 3026 3326 τὰ
3070 3270 3477 3325 ἀνακύπτοντα·
3539 3271 3732 3334 τοὺςδέ
3759 3272 3813 3338 μὴ

2271 3369 2554 3430 συνιόντας
2583 3366 2937 3428 ἐπισκόπους.
2966 3363 3330 3435 ἐνδημοῦντας
3358 3364 3482 3426 ταῖς
3511 3363 3706 3415 ἑαυτῶν
3736 3362 3809 3414 πό-

2269 3460 2405 3525 λεσι,
2428 3458 2705 3513 καὶταῦτα
2733 3460 2791 3511 ἐν
2814 3457 2970 3528 ὑγεία
2998 3457 3304 3524 διάγοντας,
3336 3457 3435 3509 καὶ
3478 3457 3653 3524 πάσης
3677 3455 3813 3523 dmp-

2276 3554 2502 3623 αιτήτου
2538 3553 2629 3604 καὶ
2683 3549 2989 3617 ἀναγκαίας
3016 3548 3274 3618 ἀσχολίας
3304 3547 3470 3612 ὄντας
3519 3547 3811 3618 ἐλευθέρους,

2272 3645 2572 3713 ἀδελφικῶς
2600 3641 3048 3713 ἐπιπλήττεσθαι.

2342 3737 2614 3790 Συνόδου
2641 3733 3065 3804 Καρθαγέννοης
3095 3731 3293 3785 κανὼν
3313 3731 3406 3803 ιη’,
3434 3740 3535 3801 of,
3565 3732 3762 3800 og',t,s'.

2348 3835 2436 3897 ιη’.
2473 3828 2610 3880 Ἐάν
2639 3845 2728 3893 τις
2756 3824 3040 3894 κληρικὸς
3063 3823 3495 3894 χειροτονῆται,
3531 3841 3634 3880 κ.τ.
3660 3825 3703 3879 λ.

2346 3919 2488 3988 Περὶ
2528 3918 2633 3972 τοῦ
2671 3918 2786 3982 τὴν
2811 3917 3042 3986 ἡμέραν
3082 3915 3191 3969 τοῦ
3215 3917 3437 3986 Πάσχα
3480 3917 3550 3970 ἐν
3571 3916 3638 3986 τῇ
3664 3917 3814 3986 ἡμέρᾳ

2271 4013 2384 4083 τῆς
2419 4013 2690 4068 συνόδου
2713 4010 3155 4080 Mycenaeae;

2344 4113 2443 4175 ογ¹.
2485 4105 2715 4174 Ὁμοίως
2745 4104 2959 4174 ἤρεσεν,
3018 4102 3160 4154 ὥστε
3183 4101 3283 4172 τὴν
3312 4102 3543 4172 ,ἡμέραν
3570 4102 3659 4154 τοῦ
3685 4117 3813 4172 ’προσ⁸

2272 4197 2510 4266 κυνητοῦ
2543 4197 2753 4264 Πάσχα,
2773 4212 2830 4249 κ.
2869 4210 2922 4246 τ.
2949 4193 3000 4245 λ.

2344 4289 2482 4357 Περὶ
2538 4287 2655 4340 τῶν
2689 4285 2774 4356 μὴ
2818 4282 3220 4338 ἀπαντώντων
3263 4285 3335 4339 ἐν
3391 4287 3529 4352 ταῖς
3572 4285 3812 4350 συνόδοις

2298 4382 2662 4436 ἐπισκόπων.

2346 4471 2453 4538 ος·’.
2489 4474 2722 4544 Ὁμοίως
2753 4474 2970 4545 ἤρεσεν,
2995 4475 3082 4527 ἴνα
3103 4473 3508 4542 ὁσακισδὴποτε
3535 4472 3728 4524 σύνοδον
3755 4469 3814 4522 δεῖ

2273 4562 2625 4633 συναχθῆναι,
2660 4565 2710 4616 οἱ
2755 4565 3048 4618 ἐπίσκοποι
3102 4561 3303 4625 οἵτινες
3346 4562 3476 4614 οὔτε
3529 4564 3679 4631 κείρᾳ
3715 4561 3811 4612 οὔτε

591 4661 699 4715 que
729 4647 1071 4716 aigritudine,
1105 4665 1282 4717 neque
1327 4649 1506 4718 aliqua
1562 4648 1797 4717 graviori
1854 4647 2169 4702 necessitate

2281 4654 2521 4725 Ξισθενεία
2555 4654 2676 4709 οὔτε
2725 4658 2834 4708 τινὶ
2877 4656 3152 4728 βαρυτέρᾳ
3191 4656 3407 4728 ἀνάγκῃ
3447 4654 3809 4724 ἐμποδίζονται,

592 4740 990 4810 impediuntur.
1027 4750 1395 4811 competenter
1421 4750 1740 4806 occurrant,
1766 4750 1820 4796 et
1844 4742 2170 4809 primatibus

594 4845 822 4888 suarum
879 4847 1224 4900 quarumque
1279 4831 1686 4900 provinciarum
1743 4833 2070 4897 intimetur,
2112 4839 2172 4885 ut

591 4925 659 4981 de
688 4927 955 4981 universis
980 4926 1250 4994 episcopis
1271 4926 1350 4977 vel
1383 4925 1522 4990 dum,
1555 4925 1634 4978 vel
1664 4934 1772 4979 tres
1811 4934 2000 4978 turma:
2021 4925 2171 4990 ﬁant,

593 5034 658 5073 ac
674 5020 737 5073 de
755 5019 984 5086 singulis
999 5021 1191 5071 turmis
1211 5017 1452 5071 vicissim
1469 5026 1737 5084 quotquot
1758 5018 1918 5071 electi
1941 5016 2165 5079 fuerint,

592 5111 661 5166 ad
683 5110 822 5165 diem
845 5110 1062 5164 concilii
1083 5109 1650 5178 210instantissime
1670 5117 1984 5164 occurrant.
2009 5108 2163 5174 Quod

582 5185 640 5257 si
682 5218 788 5255 non
831 5203 1106 5271 potuerint
1144 5217 1455 5263 occurrere,
1483 5202 1866 5256 excusationes
1896 5202 2009 5271 (65)
2035 5215 2166 5256 suas

595 5293 652 5346 in
711 5296 969 5346 tractoria
1019 5294 1367 5347 conscrihant
1407 5310 1422 5357 ;
1457 5293 1540 5347 vel
1593 5293 1638 5347 si
1700 5301 1822 5362 post
1870 5294 2164 5345 adventum

593 5385 870 5439 tractoria:
895 5385 1091 5450 aliqua:
1124 5385 1472 5440 necessitates
1504 5397 1723 5454 repente
1751 5386 1981 5440 forsitan
2030 5395 2166 5442 ortae

593 5475 820 5553 fuerint,
849 5475 953 5531 nisi
985 5478 1248 5532 rationem
1286 5478 1656 5548 impedimenti
1694 5479 1779 5535 sui
1824 5479 1967 5548 apud
1999 5494 2163 5534 suum

664 5631 712 5664 °'
732 5629 902 5688 Conc.
943 5632 1200 5704 Carthag.
1236 5649 1289 5700 v,
1318 5650 1443 5690 can.
1477 5636 1568 5690 10.
1610 5634 1780 5690 Afric.
1819 5651 1869 5690 c.
1904 5634 1992 5690 4'5.

2269 4747 2545 4815 ἁρμοδίως·
2575 4748 2889 4813 ἀπαντῶσι,
2922 4747 3020 4799 καὶ
3050 4750 3160 4809 τοῖς
3184 4747 3560 4817 πρωτεύουσιν
3616 4747 3810 4810 ἑκάστης

2269 4837 2406 4899 ἰδίας
2437 4837 2614 4892 αὐτῶν
2641 4839 2908 4908 ἐπαρχίας
2950 4838 3312 4908 ἐμφανισθείη
3343 4837 3698 4908 περιστάντων
3727 4834 3808 4884 τῶν

2270 4931 2608 4995 ἐπισκόπων,
2646 4931 2755 4982 εἴτε
2782 4930 2896 4993 δύο,
2920 4933 3028 4982 εἴτε
3059 4931 3206 5000 τρεῖς
3241 4930 3617 5001 συναθροίσεις
3645 4927 3811 4995 γένων-

2271 5039 2364 5076 ται
2397 5037 2411 5052 ·
2467 5023 2558 5074 καὶ
2600 5023 2706 5074 ἀπὸ
2755 5022 2985 5075 ἑκάστου
3025 5022 3081 5074 δέ
3121 5022 3422 5093 ἁθροισμοῦ
3459 5023 3567 5084 ,εἰς
3615 5017 3811 5088 auertit-1

2267 5111 2584 5181 ὁποιδήποτε
2610 5110 2923 5178 ἑπιλεγῶσι,
2975 5111 3111 5181 πρὸς
3149 5113 3248 5180 τὴν
3273 5111 3489 5182 ἡμέραν
3510 5112 3606 5180 τῆς
3629 5110 3809 5163 συνόδου

2267 5201 2599 5262 ἑνστατικῶς
2624 5202 3031 5270 ἁπαντήσωσιν·
3051 5202 3144 5254 ἐὰν
3171 5201 3227 5253 δὲ
3260 5203 3332 5270 μὴ
3351 5201 3647 5270 δυνηθῶσιν
3667 5202 3808 5251 ἀπαν-

2267 5293 2451 5360 τῆσαι,
2484 5292 2680 5360 ἀθρόον
2708 5294 2870 5345 τινῶν
2928 5294 3210 5362 ἀναγκῶν.
3233 5293 3308 5356 ὡς
3336 5293 3505 5356 εἰκὸς,
3538 5289 3810 5360 ἀναφυομέ-

2267 5400 2394 5448 νων,
2424 5385 2472 5436 εί
2515 5385 2588 5454 μὴ
2617 5386 2707 5437 τὸν
2753 5386 2906 5452 λόγον
2945 5386 3039 5439 τοῦ
3087 5386 3289 5440 οἰκείου
3315 5386 3648 5456 ἐμποδισμοῦ
3687 5385 3809 5449 παρὰ

2269 5476 2347 5546 τῷ
2377 5477 2562 5547 οἰκείῳ
2599 5478 2932 5548 πρωτεύοντι
2988 5479 3342 5534 ἀποδώσωσιν
3377 5519 3392 5546 ,
3429 5479 3663 5550 ὀφείλειν
3708 5477 3807 5537 τεὺς

668 5745 781 5818 (65)
821 5744 969 5805 llane
1011 5749 1337 5806 sententiam
1378 5750 1613 5822 Graccus.
1648 5751 1920 5819 interpres
1958 5749 2162 5816 omisit,
2201 5750 2463 5823 quoniam
2501 5752 2757 5806 tractoria
2820 5752 2949 5822 quid
2992 5765 3133 5810 esset
3169 5770 3269 5811 non
3311 5756 3585 5812 intellexit.
