  <div class='ocr_page' id='page_1' title='image "/cluster/home/n/w/nwhite01/storage/ocr_20150623/104/hvd.32044018872853/345.png"; bbox 0 0 3874 6296; ppageno 0'>
   <div class='ocr_carea' id='block_1_1' title="bbox 600 305 709 372">
    <p class='ocr_par' dir='ltr' id='par_1_1' title="bbox 600 305 709 372">
     <span class='ocr_line' id='line_1_1' title="bbox 600 305 709 372; baseline -0.046 -1"><span class='ocrx_word' id='word_1_1' title='bbox 600 305 709 372; x_wconf 71' lang='lat'><strong>679</strong></span> 
     </span>
    </p>
   </div>
   <div class='ocr_carea' id='block_1_2' title="bbox 1761 301 3774 396">
    <p class='ocr_par' dir='ltr' id='par_1_2' title="bbox 1761 301 3774 396">
     <span class='ocr_line' id='line_1_2' title="bbox 1761 301 3774 396; baseline 0.015 -35"><span class='ocrx_word' id='word_1_2' title='bbox 1761 301 2017 361; x_wconf 86' lang='lat' dir='ltr'><strong>PHOTII</strong></span> <span class='ocrx_word' id='word_1_3' title='bbox 2054 304 2553 366; x_wconf 73' lang='lat' dir='ltr'><strong>PATRIARCII.E</strong></span> <span class='ocrx_word' id='word_1_4' title='bbox 2590 309 2699 371; x_wconf 75' lang='grc' dir='ltr'><strong>ΟΡ.</strong></span> <span class='ocrx_word' id='word_1_5' title='bbox 3684 328 3774 396; x_wconf 55' lang='lat'><strong>&quot;680</strong></span> 
     </span>
    </p>
   </div>
   <div class='ocr_carea' id='block_1_3' title="bbox 601 413 2180 506">
    <p class='ocr_par' dir='ltr' id='par_1_3' title="bbox 601 413 2180 486">
     <span class='ocr_line' id='line_1_3' title="bbox 601 413 2180 486; baseline 0.001 -15"><span class='ocrx_word' id='word_1_6' title='bbox 601 416 673 471; x_wconf 82' lang='lat' dir='ltr'><strong>iis</strong></span> <span class='ocrx_word' id='word_1_7' title='bbox 710 430 833 486; x_wconf 80' lang='lat' dir='ltr'><strong>quae</strong></span> <span class='ocrx_word' id='word_1_8' title='bbox 861 429 1047 470; x_wconf 84' lang='lat' dir='ltr'><strong>secum</strong></span> <span class='ocrx_word' id='word_1_9' title='bbox 1076 413 1234 469; x_wconf 80' lang='lat' dir='ltr'><strong>aﬁert</strong></span> <span class='ocrx_word' id='word_1_10' title='bbox 1263 414 1572 484; x_wconf 83' lang='lat' dir='ltr'><strong>episcopus,</strong></span> <span class='ocrx_word' id='word_1_11' title='bbox 1598 413 1678 469; x_wconf 97' lang='lat' dir='ltr'><strong>vel</strong></span> <span class='ocrx_word' id='word_1_12' title='bbox 1724 416 2063 484; x_wconf 89' lang='lat' dir='ltr'><strong>jumentum,</strong></span> <span class='ocrx_word' id='word_1_13' title='bbox 2098 420 2180 473; x_wconf 75' lang='lat' dir='ltr'><strong>vel</strong></span> 
     </span>
    </p>
   </div>
   <div class='ocr_carea' id='block_1_4' title="bbox 2280 413 3776 506">
    <p class='ocr_par' dir='ltr' id='par_1_4' title="bbox 2288 413 3776 506">
     <span class='ocr_line' id='line_1_4' title="bbox 2288 413 3776 506; baseline 0.002 -32"><span class='ocrx_word' id='word_1_14' title='bbox 2288 413 2364 474; x_wconf 79' lang='grc' dir='ltr'>ὧν</span> <span class='ocrx_word' id='word_1_15' title='bbox 2414 422 2730 492; x_wconf 74' lang='grc' dir='ltr'>ἐπιφέρεται</span> <span class='ocrx_word' id='word_1_16' title='bbox 2759 424 2788 476; x_wconf 87' lang='grc' dir='ltr'><strong>ό</strong></span> <span class='ocrx_word' id='word_1_17' title='bbox 2823 422 3121 487; x_wconf 73' lang='grc' dir='ltr'><strong>ἐπίσκοπος</strong></span> <span class='ocrx_word' id='word_1_18' title='bbox 3173 422 3292 494; x_wconf 79' lang='grc' dir='ltr'>μετ’</span> <span class='ocrx_word' id='word_1_19' title='bbox 3317 423 3491 494; x_wconf 73' lang='grc' dir='ltr'>αὐτοῦ,</span> <span class='ocrx_word' id='word_1_20' title='bbox 3530 429 3558 500; x_wconf 82' lang='grc' dir='ltr'>ἢ</span> <span class='ocrx_word' id='word_1_21' title='bbox 3607 436 3776 506; x_wconf 35' lang='lat' dir='ltr'><strong>nam.</strong></span> 
     </span>
    </p>
   </div>
   <div class='ocr_carea' id='block_1_5' title="bbox 595 507 2179 577">
    <p class='ocr_par' dir='ltr' id='par_1_5' title="bbox 595 507 2179 577">
     <span class='ocr_line' id='line_1_5' title="bbox 595 507 2179 577; baseline 0.002 -15"><span class='ocrx_word' id='word_1_22' title='bbox 595 508 837 577; x_wconf 78' lang='lat' dir='ltr'><strong>aliquam</strong></span> <span class='ocrx_word' id='word_1_23' title='bbox 869 523 982 561; x_wconf 89' lang='lat' dir='ltr'><strong>rem</strong></span> <span class='ocrx_word' id='word_1_24' title='bbox 1012 508 1173 561; x_wconf 87' lang='lat' dir='ltr'><strong>aliam</strong></span> <span class='ocrx_word' id='word_1_25' title='bbox 1204 517 1405 575; x_wconf 91' lang='lat' dir='ltr'><strong>petere.</strong></span> <span class='ocrx_word' id='word_1_26' title='bbox 1433 507 1489 561; x_wconf 98' lang='lat' dir='ltr'><strong>Si</strong></span> <span class='ocrx_word' id='word_1_27' title='bbox 1520 508 1663 562; x_wconf 89' lang='lat' dir='ltr'><strong>enim</strong></span> <span class='ocrx_word' id='word_1_28' title='bbox 1712 508 1817 563; x_wconf 88' lang='lat' dir='ltr'><strong>hoc</strong></span> <span class='ocrx_word' id='word_1_29' title='bbox 1845 507 2040 565; x_wconf 79' lang='lat' dir='ltr'><strong>fecisse</strong></span> <span class='ocrx_word' id='word_1_30' title='bbox 2070 509 2179 564; x_wconf 87' lang='lat' dir='ltr'><strong>dc-</strong></span> 
     </span>
    </p>
   </div>
   <div class='ocr_carea' id='block_1_6' title="bbox 598 598 1772 669">
    <p class='ocr_par' dir='ltr' id='par_1_6' title="bbox 598 598 1772 669">
     <span class='ocr_line' id='line_1_6' title="bbox 598 598 1772 669; baseline -0.002 -15"><span class='ocrx_word' id='word_1_31' title='bbox 598 600 908 669; x_wconf 85' lang='lat' dir='ltr'><strong>preheusus</strong></span> <span class='ocrx_word' id='word_1_32' title='bbox 949 598 1131 665; x_wconf 80' lang='lat' dir='ltr'><strong>fuerit,</strong></span> <span class='ocrx_word' id='word_1_33' title='bbox 1167 600 1355 654; x_wconf 87' lang='lat' dir='ltr'><strong>reddet</strong></span> <span class='ocrx_word' id='word_1_34' title='bbox 1387 599 1772 669; x_wconf 81' lang='lat' dir='ltr'><strong>quadruplum.</strong></span> 
     </span>
    </p>
   </div>
   <div class='ocr_carea' id='block_1_7' title="bbox 672 710 2176 781">
    <p class='ocr_par' dir='ltr' id='par_1_7' title="bbox 672 710 2176 781">
     <span class='ocr_line' id='line_1_7' title="bbox 672 710 2176 781; baseline 0.004 -17"><span class='ocrx_word' id='word_1_35' title='bbox 672 710 886 765; x_wconf 75' lang='lat' dir='ltr'><strong>Textus.</strong></span> <span class='ocrx_word' id='word_1_36' title='bbox 914 710 1102 766; x_wconf 88' lang='lat' dir='ltr'><strong>Const.</strong></span> <span class='ocrx_word' id='word_1_37' title='bbox 1135 711 1169 763; x_wconf 78' lang='lat'><strong>2</strong></span> <span class='ocrx_word' id='word_1_38' title='bbox 1207 720 1260 765; x_wconf 94' lang='lat' dir='ltr'><strong>et</strong></span> <span class='ocrx_word' id='word_1_39' title='bbox 1292 711 1379 777; x_wconf 77' lang='lat' dir='ltr'><strong>l7,</strong></span> <span class='ocrx_word' id='word_1_40' title='bbox 1416 712 1496 765; x_wconf 92' lang='lat' dir='ltr'><strong>tit.</strong></span> <span class='ocrx_word' id='word_1_41' title='bbox 1532 712 1557 766; x_wconf 81' lang='lat' dir='ltr'><strong>I</strong></span> <span class='ocrx_word' id='word_1_42' title='bbox 1592 712 1940 769; x_wconf 67' lang='lat' dir='ltr'><strong>Novellarum</strong></span> <span class='ocrx_word' id='word_1_43' title='bbox 1971 715 2176 781; x_wconf 86' lang='lat' dir='ltr'><strong>volunt,</strong></span> 
     </span>
    </p>
   </div>
   <div class='ocr_carea' id='block_1_8' title="bbox 600 802 2180 876">
    <p class='ocr_par' dir='ltr' id='par_1_8' title="bbox 600 802 2180 876">
     <span class='ocr_line' id='line_1_8' title="bbox 600 802 2180 876; baseline 0.004 -22"><span class='ocrx_word' id='word_1_44' title='bbox 600 808 661 855; x_wconf 83' lang='lat' dir='ltr'><strong>ut</strong></span> <span class='ocrx_word' id='word_1_45' title='bbox 697 802 861 856; x_wconf 88' lang='lat' dir='ltr'><strong>semel</strong></span> <span class='ocrx_word' id='word_1_46' title='bbox 910 811 1003 856; x_wconf 88' lang='lat' dir='ltr'><strong>aut</strong></span> <span class='ocrx_word' id='word_1_47' title='bbox 1035 803 1118 857; x_wconf 89' lang='lat' dir='ltr'><strong>bis</strong></span> <span class='ocrx_word' id='word_1_48' title='bbox 1164 803 1459 872; x_wconf 89' lang='lat' dir='ltr'><strong>quotannis</strong></span> <span class='ocrx_word' id='word_1_49' title='bbox 1508 802 1586 874; x_wconf 71' lang='lat' dir='ltr'><strong>[in</strong></span> <span class='ocrx_word' id='word_1_50' title='bbox 1635 804 1844 876; x_wconf 85' lang='lat' dir='ltr'><strong>mense]</strong></span> <span class='ocrx_word' id='word_1_51' title='bbox 1894 805 2055 859; x_wconf 87' lang='lat' dir='ltr'><strong>Junio</strong></span> <span class='ocrx_word' id='word_1_52' title='bbox 2085 816 2180 862; x_wconf 85' lang='lat' dir='ltr'><strong>aut</strong></span> 
     </span>
    </p>
   </div>
   <div class='ocr_carea' id='block_1_9' title="bbox 607 894 2175 968">
    <p class='ocr_par' dir='ltr' id='par_1_9' title="bbox 607 894 2175 968">
     <span class='ocr_line' id='line_1_9' title="bbox 607 894 2175 968; baseline 0.004 -19"><span class='ocrx_word' id='word_1_53' title='bbox 607 894 935 966; x_wconf 78' lang='lat' dir='ltr'><strong>Septembri,</strong></span> <span class='ocrx_word' id='word_1_54' title='bbox 996 896 1537 965; x_wconf 90' lang='lat' dir='ltr'><strong>metropolitanorum</strong></span> <span class='ocrx_word' id='word_1_55' title='bbox 1613 900 1753 966; x_wconf 90' lang='lat' dir='ltr'><strong>apud</strong></span> <span class='ocrx_word' id='word_1_56' title='bbox 1814 900 2175 968; x_wconf 80' lang='lat' dir='ltr'><strong>patriarchas,</strong></span> 
     </span>
    </p>
   </div>
   <div class='ocr_carea' id='block_1_10' title="bbox 603 990 2179 1059">
    <p class='ocr_par' dir='ltr' id='par_1_10' title="bbox 603 990 2179 1059">
     <span class='ocr_line' id='line_1_10' title="bbox 603 990 2179 1059; baseline 0.004 -18"><span class='ocrx_word' id='word_1_57' title='bbox 603 996 659 1041; x_wconf 81' lang='lat' dir='ltr'><strong>et</strong></span> <span class='ocrx_word' id='word_1_58' title='bbox 710 990 1090 1057; x_wconf 83' lang='lat' dir='ltr'><strong>episcoporum</strong></span> <span class='ocrx_word' id='word_1_59' title='bbox 1148 990 1287 1058; x_wconf 88' lang='lat' dir='ltr'><strong>apud</strong></span> <span class='ocrx_word' id='word_1_60' title='bbox 1338 991 1791 1059; x_wconf 88' lang='lat' dir='ltr'><strong>metropolitanos</strong></span> <span class='ocrx_word' id='word_1_61' title='bbox 1837 992 2179 1047; x_wconf 81' lang='lat' dir='ltr'><strong>celebrentur</strong></span> 
     </span>
    </p>
   </div>
   <div class='ocr_carea' id='block_1_11' title="bbox 600 1080 2175 1159">
    <p class='ocr_par' dir='ltr' id='par_1_11' title="bbox 600 1080 2175 1159">
     <span class='ocr_line' id='line_1_11' title="bbox 600 1080 2175 1159; baseline 0.004 -26"><span class='ocrx_word' id='word_1_62' title='bbox 600 1080 816 1149; x_wconf 86' lang='lat' dir='ltr'><strong>synodi,</strong></span> <span class='ocrx_word' id='word_1_63' title='bbox 849 1081 1009 1148; x_wconf 78' lang='lat'><strong>212</strong></span> <span class='ocrx_word' id='word_1_64' title='bbox 1032 1082 1085 1133; x_wconf 92' lang='lat' dir='ltr'><strong>in</strong></span> <span class='ocrx_word' id='word_1_65' title='bbox 1112 1081 1311 1149; x_wconf 88' lang='lat' dir='ltr'><strong>quibus</strong></span> <span class='ocrx_word' id='word_1_66' title='bbox 1341 1097 1699 1159; x_wconf 69' lang='lat' dir='ltr'><strong>causae,quas</strong></span> <span class='ocrx_word' id='word_1_67' title='bbox 1716 1084 2175 1154; x_wconf 86' lang='lat' dir='ltr'><strong>episcopi,clerici</strong></span> 
     </span>
    </p>
   </div>
   <div class='ocr_carea' id='block_1_12' title="bbox 600 1170 2179 1240">
    <p class='ocr_par' dir='ltr' id='par_1_12' title="bbox 600 1170 2179 1240">
     <span class='ocr_line' id='line_1_12' title="bbox 600 1170 2179 1240; baseline 0.003 -16"><span class='ocrx_word' id='word_1_68' title='bbox 600 1180 653 1224; x_wconf 88' lang='lat' dir='ltr'><strong>et</strong></span> <span class='ocrx_word' id='word_1_69' title='bbox 694 1172 947 1224; x_wconf 87' lang='lat' dir='ltr'><strong>monachi</strong></span> <span class='ocrx_word' id='word_1_70' title='bbox 1004 1170 1267 1225; x_wconf 85' lang='lat' dir='ltr'><strong>adversus</strong></span> <span class='ocrx_word' id='word_1_71' title='bbox 1308 1188 1367 1225; x_wconf 90' lang='lat' dir='ltr'><strong>se</strong></span> <span class='ocrx_word' id='word_1_72' title='bbox 1409 1172 1642 1227; x_wconf 86' lang='lat' dir='ltr'><strong>invicem</strong></span> <span class='ocrx_word' id='word_1_73' title='bbox 1702 1173 1921 1240; x_wconf 84' lang='lat' dir='ltr'><strong>habent,</strong></span> <span class='ocrx_word' id='word_1_74' title='bbox 1979 1178 2179 1229; x_wconf 79' lang='lat' dir='ltr'><strong>exami-</strong></span> 
     </span>
    </p>
   </div>
   <div class='ocr_carea' id='block_1_13' title="bbox 602 1262 2176 1329">
    <p class='ocr_par' dir='ltr' id='par_1_13' title="bbox 602 1262 2176 1329">
     <span class='ocr_line' id='line_1_13' title="bbox 602 1262 2176 1329; baseline 0.006 -14"><span class='ocrx_word' id='word_1_75' title='bbox 602 1270 843 1317; x_wconf 81' lang='lat' dir='ltr'><strong>nentur:</strong></span> <span class='ocrx_word' id='word_1_76' title='bbox 902 1271 956 1315; x_wconf 89' lang='lat' dir='ltr'><strong>et</strong></span> <span class='ocrx_word' id='word_1_77' title='bbox 1010 1262 1076 1316; x_wconf 91' lang='lat' dir='ltr'><strong>de</strong></span> <span class='ocrx_word' id='word_1_78' title='bbox 1126 1262 1249 1329; x_wconf 89' lang='lat' dir='ltr'><strong>ﬁde,</strong></span> <span class='ocrx_word' id='word_1_79' title='bbox 1313 1266 1642 1328; x_wconf 88' lang='lat' dir='ltr'><strong>canonibus,</strong></span> <span class='ocrx_word' id='word_1_80' title='bbox 1696 1280 1761 1320; x_wconf 92' lang='lat' dir='ltr'><strong>ac</strong></span> <span class='ocrx_word' id='word_1_81' title='bbox 1790 1266 2176 1324; x_wconf 84' lang='lat' dir='ltr'><strong>ecclesiasticis</strong></span> 
     </span>
    </p>
   </div>
   <div class='ocr_carea' id='block_1_14' title="bbox 603 1353 2174 1429">
    <p class='ocr_par' dir='ltr' id='par_1_14' title="bbox 603 1353 2174 1429">
     <span class='ocr_line' id='line_1_14' title="bbox 603 1353 2174 1429; baseline 0.004 -22"><span class='ocrx_word' id='word_1_82' title='bbox 603 1353 833 1421; x_wconf 84' lang='lat' dir='ltr'><strong>aliisque</strong></span> <span class='ocrx_word' id='word_1_83' title='bbox 860 1355 1022 1409; x_wconf 91' lang='lat' dir='ltr'><strong>rebus</strong></span> <span class='ocrx_word' id='word_1_84' title='bbox 1058 1353 1365 1426; x_wconf 77' lang='lat' dir='ltr'><strong>[tractetur]</strong></span> <span class='ocrx_word' id='word_1_85' title='bbox 1405 1374 1418 1410; x_wconf 87' lang='lat'><strong>:</strong></span> <span class='ocrx_word' id='word_1_86' title='bbox 1463 1358 1701 1429; x_wconf 88' lang='lat' dir='ltr'><strong>denique</strong></span> <span class='ocrx_word' id='word_1_87' title='bbox 1740 1374 1860 1429; x_wconf 69' lang='lat' dir='ltr'><strong>quae</strong></span> <span class='ocrx_word' id='word_1_88' title='bbox 1889 1360 2174 1414; x_wconf 78' lang='lat' dir='ltr'><strong>adversum</strong></span> 
     </span>
    </p>
   </div>
   <div class='ocr_carea' id='block_1_15' title="bbox 602 1449 2173 1524">
    <p class='ocr_par' dir='ltr' id='par_1_15' title="bbox 602 1449 2173 1524">
     <span class='ocr_line' id='line_1_15' title="bbox 602 1449 2173 1524; baseline 0.004 -26"><span class='ocrx_word' id='word_1_89' title='bbox 602 1460 843 1500; x_wconf 83' lang='lat' dir='ltr'><strong>canones</strong></span> <span class='ocrx_word' id='word_1_90' title='bbox 898 1449 1194 1503; x_wconf 86' lang='lat' dir='ltr'><strong>commissa</strong></span> <span class='ocrx_word' id='word_1_91' title='bbox 1249 1461 1398 1512; x_wconf 91' lang='lat' dir='ltr'><strong>sunt,</strong></span> <span class='ocrx_word' id='word_1_92' title='bbox 1464 1452 1829 1521; x_wconf 79' lang='lat' dir='ltr'><strong>corrigantur.</strong></span> <span class='ocrx_word' id='word_1_93' title='bbox 1887 1452 2039 1523; x_wconf 84' lang='lat' dir='ltr'><strong>[Item</strong></span> <span class='ocrx_word' id='word_1_94' title='bbox 2094 1451 2173 1524; x_wconf 90' lang='lat' dir='ltr'><strong>ut]</strong></span> 
     </span>
    </p>
   </div>
   <div class='ocr_carea' id='block_1_16' title="bbox 602 1535 2177 1608">
    <p class='ocr_par' dir='ltr' id='par_1_16' title="bbox 602 1535 2177 1608">
     <span class='ocr_line' id='line_1_16' title="bbox 602 1535 2177 1608; baseline 0.006 -25"><span class='ocrx_word' id='word_1_95' title='bbox 602 1535 863 1601; x_wconf 68' lang='lat' dir='ltr'><strong>praasules</strong></span> <span class='ocrx_word' id='word_1_96' title='bbox 902 1550 1203 1603; x_wconf 88' lang='lat' dir='ltr'><strong>eorumque</strong></span> <span class='ocrx_word' id='word_1_97' title='bbox 1245 1536 1517 1603; x_wconf 88' lang='lat' dir='ltr'><strong>cohortes,</strong></span> <span class='ocrx_word' id='word_1_98' title='bbox 1568 1538 1677 1591; x_wconf 90' lang='lat' dir='ltr'><strong>nisi</strong></span> <span class='ocrx_word' id='word_1_99' title='bbox 1728 1539 2177 1608; x_wconf 81' lang='lat' dir='ltr'><strong>ntetrOpoIitanus</strong></span> 
     </span>
    </p>
   </div>
   <div class='ocr_carea' id='block_1_17' title="bbox 599 1627 2175 1698">
    <p class='ocr_par' dir='ltr' id='par_1_17' title="bbox 599 1627 2175 1698">
     <span class='ocr_line' id='line_1_17' title="bbox 599 1627 2175 1698; baseline 0.005 -21"><span class='ocrx_word' id='word_1_100' title='bbox 599 1634 653 1678; x_wconf 87' lang='lat' dir='ltr'><strong>et</strong></span> <span class='ocrx_word' id='word_1_101' title='bbox 680 1627 967 1694; x_wconf 79' lang='lat' dir='ltr'><strong>episcopos</strong></span> <span class='ocrx_word' id='word_1_102' title='bbox 1004 1629 1242 1697; x_wconf 81' lang='lat' dir='ltr'><strong>synodos</strong></span> <span class='ocrx_word' id='word_1_103' title='bbox 1270 1629 1543 1685; x_wconf 87' lang='lat' dir='ltr'><strong>celebrare</strong></span> <span class='ocrx_word' id='word_1_104' title='bbox 1587 1632 2053 1698; x_wconf 84' lang='lat' dir='ltr'><strong>procrastinantes</strong></span> <span class='ocrx_word' id='word_1_105' title='bbox 2085 1649 2175 1686; x_wconf 90' lang='lat' dir='ltr'><strong>ur-</strong></span> 
     </span>
    </p>
   </div>
   <div class='ocr_carea' id='block_1_18' title="bbox 601 1719 2178 1794">
    <p class='ocr_par' dir='ltr' id='par_1_18' title="bbox 601 1719 2178 1794">
     <span class='ocr_line' id='line_1_18' title="bbox 601 1719 2178 1794; baseline 0.006 -24"><span class='ocrx_word' id='word_1_106' title='bbox 601 1726 782 1785; x_wconf 74' lang='lat' dir='ltr'><strong>geant,</strong></span> <span class='ocrx_word' id='word_1_107' title='bbox 830 1727 923 1771; x_wconf 88' lang='lat' dir='ltr'><strong>aut</strong></span> <span class='ocrx_word' id='word_1_108' title='bbox 976 1719 1289 1788; x_wconf 63' lang='lat' dir='ltr'><strong>imperatori</strong></span> <span class='ocrx_word' id='word_1_109' title='bbox 1338 1720 1478 1793; x_wconf 89' lang='lat' dir='ltr'><strong>[eam</strong></span> <span class='ocrx_word' id='word_1_110' title='bbox 1524 1721 1662 1793; x_wconf 88' lang='lat' dir='ltr'><strong>rem]</strong></span> <span class='ocrx_word' id='word_1_111' title='bbox 1713 1723 2037 1794; x_wconf 79' lang='lat' dir='ltr'><strong>signiﬁcent,</strong></span> <span class='ocrx_word' id='word_1_112' title='bbox 2092 1741 2178 1780; x_wconf 83' lang='lat' dir='ltr'><strong>su-</strong></span> 
     </span>
    </p>
   </div>
   <div class='ocr_carea' id='block_1_19' title="bbox 602 1810 1437 1880">
    <p class='ocr_par' dir='ltr' id='par_1_19' title="bbox 602 1810 1437 1880">
     <span class='ocr_line' id='line_1_19' title="bbox 602 1810 1437 1880; baseline 0.007 -21"><span class='ocrx_word' id='word_1_113' title='bbox 602 1822 789 1876; x_wconf 86' lang='lat' dir='ltr'><strong>premo</strong></span> <span class='ocrx_word' id='word_1_114' title='bbox 816 1810 1123 1865; x_wconf 84' lang='lat' dir='ltr'><strong>alliciantur</strong></span> <span class='ocrx_word' id='word_1_115' title='bbox 1146 1813 1437 1880; x_wconf 88' lang='lat' dir='ltr'><strong>supplicio.</strong></span> 
     </span>
    </p>
   </div>
   <div class='ocr_carea' id='block_1_20' title="bbox 674 1900 2178 1978">
    <p class='ocr_par' dir='ltr' id='par_1_20' title="bbox 674 1900 2178 1978">
     <span class='ocr_line' id='line_1_20' title="bbox 674 1900 2178 1978; baseline 0.009 -26"><span class='ocrx_word' id='word_1_116' title='bbox 674 1900 824 1955; x_wconf 84' lang='lat' dir='ltr'><strong>CAP.</strong></span> <span class='ocrx_word' id='word_1_117' title='bbox 873 1901 963 1956; x_wconf 76' lang='lat' dir='ltr'><strong>IX.</strong></span> <span class='ocrx_word' id='word_1_118' title='bbox 1012 1932 1083 1943; x_wconf 88' lang='lat'><strong>--</strong></span> <span class='ocrx_word' id='word_1_119' title='bbox 1124 1904 1203 1957; x_wconf 77' lang='lat' dir='ltr'><strong>Ne</strong></span> <span class='ocrx_word' id='word_1_120' title='bbox 1256 1918 1449 1959; x_wconf 86' lang='lat' dir='ltr'><strong>temere</strong></span> <span class='ocrx_word' id='word_1_121' title='bbox 1498 1909 1769 1978; x_wconf 82' lang='lat' dir='ltr'><strong>episcopus</strong></span> <span class='ocrx_word' id='word_1_122' title='bbox 1822 1920 1914 1964; x_wconf 88' lang='lat' dir='ltr'><strong>aut</strong></span> <span class='ocrx_word' id='word_1_123' title='bbox 1960 1911 2178 1965; x_wconf 74' lang='lat' dir='ltr'><strong>clericus</strong></span> 
     </span>
    </p>
   </div>
   <div class='ocr_carea' id='block_1_21' title="bbox 602 1990 1293 2063">
    <p class='ocr_par' dir='ltr' id='par_1_21' title="bbox 602 1990 1293 2063">
     <span class='ocr_line' id='line_1_21' title="bbox 602 1990 1293 2063; baseline 0.007 -20"><span class='ocrx_word' id='word_1_124' title='bbox 602 1990 746 2058; x_wconf 77' lang='lat' dir='ltr'><strong>ﬁlios</strong></span> <span class='ocrx_word' id='word_1_125' title='bbox 787 2008 909 2045; x_wconf 89' lang='lat' dir='ltr'><strong>suos</strong></span> <span class='ocrx_word' id='word_1_126' title='bbox 944 1996 1293 2063; x_wconf 82' lang='lat' dir='ltr'><strong>emancipent.</strong></span> 
     </span>
    </p>
   </div>
   <div class='ocr_carea' id='block_1_22' title="bbox 881 2083 1891 2156">
    <p class='ocr_par' dir='ltr' id='par_1_22' title="bbox 881 2083 1891 2156">
     <span class='ocr_line' id='line_1_22' title="bbox 881 2083 1891 2156; baseline 0.009 -20"><span class='ocrx_word' id='word_1_127' title='bbox 881 2083 1105 2136; x_wconf 84' lang='lat' dir='ltr'><strong>Concilii</strong></span> <span class='ocrx_word' id='word_1_128' title='bbox 1136 2085 1567 2156; x_wconf 70' lang='lat' dir='ltr'><strong>Cartliaginensis</strong></span> <span class='ocrx_word' id='word_1_129' title='bbox 1604 2106 1771 2144; x_wconf 80' lang='lat' dir='ltr'><strong>canon</strong></span> <span class='ocrx_word' id='word_1_130' title='bbox 1804 2092 1891 2145; x_wconf 78' lang='lat'><strong>55.</strong></span> 
     </span>
    </p>
   </div>
   <div class='ocr_carea' id='block_1_23' title="bbox 692 2174 2181 2252">
    <p class='ocr_par' dir='ltr' id='par_1_23' title="bbox 692 2174 2181 2252">
     <span class='ocr_line' id='line_1_23' title="bbox 692 2174 2181 2252; baseline 0.007 -24"><span class='ocrx_word' id='word_1_131' title='bbox 692 2174 760 2229; x_wconf 89' lang='lat' dir='ltr'><strong>Ut</strong></span> <span class='ocrx_word' id='word_1_132' title='bbox 819 2179 1072 2247; x_wconf 72' lang='lat' dir='ltr'><strong>episcopi,</strong></span> <span class='ocrx_word' id='word_1_133' title='bbox 1139 2178 1216 2232; x_wconf 80' lang='lat' dir='ltr'><strong>vel</strong></span> <span class='ocrx_word' id='word_1_134' title='bbox 1266 2180 1447 2234; x_wconf 83' lang='lat' dir='ltr'><strong>clerici</strong></span> <span class='ocrx_word' id='word_1_135' title='bbox 1510 2198 1609 2235; x_wconf 88' lang='lat' dir='ltr'><strong>non</strong></span> <span class='ocrx_word' id='word_1_136' title='bbox 1670 2184 1827 2251; x_wconf 76' lang='lat' dir='ltr'><strong>facile</strong></span> <span class='ocrx_word' id='word_1_137' title='bbox 1869 2184 2007 2252; x_wconf 78' lang='lat' dir='ltr'><strong>filios</strong></span> <span class='ocrx_word' id='word_1_138' title='bbox 2056 2201 2181 2238; x_wconf 85' lang='lat' dir='ltr'><strong>suos</strong></span> 
     </span>
    </p>
   </div>
   <div class='ocr_carea' id='block_1_24' title="bbox 601 2282 949 2333">
    <p class='ocr_par' dir='ltr' id='par_1_24' title="bbox 601 2282 949 2333">
     <span class='ocr_line' id='line_1_24' title="bbox 601 2282 949 2333; baseline 0.009 -14"><span class='ocrx_word' id='word_1_139' title='bbox 601 2282 949 2333; x_wconf 76' lang='lat' dir='ltr'><strong>entancrpent.</strong></span> 
     </span>
    </p>
   </div>
   <div class='ocr_carea' id='block_1_25' title="bbox 671 2354 2180 2431">
    <p class='ocr_par' dir='ltr' id='par_1_25' title="bbox 671 2354 2180 2431">
     <span class='ocr_line' id='line_1_25' title="bbox 671 2354 2180 2431; baseline 0.008 -22"><span class='ocrx_word' id='word_1_140' title='bbox 671 2356 762 2410; x_wconf 77' lang='lat'><strong>35.</strong></span> <span class='ocrx_word' id='word_1_141' title='bbox 802 2354 870 2410; x_wconf 89' lang='lat' dir='ltr'><strong>Ut</strong></span> <span class='ocrx_word' id='word_1_142' title='bbox 918 2358 1157 2428; x_wconf 82' lang='lat' dir='ltr'><strong>episcopi</strong></span> <span class='ocrx_word' id='word_1_143' title='bbox 1186 2358 1232 2392; x_wconf 83' lang='grc'><strong>⁸⁹</strong></span> <span class='ocrx_word' id='word_1_144' title='bbox 1269 2361 1384 2431; x_wconf 83' lang='grc'>(65)</span> <span class='ocrx_word' id='word_1_145' title='bbox 1425 2362 1508 2415; x_wconf 86' lang='lat' dir='ltr'><strong>vel</strong></span> <span class='ocrx_word' id='word_1_146' title='bbox 1560 2364 1740 2419; x_wconf 88' lang='lat' dir='ltr'><strong>clerici</strong></span> <span class='ocrx_word' id='word_1_147' title='bbox 1771 2364 1910 2420; x_wconf 91' lang='lat' dir='ltr'><strong>ﬁlios</strong></span> <span class='ocrx_word' id='word_1_148' title='bbox 1960 2381 2090 2421; x_wconf 89' lang='lat' dir='ltr'><strong>suos</strong></span> <span class='ocrx_word' id='word_1_149' title='bbox 2150 2383 2180 2421; x_wconf 87' lang='lat' dir='ltr'><strong>a</strong></span> 
     </span>
    </p>
   </div>
   <div class='ocr_carea' id='block_1_26' title="bbox 601 2452 2181 2520">
    <p class='ocr_par' dir='ltr' id='par_1_26' title="bbox 601 2452 2181 2520">
     <span class='ocr_line' id='line_1_26' title="bbox 601 2452 2181 2520; baseline 0.006 -20"><span class='ocrx_word' id='word_1_150' title='bbox 601 2461 699 2500; x_wconf 85' lang='lat' dir='ltr'><strong>sua</strong></span> <span class='ocrx_word' id='word_1_151' title='bbox 748 2458 1017 2516; x_wconf 83' lang='lat' dir='ltr'><strong>potestate</strong></span> <span class='ocrx_word' id='word_1_152' title='bbox 1066 2464 1162 2517; x_wconf 89' lang='lat' dir='ltr'><strong>per</strong></span> <span class='ocrx_word' id='word_1_153' title='bbox 1205 2452 1692 2520; x_wconf 85' lang='lat' dir='ltr'><strong>emancipationem</strong></span> <span class='ocrx_word' id='word_1_154' title='bbox 1750 2456 1900 2509; x_wconf 83' lang='lat' dir='ltr'><strong>exire</strong></span> <span class='ocrx_word' id='word_1_155' title='bbox 1952 2472 2057 2509; x_wconf 91' lang='lat' dir='ltr'><strong>non</strong></span> <span class='ocrx_word' id='word_1_156' title='bbox 2104 2458 2181 2511; x_wconf 83' lang='lat' dir='ltr'><strong>si-</strong></span> 
     </span>
    </p>
   </div>
   <div class='ocr_carea' id='block_1_27' title="bbox 604 2537 2183 2602">
    <p class='ocr_par' dir='ltr' id='par_1_27' title="bbox 604 2537 2183 2602">
     <span class='ocr_line' id='line_1_27' title="bbox 604 2537 2183 2602; baseline 0.008 -14"><span class='ocrx_word' id='word_1_157' title='bbox 604 2547 756 2602; x_wconf 83' lang='lat' dir='ltr'><strong>nant,</strong></span> <span class='ocrx_word' id='word_1_158' title='bbox 794 2537 898 2590; x_wconf 89' lang='lat' dir='ltr'><strong>nisi</strong></span> <span class='ocrx_word' id='word_1_159' title='bbox 948 2539 1014 2592; x_wconf 88' lang='lat' dir='ltr'><strong>de</strong></span> <span class='ocrx_word' id='word_1_160' title='bbox 1056 2538 1303 2593; x_wconf 88' lang='lat' dir='ltr'><strong>moribus</strong></span> <span class='ocrx_word' id='word_1_161' title='bbox 1343 2554 1533 2593; x_wconf 89' lang='lat' dir='ltr'><strong>eorum</strong></span> <span class='ocrx_word' id='word_1_162' title='bbox 1577 2540 1780 2596; x_wconf 76' lang='lat' dir='ltr'><strong>fuerint</strong></span> <span class='ocrx_word' id='word_1_163' title='bbox 1819 2554 1872 2598; x_wconf 89' lang='lat' dir='ltr'><strong>ct</strong></span> <span class='ocrx_word' id='word_1_164' title='bbox 1914 2548 1980 2599; x_wconf 84' lang='lat' dir='ltr'><strong>de</strong></span> <span class='ocrx_word' id='word_1_165' title='bbox 2027 2556 2183 2600; x_wconf 82' lang='lat' dir='ltr'><strong>a-tate</strong></span> 
     </span>
    </p>
   </div>
   <div class='ocr_carea' id='block_1_28' title="bbox 600 2629 2183 2706">
    <p class='ocr_par' dir='ltr' id='par_1_28' title="bbox 600 2629 2183 2706">
     <span class='ocr_line' id='line_1_28' title="bbox 600 2629 2183 2706; baseline 0.007 -24"><span class='ocrx_word' id='word_1_166' title='bbox 600 2629 814 2693; x_wconf 85' lang='lat' dir='ltr'><strong>securi,</strong></span> <span class='ocrx_word' id='word_1_167' title='bbox 858 2638 917 2683; x_wconf 95' lang='lat' dir='ltr'><strong>ut</strong></span> <span class='ocrx_word' id='word_1_168' title='bbox 961 2631 1171 2699; x_wconf 76' lang='lat' dir='ltr'><strong>possint</strong></span> <span class='ocrx_word' id='word_1_169' title='bbox 1218 2630 1287 2684; x_wconf 86' lang='lat' dir='ltr'><strong>ad</strong></span> <span class='ocrx_word' id='word_1_170' title='bbox 1334 2645 1431 2686; x_wconf 82' lang='lat' dir='ltr'><strong>eos</strong></span> <span class='ocrx_word' id='word_1_171' title='bbox 1474 2631 1588 2704; x_wconf 86' lang='lat' dir='ltr'><strong>jam</strong></span> <span class='ocrx_word' id='word_1_172' title='bbox 1643 2637 1863 2705; x_wconf 84' lang='lat' dir='ltr'><strong>prOpria</strong></span> <span class='ocrx_word' id='word_1_173' title='bbox 1913 2638 2183 2706; x_wconf 83' lang='lat' dir='ltr'><strong>pertinere</strong></span> 
     </span>
    </p>
   </div>
   <div class='ocr_carea' id='block_1_29' title="bbox 601 2730 843 2789">
    <p class='ocr_par' dir='ltr' id='par_1_29' title="bbox 601 2730 843 2789">
     <span class='ocr_line' id='line_1_29' title="bbox 601 2730 843 2789; baseline 0 -16"><span class='ocrx_word' id='word_1_174' title='bbox 601 2730 843 2789; x_wconf 88' lang='lat' dir='ltr'><strong>peccata.</strong></span> 
     </span>
    </p>
   </div>
   <div class='ocr_carea' id='block_1_30' title="bbox 671 2810 2183 2887">
    <p class='ocr_par' dir='ltr' id='par_1_30' title="bbox 671 2810 2183 2887">
     <span class='ocr_line' id='line_1_30' title="bbox 671 2810 2183 2887; baseline 0.007 -22"><span class='ocrx_word' id='word_1_175' title='bbox 671 2810 827 2865; x_wconf 79' lang='lat' dir='ltr'><strong>CAP.</strong></span> <span class='ocrx_word' id='word_1_176' title='bbox 874 2811 940 2866; x_wconf 84' lang='lat' dir='ltr'><strong>X.</strong></span> <span class='ocrx_word' id='word_1_177' title='bbox 972 2842 1045 2852; x_wconf 92' lang='grc'><strong><em>--</em></strong></span> <span class='ocrx_word' id='word_1_178' title='bbox 1070 2814 1344 2878; x_wconf 87' lang='lat' dir='ltr'><strong>Quomodo</strong></span> <span class='ocrx_word' id='word_1_179' title='bbox 1387 2817 1615 2886; x_wconf 73' lang='lat' dir='ltr'><strong>episcopi</strong></span> <span class='ocrx_word' id='word_1_180' title='bbox 1663 2825 1897 2887; x_wconf 82' lang='lat' dir='ltr'><strong>repetant</strong></span> <span class='ocrx_word' id='word_1_181' title='bbox 1929 2818 2030 2873; x_wconf 86' lang='lat' dir='ltr'><strong>sibi</strong></span> <span class='ocrx_word' id='word_1_182' title='bbox 2068 2820 2183 2875; x_wconf 86' lang='lat' dir='ltr'><strong>loca</strong></span> 
     </span>
    </p>
   </div>
   <div class='ocr_carea' id='block_1_31' title="bbox 602 2899 1257 2969">
    <p class='ocr_par' dir='ltr' id='par_1_31' title="bbox 602 2899 1257 2969">
     <span class='ocr_line' id='line_1_31' title="bbox 602 2899 1257 2969; baseline 0.005 -17"><span class='ocrx_word' id='word_1_183' title='bbox 602 2900 667 2952; x_wconf 82' lang='lat' dir='ltr'><strong>ab</strong></span> <span class='ocrx_word' id='word_1_184' title='bbox 695 2899 953 2954; x_wconf 74' lang='lat' dir='ltr'><strong>Itwreticis</strong></span> <span class='ocrx_word' id='word_1_185' title='bbox 984 2912 1257 2969; x_wconf 84' lang='lat' dir='ltr'><strong>occupata.</strong></span> 
     </span>
    </p>
   </div>
   <div class='ocr_carea' id='block_1_32' title="bbox 867 3078 1915 3147">
    <p class='ocr_par' dir='ltr' id='par_1_32' title="bbox 867 3078 1915 3147">
     <span class='ocr_line' id='line_1_32' title="bbox 867 3078 1915 3147; baseline 0.003 -16"><span class='ocrx_word' id='word_1_186' title='bbox 867 3078 1094 3131; x_wconf 80' lang='lat' dir='ltr'><strong>Concilii</strong></span> <span class='ocrx_word' id='word_1_187' title='bbox 1129 3080 1556 3147; x_wconf 76' lang='lat' dir='ltr'><strong>Cartliaginensis</strong></span> <span class='ocrx_word' id='word_1_188' title='bbox 1591 3097 1760 3134; x_wconf 85' lang='lat' dir='ltr'><strong>canon</strong></span> <span class='ocrx_word' id='word_1_189' title='bbox 1793 3081 1915 3134; x_wconf 69' lang='grc'><strong>121.</strong></span> 
     </span>
    </p>
   </div>
   <div class='ocr_carea' id='block_1_33' title="bbox 672 3170 2017 3245">
    <p class='ocr_par' dir='ltr' id='par_1_33' title="bbox 672 3170 2017 3245">
     <span class='ocr_line' id='line_1_33' title="bbox 672 3170 2017 3245; baseline 0.004 -20"><span class='ocrx_word' id='word_1_190' title='bbox 672 3170 752 3225; x_wconf 88' lang='lat' dir='ltr'><strong>De</strong></span> <span class='ocrx_word' id='word_1_191' title='bbox 778 3172 859 3225; x_wconf 83' lang='lat' dir='ltr'><strong>his</strong></span> <span class='ocrx_word' id='word_1_192' title='bbox 888 3174 976 3242; x_wconf 86' lang='lat' dir='ltr'><strong>qui</strong></span> <span class='ocrx_word' id='word_1_193' title='bbox 1000 3172 1169 3241; x_wconf 81' lang='lat' dir='ltr'><strong>plebes</strong></span> <span class='ocrx_word' id='word_1_194' title='bbox 1201 3174 1267 3225; x_wconf 79' lang='lat' dir='ltr'><strong>ad</strong></span> <span class='ocrx_word' id='word_1_195' title='bbox 1300 3191 1352 3226; x_wconf 90' lang='lat' dir='ltr'><strong>se</strong></span> <span class='ocrx_word' id='word_1_196' title='bbox 1385 3176 1700 3243; x_wconf 81' lang='lat' dir='ltr'><strong>pertinentes</strong></span> <span class='ocrx_word' id='word_1_197' title='bbox 1729 3177 2017 3245; x_wconf 79' lang='lat' dir='ltr'><strong>negligant.</strong></span> 
     </span>
    </p>
   </div>
   <div class='ocr_carea' id='block_1_34' title="bbox 676 3376 2181 3447">
    <p class='ocr_par' dir='ltr' id='par_1_34' title="bbox 676 3376 2181 3447">
     <span class='ocr_line' id='line_1_34' title="bbox 676 3376 2181 3447; baseline 0.001 -17"><span class='ocrx_word' id='word_1_198' title='bbox 676 3376 799 3430; x_wconf 73' lang='grc'><strong>121.</strong></span> <span class='ocrx_word' id='word_1_199' title='bbox 822 3376 953 3431; x_wconf 88' lang='lat' dir='ltr'><strong>Item</strong></span> <span class='ocrx_word' id='word_1_200' title='bbox 990 3376 1295 3447; x_wconf 77' lang='lat' dir='ltr'><strong>placuit”,</strong></span> <span class='ocrx_word' id='word_1_201' title='bbox 1329 3385 1388 3431; x_wconf 89' lang='lat' dir='ltr'><strong>ut</strong></span> <span class='ocrx_word' id='word_1_202' title='bbox 1416 3377 1725 3447; x_wconf 89' lang='lat' dir='ltr'><strong>quicunque</strong></span> <span class='ocrx_word' id='word_1_203' title='bbox 1764 3378 2041 3447; x_wconf 74' lang='lat' dir='ltr'><strong>negligunt</strong></span> <span class='ocrx_word' id='word_1_204' title='bbox 2067 3377 2181 3431; x_wconf 86' lang='lat' dir='ltr'><strong>loca</strong></span> 
     </span>
    </p>
   </div>
   <div class='ocr_carea' id='block_1_35' title="bbox 602 3470 2179 3539">
    <p class='ocr_par' dir='ltr' id='par_1_35' title="bbox 602 3470 2179 3539">
     <span class='ocr_line' id='line_1_35' title="bbox 602 3470 2179 3539; baseline -0.002 -13"><span class='ocrx_word' id='word_1_205' title='bbox 602 3472 668 3526; x_wconf 88' lang='lat' dir='ltr'><strong>ad</strong></span> <span class='ocrx_word' id='word_1_206' title='bbox 722 3485 878 3525; x_wconf 88' lang='lat' dir='ltr'><strong>suam</strong></span> <span class='ocrx_word' id='word_1_207' title='bbox 936 3471 1252 3525; x_wconf 86' lang='lat' dir='ltr'><strong>cathedram</strong></span> <span class='ocrx_word' id='word_1_208' title='bbox 1315 3472 1661 3539; x_wconf 84' lang='lat' dir='ltr'><strong>pertinentia,</strong></span> <span class='ocrx_word' id='word_1_209' title='bbox 1746 3470 1800 3524; x_wconf 89' lang='lat' dir='ltr'><strong>in</strong></span> <span class='ocrx_word' id='word_1_210' title='bbox 1856 3470 2179 3524; x_wconf 83' lang='lat' dir='ltr'><strong>catholicam</strong></span> 
     </span>
    </p>
   </div>
   <div class='ocr_carea' id='block_1_36' title="bbox 604 3562 2181 3631">
    <p class='ocr_par' dir='ltr' id='par_1_36' title="bbox 604 3562 2181 3631">
     <span class='ocr_line' id='line_1_36' title="bbox 604 3562 2181 3631; baseline -0.001 -15"><span class='ocrx_word' id='word_1_211' title='bbox 604 3562 865 3617; x_wconf 87' lang='lat' dir='ltr'><strong>unitatem</strong></span> <span class='ocrx_word' id='word_1_212' title='bbox 908 3562 1131 3625; x_wconf 80' lang='lat' dir='ltr'><strong>lucrari,</strong></span> <span class='ocrx_word' id='word_1_213' title='bbox 1172 3563 1573 3617; x_wconf 86' lang='lat' dir='ltr'><strong>conveniantur</strong></span> <span class='ocrx_word' id='word_1_214' title='bbox 1605 3578 1634 3615; x_wconf 92' lang='lat' dir='ltr'><strong>a</strong></span> <span class='ocrx_word' id='word_1_215' title='bbox 1663 3562 2029 3631; x_wconf 60' lang='lat' dir='ltr'><strong>diligentibq.</strong></span> <span class='ocrx_word' id='word_1_216' title='bbox 2048 3563 2181 3616; x_wconf 82' lang='lat' dir='ltr'><strong>vicl-</strong></span> 
     </span>
    </p>
   </div>
   <div class='ocr_carea' id='block_1_37' title="bbox 609 3576 2181 3722">
    <p class='ocr_par' dir='ltr' id='par_1_37' title="bbox 609 3576 2181 3722">
     <span class='ocr_line' id='line_1_37' title="bbox 609 3576 2181 3631; baseline -0.002 -14"><span class='ocrx_word' id='word_1_217' title='bbox 609 3576 865 3617; x_wconf 87' lang='lat' dir='ltr'><strong>unttatem</strong></span> <span class='ocrx_word' id='word_1_218' title='bbox 908 3576 1131 3625; x_wconf 78' lang='lat' dir='ltr'><strong>lucrari,</strong></span> <span class='ocrx_word' id='word_1_219' title='bbox 1172 3576 1573 3617; x_wconf 79' lang='lat' dir='ltr'><strong>conveniantur</strong></span> <span class='ocrx_word' id='word_1_220' title='bbox 1605 3578 1634 3615; x_wconf 92' lang='lat' dir='ltr'><strong>a</strong></span> <span class='ocrx_word' id='word_1_221' title='bbox 1663 3576 1946 3631; x_wconf 78' lang='lat' dir='ltr'><strong>attigenub</strong></span> <span class='ocrx_word' id='word_1_222' title='bbox 2048 3576 2181 3616; x_wconf 85' lang='lat' dir='ltr'><strong>vtet-</strong></span> 
     </span>
     <span class='ocr_line' id='line_1_38' title="bbox 609 3576 2181 3722; baseline -0.001 -15"><span class='ocrx_word' id='word_1_223' title='bbox 609 3654 695 3708; x_wconf 88' lang='lat' dir='ltr'><strong>nis</strong></span> <span class='ocrx_word' id='word_1_224' title='bbox 736 3653 1027 3722; x_wconf 86' lang='lat' dir='ltr'><strong>episcopis,</strong></span> <span class='ocrx_word' id='word_1_225' title='bbox 1078 3661 1136 3706; x_wconf 85' lang='lat' dir='ltr'><strong>ut</strong></span> <span class='ocrx_word' id='word_1_226' title='bbox 1177 3652 1229 3707; x_wconf 89' lang='lat' dir='ltr'><strong>id</strong></span> <span class='ocrx_word' id='word_1_227' title='bbox 1274 3668 1433 3721; x_wconf 83' lang='lat' dir='ltr'><strong>agere</strong></span> <span class='ocrx_word' id='word_1_228' title='bbox 1470 3670 1576 3706; x_wconf 89' lang='lat' dir='ltr'><strong>non</strong></span> <span class='ocrx_word' id='word_1_229' title='bbox 1618 3663 1917 3708; x_wconf 86' lang='lat' dir='ltr'><strong>morentur.</strong></span> <span class='ocrx_word' id='word_1_230' title='bbox 1950 3576 2104 3719; x_wconf 48' lang='grc' dir='ltr'>ἕλοι]</span> <span class='ocrx_word' id='word_1_231' title='bbox 2135 3652 2181 3707; x_wconf 86' lang='lat' dir='ltr'><strong>si</strong></span> 
     </span>
    </p>
   </div>
   <div class='ocr_carea' id='block_1_38' title="bbox 602 3744 2182 3815">
    <p class='ocr_par' dir='ltr' id='par_1_38' title="bbox 602 3744 2182 3815">
     <span class='ocr_line' id='line_1_39' title="bbox 602 3744 2182 3815; baseline -0.002 -15"><span class='ocrx_word' id='word_1_232' title='bbox 602 3744 744 3800; x_wconf 83' lang='lat' dir='ltr'><strong>intra</strong></span> <span class='ocrx_word' id='word_1_233' title='bbox 798 3762 891 3799; x_wconf 80' lang='lat' dir='ltr'><strong>sex</strong></span> <span class='ocrx_word' id='word_1_234' title='bbox 947 3760 1162 3799; x_wconf 89' lang='lat' dir='ltr'><strong>menses</strong></span> <span class='ocrx_word' id='word_1_235' title='bbox 1209 3746 1372 3815; x_wconf 79' lang='lat'><strong>213</strong></span> <span class='ocrx_word' id='word_1_236' title='bbox 1428 3761 1455 3798; x_wconf 92' lang='lat' dir='ltr'><strong>a</strong></span> <span class='ocrx_word' id='word_1_237' title='bbox 1509 3746 1596 3799; x_wconf 89' lang='lat' dir='ltr'><strong>die</strong></span> <span class='ocrx_word' id='word_1_238' title='bbox 1643 3746 2022 3800; x_wconf 79' lang='lat' dir='ltr'><strong>conventionis</strong></span> <span class='ocrx_word' id='word_1_239' title='bbox 2072 3760 2182 3799; x_wconf 91' lang='lat' dir='ltr'><strong>non</strong></span> 
     </span>
    </p>
   </div>
   <div class='ocr_carea' id='block_1_39' title="bbox 600 3837 2182 3907">
    <p class='ocr_par' dir='ltr' id='par_1_39' title="bbox 600 3837 2182 3907">
     <span class='ocr_line' id='line_1_40' title="bbox 600 3837 2182 3907; baseline -0.001 -15"><span class='ocrx_word' id='word_1_240' title='bbox 600 3838 902 3902; x_wconf 68' lang='lat' dir='ltr'><strong>eﬁ‘ccerint,</strong></span> <span class='ocrx_word' id='word_1_241' title='bbox 951 3839 1042 3907; x_wconf 92' lang='lat' dir='ltr'><strong>qui</strong></span> <span class='ocrx_word' id='word_1_242' title='bbox 1079 3839 1315 3907; x_wconf 86' lang='lat' dir='ltr'><strong>potuerit</strong></span> <span class='ocrx_word' id='word_1_243' title='bbox 1344 3854 1406 3892; x_wconf 89' lang='lat' dir='ltr'><strong>ea</strong></span> <span class='ocrx_word' id='word_1_244' title='bbox 1443 3838 1665 3902; x_wconf 89' lang='lat' dir='ltr'><strong>lucrari,</strong></span> <span class='ocrx_word' id='word_1_245' title='bbox 1702 3838 1769 3892; x_wconf 85' lang='lat' dir='ltr'><strong>ad</strong></span> <span class='ocrx_word' id='word_1_246' title='bbox 1800 3841 1977 3907; x_wconf 89' lang='lat' dir='ltr'><strong>ipsum</strong></span> <span class='ocrx_word' id='word_1_247' title='bbox 2012 3837 2182 3907; x_wconf 89' lang='lat' dir='ltr'><strong>perti-</strong></span> 
     </span>
    </p>
   </div>
   <div class='ocr_carea' id='block_1_40' title="bbox 604 3928 2184 3998">
    <p class='ocr_par' dir='ltr' id='par_1_40' title="bbox 604 3928 2184 3998">
     <span class='ocr_line' id='line_1_41' title="bbox 604 3928 2184 3998; baseline -0.002 -15"><span class='ocrx_word' id='word_1_248' title='bbox 604 3940 790 3984; x_wconf 89' lang='lat' dir='ltr'><strong>neant.</strong></span> <span class='ocrx_word' id='word_1_249' title='bbox 850 3930 926 3983; x_wconf 90' lang='lat' dir='ltr'><strong>Ita</strong></span> <span class='ocrx_word' id='word_1_250' title='bbox 982 3943 1135 3995; x_wconf 86' lang='lat' dir='ltr'><strong>sane,</strong></span> <span class='ocrx_word' id='word_1_251' title='bbox 1187 3939 1244 3983; x_wconf 89' lang='lat' dir='ltr'><strong>ut</strong></span> <span class='ocrx_word' id='word_1_252' title='bbox 1299 3929 1343 3983; x_wconf 89' lang='lat' dir='ltr'><strong>si</strong></span> <span class='ocrx_word' id='word_1_253' title='bbox 1394 3930 1487 3984; x_wconf 86' lang='lat' dir='ltr'><strong>ille</strong></span> <span class='ocrx_word' id='word_1_254' title='bbox 1532 3930 1597 3983; x_wconf 89' lang='lat' dir='ltr'><strong>ad</strong></span> <span class='ocrx_word' id='word_1_255' title='bbox 1644 3945 1805 3998; x_wconf 86' lang='lat' dir='ltr'><strong>quem</strong></span> <span class='ocrx_word' id='word_1_256' title='bbox 1857 3928 2184 3998; x_wconf 82' lang='lat' dir='ltr'><strong>pertinuisse</strong></span> 
     </span>
    </p>
   </div>
   <div class='ocr_carea' id='block_1_41' title="bbox 605 4020 2178 4092">
    <p class='ocr_par' dir='ltr' id='par_1_41' title="bbox 605 4020 2178 4092">
     <span class='ocr_line' id='line_1_42' title="bbox 605 4020 2178 4092; baseline -0.004 -15"><span class='ocrx_word' id='word_1_257' title='bbox 605 4024 960 4087; x_wconf 87' lang='lat' dir='ltr'><strong>videbantur,</strong></span> <span class='ocrx_word' id='word_1_258' title='bbox 1000 4021 1229 4092; x_wconf 88' lang='lat' dir='ltr'><strong>probare</strong></span> <span class='ocrx_word' id='word_1_259' title='bbox 1272 4022 1507 4090; x_wconf 90' lang='lat' dir='ltr'><strong>potuerit</strong></span> <span class='ocrx_word' id='word_1_260' title='bbox 1548 4022 1721 4091; x_wconf 79' lang='lat' dir='ltr'><strong>magis</strong></span> <span class='ocrx_word' id='word_1_261' title='bbox 1762 4020 1909 4074; x_wconf 89' lang='lat' dir='ltr'><strong>illius</strong></span> <span class='ocrx_word' id='word_1_262' title='bbox 1952 4020 2178 4073; x_wconf 90' lang='lat' dir='ltr'><strong>electam</strong></span> 
     </span>
    </p>
   </div>
   <div class='ocr_carea' id='block_1_42' title="bbox 603 4110 2185 4185">
    <p class='ocr_par' dir='ltr' id='par_1_42' title="bbox 603 4110 2185 4185">
     <span class='ocr_line' id='line_1_43' title="bbox 603 4110 2185 4185; baseline -0.006 -14"><span class='ocrx_word' id='word_1_263' title='bbox 603 4115 988 4185; x_wconf 64' lang='lat' dir='ltr'><strong>negligentiam</strong></span> <span class='ocrx_word' id='word_1_264' title='bbox 1023 4115 1092 4168; x_wconf 90' lang='lat' dir='ltr'><strong>ab</strong></span> <span class='ocrx_word' id='word_1_265' title='bbox 1125 4112 1418 4178; x_wconf 70' lang='lat' dir='ltr'><strong>haereticis,</strong></span> <span class='ocrx_word' id='word_1_266' title='bbox 1466 4122 1523 4166; x_wconf 93' lang='lat' dir='ltr'><strong>ut</strong></span> <span class='ocrx_word' id='word_1_267' title='bbox 1564 4113 1785 4181; x_wconf 85' lang='lat' dir='ltr'><strong>impune</strong></span> <span class='ocrx_word' id='word_1_268' title='bbox 1833 4110 1906 4163; x_wconf 91' lang='lat' dir='ltr'><strong>ibi</strong></span> <span class='ocrx_word' id='word_1_269' title='bbox 1954 4110 2085 4174; x_wconf 88' lang='lat' dir='ltr'><strong>sint,</strong></span> <span class='ocrx_word' id='word_1_270' title='bbox 2131 4117 2185 4163; x_wconf 89' lang='lat' dir='ltr'><strong>et</strong></span> 
     </span>
    </p>
   </div>
   <div class='ocr_carea' id='block_1_43' title="bbox 604 4200 2185 4278">
    <p class='ocr_par' dir='ltr' id='par_1_43' title="bbox 604 4200 2185 4278">
     <span class='ocr_line' id='line_1_44' title="bbox 604 4200 2185 4278; baseline -0.006 -13"><span class='ocrx_word' id='word_1_271' title='bbox 604 4225 759 4265; x_wconf 88' lang='lat' dir='ltr'><strong>suam</strong></span> <span class='ocrx_word' id='word_1_272' title='bbox 813 4206 1152 4278; x_wconf 77' lang='lat' dir='ltr'><strong>diligentiam</strong></span> <span class='ocrx_word' id='word_1_273' title='bbox 1206 4205 1376 4259; x_wconf 82' lang='lat' dir='ltr'><strong>fuisse</strong></span> <span class='ocrx_word' id='word_1_274' title='bbox 1424 4212 1772 4273; x_wconf 69' lang='lat' dir='ltr'><strong>prmventatn,</strong></span> <span class='ocrx_word' id='word_1_275' title='bbox 1818 4211 1880 4256; x_wconf 90' lang='lat' dir='ltr'><strong>ut</strong></span> <span class='ocrx_word' id='word_1_276' title='bbox 1908 4216 1975 4255; x_wconf 88' lang='lat' dir='ltr'><strong>eo</strong></span> <span class='ocrx_word' id='word_1_277' title='bbox 2023 4200 2185 4255; x_wconf 88' lang='lat' dir='ltr'><strong>modo</strong></span> 
     </span>
    </p>
   </div>
   <div class='ocr_carea' id='block_1_44' title="bbox 603 4294 2185 4370">
    <p class='ocr_par' dir='ltr' id='par_1_44' title="bbox 603 4294 2185 4370">
     <span class='ocr_line' id='line_1_45' title="bbox 603 4294 2185 4370; baseline -0.005 -13"><span class='ocrx_word' id='word_1_278' title='bbox 603 4303 721 4370; x_wconf 85' lang='lat' dir='ltr'><strong>ejus</strong></span> <span class='ocrx_word' id='word_1_279' title='bbox 759 4317 889 4356; x_wconf 89' lang='lat' dir='ltr'><strong>cura</strong></span> <span class='ocrx_word' id='word_1_280' title='bbox 938 4301 1226 4355; x_wconf 81' lang='lat' dir='ltr'><strong>sollicitior</strong></span> <span class='ocrx_word' id='word_1_281' title='bbox 1280 4300 1544 4351; x_wconf 86' lang='lat' dir='ltr'><strong>vitaretur</strong></span> <span class='ocrx_word' id='word_1_282' title='bbox 1584 4314 1598 4349; x_wconf 89' lang='lat'>:</span> <span class='ocrx_word' id='word_1_283' title='bbox 1648 4311 1768 4349; x_wconf 91' lang='lat' dir='ltr'><strong>cum</strong></span> <span class='ocrx_word' id='word_1_284' title='bbox 1820 4294 1925 4349; x_wconf 91' lang='lat' dir='ltr'><strong>hoc</strong></span> <span class='ocrx_word' id='word_1_285' title='bbox 1973 4294 2185 4363; x_wconf 88' lang='lat' dir='ltr'><strong>judices</strong></span> 
     </span>
    </p>
   </div>
   <div class='ocr_carea' id='block_1_45' title="bbox 602 4388 2181 4466">
    <p class='ocr_par' dir='ltr' id='par_1_45' title="bbox 602 4388 2181 4466">
     <span class='ocr_line' id='line_1_46' title="bbox 602 4388 2181 4466; baseline -0.004 -16"><span class='ocrx_word' id='word_1_286' title='bbox 602 4396 843 4466; x_wconf 75' lang='lat' dir='ltr'><strong>episcopi</strong></span> <span class='ocrx_word' id='word_1_287' title='bbox 870 4395 1247 4464; x_wconf 81' lang='lat' dir='ltr'><strong>cognoverint,</strong></span> <span class='ocrx_word' id='word_1_288' title='bbox 1279 4408 1392 4445; x_wconf 64' lang='lat' dir='ltr'><strong>sua:</strong></span> <span class='ocrx_word' id='word_1_289' title='bbox 1420 4388 1688 4444; x_wconf 70' lang='lat' dir='ltr'><strong>cathedra:</strong></span> <span class='ocrx_word' id='word_1_290' title='bbox 1714 4388 1832 4442; x_wconf 89' lang='lat' dir='ltr'><strong>loca</strong></span> <span class='ocrx_word' id='word_1_291' title='bbox 1870 4389 2181 4443; x_wconf 88' lang='lat' dir='ltr'><strong>restituant.</strong></span> 
     </span>
    </p>
   </div>
   <div class='ocr_carea' id='block_1_46' title="bbox 2282 510 3779 601">
    <p class='ocr_par' dir='ltr' id='par_1_46' title="bbox 2282 510 3779 601">
     <span class='ocr_line' id='line_1_47' title="bbox 2282 510 3779 601; baseline 0.008 -37"><span class='ocrx_word' id='word_1_292' title='bbox 2282 513 2313 583; x_wconf 85' lang='grc' dir='ltr'><strong>ἦ</strong></span> <span class='ocrx_word' id='word_1_293' title='bbox 2334 513 2521 583; x_wconf 72' lang='grc' dir='ltr'>ἕτερον</span> <span class='ocrx_word' id='word_1_294' title='bbox 2554 510 2693 579; x_wconf 76' lang='grc' dir='ltr'>εἶδος</span> <span class='ocrx_word' id='word_1_295' title='bbox 2710 518 2983 570; x_wconf 82' lang='grc' dir='ltr'><strong>ἀπαιτεῖν·</strong></span> <span class='ocrx_word' id='word_1_296' title='bbox 3021 518 3070 569; x_wconf 84' lang='grc' dir='ltr'><strong>εί</strong></span> <span class='ocrx_word' id='word_1_297' title='bbox 3102 517 3159 570; x_wconf 83' lang='grc' dir='ltr'>δὲ</span> <span class='ocrx_word' id='word_1_298' title='bbox 3180 517 3338 571; x_wconf 82' lang='grc' dir='ltr'>τοῦτο</span> <span class='ocrx_word' id='word_1_299' title='bbox 3368 524 3647 593; x_wconf 77' lang='grc' dir='ltr'>πεποιηκὼς</span> <span class='ocrx_word' id='word_1_300' title='bbox 3670 531 3779 601; x_wconf 60' lang='grc' dir='ltr'>ελεγ.</span> 
     </span>
    </p>
   </div>
   <div class='ocr_carea' id='block_1_47' title="bbox 2280 606 3116 678">
    <p class='ocr_par' dir='ltr' id='par_1_47' title="bbox 2280 606 3116 678">
     <span class='ocr_line' id='line_1_48' title="bbox 2280 606 3116 678; baseline 0.006 -21"><span class='ocrx_word' id='word_1_301' title='bbox 2280 606 2404 676; x_wconf 86' lang='grc' dir='ltr'>χθῇ,</span> <span class='ocrx_word' id='word_1_302' title='bbox 2430 607 2676 660; x_wconf 74' lang='grc' dir='ltr'><strong>ἀποτίσει</strong></span> <span class='ocrx_word' id='word_1_303' title='bbox 2698 608 3116 678; x_wconf 82' lang='grc' dir='ltr'>τετραπλάσιον.</span> 
     </span>
    </p>
   </div>
   <div class='ocr_carea' id='block_1_48' title="bbox 2360 697 3776 781">
    <p class='ocr_par' dir='ltr' id='par_1_48' title="bbox 2360 697 3776 781">
     <span class='ocr_line' id='line_1_49' title="bbox 2360 697 3776 781; baseline 0.032 -65"><span class='ocrx_word' id='word_1_304' title='bbox 2360 698 2424 750; x_wconf 72' lang='grc' dir='ltr'><strong>Ἦ</strong></span> <span class='ocrx_word' id='word_1_305' title='bbox 2471 697 2516 762; x_wconf 65' lang='grc' dir='ltr'>ξι</span> <span class='ocrx_word' id='word_1_306' title='bbox 2562 701 2655 752; x_wconf 61' lang='grc' dir='ltr'><strong>καὶ</strong></span> <span class='ocrx_word' id='word_1_307' title='bbox 2682 702 2713 769; x_wconf 71' lang='grc' dir='ltr'>ἡ</span> <span class='ocrx_word' id='word_1_308' title='bbox 2745 698 2807 762; x_wconf 74' lang='grc' dir='ltr'><strong>ιζ’</strong></span> <span class='ocrx_word' id='word_1_309' title='bbox 2853 700 3093 764; x_wconf 78' lang='grc' dir='ltr'><strong>διάταξις</strong></span> <span class='ocrx_word' id='word_1_310' title='bbox 3115 698 3210 753; x_wconf 79' lang='grc' dir='ltr'>τοῦ</span> <span class='ocrx_word' id='word_1_311' title='bbox 3262 706 3310 753; x_wconf 83' lang='grc' dir='ltr'>α’</span> <span class='ocrx_word' id='word_1_312' title='bbox 3338 700 3439 756; x_wconf 66' lang='lat' dir='ltr'><strong>tit.</strong></span> <span class='ocrx_word' id='word_1_313' title='bbox 3480 705 3776 781; x_wconf 73' lang='grc' dir='ltr'>τῶνΝεαρῶν</span> 
     </span>
    </p>
   </div>
   <div class='ocr_carea' id='block_1_49' title="bbox 2283 788 3783 875">
    <p class='ocr_par' dir='ltr' id='par_1_49' title="bbox 2283 788 3783 875">
     <span class='ocr_line' id='line_1_50' title="bbox 2283 788 3783 875; baseline 0.006 -33"><span class='ocrx_word' id='word_1_314' title='bbox 2283 788 2561 859; x_wconf 77' lang='grc' dir='ltr'>βούλονται</span> <span class='ocrx_word' id='word_1_315' title='bbox 2604 790 2751 855; x_wconf 76' lang='grc' dir='ltr'>ἅπαξ</span> <span class='ocrx_word' id='word_1_316' title='bbox 2803 791 2834 861; x_wconf 85' lang='grc' dir='ltr'>ἢ</span> <span class='ocrx_word' id='word_1_317' title='bbox 2868 792 2948 856; x_wconf 71' lang='grc' dir='ltr'>δὶς</span> <span class='ocrx_word' id='word_1_318' title='bbox 2981 792 3074 845; x_wconf 77' lang='grc' dir='ltr'>τοῦ</span> <span class='ocrx_word' id='word_1_319' title='bbox 3122 792 3294 855; x_wconf 73' lang='grc' dir='ltr'>ἔτους,</span> <span class='ocrx_word' id='word_1_320' title='bbox 3337 790 3413 862; x_wconf 81' lang='grc' dir='ltr'>τῷ</span> <span class='ocrx_word' id='word_1_321' title='bbox 3462 794 3639 869; x_wconf 85' lang='grc' dir='ltr'>Ἰουνίῳ</span> <span class='ocrx_word' id='word_1_322' title='bbox 3677 802 3783 875; x_wconf 77' lang='grc' dir='ltr'><strong>ῆτῴ</strong></span> 
     </span>
    </p>
   </div>
   <div class='ocr_carea' id='block_1_50' title="bbox 2280 881 3785 959">
    <p class='ocr_par' dir='ltr' id='par_1_50' title="bbox 2280 881 3785 959">
     <span class='ocr_line' id='line_1_51' title="bbox 2280 881 3785 959; baseline 0.009 -26"><span class='ocrx_word' id='word_1_323' title='bbox 2280 881 2665 953; x_wconf 80' lang='grc' dir='ltr'>Σεπτεμϐρίῳ,</span> <span class='ocrx_word' id='word_1_324' title='bbox 2724 882 2968 951; x_wconf 84' lang='grc' dir='ltr'>γίνεσθαι</span> <span class='ocrx_word' id='word_1_325' title='bbox 3010 884 3256 947; x_wconf 81' lang='grc' dir='ltr'><strong>συνόδους</strong></span> <span class='ocrx_word' id='word_1_326' title='bbox 3290 884 3397 936; x_wconf 84' lang='grc' dir='ltr'><strong>τῶν</strong></span> <span class='ocrx_word' id='word_1_327' title='bbox 3444 892 3785 959; x_wconf 76' lang='grc' dir='ltr'>μητροτοολιτών</span> 
     </span>
    </p>
   </div>
   <div class='ocr_carea' id='block_1_51' title="bbox 2279 973 3785 1055">
    <p class='ocr_par' dir='ltr' id='par_1_51' title="bbox 2279 973 3785 1055">
     <span class='ocr_line' id='line_1_52' title="bbox 2279 973 3785 1055; baseline 0.009 -29"><span class='ocrx_word' id='word_1_328' title='bbox 2279 973 2432 1045; x_wconf 74' lang='grc' dir='ltr'>παρὰ</span> <span class='ocrx_word' id='word_1_329' title='bbox 2452 976 2562 1037; x_wconf 90' lang='grc' dir='ltr'>τοῖς</span> <span class='ocrx_word' id='word_1_330' title='bbox 2595 974 2982 1045; x_wconf 78' lang='grc' dir='ltr'>πατριάρχαις,</span> <span class='ocrx_word' id='word_1_331' title='bbox 3030 976 3125 1029; x_wconf 74' lang='grc' dir='ltr'><strong>καὶ</strong></span> <span class='ocrx_word' id='word_1_332' title='bbox 3178 975 3287 1028; x_wconf 85' lang='grc' dir='ltr'><strong>τῶν</strong></span> <span class='ocrx_word' id='word_1_333' title='bbox 3349 979 3637 1033; x_wconf 78' lang='grc' dir='ltr'>ἐπισκόπων</span> <span class='ocrx_word' id='word_1_334' title='bbox 3667 988 3785 1055; x_wconf 64' lang='grc' dir='ltr'>παρὰ</span> 
     </span>
    </p>
   </div>
   <div class='ocr_carea' id='block_1_52' title="bbox 2277 1064 3787 1139">
    <p class='ocr_par' dir='ltr' id='par_1_52' title="bbox 2277 1064 3787 1139">
     <span class='ocr_line' id='line_1_53' title="bbox 2277 1064 3787 1139; baseline 0.015 -31"><span class='ocrx_word' id='word_1_335' title='bbox 2277 1066 2390 1126; x_wconf 79' lang='grc' dir='ltr'>τοῖς</span> <span class='ocrx_word' id='word_1_336' title='bbox 2421 1064 2845 1135; x_wconf 74' lang='grc' dir='ltr'>μητροπολίταις</span> <span class='ocrx_word' id='word_1_337' title='bbox 2879 1081 2892 1094; x_wconf 79' lang='grc'><strong><em>⁸</em></strong></span> <span class='ocrx_word' id='word_1_338' title='bbox 2929 1067 3022 1118; x_wconf 72' lang='grc' dir='ltr'>καὶ</span> <span class='ocrx_word' id='word_1_339' title='bbox 3063 1066 3414 1131; x_wconf 79' lang='grc' dir='ltr'>ἐξετάζεσθαι</span> <span class='ocrx_word' id='word_1_340' title='bbox 3445 1068 3537 1133; x_wconf 77' lang='grc' dir='ltr'>τὰς</span> <span class='ocrx_word' id='word_1_341' title='bbox 3565 1073 3712 1134; x_wconf 71' lang='grc' dir='ltr'>αἰτίας</span> <span class='ocrx_word' id='word_1_342' title='bbox 3739 1076 3787 1139; x_wconf 75' lang='lat' dir='ltr'><strong>&#39;a;</strong></span> 
     </span>
    </p>
   </div>
   <div class='ocr_carea' id='block_1_53' title="bbox 2278 1154 3788 1235">
    <p class='ocr_par' dir='ltr' id='par_1_53' title="bbox 2278 1154 3788 1235">
     <span class='ocr_line' id='line_1_54' title="bbox 2278 1154 3788 1235; baseline 0.008 -28"><span class='ocrx_word' id='word_1_343' title='bbox 2278 1154 2328 1207; x_wconf 84' lang='grc' dir='ltr'><strong>οί</strong></span> <span class='ocrx_word' id='word_1_344' title='bbox 2356 1156 2645 1209; x_wconf 77' lang='grc' dir='ltr'>ἐπίσκοποι</span> <span class='ocrx_word' id='word_1_345' title='bbox 2694 1156 2787 1209; x_wconf 78' lang='grc' dir='ltr'><strong>καὶ</strong></span> <span class='ocrx_word' id='word_1_346' title='bbox 2811 1157 2861 1209; x_wconf 82' lang='grc' dir='ltr'>οἱ</span> <span class='ocrx_word' id='word_1_347' title='bbox 2889 1156 3142 1228; x_wconf 77' lang='grc' dir='ltr'>κληρικοὶ</span> <span class='ocrx_word' id='word_1_348' title='bbox 3186 1161 3283 1212; x_wconf 76' lang='grc' dir='ltr'>καὶ</span> <span class='ocrx_word' id='word_1_349' title='bbox 3312 1160 3361 1211; x_wconf 82' lang='grc' dir='ltr'>οἱ</span> <span class='ocrx_word' id='word_1_350' title='bbox 3416 1164 3640 1232; x_wconf 72' lang='grc' dir='ltr'>μοναχοὶ,</span> <span class='ocrx_word' id='word_1_351' title='bbox 3686 1171 3788 1235; x_wconf 58' lang='grc' dir='ltr'>πρὶς</span> 
     </span>
    </p>
   </div>
   <div class='ocr_carea' id='block_1_54' title="bbox 2279 1245 3790 1319">
    <p class='ocr_par' dir='ltr' id='par_1_54' title="bbox 2279 1245 3790 1319">
     <span class='ocr_line' id='line_1_55' title="bbox 2279 1245 3790 1319; baseline 0.009 -21"><span class='ocrx_word' id='word_1_352' title='bbox 2279 1245 2542 1315; x_wconf 85' lang='grc' dir='ltr'><strong>ἀλλήλους</strong></span> <span class='ocrx_word' id='word_1_353' title='bbox 2568 1246 2748 1317; x_wconf 81' lang='grc' dir='ltr'>ἔχουσι</span> <span class='ocrx_word' id='word_1_354' title='bbox 2781 1265 2794 1279; x_wconf 75' lang='grc'><strong><em>⁸</em></strong></span> <span class='ocrx_word' id='word_1_355' title='bbox 2832 1248 2959 1319; x_wconf 80' lang='grc' dir='ltr'>περί</span> <span class='ocrx_word' id='word_1_356' title='bbox 2998 1267 3058 1301; x_wconf 86' lang='grc' dir='ltr'><strong>τε</strong></span> <span class='ocrx_word' id='word_1_357' title='bbox 3098 1250 3335 1313; x_wconf 85' lang='grc' dir='ltr'>πίστεως</span> <span class='ocrx_word' id='word_1_358' title='bbox 3364 1254 3455 1305; x_wconf 73' lang='grc' dir='ltr'><strong>καὶ</strong></span> <span class='ocrx_word' id='word_1_359' title='bbox 3475 1254 3687 1309; x_wconf 77' lang='grc' dir='ltr'>κανόνων</span> <span class='ocrx_word' id='word_1_360' title='bbox 3719 1266 3790 1312; x_wconf 67' lang='grc' dir='ltr'>καὶ</span> 
     </span>
    </p>
   </div>
   <div class='ocr_carea' id='block_1_55' title="bbox 2278 1339 3790 1419">
    <p class='ocr_par' dir='ltr' id='par_1_55' title="bbox 2278 1339 3790 1419">
     <span class='ocr_line' id='line_1_56' title="bbox 2278 1339 3790 1419; baseline 0.009 -29"><span class='ocrx_word' id='word_1_361' title='bbox 2278 1339 2619 1408; x_wconf 79' lang='grc' dir='ltr'><strong>πραγμάτων</strong></span> <span class='ocrx_word' id='word_1_362' title='bbox 2653 1340 3127 1410; x_wconf 83' lang='grc' dir='ltr'>ὲκκλησιαστικῶν</span> <span class='ocrx_word' id='word_1_363' title='bbox 3157 1343 3252 1397; x_wconf 76' lang='grc' dir='ltr'>καὶ</span> <span class='ocrx_word' id='word_1_364' title='bbox 3277 1344 3451 1397; x_wconf 84' lang='grc' dir='ltr'>ἄλλων</span> <span class='ocrx_word' id='word_1_365' title='bbox 3483 1348 3569 1398; x_wconf 69' lang='grc' dir='ltr'>καὶ</span> <span class='ocrx_word' id='word_1_366' title='bbox 3594 1348 3653 1400; x_wconf 74' lang='grc' dir='ltr'><strong>τὰ</strong></span> <span class='ocrx_word' id='word_1_367' title='bbox 3674 1354 3790 1419; x_wconf 69' lang='grc' dir='ltr'>παρὰ</span> 
     </span>
    </p>
   </div>
   <div class='ocr_carea' id='block_1_56' title="bbox 2276 1430 3787 1510">
    <p class='ocr_par' dir='ltr' id='par_1_56' title="bbox 2276 1430 3787 1510">
     <span class='ocr_line' id='line_1_57' title="bbox 2276 1430 3787 1510; baseline 0.01 -31"><span class='ocrx_word' id='word_1_368' title='bbox 2276 1430 2402 1492; x_wconf 81' lang='grc' dir='ltr'>τοὺς</span> <span class='ocrx_word' id='word_1_369' title='bbox 2442 1430 2670 1494; x_wconf 81' lang='grc' dir='ltr'>κανόνας</span> <span class='ocrx_word' id='word_1_370' title='bbox 2712 1432 3140 1503; x_wconf 77' lang='grc' dir='ltr'><strong>ἁμαρτανόμενα</strong></span> <span class='ocrx_word' id='word_1_371' title='bbox 3174 1435 3513 1503; x_wconf 78' lang='grc' dir='ltr'>διορθοῦσθαι</span> <span class='ocrx_word' id='word_1_372' title='bbox 3545 1452 3558 1466; x_wconf 77' lang='grc' dir='ltr'><strong>ο</strong></span> <span class='ocrx_word' id='word_1_373' title='bbox 3586 1439 3630 1490; x_wconf 85' lang='grc' dir='ltr'>οἱ</span> <span class='ocrx_word' id='word_1_374' title='bbox 3651 1439 3697 1492; x_wconf 81' lang='grc' dir='ltr'><strong>δὲ</strong></span> <span class='ocrx_word' id='word_1_375' title='bbox 3716 1443 3787 1510; x_wconf 50' lang='grc' dir='ltr'><strong>ἀρ.</strong></span> 
     </span>
    </p>
   </div>
   <div class='ocr_carea' id='block_1_57' title="bbox 2278 1524 3789 1598">
    <p class='ocr_par' dir='ltr' id='par_1_57' title="bbox 2278 1524 3789 1598">
     <span class='ocr_line' id='line_1_58' title="bbox 2278 1524 3789 1598; baseline 0.01 -25"><span class='ocrx_word' id='word_1_376' title='bbox 2278 1539 2460 1591; x_wconf 87' lang='grc' dir='ltr'>χοντες</span> <span class='ocrx_word' id='word_1_377' title='bbox 2512 1524 2606 1576; x_wconf 77' lang='grc' dir='ltr'>καὶ</span> <span class='ocrx_word' id='word_1_378' title='bbox 2644 1526 2699 1577; x_wconf 81' lang='grc' dir='ltr'>αἱ</span> <span class='ocrx_word' id='word_1_379' title='bbox 2744 1526 2930 1590; x_wconf 77' lang='grc' dir='ltr'>τάξεις</span> <span class='ocrx_word' id='word_1_380' title='bbox 2983 1526 3161 1581; x_wconf 82' lang='grc' dir='ltr'>αὐτῶν</span> <span class='ocrx_word' id='word_1_381' title='bbox 3203 1530 3277 1598; x_wconf 81' lang='grc' dir='ltr'><strong>μὴ</strong></span> <span class='ocrx_word' id='word_1_382' title='bbox 3324 1529 3663 1598; x_wconf 76' lang='grc' dir='ltr'>ἐπιτιθέμενοι</span> <span class='ocrx_word' id='word_1_383' title='bbox 3708 1538 3789 1589; x_wconf 66' lang='grc' dir='ltr'>τοῖς</span> 
     </span>
    </p>
   </div>
   <div class='ocr_carea' id='block_1_58' title="bbox 2281 1614 3788 1688">
    <p class='ocr_par' dir='ltr' id='par_1_58' title="bbox 2281 1614 3788 1688">
     <span class='ocr_line' id='line_1_59' title="bbox 2281 1614 3788 1688; baseline 0.007 -25"><span class='ocrx_word' id='word_1_384' title='bbox 2281 1614 2699 1683; x_wconf 82' lang='grc' dir='ltr'>μητροπολίταις</span> <span class='ocrx_word' id='word_1_385' title='bbox 2725 1617 2819 1669; x_wconf 81' lang='grc' dir='ltr'>καὶ</span> <span class='ocrx_word' id='word_1_386' title='bbox 2842 1619 3163 1681; x_wconf 73' lang='grc' dir='ltr'>ἐπισκόποις</span> <span class='ocrx_word' id='word_1_387' title='bbox 3209 1618 3633 1688; x_wconf 82' lang='grc' dir='ltr'>ὑπερτιθεμένοις</span> <span class='ocrx_word' id='word_1_388' title='bbox 3656 1629 3788 1681; x_wconf 53' lang='grc' dir='ltr'>ποιῇς</span> 
     </span>
    </p>
   </div>
   <div class='ocr_carea' id='block_1_59' title="bbox 2276 1706 3790 1784">
    <p class='ocr_par' dir='ltr' id='par_1_59' title="bbox 2276 1706 3790 1784">
     <span class='ocr_line' id='line_1_60' title="bbox 2276 1706 3790 1784; baseline 0.009 -28"><span class='ocrx_word' id='word_1_389' title='bbox 2276 1706 2375 1767; x_wconf 71' lang='grc' dir='ltr'><strong>τὰς</strong></span> <span class='ocrx_word' id='word_1_390' title='bbox 2407 1707 2677 1770; x_wconf 79' lang='grc' dir='ltr'>συνόδους,</span> <span class='ocrx_word' id='word_1_391' title='bbox 2709 1708 2741 1778; x_wconf 84' lang='grc' dir='ltr'>ἢ</span> <span class='ocrx_word' id='word_1_392' title='bbox 2778 1710 2851 1779; x_wconf 73' lang='grc' dir='ltr'>μὴ</span> <span class='ocrx_word' id='word_1_393' title='bbox 2883 1708 3178 1778; x_wconf 70' lang='grc' dir='ltr'>μηνύοντες</span> <span class='ocrx_word' id='word_1_394' title='bbox 3206 1712 3273 1780; x_wconf 75' lang='grc' dir='ltr'>τῇ</span> <span class='ocrx_word' id='word_1_395' title='bbox 3311 1708 3571 1782; x_wconf 67' lang='grc' dir='ltr'>βασιλεία,</span> <span class='ocrx_word' id='word_1_396' title='bbox 3598 1714 3790 1784; x_wconf 75' lang='grc' dir='ltr'>ἐσχάτως</span> 
     </span>
    </p>
   </div>
   <div class='ocr_carea' id='block_1_60' title="bbox 2204 1788 2666 1867">
    <p class='ocr_par' dir='ltr' id='par_1_60' title="bbox 2204 1788 2666 1867">
     <span class='ocr_line' id='line_1_61' title="bbox 2204 1788 2666 1867; baseline 0.009 -20"><span class='ocrx_word' id='word_1_397' title='bbox 2204 1788 2251 1847; x_wconf 88' lang='grc' dir='ltr'><strong>Β</strong></span> <span class='ocrx_word' id='word_1_398' title='bbox 2279 1797 2666 1867; x_wconf 82' lang='grc' dir='ltr'>τιμωροῦνται.</span> 
     </span>
    </p>
   </div>
   <div class='ocr_carea' id='block_1_61' title="bbox 2350 1894 3794 1969">
    <p class='ocr_par' dir='ltr' id='par_1_61' title="bbox 2350 1894 3794 1969">
     <span class='ocr_line' id='line_1_62' title="bbox 2350 1894 3794 1969; baseline 0.01 -24"><span class='ocrx_word' id='word_1_399' title='bbox 2350 1894 2600 1946; x_wconf 82' lang='grc' dir='ltr'><strong>ΚΕΦΑΛ.</strong></span> <span class='ocrx_word' id='word_1_400' title='bbox 2630 1895 2706 1948; x_wconf 82' lang='grc' dir='ltr'><strong>Θ’.</strong></span> <span class='ocrx_word' id='word_1_401' title='bbox 2743 1928 2808 1936; x_wconf 91' lang='lat'><strong><em>—</em></strong></span> <span class='ocrx_word' id='word_1_402' title='bbox 2834 1899 2968 1965; x_wconf 79' lang='grc' dir='ltr'>Περὶ</span> <span class='ocrx_word' id='word_1_403' title='bbox 2999 1900 3105 1952; x_wconf 84' lang='grc' dir='ltr'>τοῦ</span> <span class='ocrx_word' id='word_1_404' title='bbox 3128 1898 3213 1967; x_wconf 76' lang='grc' dir='ltr'>μὴ</span> <span class='ocrx_word' id='word_1_405' title='bbox 3243 1900 3323 1965; x_wconf 85' lang='grc' dir='ltr'>ὡς</span> <span class='ocrx_word' id='word_1_406' title='bbox 3351 1900 3563 1969; x_wconf 77' lang='grc' dir='ltr'>ἔτυχεν</span> <span class='ocrx_word' id='word_1_407' title='bbox 3602 1904 3794 1959; x_wconf 67' lang='grc' dir='ltr'>ἐπίσκο-</span> 
     </span>
    </p>
   </div>
   <div class='ocr_carea' id='block_1_62' title="bbox 2283 1984 3713 2059">
    <p class='ocr_par' dir='ltr' id='par_1_62' title="bbox 2283 1984 3713 2059">
     <span class='ocr_line' id='line_1_63' title="bbox 2283 1984 3713 2059; baseline 0.009 -23"><span class='ocrx_word' id='word_1_408' title='bbox 2283 2000 2399 2038; x_wconf 79' lang='grc' dir='ltr'>πον</span> <span class='ocrx_word' id='word_1_409' title='bbox 2424 1984 2462 2054; x_wconf 81' lang='grc' dir='ltr'>ἢ</span> <span class='ocrx_word' id='word_1_410' title='bbox 2489 1986 2779 2053; x_wconf 65' lang='grc' dir='ltr'>κληρωτὸν</span> <span class='ocrx_word' id='word_1_411' title='bbox 2805 1988 3268 2059; x_wconf 78' lang='grc' dir='ltr'>ἐμμαγκιπεύειν</span> <span class='ocrx_word' id='word_1_412' title='bbox 3298 1993 3369 2045; x_wconf 79' lang='grc' dir='ltr'>τὰ</span> <span class='ocrx_word' id='word_1_413' title='bbox 3404 1993 3515 2046; x_wconf 80' lang='grc' dir='ltr'>ἴδια</span> <span class='ocrx_word' id='word_1_414' title='bbox 3544 1995 3713 2049; x_wconf 79' lang='grc' dir='ltr'>τέκνα.</span> 
     </span>
    </p>
   </div>
   <div class='ocr_carea' id='block_1_63' title="bbox 2517 2080 3605 2151">
    <p class='ocr_par' dir='ltr' id='par_1_63' title="bbox 2517 2080 3605 2151">
     <span class='ocr_line' id='line_1_64' title="bbox 2517 2080 3605 2151; baseline 0.006 -19"><span class='ocrx_word' id='word_1_415' title='bbox 2517 2080 2782 2135; x_wconf 80' lang='grc' dir='ltr'>Συνόδου</span> <span class='ocrx_word' id='word_1_416' title='bbox 2819 2084 3239 2151; x_wconf 75' lang='grc' dir='ltr'>Καρθαγέννης</span> <span class='ocrx_word' id='word_1_417' title='bbox 3278 2084 3480 2138; x_wconf 80' lang='grc' dir='ltr'>κανὼν</span> <span class='ocrx_word' id='word_1_418' title='bbox 3520 2086 3605 2139; x_wconf 81' lang='grc' dir='ltr'>λε’.</span> 
     </span>
    </p>
   </div>
   <div class='ocr_carea' id='block_1_64' title="bbox 2352 2171 3797 2247">
    <p class='ocr_par' dir='ltr' id='par_1_64' title="bbox 2352 2171 3797 2247">
     <span class='ocr_line' id='line_1_65' title="bbox 2352 2171 3797 2247; baseline 0.008 -24"><span class='ocrx_word' id='word_1_419' title='bbox 2352 2171 2491 2238; x_wconf 79' lang='grc' dir='ltr'>Περὶ</span> <span class='ocrx_word' id='word_1_420' title='bbox 2519 2172 2625 2225; x_wconf 86' lang='grc' dir='ltr'>τοῦ</span> <span class='ocrx_word' id='word_1_421' title='bbox 2649 2172 2791 2237; x_wconf 88' lang='grc' dir='ltr'>τοὺς</span> <span class='ocrx_word' id='word_1_422' title='bbox 2826 2174 3201 2241; x_wconf 76' lang='grc' dir='ltr'>ἐπισκόπους</span> <span class='ocrx_word' id='word_1_423' title='bbox 3222 2178 3319 2229; x_wconf 81' lang='grc' dir='ltr'>καὶ</span> <span class='ocrx_word' id='word_1_424' title='bbox 3353 2177 3497 2243; x_wconf 86' lang='grc' dir='ltr'>τοὺς</span> <span class='ocrx_word' id='word_1_425' title='bbox 3530 2183 3797 2247; x_wconf 69' lang='grc' dir='ltr'>κληριχοίνς</span> 
     </span>
    </p>
   </div>
   <div class='ocr_carea' id='block_1_65' title="bbox 2274 2263 3796 2342">
    <p class='ocr_par' dir='ltr' id='par_1_65' title="bbox 2274 2263 3796 2342">
     <span class='ocr_line' id='line_1_66' title="bbox 2274 2263 3796 2342; baseline 0.009 -27"><span class='ocrx_word' id='word_1_426' title='bbox 2274 2263 2359 2331; x_wconf 78' lang='grc' dir='ltr'><strong>μὴ</strong></span> <span class='ocrx_word' id='word_1_427' title='bbox 2382 2264 2641 2332; x_wconf 82' lang='grc' dir='ltr'><strong>εὐχερῶς</strong></span> <span class='ocrx_word' id='word_1_428' title='bbox 2669 2266 2741 2317; x_wconf 82' lang='grc' dir='ltr'>τὰ</span> <span class='ocrx_word' id='word_1_429' title='bbox 2761 2266 2942 2319; x_wconf 77' lang='grc' dir='ltr'>τέκνα</span> <span class='ocrx_word' id='word_1_430' title='bbox 2972 2267 3170 2321; x_wconf 77' lang='grc' dir='ltr'>αὐτῶν·</span> <span class='ocrx_word' id='word_1_431' title='bbox 3198 2270 3397 2323; x_wconf 75' lang='grc' dir='ltr'>ποιεῖν</span> <span class='ocrx_word' id='word_1_432' title='bbox 3422 2270 3796 2342; x_wconf 70' lang='grc' dir='ltr'>ἐμμαγκίπαῖα.</span> 
     </span>
    </p>
   </div>
   <div class='ocr_carea' id='block_1_66' title="bbox 2350 2354 3798 2433">
    <p class='ocr_par' dir='ltr' id='par_1_66' title="bbox 2350 2354 3798 2433">
     <span class='ocr_line' id='line_1_67' title="bbox 2350 2354 3798 2433; baseline 0.008 -27"><span class='ocrx_word' id='word_1_433' title='bbox 2350 2354 2442 2409; x_wconf 87' lang='grc' dir='ltr'>λε’.</span> <span class='ocrx_word' id='word_1_434' title='bbox 2465 2357 2627 2409; x_wconf 80' lang='grc' dir='ltr'>Ὥστε</span> <span class='ocrx_word' id='word_1_435' title='bbox 2659 2358 2784 2421; x_wconf 80' lang='grc' dir='ltr'>τοὺς</span> <span class='ocrx_word' id='word_1_436' title='bbox 2819 2359 3146 2423; x_wconf 76' lang='grc' dir='ltr'>ἐπισκόπους</span> <span class='ocrx_word' id='word_1_437' title='bbox 3163 2362 3404 2425; x_wconf 75' lang='grc' dir='ltr'>καὶτοὺς</span> <span class='ocrx_word' id='word_1_438' title='bbox 3430 2367 3715 2433; x_wconf 68' lang='grc' dir='ltr'>κληρικοῦς,</span> <span class='ocrx_word' id='word_1_439' title='bbox 3734 2384 3798 2419; x_wconf 61' lang='lat' dir='ltr'><strong>xv.</strong></span> 
     </span>
    </p>
   </div>
   <div class='ocr_carea' id='block_1_67' title="bbox 2280 2447 3800 2520">
    <p class='ocr_par' dir='ltr' id='par_1_67' title="bbox 2280 2447 3800 2520">
     <span class='ocr_line' id='line_1_68' title="bbox 2280 2447 3800 2520; baseline 0.007 -20"><span class='ocrx_word' id='word_1_440' title='bbox 2280 2447 2547 2512; x_wconf 57' lang='lat' dir='ltr'><strong>Tiftéxva</strong></span> <span class='ocrx_word' id='word_1_441' title='bbox 2606 2450 2806 2515; x_wconf 78' lang='grc' dir='ltr'>αὐτῶν,</span> <span class='ocrx_word' id='word_1_442' title='bbox 2849 2452 2923 2520; x_wconf 82' lang='grc' dir='ltr'>μὴ</span> <span class='ocrx_word' id='word_1_443' title='bbox 2978 2452 3072 2520; x_wconf 84' lang='grc' dir='ltr'><strong>ἐᾷν</strong></span> <span class='ocrx_word' id='word_1_444' title='bbox 3129 2453 3494 2518; x_wconf 77' lang='grc' dir='ltr'>αὐτεξουσίως</span> <span class='ocrx_word' id='word_1_445' title='bbox 3531 2456 3720 2509; x_wconf 80' lang='grc' dir='ltr'>ἀπιέναι</span> <span class='ocrx_word' id='word_1_446' title='bbox 3741 2460 3800 2510; x_wconf 69' lang='grc' dir='ltr'>δίει</span> 
     </span>
    </p>
   </div>
   <div class='ocr_carea' id='block_1_68' title="bbox 2280 2539 3800 2616">
    <p class='ocr_par' dir='ltr' id='par_1_68' title="bbox 2280 2539 3800 2616">
     <span class='ocr_line' id='line_1_69' title="bbox 2280 2539 3800 2616; baseline 0.007 -27"><span class='ocrx_word' id='word_1_447' title='bbox 2280 2539 2781 2607; x_wconf 78' lang='grc' dir='ltr'>ἑμμαγκιπατίονος</span> <span class='ocrx_word' id='word_1_448' title='bbox 2811 2558 2826 2573; x_wconf 80' lang='grc' dir='ltr'><strong><em>ο</em></strong></span> <span class='ocrx_word' id='word_1_449' title='bbox 2862 2544 2909 2594; x_wconf 86' lang='grc' dir='ltr'><strong>εί</strong></span> <span class='ocrx_word' id='word_1_450' title='bbox 2946 2544 3019 2612; x_wconf 80' lang='grc' dir='ltr'>μή</span> <span class='ocrx_word' id='word_1_451' title='bbox 3054 2543 3105 2611; x_wconf 89' lang='grc' dir='ltr'>γ’</span> <span class='ocrx_word' id='word_1_452' title='bbox 3130 2545 3194 2597; x_wconf 81' lang='grc' dir='ltr'><strong>ἂν</strong></span> <span class='ocrx_word' id='word_1_453' title='bbox 3236 2544 3315 2607; x_wconf 86' lang='grc' dir='ltr'><strong>είς</strong></span> <span class='ocrx_word' id='word_1_454' title='bbox 3340 2546 3466 2609; x_wconf 83' lang='grc' dir='ltr'>τοὺς</span> <span class='ocrx_word' id='word_1_455' title='bbox 3494 2547 3703 2616; x_wconf 72' lang='grc' dir='ltr'>τρόπους</span> <span class='ocrx_word' id='word_1_456' title='bbox 3734 2555 3800 2599; x_wconf 70' lang='grc' dir='ltr'>καὶ</span> 
     </span>
    </p>
   </div>
   <div class='ocr_carea' id='block_1_69' title="bbox 2281 2632 3801 2708">
    <p class='ocr_par' dir='ltr' id='par_1_69' title="bbox 2281 2632 3801 2708">
     <span class='ocr_line' id='line_1_70' title="bbox 2281 2632 3801 2708; baseline 0.005 -24"><span class='ocrx_word' id='word_1_457' title='bbox 2281 2635 2359 2695; x_wconf 88' lang='grc' dir='ltr'><strong>είς</strong></span> <span class='ocrx_word' id='word_1_458' title='bbox 2394 2632 2490 2702; x_wconf 82' lang='grc' dir='ltr'>τὴν</span> <span class='ocrx_word' id='word_1_459' title='bbox 2526 2634 2741 2703; x_wconf 80' lang='grc' dir='ltr'>ἡλικίαν</span> <span class='ocrx_word' id='word_1_460' title='bbox 2790 2636 2966 2689; x_wconf 77' lang='grc' dir='ltr'>αὐτῶν</span> <span class='ocrx_word' id='word_1_461' title='bbox 3004 2637 3515 2708; x_wconf 79' lang='grc' dir='ltr'>πληροφορηθὼσιν,</span> <span class='ocrx_word' id='word_1_462' title='bbox 3544 2641 3614 2702; x_wconf 86' lang='grc' dir='ltr'><strong>ὡς</strong></span> <span class='ocrx_word' id='word_1_463' title='bbox 3664 2643 3801 2694; x_wconf 63' lang='grc' dir='ltr'>λοιπὸν</span> 
     </span>
    </p>
   </div>
   <div class='ocr_carea' id='block_1_70' title="bbox 2280 2725 3636 2795">
    <p class='ocr_par' dir='ltr' id='par_1_70' title="bbox 2280 2725 3636 2795">
     <span class='ocr_line' id='line_1_71' title="bbox 2280 2725 3636 2795; baseline 0.006 -19"><span class='ocrx_word' id='word_1_464' title='bbox 2280 2725 2348 2776; x_wconf 80' lang='grc' dir='ltr'><strong>τὰ</strong></span> <span class='ocrx_word' id='word_1_465' title='bbox 2382 2725 2757 2795; x_wconf 76' lang='grc' dir='ltr'>ἁμαρτήματα</span> <span class='ocrx_word' id='word_1_466' title='bbox 2793 2727 2970 2780; x_wconf 82' lang='grc' dir='ltr'>αὐτῶν</span> <span class='ocrx_word' id='word_1_467' title='bbox 3006 2729 3298 2791; x_wconf 78' lang='grc' dir='ltr'>εῐςαὺτους</span> <span class='ocrx_word' id='word_1_468' title='bbox 3328 2732 3636 2784; x_wconf 67' lang='grc' dir='ltr'>συντείνειν.</span> 
     </span>
    </p>
   </div>
   <div class='ocr_carea' id='block_1_71' title="bbox 2358 2818 3799 2884">
    <p class='ocr_par' dir='ltr' id='par_1_71' title="bbox 2358 2818 3799 2884">
     <span class='ocr_line' id='line_1_72' title="bbox 2358 2818 3799 2884; baseline 0.004 -15"><span class='ocrx_word' id='word_1_469' title='bbox 2358 2819 2608 2870; x_wconf 82' lang='grc' dir='ltr'><strong>ΚΕΦΑΛ.</strong></span> <span class='ocrx_word' id='word_1_470' title='bbox 2664 2819 2719 2871; x_wconf 91' lang='lat' dir='ltr'><strong>I&#39;.</strong></span> <span class='ocrx_word' id='word_1_471' title='bbox 2776 2850 2845 2860; x_wconf 89' lang='lat'><strong><em>—</em></strong></span> <span class='ocrx_word' id='word_1_472' title='bbox 2882 2818 3011 2884; x_wconf 83' lang='grc' dir='ltr'><strong>Πῶς</strong></span> <span class='ocrx_word' id='word_1_473' title='bbox 3053 2820 3410 2874; x_wconf 74' lang='grc' dir='ltr'>ἐκδικοῖσιν</span> <span class='ocrx_word' id='word_1_474' title='bbox 3440 2824 3492 2874; x_wconf 84' lang='grc' dir='ltr'>οὶ</span> <span class='ocrx_word' id='word_1_475' title='bbox 3535 2823 3799 2877; x_wconf 74' lang='grc' dir='ltr'>ἐπίσκοποι</span> 
     </span>
    </p>
   </div>
   <div class='ocr_carea' id='block_1_72' title="bbox 2284 2908 3804 2981">
    <p class='ocr_par' dir='ltr' id='par_1_72' title="bbox 2284 2908 3804 2981">
     <span class='ocr_line' id='line_1_73' title="bbox 2284 2908 3804 2981; baseline 0.003 -19"><span class='ocrx_word' id='word_1_476' title='bbox 2284 2908 2423 2974; x_wconf 88' lang='grc' dir='ltr'>τοὺς</span> <span class='ocrx_word' id='word_1_477' title='bbox 2454 2909 2817 2978; x_wconf 70' lang='grc' dir='ltr'>ἁρμόζοντας</span> <span class='ocrx_word' id='word_1_478' title='bbox 2858 2911 3061 2976; x_wconf 81' lang='grc' dir='ltr'>αὐτοῖς</span> <span class='ocrx_word' id='word_1_479' title='bbox 3089 2912 3311 2976; x_wconf 75' lang='grc' dir='ltr'>τόπους</span> <span class='ocrx_word' id='word_1_480' title='bbox 3358 2914 3517 2979; x_wconf 75' lang='grc' dir='ltr'>παρὰ</span> <span class='ocrx_word' id='word_1_481' title='bbox 3551 2913 3804 2981; x_wconf 65' lang='grc' dir='ltr'>αἱρετικὼν</span> 
     </span>
    </p>
   </div>
   <div class='ocr_carea' id='block_1_73' title="bbox 2285 3002 2746 3073">
    <p class='ocr_par' dir='ltr' id='par_1_73' title="bbox 2285 3002 2746 3073">
     <span class='ocr_line' id='line_1_74' title="bbox 2285 3002 2746 3073; baseline 0.002 -17"><span class='ocrx_word' id='word_1_482' title='bbox 2285 3002 2746 3073; x_wconf 83' lang='grc' dir='ltr'>κατεχομένους.</span> 
     </span>
    </p>
   </div>
   <div class='ocr_carea' id='block_1_74' title="bbox 2518 3095 3615 3168">
    <p class='ocr_par' dir='ltr' id='par_1_74' title="bbox 2518 3095 3615 3168">
     <span class='ocr_line' id='line_1_75' title="bbox 2518 3095 3615 3168; baseline 0.002 -19"><span class='ocrx_word' id='word_1_483' title='bbox 2518 3095 2787 3149; x_wconf 82' lang='grc' dir='ltr'>Συνόὸου</span> <span class='ocrx_word' id='word_1_484' title='bbox 2822 3096 3237 3164; x_wconf 80' lang='grc' dir='ltr'>Καρθαγὲννης</span> <span class='ocrx_word' id='word_1_485' title='bbox 3258 3097 3463 3151; x_wconf 77' lang='grc' dir='ltr'>κανὼν</span> <span class='ocrx_word' id='word_1_486' title='bbox 3484 3103 3615 3168; x_wconf 82' lang='grc' dir='ltr'>ρκα’.</span> 
     </span>
    </p>
   </div>
   <div class='ocr_carea' id='block_1_75' title="bbox 2207 3164 3806 3257">
    <p class='ocr_par' dir='ltr' id='par_1_75' title="bbox 2207 3164 3806 3257">
     <span class='ocr_line' id='line_1_76' title="bbox 2207 3164 3806 3257; baseline 0 -17"><span class='ocrx_word' id='word_1_487' title='bbox 2207 3164 2251 3223; x_wconf 77' lang='lat' dir='ltr'><strong><em>C</em></strong></span> <span class='ocrx_word' id='word_1_488' title='bbox 2352 3187 2495 3255; x_wconf 80' lang='grc' dir='ltr'>Περὶ</span> <span class='ocrx_word' id='word_1_489' title='bbox 2524 3186 2642 3241; x_wconf 85' lang='grc' dir='ltr'><strong>τῶν</strong></span> <span class='ocrx_word' id='word_1_490' title='bbox 2667 3189 3049 3257; x_wconf 81' lang='grc' dir='ltr'><strong>ἀμελούντων</strong></span> <span class='ocrx_word' id='word_1_491' title='bbox 3087 3187 3203 3241; x_wconf 85' lang='grc' dir='ltr'><strong>τῶν</strong></span> <span class='ocrx_word' id='word_1_492' title='bbox 3252 3164 3806 3257; x_wconf 24' lang='grc' dir='ltr'>(ιῠτοῑςτάνηκόντων</span> 
     </span>
    </p>
   </div>
   <div class='ocr_carea' id='block_1_76' title="bbox 2282 3277 2470 3333">
    <p class='ocr_par' dir='ltr' id='par_1_76' title="bbox 2282 3277 2470 3333">
     <span class='ocr_line' id='line_1_77' title="bbox 2282 3277 2470 3333; baseline 0 0"><span class='ocrx_word' id='word_1_493' title='bbox 2282 3277 2470 3333; x_wconf 68' lang='grc' dir='ltr'><strong>λαῶν.</strong></span> 
     </span>
    </p>
   </div>
   <div class='ocr_carea' id='block_1_77' title="bbox 2355 3370 3807 3447">
    <p class='ocr_par' dir='ltr' id='par_1_77' title="bbox 2355 3370 3807 3447">
     <span class='ocr_line' id='line_1_78' title="bbox 2355 3370 3807 3447; baseline 0.001 -23"><span class='ocrx_word' id='word_1_494' title='bbox 2355 3370 2497 3443; x_wconf 80' lang='grc' dir='ltr'>ρκα’.</span> <span class='ocrx_word' id='word_1_495' title='bbox 2528 3372 2758 3444; x_wconf 84' lang='grc' dir='ltr'>Ὀμοίως</span> <span class='ocrx_word' id='word_1_496' title='bbox 2796 3375 2992 3445; x_wconf 71' lang='grc' dir='ltr'>ἤρεσεν</span> <span class='ocrx_word' id='word_1_497' title='bbox 3022 3374 3105 3428; x_wconf 79' lang='grc' dir='ltr'>ἵνα</span> <span class='ocrx_word' id='word_1_498' title='bbox 3144 3376 3543 3447; x_wconf 81' lang='grc' dir='ltr'>οίτινεσδήποτε</span> <span class='ocrx_word' id='word_1_499' title='bbox 3597 3373 3807 3443; x_wconf 70' lang='grc' dir='ltr'>ἀμελοῦσι</span> 
     </span>
    </p>
   </div>
   <div class='ocr_carea' id='block_1_78' title="bbox 2282 3464 3806 3538">
    <p class='ocr_par' dir='ltr' id='par_1_78' title="bbox 2282 3464 3806 3538">
     <span class='ocr_line' id='line_1_79' title="bbox 2282 3464 3806 3538; baseline -0.001 -20"><span class='ocrx_word' id='word_1_500' title='bbox 2282 3464 2392 3518; x_wconf 81' lang='grc' dir='ltr'><strong>τῶν</strong></span> <span class='ocrx_word' id='word_1_501' title='bbox 2412 3465 2591 3518; x_wconf 88' lang='grc' dir='ltr'>τόπων</span> <span class='ocrx_word' id='word_1_502' title='bbox 2616 3467 2723 3518; x_wconf 84' lang='grc' dir='ltr'>τῶν</span> <span class='ocrx_word' id='word_1_503' title='bbox 2750 3467 3060 3537; x_wconf 73' lang='grc' dir='ltr'>ἀνηκόντων</span> <span class='ocrx_word' id='word_1_504' title='bbox 3122 3471 3187 3538; x_wconf 80' lang='grc' dir='ltr'>τῇ</span> <span class='ocrx_word' id='word_1_505' title='bbox 3230 3469 3410 3520; x_wconf 75' lang='grc' dir='ltr'>αὐτῶν</span> <span class='ocrx_word' id='word_1_506' title='bbox 3464 3469 3684 3538; x_wconf 64' lang='grc' dir='ltr'>καθέδρᾳ</span> <span class='ocrx_word' id='word_1_507' title='bbox 3708 3468 3806 3535; x_wconf 68' lang='grc' dir='ltr'>πρὸς</span> 
     </span>
    </p>
   </div>
   <div class='ocr_carea' id='block_1_79' title="bbox 2282 3557 3807 3632">
    <p class='ocr_par' dir='ltr' id='par_1_79' title="bbox 2282 3557 3807 3632">
     <span class='ocr_line' id='line_1_80' title="bbox 2282 3557 3807 3632; baseline 0.003 -22"><span class='ocrx_word' id='word_1_508' title='bbox 2282 3557 2344 3610; x_wconf 84' lang='grc' dir='ltr'><strong>τὸ</strong></span> <span class='ocrx_word' id='word_1_509' title='bbox 2370 3559 2592 3621; x_wconf 77' lang='grc' dir='ltr'>τούτους</span> <span class='ocrx_word' id='word_1_510' title='bbox 2622 3561 2877 3629; x_wconf 74' lang='grc' dir='ltr'>κερδᾶναι</span> <span class='ocrx_word' id='word_1_511' title='bbox 2906 3562 2984 3623; x_wconf 81' lang='grc' dir='ltr'>εἰς</span> <span class='ocrx_word' id='word_1_512' title='bbox 3007 3560 3103 3630; x_wconf 85' lang='grc' dir='ltr'><strong>τὴν</strong></span> <span class='ocrx_word' id='word_1_513' title='bbox 3135 3561 3431 3631; x_wconf 77' lang='grc' dir='ltr'>καθολικὴν</span> <span class='ocrx_word' id='word_1_514' title='bbox 3473 3562 3706 3632; x_wconf 81' lang='grc' dir='ltr'>ἑνότητα,</span> <span class='ocrx_word' id='word_1_515' title='bbox 3744 3564 3807 3625; x_wconf 65' lang='grc' dir='ltr'>ἐτι</span> 
     </span>
    </p>
   </div>
   <div class='ocr_carea' id='block_1_80' title="bbox 2283 3651 3808 3723">
    <p class='ocr_par' dir='ltr' id='par_1_80' title="bbox 2283 3651 3808 3723">
     <span class='ocr_line' id='line_1_81' title="bbox 2283 3651 3808 3723; baseline -0.001 -19"><span class='ocrx_word' id='word_1_516' title='bbox 2283 3651 2556 3721; x_wconf 80' lang='grc' dir='ltr'>κληθῶσιν</span> <span class='ocrx_word' id='word_1_517' title='bbox 2612 3653 2719 3705; x_wconf 84' lang='grc' dir='ltr'>ἀπὸ</span> <span class='ocrx_word' id='word_1_518' title='bbox 2785 3653 2893 3706; x_wconf 79' lang='grc' dir='ltr'>τῶν</span> <span class='ocrx_word' id='word_1_519' title='bbox 2940 3653 3299 3721; x_wconf 83' lang='grc' dir='ltr'>γειτνιώντων</span> <span class='ocrx_word' id='word_1_520' title='bbox 3355 3655 3541 3716; x_wconf 80' lang='grc' dir='ltr'>αὐτοῖς</span> <span class='ocrx_word' id='word_1_521' title='bbox 3586 3652 3808 3723; x_wconf 63' lang='lat' dir='ltr'><strong>Enipei.er</strong></span> 
     </span>
    </p>
   </div>
   <div class='ocr_carea' id='block_1_81' title="bbox 2284 3742 3803 3813">
    <p class='ocr_par' dir='ltr' id='par_1_81' title="bbox 2284 3742 3803 3813">
     <span class='ocr_line' id='line_1_82' title="bbox 2284 3742 3803 3813; baseline -0.001 -19"><span class='ocrx_word' id='word_1_522' title='bbox 2284 3742 2621 3807; x_wconf 78' lang='grc' dir='ltr'>ἐπισκόπων,</span> <span class='ocrx_word' id='word_1_523' title='bbox 2640 3744 2768 3811; x_wconf 75' lang='grc' dir='ltr'>περὶ</span> <span class='ocrx_word' id='word_1_524' title='bbox 2790 3743 2884 3796; x_wconf 77' lang='grc' dir='ltr'>τοῦ</span> <span class='ocrx_word' id='word_1_525' title='bbox 2910 3744 2983 3813; x_wconf 85' lang='grc' dir='ltr'>μὴ</span> <span class='ocrx_word' id='word_1_526' title='bbox 3013 3744 3580 3797; x_wconf 73' lang='grc' dir='ltr'>ἁναῦἁ).).εσοαιτοῦτο</span> <span class='ocrx_word' id='word_1_527' title='bbox 3603 3742 3771 3813; x_wconf 69' lang='grc' dir='ltr'>πρᾶξαι</span> <span class='ocrx_word' id='word_1_528' title='bbox 3794 3758 3803 3771; x_wconf 82' lang='lat'><strong>&#39;</strong></span> 
     </span>
    </p>
   </div>
   <div class='ocr_carea' id='block_1_82' title="bbox 2283 3832 3806 3909">
    <p class='ocr_par' dir='ltr' id='par_1_82' title="bbox 2283 3832 3806 3909">
     <span class='ocr_line' id='line_1_83' title="bbox 2283 3832 3806 3909; baseline 0.007 -25"><span class='ocrx_word' id='word_1_529' title='bbox 2283 3832 2363 3885; x_wconf 81' lang='grc' dir='ltr'><strong>διὸ</strong></span> <span class='ocrx_word' id='word_1_530' title='bbox 2390 3834 2484 3885; x_wconf 79' lang='grc' dir='ltr'><strong>ἐὰν</strong></span> <span class='ocrx_word' id='word_1_531' title='bbox 2515 3835 2665 3897; x_wconf 84' lang='grc' dir='ltr'>ὲντὸς</span> <span class='ocrx_word' id='word_1_532' title='bbox 2697 3837 3037 3905; x_wconf 86' lang='grc' dir='ltr'>προθεσμίας</span> <span class='ocrx_word' id='word_1_533' title='bbox 3065 3837 3249 3907; x_wconf 83' lang='grc' dir='ltr'>μηνῶν</span> <span class='ocrx_word' id='word_1_534' title='bbox 3279 3838 3362 3902; x_wconf 81' lang='grc' dir='ltr'>ἓξ,</span> <span class='ocrx_word' id='word_1_535' title='bbox 3388 3838 3497 3892; x_wconf 86' lang='grc' dir='ltr'><strong>ἀπὺ</strong></span> <span class='ocrx_word' id='word_1_536' title='bbox 3518 3840 3610 3909; x_wconf 85' lang='grc' dir='ltr'>τῆς</span> <span class='ocrx_word' id='word_1_537' title='bbox 3640 3838 3806 3908; x_wconf 69' lang='grc' dir='ltr'>ἡμέρας</span> 
     </span>
    </p>
   </div>
   <div class='ocr_carea' id='block_1_83' title="bbox 2285 3928 3807 4001">
    <p class='ocr_par' dir='ltr' id='par_1_83' title="bbox 2285 3928 3807 4001">
     <span class='ocr_line' id='line_1_84' title="bbox 2285 3928 3807 4001; baseline 0 -24"><span class='ocrx_word' id='word_1_538' title='bbox 2285 3928 2383 3997; x_wconf 81' lang='grc' dir='ltr'>τῆς</span> <span class='ocrx_word' id='word_1_539' title='bbox 2427 3930 2554 3998; x_wconf 73' lang='grc' dir='ltr'>περὶ</span> <span class='ocrx_word' id='word_1_540' title='bbox 2609 3928 2796 3981; x_wconf 85' lang='grc' dir='ltr'>τοῦτον</span> <span class='ocrx_word' id='word_1_541' title='bbox 2855 3929 3241 3993; x_wconf 84' lang='grc' dir='ltr'>συνελεύσεως,</span> <span class='ocrx_word' id='word_1_542' title='bbox 3284 3932 3455 4001; x_wconf 80' lang='grc' dir='ltr'>μηδὲν</span> <span class='ocrx_word' id='word_1_543' title='bbox 3480 3928 3807 3997; x_wconf 61' lang='grc' dir='ltr'>ἁνύσωσι,,τιξι</span> 
     </span>
    </p>
   </div>
   <div class='ocr_carea' id='block_1_84' title="bbox 2284 4018 3805 4093">
    <p class='ocr_par' dir='ltr' id='par_1_84' title="bbox 2284 4018 3805 4093">
     <span class='ocr_line' id='line_1_85' title="bbox 2284 4018 3805 4093; baseline -0.001 -22"><span class='ocrx_word' id='word_1_544' title='bbox 2284 4018 2565 4089; x_wconf 82' lang='grc' dir='ltr'>δυναμένῳ</span> <span class='ocrx_word' id='word_1_545' title='bbox 2581 4020 2765 4073; x_wconf 84' lang='grc' dir='ltr'>λοιπὸν</span> <span class='ocrx_word' id='word_1_546' title='bbox 2799 4020 3023 4084; x_wconf 82' lang='grc' dir='ltr'>τούτους</span> <span class='ocrx_word' id='word_1_547' title='bbox 3055 4022 3313 4090; x_wconf 81' lang='grc' dir='ltr'>κερδᾶναι</span> <span class='ocrx_word' id='word_1_548' title='bbox 3353 4021 3805 4093; x_wconf 64' lang='grc' dir='ltr'>προσκυρωθῶπψ</span> 
     </span>
    </p>
   </div>
   <div class='ocr_carea' id='block_1_85' title="bbox 2286 4108 3809 4183">
    <p class='ocr_par' dir='ltr' id='par_1_85' title="bbox 2286 4108 3809 4183">
     <span class='ocr_line' id='line_1_86' title="bbox 2286 4108 3809 4183; baseline 0.001 -23"><span class='ocrx_word' id='word_1_549' title='bbox 2286 4108 2456 4172; x_wconf 78' lang='grc' dir='ltr'>οὕτως</span> <span class='ocrx_word' id='word_1_550' title='bbox 2495 4110 2699 4179; x_wconf 86' lang='grc' dir='ltr'>μέντοι,</span> <span class='ocrx_word' id='word_1_551' title='bbox 2724 4110 2811 4164; x_wconf 78' lang='grc' dir='ltr'><strong>ἵνα</strong></span> <span class='ocrx_word' id='word_1_552' title='bbox 2864 4110 2959 4164; x_wconf 81' lang='grc' dir='ltr'>ἐὰν</span> <span class='ocrx_word' id='word_1_553' title='bbox 2993 4112 3200 4175; x_wconf 78' lang='grc' dir='ltr'>ἐκεῖνος</span> <span class='ocrx_word' id='word_1_554' title='bbox 3232 4112 3370 4183; x_wconf 80' lang='grc' dir='ltr'>πρὸς</span> <span class='ocrx_word' id='word_1_555' title='bbox 3402 4113 3463 4165; x_wconf 78' lang='grc' dir='ltr'>ὃν</span> <span class='ocrx_word' id='word_1_556' title='bbox 3501 4113 3809 4165; x_wconf 53' lang='grc' dir='ltr'>ἐνδείκνυνται</span> 
     </span>
    </p>
   </div>
   <div class='ocr_carea' id='block_1_86' title="bbox 2285 4202 3808 4273">
    <p class='ocr_par' dir='ltr' id='par_1_86' title="bbox 2285 4202 3808 4273">
     <span class='ocr_line' id='line_1_87' title="bbox 2285 4202 3808 4273; baseline 0 -18"><span class='ocrx_word' id='word_1_557' title='bbox 2285 4202 2508 4272; x_wconf 85' lang='grc' dir='ltr'>ἀνήκειν</span> <span class='ocrx_word' id='word_1_558' title='bbox 2536 4205 2586 4255; x_wconf 83' lang='lat' dir='ltr'><strong>oi.</strong></span> <span class='ocrx_word' id='word_1_559' title='bbox 2632 4204 2883 4270; x_wconf 84' lang='grc' dir='ltr'>τοιοῦτοι,</span> <span class='ocrx_word' id='word_1_560' title='bbox 2910 4204 3223 4273; x_wconf 76' lang='grc' dir='ltr'>ἐξεπίτηδες</span> <span class='ocrx_word' id='word_1_561' title='bbox 3273 4205 3363 4259; x_wconf 83' lang='grc' dir='ltr'>διά</span> <span class='ocrx_word' id='word_1_562' title='bbox 3389 4223 3512 4257; x_wconf 90' lang='grc' dir='ltr'>τινα</span> <span class='ocrx_word' id='word_1_563' title='bbox 3552 4203 3808 4271; x_wconf 65' lang='grc' dir='ltr'>οἰκονομίαν</span> 
     </span>
    </p>
   </div>
   <div class='ocr_carea' id='block_1_87' title="bbox 2286 4295 3806 4373">
    <p class='ocr_par' dir='ltr' id='par_1_87' title="bbox 2286 4295 3806 4369">
     <span class='ocr_line' id='line_1_88' title="bbox 2286 4295 3806 4369; baseline -0.002 -21"><span class='ocrx_word' id='word_1_564' title='bbox 2286 4295 2462 4361; x_wconf 76' lang='grc' dir='ltr'>ἔδοξεν</span> <span class='ocrx_word' id='word_1_565' title='bbox 2501 4297 2742 4367; x_wconf 81' lang='grc' dir='ltr'>ἀμελεῖν,</span> <span class='ocrx_word' id='word_1_566' title='bbox 2766 4297 2924 4350; x_wconf 81' lang='grc' dir='ltr'>τοῦτο</span> <span class='ocrx_word' id='word_1_567' title='bbox 2948 4298 3056 4351; x_wconf 86' lang='grc' dir='ltr'><strong>τῶν</strong></span> <span class='ocrx_word' id='word_1_568' title='bbox 3083 4299 3377 4369; x_wconf 84' lang='grc' dir='ltr'>αίρετικῶν</span> <span class='ocrx_word' id='word_1_569' title='bbox 3423 4297 3806 4367; x_wconf 61' lang='grc' dir='ltr'>ἐπιλεξαμένωψ</span> 
     </span>
    </p>
   </div>
   <div class='ocr_carea' id='block_1_88' title="bbox 2287 4387 3809 4462">
    <p class='ocr_par' dir='ltr' id='par_1_88' title="bbox 2287 4387 3809 4462">
     <span class='ocr_line' id='line_1_89' title="bbox 2287 4387 3809 4462; baseline -0.004 -20"><span class='ocrx_word' id='word_1_570' title='bbox 2287 4388 2429 4442; x_wconf 83' lang='grc' dir='ltr'>ὥστε</span> <span class='ocrx_word' id='word_1_571' title='bbox 2451 4390 2731 4461; x_wconf 77' lang='grc' dir='ltr'>ἀθορύϐως</span> <span class='ocrx_word' id='word_1_572' title='bbox 2763 4391 2959 4454; x_wconf 79' lang='grc' dir='ltr'>αὐτοὺς</span> <span class='ocrx_word' id='word_1_573' title='bbox 2986 4390 3416 4462; x_wconf 77' lang='grc' dir='ltr'>παραδέξασθαι,</span> <span class='ocrx_word' id='word_1_574' title='bbox 3440 4392 3533 4444; x_wconf 76' lang='grc' dir='ltr'><strong>καὶ</strong></span> <span class='ocrx_word' id='word_1_575' title='bbox 3556 4393 3608 4443; x_wconf 81' lang='grc' dir='ltr'>ὲν</span> <span class='ocrx_word' id='word_1_576' title='bbox 3622 4387 3809 4452; x_wconf 72' lang='grc' dir='ltr'>τοςούτῳ</span> 
     </span>
    </p>
   </div>
   <div class='ocr_carea' id='block_1_89' title="bbox 607 4478 2180 4556">
    <p class='ocr_par' dir='ltr' id='par_1_89' title="bbox 607 4481 2180 4556">
     <span class='ocr_line' id='line_1_90' title="bbox 607 4481 2180 4556; baseline -0.005 -15"><span class='ocrx_word' id='word_1_577' title='bbox 607 4487 749 4541; x_wconf 88' lang='lat' dir='ltr'><strong>Sane</strong></span> <span class='ocrx_word' id='word_1_578' title='bbox 789 4487 833 4540; x_wconf 87' lang='lat' dir='ltr'><strong>si</strong></span> <span class='ocrx_word' id='word_1_579' title='bbox 869 4485 1147 4556; x_wconf 86' lang='lat' dir='ltr'><strong>episcopi,</strong></span> <span class='ocrx_word' id='word_1_580' title='bbox 1198 4486 1341 4538; x_wconf 90' lang='lat' dir='ltr'><strong>inter</strong></span> <span class='ocrx_word' id='word_1_581' title='bbox 1378 4497 1514 4550; x_wconf 92' lang='lat' dir='ltr'><strong>quos</strong></span> <span class='ocrx_word' id='word_1_582' title='bbox 1563 4496 1728 4535; x_wconf 90' lang='lat' dir='ltr'><strong>causa</strong></span> <span class='ocrx_word' id='word_1_583' title='bbox 1777 4490 2046 4547; x_wconf 83' lang='lat' dir='ltr'><strong>versatur,</strong></span> <span class='ocrx_word' id='word_1_584' title='bbox 2098 4481 2180 4535; x_wconf 88' lang='lat' dir='ltr'><strong>di-</strong></span> 
     </span>
    </p>
   </div>
   <div class='ocr_carea' id='block_1_90' title="bbox 2280 4478 3810 4556">
    <p class='ocr_par' dir='ltr' id='par_1_90' title="bbox 2289 4478 3810 4555">
     <span class='ocr_line' id='line_1_91' title="bbox 2289 4478 3810 4555; baseline -0.004 -19"><span class='ocrx_word' id='word_1_585' title='bbox 2289 4484 2322 4553; x_wconf 82' lang='grc' dir='ltr'>ή</span> <span class='ocrx_word' id='word_1_586' title='bbox 2348 4483 2511 4536; x_wconf 79' lang='grc' dir='ltr'>αὑτοῦ</span> <span class='ocrx_word' id='word_1_587' title='bbox 2536 4484 2822 4554; x_wconf 82' lang='grc' dir='ltr'>ἐπιμέλεια</span> <span class='ocrx_word' id='word_1_588' title='bbox 2856 4484 2957 4537; x_wconf 73' lang='grc' dir='ltr'>ὑπὸ</span> <span class='ocrx_word' id='word_1_589' title='bbox 2985 4485 3170 4554; x_wconf 82' lang='grc' dir='ltr'>ἑτέρου</span> <span class='ocrx_word' id='word_1_590' title='bbox 3195 4484 3536 4555; x_wconf 78' lang='grc' dir='ltr'>προελήφθη,</span> <span class='ocrx_word' id='word_1_591' title='bbox 3560 4478 3686 4555; x_wconf 74' lang='grc' dir='ltr'>ᾗτινι</span> <span class='ocrx_word' id='word_1_592' title='bbox 3712 4496 3810 4532; x_wconf 65' lang='grc' dir='ltr'>κατε</span> 
     </span>
    </p>
   </div>
   <div class='ocr_carea' id='block_1_91' title="bbox 605 4571 2182 4645">
    <p class='ocr_par' dir='ltr' id='par_1_91' title="bbox 605 4571 2182 4645">
     <span class='ocr_line' id='line_1_92' title="bbox 605 4571 2182 4645; baseline -0.004 -14"><span class='ocrx_word' id='word_1_593' title='bbox 605 4592 884 4631; x_wconf 86' lang='lat' dir='ltr'><strong>versarum</strong></span> <span class='ocrx_word' id='word_1_594' title='bbox 935 4575 1341 4645; x_wconf 84' lang='lat' dir='ltr'><strong>provinciarum</strong></span> <span class='ocrx_word' id='word_1_595' title='bbox 1391 4581 1538 4633; x_wconf 89' lang='lat' dir='ltr'><strong>sunt,</strong></span> <span class='ocrx_word' id='word_1_596' title='bbox 1589 4571 1675 4625; x_wconf 90' lang='lat' dir='ltr'><strong>ille</strong></span> <span class='ocrx_word' id='word_1_597' title='bbox 1720 4571 1925 4640; x_wconf 89' lang='lat' dir='ltr'><strong>primas</strong></span> <span class='ocrx_word' id='word_1_598' title='bbox 1963 4571 2053 4625; x_wconf 81' lang='lat' dir='ltr'><strong>det</strong></span> <span class='ocrx_word' id='word_1_599' title='bbox 2088 4571 2182 4639; x_wconf 85' lang='lat' dir='ltr'><strong>ju-</strong></span> 
     </span>
    </p>
   </div>
   <div class='ocr_carea' id='block_1_92' title="bbox 603 4665 2187 4739">
    <p class='ocr_par' dir='ltr' id='par_1_92' title="bbox 603 4665 2187 4739">
     <span class='ocr_line' id='line_1_93' title="bbox 603 4665 2187 4739; baseline -0.004 -14"><span class='ocrx_word' id='word_1_600' title='bbox 603 4670 777 4735; x_wconf 82' lang='lat' dir='ltr'><strong>dices,</strong></span> <span class='ocrx_word' id='word_1_601' title='bbox 819 4670 872 4723; x_wconf 90' lang='lat' dir='ltr'><strong>in</strong></span> <span class='ocrx_word' id='word_1_602' title='bbox 906 4670 1067 4739; x_wconf 82' lang='lat' dir='ltr'><strong>cujus</strong></span> <span class='ocrx_word' id='word_1_603' title='bbox 1098 4667 1375 4736; x_wconf 75' lang='lat' dir='ltr'><strong>provincia</strong></span> <span class='ocrx_word' id='word_1_604' title='bbox 1406 4676 1491 4718; x_wconf 87' lang='lat' dir='ltr'><strong>est</strong></span> <span class='ocrx_word' id='word_1_605' title='bbox 1545 4665 1697 4719; x_wconf 89' lang='lat' dir='ltr'><strong>locus</strong></span> <span class='ocrx_word' id='word_1_606' title='bbox 1724 4665 1790 4718; x_wconf 86' lang='lat' dir='ltr'><strong>de</strong></span> <span class='ocrx_word' id='word_1_607' title='bbox 1822 4681 1930 4733; x_wconf 86' lang='lat' dir='ltr'><strong>quo</strong></span> <span class='ocrx_word' id='word_1_608' title='bbox 1961 4675 2187 4719; x_wconf 87' lang='lat' dir='ltr'><strong>conten-</strong></span> 
     </span>
    </p>
   </div>
   <div class='ocr_carea' id='block_1_93' title="bbox 608 4755 2186 4827">
    <p class='ocr_par' dir='ltr' id='par_1_93' title="bbox 608 4755 2186 4827">
     <span class='ocr_line' id='line_1_94' title="bbox 608 4755 2186 4827; baseline -0.003 -12"><span class='ocrx_word' id='word_1_609' title='bbox 608 4767 780 4816; x_wconf 72' lang='lat' dir='ltr'><strong>t.itur.</strong></span> <span class='ocrx_word' id='word_1_610' title='bbox 809 4760 867 4815; x_wconf 91' lang='lat' dir='ltr'><strong>Si</strong></span> <span class='ocrx_word' id='word_1_611' title='bbox 901 4770 1084 4815; x_wconf 83' lang='lat' dir='ltr'><strong>autent</strong></span> <span class='ocrx_word' id='word_1_612' title='bbox 1122 4775 1189 4813; x_wconf 80' lang='lat' dir='ltr'><strong>ex</strong></span> <span class='ocrx_word' id='word_1_613' title='bbox 1216 4758 1490 4813; x_wconf 91' lang='lat' dir='ltr'><strong>communi</strong></span> <span class='ocrx_word' id='word_1_614' title='bbox 1522 4756 1716 4827; x_wconf 89' lang='lat' dir='ltr'><strong>placito</strong></span> <span class='ocrx_word' id='word_1_615' title='bbox 1741 4756 1947 4811; x_wconf 90' lang='lat' dir='ltr'><strong>vicinos</strong></span> <span class='ocrx_word' id='word_1_616' title='bbox 1974 4755 2186 4825; x_wconf 87' lang='lat' dir='ltr'><strong>judiccs</strong></span> 
     </span>
    </p>
   </div>
   <div class='ocr_carea' id='block_1_94' title="bbox 605 4850 2186 4924">
    <p class='ocr_par' dir='ltr' id='par_1_94' title="bbox 605 4850 2186 4924">
     <span class='ocr_line' id='line_1_95' title="bbox 605 4850 2186 4924; baseline -0.004 -15"><span class='ocrx_word' id='word_1_617' title='bbox 605 4856 891 4924; x_wconf 80' lang='lat' dir='ltr'><strong>elegerint,</strong></span> <span class='ocrx_word' id='word_1_618' title='bbox 938 4862 1034 4907; x_wconf 87' lang='lat' dir='ltr'><strong>aut</strong></span> <span class='ocrx_word' id='word_1_619' title='bbox 1083 4866 1222 4905; x_wconf 91' lang='lat' dir='ltr'><strong>unus</strong></span> <span class='ocrx_word' id='word_1_620' title='bbox 1267 4850 1521 4919; x_wconf 79' lang='lat' dir='ltr'><strong>eligatur,</strong></span> <span class='ocrx_word' id='word_1_621' title='bbox 1575 4857 1671 4903; x_wconf 87' lang='lat' dir='ltr'><strong>aut</strong></span> <span class='ocrx_word' id='word_1_622' title='bbox 1717 4858 1867 4904; x_wconf 85' lang='lat' dir='ltr'><strong>tres:</strong></span> <span class='ocrx_word' id='word_1_623' title='bbox 1901 4857 1957 4902; x_wconf 89' lang='lat' dir='ltr'><strong>ut</strong></span> <span class='ocrx_word' id='word_1_624' title='bbox 1994 4850 2040 4905; x_wconf 87' lang='lat' dir='ltr'><strong>si</strong></span> <span class='ocrx_word' id='word_1_625' title='bbox 2078 4857 2186 4903; x_wconf 84' lang='lat' dir='ltr'><strong>tres</strong></span> 
     </span>
    </p>
   </div>
   <div class='ocr_carea' id='block_1_95' title="bbox 604 4942 2188 5015">
    <p class='ocr_par' dir='ltr' id='par_1_95' title="bbox 604 4942 2188 5015">
     <span class='ocr_line' id='line_1_96' title="bbox 604 4942 2188 5015; baseline -0.004 -15"><span class='ocrx_word' id='word_1_626' title='bbox 604 4947 894 5015; x_wconf 76' lang='lat' dir='ltr'><strong>elegerint,</strong></span> <span class='ocrx_word' id='word_1_627' title='bbox 969 4943 1215 4998; x_wconf 83' lang='lat' dir='ltr'><strong>omnium</strong></span> <span class='ocrx_word' id='word_1_628' title='bbox 1291 4942 1613 4996; x_wconf 85' lang='lat' dir='ltr'><strong>sententiam</strong></span> <span class='ocrx_word' id='word_1_629' title='bbox 1686 4953 2019 5009; x_wconf 85' lang='lat' dir='ltr'><strong>sequantur,</strong></span> <span class='ocrx_word' id='word_1_630' title='bbox 2091 4951 2188 4994; x_wconf 84' lang='lat' dir='ltr'><strong>aut</strong></span> 
     </span>
    </p>
   </div>
   <div class='ocr_carea' id='block_1_96' title="bbox 607 5040 863 5092">
    <p class='ocr_par' dir='ltr' id='par_1_96' title="bbox 607 5040 863 5092">
     <span class='ocr_line' id='line_1_97' title="bbox 607 5040 863 5092; baseline -0.016 0"><span class='ocrx_word' id='word_1_631' title='bbox 607 5040 863 5092; x_wconf 89' lang='lat' dir='ltr'><strong>duorum.</strong></span> 
     </span>
    </p>
   </div>
   <div class='ocr_carea' id='block_1_97' title="bbox 2290 4573 3809 4644">
    <p class='ocr_par' dir='ltr' id='par_1_97' title="bbox 2290 4573 3809 4644">
     <span class='ocr_line' id='line_1_98' title="bbox 2290 4573 3809 4644; baseline 0.001 -19"><span class='ocrx_word' id='word_1_632' title='bbox 2290 4575 2588 4644; x_wconf 84' lang='grc' dir='ltr'>εχρήσατο,</span> <span class='ocrx_word' id='word_1_633' title='bbox 2651 4576 2777 4638; x_wconf 79' lang='grc' dir='ltr'>τοὺς</span> <span class='ocrx_word' id='word_1_634' title='bbox 2820 4576 3015 4638; x_wconf 69' lang='grc' dir='ltr'>αὐτοὺς</span> <span class='ocrx_word' id='word_1_635' title='bbox 3057 4577 3370 4641; x_wconf 74' lang='grc' dir='ltr'>αίρετικοὺς</span> <span class='ocrx_word' id='word_1_636' title='bbox 3442 4577 3595 4629; x_wconf 77' lang='grc' dir='ltr'>πλέον</span> <span class='ocrx_word' id='word_1_637' title='bbox 3633 4573 3809 4637; x_wconf 69' lang='grc' dir='ltr'>ὲκᾲκιζε</span> 
     </span>
    </p>
   </div>
   <div class='ocr_carea' id='block_1_98' title="bbox 2282 4662 3809 4739">
    <p class='ocr_par' dir='ltr' id='par_1_98' title="bbox 2282 4662 3809 4739">
     <span class='ocr_line' id='line_1_99' title="bbox 2282 4662 3809 4739; baseline -0.002 -22"><span class='ocrx_word' id='word_1_638' title='bbox 2282 4666 2472 4718; x_wconf 78' lang='grc' dir='ltr'>τούτου</span> <span class='ocrx_word' id='word_1_639' title='bbox 2500 4666 2702 4735; x_wconf 83' lang='grc' dir='ltr'>μεταξὺ</span> <span class='ocrx_word' id='word_1_640' title='bbox 2741 4669 3054 4721; x_wconf 79' lang='grc' dir='ltr'>ἐπισκόπων</span> <span class='ocrx_word' id='word_1_641' title='bbox 3087 4668 3385 4739; x_wconf 89' lang='grc' dir='ltr'>κρινόντων</span> <span class='ocrx_word' id='word_1_642' title='bbox 3440 4662 3809 4737; x_wconf 76' lang='grc' dir='ltr'>διαγινωσκομέ-</span> 
     </span>
    </p>
   </div>
   <div class='ocr_carea' id='block_1_99' title="bbox 2287 4756 3811 4831">
    <p class='ocr_par' dir='ltr' id='par_1_99' title="bbox 2287 4756 3811 4831">
     <span class='ocr_line' id='line_1_100' title="bbox 2287 4756 3811 4831; baseline -0.001 -21"><span class='ocrx_word' id='word_1_643' title='bbox 2287 4774 2401 4820; x_wconf 86' lang='grc' dir='ltr'>νου,</span> <span class='ocrx_word' id='word_1_644' title='bbox 2434 4759 2482 4810; x_wconf 84' lang='grc' dir='ltr'><strong>οἱ</strong></span> <span class='ocrx_word' id='word_1_645' title='bbox 2521 4757 2674 4812; x_wconf 83' lang='grc' dir='ltr'>τόποι</span> <span class='ocrx_word' id='word_1_646' title='bbox 2720 4761 2785 4829; x_wconf 83' lang='grc' dir='ltr'>τῇ</span> <span class='ocrx_word' id='word_1_647' title='bbox 2832 4760 2995 4813; x_wconf 81' lang='grc' dir='ltr'>αὐτοῦ</span> <span class='ocrx_word' id='word_1_648' title='bbox 3038 4760 3278 4831; x_wconf 77' lang='grc' dir='ltr'>καθέδρα</span> <span class='ocrx_word' id='word_1_649' title='bbox 3328 4756 3811 4812; x_wconf 75' lang='grc' dir='ltr'>ἀποκατασταθώσε’</span> 
     </span>
    </p>
   </div>
   <div class='ocr_carea' id='block_1_100' title="bbox 2283 4847 3812 4921">
    <p class='ocr_par' dir='ltr' id='par_1_100' title="bbox 2283 4847 3812 4921">
     <span class='ocr_line' id='line_1_101' title="bbox 2283 4847 3812 4921; baseline -0.002 -22"><span class='ocrx_word' id='word_1_650' title='bbox 2283 4848 2392 4900; x_wconf 82' lang='grc' dir='ltr'>τῶν</span> <span class='ocrx_word' id='word_1_651' title='bbox 2438 4849 2495 4901; x_wconf 85' lang='grc' dir='ltr'>δὲ</span> <span class='ocrx_word' id='word_1_652' title='bbox 2549 4852 2841 4921; x_wconf 86' lang='grc' dir='ltr'>κρινόντων</span> <span class='ocrx_word' id='word_1_653' title='bbox 2885 4852 3222 4917; x_wconf 77' lang='grc' dir='ltr'>ἐπισκόπων,</span> <span class='ocrx_word' id='word_1_654' title='bbox 3278 4854 3344 4905; x_wconf 84' lang='grc' dir='ltr'>ὲκ</span> <span class='ocrx_word' id='word_1_655' title='bbox 3391 4852 3653 4919; x_wconf 78' lang='grc' dir='ltr'>διαφόρων</span> <span class='ocrx_word' id='word_1_656' title='bbox 3683 4847 3812 4900; x_wconf 70' lang='grc' dir='ltr'>ὅντων</span> 
     </span>
    </p>
   </div>
   <div class='ocr_carea' id='block_1_101' title="bbox 2285 4938 3810 5011">
    <p class='ocr_par' dir='ltr' id='par_1_101' title="bbox 2285 4938 3810 5011">
     <span class='ocr_line' id='line_1_102' title="bbox 2285 4938 3810 5011; baseline -0.002 -24"><span class='ocrx_word' id='word_1_657' title='bbox 2285 4939 2585 5008; x_wconf 72' lang='grc' dir='ltr'>ἐπαρχιῶν,</span> <span class='ocrx_word' id='word_1_658' title='bbox 2613 4942 2816 5002; x_wconf 83' lang='grc' dir='ltr'>ἐκεῖνος</span> <span class='ocrx_word' id='word_1_659' title='bbox 2841 4942 2868 4992; x_wconf 90' lang='grc' dir='ltr'>ὁ</span> <span class='ocrx_word' id='word_1_660' title='bbox 2895 4941 3192 5011; x_wconf 70' lang='grc' dir='ltr'>πρωτεύων</span> <span class='ocrx_word' id='word_1_661' title='bbox 3222 4943 3347 5002; x_wconf 77' lang='grc' dir='ltr'>τοὺς</span> <span class='ocrx_word' id='word_1_662' title='bbox 3377 4941 3632 5001; x_wconf 73' lang='grc' dir='ltr'>δικαστὰς</span> <span class='ocrx_word' id='word_1_663' title='bbox 3671 4938 3810 4988; x_wconf 77' lang='grc' dir='ltr'>δώσει.</span> 
     </span>
    </p>
   </div>
   <div class='ocr_carea' id='block_1_102' title="bbox 2285 5019 3812 5103">
    <p class='ocr_par' dir='ltr' id='par_1_102' title="bbox 2285 5019 3812 5103">
     <span class='ocr_line' id='line_1_103' title="bbox 2285 5019 3812 5103; baseline -0.002 -20"><span class='ocrx_word' id='word_1_664' title='bbox 2285 5025 2493 5093; x_wconf 70' lang='grc' dir='ltr'>οὗτινος</span> <span class='ocrx_word' id='word_1_665' title='bbox 2534 5034 2590 5082; x_wconf 79' lang='grc' dir='ltr'>ἐν</span> <span class='ocrx_word' id='word_1_666' title='bbox 2620 5034 2684 5101; x_wconf 86' lang='grc' dir='ltr'>τῇ</span> <span class='ocrx_word' id='word_1_667' title='bbox 2730 5031 2884 5102; x_wconf 68' lang='grc' dir='ltr'>χώρα</span> <span class='ocrx_word' id='word_1_668' title='bbox 2908 5035 2937 5085; x_wconf 89' lang='grc' dir='ltr'>ὁ</span> <span class='ocrx_word' id='word_1_669' title='bbox 2986 5033 3148 5095; x_wconf 78' lang='grc' dir='ltr'>αὐτὸς</span> <span class='ocrx_word' id='word_1_670' title='bbox 3180 5033 3414 5103; x_wconf 78' lang='grc' dir='ltr'>ὑπάρχει</span> <span class='ocrx_word' id='word_1_671' title='bbox 3450 5033 3625 5092; x_wconf 82' lang='grc' dir='ltr'>τόπος,</span> <span class='ocrx_word' id='word_1_672' title='bbox 3646 5019 3812 5097; x_wconf 65' lang='lat' dir='ltr'><strong>aspicit</strong></span> 
     </span>
    </p>
   </div>
   <div class='ocr_carea' id='block_1_103' title="bbox 608 5124 3809 5201">
    <p class='ocr_par' dir='ltr' id='par_1_103' title="bbox 608 5124 3809 5201">
     <span class='ocr_line' id='line_1_104' title="bbox 608 5124 3809 5201; baseline 0 -18"><span class='ocrx_word' id='word_1_673' title='bbox 608 5131 993 5201; x_wconf 86' lang='grc' dir='ltr'>φιλονεικεῖται</span> <span class='ocrx_word' id='word_1_674' title='bbox 1030 5144 1043 5157; x_wconf 93' lang='grc'>·</span> <span class='ocrx_word' id='word_1_675' title='bbox 1078 5126 1173 5181; x_wconf 74' lang='grc' dir='ltr'><strong>ἐὰν</strong></span> <span class='ocrx_word' id='word_1_676' title='bbox 1202 5125 1261 5180; x_wconf 83' lang='grc' dir='ltr'>δὲ</span> <span class='ocrx_word' id='word_1_677' title='bbox 1320 5125 1462 5179; x_wconf 84' lang='grc' dir='ltr'>κατὰ</span> <span class='ocrx_word' id='word_1_678' title='bbox 1526 5124 1709 5195; x_wconf 82' lang='grc' dir='ltr'>κοινὴν</span> <span class='ocrx_word' id='word_1_679' title='bbox 1756 5126 2085 5190; x_wconf 86' lang='grc' dir='ltr'>συναίνεσιν,</span> <span class='ocrx_word' id='word_1_680' title='bbox 2154 5127 2398 5194; x_wconf 74' lang='grc' dir='ltr'>γείτονας</span> <span class='ocrx_word' id='word_1_681' title='bbox 2454 5127 2811 5190; x_wconf 74' lang='grc' dir='ltr'>ἐπιλέξωνται</span> <span class='ocrx_word' id='word_1_682' title='bbox 2854 5128 3067 5197; x_wconf 76' lang='grc' dir='ltr'>κριτὰς,</span> <span class='ocrx_word' id='word_1_683' title='bbox 3130 5128 3164 5199; x_wconf 82' lang='grc' dir='ltr'>ἦ</span> <span class='ocrx_word' id='word_1_684' title='bbox 3200 5124 3280 5191; x_wconf 73' lang='grc' dir='ltr'>εἷς</span> <span class='ocrx_word' id='word_1_685' title='bbox 3310 5130 3537 5198; x_wconf 74' lang='grc' dir='ltr'>ἐπιλεγῇ</span> <span class='ocrx_word' id='word_1_686' title='bbox 3576 5128 3606 5197; x_wconf 83' lang='grc' dir='ltr'>ἢ</span> <span class='ocrx_word' id='word_1_687' title='bbox 3644 5126 3767 5195; x_wconf 77' lang='grc' dir='ltr'>τρεῖς</span> <span class='ocrx_word' id='word_1_688' title='bbox 3800 5137 3809 5147; x_wconf 87' lang='lat'><strong>‘</strong></span> 
     </span>
    </p>
   </div>
   <div class='ocr_carea' id='block_1_104' title="bbox 612 5218 3037 5292">
    <p class='ocr_par' dir='ltr' id='par_1_104' title="bbox 612 5218 3037 5292">
     <span class='ocr_line' id='line_1_105' title="bbox 612 5218 3037 5292; baseline -0.001 -16"><span class='ocrx_word' id='word_1_689' title='bbox 612 5225 705 5276; x_wconf 68' lang='grc' dir='ltr'>καὶ</span> <span class='ocrx_word' id='word_1_690' title='bbox 727 5225 819 5276; x_wconf 75' lang='grc' dir='ltr'>ἐὰν</span> <span class='ocrx_word' id='word_1_691' title='bbox 841 5226 986 5291; x_wconf 78' lang='grc' dir='ltr'>τρεῖς</span> <span class='ocrx_word' id='word_1_692' title='bbox 1018 5220 1397 5284; x_wconf 78' lang='grc' dir='ltr'>ὲπιλέξωνται,</span> <span class='ocrx_word' id='word_1_693' title='bbox 1430 5219 1461 5289; x_wconf 85' lang='grc' dir='ltr'>ἢ</span> <span class='ocrx_word' id='word_1_694' title='bbox 1488 5223 1553 5290; x_wconf 81' lang='grc' dir='ltr'>τῇ</span> <span class='ocrx_word' id='word_1_695' title='bbox 1582 5220 1689 5272; x_wconf 86' lang='grc' dir='ltr'><strong>τῶν</strong></span> <span class='ocrx_word' id='word_1_696' title='bbox 1714 5219 1851 5271; x_wconf 79' lang='grc' dir='ltr'>ὅλων</span> <span class='ocrx_word' id='word_1_697' title='bbox 1879 5218 2043 5288; x_wconf 68' lang='grc' dir='ltr'>ψήφῳ</span> <span class='ocrx_word' id='word_1_698' title='bbox 2065 5221 2611 5291; x_wconf 73' lang='grc' dir='ltr'>ὲπακολουθήοουσιν,</span> <span class='ocrx_word' id='word_1_699' title='bbox 2640 5222 2672 5292; x_wconf 83' lang='grc' dir='ltr'>ἣ</span> <span class='ocrx_word' id='word_1_700' title='bbox 2706 5226 2770 5292; x_wconf 84' lang='grc' dir='ltr'>τῇ</span> <span class='ocrx_word' id='word_1_701' title='bbox 2797 5222 2901 5274; x_wconf 80' lang='grc' dir='ltr'><strong>τῶν</strong></span> <span class='ocrx_word' id='word_1_702' title='bbox 2927 5222 3037 5275; x_wconf 74' lang='grc' dir='ltr'>δύο.</span> 
     </span>
    </p>
   </div>
   <div class='ocr_carea' id='block_1_105' title="bbox 685 5315 2190 5382">
    <p class='ocr_par' dir='ltr' id='par_1_105' title="bbox 685 5315 2190 5382">
     <span class='ocr_line' id='line_1_106' title="bbox 685 5315 2190 5382; baseline -0.003 -9"><span class='ocrx_word' id='word_1_703' title='bbox 685 5318 906 5373; x_wconf 70' lang='lat' dir='ltr'><strong>Norella</strong></span> <span class='ocrx_word' id='word_1_704' title='bbox 932 5320 998 5373; x_wconf 84' lang='grc'><strong>’57</strong></span> <span class='ocrx_word' id='word_1_705' title='bbox 1026 5320 1135 5382; x_wconf 85' lang='lat' dir='ltr'><strong>ait,</strong></span> <span class='ocrx_word' id='word_1_706' title='bbox 1170 5316 1435 5370; x_wconf 79' lang='lat' dir='ltr'><strong>Ecclesias</strong></span> <span class='ocrx_word' id='word_1_707' title='bbox 1464 5315 1658 5368; x_wconf 66' lang='lat' dir='ltr'><strong>Africae</strong></span> <span class='ocrx_word' id='word_1_708' title='bbox 1698 5315 1920 5368; x_wconf 84' lang='lat' dir='ltr'><strong>ﬁrmiter</strong></span> <span class='ocrx_word' id='word_1_709' title='bbox 1944 5315 2190 5369; x_wconf 85' lang='lat' dir='ltr'><strong>obtinch</strong></span> 
     </span>
    </p>
   </div>
   <div class='ocr_carea' id='block_1_106' title="bbox 610 5408 2174 5487">
    <p class='ocr_par' dir='ltr' id='par_1_106' title="bbox 610 5408 2174 5487">
     <span class='ocr_line' id='line_1_107' title="bbox 610 5408 2174 5487; baseline -0.006 -17"><span class='ocrx_word' id='word_1_710' title='bbox 610 5414 984 5485; x_wconf 73' lang='lat' dir='ltr'><strong>possessiones</strong></span> <span class='ocrx_word' id='word_1_711' title='bbox 1007 5428 1136 5485; x_wconf 88' lang='lat' dir='ltr'><strong>suas</strong></span> <span class='ocrx_word' id='word_1_712' title='bbox 1158 5420 1247 5487; x_wconf 69' lang='grc' dir='ltr'><strong>εει</strong></span> <span class='ocrx_word' id='word_1_713' title='bbox 1272 5409 1316 5462; x_wconf 89' lang='lat' dir='ltr'><strong>si</strong></span> <span class='ocrx_word' id='word_1_714' title='bbox 1351 5411 1544 5480; x_wconf 76' lang='lat' dir='ltr'><strong>pagani</strong></span> <span class='ocrx_word' id='word_1_715' title='bbox 1566 5418 1659 5463; x_wconf 88' lang='lat' dir='ltr'><strong>aut</strong></span> <span class='ocrx_word' id='word_1_716' title='bbox 1681 5408 1917 5462; x_wconf 67' lang='lat' dir='ltr'><strong>haeretici</strong></span> <span class='ocrx_word' id='word_1_717' title='bbox 1937 5408 2048 5477; x_wconf 87' lang='lat' dir='ltr'><strong>ipsa</strong></span> <span class='ocrx_word' id='word_1_718' title='bbox 2060 5424 2174 5461; x_wconf 80' lang='lat' dir='ltr'><strong>runt</strong></span> 
     </span>
    </p>
   </div>
   <div class='ocr_carea' id='block_1_107' title="bbox 686 5585 1995 5659">
    <p class='ocr_par' dir='ltr' id='par_1_107' title="bbox 686 5585 1995 5659">
     <span class='ocr_line' id='line_1_108' title="bbox 686 5585 1995 5659; baseline -0.002 -16"><span class='ocrx_word' id='word_1_719' title='bbox 686 5590 732 5625; x_wconf 77' lang='grc'><strong>⁸⁸</strong></span> <span class='ocrx_word' id='word_1_720' title='bbox 763 5589 931 5645; x_wconf 89' lang='lat' dir='ltr'><strong>Conc.</strong></span> <span class='ocrx_word' id='word_1_721' title='bbox 965 5590 1227 5659; x_wconf 82' lang='lat' dir='ltr'><strong>Carthag.</strong></span> <span class='ocrx_word' id='word_1_722' title='bbox 1257 5602 1335 5651; x_wconf 87' lang='grc' dir='ltr'>ιιι,</span> <span class='ocrx_word' id='word_1_723' title='bbox 1370 5603 1493 5643; x_wconf 87' lang='lat' dir='ltr'><strong>can.</strong></span> <span class='ocrx_word' id='word_1_724' title='bbox 1526 5586 1623 5652; x_wconf 65' lang='lat' dir='ltr'><strong>Ii;</strong></span> <span class='ocrx_word' id='word_1_725' title='bbox 1658 5585 1828 5640; x_wconf 84' lang='lat' dir='ltr'><strong>Afric.</strong></span> <span class='ocrx_word' id='word_1_726' title='bbox 1862 5601 1909 5641; x_wconf 92' lang='lat' dir='ltr'><strong>c.</strong></span> <span class='ocrx_word' id='word_1_727' title='bbox 1942 5587 1995 5641; x_wconf 82' lang='grc'><strong>5.</strong></span> 
     </span>
    </p>
   </div>
   <div class='ocr_carea' id='block_1_108' title="bbox 2381 5314 3813 5389">
    <p class='ocr_par' dir='ltr' id='par_1_108' title="bbox 2381 5314 3813 5389">
     <span class='ocr_line' id='line_1_109' title="bbox 2381 5314 3813 5389; baseline -0.003 -20"><span class='ocrx_word' id='word_1_728' title='bbox 2381 5318 2442 5369; x_wconf 86' lang='lat' dir='ltr'><strong>&#39;lI</strong></span> <span class='ocrx_word' id='word_1_729' title='bbox 2480 5318 2577 5387; x_wconf 79' lang='grc' dir='ltr'>ριβ¹</span> <span class='ocrx_word' id='word_1_730' title='bbox 2617 5318 2806 5386; x_wconf 83' lang='grc' dir='ltr'>Νεαρὰ</span> <span class='ocrx_word' id='word_1_731' title='bbox 2858 5319 3010 5388; x_wconf 65' lang='grc' dir='ltr'>φησὶ,</span> <span class='ocrx_word' id='word_1_732' title='bbox 3044 5319 3156 5381; x_wconf 71' lang='grc' dir='ltr'><strong>Τὰς</strong></span> <span class='ocrx_word' id='word_1_733' title='bbox 3197 5319 3524 5389; x_wconf 75' lang='grc' dir='ltr'>Ἐκκλησίας</span> <span class='ocrx_word' id='word_1_734' title='bbox 3578 5314 3813 5385; x_wconf 57' lang='grc' dir='ltr'>’Λφρικῆλ</span> 
     </span>
    </p>
   </div>
   <div class='ocr_carea' id='block_1_109' title="bbox 2288 5403 3813 5481">
    <p class='ocr_par' dir='ltr' id='par_1_109' title="bbox 2288 5403 3813 5481">
     <span class='ocr_line' id='line_1_110' title="bbox 2288 5403 3813 5481; baseline -0.003 -20"><span class='ocrx_word' id='word_1_735' title='bbox 2288 5410 2541 5477; x_wconf 44' lang='lat' dir='ltr'><strong>assero;</strong></span> <span class='ocrx_word' id='word_1_736' title='bbox 2576 5410 2714 5479; x_wconf 78' lang='grc' dir='ltr'>ἔχειν</span> <span class='ocrx_word' id='word_1_737' title='bbox 2732 5409 2826 5471; x_wconf 74' lang='grc' dir='ltr'><strong>τὰς</strong></span> <span class='ocrx_word' id='word_1_738' title='bbox 2845 5414 3068 5481; x_wconf 79' lang='grc' dir='ltr'>κτήσεις</span> <span class='ocrx_word' id='word_1_739' title='bbox 3094 5410 3294 5464; x_wconf 77' lang='grc' dir='ltr'>αὐτῶν·</span> <span class='ocrx_word' id='word_1_740' title='bbox 3326 5412 3423 5465; x_wconf 66' lang='grc' dir='ltr'>καὶ</span> <span class='ocrx_word' id='word_1_741' title='bbox 3444 5411 3537 5464; x_wconf 75' lang='grc' dir='ltr'>ἐὰν</span> <span class='ocrx_word' id='word_1_742' title='bbox 3554 5403 3813 5478; x_wconf 70' lang='grc' dir='ltr'>Ἕλληνεςῆ</span> 
     </span>
    </p>
   </div>
   <div class='ocr_carea' id='block_1_110' title="bbox 2099 5584 3324 5655">
    <p class='ocr_par' dir='ltr' id='par_1_110' title="bbox 2099 5584 3324 5655">
     <span class='ocr_line' id='line_1_111' title="bbox 2099 5584 3324 5655; baseline 0.004 -15"><span class='ocrx_word' id='word_1_743' title='bbox 2099 5586 2144 5617; x_wconf 78' lang='grc'><strong>⁹⁰</strong></span> <span class='ocrx_word' id='word_1_744' title='bbox 2179 5584 2342 5640; x_wconf 79' lang='lat' dir='ltr'><strong>Cone.</strong></span> <span class='ocrx_word' id='word_1_745' title='bbox 2383 5585 2605 5645; x_wconf 78' lang='lat' dir='ltr'><strong>Milevit.</strong></span> <span class='ocrx_word' id='word_1_746' title='bbox 2645 5604 2704 5651; x_wconf 88' lang='lat' dir='ltr'><strong>tt,</strong></span> <span class='ocrx_word' id='word_1_747' title='bbox 2736 5604 2786 5643; x_wconf 91' lang='lat' dir='ltr'><strong>c.</strong></span> <span class='ocrx_word' id='word_1_748' title='bbox 2819 5587 2925 5655; x_wconf 54' lang='lat' dir='ltr'><strong>“ll;</strong></span> <span class='ocrx_word' id='word_1_749' title='bbox 2961 5589 3125 5645; x_wconf 81' lang='lat' dir='ltr'><strong>Afric.</strong></span> <span class='ocrx_word' id='word_1_750' title='bbox 3158 5605 3207 5645; x_wconf 88' lang='lat' dir='ltr'><strong>c.</strong></span> <span class='ocrx_word' id='word_1_751' title='bbox 3237 5590 3324 5646; x_wconf 84' lang='lat'><strong>88.</strong></span> 
     </span>
    </p>
   </div>
   <div class='ocr_carea' id='block_1_111' title="bbox 632 5706 3808 5781">
    <p class='ocr_par' dir='ltr' id='par_1_111' title="bbox 632 5706 3808 5781">
     <span class='ocr_line' id='line_1_112' title="bbox 632 5706 3808 5781; baseline -0.001 -17"><span class='ocrx_word' id='word_1_752' title='bbox 632 5751 636 5755; x_wconf 66' lang='grc' dir='ltr'><strong>ς</strong></span> <span class='ocrx_word' id='word_1_753' title='bbox 696 5710 807 5778; x_wconf 78' lang='grc'><strong>(65)</strong></span> <span class='ocrx_word' id='word_1_754' title='bbox 853 5710 1074 5765; x_wconf 68' lang='lat' dir='ltr'><strong>Cra-cus</strong></span> <span class='ocrx_word' id='word_1_755' title='bbox 1113 5710 1394 5781; x_wconf 84' lang='lat' dir='ltr'><strong>interpres</strong></span> <span class='ocrx_word' id='word_1_756' title='bbox 1440 5706 1772 5781; x_wconf 55' lang='lat' dir='ltr'><strong>existimavit</strong></span> <span class='ocrx_word' id='word_1_757' title='bbox 1826 5716 2166 5776; x_wconf 72' lang='lat' dir='ltr'><strong>conrogatam</strong></span> <span class='ocrx_word' id='word_1_758' title='bbox 2206 5707 2272 5763; x_wconf 79' lang='lat' dir='ltr'><strong>tle</strong></span> <span class='ocrx_word' id='word_1_759' title='bbox 2319 5717 2459 5763; x_wconf 75' lang='lat' dir='ltr'><strong>(&#39;(Dlll</strong></span> <span class='ocrx_word' id='word_1_760' title='bbox 2512 5709 2615 5765; x_wconf 81' lang='lat' dir='ltr'><strong>dici</strong></span> <span class='ocrx_word' id='word_1_761' title='bbox 2667 5727 2761 5781; x_wconf 82' lang='lat' dir='ltr'><strong>pro</strong></span> <span class='ocrx_word' id='word_1_762' title='bbox 2841 5725 3223 5767; x_wconf 79' lang='lat' dir='ltr'><strong>convocatum:</strong></span> <span class='ocrx_word' id='word_1_763' title='bbox 3290 5728 3413 5767; x_wconf 80' lang='lat' dir='ltr'><strong>eum</strong></span> <span class='ocrx_word' id='word_1_764' title='bbox 3451 5711 3517 5765; x_wconf 83' lang='lat' dir='ltr'><strong>sit</strong></span> <span class='ocrx_word' id='word_1_765' title='bbox 3550 5715 3808 5771; x_wconf 46' lang='lat' dir='ltr'><strong>conrogari“.</strong></span> 
     </span>
    </p>
   </div>
   <div class='ocr_carea' id='block_1_112' title="bbox 613 5776 1857 5855">
    <p class='ocr_par' dir='ltr' id='par_1_112' title="bbox 613 5776 1857 5855">
     <span class='ocr_line' id='line_1_113' title="bbox 613 5776 1857 5855; baseline -0.006 -17"><span class='ocrx_word' id='word_1_766' title='bbox 613 5776 895 5855; x_wconf 70' lang='lat' dir='ltr'><strong>porrigere,</strong></span> <span class='ocrx_word' id='word_1_767' title='bbox 926 5791 979 5838; x_wconf 87' lang='lat' dir='ltr'><strong>ct</strong></span> <span class='ocrx_word' id='word_1_768' title='bbox 1005 5783 1071 5841; x_wconf 85' lang='lat' dir='ltr'><strong>ad</strong></span> <span class='ocrx_word' id='word_1_769' title='bbox 1102 5776 1418 5837; x_wconf 80' lang='lat' dir='ltr'><strong>breviarium</strong></span> <span class='ocrx_word' id='word_1_770' title='bbox 1455 5779 1541 5835; x_wconf 89' lang='lat' dir='ltr'><strong>hic</strong></span> <span class='ocrx_word' id='word_1_771' title='bbox 1576 5776 1857 5835; x_wconf 79' lang='lat' dir='ltr'><strong>referatur.</strong></span> 
     </span>
    </p>
   </div>
  </div>
