4012 6446
155 405 255 471 681

870 402 1267 464 SYNTAGMA
1303 400 1691 462 CANONUM.
1745 423 1812 435 --
1853 398 2001 459 TIT.
2044 397 2206 470 VIII,
2240 397 2398 459 CAP.
2442 395 2733 457 IX-XIII.

3306 396 3423 459 652-

154 514 418 588 αἱρετικοὶ
476 512 641 585 ἔχωσί
692 528 846 576 τινας
897 512 1099 577 αὐτῶν,
1149 515 1183 584 ἢ
1228 510 1503 580 οἷκους,ἢ
1559 508 1728 580 σκεύη

1875 507 2043 576 liquas
2066 514 2156 561 aut
2178 506 2371 561 domos
2396 513 2491 560 aut
2522 519 2652 560 vasa
2698 505 2954 571 habeam,
3014 504 3121 558 illis
3162 522 3270 561 non
3309 512 3395 562 0|}-

149 604 499 677 ἀφαιρεῖσθαι
546 603 702 667 αὐτὰ,
736 601 811 673 μὴ
864 601 1246 672 ἀντικειμένης
1286 601 1479 664 αὐταῖς
1503 598 1726 670 χρονίας

1875 606 2011 652 ,ante
2037 597 2181 666 longi
2216 597 2476 666 temporis
2507 599 2935 668 praesuiptione,
2959 598 3197 652 auferre.

150 696 540 766 παραγραφῆς-

205 811 461 865 ΚΕΦΑΛ.
493 811 836 879 IA'.—-—IIepl
868 810 974 865 τοῦ
1003 812 1088 879 μὴ
1118 810 1385 879 ὀφείλειν
1412 806 1554 871 τοὺς
1583 806 1733 860 ἀνα-

154 902 422 975 γνώστας
458 902 569 956 τὸν
583 901 781 972 δῆμον
802 901 1195 971 προσκυνεῖν.

387 993 662 1048 Συνόδου
705 993 1129 1064 Καρθαγέννης
1165 992 1367 1047 κανὼν
1393 999 1491 1057 ις’.

211 1088 402 1140 Ὥστε
423 1085 661 1155 μηδένα
682 1086 1045 1152 ἐπίσκοπον,
1074 1102 1131 1143 κ.
1159 1103 1213 1139 τ.
1241 1085 1293 1141 λ.

211 1176 319 1244 ις’.
362 1178 600 1247 Ὁμοίως
628 1179 825 1248 ἥρεσεν
854 1178 941 1231 ἵνα
975 1178 1287 1239 ἐπίσκοποι,
1319 1192 1373 1231 κ.
1402 1193 1454 1230 τ.
1478 1174 1531 1229 λ.

208 1273 544 1326 ΚΕΦΑΛ.--
570 1270 665 1327 ΙΒ’.
694 1270 835 1340 Περὶ
869 1270 1218 1325 ἐπισκόπων
1234 1272 1320 1339 μὴ
1341 1267 1733 1335 ἐπιστρεφόν-

1903 798 2055 856 CAP.
2089 798 2183 853 X1.
2212 826 2283 839 ---
2307 796 2552 852 Lectores
2582 796 2831 867 populum
2867 813 2972 852 non
2996 799 3250 853 salutent.

2116 980 2343 1037 Concilii
2370 978 2808 1048 Cartltaqinensis
2834 995 3006 1034 canon
3044 980 3133 1034 16.

1907 1073 1976 1129 Ut
2021 1073 2203 1127 nullus
2243 1073 2541 1143 episcOpus,
2570 1080 2701 1138 etc.,
2735 1080 2794 1126 ut
2822 1087 2947 1144 pag.
2983 1072 3111 1130 550.

1846 1146 1861 1155 ’
1906 1164 1997 1218 16.
2033 1162 2165 1217 Item
2192 1162 2397 1233 placuit
2427 1171 2487 1217 ut
2511 1162 2773 1232 episcopi,
2803 1171 2934 1228 etc.,
2959 1172 3016 1216 ut
3046 1180 3168 1235 pag.
3200 1154 3323 1221 530.

1906 1254 2071 1327 214
2105 1253 2262 1309 CAP.
2292 1252 2415 1308 ΧΠ.
2448 1284 2519 1295 -
2548 1253 2625 1307 De
2648 1256 2904 1324 episcopis
2929 1257 3018 1325 qui
3044 1258 3318 1310 hazreticos
3347 1257 3418 1311 ad

147 1380 257 1417 των
289 1363 436 1429 τοὺς
475 1362 807 1432 αἱρετικούς
835 1377 849 1390 ·
881 1362 981 1416 καὶ
1035 1360 1169 1430 περὶ
1224 1361 1574 1414 ἐπισκόπων
1632 1355 1732 1411 καὶ

1875 1347 2210 1400 rthodoxiam
2263 1362 2369 1401 non
2425 1355 2757 1401 convertunt.
2810 1345 2948 1400 Item
2988 1347 3052 1400 de
3079 1349 3335 1417 episcOpis
3368 1359 3419 1404 et

145 1454 451 1524 κληριλῶν
484 1455 570 1526 μὴ
621 1453 1033 1510 διδασκόντων
1057 1454 1166 1508 τὸν
1189 1454 1345 1509 λαόν
1376 1469 1391 1483 ο
1420 1451 1519 1506 καί
1564 1450 1657 1506 ὅτι
1699 1452 1735 1505 ό

1875 1441 2042 1495 lericis
2071 1439 2324 1511 populum
2352 1455 2455 1493 non
2495 1438 2876 1493 erudientibus.
2901 1437 2971 1491 Et
2996 1442 3134 1509 quod
3151 1441 3422 1509 episcopus

146 1548 485 1612 ἐπίσκοπος
527 1545 679 1613 ὑπὲρ
704 1546 813 1601 τοῦ
836 1546 991 1600 λαοῦ
1041 1543 1425 1615 ἀπολογεῖται
1457 1541 1539 1609 τῷ
1570 1539 1691 1608 Θεῷ
1711 1555 1730 1575 ο

148 1638 241 1691 καὶ
270 1638 421 1692 πότε
445 1637 554 1692 τοῦ
581 1637 736 1693 λαοῦ
765 1636 1250 1709 ἁμαρτήσαντος,
1287 1637 1320 1690 ὁ
1354 1634 1582 1704 κλῆρος
1624 1635 1738 1705 ἀερ-

150 1727 430 1797 ορίζεται.

447 1824 832 1878 Ἀποστόλων
858 1822 1062 1878 κανὼν
1088 1822 1196 1888 λς’.
1227 1823 1323 1877 λθ’.
1359 1830 1461 1892 νη¹.

216 1914 333 1980 λς’.
373 1915 443 1969 El
467 1932 551 1978 τις
577 1914 982 1987 χειροτονηθεὶς
1005 1914 1325 1981 ἐπίσκοπος,
1355 1933 1410 1969 κ.
1447 1932 1499 1971 τ.
1534 1916 1583 1970 λ.

220 2086 323 2139 λθ⁹.
362 2088 425 2141 Οί
474 2087 840 2159 πρεσϐύτεροι
898 2092 993 2142 καὶ
1045 2088 1307 2152 διάκονοι,
1342 2090 1471 2144 ἄνευ
1506 2090 1733 2161 γνώμης

148 2180 245 2232 τοῦ
300 2180 627 2243 ἐπισκόπου,
678 2181 845 2251 μηδὲν
885 2180 1307 2236 ἐπιτελείτωσαν
1344 2199 1357 2212 ·
1409 2182 1572 2246 αὐτὸς
1627 2183 1735 2256 γάρ

1836 1531 2153 1583 intercessor
2191 1528 2261 1580 sit
2300 1541 2398 1596 pro
2428 1525 2620 1596 populo
2651 1524 2791 1594 apud
2833 1524 3020 1579 Deum.
3076 1524 3145 1578 Et
3176 1531 3421 1595 quanda-

1839 1638 1962 1676 nam
1995 1620 2189 1691 populo
2219 1630 2465 1689 peccante
2490 1658 2504 1684 ,
2564 1618 2735 1673 clerus
2799 1627 2953 1672 extra
3007 1620 3425 1673 communionem

1839 1719 1956 1785 fiat.

2121 1807 2494 1880 Apostolorum
2529 1820 2754 1860 canones
2793 1802 2894 1869 56,
2928 1803 3018 1872 59,
3055 1805 3145 1860 58.

1768 1885 1813 1940 Β
1911 1902 1981 1958 56
2023 1900 2160 1976 [55].
2228 1900 2287 1956 Si
2339 1900 2466 1970 quis
2516 1899 2807 1955 ordinatus
2837 1896 3150 1967 episcopus,
3203 1904 3334 1963 etc.,
3368 1907 3426 1950 ut

1841 2012 1960 2067 pag.
1992 1994 2120 2050 506.

1912 2089 2002 2142 59.
2045 2085 2357 2157 Presbyteri
2383 2093 2439 2139 et
2464 2084 2681 2139 diaconi
2715 2084 2837 2139 sine
2868 2082 3138 2140 sententia
3183 2080 3426 2151 episcopi

1846 2180 1980 2235 nihil
2023 2181 2311 2251 perﬁciant
2347 2181 2497 2250 :ipse
2520 2178 2666 2232 eiiim
2692 2185 2799 2241 est,
2831 2176 2992 2246 cujus
3029 2174 3156 2230 lidei
3194 2175 3430 2245 populus

149 2275 301 2327 ἐστιν
326 2275 355 2325 δ
383 2273 815 2343 πεπιστευμένος
836 2272 927 2327 τὸν
944 2273 1074 2327 λαὸν
1098 2274 1324 2345 Κυρίου,
1359 2273 1567 2329 καὶτὸν
1595 2274 1734 2343 ὑπὲρ

1879 2283 1928 2330 ει
1956 2272 2221 2339 creditus,
2260 2280 2313 2326 et
2340 2286 2369 2325 a
2401 2285 2512 2340 quo
2539 2284 2637 2338 pro
2662 2268 2953 2323 animabus
2980 2266 3124 2323 ratio
3156 2268 3429 2337 exigetur.

149 2364 261 2417 τῶν
293 2364 484 2435 ψυχῶν
512 2363 695 2417 αὐτῶν
724 2364 883 2434 λόγον
914 2365 1447 2436 ἀπαιτηθησόμενος.

223 2463 329 2526 νη’.
360 2454 733 2525 Ἐπίσκοποςῆ
752 2454 1123 2527 πρεσϐύτερος
1148 2456 1367 2527 ἀμελῶν
1388 2455 1483 2509 τοῦ
1510 2454 1737 2529 κλήρου,

150 2549 184 2619 ἦ
216 2547 315 2602 τοῦ
351 2546 506 2614 λαοῦ,
536 2550 631 2602 καί
661 2548 735 2619 μὴ
768 2548 1042 2602 παιδεύων
1072 2548 1272 2615 αὐτοὺς
1301 2549 1400 2619 τὴν
1429 2549 1738 2616 εὐσέϐειαν,

152 2640 832 2714 ἀφριζέσθωυέπιμένων
857 2642 914 2696 δὲ
945 2644 1010 2713 τῇ
1040 2642 1303 2715 ῥᾳθυμίᾳ,
1348 2641 1737 2715 καθαιρείσθω.

330 2818 605 2881 Σῦνόδου
626 2823 1048 2896 Καρθαγέννης
1066 2827 1267 2881 κανὼν
1300 2829 1439 2899 ρκγ’,
1468 2830 1577 2901 ρκδ¹
1587 2871 1599 2882 .

226 2917 423 2971 Ὥστε
469 2918 577 2971 τὸν
617 2919 1113 2987 καταφρονοῦντα
1160 2919 1270 2990 τῆς
1312 2919 1466 2986 ἰδίας
1516 2921 1742 2993 διοική-

154 3023 317 3075 σεως
348 3009 690 3063 ἐπίσκοπον
720 3010 1063 3079 στερεῖσθαι
1097 3010 1208 3079 τῆς
1226 3015 1565 3080 κοινωνίας.

227 3108 381 3172 ρκγκ
437 3100 563 3154 Ἐὰν
591 3102 648 3153 ἐν
673 3103 786 3165 τοῖς
810 3102 1142 3174 ματρικίοις,
1171 3104 1337 3172 ἦγουν
1380 3105 1437 3156 ἐν
1467 3108 1585 3167 ταῖς
1614 3103 1748 3157 καθ-

157 3195 674 3269 ἐδραις,ἐπίσκοπος
691 3195 897 3266 ἀμελὴς
912 3196 1137 3266 γένηται
1153 3197 1296 3250 κατὰ
1312 3198 1420 3251 τῶν
1431 3199 1746 3269 αίρετικῶν,

158 3289 544 3361 ὑπομνησοείη
580 3289 689 3341 ἀπὸ
720 3289 826 3341 τῶν
850 3290 1212 3355 γειτνιώντων
1234 3291 1511 3362 ἐπιμελῶν
1532 3292 1751 3347 ἐπισκό-

159 3401 302 3445 πων,
342 3382 437 3433 καὶ
487 3379 830 3451 ὑποδειχθείη
887 3380 1039 3451 αὐτῷ
1072 3384 1105 3452 ἡ
1170 3382 1277 3435 ἰδία
1331 3383 1748 3453 περιφρόνησις,

158 3478 301 3546 πρδς
337 3475 396 3526 τὸ
426 3474 499 3543 μὴ
530 3472 673 3543 ἐχειν
696 3473 995 3541 ἀπολογίαν
1033 3490 1046 3503 °
1082 3474 1177 3527 ἐὰν
1208 3475 1266 3528 δὲ
1313 3476 1406 3544 ἀφ’
1436 3472 1504 3547 ἧς
1539 3477 1752 3546 ἡμέρας

159 3562 518 3633 εἷρπομνησθῇ,
566 3561 716 3625 ἐντὸς
768 3563 957 3632 μηνῶν
1006 3562 1066 3628 ἐξ
1095 3565 1153 3618 ἐν
1208 3566 1274 3635 τῇ
1329 3566 1467 3636 αύτῇ
1512 3566 1752 3635 ἐπαρχίᾳ

158 3656 390 3722 διάγων,
446 3652 520 3722 μὴ
573 3650 683 3704 τῶν
734 3652 1057 3719 ὀφειλόντων
1109 3654 1246 3725 πρὸς
1309 3654 1410 3723 τὴν
1452 3653 1749 3723 καθολικὴν

158 3746 399 3813 ἑνότητα
437 3740 844 3811 ἐπιστραφῆναι
904 3743 1003 3812 τὴν
1046 3743 1304 3815 φροντίδα
1334 3744 1754 3817 ποιήσηται,τῴ

159 3836 397 3900 τοιούτῳ
431 3830 507 3902 μὴ
560 3830 993 3904 συγκοινωνηθῇ,
1023 3832 1129 3896 ἕως
1171 3828 1233 3888 οὗ
1258 3832 1418 3888 τοῦτο
1447 3833 1712 3906 πληρώσῃ
1736 3850 1750 3863 “

162 3928 209 3980 εί
243 3927 307 3979 δὲ
342 3925 371 3976 δ
396 3923 805 3995 ἐπεξεργαστὴς
835 3926 914 3987 είς
940 3925 1068 3987 τοὺς
1099 3925 1297 3990 αὐτοὺς
1323 3927 1523 3992 τόπους
1548 3929 1624 3999 μὴ
1653 3946 1756 3982 πα-

164 4020 492 4092 ραγένηται,
515 4018 593 4088 τῷ
611 4018 898 4087 ἐπισκόπῳ
926 4017 1002 4088 μὴ
1026 4018 1331 4090 ἐπιγραφῇ.

233 4112 387 4180 Περὶ
413 4110 531 4164 τῶν
558 4110 702 4176 τοὺς
722 4110 1089 4177 Δονατιστὰς
1106 4111 1491 4182 ζκοινωνῆσαι
1533 4113 1757 4183 ’ψευδο-

162 4206 373 4276 μένων
404 4204 783 4258 ἐπισκόπων.

233 4297 379 4369 ρκδ’.
419 4297 544 4349 'an
572 4295 630 4349 δὲ
655 4294 951 4367 ἀποδειχθῇ
983 4294 1082 4349 τὸν
1123 4297 1364 4351 τοιοῦτον
1411 4297 1755 4369 ψευσάμενον
1819 4328 1823 4332 -

167 4391 295 4461 περὶ
337 4386 441 4452 τῆς
496 4385 722 4439 ἐκείνων
774 4385 1078 4448 κοινωνίας,
1113 4387 1171 4438 ἐν
1225 4385 1302 4457 τῷ
1344 4386 1521 4456 λέγειν
1562 4388 1757 4451 αὐτοὺς

168 4478 651 4548 κεκοινωνηκέναι,
686 4475 778 4539 οὒς
806 4476 1080 4529 δείκνυται
1133 4479 1433 4549 συνειδήσει
1480 4479 1646 4532 αὐτοῦ
1681 4481 1755 4551 μὴ

170 4570 528 4639 κοινωνῆσαι,
578 4568 673 4621 καὶ
703 4566 800 4638 τὴν
840 4568 1147 4639 ἐπισκοπὴν
1183 4568 1264 4622 ἔτι
1289 4568 1396 4638 μὴν
1417 4569 1696 4623 ἀπολέσει.

243 4752 522 4811 Συνέδου
552 4751 976 4823 οίκουμενικῆς
994 4751 1175 4822 ἕκτης
1208 4756 1410 4808 κανὼν
1444 4753 1530 4810 ιδ’.

273 4850 365 4902 ιϐ’.
422 4849 545 4899 ὐτι
613 4845 692 4899 δεῖ
756 4847 894 4909 τοὺς.
948 4848 1057 4900 τῶν
1108 4847 1416 4918 ἐκκλησιῶν
1475 4846 1752 4921 προεστῶ-

171 4959 287 5004 τις,
311 4957 373 4993 κ.
404 4954 458 4992 τ.
484 4935 537 4990 λ.

242 5054 505 5109 ΚΕΦΑΛ.
543 5047 640 5105 ll".
675 5080 745 5094 --
769 5052 908 5120 Περὶ
935 5054 1286 5107 ἐπισκόπων
1323 5052 1421 5106 καὶ
1452 5051 1758 5123 κληρικῶν

173 5150 476 5219 κοσμικόν
502 5162 557 5199 τι
598 5148 981 5213 πραττόντων
1038 5145 1358 5215 δημόσιον,
1388 5137 1424 5209 ἢ
1454 5144 1769 5211 ἰδιωτικὸν,

179 5239 213 5307 ἡ
237 5243 583 5311 μίσθωσιν,
613 5243 652 5311 ἢ
686 5236 1042 5308 ἐπιτροπήν.

548 5424 936 5479 Ἀποστόλων
964 5421 1167 5476 κανὼν
1195 5428 1269 5486 ς’,
1306 5419 1418 5473 πα’.

245 5524 319 5583 ς’,
340 5519 692 5583 Ἐπίσκοπος,
724 5518 758 5588 ἦ
811 5516 1202 5588 πρεσϐύτερος,
1237 5516 1270 5589 ἢ
1325 5517 1595 5583 διάκονος,
1628 5533 1761 5570 κοσ-

180 5609 348 5678 μικὰς
373 5607 660 5679 φροντίδας
687 5607 764 5679 μὴ
802 5607 1230 5678 ἁναλαμϐανέτω
1261 5624 1275 5639 ’
1304 5608 1354 5661 εί
1374 5607 1430 5659 δὲ
1460 5606 1535 5678 μὴ
1569 5606 1762 5661 καθαισ

178 5700 402 5773 ριίσθω.

1922 2454 1990 2509 58
2022 2450 2159 2528 [57].
2202 2452 2508 2523 Episcopus
2552 2450 2637 2505 vel
2671 2450 2976 2521 presbyter,
3024 2449 3116 2519 qui
3157 2447 3291 2504 cleri
3342 2448 3430 2501 vel

1849 2548 2032 2620 populi
2067 2561 2254 2602 curam
2280 2561 2386 2601 non
2423 2544 2584 2615 gerit,
2618 2553 2673 2599 et
2694 2558 2787 2598 eos
2818 2546 3070 2614 pietatem
3108 2558 3211 2598 non
3247 2541 3430 2605 docet.

1850 2650 2164 2713 segregetur
2200 2658 2212 2694 :
2242 2649 2297 2695 et
2347 2639 2393 2695 si
2444 2639 2499 2693 in
2556 2637 2809 2694 socordia
2861 2645 3208 2708 perseveret,
3261 2636 3428 2706 depo-

1852 2743 2037 2789 natur.

2029 2824 2254 2881 Concilii
2280 2822 2717 2894 Carthaginensis
2741 2838 2963 2876 canones
2990 2822 3112 2886 ηδ,
3138 2820 3259 2875 124.

1929 2918 1997 2975 Ut
2034 2920 2080 2974 si
2114 2919 2385 2988 episcopus
2419 2916 2647 2990 negligat
2677 2931 2834 2971 suam
2870 2915 3156 2979 diwcesim,
3200 2930 3436 2968 commu-

1855 3014 2009 3066 nione
2034 3012 2287 3081 privetur.

1930 3103 2054 3159 125.
2091 3104 2149 3160 Si
2186 3105 2242 3159 in
2277 3103 2597 3160 matricibus
2628 3104 2672 3137 ⁰¹
2706 3100 2988 3157 cathedris
3018 3099 3180 3170 215
3222 3099 3439 3168 episco—

1857 3215 1960 3270 pus
1994 3199 2278 3271 negligens
2305 3197 2472 3254 fuerit
2498 3199 2767 3253 adversus
2796 3186 3107 3263 haereticos,
3145 3196 3440 3251 convenia-

1860 3303 1948 3347 tur
1983 3306 2017 3348 a
2060 3293 2257 3348 vicinis
2304 3292 2579 3363 episcopis
2617 3292 2986 3362 diligentibus,
3038 3290 3170 3346 etei
3204 3304 3304 3345 sua
3340 3303 3439 3344 ne-

1856 3385 2113 3455 gligentia
2164 3385 2590 3450 demonstretur,
2625 3393 2683 3439 nt
2712 3399 2772 3439 se
2804 3398 3071 3439 excusare
3102 3397 3210 3436 non
3245 3383 3437 3451 possit.

1855 3476 2013 3544 Quod
2050 3478 2094 3532 si
2134 3491 2199 3533 ex
2229 3476 2318 3533 die
2342 3493 2453 3547 quo
2487 3476 2828 3539 convenitur,
2873 3476 3011 3529 intra
3058 3489 3152 3529 sex
3200 3488 3439 3537 menses.

1857 3570 1901 3624 si
1934 3569 1989 3625 in
2023 3569 2145 3640 ejus
2193 3570 2472 3640 provincia
2502 3569 2783 3625 exsecutio
2814 3568 2995 3631 fuerit,
3027 3576 3082 3621 et
3114 3582 3221 3620 non
3249 3581 3343 3621 eos
3373 3566 3443 3620 ad

1858 3662 2126 3717 unitatem
2178 3662 2504 3717 catholicam
2553 3662 2954 3718 convertendos
2985 3658 3294 3724 curaverit;
3332 3674 3443 3712 non

1856 3756 1907 3811 ei
1977 3755 2446 3821 communicatur,
2518 3755 2695 3811 donec
2761 3753 3075 3823 adimpleat.
3134 3751 3191 3806 Si
3260 3758 3442 3805 autem

1856 3856 2146 3902 exsecutor
2206 3847 2275 3902 ad
2334 3847 2456 3904 loca
2517 3861 2626 3902 non
2680 3847 2925 3911 venerit,
2975 3857 3086 3899 non
3139 3841 3448 3898 ascribatur

1857 3939 2140 4008 episcopo.

1934 4114 2006 4167 De
2033 4116 2288 4186 episcopis
2319 4117 2407 4186 qui
2442 4116 2747 4172 Donatistas
2797 4117 3215 4172 communicasse
3242 4113 3446 4166 mentiti

1859 4208 2077 4278 fuerint.

1931 4301 2052 4357 124.
2102 4301 2162 4357 Si
2206 4312 2387 4358 autem
2414 4304 2459 4335 ⁹¹
2491 4304 2779 4373 probatum
2815 4304 2998 4368 fuerit,
3034 4319 3158 4357 eum
3196 4305 3261 4357 de
3291 4318 3446 4356 com-

1860 4394 2119 4450 munione
2182 4394 2401 4449 illorum
2463 4393 2633 4450 fuisse
2693 4396 3013 4463 mentitum,
3067 4396 3299 4451 dicendo
3353 4412 3450 4450 eos

1859 4477 2316 4556 communicasse,
2348 4504 2490 4560 quos
2529 4504 2596 4545 eo
2636 4491 2842 4546 sciente
2870 4508 2977 4547 non
3009 4494 3450 4549 communicasse

1792 4596 1836 4650 ι)
1866 4582 2193 4646 constiterit,
2226 4584 2390 4639 etiam
2416 4582 2790 4653 episcopatum
2823 4584 3061 4639 amittat.

2188 4757 2417 4813 Concilii
2444 4759 2749 4813 mcumenici
2781 4775 2833 4812 vt
2865 4773 3034 4813 canon
3074 4759 3160 4815 19.

1940 4852 2028 4907 19.
2052 4850 2204 4918 Quod
2241 4860 2455 4921 Oportet
2471 4866 2566 4907 eos
2582 4852 2675 4922 qui
2694 4861 2932 4921 praesunt
2952 4852 3222 4919 ecclesiis,
3244 4860 3373 4916 etc.,
3394 4861 3452 4905 ut

1866 4962 2027 5014 supra
2051 4961 2176 5015 pag.
2210 4944 2333 4998 646.

1938 5057 2103 5128 216
2139 5054 2292 5110 CAP.
2340 5055 2486 5111 Xlll.
2534 5085 2604 5096 —
2645 5055 2721 5109 De
2759 5056 3019 5124 episcOpis
3048 5066 3097 5109 et
3128 5057 3333 5109 clericis
3360 5057 3452 5125 qui

1870 5151 2135 5220 negotium
2165 5150 2381 5219 aliquod
2416 5149 2687 5219 publicum
2736 5159 2830 5204 aut
2880 5152 3146 5214 privatum
3191 5163 3453 5215 emercrnt,

1871 5252 1963 5296 aut
1999 5259 2209 5312 operam
2240 5242 2317 5297 vel
2365 5242 2660 5297 locationes
2715 5244 3040 5308 conducunt,
3091 5253 3186 5296 aut
3232 5244 3454 5296 tutelam

1869 5348 2115 5387 curamve
2150 5341 2359 5402 gerunt.

2271 5424 2647 5493 Apostolorum
2678 5441 2857 5479 canon
2881 5425 2935 5491 6,
2973 5426 3062 5481 81.

1985 5516 2042 5570 6.
2140 5516 2485 5587 EpiscOpus,
2547 5520 2632 5573 vel
2695 5519 2996 5590 presbyter,
3068 5522 3148 5574 vel
3196 5521 3460 5576 diac0nus

1870 5609 2159 5664 saeculares
2216 5625 2380 5665 curas
2441 5624 2550 5665 non
2616 5612 2881 5680 suscipiat
2950 5631 2964 5666 :
3030 5611 3232 5682 alioqui
3287 5614 3460 5681 depo-

1870 5712 2055 5758 tiatur.

251 5883 293 5912 “
332 5879 502 5938 Cone.
541 5879 760 5935 Milevit.
793 5897 853 5946 ιι,
889 5895 1009 5951 cap.
1043 5881 1147 5947 95;
1178 5882 1347 5939 Alric.
1380 5900 1427 5941 c.
1466 5884 1557 5938 90.
1634 5885 1677 5917 "
1706 5882 1874 5938 Cone.
1906 5881 2127 5936 Milvvnt.
2163 5897 2217 5947 it,
2249 5897 2365 5953 cap.
2400 5882 2500 5949 233;
2536 5884 2703 5940 Arrio.
2737 5902 2783 5941 (τ.
2816 5888 2903 5943 9|.

509 5980 780 6040 PnnoL.
823 5982 937 6039 Gn.
961 5980 1119 6041 CW.
