4012 6428
590 420 696 485 683

1749 404 2011 469 ΡΗΟΤΙΙ
2027 399 2548 463 ῬΑἸἮΙΑΒΕΗᾹΞ
2578 399 2688 459 CP.

3734 393 3819 456 681

662 540 725 595 81
771 536 911 612 [80].
962 533 1217 590 Diximus
1267 546 1383 586 non
1425 534 1677 599 oportere
1723 526 2045 596 episcopum
2093 522 2177 578 vel

2358 525 2473 573 παν.
2532 517 2775 588 Εἴπομεν
2807 518 2889 570 δτι
2915 514 2990 585 μὴ
3038 516 3144 585 χρὴ
3172 509 3525 581 ἐπίσκοπονῆ
3562 508 3826 583 πρεσϐύτε-

593 632 970 703 presbyterum
1001 625 1243 696 seipsum
1274 621 1342 677 ad
1381 619 1628 693 publicas
1656 616 2166 673 administrationes

595 725 918 785 demittere,
980 720 1075 774 sed
1128 718 1182 772 in
1231 712 1620 771 ecclesiasticis
1666 709 1899 781 negotiis
1943 706 2174 763 versari.

599 812 695 867 Vel
727 826 857 880 ergo
914 809 987 863 ita
1045 821 1151 860 non
1202 803 1383 858 facere
1428 800 1845 870 persuadeatur,
1881 795 1970 851 vel
2009 795 2178 864 depo-

597 915 797 969 natur;
825 916 984 956 nemo
1030 899 1173 953 enim
1212 905 1392 967 potest
1423 894 1638 949 duobus
1696 890 1936 948 dominis
1966 886 2179 946 servire

598 996 898 1051 secundum
929 992 1143 1046 Domini
1178 987 1644 1045 adhortationem.

915 1086 1138 1146 Concilii
1170 1081 1611 1139 Chalcedonensis
1638 1094 1827 1133 canon.

671 1186 725 1240 5.
776 1181 1031 1238 Pervenit
1074 1176 1141 1230 ad
1188 1181 1437 1229 sanctam
1473 1167 1762 1239 synodum,
1810 1164 1957 1235 quod
1988 1176 2181 1219 eorum

598 1276 717 1345 qui,
765 1276 910 1330 clero
951 1267 1189 1339 cooptati
1237 1271 1385 1330 sunt,
1456 1262 1676 1333 quidam
1724 1267 1967 1329 .propter
2025 1266 2183 1325 turpe

605 1371 815 1425 lucrum
864 1364 1074 1419 alienas
1117 1356 1498 1431 possessiones
1534 1351 1868 1411 conducunt,
1920 1358 1973 1402 et
2006 1362 2183 1403 saecu-

601 1461 735 1515 laria
770 1456 982 1527 negotia
1015 1459 1294 1514 exercent,
1326 1447 1571 1503 divinum
1615 1442 1980 1497 ministerium
2010 1439 2183 1510 negli-

603 1561 813 1622 gentes,
848 1546 1193 1605 saecularium
1234 1556 1362 1595 vero
1405 1539 1599 1593 domos
1648 1534 1965 1598 subeuntes,
1997 1540 2051 1586 et
2083 1546 2181 1585 eo-

604 1659 727 1697 rum
774 1640 1100 1695 facultatum
1151 1631 1529 1688 tractationem
1567 1641 1631 1683 ac
1673 1624 2019 1681 curationem
2053 1635 2185 1691 pro-

603 1745 725 1806 pter
773 1732 1059 1788 avaritiam
1106 1725 1491 1795 suscipientes.
1549 1718 1768 1774 Deliniit
1816 1732 1950 1786 ergo
1994 1722 2186 1770 sancta

603 1826 870 1898 synodus,
918 1821 1190 1877 neminem
1237 1816 1517 1885 deinceps,
1566 1826 1664 1866 nec
1708 1810 2049 1880 episcopum,
2086 1820 2187 1861 nec

2282 630 2374 684 ρον
2421 609 2669 665 καθιέναι
2703 607 2895 663 ἑαυτὸν
2924 606 3007 669 είς
3051 603 3317 676 δημοσίας
3354 602 3668 673 διοικήσεις,
3707 603 3822 655 ἀλλά

2279 706 2697 777 προσευκαιρεῐν
2720 701 2840 764 ταῖς
2870 696 3351 769 ἐκκλησιαστικαῖς
3374 696 3588 765 χρείαις
3615 710 3630 726 ο
3660 693 3693 765 ἢ
3726 711 3828 747 πει-

2280 797 2456 851 θέσθω
2484 795 2578 850 οῦν
2604 792 2763 848 τοῦτο
2804 792 2879 864 μὴ
2922 791 3123 857 ποιεῖν,
3155 788 3188 859 ἢ
3239 786 3615 857 καθαιρείσθω
3638 803 3654 819 ο
3690 787 3834 850 οὐδεὶς

2280 907 2389 961 γαρ
2420 889 2645 943 δύναται
2670 887 2788 941 δυσὶ
2832 885 3048 958 κυρίοις
3100 880 3393 946 δουλεύειν,
3434 880 3581 934 κατά
3624 879 3716 952 τὴν
3741 880 3835 931 Κν-

2290 981 2589 1054 ριακὴνεπα
2597 978 2940 1052 ρακέλευσιν.

2444 1060 2453 1068 ’
2564 1069 2837 1126 Συνόδου
2878 1066 3270 1138 Χαλκηδόνος
3292 1065 3498 1121 κανὼν
3519 1071 3595 1134 γ’.

2353 1159 2645 1233 γ’.*Ηλθεν
2674 1163 2754 1226 είς
2784 1160 2884 1232 τὴν
2915 1161 3076 1229 ἁγίαν
3101 1158 3343 1225 σύνοδον,
3363 1158 3448 1211 ὅτι
3466 1156 3576 1210 τῶν
3605 1157 3661 1207 ἐν
3686 1156 3841 1229 κλῆρῳ

2284 1255 2723 1326 κατειλεγμένων
2772 1252 2920 1316 τινὲς
2961 1250 3030 1305 δι’
3072 1249 3547 1321 αίσχροκέρδειαν,
3574 1246 3836 1318 ἀλλοτρίων

2286 1350 2586 1420 κτημάτων
2634 1345 2875 1413 γίνονται
2925 1342 3212 1414 μισθωταὶ,
3247 1341 3342 1394 καὶ
3391 1340 3690 1411 πράγματα
3734 1358 3840 1394 κοσ-

2290 1441 2429 1514 μικὰ
2458 1437 2820 1513 έργολαδοῦσι
2852 1479 2869 1505 ,
2900 1437 2998 1506 τῆς
3056 1434 3156 1505 μὲν
3205 1431 3301 1486 τοῦ
3330 1431 3468 1485 Θεοῦ
3525 1431 3835 1503 λειτουργίας

2287 1530 2831 1605 καταρᾳθυμοῦντες,
2857 1528 2985 1591 τοὺς
3010 1526 3067 1581 δὲ
3087 1524 3196 1584 τῶν
3224 1523 3510 1596 κοσμικῶν
3550 1524 3841 1594 ὑποτρέχον-

2284 1643 2377 1691 τες
2407 1624 2613 1692 οἴκους,
2634 1623 2729 1677 καὶ
2771 1620 2970 1676 οὐσιῶν
3009 1620 3347 1703 χειρισμοὺς.
3372 1615 3842 1686 ἀναδεχόμενοιω

2287 1716 2676 1791 φιλαργυρίαν.
2714 1715 2909 1786 Ὠρισε
2940 1713 3176 1784 τοίνυνή
3210 1711 3341 1780 ἁγία
3371 1710 3473 1764 καὶ
3499 1709 3703 1780 μεγάλη
3739 1708 3841 1761 σύν-

2286 1810 2443 1880 οδος,ξ
2457 1808 2662 1880 μηδένα
2688 1805 2785 1860 τοῦ
2814 1804 3025 1869 λοιποῦ,
3050 1804 3126 1875 μὴ
3154 1802 3477 1865 ἐπίσκοπον,
3498 1800 3575 1871 μὴ
3594 1799 3842 1870 κληρικὸν,

604 1919 891 1977 clericum,
943 1927 1043 1967 nec
1079 1910 1431 1972 monachum,
1468 1906 1550 1959 vel
1578 1902 1961 1975 possessiones
1983 1899 2187 1955 condu-

2298 1901 2371 1974 μὴ
2418 1900 2740 1973 μονάζοντα,
2775 1897 2809 1969 ἢ
2860 1895 3184 1968 μισθοῦσθαι
3228 1895 3511 1965 κτήματα,
3552 1891 3588 1965 ἢ
3622 1892 3844 1963 πραγμά-

606 2023 752 2071 eere,
783 2006 866 2061 vel
897 2001 1255 2060 saecularibus
1289 1997 1706 2067 possessionum
1749 1990 2188 2047 administratio-

606 2098 770 2153 nibus
799 2096 1040 2164 seipsum
1077 2092 1359 2162 ingerere,
1418 2087 1524 2141 nisi
1582 2086 1768 2155 utique
1820 2096 1883 2136 ex
1948 2079 2068 2150 lege
2119 2075 2188 2131 ad

609 2188 1037 2245 inexcusabilem
1088 2183 1430 2254 impuberum
1463 2179 1687 2235 tutelam
1719 2185 1966 2240 vocetur,
1997 2174 2081 2228 vel
2110 2171 2192 2227 ei-

610 2280 796 2334 vitatis
844 2278 1136 2347 episeopus
1162 2289 1287 2329 eum
1339 2286 1519 2326 rerum
1555 2266 2064 2325 ecclesiasticarum
2093 2278 2194 2319 eu‘

612 2389 727 2427 ram
758 2386 948 2442 gerere
994 2367 1297 2440 permittat,
1345 2364 1506 2435 217
1548 2361 1630 2416 vel
1669 2360 2067 2431 orphanorum,
2108 2355 2189 2410 vel

609 2465 923 2529 viduarum,
958 2461 1178 2533 quibus
1221 2458 1493 2529 provideri
1530 2470 1639 2511 non
1672 2460 1876 2525 potest,
1915 2458 1971 2504 et
1998 2463 2193 2519 perso-

612 2573 809 2614 narum
854 2573 978 2628 qua:
1003 2554 1379 2611 ecclesiastico
1408 2549 1615 2605 auxilio
1659 2547 1897 2601 maxime
1925 2543 2191 2613 indigent,

607 2660 828 2721 propter
850 2650 1100 2705 timorem
1127 2646 1355 2701 domini.
1387 2642 1445 2698 Si
1474 2644 1599 2713 quis
1626 2649 1810 2698 autem
1839 2652 1962 2709 qua
1991 2644 2195 2692 statuta

610 2753 761 2809 sunt,
792 2742 1048 2811 deinceps
1098 2736 1408 2809 transgredi
1456 2750 1746 2805 aggressus
1772 2732 1959 2796 fuerit,
1994 2731 2041 2785 is
2077 2743 2197 2799 ple-

612 2837 703 2893 nis
722 2830 1111 2890 ecclesiasticis
1136 2828 1483 2897 subjiciatur.

897 2923 1128 2978 Concilii
1150 2917 1586 2989 Carthaginensis
1615 2931 1787 2970 canon
1820 2913 1911 2968 16.

749 3017 835 3074 16.
875 3015 943 3072 Ut
980 3015 1158 3070 nullus
1188 3013 1483 3083 episcopus,
1514 3022 1642 3076 etc.,
1683 3016 1739 3061 ut
1777 3023 1900 3078 pag.
1927 3004 2055 3061 550.

971 3196 1201 3253 Consilii
1238 3194 1447 3250 Niccni
1476 3210 1512 3249 ll
1544 3208 1713 3247 canon
1750 3189 1837 3245 10.

690 3292 842 3361 Quod
873 3308 976 3347 non
1004 3298 1240 3360 aporteat
1262 3288 1503 3352 clericos,
1532 3302 1629 3339 sua
1659 3283 1844 3338 relicta
1864 3279 2116 3349 paracia,
2141 3279 2199 3332 in

619 3388 787 3444 aliam
815 3388 1106 3447 incurrere,
1139 3383 1303 3436 inscio
1336 3381 1598 3448 episcopo.

690 3568 778 3624 10.
808 3566 1075 3635 Quoniam
1114 3563 1363 3619 nonnulli
1389 3560 1595 3627 clerici,
1628 3568 1760 3625 etc.,
1794 3565 1852 3611 ut
1880 3570 2002 3626 pag.
2036 3551 2164 3607 662.

621 3752 826 3825 Synodi
851 3767 968 3821 qua:
1004 3749 1179 3819 prima
1209 3756 1258 3802 et
1298 3742 1529 3800 secunda
1565 3747 1905 3808 nuncupatur
1932 3735 2203 3791 Constan-

689 3841 1037 3911 stantinopoli
1094 3841 1148 3893 in
1199 3838 1393 3906 templo
1452 3832 1771 3890 Sanctorum
1829 3827 2206 3899 Apostolorum

694 3942 1023 4005 congregata:
1048 3944 1217 3983 canon
1252 3926 1343 3981 Η.

697 4050 786 4105 ll.
804 4046 1157 4117 Presbyteros
1190 4042 1273 4097 vel
1300 4041 1581 4102 diaconos,
1605 4035 1896 4093 saeculares
1918 4031 2208 4103 magistra-

626 4153 713 4197 tus
747 4140 832 4195 vel
864 4154 1024 4193 curas
1056 4132 1434 4203 suscipientes,
1466 4129 1556 4184 vel
1574 4142 1667 4184 eas
1690 4124 1882 4197 quaein
1913 4123 2205 4194 magistra-

627 4246 777 4291 tuum
795 4230 1004 4287 aedibus
1033 4222 1657 4289 dicuntur,curationes,
1685 4217 1860 4273 divini
1879 4225 1931 4271 et
1949 4216 2089 4272 sacri
2111 4231 2206 4271 ca-

628 4342 800 4384 nones
820 4322 1143 4396 depositioni
1166 4318 1486 4389 subjiciunt.
1520 4312 1635 4369 lloc
1672 4326 1803 4383 ergo
1841 4326 1942 4365 nos
1986 4322 2206 4379 quoque

626 4418 1039 4479 conﬁrmantes,
1065 4414 1132 4468 de
1166 4410 1388 4481 reliquis
1419 4420 1637 4477 quoque
1667 4404 1759 4474 qui
1796 4411 1924 4457 sunt
1952 4401 2004 4455 in
2045 4398 2208 4455 cleri-

627 4524 819 4566 corum
849 4506 1100 4575 catalogo
1139 4501 1489 4558 decernimus
1527 4513 1543 4553 :
1577 4495 1723 4567 quod
1767 4496 1813 4551 si
1845 4494 1971 4564 quis
2014 4507 2207 4546 eorum

2289 2012 2400 2049 των
2430 1989 2964 2061 ὲπεισάγεινζέαυτὸν
2997 1990 3287 2059 κοσμικαῖς
3305 1987 3632 2058 διοικήσεσι,
3664 1984 3785 2053 πλὴν
3807 1985 3843 2036 εἰ

2298 2086 2377 2157 μή
2409 2102 2512 2140 που
2535 2086 2601 2139 ὲκ
2628 2084 2811 2155 νόμων
2842 2082 3057 2136 καλοῖτο
3085 2081 3165 2145 είς
3190 2079 3479 2151 ἀφηλίκων
3505 2077 3845 2148 ἀπαραίτητον

2292 2175 2616 2248 ἐπιτροπὴν,
2650 2176 2685 2247 ἢ
2721 2177 2749 2230 ό
2772 2174 2874 2245 τῆς
2908 2173 3120 2238 πόλεως
3144 2172 3469 2236 ἐπίσκοπος,
3499 2169 3845 2240 ἐκκλησιαστι-

2295 2269 2409 2323 κῶν
2440 2266 2725 2339 ἐπιτρέψοι
2769 2264 3085 2337 φροντίζειν
3125 2262 3497 2336 πραγμάτων,
3528 2261 3562 2331 ἢ
3600 2258 3838 2333 ὀρφανῶν,

2294 2361 2388 2414 καὶ
2414 2360 2603 2431 χηρῶν
2628 2360 3005 2430 ἀπρονοήτων,
3036 2356 3132 2411 καὶ
3161 2356 3271 2409 τῶν
3301 2353 3616 2427 προσώπων
3645 2353 3744 2405 τῶν
3764 2353 3845 2422 μά·

2294 2453 2456 2509 λιστα
2502 2454 2604 2525 τῆς
2662 2452 3127 2522 έκκλησιαστικῆς
3159 2449 3435 2522 δεομένων
3485 2446 3747 2520 βοηθείας,
3771 2444 3839 2498 διά

2293 2546 2385 2600 τὸν
2432 2543 2598 2614 φόϐον
2652 2542 2748 2598 τοῦ
2800 2544 2995 2615 κυρίου
3027 2558 3045 2575 ο
3076 2542 3125 2595 εί
3172 2541 3229 2595 δέ
3279 2558 3366 2605 τις
3425 2534 3843 2610 παραδαίνειντὰ

2295 2636 2575 2710 ὡρισμένα
2601 2637 2696 2690 τοῦ
2726 2636 2914 2689 λοιποῦ
2952 2635 3317 2707 ἐπιχειρήσω,
3340 2633 3372 2687 ό
3391 2631 3637 2695 τοιοῦτος
3666 2625 3836 2696 ἐκκλη-

2296 2732 2597 2793 σιαπικοῖς
2630 2728 2944 2784 ὑποκείσθω
2978 2728 3303 2799 ἐπιτιμίοις.

2547 2912 2820 2969 Συνόδου
2846 2908 3270 2981 Καρθατέννης
3306 2906 3517 2962 κανὼν
3538 2912 3635 2971 ις’.

2375 3015 2477 3072 ις’.
2514 3007 2701 3063 Ὥστε
2748 3002 2988 3077 μηδένα
3034 3002 3377 3057 ἐπίσκοπον
3450 3000 3491 3070 ἢ
3565 2994 3844 3067 apirocalu-

2294 3118 2432 3172 ρον,
2454 3118 2511 3155 κ.
2550 3116 2602 3154 τ.
2630 3098 2684 3153 λ.

2446 3190 2719 3246 Συνόδου
2744 3188 2995 3256 Νικαίας
3020 3185 3088 3242 τὸ
3129 3184 3434 3253 δεύτερον,
3463 3180 3667 3237 κανὼν
3685 3184 3731 3231 ι’.

2378 3288 2516 3342 Ὀτι
2545 3289 2617 3340 οὐ
2641 3286 2734 3340 δεῖ
2754 3282 3083 3353 κληρικοὺς
3125 3276 3456 3336 ἀπολιπεῖν
3503 3275 3617 3346 τὴν
3658 3269 3847 3328 ἑαυτῶν

2303 3378 2775 3449 παροικίαν,καί
2801 3376 2871 3431 ἐν
2912 3375 3084 3446 ἑτέρᾳ
3126 3372 3471 3445 ἀφικέσθαι,
3514 3367 3684 3441 χωρίς
3722 3361 3844 3428 cleri-

2303 3492 2459 3540 σεως
2487 3473 2594 3528 τοῦ
2626 3471 2988 3526 ἐπισκόπου.

2376 3566 2427 3622 ι’.
2472 3565 2690 3637 Ἐπειδή
2728 3579 2874 3628 τινες
2930 3562 3041 3617 τῶν
3074 3557 3354 3633 κληρικῶν
3376 3552 3846 3630 παραλογιζόμενοι,

2304 3679 2359 3715 κ.
2387 3678 2436 3715 τ.
2459 3660 2511 3713 λ.

2306 3750 2575 3805 Συνόδου
2603 3754 2655 3803 a'
2682 3747 2781 3802 καί
2821 3745 2883 3812 ,ϐ’
2912 3740 3431 3816 συγκροτηθείσης
3463 3740 3536 3794 ἐν
3572 3740 3843 3793 [iuratur-

2377 3844 2723 3899 τινουπόλει
2743 3841 2814 3896 ἐν
2832 3838 3061 3907 τῷ’ναῷ
3086 3836 3205 3892 τῶν
3231 3835 3445 3907 Ἀγίων
3484 3831 3841 3892 Ἀποστόλων,

2378 3935 2588 3990 κανὼν
2629 3941 2720 3989 ια’.

2378 4049 2612 4112 ια’.Τοὺς
2644 4045 3047 4118 πρεσδυτέρους
3077 4043 3112 4116 ἢ
3160 4042 3467 4106 διακόνους,
3490 4035 3739 4109 κοσμικὰς
3762 4032 3841 4099 ἀρ’

2306 4138 2409 4210 χάς
2446 4138 2480 4210 ἥ
2514 4137 2801 4210 φροντίδας
2828 4132 3280 4204 ἀναδεχομένους,
3318 4131 3352 4203 ἢ
3384 4132 3485 4195 τὰς
3508 4132 3563 4184 έν
3584 4130 3685 4189 τοῖς
3709 4122 3841 4179 οἴκοις

2306 4232 2415 4285 τῶν
2444 4230 2725 4301 ἀρχόντων
2773 4227 3074 4300 λεγομένας
3111 4223 3542 4296 κουρατωρείας,
3572 4224 3616 4275 οἰ
3630 4219 3745 4272 θεῖοι
3768 4210 3841 4301 καὶ

2309 4325 2446 4395 ἱεροὶ
2474 4299 2698 4387 κανόνες
2720 4299 3040 4392 καθαιρέσει
3063 4316 3542 4372 καθυποὸάλλουσι
3559 4330 3573 4345 ο
3610 4311 3746 4366 τοῦτο
3768 4299 3839 4359 οὖν

2308 4416 2405 4468 καὶ
2425 4416 2585 4485 ἡμεῖς
2613 4411 3056 4485 ἐπικουροῦντες,
3080 4409 3175 4463 καὶ
3202 4408 3329 4479 περὶ
3353 4407 3466 4460 τῶν
3488 4404 3673 4459 λοιπῶν
3697 4396 3839 4452 τῶνὲν

2312 4507 2501 4579 κλήρῳ
2529 4504 2968 4575 κατειλεγμένων
2994 4501 3366 4573 διοριζόμεθα,
3392 4498 3471 4564 ὡς
3514 4500 3566 4553 ετ
3590 4513 3665 4559 τις
3697 4487 3838 4579 αὑτων

627 4602 912 4660 διερυιπὶιι
937 4599 1119 4654 ollicia
1135 4602 1417 4656 assumat,
1452 4591 1536 4646 vel
1566 4605 1662 4645 eas
1684 4601 1806 4660 quae
1835 4588 1887 4641 in
1921 4585 2196 4657 magistra-

2314 4576 2585 4665 κοσμικὰς
2625 4594 2807 4666 ἀρχάς
2854 4593 3312 4665 μεταχειρίζοιτο,
3338 4591 3373 4663 ἢ
3411 4592 3516 4656 τὰς
3558 4590 3612 4642 έν
3637 4586 3733 4646 τοῖς
3754 4576 3837 4632 τῶν

628 4704 779 4749 tuum
824 4690 1038 4745 aedibus
1067 4686 1151 4741 vel
1186 4686 1243 4740 in
1290 4680 1626 4739 suburbanis
1655 4679 1935 4741 dicuntur,
1966 4675 2208 4730 curatio-

626 4802 726 4842 nes
771 4782 1058 4852 suscipiat,
1104 4778 1153 4833 is
1188 4792 1257 4832 ex
1302 4776 1451 4830 clero
1492 4771 1811 4841 expellatur.
1857 4768 2031 4822 Nemo
2061 4767 2208 4821 enim

626 4886 826 4950 potest,
852 4884 915 4931 ut
947 4885 1031 4929 est.
1059 4869 1269 4925 Christi
1297 4866 1422 4937 [veri
1473 4864 1567 4920 Dei
1613 4863 1781 4920 nostri
1815 4880 1916 4918 vox
1968 4863 2039 4919 ab
2090 4862 2212 4931 ipso

628 4970 839 5040 prolata
864 4967 934 5031 “,
961 4977 1137 5033 eaque
1180 4961 1342 5031 longe
1387 4955 1696 5020 verissima,
1720 4954 1936 5011 duobus
1968 4953 2211 5009 dominis

628 5075 856 5119 SCI‘VH‘O.

700 5151 921 5206 Textus.
980 5145 1173 5201 Const.
1225 5142 1315 5209 l7,
1355 5140 1439 5196 tit.
1469 5139 1538 5211 l5,
1586 5138 1680 5193 lib.
1708 5153 1749 5202 ι,
1783 5136 1908 5191 cod.
1953 5144 2103 5191 vetat
2143 5149 2212 5190 ne

629 5242 814 5298 clerici
845 5253 1129 5296 accessum
1157 5236 1391 5289 habeant
1417 5234 1481 5288 ad
1513 5230 1763 5303 publicas
1792 5230 1877 5285 vel
1903 5230 1970 5284 ad
1997 5229 2209 5285 curiam

629 5336 967 5406 pertinentes
1005 5329 1275 5385 actiones.
1307 5328 1373 5381 Et
1412 5325 1483 5381 40
1504 5323 1750 5395 ejusdem
1782 5324 1866 5379 tit.
1908 5333 2091 5379 const.
2125 5322 2211 5377 in-

632 5425 850 5480 terdicit
896 5421 1284 5478 defensoribus
1351 5417 1746 5479 ecclesiarum.
1796 5430 1866 5471 ne
1937 5424 2213 5472 extremas

632 5516 799 5587 213
842 5518 1158 5570 voluntates
1201 5511 1512 5577 insinuent,
1549 5521 1713 5580 atque
1762 5511 1815 5563 in
1856 5517 2212 5564 temeratores

632 5623 850 5679 pomum
899 5606 1299 5677 quinquaginta
1350 5606 1614 5662 librarum
1671 5600 2099 5676 [auri].;statuit.
2146 5601 2212 5657 Et

630 5698 876 5768 ejusdem
912 5697 999 5753 tit.
1044 5697 1153 5753 ait:
1189 5697 1345 5765 Quod
1381 5696 1665 5768 episcopi,
1714 5694 2015 5767 presbyteri
2038 5732 2055 5756 ,
2089 5693 2210 5750 dia.-

702 5873 748 5906 ”
775 5872 966 5930 Matth.
994 5889 1069 5943 Vl,
1100 5873 1192 5932 24.

2310 4690 2587 4759 ἀρχόντων
2616 4686 2788 4752 οἴκοις
2819 4687 2855 4759 ἢ
2906 4684 3255 4757 προαστείοις
3284 4684 3582 4754 λεγομένας
3613 4688 3839 4746 κουρατω-

2314 4783 2466 4852 ρείας
2498 4779 2832 4850 ἀναδέχοιτο,
2886 4776 3081 4832 τοῦτον
3112 4776 3207 4830 τοῦ
3234 4775 3437 4829 οἰκείου
3466 4774 3658 4844 κλήρου
3686 4761 3836 4819 ἐκδιώ-

2310 4872 2523 4927 κεσθαιο
2549 4871 2723 4935 οὐδεὶς
2741 4870 2848 4944 γὰρ
2877 4870 3125 4936 δύναται,
3147 4869 3290 4924 κατά
3314 4868 3413 4939 τὴν
3431 4867 3524 4922 τοῦ
3542 4858 3748 4937 Χριστοῦ
3766 4851 3835 4909 τοῦ

2312 4962 2570 5035 ἀληθινοῦ
2596 4961 2733 5017 Θεοῦ
2762 4963 2923 5034 ἡμῶν
2973 4961 3295 5017 αύτόλεκτον
3341 4962 3435 5015 καὶ
3482 4950 3833 5030 ἀψευδεστάτην

2315 5048 2523 5127 φωνὴν,
2549 5055 2670 5108 δυσὶ
2686 5042 2907 5127 ¹κυρίοις
2928 5053 3230 5111 δουλεύειν.

2400 5145 2465 5201 Ἦ
2499 5147 2564 5212 ιζ’
2595 5146 2840 5211 διάταξις
2886 5146 2983 5201 τοῦ
3004 5152 3063 5201 α’
3078 5146 3221 5217 βισλ.
3253 5145 3347 5200 τοῦ
3380 5144 3512 5201 κώδ.
3542 5138 3715 5198 κωλύει
3738 5130 3831 5191 τοὺς

2316 5236 2614 5309 κληρικοὺς
2646 5237 2880 5309 πάροδον
2918 5238 3063 5309 ἔχειν
3099 5238 3181 5302 είς
3218 5236 3317 5301 τὰς
3357 5234 3611 5308 δημοσίας
3637 5224 3830 5298 πράξεις,

2318 5328 2351 5399 ἦ
2381 5328 2480 5392 τὰς
2523 5328 2870 5400 ἁρμοζούσας
2902 5332 3021 5394 ταῖς
3066 5329 3284 5402 βουλαῖς
3313 5344 3328 5358 ⁸
3356 5327 3451 5382 καὶ
3482 5330 3513 5398 ἡ
3551 5324 3601 5397 μ’
3630 5318 3709 5374 τοῦ
3754 5311 3829 5366 αὖ·

2312 5419 2408 5473 τοῦ
2436 5419 2543 5474 τίτ.
2573 5421 2713 5475 διάτ.
2730 5421 3066 5493 ἀπαγορεύει
3088 5426 3200 5487 τοῖς
3215 5418 3675 5492 έκκλησιεκδίκοις.
3696 5412 3832 5477 ili?”

2315 5512 2487 5577 νίζειν
2528 5514 2844 5580 τελευταίας
2892 5515 3199 5586 βουλήσεις,
3220 5514 3411 5587 ποινὴν
3442 5516 3505 5567 ὲκ
3547 5498 3828 5587 παραδασίαῗ

2310 5602 2567 5676 ὁρίζουσα
2579 5604 2621 5659 ν’
2637 5605 2856 5677 λιτρῶν*
2878 5582 2972 5659 καὶ
2992 5607 3025 5675 ἠ
3046 5582 3126 5661 να⁸
3138 5605 3232 5659 τοῦ
3249 5582 3416 5659 αὐτοῦ
3432 5597 3693 5671 τίτ.φησὶν,
3715 5591 3776 5642 ὅτι
3791 5582 3825 5634 οἶ

2312 5694 2602 5753 ἐπίσκοποι
2617 5699 2711 5753 καὶ
2740 5697 3015 5769 πρεσϐύτε
3024 5716 3105 5770 ροι
3118 5699 3218 5765 καὶ,
3237 5698 3471 5753 διάκονοι
3484 5695 3572 5753 καὶ
3596 5683 3824 5747 ύποδιάκο-
