4012 6466
343 377 451 440 685

1149 377 1551 440 SYNTAGM‘A
1585 376 1974 440 CANONUM.
2005 398 2071 411 -·
2094 374 2240 439 ΤΙΤ.
2263 374 2429 448 VIII,
2453 374 2609 435 CAP.
2640 374 2795 435 XIV.

3506 380 3614 444 686

344 506 429 543 νοι
455 486 551 541 καὶ
569 484 815 558 μοναχοὶ,
829 484 935 541 κᾶν
948 486 1023 559 μὴ
1038 485 1203 558 ἔχωσι
1215 487 1567 558 χειροτονίαν,
1580 486 1793 541 ἀλειτου
1801 504 1931 556 ργη-

2035 480 2525 548 coni,subdiaconi
2547 490 2603 537 et
2628 481 2907 545 monachi,
2943 481 3070 538 licet
3096 499 3205 541 non
3239 497 3369 544 sunt
3397 490 3609 558 clerici,

344 581 470 634 σίαν
481 579 664 650 ἔχουσι
687 581 865 650 πάσης
878 581 1179 652 ἐπιτροπῆς
1193 581 1288 635 καὶ
1305 597 1403 635 κου
1409 579 1931 651 ρατωρείας,σχολά·

347 672 531 737 (circa;
563 672 746 743 μέντοι
775 674 893 735 ταῖς
914 673 1227 743 ἐκκλησίαις
1277 675 1375 727 καὶ
1404 676 1517 736 τοῖς
1547 673 1931 743 μοναστηρίοις

350 764 553 828 αὐτῶν,
608 763 703 817 καὶ
738 764 814 835 μὴ
848 763 1179 834 ἀμελοῦντες
1222 765 1325 834 τῆς
1363 764 1515 829 θείας
1563 765 1927 836 λειτουργίας.

432 856 497 909 Ἡ
523 856 580 909 δέ
607 855 650 926 β’
680 856 819 909 διάτ.
876 856 971 909 τοῦ
1031 854 1079 911 α’
1132 857 1237 912 τίτ.
1291 856 1405 911 τῶν
1464 858 1695 931 Νεαρῶν
1740 873 1925 928 φησιν,

341 950 424 1003 ὅτι
450 950 748 1013 ἐπίσκοπος
800 949 833 1019 ἦ
898 950 1150 1021 μοναχὸς,
1201 950 1263 1004 ού
1302 950 1511 1017 γίνεται
1550 948 1803 1022 κηδεμών
1827 966 1843 983 ο
1878 951 1927 1003 οἰ

341 1045 397 1097 δὲ
410 1044 563 1097 ἄλλοι
576 1043 829 1114 κληρικοὶ
849 1043 957 1097 τῶν
984 1044 1130 1097 ἰδίων
1157 1044 1436 1113 συγγενῶν
1449 1042 1925 1115 κηδεμονεύουσιν,

341 1137 439 1190 ἐὰν
472 1138 602 1191 εῐσω
631 1138 673 1190 δ’
702 1137 889 1209 μηνῶν
910 1138 1063 1207 παρὰ
1091 1136 1168 1207 τῷ
1197 1138 1439 1210 ἀρμοδίῳ
1477 1138 1707 1210 δικαστῇ
1747 1137 1928 1208 οἰκείᾳ

341 1228 665 1299 προαιρέσει
698 1229 1101 1297 καταδέξωνται
1138 1243 1153 1259 ⁸
1178 1232 1272 1283 καὶ
1298 1230 1361 1282 οὐ
1402 1228 1926 1302 προκριματίζονται

341 1322 475 1392 περὶ
504 1321 671 1391 ἄλλην
702 1321 1029 1392 κηδεμονίαν
1054 1321 1208 1375 ὀὔτε
1233 1322 1292 1376 δὲ
1322 1322 1923 1394 δημοσίωνέκλήπτωρ,

338 1411 374 1482 ἦ
407 1411 601 1473 τελῶν,
637 1411 671 1483 ἢ
713 1413 957 1483 κτήσεων
987 1412 1306 1483 ἀλλοτρίων,
1344 1414 1711 1486 ἢκουράτωρ,
1749 1413 1923 1479 οἴκου,

338 1502 374 1573 ἢ
408 1503 660 1568 ἐντολεὺς
695 1504 871 1573 δίκης,
902 1503 955 1575 ἢ·
988 1505 1263 1576 ἐγγυητής
1294 1524 1309 1537 ’
1340 1506 1481 1577 ὑπὲρ
1522 1505 1631 1560 τῶν
1665 1505 1925 1560 τοιούτων

338 1595 537 1649 αἰτιῶν
595 1596 915 1660 ἐπίσκοπος,
952 1595 986 1667 ἢ
1039 1599 1342 1669 οἰκονόμος,
1373 1598 1407 1668 ἢ
1442 1598 1602 1663 ἄλλος
1661 1597 1924 1669 κληρικὸς

336 1688 553 1759 γίνεται
592 1688 817 1759 ὀνόματι
854 1688 991 1759 ἰδίῳ,
1036 1688 1071 1759 ἢ
1098 1690 1198 1761 τῆς
1241 1688 1590 1761 Ἑκκλησίας,
1624 1689 1658 1761 ἢ
1700 1689 1795 1744 τοῦ
1829 1706 1925 1761 μο-

336 1780 634 1850 ναστηρίου
666 1780 829 1834 αὑτοῦ
856 1795 870 1810 °
902 1781 1001 1844 τὰς
1033 1781 1092 1835 δὲ
1116 1782 1532 1853 παρακειμένας
1555 1783 1779 1852 κτήσεις
1810 1783 1924 1845 τοῖς

2033 576 2261 631 omnino
2291 575 2695 631 immunitatem
2735 574 2919 629 tutelae
2955 584 3120 646 atque
3153 593 3301 635 curas
3334 582 3571 641 habeant
3598 604 3615 640 ι

2032 668 2078 724 si
2119 677 2298 723 tamen
2331 667 2580 723 ecclesiis
2607 676 2662 722 et
2703 668 3047 724 monasteriis
3087 670 3204 725 suis
3247 686 3472 742 cperam
3520 693 3620 732 na-

2031 769 2175 824 vent,
2213 774 2390 830 neque
2418 760 2665 815 divinum
2691 761 3056 816 ministerium
3080 763 3378 835 negligant.

2105 852 2325 909 Tenus.
2371 851 2669 916 Const.o2,
2727 854 2817 909 tit.
2862 851 3253 912 tNovellarum
3317 858 3425 925 ait,
3468 861 3613 931 quod

2029 943 2320 1015 episcopus
2358 953 2454 1000 aut
2518 946 2821 1001 monachus
2854 954 3003 1001 tutor
3041 964 3150 1003 non
3218 948 3312 1005 ﬁat
3341 969 3353 1004 :
3383 952 3473 1007 alii
3514 969 3614 1008 au-

2028 1043 2138 1092 tem
2214 1036 2400 1093 clerici
2460 1047 2822 1108 cognatorum
2901 1053 3128 1095 suorum
3199 1050 3411 1100 tutores
3466 1045 3615 1110 sint,

2029 1128 2078 1186 si
2120 1128 2263 1184 intra
2296 1137 2536 1199 quatuor
2574 1145 2795 1187 menses
2834 1132 2979 1202 apud
3015 1142 3415 1205 competentem
3468 1137 3617 1207 judi-

2030 1234 2147 1277 cem
2178 1219 2454 1295 [tutelam]
2495 1222 2714 1294 propria
2752 1224 3034 1283 voluntate
3076 1228 3469 1298 susceperint:
3501 1244 3616 1300 quo

2030 1308 2211 1377 facto,
2275 1313 2487 1368 nullum
2548 1316 2926 1386 praeiudicium
2976 1317 3121 1373 circa
3165 1319 3328 1373 aliam
3384 1322 3613 1377 tutelam

2034 1404 2373 1460 sustineant.
2407 1403 2590 1477 [Quod
2614 1406 2769 1479 item]
2798 1423 2973 1479 neque
3003 1409 3348 1479 publicarum
3380 1410 3613 1483 [contri-

2026 1493 2341 1567 butionum]
2376 1508 2752 1568 susceptores,
2787 1515 2966 1571 neque
3016 1504 3361 1573 vectigalium
3403 1506 3613 1561 aliena-

2025 1598 2220 1642 rumve
2250 1588 2676 1656 'possessionum
2718 1588 3127 1664 [conductores]
3168 1609 3346 1664 neque
3391 1593 3613 1651 familia:

2027 1686 2335 1746 curatores,
2376 1694 2556 1750 neque
2599 1690 2989 1750 procuratores
3038 1683 3171 1749 litis,
3210 1700 3389 1754 neque
3442 1702 3610 1758 super

2027 1765 2339 1823 istiusmodi
2389 1769 2576 1825 causis
2634 1770 2991 1840 [idejussores
3036 1788 3174 1838 suo,
3215 1785 3313 1830 aut
3362 1776 3612 1832 ecclesias

334 1872 523 1928 αὐτῶν
552 1873 806 1943 εύαγέσιν
834 1874 1025 1939 οἴκοις,
1050 1874 1307 1929 δύνανται
1364 1873 1684 1945 μισθοῦσθαι
1709 1873 1805 1928 καὶ
1824 1874 1923 1944 ἐμ·
1957 1862 1997 1917 Β
2026 1860 2415 1917 ωοηδειεΐίίνθ
2441 1862 2527 1917 δαί
2560 1862 2808 1927 nomine:
2830 1863 2917 1919 vel
2934 1864 3286 1935 θρῖεοορίνθι
3309 1869 3610 1935 ωοοηοηιίν

334 1964 693 2036 φυτεύεσθαι,
729 1966 950 2020 πάντων
974 1967 1085 2023 τῶν
1113 1964 1363 2037 μοναχῶν
1406 1964 1502 2020 καὶ
1554 1964 1834 2036 κληρικῶν
1865 1966 1924 2017 ἐν

338 2055 677 2127 συμϐολαίῳ,
710 2055 743 2127 ἢ
775 2056 870 2110 ἐπὶ
905 2055 1178 2125 πράξεως,
1207 2055 1602 2110 συναινούντων
1632 2055 1727 2109 καὶ
1751 2072 1921 2124 φανε-

339 2146 584 2211 ρούντων
633 2147 936 2217 συμφέρειν
976 2148 1038 2201 τὸ
1067 2147 1353 2218 γινόμενον
1385 2162 1402 2180 ⁸
1445 2147 1540 2201 καὶ
1593 2148 1748 2201 αὐτοὶ
1777 2147 1834 2200 δὲ
1872 2148 1922 2200 οἰ

336 2238 533 2290 σεπτοὶ
563 2231 702 2291 οἶκοι
736 2240 849 2300 τοῖς
885 2236 1168 2309 κληρικοῖς
1196 2236 1379 2291 αὐτῶν
1410 2233 1666 2307 μισθοῦσι
1692 2237 1789 2289 καὶ
1808 2236 1924 2305 ,ἐμ-

336 2331 655 2400 φυτεύουσι,
686 2332 855 2402 χωρὶς
874 2330 982 2384 τῶν
1009 2331 1077 2384 δι’
1124 2331 1315 2399 ἐτέρου
1360 2330 1528 2401 νόμου
1563 2329 1924 2383 κωλυθέντων

337 2422 652 2494 προσώπων
673 2440 688 2456 ο
717 2426 745 2478 ὁ
774 2425 830 2478 δὲ
870 2424 1023 2495 παρά
1049 2422 1222 2479 ταῦτα
1250 2424 1440 2486 ποιῶν,
1466 2425 1515 2476 εἰ
1548 2422 1649 2493 μὲν
1694 2422 1920 2476 ἐπίσκοε-

336 2516 443 2576 πός
479 2518 616 2583 ἐστι,
664 2515 734 2570 τὰ
764 2516 1066 2587 πράγματα
1116 2515 1279 2570 αὑτοῦ
1329 2515 1507 2570 πάντα
1537 2517 1601 2587 τῇ
1652 2513 1921 2584 ἐκκλησίᾳ

334 2608 507 2662 αὐτοῦ
543 2608 981 2680 προσκυροῦνται
1013 2623 1029 2640 ο
1062 2609 1112 2663 εί
1139 2608 1195 2662 δέ
1219 2607 1502 2678 οἰκονόμος
1532 2606 1565 2678 ἢ
1594 2605 1754 2670 ἄλλος
1783 2605 1921 2676 κλη-

337 2701 518 2772 ρικὸς,
550 2699 740 2772 ποινὴν
787 2700 970 2754 δίδωσι
1020 2698 1374 2771 χρηματικὴν
1424 2698 1524 2770 τὴν
1556 2697 1921 2769 νομιζομένην

334 2792 419 2863 τῷ
450 2792 736 2861 ἐπισκόπῳ
792 2789 980 2857 αὑτοῦ,
1033 2792 1084 2844 οἰ
1125 2790 1183 2845 δὲ
1235 2789 1706 2861 ἐμπιστεύσαντες
1736 2788 1921 2852 αὐτοῖς

335 2880 443 2946 τὰς
486 2881 801 2953 διοικήσεις,
841 2879 875 2952 ἢ
922 2878 1179 2943 λαϐόντες
1230 2879 1424 2941 αὐτοὺς
1481 2876 1772 2947 ἐγγυητὰς.
1819 2874 1921 2928 οὐκ

335 2972 559 3043 ἔχουσιν
586 2972 808 3043 ἀγωγὴν
831 2971 951 3026 κατ’
973 2971 1172 3035 αὐτῶν,
1203 2969 1236 3040 ἢ
1268 2968 1630 3040 πραγμάτων,
1655 2968 1688 3039 ἢ
1716 2968 1918 3037 ἐγγυη-

332 3062 472 3126 τῶν,
511 3062 547 3133 ἢ
574 3062 905 3132 ἐκκλησιῶν,
929 3061 963 3131 ἢ
990 3060 1369 3131 μοναστηρίων
1405 3057 1585 3113 αὐτῶν
1620 3074 1637 3090 ο
1669 3058 1805 3113 ἀλλὰ
1827 3058 1919 3111 καὶ

334 3155 441 3222 τὴν
500 3153 903 3226 συμϐαίνουσαν
949 3152 1059 3206 τῶν
1125 3152 1401 3223 δημοσίων
1454 3151 1660 3223 βλάβην
1708 3149 1919 3205 οἴκοθεν

336 3244 868 3315 ἀποθεραπεύουσιν.

2024 1953 2110 2011 vel
2149 1954 2242 2009 alii
2281 1955 2468 2011 clerici
2498 1955 2651 2013 ﬂant.
2674 1956 2898 2014 Possint
2925 1967 3107 2015 autem
3138 1959 3455 2030 adjacentes
3480 1963 3616 2033 ipsis

2027 2046 2434 2104 venerabilibus
2455 2046 2712 2106 domibus
2748 2051 3153 2120 possessionem
3190 2052 3245 2107 in
3282 2054 3614 2111 conductio-

2026 2153 2149 2195 nem
2191 2149 2247 2196 et
2304 2141 2690 2213 emphyteusin
2734 2143 3132 2217 accipere:[ut
3169 2145 3379 2221 tamen]
3419 2163 3613 2206 omnes

2024 2230 2211 2287 clerici
2240 2241 2293 2288 et
2320 2235 2575 2288 monachi
2612 2233 2667 2288 in
2696 2235 3066 2292 instrumento
3085 2249 3182 2291 aut
3210 2238 3351 2295 actis
3383 2254 3615 2296 consen-

2025 2323 2187 2388 tiant,
2232 2334 2288 2380 et
2346 2325 2629 2381 declarent
2678 2342 2798 2383 eam
2847 2337 2964 2383 tum
3014 2327 3131 2384 fore
3188 2331 3613 2388 conducibilem.

2024 2413 2181 2485 lpsas
2231 2426 2414 2472 autem
2465 2418 2809 2474 venerabiles
2863 2420 3064 2475 domus
3101 2420 3316 2478 clericis
3362 2424 3477 2478 suis
3501 2422 3613 2478 eloo

2023 2521 2187 2571 care,
2244 2514 2298 2561 et
2346 2509 2400 2563 in
2450 2509 2833 2581 emphyteusin
2866 2511 3018 2579 dare,
3062 2513 3305 2583 exceptis
3358 2515 3614 2583 personis

2023 2616 2120 2670 per
2159 2601 2321 2657 aliam
2364 2603 2538 2674 legem
2579 2605 2904 2675 prohibitis,
2957 2621 3021 2662 ac
3067 2609 3289 2664 easdem
3330 2624 3361 2663 a
3392 2608 3612 2664 clericis

2023 2693 2297 2763 accipere.
2334 2692 2515 2766 [Quod
2555 2696 2746 2769 etiam]
2795 2696 2890 2769 qui
2936 2708 3130 2754 contra
3176 2699 3291 2754 huic
3320 2697 3531 2764 fecerit,
3564 2698 3610 2753 si

2022 2785 2243 2854 quidem
2277 2787 2572 2856 episcopus
2607 2787 2700 2854 sit,
2728 2804 2927 2845 omnes
2957 2790 3133 2860 ipsius
3162 2790 3471 2860 .l'acultates
3527 2791 3610 2859 ip-

2022 2876 2142 2933 sius
2195 2878 2441 2934 ecclesiaa
2492 2880 2817 2937 addicantur
2848 2898 2864 2936 ι
2895 2881 2941 2936 si
2964 2896 3096 2937 vero
3138 2896 3482 2948 mconomus,
3515 2894 3612 2936 aut

2020 2968 2162 3025 alius
2201 2970 2469 3037 clericus‘,
2502 2988 2722 3042 pinnam
2761 2973 3141 3043 pecuniariam
3189 2975 3417 3040 subeat,
3443 2989 3609 3044 quam

2019 3062 2310 3134 episcopus
2349 3064 2523 3134 ipsius
2563 3067 2894 3137 probaverit.
2929 3066 3107 3140 [Quod
3151 3065 3453 3141 postremo]
3510 3068 3607 3139 qui

2022 3156 2157 3226 ipsis
2186 3159 2693 3218 administrationes
2715 3164 3084 3229 crediderint,
3120 3173 3214 3219 aut
3249 3166 3609 3237 ﬁdeiussores
3639 3240 3648 3249 ν

1945 3234 1988 3289 C
2023 3247 2174 3317 ipsos
2218 3252 2558 3321 acceperint,
2608 3252 2874 3309 adversus
2935 3256 3107 3325 ipsos,
3178 3266 3275 3312 aut
3344 3234 3454 3321 res,
3515 3263 3612 3311 aut

340 3337 716 3405 l'ichussores,
738 3336 1127 3403 autecclesias,
1150 3345 1244 3390 aut
1272 3336 1603 3393 monasteria
1643 3336 1919 3392 actionem
1959 3354 2066 3394 non
2101 3341 2382 3398 habeant:
2417 3345 2512 3401 sed
2544 3345 2709 3401 etiam
2756 3346 2802 3401 si
2847 3349 2992 3418 quod
3021 3349 3285 3405 damnum
3325 3352 3609 3421 publicum

335 3431 646 3495 ulwenerit,
678 3429 777 3503 [id]
806 3432 875 3486 de
895 3446 996 3485 suo
1018 3430 1338 3485 resarciant.

415 3524 667 3578 ΚΕΦΑΛ.
703 3521 802 3576 l'A'.
830 3553 903 3565 —
931 3525 1067 3592 Περί
1102 3523 1454 3577 ἐπισκόπων
1487 3522 1587 3577 καί
1624 3523 1927 3592 κληρικῶν

334 3619 659 3674 συνόντων
688 3616 965 3687 γυναιξίν
987 3616 1387 3682 ἐπεισάκτοις.

687 3710 960 3773 Συνόδου
987 3711 1238 3777 Νικαίας
1262 3708 1468 3766 κανὼν
1500 3715 1572 3779 γ’.

410 3808 485 3872 γ’.
528 3802 903 3873 ’Δπηγόρευσε
930 3802 1160 3856 καθόλου
1192 3804 1225 3873 ἡ
1259 3801 1473 3873 μεγάλη
1510 3801 1748 3869 σύνοδος,
1782 3804 1920 3872 μήτε

339 3900 649 3970 ἐπισκόπῳ,
684 3898 823 3969 μήτε
870 3898 1249 3971 πρεσϐυτέρῳ,
1288 3899 1426 3970 μήτε
1473 3898 1732 3970 διακόνῳ,
1782 3900 1921 3970 μήτε

338 3991 479 4057 ὅλως
510 3993 620 4045 τινὶ
673 3991 782 4046 τῶν
826 3992 885 4044 ἐν
933 3991 1014 4063 τῷ
1047 3992 1269 4064 κλήρῳ,
1321 3990 1523 4057 ἐξεῖναι
1577 3993 1926 4047 συνείσακτον

338 4085 488 4155 ἔχειν
511 4100 526 4115 ·
558 4084 699 4156 πλὴν
745 4084 797 4138 εἰ
835 4084 910 4155 μὴ
944 4084 1056 4156 ἀρα
1096 4084 1312 4157 μητέρα
1351 4085 1386 4158 ἢ
1421 4085 1719 4157 ἀδελφὴνῆ
1752 4084 1924 4150 θείαν,

341 4178 378 4251 ἢ
400 4178 440 4231 ὃ.
472 4177 611 4249 μόνα
640 4178 910 4249 πρόσωπα
931 4180 1113 4233 πᾶσαν
1137 4178 1375 4248 ὑποψίαν
1398 4178 1782 4248 διαπέφευγεν.

511 4354 780 4410 Συνόδου
811 4355 1230 4425 οἰκουμενικῆς
1256 4355 1439 4423 ἕκτης
1465 4355 1668 4411 κανὼν
1688 4363 1749 4411 ε’.

413 4445 478 4502 ε’.
495 4447 701 4519 Μηδεὶς
714 4447 824 4503 τῶν
850 4448 907 4501 ἐν
927 4449 969 4500 ίε
980 4448 1185 4518 ρατικῷ
1206 4448 1642 4518 καταλεγόμενος
1659 4448 1920 4519 τάγματι,

338 4540 453 4593 τῶν
482 4539 541 4592 ἐν
590 4538 670 4609 τῷ
697 4537 904 4606 ξκανόνι
951 4538 1350 4609 ἐμφερομένων⁴
1381 4539 1708 4594 ἀνυπόπτων
1749 4557 1922 4610 προσ-

338 4630 510 4685 ὡπων
530 4631 685 4695 ἐκτὸς
704 4630 928 4701 διάγων,
947 4630 1147 4699 γύναια
1162 4632 1452 4702 κεκτήσθω
1468 4632 1501 4704 ἢ
1517 4632 1925 4704 θεραπαινίδας,

339 4724 404 4778 τὸ
437 4724 807 4795 ἀνεπίληπτον
835 4723 1013 4795 ἐαυτῷ
1040 4723 1289 4779 ἐντεῦθεν
1319 4726 1536 4797 τηρῶν·
1569 4728 1620 4779 εί
1647 4727 1708 4780 δὲ
1743 4744 1927 4797 παρα-

340 4816 520 4879 ϐαίνοι
543 4834 627 4880 τις
669 4816 738 4871 τὰ
770 4816 900 4886 παρ’
945 4816 1102 4888 ἡμῶν
1148 4818 1459 4889 ὁρισθέντα,
1516 4819 1923 4891 καθαιρείσοω⁶

334 4908 405 4961 τὸ
428 4908 559 4961 αὐτὸ
588 4908 644 4960 δὲ
684 4907 845 4961 τοῦτο
873 4907 969 4961 καὶ
1007 4911 1055 4961 οἰ
1104 4909 1350 4980 εὐνοῦχοι
1384 4912 1927 4983 παραφυλαττέσθω-

338 5017 467 5066 σαν,
506 4999 567 5052 τὸ
594 4999 883 5070 ἄμεμπτον
930 5001 1141 5065 ἐαυτοῖς
1174 5001 1565 5073 προνοούμενοι
1589 5018 1605 5033 ’
1644 5004 1925 5076 παραϐαί-

338 5110 528 5156 νοντες
555 5092 631 5157 δὲ,
666 5094 713 5145 εί
740 5093 840 5162 μὲν
863 5091 1118 5165 κληρικοὶ
1148 5090 1280 5159 εἷεν,
1327 5093 1805 5166 καθαιρείσθωσαν
1829 5112 1845 5127 ·
1875 5097 1925 5150 εί

338 5188 400 5239 δὲ
426 5185 625 5249 λαῖκοὶ,
660 5184 1129 5255 ἀφοριζέσθωσαν.

470 5363 741 5417 Συνόδου
766 5365 1011 5429 Νικαίας
1036 5381 1100 5417 το
1132 5363 1434 5432 δεύτερον,
1468 5366 1671 5419 κανὼν
1698 5366 1787 5433 ιη’.

417 5453 547 5507 Ὀτι
596 5457 668 5509 οὐ
700 5454 795 5509 δεῖ
820 5457 1073 5525 γυναῖκα
1123 5456 1535 5512 ἐνδιαιτᾶσθαι
1581 5458 1652 5512 ἐν
1679 5458 1923 5510 ἐπισκο-

343 5563 375 5598 2'.
396 5547 559 5612 εἰοις,
593 5546 631 5615 ἣ
669 5548 740 5600 ἐν
766 5546 1059 5615 ἀνδρείοις
1082 5550 1537 5616 μοναστηρίοις.

418 5644 509 5707 ιη’.
527 5638 885 5708 Ἀπρόσκοποι
906 5638 1141 5708 γίνεσθε,
1166 5639 1331 5710 φησὶν
1346 5639 1376 5691 ό
1398 5639 1538 5704 θεῖος
1578 5639 1920 5705 ’Δπόστολος,

419 5815 464 5845 ³⁷⁸
500 5814 729 5869 Siricius
749 5828 878 5882 xu;
909 5822 962 5870 et
989 5813 1271 5887 Carthag.,
1304 5832 1388 5874 ιιι.
1420 5818 1505 5872 ΓΙ.
1584 5818 1629 5851 ’⁸
1660 5816 1864 5875 Nicmn.
1901 5821 1952 5875 3.

2098 3525 2264 3595 219
2292 3524 2445 3581 CAP.
2494 3526 2637 3582 XIV.
2672 3556 2732 3566 -—
2777 3528 2856 3582 De
2888 3531 3146 3600 episcopis
3197 3543 3248 3587 et
3284 3535 3487 3591 clericis
3517 3541 3609 3610 qui

2026 3633 2143 3671 cum
2172 3618 2501 3673 subindurlis
2528 3621 2842 3674 mulieribus
2873 3621 3146 3678 habitant.

2424 3708 2651 3765 Concilii
2697 3710 2910 3767 Nicwni
2944 3730 3115 3768 canon
3145 3716 3200 3772 3.

2091 3803 2145 3857 5.
2186 3802 2368 3858 Vetuit
2413 3796 2639 3859 omnino
2684 3820 2877 3875 magna
2927 3807 3200 3877 synodus,
3227 3822 3295 3863 ne
3325 3809 3613 3881 liceatepi-

2022 3910 2210 3965 scopo,
2236 3910 2335 3951 nec
2362 3895 2677 3967 presbytero
2696 3938 2711 3965 ,
2743 3912 2845 3953 nec
2865 3898 3116 3964 diacono,
3149 3915 3249 3956 nec
3273 3902 3365 3956 ulli
3388 3903 3609 3974 penitus

2022 4004 2210 4043 eorum
2234 3988 2329 4058 qui
2358 3989 2554 4044 suntin
2582 3990 3130 4055 clero,iutroductam
3168 3994 3368 4051 habere
3413 3997 3609 4051 mulie—

2022 4095 2141 4135 rem
2164 4080 2231 4146 ⁸⁸,
2249 4090 2609 4153 praeterquam
2632 4084 2822 4153 utique
2844 4094 3077 4139 matrem
3103 4087 3187 4141 vel
3219 4102 3490 4157 sororem,
3521 4089 3607 4145 vel

2024 4173 2269 4240 amitam,
2290 4174 2373 4228 vel
2387 4187 2483 4230 eas
2500 4189 2787 4244 personas,
2818 4191 2943 4246 qua:
2982 4192 3202 4234 omnem
3235 4181 3606 4250 suspicionem

2026 4264 2318 4337 effugiunt.

2342 4353 2569 4411 Concilii
2609 4360 2915 4413 mcumem‘ci
2946 4375 2996 4415 vi
3024 4375 3196 4415 canon
3228 4362 3283 4416 ὅ.

2098 4447 2153 4502 5.
2178 4446 2374 4504 Nullus
2413 4463 2622 4511 eorum,
2655 4450 2749 4518 qui
2778 4455 2830 4504 In
2878 4453 3203 4507 sacerdotali
3238 4454 3485 4524 catalogo
3512 4454 3608 4510 de-

2028 4539 2254 4607 gunt”,
2303 4547 2460 4593 extra
2505 4554 2621 4604 eas,
2653 4554 2774 4609 qua:
2821 4541 2875 4596 in
2902 4556 3114 4598 canone
3164 4555 3541 4611 recensentur,
3573 4563 3604 4601 a

2028 4630 2340 4700 suspicione
2388 4632 2596 4687 alienas
2645 4647 2930 4703 personas,
2985 4636 3271 4692 mulierem
3325 4639 3606 4708 possideat

2028 4723 2112 4776 vel
2139 4723 2417 4788 ancillam,
2445 4738 2507 4778 se
2532 4724 2666 4778 nulli
2714 4726 3124 4795 reprehensioni
3154 4728 3368 4785 amnem
3404 4746 3472 4786 ex
3501 4731 3606 4787 hoc

2026 4828 2274 4869 servans.
2313 4813 2373 4868 Si
2418 4815 2543 4885 quis
2587 4826 2769 4872 autem
2802 4832 2925 4888 quae
2961 4834 2993 4873 a
3042 4820 3201 4877 nobis
3230 4822 3450 4877 deﬁnita
3477 4835 3606 4878 sunt

2028 4905 2368 4972 transilierit,
2396 4906 2722 4978 deponatur.
2762 4910 2878 4965 Hoc
2898 4910 3078 4980 ipsum
3105 4925 3288 4968 autem
3313 4915 3478 4973 etiam
3506 4930 3605 4969 eu-

2026 4997 2192 5052 nuchi
2222 5007 2447 5053 servant
2472 5016 2487 5053 :
2534 5009 2593 5055 ut
2619 5017 2650 5055 a
2683 5002 3089 5072 vituperatione
3117 5005 3284 5061 alieni
3313 5007 3444 5071 sint,
3476 5000 3605 5076 pro-

2024 5085 2292 5144 videntes.
2338 5087 2442 5156 Qui
2483 5099 2666 5146 autem
2706 5094 3200 5165 transgrediuntur,
3236 5097 3281 5153 si
3330 5098 3442 5153 sint
3484 5099 3606 5169 qui-

2023 5180 2146 5236 dem
2217 5181 2430 5252 clerici,
2484 5185 2880 5255 deponantur:
2933 5188 2981 5243 si
3026 5204 3157 5243 vero
3209 5189 3356 5256 laici,
3419 5205 3604 5261 segre-

2022 5280 2238 5341 gentur.

2380 5365 2603 5424 Concilii
2639 5370 2871 5428 Nicwnii
2909 5390 2946 5428 η
2975 5389 3144 5427 canon
3174 5373 3261 5429 l8.

2096 5456 2251 5521 Quod
2280 5460 2524 5515 mulieres
2554 5478 2657 5516 non
2692 5464 2912 5520 debeant
2945 5467 3001 5521 in
3042 5468 3316 5541 qpiscom'is
3363 5467 3442 5522 t'el
3468 5469 3605 5522 viro-

2026 5565 2142 5603 rum
2174 5561 2508 5609 monasteriis
2534 5572 2752 5612 versari.

2098 5644 2185 5699 18.
2224 5643 2353 5703 Sine
2382 5646 2677 5705 olfensione
2712 5664 2831 5705 esse
2862 5649 3027 5705 etiam
3071 5651 3139 5707 iis
3166 5652 3259 5722 qui
3286 5659 3439 5706 extra
3470 5659 3603 5707 sunt
