3874 6296
414 249 517 314 68⁸7

1618 243 1877 307 PHOTII
1912 240 2422 305 PATRIARCHE
2454 242 2565 309 CP.

3571 246 3666 317 688

417 359 594 431 inquit
625 353 850 412 divinus
878 349 1174 426 Apostolus
1204 349 1273 411 “.
1314 350 1568 409 Mulieres
1595 363 1778 408 autem
1806 351 1861 406 in
1885 350 2001 423 epi-

2123 352 2199 405 ιαὶ
2219 353 2332 416 τοῖς
2354 351 2554 417 ἔξωθεν
2572 366 2588 383 ο
2616 350 2678 405 τὺ
2702 349 2761 405 δέ
2788 316 3054 421 γυναῖκας
3090 348 3460 409 ἐνδιαιτᾶσθαι
3485 354 3542 409 ἐν
3568 359 3674 414 ἐπι-

414 452 621 522 scopiis
644 448 730 505 vel
756 444 1111 502 monasteriis
1142 445 1371 512 versari,
1403 452 1488 501 est
1525 444 1708 500 omnis
1741 443 2005 501 offensio-

416 544 504 600 nis
541 555 730 598 causa.
780 538 842 594 Si
894 538 1021 609 quis
1063 552 1195 607 ergo
1239 534 1492 592 ancillam
1525 534 1615 590 vel
1662 534 1892 591 liberam
1946 535 2001 590 in

416 636 698 708 episcopio
729 634 1016 705 possidere
1041 631 1410 703 deprehensus
1450 628 1639 696 fuerit,
1667 628 1753 683 vel
1794 628 1847 683 in
1886 641 2008 682 mo-

418 729 665 785 nasterio
688 728 757 782 ad
790 725 1153 782 ministerium
1180 722 1402 794 aliquod
1433 721 1773 787 obeundum,
1806 720 2007 791 punia-

418 830 507 878 tur
538 840 552 876 :
581 822 664 877 sin
687 830 867 875 autem
890 823 1223 890 perseveret,
1243 817 1570 886 deponatur.
1600 814 1659 870 Si
1686 828 1820 871 vero
1840 813 2006 870 etiam

422 916 478 972 in
509 913 842 971 suburbanis
873 912 1130 967 mulieres
1173 925 1296 966 esse
1325 910 1635 980 contigerit,
1676 916 1732 963 et
1772 907 2009 963 voluerit

374 1074 379 1075 γ
420 1008 711 1077 episcopus
738 1005 822 1060 vel
852 1001 1176 1058 monasterii
1202 1000 1490 1073 praefectus
1516 1001 1645 1057 illuc
1676 1000 1779 1055 iter
1807 999 2007 1065 facere,

420 1108 693 1170 prasente
710 1097 968 1168 episcopo
985 1096 1068 1152 vel
1098 1095 1416 1151 monasterii
1435 1093 1693 1164 praefecto
1708 1091 1873 1162 220
1890 1107 2011 1145 mu-

422 1191 526 1246 lier
547 1206 614 1246 eo
644 1201 889 1259 tempore
916 1188 1067 1244 nullo
1098 1187 1263 1243 modo
1288 1185 1657 1241 ministerium
1692 1186 1875 1250 obeat,
1914 1181 2009 1238 sed

423 1286 533 1340 alio
564 1285 618 1339 in
647 1284 770 1339 loco
804 1296 1053 1339 seorsum
1084 1290 1356 1346 versetur,
1387 1281 1562 1335 donec
1584 1278 1873 1335 recesserit
1898 1277 2014 1347 epi-

425 1390 647 1446 scopus,
677 1380 772 1429 aut
818 1374 1181 1444 hegumenus,
1233 1380 1297 1427 ut
1334 1370 1518 1427 omnis
1566 1366 2012 1440 reprehensionis

425 1471 645 1524 occasio
676 1467 895 1523 vitetur.

427 1578 621 1633 Basilii
650 1593 716 1633 ea:
746 1575 974 1648 epistola
1022 1575 1091 1630 ad
1136 1573 1449 1646 Gregorium
1478 1571 1587 1647 [ed.
1620 1562 2003 1646 Paregorium]

821 1659 879 1702 ut
910 1665 941 1701 α
970 1648 1290 1701 muliercula
1323 1655 1619 1716 separetur.

497 1741 627 1814 Legi
662 1753 785 1797 tuas
824 1742 1036 1798 litteras
1074 1755 1198 1794 cum
1248 1739 1398 1795 omni
1448 1739 1740 1809 patientia,
1777 1753 2010 1807 sumque

428 1833 733 1890 admiratus
767 1849 890 1899 cur,
921 1848 1047 1888 cum
1075 1832 1255 1902 possis
1284 1831 1425 1902 apud
1457 1847 1559 1887 nos
1590 1830 1830 1886 breviter
1860 1841 1914 1887 et
1940 1831 2014 1885 fa-

428 1923 533 1979 cile
560 1923 719 1979 factis
754 1924 868 1978 tuis
902 1937 1127 1978 causam
1166 1937 1349 1992 agere,
1380 1922 1435 1976 in
1472 1922 1637 1977 rebus
1663 1922 2012 1992 reprehensis

430 2018 726 2087 persistere
754 2016 908 2082 velis,
942 2030 1007 2072 ac
1037 2015 1213 2086 longis
1237 2015 1585 2071 sermonibus
1616 2029 1811 2071 curare
1834 2023 2012 2071 tentes

431 2107 777 2164 insanabilia.
808 2107 917 2163 Nec
949 2106 1135 2177 primi,
1164 2122 1265 2162 nec
1297 2107 1423 2171 soli,
1457 2106 1738 2177 Paregori,
1773 2107 2013 2163 sancivi-

433 2216 578 2265 mus,
636 2208 696 2254 ut
749 2215 816 2253 ne
857 2213 965 2254 una
1025 2213 1151 2253 cum
1194 2198 1329 2253 viris
1371 2198 1677 2253 habitarent
1730 2200 2008 2254 mulieres.

433 2289 538 2345 Sed
580 2289 697 2360 lege
735 2303 1004 2345 canonem
1052 2304 1080 2342 a
1118 2289 1326 2343 sanctis
1359 2289 1566 2343 nostris
1610 2287 1864 2344 Patribus
1896 2287 2013 2343 edi-

432 2392 546 2438 tum
577 2382 633 2436 in
674 2381 882 2452 synodo
924 2379 1165 2444 Nicaena,
1198 2381 1294 2450 qui
1322 2380 1612 2437 manifeste
1654 2382 1892 2438 sancivit
1920 2396 2016 2436 ex-

432 2485 652 2531 traneas
696 2473 957 2530 mulieres
992 2489 1098 2528 non
1137 2488 1282 2529 esse.
1316 2471 1438 2527 Vita
1485 2481 1668 2528 autem
1711 2473 1910 2529 caelebs
1955 2474 2013 2528 in

430 2583 499 2623 eo
526 2568 869 2624 honestatem
920 2567 1105 2631 habet,
1137 2577 1197 2621 ut
1226 2582 1255 2622 a
1286 2566 1542 2622 convictu
1575 2567 1824 2623 mulieris
1853 2580 2015 2637 sepa-

430 2673 605 2718 retur.
651 2662 833 2729 Quare
882 2661 926 2716 si
973 2660 1101 2730 quis
1145 2661 1312 2715 verbo
1342 2659 1644 2730 professus,
1681 2660 1858 2729 reipsa
1893 2674 2016 2729 qua

431 2754 849 2822 conjugatorum
882 2759 1010 2805 sunt
1043 2749 1194 2816 facit,
1239 2750 1416 2820 palam
1445 2757 1530 2805 est
1572 2764 1696 2804 eum
1726 2748 2014 2821 virginita-

432 2846 506 2901 tis
558 2844 781 2915 quidem
833 2844 1177 2898 honestatem
1224 2843 1281 2897 in
1315 2841 1535 2898 nomine
1574 2842 1852 2912 persequi,
1917 2842 2014 2898 sed

438 2951 783 3008 nequaquam
807 2936 881 2990 ab
914 2934 1170 2989 indecora
1200 2934 1479 3004 voluptate
1510 2934 1805 2988 abstinere.
1837 2931 2016 2987 Tanto

2107 441 2405 511 σκοπείοις,
2443 443 2477 516 ἦ
2517 444 2614 497 καὶ
2656 443 3065 513 μοναστηρίοις,
3099 440 3298 506 παντὸς
3329 446 3677 519 προσκόμμα.

2105 552 2199 599 τος
2224 535 2424 590 αῐτιον·
2482 536 2537 590 εί
2568 553 2656 600 τις
2704 531 2799 591 οὖν
2849 535 3043 608 δούλην
3075 538 3110 610 ἢ
3170 536 3466 608 ἐλευθέραν
3517 542 3573 596 ἐν
3608 543 3677 613 τῷ

2106 626 2443 702 ἐπισκοπείῳ
2488 629 2771 702 κτώμενος
2814 633 3182 707 φωραθείη,ἢ
3224 636 3284 691 ἐν
3321 638 3677 711 μοναστηρίῳ,

2108 720 2247 791 πρὸς
2280 723 2596 795 ἐγχείρησιν
2624 723 2902 790 διακονίας
2943 726 3113 793 τινὸς,
3147 728 3496 799 ἐπιτιμάσθω
3517 745 3532 760 °
3570 732 3681 786 ἐπι-

2112 813 2289 883 μένων
2309 814 2388 879 δὲ,
2412 814 2786 888 καθαιρείσθω
2802 833 2819 850 ο
2840 817 2890 870 εἱ
2908 817 2964 871 δέ
2987 820 3083 873 καὶ
3099 820 3250 890 τύχοι
3273 823 3331 875 ἐν
3352 823 3682 893 προαστείοις

2108 908 2375 975 γυναῖκας
2416 901 2579 972 εἶναι,
2607 907 2704 961 καὶ
2752 906 2971 978 θελήσοι
3002 909 3300 974 ἐπίσκοπος
3328 911 3361 982 ἢ
3394 910 3683 983 ἡγούμενος

2112 999 2338 1069 πορείαν
2383 1001 2444 1053 ἐν
2472 1000 2585 1063 τοῖς
2632 1000 2814 1054 ἐκεῖσε
2859 1003 3211 1074 ποιήσασθαι,
3256 1004 3533 1075 παρόντος
3574 1007 3685 1060 ἐπι-

2112 1091 2320 1144 σκόπου
2351 1092 2385 1162 ἢ
2417 1092 2745 1164 ἡγουμένου,
2794 1094 3042 1166 μηδόλως
3083 1096 3395 1168 ἐγχείρησιν
3424 1098 3685 1164 διακονίας

2114 1184 2386 1237 ποιεῖσθαι
2416 1185 2537 1238 κατ’
2563 1187 2771 1239 ἐκεῖνον
2794 1187 2887 1240 τὸν
2914 1188 3108 1259 καιρὸν
3139 1190 3392 1259 γυναικί·
3421 1190 3538 1243 ἀλλ’
3562 1192 3685 1246 ίδια-

2113 1274 2252 1339 ζέτω
2295 1275 2354 1331 ἐν
2411 1277 2584 1349 ἐτέρῳ
2631 1278 2803 1350 τόπῳ,
2848 1279 2955 1341 ἓως
3008 1280 3076 1335 ἂν
3122 1281 3226 1353 τὴν
3277 1282 3685 1356 ἐπαναχὼρησιν

2112 1365 2410 1437 ποιήσηται
2437 1367 2467 1420 ὁ
2488 1366 2809 1435 ἐπίσκοπος,
2834 1370 2925 1424 διὰ
2943 1370 3005 1425 τὸ
3029 1371 3430 1443 ἀνεπίληπτον.

2113 1570 2439 1627 Βασιλείου
2453 1571 2523 1644 ἑκ
2537 1570 2650 1640 τῆς
2662 1570 2813 1642 πρὸς
2827 1574 3158 1644 Γρηγόριον
3174 1575 3529 1643 ἐπιστολῆς.
3547 1575 3689 1634 ὥστε

2214 1641 2585 1713 χωρισθῆναι
2621 1641 2810 1698 αὐτὸν
2837 1641 3275 1701 τοῦσὶυνοίκου
3319 1641 3593 1717 γυναίου.
3676 1662 3682 1667 ‘

2198 1732 2483 1805 Ἐνέτυχόν
2511 1752 2605 1790 σου
2630 1738 2745 1799 τοῖς
2777 1737 3072 1809 γράμμασι
3107 1738 3248 1808 μετὰ
3284 1739 3471 1811 πάσης
3496 1757 3691 1810 μακρο-

2115 1825 2336 1898 θυμίας,
2366 1827 2462 1881 καὶ
2507 1826 2817 1900 ἐθαύμασα,
2869 1830 2989 1895 πῶς
3012 1831 3314 1902 δυνάμενος
3356 1833 3491 1904 ἡμῖν
3519 1836 3691 1890 συντό-

2118 1935 2237 1991 μως
2265 1919 2363 1972 καὶ
2411 1920 2655 1985 εὐκόλως
2687 1921 3133 1995 ἀπολογήσασθαι
3182 1923 3272 1977 διὰ
3300 1925 3413 1979 τῶν
3438 1928 3689 2000 πραγμά-

2113 2027 2243 2076 των,
2284 2012 2398 2074 τοῖς
2430 2011 2532 2082 μὲν
2559 2014 3060 2086 κατηγορουμένοις
3089 2016 3378 2089 ἐπιμένειν
3409 2020 3686 2092 καταδέχῃ,

2113 2102 2297 2171 λόγοις
2324 2103 2382 2157 δέ
2412 2107 2643 2177 μακροίς
2670 2105 2996 2178 θεραπεύειν
3029 2110 3330 2184 ἐπιχειρεῖς
3371 2112 3439 2166 τὰ
3476 2113 3688 2167 ἀνίατα’

2114 2194 2239 2249 οὔτε
2275 2195 2483 2267 πρῶτοι
2515 2196 2641 2251 οὔτε
2671 2199 2844 2268 μόνοι,
2877 2197 2923 2253 ὦ
2966 2201 3261 2275 Γρηγόριε,
3308 2205 3691 2278 ἐνομοθετήσα-

2120 2302 2220 2356 μεν
2246 2290 2511 2355 γυναίκας
2542 2287 2770 2359 ἀνδράσι
2812 2290 2888 2362 μὴ
2917 2294 3209 2347 συνοικεῖν.
3259 2294 3404 2347 Ἀλλ’
3434 2295 3689 2364 ἀνάγνωθι

2115 2375 2207 2430 τὸν
2232 2376 2434 2430 κανόνα
2459 2377 2553 2431 τὸν
2580 2378 2932 2450 ἐξενεχθέντα
2978 2383 3131 2454 παρὰ
3161 2383 3271 2437 τῶν
3321 2385 3497 2454 ἁγίων
3526 2382 3690 2441 Πατέ-

2122 2486 2232 2541 ρων
2266 2470 2427 2541 ἡμῶν
2476 2473 2536 2526 ἐν
2565 2475 2632 2544 τῇ
2668 2472 2873 2546 συνόδῳ
2900 2475 3160 2544 Νικαίας,
3200 2477 3260 2542 ὃς
3298 2479 3553 2551 φανερῶς
3591 2482 3689 2535 ἀπ-

2119 2562 2390 2633 ηγόρευσε
2418 2564 2806 2630 ωνεισάκτους
2838 2567 2914 2639 μὴ
2931 2564 3091 2622 εἶναι’
3120 2571 3335 2641 ἀγαμία
3358 2571 3419 2625 δέ
3449 2574 3507 2625 ἐν
3532 2571 3689 2642 τούτῳ

2118 2654 2233 2725 ἔχει
2261 2653 2323 2708 τὸ
2371 2655 2592 2725 σεμνὸν,
2630 2658 2689 2711 ἐν
2721 2657 2800 2730 τῷ
2830 2661 3162 2733 κεχωρίσθαι
3200 2666 3302 2736 τῆς
3344 2665 3485 2735 μετά
3512 2682 3687 2733 γυναι-

2119 2746 2233 2803 κῶν
2276 2747 2556 2821 διαγωγῆς
2577 2765 2593 2780 ⁸
2617 2750 2694 2815 ὡς
2740 2751 2809 2806 ἂν
2836 2753 3314 2825 ἐπαγγελλόμενός
3346 2774 3431 2821 τις
3462 2756 3541 2829 τῷ
3582 2758 3687 2812 όνό·

2121 2855 2278 2909 ματι,
2307 2838 2455 2913 ἔργῳ
2484 2841 2551 2895 τὰ
2576 2841 2686 2896 τῶν
2718 2846 2837 2909 ταῖς
2868 2846 3086 2915 γυναιξὶ
3123 2849 3515 2903 συνοικούντων
3543 2849 3687 2918 ποιῆ-

2118 2946 2230 2996 ται,
2263 2930 2425 2999 δῆλός
2456 2933 2572 2986 ἐστι
2608 2932 2672 2987 τὸ
2711 2934 2812 3005 μὲν
2841 2936 2941 3008 τῆς
2982 2938 3285 3009 παρθενίας
3324 2940 3521 3011 σεμνὸν
3546 2942 3600 2993 ἐν
3628 2944 3685 3013 τῇ

436 3045 568 3100 ergo
608 3028 785 3097 magis
815 3027 1101 3098 Oportebat
1139 3036 1191 3082 te
1221 3026 1575 3096 postulationi
1616 3036 1813 3081 nostra;
1857 3025 2016 3081 facile

2123 3024 2465 3097 προσηγορίᾳ
2494 3025 2728 3093 διώκων,
2756 3026 2852 3081 τοῦ
2905 3029 2963 3082 δέ
3005 3029 3130 3084 καθ’
3172 3031 3371 3104 ἡδονὴν
3425 3033 3688 3105 ἀπρεποῦς

433 3122 649 3188 cedere,
680 3130 886 3191 quanto
916 3128 970 3174 te
1001 3121 1085 3175 ais
1118 3134 1239 3174 esse
1262 3119 1573 3174 liberiorem
1603 3118 1672 3173 ab
1703 3118 1852 3173 omni
1892 3133 2019 3172 cor-

434 3230 601 3286 porea
632 3214 874 3269 libidine.
904 3211 1093 3283 Neque
1139 3212 1286 3267 enim
1331 3212 1511 3267 virum
1553 3211 1893 3282 septuaginta
1921 3225 2017 3265 an-

436 3320 540 3362 nos
555 3313 742 3359 natum
768 3304 1021 3359 existimo
1038 3303 1329 3359 libidinose
1351 3303 1603 3359 habitare
1618 3319 1742 3358 cum
1768 3303 2012 3357 muliere:

439 3412 542 3453 nec
573 3397 719 3467 quod
763 3405 919 3467 turpe
956 3396 1175 3466 ali-quod
1204 3394 1422 3451 facinus
1451 3394 1645 3451 fuisset
1687 3395 2015 3460 admissum,

442 3489 649 3545 idcirco
690 3488 952 3543 constitui
990 3502 1114 3556 qua!
1154 3488 1410 3542 constitui
1441 3503 1456 3552 ;
1485 3488 1579 3543 sed
1615 3485 1759 3556 quod
1780 3488 1849 3541 ab
1882 3486 2020 3556 Apo-

441 3582 588 3637 stolo
632 3580 927 3635 didicimus
960 3578 1343 3634 oﬂ‘cndiculum
1380 3578 1534 3633 fratri
1577 3593 1686 3631 non
1719 3592 1918 3647 ponere
1949 3576 2015 3631 ad

441 3672 843 3729 scandalum".
876 3670 1091 3726 Scimus
1115 3680 1295 3726 autem
1330 3671 1529 3741 quoda
1557 3668 1837 3723 nonnullis
1871 3676 2018 3723 recte

438 3764 666 3836 geritur,
696 3761 818 3816 aliis
843 3760 1187 3816 occasionem
1218 3774 1341 3816 esse
1362 3758 1647 3830 peccandi.
1676 3756 1857 3824 Quare
1875 3771 2017 3828 prae-

436 3855 673 3925 cipimus
702 3863 1015 3908 sanctorum
1044 3850 1265 3905 Patrum
1300 3851 1582 3905 decretum
1615 3859 1927 3919 sequentes,
1958 3856 2020 3904 ut

439 3963 472 4004 a
502 3946 821 4003 muliercula
854 3945 1144 4016 separeris.
1194 3942 1334 4011 Quid
1361 3944 1527 4012 igitur
1561 3942 2016 4013 chorepiscopum

438 4040 681 4104 incusas,
735 4046 790 4094 et
848 4037 1050 4092 veteris
1101 4036 1403 4091 inimicitia;
1452 4033 1590 4090 facis
1641 4034 2022 4090 mentionem?

440 4132 582 4198 Quid
616 4131 683 4185 de
726 4130 885 4185 nobis
940 4128 1187 4199 quereris
1214 4129 1373 4198 221
1408 4128 1552 4198 quod
1583 4125 1773 4182 faciles
1805 4127 2021 4181 calum-

441 4223 550 4277 niis
578 4236 738 4276 aures
781 4220 1145 4291 prtebeamns,
1176 4234 1241 4272 ac
1280 4234 1385 4271 non
1428 4215 1616 4284 potius
1658 4215 1728 4270 de
1778 4224 1831 4269 te
1881 4215 2021 4284 ipse,

442 4310 535 4379 qui
562 4308 760 4363 adduci
784 4324 893 4363 non
924 4317 1098 4378 potes,
1152 4315 1212 4361 ut
1254 4322 1284 4361 a
1335 4306 1587 4361 mulieris
1613 4304 2021 4361 consuetudine

2122 3117 2197 3186 μὴ
2225 3117 2596 3188 ἀφιστάμενος
2618 3133 2633 3148 ·
2667 3118 2908 3192 τοσούτῳ
2947 3116 3041 3176 οὖν
3076 3139 3136 3175 σε
3172 3124 3379 3193 μᾶλλον
3410 3126 3575 3198 ἐχρῆν
3609 3127 3687 3180 εύ-

2119 3206 2294 3271 κόλως
2322 3208 2483 3278 ἡμῶν
2509 3204 2647 3263 εἶναι
2674 3211 2741 3281 τῇ
2778 3209 3022 3276 ἀξιώσει,
3078 3213 3300 3285 ὅσῳπερ
3343 3215 3522 3285 λέγεις
3552 3216 3687 3269 ttat;

2120 3299 2278 3369 θερος
2301 3293 2441 3352 εἶναι
2464 3300 2669 3365 παντὸς
2695 3302 3010 3370 σωματικοῦ
3038 3304 3247 3369 πάθους
3272 3322 3288 3338 ·
3330 3305 3459 3360 οὔτε
3488 3306 3591 3380 γὰρ
3608 3307 3687 3363 τὸν

2121 3388 2590 3463 ἐϐδομηκονταετῆ
2617 3393 2880 3462 γεγονότα
2911 3395 3169 3467 πείθομαι
3198 3398 3466 3468 ἐμπαθῶς
3489 3403 3687 3468 γυναικὶ

2121 3485 2414 3546 συνοικεῖν,
2446 3482 2569 3537 οὔτε
2592 3485 2668 3550 ὡς
2704 3486 2796 3539 ἐπὶ
2828 3490 3099 3562 γενομένῃ
3127 3491 3236 3543 τινὶ
3268 3492 3462 3563 ἀτόπῳ
3489 3492 3665 3564 πράξει

2120 3572 2591 3645 ὠρίσαμενᾟκαὶ
2628 3575 2911 3649 ὡρίσαμεν
2930 3593 2946 3609 ⁶
2972 3578 3092 3633 ἀλλ’
3120 3581 3312 3653 ἐπειδὴ
3352 3584 3686 3657 ἐδιδάχθημεν

2121 3665 2275 3738 παρά
2319 3667 2416 3720 τοῦ
2455 3667 2809 3738 Ἀποστόλου,
2867 3671 2942 3742 μὴ
2988 3672 3195 3726 τιθέναι
3244 3676 3577 3747 πρόσκομμα
3618 3675 3685 3748 τῷ

2121 3756 2336 3829 ἀδελφῷ
2390 3758 2689 3815 σκάνδαλον
2711 3777 2727 3793 ο
2778 3762 2999 3834 οἴδαμεν
3053 3764 3110 3818 δὲ
3140 3765 3222 3819 ὅτι
3260 3768 3322 3821 τὸ
3354 3770 3506 3839 παρά
3541 3786 3683 3825 τινων

2121 3849 2294 3918 ὑγιῶς
2342 3852 2664 3921 γινόμενον,
2719 3854 2902 3920 ἄλλοις
2958 3857 3182 3929 ἀφορμὴ
3236 3860 3377 3932 πρὸς
3433 3861 3685 3933 ἁμαρτίαν

2123 3942 2355 4014 ὑπάρξει
2379 3961 2395 3975 ο
2434 3944 2629 3999 τούτου
2667 3946 2853 4002 ἐνεκεν
2889 3952 3330 4023 προσετάξαμεν,
3364 3955 3681 4027 ἐπόμενοιτῇ

2122 4032 2352 4107 διαταγῇ
2378 4035 2488 4089 τῶν
2511 4038 2683 4106 ἁγίων
2709 4039 2991 4111 Πατέρων,
3024 4045 3366 4116 χωρισθῆναί
3393 4064 3451 4100 σε
3478 4047 3568 4101 τοῦ
3599 4065 3683 4117 γυ-

2123 4125 2300 4181 ναίου.
2342 4127 2408 4179 Τί
2448 4127 2543 4181 οὖν
2575 4129 2830 4198 ἐγκαλεῖς
2876 4132 2953 4201 τῷ
2996 4138 3427 4209 χωρεπισκόπῳ,
3460 4141 3549 4194 καὶ
3590 4157 3682 4194 πα-

2123 4218 2281 4284 λαιᾶς
2321 4219 2521 4291 ιἔχθρας
2562 4222 2877 4293 μέμνησαι;
2909 4226 2963 4279 τί
2990 4227 3049 4280 δέ
3084 4230 3237 4298 ἡμᾶς
3267 4233 3597 4304 καταμέμφῃ
3618 4231 3682 4296 ὡς

2126 4312 2382 4378 εὐκόλους
2419 4315 2591 4380 ἀκοὰς
2635 4316 2861 4388 ἔχοντας
2923 4320 3004 4383 είς
3028 4320 3088 4374 τὺ
3110 4322 3207 4384 τὰς
3241 4323 3495 4389 διαϐολὰς
3533 4341 3682 4397 προσ-

442 4374 715 4467 recedas?
764 4374 941 4471 Ejice_
964 4402 1129 4471 igitur
1162 4398 1310 4454 illam
1340 4415 1409 4455 ex
1462 4400 1569 4455 tuis
1598 4399 1829 4464 aedibus,
1879 4406 1936 4453 et
1962 4397 2016 4456 in

2131 4404 2326 4471 ίεσθαι,
2362 4374 2502 4460 *ἀλλ’
2549 4374 2887 4482 deﬂeam};
2921 4374 3000 4482 μή
3037 4374 3681 4488 ἀνεχᾶμέζῷ”ᾇῖοέέῆνᾷι

444 4496 781 4551 monasterio
824 4496 1121 4551 constitue.
1180 4491 1265 4565 Sit
1293 4492 1383 4547 illa
1421 4506 1546 4546 cum
1591 4490 1923 4561 virginibus,
1970 4499 2026 4546 et

444 4588 587 4658 apud
623 4595 675 4642 te
709 4589 952 4644 serviant
984 4586 1110 4651 viri,
1145 4593 1205 4640 ut
1228 4601 1295 4640 ne
1326 4584 1418 4639 Dei
1442 4598 1640 4638 nomen
1684 4593 1907 4655 propter
1928 4598 2026 4640 vos

445 4680 872 4751 blasphemetur.
930 4679 1058 4734 Haec
1103 4679 1279 4733 donec
1329 4676 1548 4739 feceris.
1602 4678 2025 4733 innumerabilia

444 4789 567 4845 quae
619 4789 715 4843 per
763 4771 1025 4843 epistolas
1073 4768 1272 4826 scribis
1313 4769 1449 4823 nihil
1486 4778 1538 4823 te
1574 4768 1881 4839 iuvabunt,
1930 4769 2028 4825 sed

447 4868 699 4924 morieris
747 4867 979 4931 otiosus,
1010 4879 1076 4920 ac
1115 4861 1310 4919 reddes
1351 4860 1579 4919 Domino
1624 4864 1894 4920 rationem
1926 4864 2022 4919 otii

449 4963 550 5017 tui.
586 4960 742 5028 Quod
793 4960 838 5016 si
883 4973 1051 5014 ausus
1083 4955 1255 5012 fueris
1285 4957 1420 5012 citra
1451 4956 1887 5013 emendationem
1935 4973 2029 5014 sa-

448 5054 752 5110 cerdotium
798 5051 895 5106 tibi
930 5049 1227 5115 vindicare,
1252 5049 1542 5105 anathema
1583 5049 1696 5104 eris
1727 5048 1875 5103 omni
1926 5062 2030 5119 po-

449 5145 577 5216 pulo
603 5159 620 5209 ;
657 5152 712 5197 et
738 5142 831 5213 qui
859 5150 911 5196 te
934 5139 1263 5210 receperint,
1291 5137 1757 5195 excommunicati
1784 5152 1883 5209 per
1906 5154 2030 5195 om-

456 5253 579 5295 nem
609 5234 912 5291 Ecclesiam
938 5241 1123 5290 erunt.

521 5524 716 5579 Const.
748 5521 839 5588 19,
874 5521 959 5577 tit.
1011 5518 1067 5586 5,
1120 5517 1220 5574 lib.‘
1268 5532 1325 5582 ι,
1366 5492 1504 5572 cod.
1537 5513 1661 5572 ait:
1701 5511 2028 5572 Sacerdotes

518 5705 567 5738 "
595 5703 615 5759 ι
643 5702 777 5762 Cor.
805 5716 863 5770 ι,
890 5701 981 5758 32.
1053 5701 1100 5735 ’⁷
1122 5699 1281 5755 Rom.
1313 5713 1423 5764 xiv,
1448 5698 1535 5753 t5.

2123 4497 2223 4567 τῆς
2252 4497 2393 4570 πρὸς
2426 4498 2524 4571 τὴν
2556 4503 2790 4568 γυναῖκα
2825 4503 3153 4574 συνηθείας;
3183 4507 3384 4563 ἔκϐαλε
3407 4511 3579 4564 τοίνυν
3606 4510 3682 4564 αύ-

2123 4589 2224 4660 τὴν
2262 4591 2371 4645 ἀπὸ
2414 4590 2510 4645 τοῦ
2547 4591 2702 4647 οίκου
2750 4611 2866 4664 σου,
2915 4599 3011 4651 καὶ
3057 4601 3404 4672 κατάστησον
3457 4603 3613 4675 αὐτὴν
3635 4604 3683 4655 ἐν

2129 4686 2513 4759 μοναστηρίῳ·
2545 4688 2685 4744 ἔστω
2718 4690 2900 4765 ἐκείνη
2955 4694 3097 4762 μετά
3143 4696 3454 4767 παρθένων,
3495 4698 3583 4751 καὶ
3625 4695 3679 4748 σὺ

2128 4778 2408 4849 ύπηρετοῦ
2439 4779 2544 4833 ὑπὸ
2572 4781 2804 4853 ἀνδρῶν,
2840 4783 2928 4837 ἵνα
2968 4786 3042 4857 μὴ
3070 4785 3131 4839 τὸ
3156 4787 3327 4859 ὄνομα
3348 4788 3442 4843 τοῦ
3470 4787 3593 4841 Θεοῦ
3625 4787 3680 4840 δι’

2130 4870 2279 4942 ἡμᾶς
2309 4870 2698 4945 βλασφημῆται
2717 4890 2731 4907 ο
2759 4873 2864 4939 ἐως
2898 4874 2964 4931 ἂν
2996 4877 3169 4932 ταῦτα
3216 4883 3395 4953 ποιῇς,
3427 4883 3481 4935 αί
3514 4880 3682 4952 μυριά-

2126 4962 2217 5027 δες
2245 4963 2425 5036 ἇσπερ
2451 4965 2787 5036 συγγράφεις
2807 4967 2897 5023 διὰ
2920 4968 3026 5022 τῶν
3047 4971 3367 5035 ἐπιστολῶν,
3398 4973 3542 5027 οὐδὲν
3561 4970 3681 5041 ὠφε-

2127 5052 2352 5124 λήσουσι
2388 5072 2469 5122 σε,
2510 5056 2645 5111 ἀλλὰ
2676 5057 3024 5131 τελευτήσεις
3057 5062 3267 5133 ἀργῶν,
3300 5063 3393 5117 καὶ
3414 5064 3591 5125 δώσεις
3614 5060 3677 5131 τῷ

2127 5144 2319 5215 Κυρίῳ
2346 5143 2504 5214 λόγον
2541 5148 2641 5218 τῆς
2676 5152 2904 5204 σεαυτοῦ
2935 5153 3153 5224 ἀργίας.
3200 5155 3325 5208 Ἐὰν
3356 5155 3411 5208 δὲ
3434 5156 3677 5227 τολμήσῃς

2132 5234 2209 5308 μὴ
2244 5235 2678 5309 διορθωσάμενος
2711 5241 2960 5308 σεαυτὸν,
2993 5243 3316 5314 ἀντέχεσθαι
3358 5245 3455 5317 τῆς
3476 5242 3675 5317 ἱερωσύ-

2134 5343 2253 5398 νης,
2286 5328 2533 5400 ἀνάθεμα
2570 5329 2671 5403 ἔσῃ
2705 5334 2869 5386 παντὶ
2902 5335 2982 5407 τῷ
3015 5335 3131 5408 λαῷ
3153 5353 3169 5369 ’
3204 5338 3299 5391 καὶ
3341 5342 3388 5393 ot
3432 5334 3676 5409 δεχόμενοί

2138 5436 2221 5486 σε,
2252 5420 2584 5493 ἐκκήρυκτοι
2614 5425 2757 5479 κατά
2785 5428 2969 5481 πᾶσαν
3006 5429 3338 5502 Ἐκκλησίαν
3365 5432 3673 5503 γενήσονται.

2142 5558 2145 5561 .
2218 5513 2284 5567 Ἥ
2314 5512 2378 5568 ιθ¹
2408 5514 2654 5584 διάταξις
2703 5516 2797 5573 τοῦ
2824 5515 2875 5590 γ’
2902 5519 3008 5578 τίτ.
3062 5521 3157 5577 τοῦ
3185 5530 3234 5578 α’
3258 5523 3398 5597 βισλ.
3451 5522 3536 5577 τοῦ
3564 5518 3671 5574 rubi.
