4012 6422
301 417 409 481 689

1058 418 1460 483 SYNTAGMA
1499 420 1891 482 CANONUM.
1924 443 1992 456 -
2031 420 2179 482 TlT.
2209 416 2376 493 VIII,
2407 421 2568 481 CAP.
2606 421 2734 483 XV.

3441 422 3549 487 690

302 534 493 603 φησιν,
519 534 605 588 δτι
624 533 688 590 Ol
720 534 889 606 ἱερεῖς
914 534 1010 588 καὶ
1050 536 1101 588 οἱ
1126 518 1406 607 κληρικοὶ,
1455 537 1645 608 μόναις
1691 553 1873 591 συνοι-

1983 547 2031 593 et
2047 536 2230 593 clerici
2260 537 2525 592 matribus
2554 539 2670 592 suis
2682 536 3049 604 solummodo,
3075 546 3127 592 et
3147 536 3358 594 ﬁliabus
3374 550 3433 595 et
3460 556 3551 595 so-

304 627 572 680 κείτωσαν
599 626 872 702 μητράσιν
898 626 1101 693 αὐτῶν,
1131 630 1225 681 καὶ
1251 628 1577 699 θυγατράσι,
1606 628 1700 682 καὶ
1727 627 1882 682 ἀδελ-

300 721 455 785 φατς,
492 719 587 772 καὶ
614 723 735 780 ταῖς
764 721 873 790 πρὸ
898 720 1088 774 τούτου
1118 721 1485 791 γαμηθείσαις
1527 720 1718 784 αὐτοῖς
1739 737 1753 752 ·
1784 721 1881 774 καὶ

301 811 333 881 ἡ
367 809 437 863 ια’
465 812 607 867 διάτ.
636 811 732 864 τοῦ
753 811 924 867 α’τίτ.
951 813 1061 865 τῶν
1090 813 1320 884 Νεαρῶν
1345 813 1525 882 λέγει’
1549 813 1643 882 Μὴ
1676 813 1879 883 ἐχέτω-

302 921 404 956 σαν
438 905 494 957 αί
522 905 760 958 διάκονοι
799 905 1061 968 συνόντας
1089 906 1279 969 αὐταῖς
1321 922 1474 969 τινας
1509 905 1568 957 ἐν
1608 904 1762 971 τάξει
1787 906 1880 977 δῆ-

301 994 394 1046 θεν
423 994 693 1063 ἀδελφῶν,
727 995 759 1065 ἦ
798 994 1097 1064 συγγενῶν,
1128 994 1162 1066 ἢ
1198 995 1306 1048 τῶν
1346 994 1699 1066 καλουμένων
1738 995 1882 1063 ἀγα-

299 1085 514 1154 πητῶν·
565 1085 680 1140 ἀλλ’
726 1086 760 1157 ἢ
815 1086 937 1141 καθ’
997 1086 1197 1150 ἑαυτὰς
1258 1086 1610 1153 οἰκείτωσαν,
1672 1086 1707 1159 ἢ
1766 1089 1881 1149 τοῖς

299 1176 563 1247 ἀληθέσιν
612 1178 790 1233 αὐτῶν
833 1178 1104 1248 ἀδελφοῖς,
1149 1178 1184 1251 ἢ
1229 1178 1417 1243 θείοις,
1454 1178 1488 1250 ἢ
1538 1178 1811 1248 γονεῦσιν,
1840 1179 1877 1251 ἢ

300 1268 516 1325 παισίν.
549 1269 612 1323 El
634 1269 694 1323 δέ
726 1287 808 1333 τις
843 1269 1053 1338 λέγοιτο
1080 1271 1322 1324 συνεῖναι
1353 1272 1410 1324 ἐν
1429 1270 1878 1343 ἐσχηματισμένῃ

300 1360 483 1431 ἀγαθῇ
531 1362 894 1433 προσηγορίᾳ.
927 1363 1139 1432 πονηρᾷ
1164 1362 1223 1416 δὲ
1266 1362 1492 1433 ὑποψίᾳ,
1529 1362 1603 1433 μὴ
1642 1380 1881 1433 χειροτο-

297 1453 523 1517 νείσθω,
553 1454 648 1507 καὶ
701 1454 1143 1525 χειροτονηθεῖσα
1170 1454 1226 1507 δὲ
1262 1453 1359 1509 τοῦ
1405 1456 1681 1524 σχήματος
1720 1457 1881 1509 ἐκπι-

303 1545 513 1609 πτέτω,
545 1544 847 1609 ὑπεύθυνος
895 1540 1034 1599 οὖσα
1078 1546 1176 1598 σὺν
1213 1544 1362 1614 αὐτῷ
1398 1545 1491 1600 καὶ
1517 1546 1694 1616 τούτῳ
1730 1546 1881 1618 νόμῳ

299 1636 402 1689 καὶ
428 1638 542 1699 τοῖς
572 1636 777 1699 λοιποῖς
803 1638 917 1700 τοῖς
940 1637 1067 1698 τοὺς
1092 1636 1329 1706 φθορέας
1363 1636 1693 1701 καλάζουσιν
1715 1653 1732 1670 ⁸
1762 1638 1796 1708 ἡ
1821 1637 1881 1691 δὲ

302 1726 350 1797 β’
378 1727 522 1782 διάτ.
560 1726 656 1781 τοῦ
689 1726 855 1781 αὐτοῦ
898 1733 948 1781 α’
982 1726 1090 1782 τίτ.
1124 1728 1236 1781 τῶν
1262 1726 1494 1795 Νεαρῶν
1538 1726 1725 1796 λέγει’
1754 1729 1882 1799 Mq-

296 1818 413 1882 δεὶς
449 1818 705 1889 κληρικδς
737 1821 975 1887 γυναῖκα
1002 1818 1078 1889 μὴ
1124 1819 1283 1888 ἔχων,
1334 1818 1661 1872 ἐπείσακτον
1706 1819 1880 1889 ἐχέτω

299 1912 364 1965 ἐν
386 1911 468 1981 τῷ
491 1887 625 1982 οἴκῳ
668 1910 857 1974 αὐτοῦ,
890 1887 1031 1982 πλὴν
1067 1887 1305 1982 μητρὸς,
1338 1911 1435 1964 καὶ
1462 1887 1766 1984 θυγατρὸς,
1786 1912 1882 1966 καὶ
1916 1887 1956 1942 Β

298 2004 560 2076 ἀδελφῆς,
591 2006 685 2058 καὶ
707 2005 814 2057 τῶν
844 2003 1021 2068 ἄλλως
1044 2003 1391 2058 ἀνυπόπτων.
1424 2004 1488 2057 El.
1519 2003 1578 2061 δὲ
1612 2004 1687 2076 μὴ
1708 2004 1881 2058 ταῦτα

299 2096 705 2167 παραφυλάξει,
742 2098 838 2150 καὶ
874 2096 956 2160 δὶς
990 2095 1363 2166 ὑπομνησθεὶς
1389 2095 1498 2149 ὑπὸ
1534 2095 1629 2149 τοῦ
1656 2097 1882 2151 ἐπισκό-

298 2206 411 2243 που
445 2189 478 2260 ἢ
509 2188 616 2242 τῶν
642 2188 1049 2259 συγκληρικῶν,
1081 2187 1156 2259 μὴ
1192 2188 1397 2261 ἐκϐάλῃ
1414 2188 1606 2259 αὐτὴν,
1623 2190 1717 2243 καὶ
1747 2206 1883 2243 κατ·-

298 2280 602 2351 ηγορηθεὶς
662 2282 956 2353 ἀποδειχθῇ
1007 2281 1576 2353 συναναστρεφόμενος
1625 2281 1884 2349 ἀσέμνως

298 2372 468 2442 αὐτῇ,
496 2371 867 2443 καθαιρείσθω
894 2372 991 2427 καὶ
1016 2372 1242 2428 διδόσθω
1264 2375 1332 2443 τῇ
1357 2372 1520 2444 βουλῇ
1546 2372 1646 2444 τῆς
1673 2371 1884 2437 πόλεως

296 2460 371 2537 ἦς
397 2461 469 2537 ἦν
502 2465 798 2537 κληρικός·
825 2466 1121 2530 ἐπίσκοπος
1156 2466 1214 2520 δὲ
1239 2465 1473 2520 καθόλου
1503 2467 1723 2535 γυναικὶ
1756 2480 1884 2519 συν-

296 2559 401 2624 ὼν,
452 2559 834 2631 καθαιρεῖται·
880 2558 1004 2614 οὔτε
1037 2559 1096 2614 δὲ
1127 2558 1448 2615 διακόνισσα
1490 2561 1760 2614 συνοικεῖν
1792 2558 1885 2612 δύ-

300 2652 465 2706 ναταί
495 2670 604 2706 τινι
635 2651 918 2723 δυναμένῳ
969 2654 1117 2723 σχεῖν
1154 2652 1392 2722 ὑποψίαν
1437 2651 1712 2723 ἀσεμνονο
1750 2652 1884 2706 ὐπο-

303 2745 729 2815 μιμνησκομένη
775 2743 847 2798 δὲ·
883 2745 1034 2815 παρὰ
1073 2742 1169 2798 τοῦ
1219 2743 1550 2809 ἐπισκόπου,
1591 2745 1687 2799 ἐὰν
1721 2746 1885 2800 αὐτὸν

299 2835 559 2889 ἐκδαλείν
604 2834 929 2906 ὑπέρθηται,
975 2837 1248 2906 στερεῖται
1301 2837 1400 2906 τῆς
1439 2836 1742 2909 ὕπηρεσίας
1790 2839 1886 2891 καὶ

299 2926 417 2980 τῶν
448 2927 693 2997 διαρίων,
720 2927 816 2981 καὶ
854 2927 1186 2998 ἐμϐάλλεται
1218 2929 1590 3001 μοναστηρίῳ,
1628 2929 1757 3002 ὅλην
1786 2930 1884 3002 τὴν

299 3018 456 3086 ζωὴν
487 3016 659 3086 αὐτῆς
684 3032 701 3048 ⁸
730 3018 825 3071 καὶ
850 3017 922 3071 τὰ
965 3018 1272 3088 πράγματα
1307 3017 1498 3090 αὐτῆς,
1546 3020 1596 3072 εί
1642 3021 1742 3088 μὲν
1771 3018 1885 3089 ἔχει

300 3110 526 3175 παῖδας,
558 3109 841 3178 ἀναλόγως
878 3111 959 3174 είς
987 3108 1157 3180 αὐτὴν
1187 3108 1283 3164 καί
1314 3109 1513 3173 αὐτοὺς
1548 3108 1881 3180 μερίζονται,

299 3201 404 3254 καὶ
432 3200 493 3254 τὸ
539 3200 780 3271 ἁρμόζον
817 3201 956 3272 αὐτῇ
1009 3199 1175 3271 μέρος
1220 3199 1284 3254 τὸ
1338 3200 1698 3271 μοναστήριον
1742 3201 1884 3272 ὑπὲρ

298 3267 630 3362 ἀποτρόφῆς
659 3291 831 3361 αὐτῆς
868 3267 1169 3363 λαμϐάνει·
1220 3292 1270 3346 εί
1301 3267 1359 3346 δὲ
1409 3291 1488 3363 μὴ
1518 3267 1633 3362 εχ..
1663 3267 1879 3360 παῖδας,
1911 3267 1956 3329 C

298 3385 341 3454 ἡ
396 3384 665 3455 ἐκκλησία
703 3387 763 3439 ὲν
882 3380 973 3456 ἦν,
1019 3384 1117 3440 καὶ
1145 3385 1207 3441 τὸ
1262 3386 1647 3457 μοναστήριον,
1701 3385 1885 3458 ἐξίσης

302 3476 451 3531 αὐτὰ
484 3477 819 3548 μερίζονται.

390 3569 643 3635 ΚΕΦΑΛ.
675 3568 774 3622 lE’.
801 3598 869 3609 —
899 3568 1030 3635 Πῶς
1066 3567 1163 3623 δεῖ
1181 3568 1576 3635 ἐπισκόπους,
1613 3569 1652 3637 ἢ
1684 3572 1888 3638 unpe-

304 3661 476 3728 κούς,
538 3662 577 3731 ἢ
625 3662 1205 3732 ἐγκρατευομένους,
1270 3662 1522 3717 εισιέναι
1576 3662 1726 3731 πρὸς
1778 3681 1887 3733 γυ-

302 3751 544 3819 ναῖκας.

552 3844 822 3900 Evr-(560v
856 3844 1277 3917 Καρθαγέφνης
1307 3843 1508 3897 κανὼν
1532 3844 1636 3915 λη’.

380 3937 568 3992 Ὥστε
592 3936 916 4007 κληρικοὺς
943 3936 982 4006 ἢ
1009 3936 1551 4007 ἐγκρατευομένους
1572 3939 1720 4006 πρὸς
1740 3953 1887 4007 παρ-

303 4029 528 4096 θένους
559 4029 597 4098 ἢ
637 4028 827 4098 χήρας
852 4028 939 4105 μὴ
964 4029 1236 4084 εἰσιέναι.
1884 4058 1887 4061 λ

380 4120 488 4190 λη’.
542 4119 809 4193 Κληρικοὶ
850 4121 883 4191 ῆ
939 4121 1401 4192 ἐγκρατευόμενοι
1445 4123 1582 4194 πρὸς
1632 4123 1807 4196 χήρας
1849 4123 1882 4195 ἢ

306 4211 638 4282 παρθένους.
668 4214 719 4266 εί
758 4212 834 4282 μὴ
858 4212 978 4266 κατ’
1006 4213 1308 4285 ἐπιτροπὴν
1337 4216 1431 4269 καὶ
1457 4215 1761 4269 συναίνεσιν
1784 4215 1884 4269 τοῦ

308 4300 449 4355 ιδίου
474 4301 776 4355 ἐπισκόπου
800 4301 833 4373 ἢ
863 4303 972 4355 τῶν
997 4303 1409 4375 πρεσϐυτέρων,
1441 4305 1515 4375 μὴ
1555 4306 1843 4359 είσίτωσαν
1866 4324 1881 4340 ο

306 4395 410 4450 καὶ
425 4394 581 4448 τοῦτο
604 4394 659 4447 δὲ
686 4395 761 4466 μὴ
793 4397 943 4467 μόνοι
968 4398 1315 4452 ποιείτωσαν
1340 4398 1476 4453 ἀλλά
1499 4400 1636 4468 μετὰ
1656 4400 1887 4469 συγκληο

311 4484 569 4556 ρικῶν,ἢ
608 4486 746 4556 μετά
801 4486 1006 4540 τούτων
1060 4488 1180 4557 μεθ’
1227 4485 1302 4542 ὧν
1348 4491 1376 4543 ὁ
1421 4489 1787 4567 ἐπίσκοποςῇ
1834 4491 1885 4565 οι

307 4578 698 4650 πρεσϐύτεροι,
759 4580 906 4651 μόνοι
962 4580 1145 4651 έχουσι
1198 4581 1298 4652 τὴν
1351 4582 1554 4635 εἴσοδον
1606 4582 1743 4657 πρδς
1788 4583 1887 4646 τὰς

304 4671 755 4740 τοιουτοτρόπους
783 4674 1065 4739 γυναῖκας,
1096 4672 1130 4742 ἢ
1176 4671 1311 4725 ὅπου
1356 4672 1578 4743 πάρεισι
1612 4672 1885 4745 κληρικοὶ,

307 4760 345 4832 ἢ
376 4759 584 4830 ἔντιμοί
614 4778 758 4825 τινες
786 4762 1122 4833 Χριστιανοί.

423 4853 693 4909 Συνόδου
728 4855 979 4921 Νικαίας
1006 4853 1069 4908 τὸ
1099 4836 1417 4919 δεύτερον,
1446 4853 1647 4906 κανὼν
1671 4854 1776 4924 κβθ.

385 4949 518 5003 Ὀτι
542 4948 638 5002 δεῖ
679 4949 806 5018 μετ’
846 4949 1233 5018 εὐχαριστίας
1262 4946 1363 5001 καί
1412 4945 1618 5014 πάσης
1643 4946 1886 5016 φειδοῦς

309 5042 416 5097 καὶ
441 5041 755 5107 εὐλαϐείας
777 5039 1085 5111 μοναχοὺς
1108 5041 1161 5093 εί
1186 5038 1387 5109 συμϐῇ
1404 5039 1555 5109 μετὰ
1582 5038 1886 5110 γυναικῶν

305 5134 563 5190 ἐσθίειν.

384 5225 493 5297 κβ¹.
529 5224 650 5294 Θεῷ
709 5224 809 5297 μὲν
836 5224 897 5277 τὸ
943 5224 1053 5278 πᾶν
1107 5221 1477 5287 ἀνατίθεσθαι,
1526 5222 1621 5277 καὶ
1662 5222 1723 5276 οὐ
1779 5223 1892 5285 τοῖς

1981 629 2218 694 roribus,
2259 637 2314 683 et
2344 643 2467 700 quae
2496 629 2631 698 ipsis
2670 639 2831 684 antea
2881 630 3186 698 nupserim,
3218 629 3550 687 cobabitent.

1978 721 2044 776 Et
2069 730 2249 777 const.
2290 722 2343 777 i.
2398 722 2480 778 tit.
2538 724 2565 776 1
2612 721 3008 778 Novellarum:
3058 722 3391 780 Diaconi‘ssae
3442 725 3554 792 (in-

1978 814 2119 885 quit)
2186 815 2367 870 nullos
2423 829 2608 869 secum
2676 814 2799 870 loco
2865 813 3114 882 fratrum,
3173 826 3552 887 cognatorum,

1978 914 2073 961 aut
2131 907 2225 976 qui
2289 906 2472 961 dilecti
2526 916 2829 967 vocantur.
2884 907 3194 964 habitantes
3255 908 3495 963 habento
3535 927 3555 964 :

1979 996 2076 1051 sed
2135 1004 2229 1052 aut
2272 996 2424 1063 solae,
2476 1004 2572 1051 ant
2608 1011 2731 1051 cum
2782 997 3057 1066 germanis
3109 997 3226 1053 suis
3264 997 3555 1062 fratribus,

1979 1088 2191 1159 patruis
2223 1088 2391 1143 etiam
2424 1090 2507 1143 vel
2535 1088 2842 1154 avunculis,
2877 1096 2973 1143 aut
3014 1090 3332 1160 parentibus
3363 1090 3447 1145 vel
3489 1091 3555 1146 ll-

1982 1182 2071 1239 liis
2105 1181 2412 1243 habitante.
2444 1180 2602 1249 Quod
2628 1183 2675 1238 si
2710 1196 2829 1253 quin
2849 1182 2953 1238 sub
2981 1183 3162 1252 specie
3198 1184 3416 1239 honesti
3454 1199 3555 1238 no-

1980 1274 2168 1339 minis,
2200 1273 2298 1328 sed
2329 1288 2438 1327 non
2471 1273 2679 1344 absque
2729 1273 2868 1328 mala.
2915 1273 3228 1345 suspicione
3274 1272 3553 1347 [cuipiam]

1980 1368 2298 1425 cohabitare
2326 1367 2560 1435 dicatur,
2591 1384 2661 1423 ne
2693 1368 2976 1423 ordiuator
3004 1387 3019 1424 :
3054 1384 3117 1423 ac
3152 1383 3283 1424 vero
3312 1368 3423 1439 jam
3465 1385 3558 1424 or-

1980 1458 2187 1522 dinata,
2239 1458 2307 1512 ab
2339 1457 2531 1513 habitu
2567 1458 2855 1514 excidito:
2899 1469 2954 1514 et
3005 1474 3131 1514 cum
3178 1459 3558 1516 cohabilatore

1982 1551 2109 1605 huic
2140 1550 2244 1621 legi
2280 1551 2617 1622 reliquisque
2663 1566 2786 1621 qua.
2820 1551 2872 1606 in
2907 1559 3256 1620 stupratores
3305 1552 3561 1607 animad-

1979 1651 2220 1708 vertunt,
2254 1643 2494 1697 obnoxia
2524 1650 2667 1698 esto.
2715 1643 2952 1698 Constit.
3001 1650 3182 1697 autem
3228 1641 3285 1708 2,
3311 1641 3558 1713 ejusdem

1982 1738 2068 1791 tit.
2128 1736 2156 1790 1
2219 1733 2571 1790 Novellarum
2644 1735 2823 1790 dicit:
2878 1734 3075 1790 Nullus
3146 1735 3403 1801 clericus,
3466 1734 3558 1804 qui

1982 1845 2211 1887 uxorem
2252 1845 2361 1886 non
2392 1832 2576 1895 habet,
2629 1844 2826 1903 praeter
2862 1838 3115 1894 matrem,
3174 1830 3364 1898 tiliam,
3400 1844 3561 1886 soro-

1984 1938 2117 1990 rem,
2144 1923 2284 1980 etin
2314 1938 2454 1994 quas
2483 1922 2688 1993 alioqui
2738 1923 2981 1993 suspicio
3020 1938 3127 1977 non
3159 1921 3326 1988 cadit,
3366 1921 3423 1976 in
3470 1920 3562 1975 do-

1984 2033 2074 2073 mo
2103 2034 2203 2075 sua
2223 2019 2511 2075 ascititiam
2532 2016 2856 2091 [mulierem]
2902 2018 3122 2073 habeto.
3156 2018 3311 2084 Quod
3366 2018 3412 2072 si
3448 2017 3563 2071 ha-c

1983 2123 2094 2163 non
2119 2109 2511 2175 observaverit,
2545 2119 2598 2164 et
2624 2110 2707 2165 bis
2737 2110 2806 2163 ab
2836 2110 3094 2180 episcopo
3124 2115 3220 2163 aut
3258 2108 3419 2177 222
3447 2108 3562 2163 col-

1982 2198 2119 2268 legis
2166 2200 2484 2257 admonitus
2518 2201 2801 2256 mulierem
2838 2217 2946 2256 non
2996 2200 3238 2271 eiecerit,
3273 2201 3359 2255 vel
3402 2214 3562 2255 accu-

1984 2303 2141 2347 satus
2198 2293 2463 2361 probetur
2516 2293 2808 2349 inhoneste
2864 2310 2991 2349 cum
3041 2294 3132 2349 illa
3187 2294 3499 2348 conversari
3543 2308 3557 2346 :

1984 2381 2291 2450 deponitor,
2331 2393 2386 2438 et
2438 2383 2605 2439 curia:
2636 2384 2877 2440 civitatis
2924 2384 2978 2439 in
3024 2400 3129 2453 qua
3174 2383 3406 2438 clericus
3438 2383 3559 2449 fuit,

1984 2472 2237 2530 traditor.
2269 2473 2573 2544 Episcopus
2621 2481 2826 2540 autem,
2860 2473 2955 2543 qui
3007 2472 3224 2528 mulieri
3260 2473 3559 2537 cubabitat,

1984 2564 2210 2620 omnino
2237 2566 2547 2635 deponitur.
2575 2564 2762 2635 Neque
2787 2580 2918 2620 vero
2947 2564 3261 2620 diaconissa
3296 2564 3558 2634 cuipiam,

1985 2658 2039 2712 in
2080 2671 2240 2729 quem
2279 2657 2502 2713 sinistra
2533 2657 2774 2726 suspicio
2801 2657 2981 2721 cadat,
3019 2654 3336 2710 cohabitare
3363 2663 3559 2723 potest.

1985 2749 2117 2816 Quae
2143 2751 2213 2804 ab
2242 2749 2501 2819 episcopo
2553 2746 3008 2811 commonefacta,
3062 2746 3110 2803 si
3150 2746 3301 2801 illum
3358 2745 3559 2815 ejicere

1986 2841 2217 2907 diiierat,
2253 2841 2522 2912 spoliatur
2570 2840 2875 2895 ministerio
2927 2847 2980 2893 et
3017 2837 3230 2898 diariis,
3276 2845 3439 2908 atque
3468 2851 3565 2906 per

1986 2952 2203 2993 omnem
2234 2938 2402 2991 vitam
2442 2950 2599 2991 suam
2635 2937 2687 2989 in
2717 2932 3113 2988 monasterium
3156 2930 3422 2997 injicitur.
3456 2927 3564 2984 Res

1985 3038 2166 3085 autem
2198 3030 2338 3100 ejus,
2367 3029 2412 3085 si
2459 3029 2659 3084 liberos
2694 3027 2911 3091 habeat,
2960 3026 3105 3080 inter
3134 3025 3305 3094 ipsam
3336 3010 3390 3079 et
3442 3024 3564 3078 illos

1985 3138 2086 3193 pro
2115 3132 2232 3176 rata
2264 3121 2585 3176 dividuntur
2613 3137 2628 3174 :
2679 3129 2735 3175 et
2764 3134 2886 3190 quae
2916 3117 3019 3188 ipsi
3072 3118 3249 3189 portio
3278 3116 3559 3187 competit,

1986 3226 2106 3266 eam
2146 3227 2247 3281 pro
2286 3211 2408 3281 ejus
2459 3210 2716 3265 alimonia
2769 3208 3161 3265 monasterium
3218 3208 3415 3279 capit:
3477 3209 3561 3261 sin

1988 3303 2190 3358 liberos
2239 3316 2346 3356 non
2382 3303 2567 3367 habet,
2602 3302 2831 3357 ecclesia
2868 3302 2921 3356 in
2963 3316 3069 3371 qua
3099 3308 3241 3367 erat,
3290 3307 3344 3357 et
3374 3316 3556 3357 monao

1988 3395 2214 3452 sterium
2243 3410 2312 3450 ex
2352 3410 2510 3459 aequo
2551 3395 2673 3450 illas
2700 3395 3036 3465 partiuntur.

2060 3567 2210 3624 CAP.
2253 3569 2368 3626 XV.
2399 3601 2470 3611 ——
2497 3570 2777 3636 Quomodo
2812 3574 3081 3642 episcopos
3115 3572 3193 3626 vel
3224 3571 3442 3627 clericos
3476 3572 3558 3627 vel

1986 3663 2307 3717 continentes
2332 3663 2576 3717 accedere
2613 3663 2790 3718 deceat
2825 3664 2894 3718 ad
2922 3665 3189 3720 mulieres.

2260 3839 2487 3895 Concilii
2526 3838 2962 3910 Carlhaginensis
2990 3856 3160 3895 canon
3197 3840 3287 3894 50.

2062 3930 2130 3986 Ut
2157 3933 2355 3998 clerici,
2391 3932 2469 3987 vel
2514 3934 2856 3998 continentes,
2886 3932 2954 3986 ad
2989 3933 3214 4003 virgines
3253 3935 3330 3988 vel
3374 3934 3559 3987 viduas

1985 4040 2090 4079 non
2119 4026 2391 4080 accedant.

2057 4118 2146 4173 58.
2177 4116 2528 4184 Utcleriei",
2547 4117 2632 4172 vel
2652 4118 3016 4183 continentes,
3038 4118 3315 4181 ad,viduas
3344 4120 3426 4172 vel
3450 4119 3559 4174 vir-

1986 4209 2164 4281 gines,
2192 4209 2299 4264 nisi
2330 4224 2393 4264 ex
2419 4208 2579 4279 jussu
2625 4210 2707 4265 vel
2738 4211 3007 4280 permissu
3042 4210 3423 4279 episcoporum
3467 4218 3564 4264 aut

1987 4307 2448 4377 presbyterorum,
2505 4323 2611 4362 non
2658 4308 2921 4363 accedant
2970 4327 2983 4363 :
3042 4319 3096 4364 et
3144 4310 3247 4364 hoc
3296 4324 3405 4363 non
3456 4307 3561 4363 soli

1987 4396 2212 4461 faciant,
2241 4398 2336 4452 sed
2383 4412 2506 4453 cum
2539 4399 2877 4465 conrlericis,
2918 4400 3002 4455 vel
3052 4415 3177 4455 cum
3228 4400 3313 4456 his
3363 4399 3561 4471 quibus

1985 4489 2277 4558 episcopus
2304 4496 2396 4542 aut
2426 4489 2703 4560 presbyter
2731 4490 2959 4559 jusserit
2989 4512 3005 4548 :
3047 4507 3147 4548 nec
3179 4493 3280 4562 ipsi
3319 4493 3559 4563 episcopi

1918 4616 1963 4670 D
1989 4588 2044 4633 et
2072 4580 2372 4650 presbyteri
2400 4581 2501 4635 soli
2546 4581 2781 4636 habeant
2810 4597 3094 4639 accessum
3141 4584 3210 4639 ad
3245 4584 3559 4655 hujusmodi

1993 4672 2244 4738 feminas,
2281 4671 2375 4727 sed
2412 4671 2504 4727 ubi
2550 4681 2645 4727 aut
2685 4672 2873 4730 clerici
2914 4684 3212 4745 praesentes
3259 4687 3410 4744 sunt,
3462 4686 3558 4734 aut

1993 4780 2186 4837 graves
2215 4765 2381 4834 aliqui
2417 4764 2737 4820 Christiani.

2222 4853 2382 4923 223
2426 4850 2651 4908 Concilii
2697 4853 2907 4909 Nicazni
2948 4873 2987 4912 ιι
3024 4874 3195 4911 canon
3222 4858 3313 4917 ἢ.

2064 4943 2218 5011 Quod
2248 4951 2483 5013 oporteat
2512 4960 2631 4998 cum
2662 4946 2957 5015 gratiarum
2984 4950 3187 5002 actione
3217 4958 3265 5003 et
3305 4950 3450 5007 omni
3477 4968 3561 5011 vce

1991 5037 2244 5093 recundia
2288 5053 2350 5090 ac
2391 5037 2639 5107 religione
2668 5040 2950 5094 monachos
2991 5057 3111 5094 cum
3159 5042 3564 5111 mulieribus.“

1989 5131 2201 5185 accidat
2223 5168 2238 5194 ,
2271 5130 2612 5185 manducare.
2702 5124 2709 5135 “

2057 5220 2149 5275 22.
2182 5220 2293 5276 Deo
2322 5221 2539 5291 quidem
2569 5222 2880 5277 universum
2913 5222 3184 5287 dedicare,
3217 5231 3271 5279 et
3294 5240 3405 5280 non
3434 5242 3561 5296 pro-

312 5317 472 5379 ίδίοις
496 5315 620 5386 θελή
633 5332 765 5385 μασι
806 5313 1146 5378 δουλοῦσθαι,
1199 5314 1343 5384 μέγα
1369 5314 1557 5385 χρῆμα
1594 5314 1851 5384 τυγχάνει
1873 5329 1886 5344 ·

1988 5313 2124 5384 priis
2150 5314 2519 5369 voluntatibus
2554 5316 2780 5379 servire,
2810 5330 2898 5370 res
2929 5330 3123 5386 magna
3147 5327 3250 5373 est.
3279 5316 3400 5373 Sive
3426 5322 3566 5373 enim

310 5408 459 5464 Ειτε
488 5408 600 5476 τὰρ
632 5406 881 5471 ἐσθίετε,
911 5405 1031 5459 εἴτε
1065 5406 1286 5469 πίνετε,
1309 5405 1338 5458 ὁ
1366 5405 1509 5470 θεῖος
1548 5405 1886 5469 Ἀπόστολος,

1991 5404 2295 5471 comeditis,
2346 5405 2452 5458 sive
2499 5405 2707 5466 bibitis,
2745 5405 2920 5473 inquit
2966 5407 3185 5463 divinus
3232 5409 3563 5478 Apostolus.

312 5496 517 5551 πάντα
547 5500 636 5564 είς
662 5496 850 5561 δόξαν
882 5495 1031 5550 Θεοῦ
1068 5494 1290 5549 ποιεῖτε
1313 5536 1330 5563 ,
1361 5497 1514 5567 φησί.
1548 5496 1777 5565 Χριστὸς
1801 5495 1886 5549 οὖν

1992 5499 2172 5552 omnia
2210 5499 2264 5551 in
2290 5497 2385 5552 Dei
2415 5497 2636 5566 gloriam
2665 5496 2825 5565 facite
2846 5498 2915 5550 θ’.
2938 5496 3187 5554 Christus
3213 5509 3393 5555 autem
3427 5498 3567 5552 Deus

313 5591 344 5641 ὁ
372 5588 510 5652 Θεὸς
538 5589 699 5660 ἡμῶν
740 5590 798 5643 ἐν
823 5591 938 5652 τοῖς
986 5588 1342 5658 Εὐαγγελίοις
1375 5587 1539 5642 αὐτοῦ
1580 5588 1679 5652 τὰς
1723 5588 1886 5663 ἀρχὰς

1992 5597 2179 5643 noster
2212 5587 2267 5642 in
2302 5586 2414 5643 suis
2451 5585 2757 5655 Evangeliis
2778 5585 2945 5656 jussit
2980 5588 3321 5657 peccatorum
3355 5586 3576 5658 princi-.

316 5680 433 5737 τῶν
457 5682 872 5755 ἁμαρτημάτων
914 5683 1202 5737 ἐκκόπτειν
1240 5682 1629 5753 προσ-τέταχεν.
1663 5683 1736 5738 Οὐ
1788 5682 1886 5756 γὰρ

2000 5681 2089 5751 pia
2123 5695 2392 5736 resecare.
2437 5677 2555 5735 Non
2583 5679 2728 5737 enim
2758 5679 3288 5740 adulteriumsolum
3317 5681 3456 5751 apud
3487 5680 3569 5755 ip-

395 5862 441 5895 "
482 5862 650 5921 Conc.
679 5859 874 5929 Afric.,
908 5879 958 5917 c.
997 5861 1049 5917 ὅ.
1124 5862 1167 5895 '9
1200 5860 1219 5921 1
1255 5860 1378 5917 Cor.
1413 5876 1466 5927 ι,
1499 5860 1588 5916 51.
