  <div class='ocr_page' id='page_1' title='image "/cluster/home/n/w/nwhite01/storage/ocr_20150623/104/hvd.32044018872853/351.png"; bbox 0 0 4012 6422; ppageno 0'>
   <div class='ocr_carea' id='block_1_1' title="bbox 487 381 587 448">
    <p class='ocr_par' dir='ltr' id='par_1_1' title="bbox 487 381 587 448">
     <span class='ocr_line' id='line_1_1' title="bbox 487 381 587 448; baseline -0.02 -1"><span class='ocrx_word' id='word_1_1' title='bbox 487 381 587 448; x_wconf 80' lang='lat'><strong>691</strong></span> 
     </span>
    </p>
   </div>
   <div class='ocr_carea' id='block_1_2' title="bbox 1648 389 2590 458">
    <p class='ocr_par' dir='ltr' id='par_1_2' title="bbox 1648 389 2590 458">
     <span class='ocr_line' id='line_1_2' title="bbox 1648 389 2590 458; baseline 0.011 -10"><span class='ocrx_word' id='word_1_2' title='bbox 1648 389 1875 450; x_wconf 86' lang='grc' dir='ltr'><strong>ΡΗΟΤΙ</strong></span> <span class='ocrx_word' id='word_1_3' title='bbox 1886 391 1911 448; x_wconf 87' lang='grc' dir='ltr'>Ι</span> <span class='ocrx_word' id='word_1_4' title='bbox 1935 390 2441 456; x_wconf 66' lang='lat' dir='ltr'><strong>PATRIARCHA!</strong></span> <span class='ocrx_word' id='word_1_5' title='bbox 2482 397 2590 458; x_wconf 80' lang='grc' dir='ltr'><strong>ΟΡ.</strong></span> 
     </span>
    </p>
   </div>
   <div class='ocr_carea' id='block_1_3' title="bbox 3648 407 3748 470">
    <p class='ocr_par' dir='ltr' id='par_1_3' title="bbox 3648 407 3748 470">
     <span class='ocr_line' id='line_1_3' title="bbox 3648 407 3748 470; baseline 0 0"><span class='ocrx_word' id='word_1_6' title='bbox 3648 407 3748 470; x_wconf 70' lang='lat'><strong>992</strong></span> 
     </span>
    </p>
   </div>
   <div class='ocr_carea' id='block_1_4' title="bbox 483 494 2073 587">
    <p class='ocr_par' dir='ltr' id='par_1_4' title="bbox 483 494 2071 566">
     <span class='ocr_line' id='line_1_4' title="bbox 483 494 2071 566; baseline 0.001 -14"><span class='ocrx_word' id='word_1_7' title='bbox 483 509 608 552; x_wconf 85' lang='lat' dir='ltr'><strong>sum</strong></span> <span class='ocrx_word' id='word_1_8' title='bbox 674 494 936 565; x_wconf 87' lang='lat' dir='ltr'><strong>punitur,</strong></span> <span class='ocrx_word' id='word_1_9' title='bbox 1000 495 1097 551; x_wconf 88' lang='lat' dir='ltr'><strong>sed</strong></span> <span class='ocrx_word' id='word_1_10' title='bbox 1157 494 1322 551; x_wconf 87' lang='lat' dir='ltr'><strong>etiam</strong></span> <span class='ocrx_word' id='word_1_11' title='bbox 1371 495 1717 566; x_wconf 75' lang='lat' dir='ltr'><strong>cogitationis</strong></span> <span class='ocrx_word' id='word_1_12' title='bbox 1763 508 1945 555; x_wconf 89' lang='lat' dir='ltr'><strong>motus</strong></span> <span class='ocrx_word' id='word_1_13' title='bbox 2003 499 2071 554; x_wconf 85' lang='lat' dir='ltr'><strong>ad</strong></span> 
     </span>
    </p>
   </div>
   <div class='ocr_carea' id='block_1_5' title="bbox 2177 494 3748 587">
    <p class='ocr_par' dir='ltr' id='par_1_5' title="bbox 2177 501 3748 587">
     <span class='ocr_line' id='line_1_5' title="bbox 2177 501 3748 587; baseline 0.008 -31"><span class='ocrx_word' id='word_1_14' title='bbox 2177 501 2208 572; x_wconf 74' lang='grc' dir='ltr'>ἡ</span> <span class='ocrx_word' id='word_1_15' title='bbox 2239 504 2456 575; x_wconf 77' lang='grc' dir='ltr'>μοιχεία</span> <span class='ocrx_word' id='word_1_16' title='bbox 2491 508 2654 575; x_wconf 86' lang='grc' dir='ltr'><strong>μόνον</strong></span> <span class='ocrx_word' id='word_1_17' title='bbox 2696 509 2830 576; x_wconf 80' lang='grc' dir='ltr'><strong>παρ’</strong></span> <span class='ocrx_word' id='word_1_18' title='bbox 2859 508 3026 563; x_wconf 87' lang='grc' dir='ltr'><strong>αύτοῦ</strong></span> <span class='ocrx_word' id='word_1_19' title='bbox 3073 510 3387 580; x_wconf 72' lang='grc' dir='ltr'><strong>κολάζεται,</strong></span> <span class='ocrx_word' id='word_1_20' title='bbox 3413 513 3552 569; x_wconf 81' lang='grc' dir='ltr'><strong>ἀλλά</strong></span> <span class='ocrx_word' id='word_1_21' title='bbox 3596 518 3688 570; x_wconf 76' lang='grc' dir='ltr'><strong>καὶ</strong></span> <span class='ocrx_word' id='word_1_22' title='bbox 3718 520 3748 587; x_wconf 78' lang='grc' dir='ltr'><strong>ή</strong></span> 
     </span>
    </p>
   </div>
   <div class='ocr_carea' id='block_1_6' title="bbox 490 587 2072 663">
    <p class='ocr_par' dir='ltr' id='par_1_6' title="bbox 490 587 2072 663">
     <span class='ocr_line' id='line_1_6' title="bbox 490 587 2072 663; baseline 0.003 -19"><span class='ocrx_word' id='word_1_23' title='bbox 490 588 921 662; x_wconf 81' lang='lat' dir='ltr'><strong>aggrediendum</strong></span> <span class='ocrx_word' id='word_1_24' title='bbox 972 587 1300 645; x_wconf 69' lang='lat' dir='ltr'><strong>adulterium</strong></span> <span class='ocrx_word' id='word_1_25' title='bbox 1356 589 1768 655; x_wconf 71' lang='lat' dir='ltr'><strong>condemnatur,</strong></span> <span class='ocrx_word' id='word_1_26' title='bbox 1820 591 1939 663; x_wconf 88' lang='lat' dir='ltr'><strong>ipso</strong></span> <span class='ocrx_word' id='word_1_27' title='bbox 1984 591 2072 647; x_wconf 85' lang='lat' dir='ltr'><strong>di-</strong></span> 
     </span>
    </p>
   </div>
   <div class='ocr_carea' id='block_1_7' title="bbox 483 680 2075 759">
    <p class='ocr_par' dir='ltr' id='par_1_7' title="bbox 483 680 2075 759">
     <span class='ocr_line' id='line_1_7' title="bbox 483 680 2075 759; baseline 0 -21"><span class='ocrx_word' id='word_1_28' title='bbox 483 690 644 738; x_wconf 88' lang='lat' dir='ltr'><strong>cente</strong></span> <span class='ocrx_word' id='word_1_29' title='bbox 673 700 687 738; x_wconf 88' lang='lat'><strong>:</strong></span> <span class='ocrx_word' id='word_1_30' title='bbox 721 680 827 748; x_wconf 84' lang='lat' dir='ltr'><strong>Qui</strong></span> <span class='ocrx_word' id='word_1_31' title='bbox 874 682 1136 751; x_wconf 67' lang='lat' dir='ltr'><strong>aspexerit</strong></span> <span class='ocrx_word' id='word_1_32' title='bbox 1171 681 1439 737; x_wconf 80' lang='lat' dir='ltr'><strong>mulierem</strong></span> <span class='ocrx_word' id='word_1_33' title='bbox 1490 682 1560 736; x_wconf 80' lang='lat' dir='ltr'><strong>ad</strong></span> <span class='ocrx_word' id='word_1_34' title='bbox 1603 684 2075 759; x_wconf 68' lang='lat' dir='ltr'><strong>concupiscatdam</strong></span> 
     </span>
    </p>
   </div>
   <div class='ocr_carea' id='block_1_8' title="bbox 486 772 2075 844">
    <p class='ocr_par' dir='ltr' id='par_1_8' title="bbox 486 772 2075 844">
     <span class='ocr_line' id='line_1_8' title="bbox 486 772 2075 844; baseline 0.002 -15"><span class='ocrx_word' id='word_1_35' title='bbox 486 775 679 841; x_wconf 81' lang='lat' dir='ltr'><strong>ipsam,</strong></span> <span class='ocrx_word' id='word_1_36' title='bbox 706 790 825 829; x_wconf 89' lang='lat' dir='ltr'><strong>eam</strong></span> <span class='ocrx_word' id='word_1_37' title='bbox 861 772 982 844; x_wconf 85' lang='lat' dir='ltr'><strong>jam</strong></span> <span class='ocrx_word' id='word_1_38' title='bbox 1028 775 1083 827; x_wconf 85' lang='lat' dir='ltr'><strong>in</strong></span> <span class='ocrx_word' id='word_1_39' title='bbox 1112 774 1267 828; x_wconf 83' lang='lat' dir='ltr'><strong>corde</strong></span> <span class='ocrx_word' id='word_1_40' title='bbox 1308 790 1405 829; x_wconf 87' lang='lat' dir='ltr'><strong>suo</strong></span> <span class='ocrx_word' id='word_1_41' title='bbox 1448 774 1773 829; x_wconf 83' lang='lat' dir='ltr'><strong>adulteravit</strong></span> <span class='ocrx_word' id='word_1_42' title='bbox 1814 776 1856 829; x_wconf 79' lang='grc'><strong>⁸.</strong></span> <span class='ocrx_word' id='word_1_43' title='bbox 1921 773 2075 832; x_wconf 82' lang='lat' dir='ltr'><strong>Unde</strong></span> 
     </span>
    </p>
   </div>
   <div class='ocr_carea' id='block_1_9' title="bbox 489 864 2071 938">
    <p class='ocr_par' dir='ltr' id='par_1_9' title="bbox 489 864 2071 938">
     <span class='ocr_line' id='line_1_9' title="bbox 489 864 2071 938; baseline 0.002 -18"><span class='ocrx_word' id='word_1_44' title='bbox 489 880 592 922; x_wconf 89' lang='lat' dir='ltr'><strong>nos</strong></span> <span class='ocrx_word' id='word_1_45' title='bbox 625 881 847 937; x_wconf 89' lang='lat' dir='ltr'><strong>quoque</strong></span> <span class='ocrx_word' id='word_1_46' title='bbox 887 864 1087 931; x_wconf 91' lang='lat' dir='ltr'><strong>edocti,</strong></span> <span class='ocrx_word' id='word_1_47' title='bbox 1122 865 1386 922; x_wconf 86' lang='lat' dir='ltr'><strong>debemus</strong></span> <span class='ocrx_word' id='word_1_48' title='bbox 1428 867 1789 938; x_wconf 76' lang='lat' dir='ltr'><strong>cogitationes</strong></span> <span class='ocrx_word' id='word_1_49' title='bbox 1818 882 2071 938; x_wconf 84' lang='lat' dir='ltr'><strong>purgare.</strong></span> 
     </span>
    </p>
   </div>
   <div class='ocr_carea' id='block_1_10' title="bbox 488 958 2074 1032">
    <p class='ocr_par' dir='ltr' id='par_1_10' title="bbox 488 958 2074 1032">
     <span class='ocr_line' id='line_1_10' title="bbox 488 958 2074 1032; baseline 0.003 -19"><span class='ocrx_word' id='word_1_50' title='bbox 488 959 612 1014; x_wconf 84' lang='lat' dir='ltr'><strong>Etsi</strong></span> <span class='ocrx_word' id='word_1_51' title='bbox 658 961 800 1015; x_wconf 86' lang='lat' dir='ltr'><strong>enim</strong></span> <span class='ocrx_word' id='word_1_52' title='bbox 846 960 1025 1015; x_wconf 81' lang='lat' dir='ltr'><strong>omnia</strong></span> <span class='ocrx_word' id='word_1_53' title='bbox 1070 958 1263 1027; x_wconf 78' lang='lat' dir='ltr'><strong>licent,</strong></span> <span class='ocrx_word' id='word_1_54' title='bbox 1312 976 1419 1015; x_wconf 83' lang='lat' dir='ltr'><strong>non</strong></span> <span class='ocrx_word' id='word_1_55' title='bbox 1472 971 1649 1015; x_wconf 86' lang='lat' dir='ltr'><strong>tamen</strong></span> <span class='ocrx_word' id='word_1_56' title='bbox 1690 962 1871 1016; x_wconf 85' lang='lat' dir='ltr'><strong>omnia</strong></span> <span class='ocrx_word' id='word_1_57' title='bbox 1917 977 2074 1032; x_wconf 74' lang='lat' dir='ltr'><strong>expe-</strong></span> 
     </span>
    </p>
   </div>
   <div class='ocr_carea' id='block_1_11' title="bbox 489 1050 2073 1124">
    <p class='ocr_par' dir='ltr' id='par_1_11' title="bbox 489 1050 2073 1124">
     <span class='ocr_line' id='line_1_11' title="bbox 489 1050 2073 1124; baseline 0.003 -19"><span class='ocrx_word' id='word_1_58' title='bbox 489 1052 644 1106; x_wconf 82' lang='lat' dir='ltr'><strong>diunt</strong></span> <span class='ocrx_word' id='word_1_59' title='bbox 687 1054 732 1117; x_wconf 83' lang='grc'><strong>²,</strong></span> <span class='ocrx_word' id='word_1_60' title='bbox 761 1060 821 1107; x_wconf 81' lang='grc' dir='ltr'><strong>ιιι</strong></span> <span class='ocrx_word' id='word_1_61' title='bbox 849 1065 880 1105; x_wconf 89' lang='lat' dir='ltr'><strong>a</strong></span> <span class='ocrx_word' id='word_1_62' title='bbox 912 1065 1045 1107; x_wconf 81' lang='lat' dir='ltr'><strong>voce</strong></span> <span class='ocrx_word' id='word_1_63' title='bbox 1089 1050 1383 1122; x_wconf 85' lang='lat' dir='ltr'><strong>apostolica</strong></span> <span class='ocrx_word' id='word_1_64' title='bbox 1413 1051 1690 1106; x_wconf 86' lang='lat' dir='ltr'><strong>docemur.</strong></span> <span class='ocrx_word' id='word_1_65' title='bbox 1726 1051 1914 1107; x_wconf 85' lang='lat' dir='ltr'><strong>Cuivis</strong></span> <span class='ocrx_word' id='word_1_66' title='bbox 1941 1067 2073 1124; x_wconf 88' lang='lat' dir='ltr'><strong>ergo</strong></span> 
     </span>
    </p>
   </div>
   <div class='ocr_carea' id='block_1_12' title="bbox 490 1142 2073 1216">
    <p class='ocr_par' dir='ltr' id='par_1_12' title="bbox 490 1142 2073 1216">
     <span class='ocr_line' id='line_1_12' title="bbox 490 1142 2073 1216; baseline 0.001 -18"><span class='ocrx_word' id='word_1_67' title='bbox 490 1142 699 1199; x_wconf 84' lang='lat' dir='ltr'><strong>homini</strong></span> <span class='ocrx_word' id='word_1_68' title='bbox 747 1158 973 1200; x_wconf 84' lang='lat' dir='ltr'><strong>necesse</strong></span> <span class='ocrx_word' id='word_1_69' title='bbox 1016 1152 1102 1199; x_wconf 90' lang='lat' dir='ltr'><strong>est</strong></span> <span class='ocrx_word' id='word_1_70' title='bbox 1128 1143 1439 1211; x_wconf 86' lang='lat' dir='ltr'><strong>comedere,</strong></span> <span class='ocrx_word' id='word_1_71' title='bbox 1468 1152 1529 1199; x_wconf 92' lang='lat' dir='ltr'><strong>ut</strong></span> <span class='ocrx_word' id='word_1_72' title='bbox 1557 1143 1706 1199; x_wconf 82' lang='lat' dir='ltr'><strong>vivat</strong></span> <span class='ocrx_word' id='word_1_73' title='bbox 1734 1158 1750 1199; x_wconf 88' lang='lat'><strong>:</strong></span> <span class='ocrx_word' id='word_1_74' title='bbox 1777 1153 1833 1200; x_wconf 87' lang='lat' dir='ltr'><strong>et</strong></span> <span class='ocrx_word' id='word_1_75' title='bbox 1870 1144 2073 1216; x_wconf 84' lang='lat' dir='ltr'><strong>quibus</strong></span> 
     </span>
    </p>
   </div>
   <div class='ocr_carea' id='block_1_13' title="bbox 487 1235 2075 1307">
    <p class='ocr_par' dir='ltr' id='par_1_13' title="bbox 487 1235 2075 1307">
     <span class='ocr_line' id='line_1_13' title="bbox 487 1235 2075 1307; baseline 0.001 -15"><span class='ocrx_word' id='word_1_76' title='bbox 487 1245 574 1292; x_wconf 88' lang='lat' dir='ltr'><strong>est</strong></span> <span class='ocrx_word' id='word_1_77' title='bbox 604 1235 713 1291; x_wconf 87' lang='lat' dir='ltr'><strong>vita</strong></span> <span class='ocrx_word' id='word_1_78' title='bbox 749 1236 968 1307; x_wconf 84' lang='lat' dir='ltr'><strong>quidem</strong></span> <span class='ocrx_word' id='word_1_79' title='bbox 1000 1236 1359 1302; x_wconf 83' lang='lat' dir='ltr'><strong>matrimonii,</strong></span> <span class='ocrx_word' id='word_1_80' title='bbox 1389 1247 1443 1294; x_wconf 87' lang='lat' dir='ltr'><strong>et</strong></span> <span class='ocrx_word' id='word_1_81' title='bbox 1476 1237 1794 1302; x_wconf 88' lang='lat' dir='ltr'><strong>liberorum,</strong></span> <span class='ocrx_word' id='word_1_82' title='bbox 1827 1246 1882 1293; x_wconf 85' lang='lat' dir='ltr'><strong>et</strong></span> <span class='ocrx_word' id='word_1_83' title='bbox 1922 1237 2075 1294; x_wconf 68' lang='lat' dir='ltr'><strong>laica:</strong></span> 
     </span>
    </p>
   </div>
   <div class='ocr_carea' id='block_1_14' title="bbox 487 1328 2072 1400">
    <p class='ocr_par' dir='ltr' id='par_1_14' title="bbox 487 1328 2072 1400">
     <span class='ocr_line' id='line_1_14' title="bbox 487 1328 2072 1400; baseline 0.001 -14"><span class='ocrx_word' id='word_1_84' title='bbox 487 1328 921 1397; x_wconf 74' lang='lat' dir='ltr'><strong>constitutionis,</strong></span> <span class='ocrx_word' id='word_1_85' title='bbox 948 1329 1251 1400; x_wconf 90' lang='lat' dir='ltr'><strong>permistim</strong></span> <span class='ocrx_word' id='word_1_86' title='bbox 1284 1330 1571 1387; x_wconf 86' lang='lat' dir='ltr'><strong>comedere</strong></span> <span class='ocrx_word' id='word_1_87' title='bbox 1611 1333 1755 1389; x_wconf 88' lang='lat' dir='ltr'><strong>viros</strong></span> <span class='ocrx_word' id='word_1_88' title='bbox 1786 1340 1841 1386; x_wconf 91' lang='lat' dir='ltr'><strong>et</strong></span> <span class='ocrx_word' id='word_1_89' title='bbox 1873 1331 2072 1388; x_wconf 83' lang='lat' dir='ltr'><strong>mulie-</strong></span> 
     </span>
    </p>
   </div>
   <div class='ocr_carea' id='block_1_15' title="bbox 486 1422 2074 1493">
    <p class='ocr_par' dir='ltr' id='par_1_15' title="bbox 486 1422 2074 1493">
     <span class='ocr_line' id='line_1_15' title="bbox 486 1422 2074 1493; baseline 0.002 -17"><span class='ocrx_word' id='word_1_90' title='bbox 486 1435 597 1487; x_wconf 90' lang='lat' dir='ltr'><strong>res,</strong></span> <span class='ocrx_word' id='word_1_91' title='bbox 628 1430 711 1477; x_wconf 88' lang='lat' dir='ltr'><strong>est</strong></span> <span class='ocrx_word' id='word_1_92' title='bbox 739 1422 808 1478; x_wconf 92' lang='lat' dir='ltr'><strong>ab</strong></span> <span class='ocrx_word' id='word_1_93' title='bbox 835 1423 985 1479; x_wconf 92' lang='lat' dir='ltr'><strong>omni</strong></span> <span class='ocrx_word' id='word_1_94' title='bbox 1012 1423 1440 1493; x_wconf 86' lang='lat' dir='ltr'><strong>reprehensione</strong></span> <span class='ocrx_word' id='word_1_95' title='bbox 1465 1423 1729 1490; x_wconf 85' lang='lat' dir='ltr'><strong>alienum,</strong></span> <span class='ocrx_word' id='word_1_96' title='bbox 1762 1424 1811 1481; x_wconf 83' lang='lat' dir='ltr'><strong>si</strong></span> <span class='ocrx_word' id='word_1_97' title='bbox 1837 1424 1999 1480; x_wconf 90' lang='lat' dir='ltr'><strong>modo</strong></span> <span class='ocrx_word' id='word_1_98' title='bbox 2020 1424 2074 1480; x_wconf 91' lang='lat' dir='ltr'><strong>ei</strong></span> 
     </span>
    </p>
   </div>
   <div class='ocr_carea' id='block_1_16' title="bbox 487 1514 2073 1588">
    <p class='ocr_par' dir='ltr' id='par_1_16' title="bbox 487 1514 2073 1588">
     <span class='ocr_line' id='line_1_16' title="bbox 487 1514 2073 1588; baseline 0.004 -21"><span class='ocrx_word' id='word_1_99' title='bbox 487 1514 583 1584; x_wconf 92' lang='lat' dir='ltr'><strong>qui</strong></span> <span class='ocrx_word' id='word_1_100' title='bbox 613 1514 706 1569; x_wconf 84' lang='lat' dir='ltr'><strong>dat</strong></span> <span class='ocrx_word' id='word_1_101' title='bbox 738 1516 1135 1571; x_wconf 86' lang='lat' dir='ltr'><strong>nutrimentum</strong></span> <span class='ocrx_word' id='word_1_102' title='bbox 1183 1517 1387 1588; x_wconf 78' lang='lat' dir='ltr'><strong>gratias</strong></span> <span class='ocrx_word' id='word_1_103' title='bbox 1430 1527 1614 1588; x_wconf 89' lang='lat' dir='ltr'><strong>agant,</strong></span> <span class='ocrx_word' id='word_1_104' title='bbox 1646 1532 1757 1573; x_wconf 88' lang='lat' dir='ltr'><strong>non</strong></span> <span class='ocrx_word' id='word_1_105' title='bbox 1787 1532 1913 1574; x_wconf 90' lang='lat' dir='ltr'><strong>cum</strong></span> <span class='ocrx_word' id='word_1_106' title='bbox 1950 1532 2073 1574; x_wconf 86' lang='lat' dir='ltr'><strong>see-</strong></span> 
     </span>
    </p>
   </div>
   <div class='ocr_carea' id='block_1_17' title="bbox 488 1603 2076 1675">
    <p class='ocr_par' dir='ltr' id='par_1_17' title="bbox 488 1603 2076 1675">
     <span class='ocr_line' id='line_1_17' title="bbox 488 1603 2076 1675; baseline 0.005 -17"><span class='ocrx_word' id='word_1_107' title='bbox 488 1603 630 1659; x_wconf 89' lang='lat' dir='ltr'><strong>nicis</strong></span> <span class='ocrx_word' id='word_1_108' title='bbox 656 1604 987 1675; x_wconf 91' lang='lat' dir='ltr'><strong>quibusdam</strong></span> <span class='ocrx_word' id='word_1_109' title='bbox 1032 1605 1251 1674; x_wconf 87' lang='lat' dir='ltr'><strong>studiis,</strong></span> <span class='ocrx_word' id='word_1_110' title='bbox 1300 1606 1415 1662; x_wconf 87' lang='lat' dir='ltr'><strong>sive</strong></span> <span class='ocrx_word' id='word_1_111' title='bbox 1463 1608 1724 1665; x_wconf 89' lang='lat' dir='ltr'><strong>satanicis</strong></span> <span class='ocrx_word' id='word_1_112' title='bbox 1753 1609 1985 1666; x_wconf 88' lang='lat' dir='ltr'><strong>canticis</strong></span> <span class='ocrx_word' id='word_1_113' title='bbox 2021 1621 2076 1667; x_wconf 88' lang='lat' dir='ltr'><strong>et</strong></span> 
     </span>
    </p>
   </div>
   <div class='ocr_carea' id='block_1_18' title="bbox 488 1696 2073 1773">
    <p class='ocr_par' dir='ltr' id='par_1_18' title="bbox 488 1696 2073 1773">
     <span class='ocr_line' id='line_1_18' title="bbox 488 1696 2073 1773; baseline 0.004 -21"><span class='ocrx_word' id='word_1_114' title='bbox 488 1696 864 1754; x_wconf 72' lang='lat' dir='ltr'><strong>cithartedicis</strong></span> <span class='ocrx_word' id='word_1_115' title='bbox 893 1712 960 1754; x_wconf 86' lang='lat' dir='ltr'><strong>ac</strong></span> <span class='ocrx_word' id='word_1_116' title='bbox 988 1700 1312 1755; x_wconf 87' lang='lat' dir='ltr'><strong>meretriciis</strong></span> <span class='ocrx_word' id='word_1_117' title='bbox 1338 1699 1758 1770; x_wconf 78' lang='lat' dir='ltr'><strong>inﬂexionibus;</strong></span> <span class='ocrx_word' id='word_1_118' title='bbox 1782 1717 1923 1772; x_wconf 88' lang='lat' dir='ltr'><strong>quos</strong></span> <span class='ocrx_word' id='word_1_119' title='bbox 1948 1718 2073 1773; x_wconf 84' lang='lat' dir='ltr'><strong>pro-</strong></span> 
     </span>
    </p>
   </div>
   <div class='ocr_carea' id='block_1_19' title="bbox 486 1789 2073 1867">
    <p class='ocr_par' dir='ltr' id='par_1_19' title="bbox 486 1789 2073 1867">
     <span class='ocr_line' id='line_1_19' title="bbox 486 1789 2073 1867; baseline 0.003 -22"><span class='ocrx_word' id='word_1_120' title='bbox 486 1790 701 1860; x_wconf 87' lang='lat' dir='ltr'><strong>phetica</strong></span> <span class='ocrx_word' id='word_1_121' title='bbox 731 1789 1038 1847; x_wconf 84' lang='lat' dir='ltr'><strong>exsecratio</strong></span> <span class='ocrx_word' id='word_1_122' title='bbox 1074 1792 1440 1863; x_wconf 87' lang='lat' dir='ltr'><strong>persequitur,</strong></span> <span class='ocrx_word' id='word_1_123' title='bbox 1472 1794 1554 1848; x_wconf 89' lang='lat' dir='ltr'><strong>sic</strong></span> <span class='ocrx_word' id='word_1_124' title='bbox 1579 1793 1767 1850; x_wconf 89' lang='lat' dir='ltr'><strong>dicens</strong></span> <span class='ocrx_word' id='word_1_125' title='bbox 1804 1811 1819 1849; x_wconf 91' lang='lat'><strong>:</strong></span> <span class='ocrx_word' id='word_1_126' title='bbox 1859 1793 1950 1850; x_wconf 77' lang='lat' dir='ltr'><strong>Va:</strong></span> <span class='ocrx_word' id='word_1_127' title='bbox 1982 1796 2073 1867; x_wconf 85' lang='lat' dir='ltr'><strong>qui</strong></span> 
     </span>
    </p>
   </div>
   <div class='ocr_carea' id='block_1_20' title="bbox 488 1879 2071 1949">
    <p class='ocr_par' dir='ltr' id='par_1_20' title="bbox 488 1879 2071 1949">
     <span class='ocr_line' id='line_1_20' title="bbox 488 1879 2071 1949; baseline 0.003 -17"><span class='ocrx_word' id='word_1_128' title='bbox 488 1895 609 1933; x_wconf 82' lang='lat' dir='ltr'><strong>cum</strong></span> <span class='ocrx_word' id='word_1_129' title='bbox 636 1879 843 1934; x_wconf 82' lang='lat' dir='ltr'><strong>cithara</strong></span> <span class='ocrx_word' id='word_1_130' title='bbox 867 1889 915 1934; x_wconf 88' lang='lat' dir='ltr'><strong>et</strong></span> <span class='ocrx_word' id='word_1_131' title='bbox 944 1879 1199 1949; x_wconf 81' lang='lat' dir='ltr'><strong>psalterio</strong></span> <span class='ocrx_word' id='word_1_132' title='bbox 1222 1882 1400 1937; x_wconf 81' lang='lat' dir='ltr'><strong>vinum</strong></span> <span class='ocrx_word' id='word_1_133' title='bbox 1424 1882 1628 1946; x_wconf 85' lang='lat' dir='ltr'><strong>bibunt,</strong></span> <span class='ocrx_word' id='word_1_134' title='bbox 1654 1882 1870 1938; x_wconf 85' lang='lat' dir='ltr'><strong>Domini</strong></span> <span class='ocrx_word' id='word_1_135' title='bbox 1893 1893 2071 1938; x_wconf 89' lang='lat' dir='ltr'><strong>autem</strong></span> 
     </span>
    </p>
   </div>
   <div class='ocr_carea' id='block_1_21' title="bbox 487 1971 2076 2045">
    <p class='ocr_par' dir='ltr' id='par_1_21' title="bbox 487 1971 2076 2045">
     <span class='ocr_line' id='line_1_21' title="bbox 487 1971 2076 2045; baseline 0.005 -22"><span class='ocrx_word' id='word_1_136' title='bbox 487 1987 649 2041; x_wconf 82' lang='lat' dir='ltr'><strong>opera</strong></span> <span class='ocrx_word' id='word_1_137' title='bbox 699 1987 802 2026; x_wconf 89' lang='lat' dir='ltr'><strong>non</strong></span> <span class='ocrx_word' id='word_1_138' title='bbox 839 1971 1161 2041; x_wconf 83' lang='lat' dir='ltr'><strong>respiciunt,</strong></span> <span class='ocrx_word' id='word_1_139' title='bbox 1194 1980 1245 2027; x_wconf 91' lang='lat' dir='ltr'><strong>et</strong></span> <span class='ocrx_word' id='word_1_140' title='bbox 1294 1990 1455 2042; x_wconf 85' lang='lat' dir='ltr'><strong>opera</strong></span> <span class='ocrx_word' id='word_1_141' title='bbox 1501 1991 1756 2029; x_wconf 87' lang='lat' dir='ltr'><strong>manuum</strong></span> <span class='ocrx_word' id='word_1_142' title='bbox 1806 1975 1920 2045; x_wconf 83' lang='lat' dir='ltr'><strong>ejus</strong></span> <span class='ocrx_word' id='word_1_143' title='bbox 1968 1992 2076 2031; x_wconf 84' lang='lat' dir='ltr'><strong>non</strong></span> 
     </span>
    </p>
   </div>
   <div class='ocr_carea' id='block_1_22' title="bbox 491 2064 2075 2129">
    <p class='ocr_par' dir='ltr' id='par_1_22' title="bbox 491 2064 2075 2129">
     <span class='ocr_line' id='line_1_22' title="bbox 491 2064 2075 2129; baseline 0.006 -13"><span class='ocrx_word' id='word_1_144' title='bbox 491 2064 829 2118; x_wconf 75' lang='lat' dir='ltr'><strong>considerant</strong></span> <span class='ocrx_word' id='word_1_145' title='bbox 864 2065 907 2120; x_wconf 86' lang='grc'><strong>³.</strong></span> <span class='ocrx_word' id='word_1_146' title='bbox 944 2065 1012 2120; x_wconf 90' lang='lat' dir='ltr'><strong>Et</strong></span> <span class='ocrx_word' id='word_1_147' title='bbox 1058 2065 1232 2120; x_wconf 89' lang='lat' dir='ltr'><strong>sicubi</strong></span> <span class='ocrx_word' id='word_1_148' title='bbox 1264 2068 1400 2122; x_wconf 82' lang='lat' dir='ltr'><strong>tales</strong></span> <span class='ocrx_word' id='word_1_149' title='bbox 1426 2067 1630 2123; x_wconf 83' lang='lat' dir='ltr'><strong>fuerint</strong></span> <span class='ocrx_word' id='word_1_150' title='bbox 1656 2068 1797 2122; x_wconf 88' lang='lat' dir='ltr'><strong>inter</strong></span> <span class='ocrx_word' id='word_1_151' title='bbox 1815 2068 2075 2129; x_wconf 84' lang='lat' dir='ltr'><strong>Christia-</strong></span> 
     </span>
    </p>
   </div>
   <div class='ocr_carea' id='block_1_23' title="bbox 488 2158 2074 2229">
    <p class='ocr_par' dir='ltr' id='par_1_23' title="bbox 488 2158 2074 2229">
     <span class='ocr_line' id='line_1_23' title="bbox 488 2158 2074 2229; baseline 0.005 -19"><span class='ocrx_word' id='word_1_152' title='bbox 488 2172 614 2221; x_wconf 92' lang='lat' dir='ltr'><strong>nos,</strong></span> <span class='ocrx_word' id='word_1_153' title='bbox 659 2158 1048 2229; x_wconf 83' lang='lat' dir='ltr'><strong>corrigantur:</strong></span> <span class='ocrx_word' id='word_1_154' title='bbox 1083 2160 1169 2215; x_wconf 92' lang='lat' dir='ltr'><strong>sin</strong></span> <span class='ocrx_word' id='word_1_155' title='bbox 1220 2161 1425 2226; x_wconf 88' lang='lat' dir='ltr'><strong>minus,</strong></span> <span class='ocrx_word' id='word_1_156' title='bbox 1469 2161 1733 2217; x_wconf 85' lang='lat' dir='ltr'><strong>adversus</strong></span> <span class='ocrx_word' id='word_1_157' title='bbox 1774 2176 1871 2217; x_wconf 89' lang='lat' dir='ltr'><strong>eos</strong></span> <span class='ocrx_word' id='word_1_158' title='bbox 1904 2162 2074 2218; x_wconf 90' lang='lat' dir='ltr'><strong>robur</strong></span> 
     </span>
    </p>
   </div>
   <div class='ocr_carea' id='block_1_24' title="bbox 487 2247 2070 2322">
    <p class='ocr_par' dir='ltr' id='par_1_24' title="bbox 487 2247 2070 2322">
     <span class='ocr_line' id='line_1_24' title="bbox 487 2247 2070 2322; baseline 0.003 -21"><span class='ocrx_word' id='word_1_159' title='bbox 487 2260 648 2301; x_wconf 89' lang='lat' dir='ltr'><strong>suum</strong></span> <span class='ocrx_word' id='word_1_160' title='bbox 681 2247 962 2304; x_wconf 84' lang='lat' dir='ltr'><strong>obtineant</strong></span> <span class='ocrx_word' id='word_1_161' title='bbox 994 2264 1116 2319; x_wconf 65' lang='lat' dir='ltr'><strong>qua:</strong></span> <span class='ocrx_word' id='word_1_162' title='bbox 1152 2248 1222 2305; x_wconf 89' lang='lat' dir='ltr'><strong>ab</strong></span> <span class='ocrx_word' id='word_1_163' title='bbox 1268 2249 1355 2316; x_wconf 90' lang='lat' dir='ltr'><strong>iis,</strong></span> <span class='ocrx_word' id='word_1_164' title='bbox 1386 2251 1478 2322; x_wconf 88' lang='lat' dir='ltr'><strong>qui</strong></span> <span class='ocrx_word' id='word_1_165' title='bbox 1514 2264 1618 2305; x_wconf 89' lang='lat' dir='ltr'><strong>nos</strong></span> <span class='ocrx_word' id='word_1_166' title='bbox 1650 2260 2070 2320; x_wconf 63' lang='lat' dir='ltr'><strong>praecesserunt.</strong></span> 
     </span>
    </p>
   </div>
   <div class='ocr_carea' id='block_1_25' title="bbox 485 2338 2075 2413">
    <p class='ocr_par' dir='ltr' id='par_1_25' title="bbox 485 2338 2075 2413">
     <span class='ocr_line' id='line_1_25' title="bbox 485 2338 2075 2413; baseline 0.005 -20"><span class='ocrx_word' id='word_1_167' title='bbox 485 2338 749 2394; x_wconf 84' lang='lat' dir='ltr'><strong>canonice</strong></span> <span class='ocrx_word' id='word_1_168' title='bbox 777 2338 976 2396; x_wconf 89' lang='lat' dir='ltr'><strong>tradita</strong></span> <span class='ocrx_word' id='word_1_169' title='bbox 1001 2351 1149 2397; x_wconf 90' lang='lat' dir='ltr'><strong>sunt.</strong></span> <span class='ocrx_word' id='word_1_170' title='bbox 1179 2341 1280 2398; x_wconf 90' lang='lat' dir='ltr'><strong>Cui</strong></span> <span class='ocrx_word' id='word_1_171' title='bbox 1319 2352 1503 2398; x_wconf 89' lang='lat' dir='ltr'><strong>autem</strong></span> <span class='ocrx_word' id='word_1_172' title='bbox 1541 2343 1726 2413; x_wconf 89' lang='lat' dir='ltr'><strong>quieta</strong></span> <span class='ocrx_word' id='word_1_173' title='bbox 1764 2352 1851 2400; x_wconf 87' lang='lat' dir='ltr'><strong>est</strong></span> <span class='ocrx_word' id='word_1_174' title='bbox 1876 2344 1987 2399; x_wconf 87' lang='lat' dir='ltr'><strong>vita</strong></span> <span class='ocrx_word' id='word_1_175' title='bbox 2020 2353 2075 2401; x_wconf 86' lang='lat' dir='ltr'><strong>et</strong></span> 
     </span>
    </p>
   </div>
   <div class='ocr_carea' id='block_1_26' title="bbox 487 2429 2071 2507">
    <p class='ocr_par' dir='ltr' id='par_1_26' title="bbox 487 2429 2071 2507">
     <span class='ocr_line' id='line_1_26' title="bbox 487 2429 2071 2507; baseline 0.005 -22"><span class='ocrx_word' id='word_1_176' title='bbox 487 2429 754 2498; x_wconf 88' lang='lat' dir='ltr'><strong>solitaria,</strong></span> <span class='ocrx_word' id='word_1_177' title='bbox 811 2441 871 2487; x_wconf 92' lang='lat' dir='ltr'><strong>ut</strong></span> <span class='ocrx_word' id='word_1_178' title='bbox 910 2433 1003 2504; x_wconf 91' lang='lat' dir='ltr'><strong>qui</strong></span> <span class='ocrx_word' id='word_1_179' title='bbox 1037 2432 1271 2490; x_wconf 91' lang='lat' dir='ltr'><strong>Domino</strong></span> <span class='ocrx_word' id='word_1_180' title='bbox 1303 2434 1416 2491; x_wconf 86' lang='lat' dir='ltr'><strong>Deo</strong></span> <span class='ocrx_word' id='word_1_181' title='bbox 1457 2435 1650 2507; x_wconf 85' lang='lat' dir='ltr'><strong>jugum</strong></span> <span class='ocrx_word' id='word_1_182' title='bbox 1701 2437 2071 2493; x_wconf 86' lang='lat' dir='ltr'><strong>monasticum</strong></span> 
     </span>
    </p>
   </div>
   <div class='ocr_carea' id='block_1_27' title="bbox 488 2524 2073 2595">
    <p class='ocr_par' dir='ltr' id='par_1_27' title="bbox 488 2524 2073 2595">
     <span class='ocr_line' id='line_1_27' title="bbox 488 2524 2073 2595; baseline 0.007 -19"><span class='ocrx_word' id='word_1_183' title='bbox 488 2524 679 2579; x_wconf 87' lang='lat' dir='ltr'><strong>tollere</strong></span> <span class='ocrx_word' id='word_1_184' title='bbox 724 2528 998 2595; x_wconf 85' lang='lat' dir='ltr'><strong>statuerit,</strong></span> <span class='ocrx_word' id='word_1_185' title='bbox 1033 2527 1090 2584; x_wconf 94' lang='lat' dir='ltr'><strong>in</strong></span> <span class='ocrx_word' id='word_1_186' title='bbox 1133 2527 1429 2584; x_wconf 89' lang='lat' dir='ltr'><strong>solitudine</strong></span> <span class='ocrx_word' id='word_1_187' title='bbox 1462 2538 1517 2584; x_wconf 89' lang='lat' dir='ltr'><strong>et</strong></span> <span class='ocrx_word' id='word_1_188' title='bbox 1568 2529 1789 2586; x_wconf 89' lang='lat' dir='ltr'><strong>silentio</strong></span> <span class='ocrx_word' id='word_1_189' title='bbox 1836 2530 2073 2588; x_wconf 84' lang='lat' dir='ltr'><strong>sedebit.</strong></span> 
     </span>
    </p>
   </div>
   <div class='ocr_carea' id='block_1_28' title="bbox 483 2614 2071 2689">
    <p class='ocr_par' dir='ltr' id='par_1_28' title="bbox 483 2614 2071 2689">
     <span class='ocr_line' id='line_1_28' title="bbox 483 2614 2071 2689; baseline 0.006 -21"><span class='ocrx_word' id='word_1_190' title='bbox 483 2614 651 2685; x_wconf 81' lang='lat' dir='ltr'><strong>Atqui</strong></span> <span class='ocrx_word' id='word_1_191' title='bbox 683 2616 850 2689; x_wconf 65' lang='grc'><strong>224</strong></span> <span class='ocrx_word' id='word_1_192' title='bbox 883 2633 983 2674; x_wconf 88' lang='lat' dir='ltr'><strong>nec</strong></span> <span class='ocrx_word' id='word_1_193' title='bbox 1025 2618 1096 2673; x_wconf 91' lang='lat' dir='ltr'><strong>iis</strong></span> <span class='ocrx_word' id='word_1_194' title='bbox 1125 2618 1312 2685; x_wconf 88' lang='lat' dir='ltr'><strong>etiam,</strong></span> <span class='ocrx_word' id='word_1_195' title='bbox 1341 2618 1435 2689; x_wconf 91' lang='lat' dir='ltr'><strong>qui</strong></span> <span class='ocrx_word' id='word_1_196' title='bbox 1471 2618 1638 2675; x_wconf 69' lang='lat' dir='ltr'><strong>vitam</strong></span> <span class='ocrx_word' id='word_1_197' title='bbox 1676 2620 2071 2677; x_wconf 90' lang='lat' dir='ltr'><strong>sacerdotalem</strong></span> 
     </span>
    </p>
   </div>
   <div class='ocr_carea' id='block_1_29' title="bbox 484 2709 2074 2781">
    <p class='ocr_par' dir='ltr' id='par_1_29' title="bbox 484 2709 2074 2781">
     <span class='ocr_line' id='line_1_29' title="bbox 484 2709 2074 2781; baseline 0.006 -19"><span class='ocrx_word' id='word_1_198' title='bbox 484 2709 769 2781; x_wconf 84' lang='lat' dir='ltr'><strong>elegerint,</strong></span> <span class='ocrx_word' id='word_1_199' title='bbox 820 2711 947 2767; x_wconf 89' lang='lat' dir='ltr'><strong>licet</strong></span> <span class='ocrx_word' id='word_1_200' title='bbox 995 2713 1223 2768; x_wconf 93' lang='lat' dir='ltr'><strong>omnino</strong></span> <span class='ocrx_word' id='word_1_201' title='bbox 1265 2728 1515 2769; x_wconf 88' lang='lat' dir='ltr'><strong>seorsum</strong></span> <span class='ocrx_word' id='word_1_202' title='bbox 1564 2729 1691 2769; x_wconf 91' lang='lat' dir='ltr'><strong>cum</strong></span> <span class='ocrx_word' id='word_1_203' title='bbox 1746 2714 2074 2772; x_wconf 86' lang='lat' dir='ltr'><strong>mulieribus</strong></span> 
     </span>
    </p>
   </div>
   <div class='ocr_carea' id='block_1_30' title="bbox 488 2801 2076 2878">
    <p class='ocr_par' dir='ltr' id='par_1_30' title="bbox 488 2801 2076 2878">
     <span class='ocr_line' id='line_1_30' title="bbox 488 2801 2076 2878; baseline 0.005 -22"><span class='ocrx_word' id='word_1_204' title='bbox 488 2801 797 2868; x_wconf 87' lang='lat' dir='ltr'><strong>comedere,</strong></span> <span class='ocrx_word' id='word_1_205' title='bbox 830 2803 934 2859; x_wconf 88' lang='lat' dir='ltr'><strong>nisi</strong></span> <span class='ocrx_word' id='word_1_206' title='bbox 964 2803 1152 2873; x_wconf 90' lang='lat' dir='ltr'><strong>utique</strong></span> <span class='ocrx_word' id='word_1_207' title='bbox 1177 2820 1302 2860; x_wconf 93' lang='lat' dir='ltr'><strong>cum</strong></span> <span class='ocrx_word' id='word_1_208' title='bbox 1329 2805 1531 2861; x_wconf 87' lang='lat' dir='ltr'><strong>divinis</strong></span> <span class='ocrx_word' id='word_1_209' title='bbox 1559 2817 1614 2861; x_wconf 90' lang='lat' dir='ltr'><strong>et</strong></span> <span class='ocrx_word' id='word_1_210' title='bbox 1643 2807 1914 2878; x_wconf 82' lang='lat' dir='ltr'><strong>religiosis</strong></span> <span class='ocrx_word' id='word_1_211' title='bbox 1941 2808 2076 2864; x_wconf 91' lang='lat' dir='ltr'><strong>viris</strong></span> 
     </span>
    </p>
   </div>
   <div class='ocr_carea' id='block_1_31' title="bbox 488 2893 2074 2971">
    <p class='ocr_par' dir='ltr' id='par_1_31' title="bbox 488 2893 2074 2971">
     <span class='ocr_line' id='line_1_31' title="bbox 488 2893 2074 2971; baseline 0.006 -24"><span class='ocrx_word' id='word_1_212' title='bbox 488 2906 553 2948; x_wconf 89' lang='lat' dir='ltr'><strong>ac</strong></span> <span class='ocrx_word' id='word_1_213' title='bbox 581 2893 904 2951; x_wconf 88' lang='lat' dir='ltr'><strong>mulieribus</strong></span> <span class='ocrx_word' id='word_1_214' title='bbox 930 2914 943 2951; x_wconf 90' lang='lat'><strong>:</strong></span> <span class='ocrx_word' id='word_1_215' title='bbox 972 2904 1032 2951; x_wconf 88' lang='lat' dir='ltr'><strong>ut</strong></span> <span class='ocrx_word' id='word_1_216' title='bbox 1064 2897 1243 2967; x_wconf 89' lang='lat' dir='ltr'><strong>ipsum</strong></span> <span class='ocrx_word' id='word_1_217' title='bbox 1271 2897 1435 2952; x_wconf 90' lang='lat' dir='ltr'><strong>etiam</strong></span> <span class='ocrx_word' id='word_1_218' title='bbox 1470 2898 1785 2954; x_wconf 87' lang='lat' dir='ltr'><strong>convivium</strong></span> <span class='ocrx_word' id='word_1_219' title='bbox 1816 2899 1885 2955; x_wconf 88' lang='lat' dir='ltr'><strong>ad</strong></span> <span class='ocrx_word' id='word_1_220' title='bbox 1908 2899 2074 2971; x_wconf 86' lang='lat' dir='ltr'><strong>spiri-</strong></span> 
     </span>
    </p>
   </div>
   <div class='ocr_carea' id='block_1_32' title="bbox 490 2982 2072 3062">
    <p class='ocr_par' dir='ltr' id='par_1_32' title="bbox 490 2982 2072 3062">
     <span class='ocr_line' id='line_1_32' title="bbox 490 2982 2072 3062; baseline 0.008 -25"><span class='ocrx_word' id='word_1_221' title='bbox 490 2982 653 3038; x_wconf 88' lang='lat' dir='ltr'><strong>talem</strong></span> <span class='ocrx_word' id='word_1_222' title='bbox 683 2987 1077 3044; x_wconf 89' lang='lat' dir='ltr'><strong>correctionem</strong></span> <span class='ocrx_word' id='word_1_223' title='bbox 1100 2990 1356 3045; x_wconf 89' lang='lat' dir='ltr'><strong>adducat.</strong></span> <span class='ocrx_word' id='word_1_224' title='bbox 1380 2989 1548 3046; x_wconf 87' lang='lat' dir='ltr'><strong>Porro</strong></span> <span class='ocrx_word' id='word_1_225' title='bbox 1569 2989 1804 3062; x_wconf 90' lang='lat' dir='ltr'><strong>idipsum</strong></span> <span class='ocrx_word' id='word_1_226' title='bbox 1822 2994 1987 3048; x_wconf 83' lang='lat' dir='ltr'><strong>etiam</strong></span> <span class='ocrx_word' id='word_1_227' title='bbox 2017 2994 2072 3049; x_wconf 88' lang='lat' dir='ltr'><strong>in</strong></span> 
     </span>
    </p>
   </div>
   <div class='ocr_carea' id='block_1_33' title="bbox 487 3078 2076 3159">
    <p class='ocr_par' dir='ltr' id='par_1_33' title="bbox 487 3078 2076 3159">
     <span class='ocr_line' id='line_1_33' title="bbox 487 3078 2076 3159; baseline 0.009 -29"><span class='ocrx_word' id='word_1_228' title='bbox 487 3078 735 3147; x_wconf 86' lang='lat' dir='ltr'><strong>cognatis</strong></span> <span class='ocrx_word' id='word_1_229' title='bbox 759 3078 983 3135; x_wconf 76' lang='lat' dir='ltr'><strong>iaciant.</strong></span> <span class='ocrx_word' id='word_1_230' title='bbox 1011 3079 1067 3136; x_wconf 90' lang='lat' dir='ltr'><strong>Si</strong></span> <span class='ocrx_word' id='word_1_231' title='bbox 1090 3095 1271 3138; x_wconf 89' lang='lat' dir='ltr'><strong>autem</strong></span> <span class='ocrx_word' id='word_1_232' title='bbox 1322 3099 1515 3140; x_wconf 90' lang='lat' dir='ltr'><strong>rursus</strong></span> <span class='ocrx_word' id='word_1_233' title='bbox 1552 3087 2076 3159; x_wconf 72' lang='lat' dir='ltr'><strong>contingat.utqua3</strong></span> 
     </span>
    </p>
   </div>
   <div class='ocr_carea' id='block_1_34' title="bbox 2175 598 3754 681">
    <p class='ocr_par' dir='ltr' id='par_1_34' title="bbox 2175 598 3754 681">
     <span class='ocr_line' id='line_1_34' title="bbox 2175 598 3754 681; baseline 0.009 -31"><span class='ocrx_word' id='word_1_234' title='bbox 2175 598 2391 669; x_wconf 84' lang='grc' dir='ltr'><strong>κίνησις</strong></span> <span class='ocrx_word' id='word_1_235' title='bbox 2418 598 2516 653; x_wconf 85' lang='grc' dir='ltr'><strong>τοῦ</strong></span> <span class='ocrx_word' id='word_1_236' title='bbox 2559 601 2821 674; x_wconf 80' lang='grc' dir='ltr'><strong>λογισμοῦ</strong></span> <span class='ocrx_word' id='word_1_237' title='bbox 2854 604 2993 676; x_wconf 88' lang='grc' dir='ltr'><strong>πρὸς</strong></span> <span class='ocrx_word' id='word_1_238' title='bbox 3023 606 3125 678; x_wconf 77' lang='grc' dir='ltr'><strong>τὴν</strong></span> <span class='ocrx_word' id='word_1_239' title='bbox 3150 608 3253 678; x_wconf 82' lang='grc' dir='ltr'><strong>τῆς</strong></span> <span class='ocrx_word' id='word_1_240' title='bbox 3288 609 3538 681; x_wconf 78' lang='grc' dir='ltr'><strong>μοιχείας</strong></span> <span class='ocrx_word' id='word_1_241' title='bbox 3584 612 3754 681; x_wconf 80' lang='grc' dir='ltr'><strong>ὲγχείο</strong></span> 
     </span>
    </p>
   </div>
   <div class='ocr_carea' id='block_1_35' title="bbox 2178 692 3754 769">
    <p class='ocr_par' dir='ltr' id='par_1_35' title="bbox 2178 692 3754 769">
     <span class='ocr_line' id='line_1_35' title="bbox 2178 692 3754 769; baseline 0.008 -28"><span class='ocrx_word' id='word_1_242' title='bbox 2178 706 2354 761; x_wconf 86' lang='grc' dir='ltr'><strong>ρησιν,</strong></span> <span class='ocrx_word' id='word_1_243' title='bbox 2386 692 2783 766; x_wconf 76' lang='grc' dir='ltr'><strong>κατακέκριται</strong></span> <span class='ocrx_word' id='word_1_244' title='bbox 2803 712 2817 728; x_wconf 81' lang='grc'><em>’</em></span> <span class='ocrx_word' id='word_1_245' title='bbox 2852 696 3104 766; x_wconf 79' lang='grc' dir='ltr'><strong>λέγοντος</strong></span> <span class='ocrx_word' id='word_1_246' title='bbox 3133 698 3322 763; x_wconf 82' lang='grc' dir='ltr'><strong>αὑτοῦ,</strong></span> <span class='ocrx_word' id='word_1_247' title='bbox 3362 700 3424 753; x_wconf 88' lang='lat'><strong>&#39;0</strong></span> <span class='ocrx_word' id='word_1_248' title='bbox 3446 701 3754 769; x_wconf 66' lang='grc' dir='ltr'><strong>ἐμϐλέψας</strong></span> 
     </span>
    </p>
   </div>
   <div class='ocr_carea' id='block_1_36' title="bbox 2174 783 3755 863">
    <p class='ocr_par' dir='ltr' id='par_1_36' title="bbox 2174 783 3755 863">
     <span class='ocr_line' id='line_1_36' title="bbox 2174 783 3755 863; baseline 0.008 -27"><span class='ocrx_word' id='word_1_249' title='bbox 2174 783 2414 853; x_wconf 81' lang='grc' dir='ltr'><strong>γυναικί</strong></span> <span class='ocrx_word' id='word_1_250' title='bbox 2450 788 2602 855; x_wconf 72' lang='grc' dir='ltr'><strong>πρὸς</strong></span> <span class='ocrx_word' id='word_1_251' title='bbox 2629 787 2698 842; x_wconf 84' lang='grc' dir='ltr'><strong>τὸ</strong></span> <span class='ocrx_word' id='word_1_252' title='bbox 2716 788 3086 861; x_wconf 79' lang='grc' dir='ltr'><strong>ἐπιθυμῆσαι</strong></span> <span class='ocrx_word' id='word_1_253' title='bbox 3109 792 3323 860; x_wconf 75' lang='grc' dir='ltr'><strong>αὐτῆς,</strong></span> <span class='ocrx_word' id='word_1_254' title='bbox 3347 793 3463 863; x_wconf 74' lang='grc' dir='ltr'><strong>ἤδη</strong></span> <span class='ocrx_word' id='word_1_255' title='bbox 3485 795 3755 863; x_wconf 74' lang='grc' dir='ltr'><strong>ἐμοίχευ-</strong></span> 
     </span>
    </p>
   </div>
   <div class='ocr_carea' id='block_1_37' title="bbox 2173 877 3755 955">
    <p class='ocr_par' dir='ltr' id='par_1_37' title="bbox 2173 877 3755 955">
     <span class='ocr_line' id='line_1_37' title="bbox 2173 877 3755 955; baseline 0.004 -25"><span class='ocrx_word' id='word_1_256' title='bbox 2173 892 2285 930; x_wconf 76' lang='grc' dir='ltr'><strong>σεν</strong></span> <span class='ocrx_word' id='word_1_257' title='bbox 2310 877 2507 947; x_wconf 81' lang='grc' dir='ltr'><strong>αὐτὴν</strong></span> <span class='ocrx_word' id='word_1_258' title='bbox 2528 878 2599 933; x_wconf 77' lang='grc' dir='ltr'><strong>ἐν</strong></span> <span class='ocrx_word' id='word_1_259' title='bbox 2641 880 2720 949; x_wconf 80' lang='grc' dir='ltr'><strong>τῇ</strong></span> <span class='ocrx_word' id='word_1_260' title='bbox 2744 882 2959 951; x_wconf 76' lang='grc' dir='ltr'><strong>καρδίᾳ</strong></span> <span class='ocrx_word' id='word_1_261' title='bbox 2988 884 3199 938; x_wconf 87' lang='grc' dir='ltr'><strong>αὐτοῦ.</strong></span> <span class='ocrx_word' id='word_1_262' title='bbox 3231 884 3427 938; x_wconf 80' lang='grc' dir='ltr'>Ἔνθεν</span> <span class='ocrx_word' id='word_1_263' title='bbox 3454 884 3552 943; x_wconf 78' lang='grc' dir='ltr'><strong>οὖν</strong></span> <span class='ocrx_word' id='word_1_264' title='bbox 3586 884 3755 955; x_wconf 82' lang='grc' dir='ltr'><strong>μαθη-</strong></span> 
     </span>
    </p>
   </div>
   <div class='ocr_carea' id='block_1_38' title="bbox 2173 966 3757 1046">
    <p class='ocr_par' dir='ltr' id='par_1_38' title="bbox 2173 966 3757 1046">
     <span class='ocr_line' id='line_1_38' title="bbox 2173 966 3757 1046; baseline 0.006 -25"><span class='ocrx_word' id='word_1_265' title='bbox 2173 966 2477 1034; x_wconf 77' lang='grc' dir='ltr'><strong>τευθέντες,</strong></span> <span class='ocrx_word' id='word_1_266' title='bbox 2508 969 2803 1042; x_wconf 83' lang='grc' dir='ltr'><strong>λογισμοὺς</strong></span> <span class='ocrx_word' id='word_1_267' title='bbox 2839 972 3131 1044; x_wconf 81' lang='grc' dir='ltr'><strong>ὀφείλομεν</strong></span> <span class='ocrx_word' id='word_1_268' title='bbox 3166 974 3484 1046; x_wconf 77' lang='grc' dir='ltr'><strong>καθαίρεινο</strong></span> <span class='ocrx_word' id='word_1_269' title='bbox 3538 977 3612 1030; x_wconf 74' lang='lat' dir='ltr'><strong>Et</strong></span> <span class='ocrx_word' id='word_1_270' title='bbox 3653 976 3757 1046; x_wconf 76' lang='grc' dir='ltr'><strong>τὰρ</strong></span> 
     </span>
    </p>
   </div>
   <div class='ocr_carea' id='block_1_39' title="bbox 2174 1062 3759 1141">
    <p class='ocr_par' dir='ltr' id='par_1_39' title="bbox 2174 1062 3759 1141">
     <span class='ocr_line' id='line_1_39' title="bbox 2174 1062 3759 1141; baseline 0.001 -22"><span class='ocrx_word' id='word_1_271' title='bbox 2174 1063 2271 1119; x_wconf 78' lang='grc' dir='ltr'><strong>καί</strong></span> <span class='ocrx_word' id='word_1_272' title='bbox 2296 1062 2498 1119; x_wconf 79' lang='grc' dir='ltr'><strong>πάντα</strong></span> <span class='ocrx_word' id='word_1_273' title='bbox 2530 1065 2795 1131; x_wconf 74' lang='grc' dir='ltr'><strong>ἔξεστιν,</strong></span> <span class='ocrx_word' id='word_1_274' title='bbox 2828 1068 2967 1122; x_wconf 71' lang='grc' dir='ltr'><em>ἀλλ’</em></span> <span class='ocrx_word' id='word_1_275' title='bbox 2993 1070 3065 1123; x_wconf 87' lang='grc' dir='ltr'><strong>οὐ</strong></span> <span class='ocrx_word' id='word_1_276' title='bbox 3099 1068 3299 1123; x_wconf 79' lang='grc' dir='ltr'><strong>πάντα</strong></span> <span class='ocrx_word' id='word_1_277' title='bbox 3338 1070 3658 1141; x_wconf 67' lang='grc' dir='ltr'><strong>συμφέρει,</strong></span> <span class='ocrx_word' id='word_1_278' title='bbox 3688 1071 3759 1134; x_wconf 81' lang='grc' dir='ltr'><strong>ὡς</strong></span> 
     </span>
    </p>
   </div>
   <div class='ocr_carea' id='block_1_40' title="bbox 2174 1156 3760 1233">
    <p class='ocr_par' dir='ltr' id='par_1_40' title="bbox 2174 1156 3760 1233">
     <span class='ocr_line' id='line_1_40' title="bbox 2174 1156 3760 1233; baseline 0.005 -23"><span class='ocrx_word' id='word_1_279' title='bbox 2174 1156 2234 1223; x_wconf 77' lang='grc' dir='ltr'><strong>ἐξ</strong></span> <span class='ocrx_word' id='word_1_280' title='bbox 2264 1156 2626 1230; x_wconf 79' lang='grc' dir='ltr'><strong>άποστολικῆς</strong></span> <span class='ocrx_word' id='word_1_281' title='bbox 2670 1160 2854 1231; x_wconf 80' lang='grc' dir='ltr'>φωνῆς</span> <span class='ocrx_word' id='word_1_282' title='bbox 2878 1161 3264 1233; x_wconf 82' lang='grc' dir='ltr'><strong>διδασκόμεθα.</strong></span> <span class='ocrx_word' id='word_1_283' title='bbox 3291 1161 3645 1232; x_wconf 83' lang='grc' dir='ltr'><strong>Ἐπάναγκες</strong></span> <span class='ocrx_word' id='word_1_284' title='bbox 3672 1163 3760 1218; x_wconf 80' lang='grc' dir='ltr'><strong>οὖν</strong></span> 
     </span>
    </p>
   </div>
   <div class='ocr_carea' id='block_1_41' title="bbox 2174 1250 3762 1327">
    <p class='ocr_par' dir='ltr' id='par_1_41' title="bbox 2174 1250 3762 1327">
     <span class='ocr_line' id='line_1_41' title="bbox 2174 1250 3762 1327; baseline 0.004 -23"><span class='ocrx_word' id='word_1_285' title='bbox 2174 1250 2293 1304; x_wconf 73' lang='grc' dir='ltr'><strong>ἐστι</strong></span> <span class='ocrx_word' id='word_1_286' title='bbox 2316 1251 2481 1306; x_wconf 76' lang='grc' dir='ltr'><strong>παντὶ</strong></span> <span class='ocrx_word' id='word_1_287' title='bbox 2526 1253 2683 1324; x_wconf 75' lang='grc' dir='ltr'><strong>ἀνδρὶ</strong></span> <span class='ocrx_word' id='word_1_288' title='bbox 2726 1253 2815 1308; x_wconf 79' lang='grc' dir='ltr'><strong>διὰ</strong></span> <span class='ocrx_word' id='word_1_289' title='bbox 2841 1254 2905 1307; x_wconf 89' lang='grc' dir='ltr'><strong>τὸ</strong></span> <span class='ocrx_word' id='word_1_290' title='bbox 2936 1255 3037 1327; x_wconf 68' lang='grc' dir='ltr'><strong>ζῇν</strong></span> <span class='ocrx_word' id='word_1_291' title='bbox 3080 1255 3312 1310; x_wconf 76' lang='grc' dir='ltr'><strong>ἐσθίειν·</strong></span> <span class='ocrx_word' id='word_1_292' title='bbox 3350 1257 3444 1311; x_wconf 56' lang='grc' dir='ltr'><strong>καὶ⁵</strong></span> <span class='ocrx_word' id='word_1_293' title='bbox 3491 1250 3579 1320; x_wconf 75' lang='grc' dir='ltr'><strong>οἷς</strong></span> <span class='ocrx_word' id='word_1_294' title='bbox 3612 1256 3708 1327; x_wconf 76' lang='grc' dir='ltr'><strong>μὲν</strong></span> <span class='ocrx_word' id='word_1_295' title='bbox 3734 1258 3762 1311; x_wconf 86' lang='grc' dir='ltr'><strong>ό</strong></span> 
     </span>
    </p>
   </div>
   <div class='ocr_carea' id='block_1_42' title="bbox 2177 1344 3758 1421">
    <p class='ocr_par' dir='ltr' id='par_1_42' title="bbox 2177 1344 3758 1421">
     <span class='ocr_line' id='line_1_42' title="bbox 2177 1344 3758 1421; baseline 0.004 -24"><span class='ocrx_word' id='word_1_296' title='bbox 2177 1344 2289 1415; x_wconf 82' lang='grc' dir='ltr'><strong>βίος</strong></span> <span class='ocrx_word' id='word_1_297' title='bbox 2310 1346 2450 1412; x_wconf 66' lang='grc' dir='ltr'><strong>ἐστὶ,</strong></span> <span class='ocrx_word' id='word_1_298' title='bbox 2480 1348 2662 1418; x_wconf 80' lang='grc' dir='ltr'>γάμου</span> <span class='ocrx_word' id='word_1_299' title='bbox 2700 1348 2793 1401; x_wconf 79' lang='grc' dir='ltr'><strong>καὶ</strong></span> <span class='ocrx_word' id='word_1_300' title='bbox 2821 1349 3029 1404; x_wconf 79' lang='grc' dir='ltr'><strong>τέκνων</strong></span> <span class='ocrx_word' id='word_1_301' title='bbox 3073 1351 3170 1402; x_wconf 75' lang='grc' dir='ltr'><strong>καὶ</strong></span> <span class='ocrx_word' id='word_1_302' title='bbox 3202 1351 3396 1421; x_wconf 81' lang='grc' dir='ltr'><strong>λαῖκῆς</strong></span> <span class='ocrx_word' id='word_1_303' title='bbox 3441 1350 3758 1415; x_wconf 82' lang='grc' dir='ltr'><strong>διαθέσεως,</strong></span> 
     </span>
    </p>
   </div>
   <div class='ocr_carea' id='block_1_43' title="bbox 2175 1438 3763 1515">
    <p class='ocr_par' dir='ltr' id='par_1_43' title="bbox 2175 1438 3763 1515">
     <span class='ocr_line' id='line_1_43' title="bbox 2175 1438 3763 1515; baseline 0.006 -23"><span class='ocrx_word' id='word_1_304' title='bbox 2175 1438 2379 1510; x_wconf 76' lang='grc' dir='ltr'><strong>ἀναμὶξ</strong></span> <span class='ocrx_word' id='word_1_305' title='bbox 2410 1438 2613 1494; x_wconf 72' lang='grc' dir='ltr'><strong>ἐσθίειν</strong></span> <span class='ocrx_word' id='word_1_306' title='bbox 2647 1440 2851 1512; x_wconf 76' lang='grc' dir='ltr'><strong>ἄνδρας</strong></span> <span class='ocrx_word' id='word_1_307' title='bbox 2897 1442 2993 1497; x_wconf 77' lang='grc' dir='ltr'><strong>καὶ</strong></span> <span class='ocrx_word' id='word_1_308' title='bbox 3030 1446 3319 1512; x_wconf 80' lang='grc' dir='ltr'><strong>γυναῖκας,</strong></span> <span class='ocrx_word' id='word_1_309' title='bbox 3352 1445 3465 1498; x_wconf 84' lang='grc' dir='ltr'><strong>τῶν</strong></span> <span class='ocrx_word' id='word_1_310' title='bbox 3510 1443 3763 1515; x_wconf 65' lang='grc' dir='ltr'><strong>ἀδιαῦλή’</strong></span> 
     </span>
    </p>
   </div>
   <div class='ocr_carea' id='block_1_44' title="bbox 2175 1529 3761 1607">
    <p class='ocr_par' dir='ltr' id='par_1_44' title="bbox 2175 1529 3761 1607">
     <span class='ocr_line' id='line_1_44' title="bbox 2175 1529 3761 1607; baseline 0.004 -26"><span class='ocrx_word' id='word_1_311' title='bbox 2175 1545 2287 1582; x_wconf 91' lang='grc' dir='ltr'><strong>των</strong></span> <span class='ocrx_word' id='word_1_312' title='bbox 2318 1529 2435 1583; x_wconf 75' lang='grc' dir='ltr'><strong>ἐστί</strong></span> <span class='ocrx_word' id='word_1_313' title='bbox 2453 1547 2470 1562; x_wconf 77' lang='grc' dir='ltr'><strong>ο</strong></span> <span class='ocrx_word' id='word_1_314' title='bbox 2502 1530 2666 1601; x_wconf 89' lang='grc' dir='ltr'><strong>μόνον</strong></span> <span class='ocrx_word' id='word_1_315' title='bbox 2688 1530 2766 1603; x_wconf 89' lang='grc' dir='ltr'>τῷ</span> <span class='ocrx_word' id='word_1_316' title='bbox 2790 1530 2984 1587; x_wconf 81' lang='grc' dir='ltr'><strong>διδόντι</strong></span> <span class='ocrx_word' id='word_1_317' title='bbox 3010 1532 3112 1603; x_wconf 83' lang='grc' dir='ltr'><strong>τὴν</strong></span> <span class='ocrx_word' id='word_1_318' title='bbox 3143 1535 3367 1607; x_wconf 80' lang='grc' dir='ltr'><strong>τροφὴν,</strong></span> <span class='ocrx_word' id='word_1_319' title='bbox 3394 1535 3499 1606; x_wconf 82' lang='grc' dir='ltr'><strong>τὴν</strong></span> <span class='ocrx_word' id='word_1_320' title='bbox 3546 1536 3761 1605; x_wconf 82' lang='grc' dir='ltr'><strong>εὐχαρι-</strong></span> 
     </span>
    </p>
   </div>
   <div class='ocr_carea' id='block_1_45' title="bbox 2177 1620 3765 1699">
    <p class='ocr_par' dir='ltr' id='par_1_45' title="bbox 2177 1620 3765 1699">
     <span class='ocr_line' id='line_1_45' title="bbox 2177 1620 3765 1699; baseline 0.003 -24"><span class='ocrx_word' id='word_1_321' title='bbox 2177 1620 2333 1676; x_wconf 86' lang='grc' dir='ltr'><strong>στίαν</strong></span> <span class='ocrx_word' id='word_1_322' title='bbox 2378 1621 2778 1693; x_wconf 74' lang='grc' dir='ltr'><strong>προσάγοντας,</strong></span> <span class='ocrx_word' id='word_1_323' title='bbox 2837 1624 2932 1679; x_wconf 79' lang='grc' dir='ltr'><strong>καὶ</strong></span> <span class='ocrx_word' id='word_1_324' title='bbox 2982 1625 3060 1697; x_wconf 77' lang='grc' dir='ltr'><strong>μὴ</strong></span> <span class='ocrx_word' id='word_1_325' title='bbox 3111 1626 3203 1681; x_wconf 86' lang='grc' dir='ltr'><strong>διά</strong></span> <span class='ocrx_word' id='word_1_326' title='bbox 3245 1644 3407 1681; x_wconf 90' lang='grc' dir='ltr'><strong>τινων</strong></span> <span class='ocrx_word' id='word_1_327' title='bbox 3450 1626 3765 1699; x_wconf 73' lang='grc' dir='ltr'><strong>θυμελικῶν</strong></span> 
     </span>
    </p>
   </div>
   <div class='ocr_carea' id='block_1_46' title="bbox 2176 1714 3762 1792">
    <p class='ocr_par' dir='ltr' id='par_1_46' title="bbox 2176 1714 3762 1792">
     <span class='ocr_line' id='line_1_46' title="bbox 2176 1714 3762 1792; baseline 0.004 -25"><span class='ocrx_word' id='word_1_328' title='bbox 2176 1714 2644 1787; x_wconf 71' lang='grc' dir='ltr'><strong>ἐπιτηδευμάτων,</strong></span> <span class='ocrx_word' id='word_1_329' title='bbox 2686 1716 2866 1772; x_wconf 82' lang='grc' dir='ltr'><strong>είτουν</strong></span> <span class='ocrx_word' id='word_1_330' title='bbox 2922 1719 3237 1774; x_wconf 82' lang='grc' dir='ltr'><strong>Σατανικῶν</strong></span> <span class='ocrx_word' id='word_1_331' title='bbox 3280 1720 3574 1792; x_wconf 73' lang='grc' dir='ltr'><strong>ᾀσμάτων,</strong></span> <span class='ocrx_word' id='word_1_332' title='bbox 3609 1720 3762 1774; x_wconf 82' lang='grc' dir='ltr'><strong>κιθα-</strong></span> 
     </span>
    </p>
   </div>
   <div class='ocr_carea' id='block_1_47' title="bbox 2181 1808 3764 1885">
    <p class='ocr_par' dir='ltr' id='par_1_47' title="bbox 2181 1808 3764 1885">
     <span class='ocr_line' id='line_1_47' title="bbox 2181 1808 3764 1885; baseline 0.004 -25"><span class='ocrx_word' id='word_1_333' title='bbox 2181 1808 2289 1879; x_wconf 84' lang='grc' dir='ltr'><strong>ρῶν</strong></span> <span class='ocrx_word' id='word_1_334' title='bbox 2313 1825 2375 1862; x_wconf 88' lang='grc' dir='ltr'><strong>τε</strong></span> <span class='ocrx_word' id='word_1_335' title='bbox 2427 1812 2523 1864; x_wconf 76' lang='grc' dir='ltr'><strong>καὶ</strong></span> <span class='ocrx_word' id='word_1_336' title='bbox 2574 1812 2850 1883; x_wconf 87' lang='grc' dir='ltr'><strong>πορνικῶν</strong></span> <span class='ocrx_word' id='word_1_337' title='bbox 2892 1812 3279 1883; x_wconf 74' lang='grc' dir='ltr'><strong>λυγισμάτωνο</strong></span> <span class='ocrx_word' id='word_1_338' title='bbox 3328 1809 3411 1879; x_wconf 72' lang='grc' dir='ltr'><strong>οἷς</strong></span> <span class='ocrx_word' id='word_1_339' title='bbox 3470 1815 3764 1885; x_wconf 73' lang='grc' dir='ltr'><strong>ἐπέρχεται</strong></span> 
     </span>
    </p>
   </div>
   <div class='ocr_carea' id='block_1_48' title="bbox 2179 1900 3765 1973">
    <p class='ocr_par' dir='ltr' id='par_1_48' title="bbox 2179 1900 3765 1973">
     <span class='ocr_line' id='line_1_48' title="bbox 2179 1900 3765 1973; baseline 0.002 -20"><span class='ocrx_word' id='word_1_340' title='bbox 2179 1900 2493 1973; x_wconf 80' lang='grc' dir='ltr'><strong>προφητικὴ</strong></span> <span class='ocrx_word' id='word_1_341' title='bbox 2529 1902 2637 1973; x_wconf 82' lang='grc' dir='ltr'><strong>ἀρὰ</strong></span> <span class='ocrx_word' id='word_1_342' title='bbox 2667 1902 2867 1956; x_wconf 79' lang='grc' dir='ltr'><strong>οὑτωσὶ</strong></span> <span class='ocrx_word' id='word_1_343' title='bbox 2910 1903 3180 1973; x_wconf 76' lang='grc' dir='ltr'><strong>λέγουσαο</strong></span> <span class='ocrx_word' id='word_1_344' title='bbox 3224 1905 3368 1959; x_wconf 75' lang='grc' dir='ltr'><strong>Οὐαὶ</strong></span> <span class='ocrx_word' id='word_1_345' title='bbox 3404 1907 3461 1959; x_wconf 88' lang='grc' dir='ltr'><strong>οί</strong></span> <span class='ocrx_word' id='word_1_346' title='bbox 3503 1907 3653 1973; x_wconf 78' lang='grc' dir='ltr'><strong>μετὰ</strong></span> <span class='ocrx_word' id='word_1_347' title='bbox 3685 1922 3765 1957; x_wconf 82' lang='grc' dir='ltr'><strong>κι-</strong></span> 
     </span>
    </p>
   </div>
   <div class='ocr_carea' id='block_1_49' title="bbox 2177 1990 3765 2064">
    <p class='ocr_par' dir='ltr' id='par_1_49' title="bbox 2177 1990 3765 2064">
     <span class='ocr_line' id='line_1_49' title="bbox 2177 1990 3765 2064; baseline 0.002 -19"><span class='ocrx_word' id='word_1_348' title='bbox 2177 1990 2365 2060; x_wconf 82' lang='grc' dir='ltr'><strong>θάρας</strong></span> <span class='ocrx_word' id='word_1_349' title='bbox 2391 1992 2491 2046; x_wconf 75' lang='grc' dir='ltr'><strong>καί</strong></span> <span class='ocrx_word' id='word_1_350' title='bbox 2520 1995 2863 2061; x_wconf 68' lang='grc' dir='ltr'><strong>ψαλτηρίου</strong></span> <span class='ocrx_word' id='word_1_351' title='bbox 2901 1996 3009 2049; x_wconf 82' lang='grc' dir='ltr'><strong>τὸν</strong></span> <span class='ocrx_word' id='word_1_352' title='bbox 3038 1992 3209 2050; x_wconf 74' lang='grc' dir='ltr'><strong>οἶνον</strong></span> <span class='ocrx_word' id='word_1_353' title='bbox 3251 1998 3563 2064; x_wconf 79' lang='grc' dir='ltr'><strong>πίνοντες,</strong></span> <span class='ocrx_word' id='word_1_354' title='bbox 3599 1997 3671 2049; x_wconf 81' lang='grc' dir='ltr'><strong>τὰ</strong></span> <span class='ocrx_word' id='word_1_355' title='bbox 3702 1994 3765 2048; x_wconf 73' lang='grc' dir='ltr'><strong>δὲ</strong></span> 
     </span>
    </p>
   </div>
   <div class='ocr_carea' id='block_1_50' title="bbox 2175 2084 3763 2157">
    <p class='ocr_par' dir='ltr' id='par_1_50' title="bbox 2175 2084 3763 2157">
     <span class='ocr_line' id='line_1_50' title="bbox 2175 2084 3763 2157; baseline 0.002 -20"><span class='ocrx_word' id='word_1_356' title='bbox 2175 2084 2319 2153; x_wconf 57' lang='grc' dir='ltr'><strong>ἔργα</strong></span> <span class='ocrx_word' id='word_1_357' title='bbox 2358 2085 2584 2152; x_wconf 79' lang='grc' dir='ltr'><strong>Κυρίου</strong></span> <span class='ocrx_word' id='word_1_358' title='bbox 2627 2087 2742 2139; x_wconf 82' lang='grc' dir='ltr'><strong>οὐκ</strong></span> <span class='ocrx_word' id='word_1_359' title='bbox 2777 2085 3168 2154; x_wconf 77' lang='grc' dir='ltr'><strong>ἐμϐλέπουσι,</strong></span> <span class='ocrx_word' id='word_1_360' title='bbox 3212 2087 3308 2141; x_wconf 78' lang='grc' dir='ltr'><strong>καὶ</strong></span> <span class='ocrx_word' id='word_1_361' title='bbox 3354 2087 3429 2141; x_wconf 81' lang='grc' dir='ltr'><strong>τὰ</strong></span> <span class='ocrx_word' id='word_1_362' title='bbox 3476 2088 3625 2157; x_wconf 78' lang='grc' dir='ltr'><strong>ἔργα</strong></span> <span class='ocrx_word' id='word_1_363' title='bbox 3652 2086 3763 2140; x_wconf 82' lang='grc' dir='ltr'><strong>τῶν</strong></span> 
     </span>
    </p>
   </div>
   <div class='ocr_carea' id='block_1_51' title="bbox 2175 2174 3764 2248">
    <p class='ocr_par' dir='ltr' id='par_1_51' title="bbox 2175 2174 3764 2248">
     <span class='ocr_line' id='line_1_51' title="bbox 2175 2174 3764 2248; baseline 0.001 -18"><span class='ocrx_word' id='word_1_364' title='bbox 2175 2174 2391 2248; x_wconf 79' lang='grc' dir='ltr'><strong>χειρῶν</strong></span> <span class='ocrx_word' id='word_1_365' title='bbox 2421 2176 2611 2232; x_wconf 84' lang='grc' dir='ltr'><strong>αὐτοῦ</strong></span> <span class='ocrx_word' id='word_1_366' title='bbox 2643 2180 2717 2232; x_wconf 88' lang='grc' dir='ltr'><strong>οὐ</strong></span> <span class='ocrx_word' id='word_1_367' title='bbox 2761 2180 3159 2235; x_wconf 79' lang='grc' dir='ltr'><strong>κατανοοῦσι·</strong></span> <span class='ocrx_word' id='word_1_368' title='bbox 3190 2181 3287 2234; x_wconf 82' lang='grc' dir='ltr'><strong>καί</strong></span> <span class='ocrx_word' id='word_1_369' title='bbox 3314 2182 3363 2234; x_wconf 86' lang='grc' dir='ltr'><strong>εί</strong></span> <span class='ocrx_word' id='word_1_370' title='bbox 3394 2180 3626 2235; x_wconf 82' lang='grc' dir='ltr'><strong>πώποτε</strong></span> <span class='ocrx_word' id='word_1_371' title='bbox 3660 2175 3764 2232; x_wconf 85' lang='grc' dir='ltr'><strong>εῐεν</strong></span> 
     </span>
    </p>
   </div>
   <div class='ocr_carea' id='block_1_52' title="bbox 2173 2267 3761 2344">
    <p class='ocr_par' dir='ltr' id='par_1_52' title="bbox 2173 2267 3761 2344">
     <span class='ocr_line' id='line_1_52' title="bbox 2173 2267 3761 2344; baseline 0.001 -21"><span class='ocrx_word' id='word_1_372' title='bbox 2173 2267 2409 2323; x_wconf 78' lang='grc' dir='ltr'><strong>τοιοῦτοι</strong></span> <span class='ocrx_word' id='word_1_373' title='bbox 2436 2270 2494 2322; x_wconf 80' lang='grc' dir='ltr'><strong>ὲν</strong></span> <span class='ocrx_word' id='word_1_374' title='bbox 2538 2272 2652 2333; x_wconf 81' lang='grc' dir='ltr'><strong>τοῖς</strong></span> <span class='ocrx_word' id='word_1_375' title='bbox 2685 2270 3055 2340; x_wconf 72' lang='grc' dir='ltr'><strong>Χριπιανοτς,</strong></span> <span class='ocrx_word' id='word_1_376' title='bbox 3097 2271 3544 2344; x_wconf 90' lang='grc' dir='ltr'><strong>διορθούσθωσαν</strong></span> <span class='ocrx_word' id='word_1_377' title='bbox 3569 2287 3585 2301; x_wconf 89' lang='grc'><strong>·</strong></span> <span class='ocrx_word' id='word_1_378' title='bbox 3633 2272 3683 2325; x_wconf 81' lang='grc' dir='ltr'><strong>εί</strong></span> <span class='ocrx_word' id='word_1_379' title='bbox 3709 2270 3761 2324; x_wconf 67' lang='grc' dir='ltr'><strong>δὲ</strong></span> 
     </span>
    </p>
   </div>
   <div class='ocr_carea' id='block_1_53' title="bbox 2178 2361 3764 2437">
    <p class='ocr_par' dir='ltr' id='par_1_53' title="bbox 2178 2361 3764 2437">
     <span class='ocr_line' id='line_1_53' title="bbox 2178 2361 3764 2437; baseline -0.001 -20"><span class='ocrx_word' id='word_1_380' title='bbox 2178 2364 2254 2434; x_wconf 82' lang='grc' dir='ltr'><strong>μή</strong></span> <span class='ocrx_word' id='word_1_381' title='bbox 2290 2380 2377 2433; x_wconf 84' lang='grc' dir='ltr'><strong>γε,</strong></span> <span class='ocrx_word' id='word_1_382' title='bbox 2428 2364 2804 2434; x_wconf 87' lang='grc' dir='ltr'><strong>κρατείτωσαν</strong></span> <span class='ocrx_word' id='word_1_383' title='bbox 2833 2364 2922 2418; x_wconf 65' lang='grc' dir='ltr'><strong>ἐπ’</strong></span> <span class='ocrx_word' id='word_1_384' title='bbox 2973 2365 3160 2429; x_wconf 82' lang='grc' dir='ltr'><strong>αὐτοῖς</strong></span> <span class='ocrx_word' id='word_1_385' title='bbox 3205 2365 3279 2418; x_wconf 79' lang='grc' dir='ltr'><strong>τὰ</strong></span> <span class='ocrx_word' id='word_1_386' title='bbox 3319 2364 3474 2437; x_wconf 84' lang='grc' dir='ltr'><strong>παρὰ</strong></span> <span class='ocrx_word' id='word_1_387' title='bbox 3517 2364 3633 2418; x_wconf 85' lang='grc' dir='ltr'><strong>τῶν</strong></span> <span class='ocrx_word' id='word_1_388' title='bbox 3663 2361 3764 2434; x_wconf 86' lang='grc' dir='ltr'><strong>πρὸ</strong></span> 
     </span>
    </p>
   </div>
   <div class='ocr_carea' id='block_1_54' title="bbox 2176 2454 3762 2528">
    <p class='ocr_par' dir='ltr' id='par_1_54' title="bbox 2176 2454 3762 2528">
     <span class='ocr_line' id='line_1_54' title="bbox 2176 2454 3762 2528; baseline 0 -19"><span class='ocrx_word' id='word_1_389' title='bbox 2176 2454 2336 2528; x_wconf 75' lang='grc' dir='ltr'><strong>ἡμῶν</strong></span> <span class='ocrx_word' id='word_1_390' title='bbox 2366 2456 2667 2509; x_wconf 87' lang='grc' dir='ltr'><strong>κανονικῶν</strong></span> <span class='ocrx_word' id='word_1_391' title='bbox 2698 2454 3215 2527; x_wconf 59' lang='grc' dir='ltr'><strong>ὲκδοθέντα.οίςιδὲ</strong></span> <span class='ocrx_word' id='word_1_392' title='bbox 3249 2457 3279 2511; x_wconf 92' lang='grc' dir='ltr'><strong>ό</strong></span> <span class='ocrx_word' id='word_1_393' title='bbox 3309 2457 3421 2528; x_wconf 79' lang='grc' dir='ltr'><strong>βίος</strong></span> <span class='ocrx_word' id='word_1_394' title='bbox 3446 2456 3605 2511; x_wconf 75' lang='grc' dir='ltr'><strong>ἐστὶν</strong></span> <span class='ocrx_word' id='word_1_395' title='bbox 3634 2454 3762 2526; x_wconf 77' lang='grc' dir='ltr'><strong>ήσύο</strong></span> 
     </span>
    </p>
   </div>
   <div class='ocr_carea' id='block_1_55' title="bbox 2174 2548 3762 2623">
    <p class='ocr_par' dir='ltr' id='par_1_55' title="bbox 2174 2548 3762 2623">
     <span class='ocr_line' id='line_1_55' title="bbox 2174 2548 3762 2623; baseline 0.002 -21"><span class='ocrx_word' id='word_1_396' title='bbox 2174 2567 2292 2623; x_wconf 84' lang='grc' dir='ltr'><strong>χιος</strong></span> <span class='ocrx_word' id='word_1_397' title='bbox 2336 2550 2432 2604; x_wconf 73' lang='grc' dir='ltr'><strong>καὶ</strong></span> <span class='ocrx_word' id='word_1_398' title='bbox 2464 2550 2820 2621; x_wconf 82' lang='grc' dir='ltr'><strong>μονότροπος,</strong></span> <span class='ocrx_word' id='word_1_399' title='bbox 2868 2551 2944 2616; x_wconf 81' lang='grc' dir='ltr'><strong>ὡς</strong></span> <span class='ocrx_word' id='word_1_400' title='bbox 2993 2551 3420 2622; x_wconf 77' lang='grc' dir='ltr'><strong>συνταξαμένοις</strong></span> <span class='ocrx_word' id='word_1_401' title='bbox 3466 2549 3663 2623; x_wconf 77' lang='grc' dir='ltr'><strong>Κυρίῳ</strong></span> <span class='ocrx_word' id='word_1_402' title='bbox 3690 2548 3762 2618; x_wconf 81' lang='grc' dir='ltr'><strong>τῷ</strong></span> 
     </span>
    </p>
   </div>
   <div class='ocr_carea' id='block_1_56' title="bbox 2174 2640 3762 2717">
    <p class='ocr_par' dir='ltr' id='par_1_56' title="bbox 2174 2640 3762 2717">
     <span class='ocr_line' id='line_1_56' title="bbox 2174 2640 3762 2717; baseline -0.004 -18"><span class='ocrx_word' id='word_1_403' title='bbox 2174 2643 2296 2716; x_wconf 83' lang='grc' dir='ltr'><strong>Θεῷ</strong></span> <span class='ocrx_word' id='word_1_404' title='bbox 2323 2643 2481 2715; x_wconf 80' lang='grc' dir='ltr'><strong>ήμῶν</strong></span> <span class='ocrx_word' id='word_1_405' title='bbox 2508 2642 2672 2712; x_wconf 77' lang='grc' dir='ltr'><strong>ζυγὸν</strong></span> <span class='ocrx_word' id='word_1_406' title='bbox 2701 2646 2911 2717; x_wconf 79' lang='grc' dir='ltr'>μονήρη</span> <span class='ocrx_word' id='word_1_407' title='bbox 2961 2640 3116 2715; x_wconf 82' lang='grc' dir='ltr'><strong>ἆραι,</strong></span> <span class='ocrx_word' id='word_1_408' title='bbox 3149 2643 3371 2699; x_wconf 79' lang='grc' dir='ltr'><strong>καθίσαι</strong></span> <span class='ocrx_word' id='word_1_409' title='bbox 3405 2659 3470 2696; x_wconf 88' lang='grc' dir='ltr'><strong>τε</strong></span> <span class='ocrx_word' id='word_1_410' title='bbox 3500 2641 3647 2697; x_wconf 81' lang='grc' dir='ltr'><strong>κατὰ</strong></span> <span class='ocrx_word' id='word_1_411' title='bbox 3673 2640 3762 2710; x_wconf 84' lang='grc' dir='ltr'><strong>μό-</strong></span> 
     </span>
    </p>
   </div>
   <div class='ocr_carea' id='block_1_57' title="bbox 2175 2732 3760 2807">
    <p class='ocr_par' dir='ltr' id='par_1_57' title="bbox 2175 2732 3760 2807">
     <span class='ocr_line' id='line_1_57' title="bbox 2175 2732 3760 2807; baseline -0.004 -16"><span class='ocrx_word' id='word_1_412' title='bbox 2175 2753 2274 2802; x_wconf 86' lang='grc' dir='ltr'><strong>νας</strong></span> <span class='ocrx_word' id='word_1_413' title='bbox 2324 2738 2422 2792; x_wconf 80' lang='grc' dir='ltr'><strong>καὶ</strong></span> <span class='ocrx_word' id='word_1_414' title='bbox 2478 2734 2779 2805; x_wconf 83' lang='grc' dir='ltr'><strong>σιωπῆσαι,</strong></span> <span class='ocrx_word' id='word_1_415' title='bbox 2826 2734 2966 2791; x_wconf 80' lang='grc' dir='ltr'><strong>ἀλλὰ</strong></span> <span class='ocrx_word' id='word_1_416' title='bbox 3020 2736 3129 2807; x_wconf 84' lang='grc' dir='ltr'><strong>μὴν</strong></span> <span class='ocrx_word' id='word_1_417' title='bbox 3181 2736 3277 2790; x_wconf 77' lang='grc' dir='ltr'><strong>καὶ</strong></span> <span class='ocrx_word' id='word_1_418' title='bbox 3314 2738 3426 2798; x_wconf 74' lang='grc' dir='ltr'><strong>τοϊς</strong></span> <span class='ocrx_word' id='word_1_419' title='bbox 3491 2732 3760 2805; x_wconf 78' lang='grc' dir='ltr'><strong>ἱερατικὸν</strong></span> 
     </span>
    </p>
   </div>
   <div class='ocr_carea' id='block_1_58' title="bbox 2174 2822 3760 2900">
    <p class='ocr_par' dir='ltr' id='par_1_58' title="bbox 2174 2822 3760 2900">
     <span class='ocr_line' id='line_1_58' title="bbox 2174 2822 3760 2900; baseline -0.005 -16"><span class='ocrx_word' id='word_1_420' title='bbox 2174 2828 2557 2900; x_wconf 65' lang='grc' dir='ltr'><strong>ἐκλεξαμένοις</strong></span> <span class='ocrx_word' id='word_1_421' title='bbox 2600 2828 2738 2900; x_wconf 83' lang='grc' dir='ltr'><strong>βίον,</strong></span> <span class='ocrx_word' id='word_1_422' title='bbox 2772 2827 3005 2893; x_wconf 82' lang='grc' dir='ltr'><strong>οὐδόλως</strong></span> <span class='ocrx_word' id='word_1_423' title='bbox 3037 2828 3214 2894; x_wconf 75' lang='grc' dir='ltr'><strong>ἔξεστι</strong></span> <span class='ocrx_word' id='word_1_424' title='bbox 3260 2826 3514 2881; x_wconf 81' lang='grc' dir='ltr'><strong>κατιδίαν</strong></span> <span class='ocrx_word' id='word_1_425' title='bbox 3555 2822 3760 2895; x_wconf 81' lang='grc' dir='ltr'><strong>γυναιξὶ</strong></span> 
     </span>
    </p>
   </div>
   <div class='ocr_carea' id='block_1_59' title="bbox 2178 2913 3759 2993">
    <p class='ocr_par' dir='ltr' id='par_1_59' title="bbox 2178 2913 3759 2993">
     <span class='ocr_line' id='line_1_59' title="bbox 2178 2913 3759 2993; baseline -0.006 -17"><span class='ocrx_word' id='word_1_426' title='bbox 2178 2921 2499 2989; x_wconf 79' lang='grc' dir='ltr'><strong>συνεσθίειν,</strong></span> <span class='ocrx_word' id='word_1_427' title='bbox 2529 2923 2577 2975; x_wconf 87' lang='grc' dir='ltr'><strong>εἰ</strong></span> <span class='ocrx_word' id='word_1_428' title='bbox 2606 2922 2773 2993; x_wconf 85' lang='grc' dir='ltr'>μήπω</span> <span class='ocrx_word' id='word_1_429' title='bbox 2808 2920 2951 2992; x_wconf 86' lang='grc' dir='ltr'><strong>μετά</strong></span> <span class='ocrx_word' id='word_1_430' title='bbox 2988 2937 3152 2973; x_wconf 90' lang='grc' dir='ltr'><strong>τινων</strong></span> <span class='ocrx_word' id='word_1_431' title='bbox 3181 2917 3457 2987; x_wconf 78' lang='grc' dir='ltr'><strong>θεοφόὸων</strong></span> <span class='ocrx_word' id='word_1_432' title='bbox 3488 2915 3589 2969; x_wconf 67' lang='grc' dir='ltr'><strong>καὶ</strong></span> <span class='ocrx_word' id='word_1_433' title='bbox 3610 2913 3759 2968; x_wconf 81' lang='grc' dir='ltr'><strong>εὐλα-</strong></span> 
     </span>
    </p>
   </div>
   <div class='ocr_carea' id='block_1_60' title="bbox 2176 3009 3758 3085">
    <p class='ocr_par' dir='ltr' id='par_1_60' title="bbox 2176 3009 3758 3085">
     <span class='ocr_line' id='line_1_60' title="bbox 2176 3009 3758 3085; baseline -0.006 -16"><span class='ocrx_word' id='word_1_434' title='bbox 2176 3016 2288 3069; x_wconf 74' lang='grc' dir='ltr'><strong>ϐὦν</strong></span> <span class='ocrx_word' id='word_1_435' title='bbox 2312 3014 2523 3085; x_wconf 78' lang='grc' dir='ltr'><strong>ἀνδρῶν</strong></span> <span class='ocrx_word' id='word_1_436' title='bbox 2573 3015 2608 3085; x_wconf 76' lang='grc' dir='ltr'>ἦ</span> <span class='ocrx_word' id='word_1_437' title='bbox 2656 3016 2751 3069; x_wconf 66' lang='grc' dir='ltr'><strong>καὶ</strong></span> <span class='ocrx_word' id='word_1_438' title='bbox 2783 3012 3060 3083; x_wconf 87' lang='grc' dir='ltr'><strong>γυναικῶν</strong></span> <span class='ocrx_word' id='word_1_439' title='bbox 3083 3030 3098 3045; x_wconf 77' lang='grc' dir='ltr'><strong>ο</strong></span> <span class='ocrx_word' id='word_1_440' title='bbox 3141 3012 3229 3067; x_wconf 77' lang='grc' dir='ltr'><strong>ἴνα</strong></span> <span class='ocrx_word' id='word_1_441' title='bbox 3263 3011 3357 3065; x_wconf 76' lang='grc' dir='ltr'><strong>καὶ</strong></span> <span class='ocrx_word' id='word_1_442' title='bbox 3396 3009 3542 3081; x_wconf 82' lang='grc' dir='ltr'><strong>αὐτὴ</strong></span> <span class='ocrx_word' id='word_1_443' title='bbox 3572 3010 3607 3080; x_wconf 82' lang='grc' dir='ltr'><strong>ἠ</strong></span> <span class='ocrx_word' id='word_1_444' title='bbox 3638 3024 3758 3061; x_wconf 79' lang='grc' dir='ltr'><strong>συνο</strong></span> 
     </span>
    </p>
   </div>
   <div class='ocr_carea' id='block_1_61' title="bbox 2177 3102 3754 3179">
    <p class='ocr_par' dir='ltr' id='par_1_61' title="bbox 2177 3102 3754 3179">
     <span class='ocr_line' id='line_1_61' title="bbox 2177 3102 3754 3179; baseline -0.004 -17"><span class='ocrx_word' id='word_1_445' title='bbox 2177 3107 2441 3178; x_wconf 80' lang='grc' dir='ltr'><strong>εστίασις,</strong></span> <span class='ocrx_word' id='word_1_446' title='bbox 2485 3106 2623 3179; x_wconf 85' lang='grc' dir='ltr'><strong>πρὸς</strong></span> <span class='ocrx_word' id='word_1_447' title='bbox 2700 3108 3043 3179; x_wconf 86' lang='grc' dir='ltr'><strong>κατόρθωσιν</strong></span> <span class='ocrx_word' id='word_1_448' title='bbox 3091 3105 3473 3177; x_wconf 77' lang='grc' dir='ltr'><strong>πνευματικὴν</strong></span> <span class='ocrx_word' id='word_1_449' title='bbox 3534 3102 3754 3173; x_wconf 76' lang='grc' dir='ltr'><strong>ἁπάγῃο</strong></span> 
     </span>
    </p>
   </div>
   <div class='ocr_carea' id='block_1_62' title="bbox 490 3170 2073 3270">
    <p class='ocr_par' dir='ltr' id='par_1_62' title="bbox 490 3170 2071 3236">
     <span class='ocr_line' id='line_1_62' title="bbox 490 3170 2071 3236; baseline 0.008 -14"><span class='ocrx_word' id='word_1_450' title='bbox 490 3180 622 3223; x_wconf 86' lang='lat' dir='ltr'><strong>sunt</strong></span> <span class='ocrx_word' id='word_1_451' title='bbox 651 3170 719 3225; x_wconf 85' lang='lat' dir='ltr'><strong>ad</strong></span> <span class='ocrx_word' id='word_1_452' title='bbox 747 3186 904 3227; x_wconf 88' lang='lat' dir='ltr'><strong>usum</strong></span> <span class='ocrx_word' id='word_1_453' title='bbox 937 3174 1250 3231; x_wconf 85' lang='lat' dir='ltr'><strong>necessaria</strong></span> <span class='ocrx_word' id='word_1_454' title='bbox 1290 3190 1398 3231; x_wconf 91' lang='lat' dir='ltr'><strong>non</strong></span> <span class='ocrx_word' id='word_1_455' title='bbox 1438 3174 1629 3232; x_wconf 84' lang='lat' dir='ltr'><strong>atl&#39;erat</strong></span> <span class='ocrx_word' id='word_1_456' title='bbox 1655 3179 1959 3236; x_wconf 88' lang='lat' dir='ltr'><strong>monachus</strong></span> <span class='ocrx_word' id='word_1_457' title='bbox 1990 3180 2071 3236; x_wconf 90' lang='lat' dir='ltr'><strong>vel</strong></span> 
     </span>
    </p>
   </div>
   <div class='ocr_carea' id='block_1_63' title="bbox 2177 3170 3756 3270">
    <p class='ocr_par' dir='ltr' id='par_1_63' title="bbox 2178 3170 3756 3270">
     <span class='ocr_line' id='line_1_63' title="bbox 2178 3170 3756 3270; baseline -0.007 -14"><span class='ocrx_word' id='word_1_458' title='bbox 2178 3174 2400 3257; x_wconf 60' lang='grc' dir='ltr'><strong>καὶέπὶ</strong></span> <span class='ocrx_word' id='word_1_459' title='bbox 2427 3170 2717 3270; x_wconf 39' lang='grc' dir='ltr'><strong>’συγγενῶν</strong></span> <span class='ocrx_word' id='word_1_460' title='bbox 2744 3199 2801 3253; x_wconf 79' lang='grc' dir='ltr'><strong>δὲ</strong></span> <span class='ocrx_word' id='word_1_461' title='bbox 2832 3170 2894 3253; x_wconf 60' lang='lat' dir='ltr'><strong>«Et</strong></span> <span class='ocrx_word' id='word_1_462' title='bbox 2924 3200 3057 3253; x_wconf 76' lang='grc' dir='ltr'><strong>αὐτὸ</strong></span> <span class='ocrx_word' id='word_1_463' title='bbox 3105 3170 3460 3252; x_wconf 79' lang='grc' dir='ltr'><strong>ποιείτωσαν.</strong></span> <span class='ocrx_word' id='word_1_464' title='bbox 3500 3197 3565 3250; x_wconf 85' lang='grc' dir='ltr'><strong>Εἰ</strong></span> <span class='ocrx_word' id='word_1_465' title='bbox 3590 3195 3646 3249; x_wconf 82' lang='grc' dir='ltr'><strong>δὲ</strong></span> <span class='ocrx_word' id='word_1_466' title='bbox 3671 3170 3756 3247; x_wconf 55' lang='lat' dir='ltr'><strong>ita</strong></span> 
     </span>
    </p>
   </div>
   <div class='ocr_carea' id='block_1_64' title="bbox 490 3259 2074 3343">
    <p class='ocr_par' dir='ltr' id='par_1_64' title="bbox 490 3259 2074 3343">
     <span class='ocr_line' id='line_1_64' title="bbox 490 3259 2074 3343; baseline 0.009 -30"><span class='ocrx_word' id='word_1_467' title='bbox 490 3259 769 3324; x_wconf 85' lang='lat' dir='ltr'><strong>sacerdos.</strong></span> <span class='ocrx_word' id='word_1_468' title='bbox 804 3272 859 3317; x_wconf 90' lang='lat' dir='ltr'><strong>et</strong></span> <span class='ocrx_word' id='word_1_469' title='bbox 888 3272 1110 3334; x_wconf 88' lang='lat' dir='ltr'><strong>propter</strong></span> <span class='ocrx_word' id='word_1_470' title='bbox 1138 3267 1518 3333; x_wconf 85' lang='lat' dir='ltr'><strong>necessitatem</strong></span> <span class='ocrx_word' id='word_1_471' title='bbox 1555 3270 1683 3326; x_wconf 90' lang='lat' dir='ltr'><strong>velit</strong></span> <span class='ocrx_word' id='word_1_472' title='bbox 1720 3271 1836 3329; x_wconf 89' lang='lat' dir='ltr'><strong>sive</strong></span> <span class='ocrx_word' id='word_1_473' title='bbox 1878 3272 1935 3327; x_wconf 87' lang='lat' dir='ltr'><strong>in</strong></span> <span class='ocrx_word' id='word_1_474' title='bbox 1973 3288 2074 3343; x_wconf 83' lang='lat' dir='ltr'><strong>pu-</strong></span> 
     </span>
    </p>
   </div>
   <div class='ocr_carea' id='block_1_65' title="bbox 490 3346 2074 3434">
    <p class='ocr_par' dir='ltr' id='par_1_65' title="bbox 490 3346 2074 3434">
     <span class='ocr_line' id='line_1_65' title="bbox 490 3346 2074 3434; baseline 0.011 -31"><span class='ocrx_word' id='word_1_475' title='bbox 490 3346 638 3406; x_wconf 86' lang='lat' dir='ltr'><strong>blico</strong></span> <span class='ocrx_word' id='word_1_476' title='bbox 669 3352 993 3421; x_wconf 88' lang='lat' dir='ltr'><strong>diversorio,</strong></span> <span class='ocrx_word' id='word_1_477' title='bbox 1045 3357 1162 3413; x_wconf 82' lang='lat' dir='ltr'><strong>sive</strong></span> <span class='ocrx_word' id='word_1_478' title='bbox 1206 3358 1262 3414; x_wconf 87' lang='lat' dir='ltr'><strong>in</strong></span> <span class='ocrx_word' id='word_1_479' title='bbox 1313 3360 1549 3431; x_wconf 87' lang='lat' dir='ltr'><strong>alicujus</strong></span> <span class='ocrx_word' id='word_1_480' title='bbox 1576 3362 1741 3418; x_wconf 91' lang='lat' dir='ltr'><strong>domo</strong></span> <span class='ocrx_word' id='word_1_481' title='bbox 1784 3366 2074 3434; x_wconf 83' lang='lat' dir='ltr'><strong>divertere,</strong></span> 
     </span>
    </p>
   </div>
   <div class='ocr_carea' id='block_1_66' title="bbox 488 3442 1949 3524">
    <p class='ocr_par' dir='ltr' id='par_1_66' title="bbox 488 3442 1949 3524">
     <span class='ocr_line' id='line_1_66' title="bbox 488 3442 1949 3524; baseline 0.012 -27"><span class='ocrx_word' id='word_1_482' title='bbox 488 3443 538 3497; x_wconf 81' lang='lat' dir='ltr'><strong>ei</strong></span> <span class='ocrx_word' id='word_1_483' title='bbox 571 3442 729 3501; x_wconf 86' lang='lat' dir='ltr'><strong>liceat</strong></span> <span class='ocrx_word' id='word_1_484' title='bbox 758 3447 862 3504; x_wconf 88' lang='lat' dir='ltr'><strong>hoc</strong></span> <span class='ocrx_word' id='word_1_485' title='bbox 894 3447 1314 3523; x_wconf 69' lang='lat' dir='ltr'><strong>facere,‘utpote</strong></span> <span class='ocrx_word' id='word_1_486' title='bbox 1342 3466 1570 3524; x_wconf 85' lang='lat' dir='ltr'><strong>urgente</strong></span> <span class='ocrx_word' id='word_1_487' title='bbox 1597 3456 1949 3515; x_wconf 85' lang='lat' dir='ltr'><strong>necessitate.</strong></span> 
     </span>
    </p>
   </div>
   <div class='ocr_carea' id='block_1_67' title="bbox 559 3756 2073 3823">
    <p class='ocr_par' dir='ltr' id='par_1_67' title="bbox 559 3756 2073 3823">
     <span class='ocr_line' id='line_1_67' title="bbox 559 3756 2073 3823; baseline 0.009 -14"><span class='ocrx_word' id='word_1_488' title='bbox 559 3756 714 3812; x_wconf 78' lang='lat' dir='ltr'><strong>CAP.</strong></span> <span class='ocrx_word' id='word_1_489' title='bbox 744 3756 888 3814; x_wconf 81' lang='lat' dir='ltr'><strong>XVI.</strong></span> <span class='ocrx_word' id='word_1_490' title='bbox 921 3792 989 3805; x_wconf 74' lang='grc' dir='ltr'><strong>-υ</strong></span> <span class='ocrx_word' id='word_1_491' title='bbox 1024 3760 1230 3817; x_wconf 83' lang='lat' dir='ltr'><strong>Clerico</strong></span> <span class='ocrx_word' id='word_1_492' title='bbox 1283 3780 1387 3818; x_wconf 83' lang='lat' dir='ltr'><strong>non</strong></span> <span class='ocrx_word' id='word_1_493' title='bbox 1433 3765 1555 3820; x_wconf 85' lang='lat' dir='ltr'><strong>licet</strong></span> <span class='ocrx_word' id='word_1_494' title='bbox 1600 3766 1853 3822; x_wconf 81' lang='lat' dir='ltr'><strong>interesse</strong></span> <span class='ocrx_word' id='word_1_495' title='bbox 1893 3770 2073 3823; x_wconf 80' lang='lat' dir='ltr'><strong>convi-</strong></span> 
     </span>
    </p>
   </div>
   <div class='ocr_carea' id='block_1_68' title="bbox 492 3850 1967 3923">
    <p class='ocr_par' dir='ltr' id='par_1_68' title="bbox 492 3850 1967 3923">
     <span class='ocr_line' id='line_1_68' title="bbox 492 3850 1967 3923; baseline 0.009 -21"><span class='ocrx_word' id='word_1_496' title='bbox 492 3850 574 3904; x_wconf 69' lang='lat' dir='ltr'><strong>vio</strong></span> <span class='ocrx_word' id='word_1_497' title='bbox 595 3866 780 3905; x_wconf 86' lang='lat' dir='ltr'><strong>eorum</strong></span> <span class='ocrx_word' id='word_1_498' title='bbox 818 3854 909 3922; x_wconf 89' lang='lat' dir='ltr'><strong>qui</strong></span> <span class='ocrx_word' id='word_1_499' title='bbox 929 3852 1007 3909; x_wconf 73' lang='lat' dir='ltr'><strong>vel</strong></span> <span class='ocrx_word' id='word_1_500' title='bbox 1035 3857 1251 3923; x_wconf 81' lang='lat' dir='ltr'><strong>iterum,</strong></span> <span class='ocrx_word' id='word_1_501' title='bbox 1289 3855 1369 3912; x_wconf 79' lang='lat' dir='ltr'><strong>vel</strong></span> <span class='ocrx_word' id='word_1_502' title='bbox 1391 3855 1535 3911; x_wconf 83' lang='lat' dir='ltr'><strong>haud</strong></span> <span class='ocrx_word' id='word_1_503' title='bbox 1566 3869 1703 3914; x_wconf 86' lang='lat' dir='ltr'><strong>recte</strong></span> <span class='ocrx_word' id='word_1_504' title='bbox 1740 3860 1967 3915; x_wconf 88' lang='lat' dir='ltr'><strong>nubunt.</strong></span> 
     </span>
    </p>
   </div>
   <div class='ocr_carea' id='block_1_69' title="bbox 774 4055 1793 4122">
    <p class='ocr_par' dir='ltr' id='par_1_69' title="bbox 774 4055 1793 4122">
     <span class='ocr_line' id='line_1_69' title="bbox 774 4055 1793 4122; baseline 0.009 -9"><span class='ocrx_word' id='word_1_505' title='bbox 774 4055 1000 4113; x_wconf 77' lang='lat' dir='ltr'><strong>Coneilii</strong></span> <span class='ocrx_word' id='word_1_506' title='bbox 1046 4057 1498 4118; x_wconf 67' lang='lat' dir='ltr'><strong>Neocwsariensis</strong></span> <span class='ocrx_word' id='word_1_507' title='bbox 1542 4080 1712 4119; x_wconf 82' lang='lat' dir='ltr'><strong>canon</strong></span> <span class='ocrx_word' id='word_1_508' title='bbox 1738 4063 1793 4122; x_wconf 86' lang='lat'><strong>7.</strong></span> 
     </span>
    </p>
   </div>
   <div class='ocr_carea' id='block_1_70' title="bbox 563 4171 2074 4250">
    <p class='ocr_par' dir='ltr' id='par_1_70' title="bbox 563 4171 2074 4250">
     <span class='ocr_line' id='line_1_70' title="bbox 563 4171 2074 4250; baseline 0.009 -25"><span class='ocrx_word' id='word_1_509' title='bbox 563 4171 615 4229; x_wconf 87' lang='lat'><strong>7.</strong></span> <span class='ocrx_word' id='word_1_510' title='bbox 648 4173 938 4247; x_wconf 84' lang='lat' dir='ltr'><strong>Presbyter</strong></span> <span class='ocrx_word' id='word_1_511' title='bbox 976 4176 1031 4232; x_wconf 91' lang='lat' dir='ltr'><strong>in</strong></span> <span class='ocrx_word' id='word_1_512' title='bbox 1062 4178 1268 4248; x_wconf 87' lang='lat' dir='ltr'><strong>nuptiis</strong></span> <span class='ocrx_word' id='word_1_513' title='bbox 1297 4177 1420 4250; x_wconf 83' lang='lat' dir='ltr'><strong>ejus</strong></span> <span class='ocrx_word' id='word_1_514' title='bbox 1460 4179 1557 4250; x_wconf 89' lang='lat' dir='ltr'><strong>qui</strong></span> <span class='ocrx_word' id='word_1_515' title='bbox 1582 4180 1721 4237; x_wconf 88' lang='lat' dir='ltr'><strong>duas</strong></span> <span class='ocrx_word' id='word_1_516' title='bbox 1751 4194 1950 4237; x_wconf 80' lang='lat' dir='ltr'><strong>uxores</strong></span> <span class='ocrx_word' id='word_1_517' title='bbox 1973 4182 2074 4237; x_wconf 88' lang='lat' dir='ltr'><strong>du-</strong></span> 
     </span>
    </p>
   </div>
   <div class='ocr_carea' id='block_1_71' title="bbox 488 4267 2077 4340">
    <p class='ocr_par' dir='ltr' id='par_1_71' title="bbox 488 4267 2077 4340">
     <span class='ocr_line' id='line_1_71' title="bbox 488 4267 2077 4340; baseline 0.004 -17"><span class='ocrx_word' id='word_1_518' title='bbox 488 4267 586 4334; x_wconf 87' lang='lat' dir='ltr'><strong>cit,</strong></span> <span class='ocrx_word' id='word_1_519' title='bbox 612 4283 708 4324; x_wconf 89' lang='lat' dir='ltr'><strong>seu</strong></span> <span class='ocrx_word' id='word_1_520' title='bbox 737 4269 991 4340; x_wconf 84' lang='lat' dir='ltr'><strong>digamus</strong></span> <span class='ocrx_word' id='word_1_521' title='bbox 1017 4270 1271 4336; x_wconf 68' lang='lat' dir='ltr'><strong>edicitur,</strong></span> <span class='ocrx_word' id='word_1_522' title='bbox 1299 4286 1370 4327; x_wconf 91' lang='lat' dir='ltr'><strong>ne</strong></span> <span class='ocrx_word' id='word_1_523' title='bbox 1394 4272 1735 4329; x_wconf 86' lang='lat' dir='ltr'><strong>convivetur.</strong></span> <span class='ocrx_word' id='word_1_524' title='bbox 1760 4272 1898 4328; x_wconf 89' lang='lat' dir='ltr'><strong>Cum</strong></span> <span class='ocrx_word' id='word_1_525' title='bbox 1927 4273 2077 4329; x_wconf 88' lang='lat' dir='ltr'><strong>enim</strong></span> 
     </span>
    </p>
   </div>
   <div class='ocr_carea' id='block_1_72' title="bbox 494 4364 2069 4441">
    <p class='ocr_par' dir='ltr' id='par_1_72' title="bbox 494 4364 2069 4441">
     <span class='ocr_line' id='line_1_72' title="bbox 494 4364 2069 4441; baseline 0.004 -24"><span class='ocrx_word' id='word_1_526' title='bbox 494 4364 739 4432; x_wconf 82' lang='lat' dir='ltr'><strong>requirat</strong></span> <span class='ocrx_word' id='word_1_527' title='bbox 772 4366 1151 4437; x_wconf 66' lang='lat' dir='ltr'><strong>paenitentiam</strong></span> <span class='ocrx_word' id='word_1_528' title='bbox 1184 4368 1456 4439; x_wconf 89' lang='lat' dir='ltr'><strong>digamus,</strong></span> <span class='ocrx_word' id='word_1_529' title='bbox 1487 4369 1613 4438; x_wconf 88' lang='lat' dir='ltr'><strong>quis</strong></span> <span class='ocrx_word' id='word_1_530' title='bbox 1633 4370 1741 4425; x_wconf 88' lang='lat' dir='ltr'><strong>erit</strong></span> <span class='ocrx_word' id='word_1_531' title='bbox 1768 4369 2069 4441; x_wconf 86' lang='lat' dir='ltr'><strong>presbyter,</strong></span> 
     </span>
    </p>
   </div>
   <div class='ocr_carea' id='block_1_73' title="bbox 494 4455 2070 4534">
    <p class='ocr_par' dir='ltr' id='par_1_73' title="bbox 494 4455 2070 4534">
     <span class='ocr_line' id='line_1_73' title="bbox 494 4455 2070 4534; baseline 0.007 -27"><span class='ocrx_word' id='word_1_532' title='bbox 494 4455 589 4526; x_wconf 86' lang='lat' dir='ltr'><strong>qui</strong></span> <span class='ocrx_word' id='word_1_533' title='bbox 640 4469 707 4510; x_wconf 88' lang='lat' dir='ltr'><strong>eo</strong></span> <span class='ocrx_word' id='word_1_534' title='bbox 739 4458 886 4525; x_wconf 88' lang='lat' dir='ltr'><strong>quod</strong></span> <span class='ocrx_word' id='word_1_535' title='bbox 936 4457 1008 4512; x_wconf 89' lang='lat' dir='ltr'><strong>sit</strong></span> <span class='ocrx_word' id='word_1_536' title='bbox 1034 4457 1285 4514; x_wconf 85' lang='lat' dir='ltr'><strong>convivio</strong></span> <span class='ocrx_word' id='word_1_537' title='bbox 1333 4467 1593 4529; x_wconf 87' lang='lat' dir='ltr'><strong>acceptus</strong></span> <span class='ocrx_word' id='word_1_538' title='bbox 1646 4457 2070 4534; x_wconf 79' lang='lat' dir='ltr'><strong>[accipiendas],</strong></span> 
     </span>
    </p>
   </div>
   <div class='ocr_carea' id='block_1_74' title="bbox 493 4548 1100 4619">
    <p class='ocr_par' dir='ltr' id='par_1_74' title="bbox 493 4548 1100 4619">
     <span class='ocr_line' id='line_1_74' title="bbox 493 4548 1100 4619; baseline -0.002 -16"><span class='ocrx_word' id='word_1_539' title='bbox 493 4548 701 4619; x_wconf 82' lang='lat' dir='ltr'><strong>nuptiis</strong></span> <span class='ocrx_word' id='word_1_540' title='bbox 727 4549 1100 4605; x_wconf 83' lang='lat' dir='ltr'><strong>assentiatur?</strong></span> 
     </span>
    </p>
   </div>
   <div class='ocr_carea' id='block_1_75' title="bbox 986 4659 1576 4717">
    <p class='ocr_par' dir='ltr' id='par_1_75' title="bbox 986 4659 1576 4717">
     <span class='ocr_line' id='line_1_75' title="bbox 986 4659 1576 4717; baseline 0.005 -3"><span class='ocrx_word' id='word_1_541' title='bbox 986 4659 1245 4717; x_wconf 81' lang='lat' dir='ltr'><strong>Timothei</strong></span> <span class='ocrx_word' id='word_1_542' title='bbox 1287 4677 1459 4716; x_wconf 77' lang='lat' dir='ltr'><strong>canon</strong></span> <span class='ocrx_word' id='word_1_543' title='bbox 1488 4662 1576 4717; x_wconf 82' lang='grc'><strong>11.</strong></span> 
     </span>
    </p>
   </div>
   <div class='ocr_carea' id='block_1_76' title="bbox 559 4788 2072 4868">
    <p class='ocr_par' dir='ltr' id='par_1_76' title="bbox 559 4788 2072 4868">
     <span class='ocr_line' id='line_1_76' title="bbox 559 4788 2072 4868; baseline 0.007 -21"><span class='ocrx_word' id='word_1_544' title='bbox 559 4788 925 4863; x_wconf 72' lang='lat' dir='ltr'><strong>Interrogatio</strong></span> <span class='ocrx_word' id='word_1_545' title='bbox 962 4792 1025 4849; x_wconf 88' lang='grc'><strong>11</strong></span> <span class='ocrx_word' id='word_1_546' title='bbox 1074 4793 1133 4851; x_wconf 88' lang='lat' dir='ltr'><strong>Si</strong></span> <span class='ocrx_word' id='word_1_547' title='bbox 1192 4794 1316 4865; x_wconf 90' lang='lat' dir='ltr'><strong>quis</strong></span> <span class='ocrx_word' id='word_1_548' title='bbox 1367 4794 1630 4851; x_wconf 89' lang='lat' dir='ltr'><strong>clericum</strong></span> <span class='ocrx_word' id='word_1_549' title='bbox 1676 4800 1975 4868; x_wconf 85' lang='lat' dir='ltr'><strong>vocaverit,</strong></span> <span class='ocrx_word' id='word_1_550' title='bbox 2011 4810 2072 4857; x_wconf 92' lang='lat' dir='ltr'><strong>ut</strong></span> 
     </span>
    </p>
   </div>
   <div class='ocr_carea' id='block_1_77' title="bbox 2176 3287 3755 3364">
    <p class='ocr_par' dir='ltr' id='par_1_77' title="bbox 2176 3287 3755 3364">
     <span class='ocr_line' id='line_1_77' title="bbox 2176 3287 3755 3364; baseline -0.008 -13"><span class='ocrx_word' id='word_1_551' title='bbox 2176 3292 2334 3357; x_wconf 81' lang='grc' dir='ltr'><strong>αὖθις</strong></span> <span class='ocrx_word' id='word_1_552' title='bbox 2360 3295 2419 3347; x_wconf 69' lang='grc' dir='ltr'><strong>ἰν</strong></span> <span class='ocrx_word' id='word_1_553' title='bbox 2456 3292 2735 3363; x_wconf 75' lang='grc' dir='ltr'><strong>ὁδοιπορίᾳ</strong></span> <span class='ocrx_word' id='word_1_554' title='bbox 2763 3291 2945 3364; x_wconf 73' lang='grc' dir='ltr'><strong>συμϐῇ</strong></span> <span class='ocrx_word' id='word_1_555' title='bbox 2972 3294 3041 3345; x_wconf 80' lang='grc' dir='ltr'><strong>τά</strong></span> <span class='ocrx_word' id='word_1_556' title='bbox 3076 3291 3176 3361; x_wconf 79' lang='grc' dir='ltr'><strong>τῆς</strong></span> <span class='ocrx_word' id='word_1_557' title='bbox 3214 3291 3528 3359; x_wconf 80' lang='grc' dir='ltr'><strong>ἀναγκαίας</strong></span> <span class='ocrx_word' id='word_1_558' title='bbox 3577 3287 3755 3359; x_wconf 78' lang='grc' dir='ltr'><strong>χρείας</strong></span> 
     </span>
    </p>
   </div>
   <div class='ocr_carea' id='block_1_78' title="bbox 2180 3378 3757 3457">
    <p class='ocr_par' dir='ltr' id='par_1_78' title="bbox 2180 3378 3757 3457">
     <span class='ocr_line' id='line_1_78' title="bbox 2180 3378 3757 3457; baseline -0.004 -19"><span class='ocrx_word' id='word_1_559' title='bbox 2180 3386 2257 3457; x_wconf 79' lang='grc' dir='ltr'><strong>μὴ</strong></span> <span class='ocrx_word' id='word_1_560' title='bbox 2285 3382 2645 3455; x_wconf 75' lang='grc' dir='ltr'><strong>ἐπιφέρεσθαι</strong></span> <span class='ocrx_word' id='word_1_561' title='bbox 2683 3384 2918 3454; x_wconf 85' lang='grc' dir='ltr'><strong>μοναχὸν</strong></span> <span class='ocrx_word' id='word_1_562' title='bbox 2951 3382 2985 3454; x_wconf 78' lang='grc' dir='ltr'>ἢ</span> <span class='ocrx_word' id='word_1_563' title='bbox 3016 3384 3113 3437; x_wconf 73' lang='grc' dir='ltr'><strong>καὶ</strong></span> <span class='ocrx_word' id='word_1_564' title='bbox 3134 3382 3408 3454; x_wconf 75' lang='grc' dir='ltr'><strong>ἱερατικὸν</strong></span> <span class='ocrx_word' id='word_1_565' title='bbox 3434 3380 3630 3451; x_wconf 74' lang='grc' dir='ltr'><strong>ἄνδρα,</strong></span> <span class='ocrx_word' id='word_1_566' title='bbox 3670 3378 3757 3433; x_wconf 81' lang='grc' dir='ltr'><strong>καὶ</strong></span> 
     </span>
    </p>
   </div>
   <div class='ocr_carea' id='block_1_79' title="bbox 2175 3471 3757 3545">
    <p class='ocr_par' dir='ltr' id='par_1_79' title="bbox 2175 3471 3757 3545">
     <span class='ocr_line' id='line_1_79' title="bbox 2175 3471 3757 3545; baseline -0.004 -14"><span class='ocrx_word' id='word_1_567' title='bbox 2175 3476 2264 3531; x_wconf 80' lang='grc' dir='ltr'><strong>διὰ</strong></span> <span class='ocrx_word' id='word_1_568' title='bbox 2291 3474 2353 3528; x_wconf 87' lang='grc' dir='ltr'><strong>τὸ</strong></span> <span class='ocrx_word' id='word_1_569' title='bbox 2376 3476 2673 3543; x_wconf 82' lang='grc' dir='ltr'><strong>ἀναγκαῖον</strong></span> <span class='ocrx_word' id='word_1_570' title='bbox 2699 3474 3021 3541; x_wconf 83' lang='grc' dir='ltr'><strong>καταλῦσαι,</strong></span> <span class='ocrx_word' id='word_1_571' title='bbox 3052 3474 3300 3545; x_wconf 84' lang='grc' dir='ltr'><strong>βούλεται</strong></span> <span class='ocrx_word' id='word_1_572' title='bbox 3330 3473 3442 3528; x_wconf 77' lang='grc' dir='ltr'><strong>εἴτε</strong></span> <span class='ocrx_word' id='word_1_573' title='bbox 3478 3474 3540 3526; x_wconf 80' lang='grc' dir='ltr'><strong>ὲν</strong></span> <span class='ocrx_word' id='word_1_574' title='bbox 3574 3471 3757 3525; x_wconf 73' lang='grc' dir='ltr'><strong>πανδοο</strong></span> 
     </span>
    </p>
   </div>
   <div class='ocr_carea' id='block_1_80' title="bbox 2176 3562 3757 3637">
    <p class='ocr_par' dir='ltr' id='par_1_80' title="bbox 2176 3562 3757 3637">
     <span class='ocr_line' id='line_1_80' title="bbox 2176 3562 3757 3637; baseline -0.003 -19"><span class='ocrx_word' id='word_1_575' title='bbox 2176 3567 2309 3637; x_wconf 83' lang='grc' dir='ltr'><strong>χείῳ</strong></span> <span class='ocrx_word' id='word_1_576' title='bbox 2337 3566 2371 3637; x_wconf 77' lang='grc' dir='ltr'>ἢ</span> <span class='ocrx_word' id='word_1_577' title='bbox 2405 3564 2500 3619; x_wconf 81' lang='grc' dir='ltr'><strong>καὶ</strong></span> <span class='ocrx_word' id='word_1_578' title='bbox 2528 3567 2586 3618; x_wconf 76' lang='grc' dir='ltr'><strong>ὲν</strong></span> <span class='ocrx_word' id='word_1_579' title='bbox 2613 3566 2748 3635; x_wconf 84' lang='grc' dir='ltr'><strong>οῐκῳ</strong></span> <span class='ocrx_word' id='word_1_580' title='bbox 2794 3563 2942 3627; x_wconf 87' lang='grc' dir='ltr'><strong>τινὸς</strong></span> <span class='ocrx_word' id='word_1_581' title='bbox 2978 3564 3164 3618; x_wconf 76' lang='grc' dir='ltr'><strong>ἄδειαν</strong></span> <span class='ocrx_word' id='word_1_582' title='bbox 3216 3564 3363 3635; x_wconf 79' lang='grc' dir='ltr'><strong>ἔχειν</strong></span> <span class='ocrx_word' id='word_1_583' title='bbox 3409 3564 3580 3619; x_wconf 80' lang='grc' dir='ltr'><strong>αὑτὸν</strong></span> <span class='ocrx_word' id='word_1_584' title='bbox 3612 3562 3757 3616; x_wconf 82' lang='grc' dir='ltr'><strong>τοῦτο</strong></span> 
     </span>
    </p>
   </div>
   <div class='ocr_carea' id='block_1_81' title="bbox 2177 3654 3302 3729">
    <p class='ocr_par' dir='ltr' id='par_1_81' title="bbox 2177 3654 3302 3729">
     <span class='ocr_line' id='line_1_81' title="bbox 2177 3654 3302 3729; baseline -0.002 -17"><span class='ocrx_word' id='word_1_585' title='bbox 2177 3661 2374 3723; x_wconf 85' lang='grc' dir='ltr'><strong>ποιεῖν,</strong></span> <span class='ocrx_word' id='word_1_586' title='bbox 2401 3658 2477 3722; x_wconf 85' lang='grc' dir='ltr'><strong>ὡς</strong></span> <span class='ocrx_word' id='word_1_587' title='bbox 2502 3658 2601 3727; x_wconf 83' lang='grc' dir='ltr'><strong>τῆς</strong></span> <span class='ocrx_word' id='word_1_588' title='bbox 2625 3658 2817 3729; x_wconf 75' lang='grc' dir='ltr'><strong>χρείας</strong></span> <span class='ocrx_word' id='word_1_589' title='bbox 2845 3654 3302 3727; x_wconf 80' lang='grc' dir='ltr'><strong>κατεπειγούσης.</strong></span> 
     </span>
    </p>
   </div>
   <div class='ocr_carea' id='block_1_82' title="bbox 2248 3793 3752 3867">
    <p class='ocr_par' dir='ltr' id='par_1_82' title="bbox 2248 3793 3752 3867">
     <span class='ocr_line' id='line_1_82' title="bbox 2248 3793 3752 3867; baseline -0.004 -14"><span class='ocrx_word' id='word_1_590' title='bbox 2248 3798 2501 3854; x_wconf 76' lang='grc' dir='ltr'><strong>ΚΕΦΑΛ.</strong></span> <span class='ocrx_word' id='word_1_591' title='bbox 2538 3796 2896 3866; x_wconf 76' lang='lat' dir='ltr'><strong>lC,&quot;.—Hepi</strong></span> <span class='ocrx_word' id='word_1_592' title='bbox 2920 3795 3028 3851; x_wconf 82' lang='grc' dir='ltr'><strong>τοῦ</strong></span> <span class='ocrx_word' id='word_1_593' title='bbox 3061 3794 3147 3867; x_wconf 80' lang='grc' dir='ltr'><strong>μὴ</strong></span> <span class='ocrx_word' id='word_1_594' title='bbox 3182 3796 3451 3865; x_wconf 72' lang='grc' dir='ltr'><strong>ὀφείλειν</strong></span> <span class='ocrx_word' id='word_1_595' title='bbox 3472 3793 3752 3865; x_wconf 72' lang='grc' dir='ltr'><strong>κληρικὸν</strong></span> 
     </span>
    </p>
   </div>
   <div class='ocr_carea' id='block_1_83' title="bbox 2177 3886 3750 3958">
    <p class='ocr_par' dir='ltr' id='par_1_83' title="bbox 2177 3886 3750 3958">
     <span class='ocr_line' id='line_1_83' title="bbox 2177 3886 3750 3958; baseline -0.003 -13"><span class='ocrx_word' id='word_1_596' title='bbox 2177 3888 2617 3945; x_wconf 81' lang='grc' dir='ltr'><strong>συνεστιᾶσθαι</strong></span> <span class='ocrx_word' id='word_1_597' title='bbox 2653 3886 2730 3954; x_wconf 82' lang='grc' dir='ltr'><strong>τῷ</strong></span> <span class='ocrx_word' id='word_1_598' title='bbox 2760 3886 3293 3958; x_wconf 66' lang='grc' dir='ltr'><strong>δευτερογτιμοῦντι</strong></span> <span class='ocrx_word' id='word_1_599' title='bbox 3326 3886 3365 3958; x_wconf 83' lang='grc' dir='ltr'>ἢ</span> <span class='ocrx_word' id='word_1_600' title='bbox 3405 3888 3750 3957; x_wconf 79' lang='grc' dir='ltr'><strong>παρανόμως</strong></span> 
     </span>
    </p>
   </div>
   <div class='ocr_carea' id='block_1_84' title="bbox 2178 3982 2487 4054">
    <p class='ocr_par' dir='ltr' id='par_1_84' title="bbox 2178 3982 2487 4054">
     <span class='ocr_line' id='line_1_84' title="bbox 2178 3982 2487 4054; baseline -0.01 -16"><span class='ocrx_word' id='word_1_601' title='bbox 2178 3982 2487 4054; x_wconf 78' lang='grc' dir='ltr'><strong>γαμοῦντι.</strong></span> 
     </span>
    </p>
   </div>
   <div class='ocr_carea' id='block_1_85' title="bbox 2420 4090 3521 4161">
    <p class='ocr_par' dir='ltr' id='par_1_85' title="bbox 2420 4090 3521 4161">
     <span class='ocr_line' id='line_1_85' title="bbox 2420 4090 3521 4161; baseline -0.002 -13"><span class='ocrx_word' id='word_1_602' title='bbox 2420 4091 2691 4148; x_wconf 87' lang='grc' dir='ltr'><strong>Συνόδου</strong></span> <span class='ocrx_word' id='word_1_603' title='bbox 2718 4090 3188 4161; x_wconf 78' lang='grc' dir='ltr'><strong>Νεοκαισαρείας</strong></span> <span class='ocrx_word' id='word_1_604' title='bbox 3223 4090 3427 4145; x_wconf 84' lang='grc' dir='ltr'><strong>κανὼν</strong></span> <span class='ocrx_word' id='word_1_605' title='bbox 3453 4090 3521 4156; x_wconf 77' lang='grc' dir='ltr'><strong>ζ’.</strong></span> 
     </span>
    </p>
   </div>
   <div class='ocr_carea' id='block_1_86' title="bbox 2249 4206 3749 4284">
    <p class='ocr_par' dir='ltr' id='par_1_86' title="bbox 2249 4206 3749 4284">
     <span class='ocr_line' id='line_1_86' title="bbox 2249 4206 3749 4284; baseline -0.006 -17"><span class='ocrx_word' id='word_1_606' title='bbox 2249 4213 2315 4277; x_wconf 78' lang='grc' dir='ltr'><strong>ζ’.</strong></span> <span class='ocrx_word' id='word_1_607' title='bbox 2352 4209 2732 4284; x_wconf 76' lang='grc' dir='ltr'><strong>Πρεσϐύτερον</strong></span> <span class='ocrx_word' id='word_1_608' title='bbox 2763 4209 2844 4273; x_wconf 87' lang='grc' dir='ltr'><strong>είς</strong></span> <span class='ocrx_word' id='word_1_609' title='bbox 2868 4208 3049 4279; x_wconf 84' lang='grc' dir='ltr'><strong>γάμον</strong></span> <span class='ocrx_word' id='word_1_610' title='bbox 3084 4207 3443 4279; x_wconf 82' lang='grc' dir='ltr'><strong>διγαμοῦντος</strong></span> <span class='ocrx_word' id='word_1_611' title='bbox 3478 4208 3557 4278; x_wconf 83' lang='grc' dir='ltr'><strong>μὴ</strong></span> <span class='ocrx_word' id='word_1_612' title='bbox 3587 4206 3749 4260; x_wconf 80' lang='grc' dir='ltr'><strong>ἑστιᾶ-</strong></span> 
     </span>
    </p>
   </div>
   <div class='ocr_carea' id='block_1_87' title="bbox 2180 4296 3747 4375">
    <p class='ocr_par' dir='ltr' id='par_1_87' title="bbox 2180 4296 3747 4375">
     <span class='ocr_line' id='line_1_87' title="bbox 2180 4296 3747 4375; baseline -0.007 -16"><span class='ocrx_word' id='word_1_613' title='bbox 2180 4308 2337 4359; x_wconf 80' lang='grc' dir='ltr'><strong>σθαιο</strong></span> <span class='ocrx_word' id='word_1_614' title='bbox 2381 4304 2507 4358; x_wconf 71' lang='grc' dir='ltr'><strong>ἐπεὶ</strong></span> <span class='ocrx_word' id='word_1_615' title='bbox 2558 4302 2851 4375; x_wconf 88' lang='grc' dir='ltr'><strong>μετάνοιαν</strong></span> <span class='ocrx_word' id='word_1_616' title='bbox 2899 4300 3181 4366; x_wconf 79' lang='grc' dir='ltr'><strong>αἰτοῦντος</strong></span> <span class='ocrx_word' id='word_1_617' title='bbox 3231 4301 3326 4355; x_wconf 82' lang='grc' dir='ltr'><strong>τοῦ</strong></span> <span class='ocrx_word' id='word_1_618' title='bbox 3387 4301 3641 4372; x_wconf 86' lang='grc' dir='ltr'><strong>διγάμου,</strong></span> <span class='ocrx_word' id='word_1_619' title='bbox 3674 4296 3747 4358; x_wconf 86' lang='grc' dir='ltr'><strong>τίς</strong></span> 
     </span>
    </p>
   </div>
   <div class='ocr_carea' id='block_1_88' title="bbox 2177 4389 3742 4469">
    <p class='ocr_par' dir='ltr' id='par_1_88' title="bbox 2177 4389 3742 4469">
     <span class='ocr_line' id='line_1_88' title="bbox 2177 4389 3742 4469; baseline -0.006 -16"><span class='ocrx_word' id='word_1_620' title='bbox 2177 4399 2332 4453; x_wconf 76' lang='grc' dir='ltr'><strong>ἔσται</strong></span> <span class='ocrx_word' id='word_1_621' title='bbox 2361 4398 2391 4452; x_wconf 84' lang='grc' dir='ltr'><strong>ὁ</strong></span> <span class='ocrx_word' id='word_1_622' title='bbox 2438 4396 2808 4469; x_wconf 78' lang='grc' dir='ltr'><strong>πρεσϐύτερος</strong></span> <span class='ocrx_word' id='word_1_623' title='bbox 2836 4398 2864 4451; x_wconf 86' lang='grc' dir='ltr'>ὁ</span> <span class='ocrx_word' id='word_1_624' title='bbox 2904 4395 2996 4450; x_wconf 81' lang='grc' dir='ltr'><strong>διὰ</strong></span> <span class='ocrx_word' id='word_1_625' title='bbox 3022 4395 3126 4468; x_wconf 84' lang='grc' dir='ltr'><strong>τῆς</strong></span> <span class='ocrx_word' id='word_1_626' title='bbox 3175 4395 3469 4459; x_wconf 75' lang='grc' dir='ltr'><strong>ἑστιάσεως</strong></span> <span class='ocrx_word' id='word_1_627' title='bbox 3524 4396 3631 4457; x_wconf 79' lang='grc' dir='ltr'><strong>τοῖς</strong></span> <span class='ocrx_word' id='word_1_628' title='bbox 3654 4389 3742 4461; x_wconf 81' lang='grc' dir='ltr'><strong>γά·</strong></span> 
     </span>
    </p>
   </div>
   <div class='ocr_carea' id='block_1_89' title="bbox 2184 4486 2908 4561">
    <p class='ocr_par' dir='ltr' id='par_1_89' title="bbox 2184 4486 2908 4561">
     <span class='ocr_line' id='line_1_89' title="bbox 2184 4486 2908 4561; baseline -0.008 -16"><span class='ocrx_word' id='word_1_629' title='bbox 2184 4505 2307 4561; x_wconf 88' lang='grc' dir='ltr'><strong>μοις</strong></span> <span class='ocrx_word' id='word_1_630' title='bbox 2340 4486 2873 4557; x_wconf 85' lang='grc' dir='ltr'><strong>συγκατατιθέμενος</strong></span> <span class='ocrx_word' id='word_1_631' title='bbox 2893 4503 2908 4550; x_wconf 86' lang='grc'>;</span> 
     </span>
    </p>
   </div>
   <div class='ocr_carea' id='block_1_90' title="bbox 2654 4678 3287 4752">
    <p class='ocr_par' dir='ltr' id='par_1_90' title="bbox 2654 4678 3287 4752">
     <span class='ocr_line' id='line_1_90' title="bbox 2654 4678 3287 4752; baseline -0.008 -15"><span class='ocrx_word' id='word_1_632' title='bbox 2654 4678 2934 4752; x_wconf 76' lang='grc' dir='ltr'><strong>Τιμοθέου</strong></span> <span class='ocrx_word' id='word_1_633' title='bbox 2959 4680 3163 4735; x_wconf 79' lang='grc' dir='ltr'><strong>κανὼν</strong></span> <span class='ocrx_word' id='word_1_634' title='bbox 3196 4678 3287 4733; x_wconf 82' lang='grc' dir='ltr'><strong>ια’.</strong></span> 
     </span>
    </p>
   </div>
   <div class='ocr_carea' id='block_1_91' title="bbox 2264 4811 3743 4890">
    <p class='ocr_par' dir='ltr' id='par_1_91' title="bbox 2264 4811 3743 4890">
     <span class='ocr_line' id='line_1_91' title="bbox 2264 4811 3743 4890; baseline -0.008 -15"><span class='ocrx_word' id='word_1_635' title='bbox 2264 4821 2610 4890; x_wconf 82' lang='grc' dir='ltr'><strong>Ἐρώτησις.</strong></span> <span class='ocrx_word' id='word_1_636' title='bbox 2644 4816 2735 4871; x_wconf 73' lang='grc' dir='ltr'><strong>ια’.</strong></span> <span class='ocrx_word' id='word_1_637' title='bbox 2781 4816 2907 4871; x_wconf 85' lang='grc' dir='ltr'><strong>Ἐάν</strong></span> <span class='ocrx_word' id='word_1_638' title='bbox 2949 4834 3038 4882; x_wconf 88' lang='grc' dir='ltr'><strong>τις</strong></span> <span class='ocrx_word' id='word_1_639' title='bbox 3066 4815 3273 4890; x_wconf 77' lang='grc' dir='ltr'><strong>καλέσῃ</strong></span> <span class='ocrx_word' id='word_1_640' title='bbox 3303 4816 3565 4887; x_wconf 78' lang='grc' dir='ltr'><strong>κληρικὸν</strong></span> <span class='ocrx_word' id='word_1_641' title='bbox 3592 4815 3666 4877; x_wconf 81' lang='grc' dir='ltr'><strong>εἰς</strong></span> <span class='ocrx_word' id='word_1_642' title='bbox 3690 4811 3743 4864; x_wconf 86' lang='grc' dir='ltr'><strong>τὸ</strong></span> 
     </span>
    </p>
   </div>
   <div class='ocr_carea' id='block_1_92' title="bbox 492 4885 2073 4984">
    <p class='ocr_par' dir='ltr' id='par_1_92' title="bbox 492 4885 2073 4957">
     <span class='ocr_line' id='line_1_92' title="bbox 492 4885 2073 4957; baseline 0.006 -17"><span class='ocrx_word' id='word_1_643' title='bbox 492 4885 843 4941; x_wconf 87' lang='lat' dir='ltr'><strong>matrimonio</strong></span> <span class='ocrx_word' id='word_1_644' title='bbox 874 4886 1196 4957; x_wconf 85' lang='lat' dir='ltr'><strong>conjungat,</strong></span> <span class='ocrx_word' id='word_1_645' title='bbox 1240 4888 1427 4942; x_wconf 87' lang='lat' dir='ltr'><strong>audiat</strong></span> <span class='ocrx_word' id='word_1_646' title='bbox 1455 4895 1636 4946; x_wconf 86' lang='lat' dir='ltr'><strong>autem</strong></span> <span class='ocrx_word' id='word_1_647' title='bbox 1671 4905 1793 4949; x_wconf 90' lang='lat' dir='ltr'><strong>esse</strong></span> <span class='ocrx_word' id='word_1_648' title='bbox 1832 4893 2073 4951; x_wconf 86' lang='lat' dir='ltr'><strong>illicitum</strong></span> 
     </span>
    </p>
   </div>
   <div class='ocr_carea' id='block_1_93' title="bbox 2177 4885 3740 4984">
    <p class='ocr_par' dir='ltr' id='par_1_93' title="bbox 2177 4885 3740 4984">
     <span class='ocr_line' id='line_1_93' title="bbox 2177 4885 3740 4984; baseline -0.007 -15"><span class='ocrx_word' id='word_1_649' title='bbox 2177 4885 2367 4981; x_wconf 75' lang='grc' dir='ltr'><strong>ζεῦξαι</strong></span> <span class='ocrx_word' id='word_1_650' title='bbox 2404 4885 2605 4984; x_wconf 83' lang='grc' dir='ltr'><strong>γάμον,</strong></span> <span class='ocrx_word' id='word_1_651' title='bbox 2635 4909 2845 4983; x_wconf 79' lang='grc' dir='ltr'><strong>ἀκούσῃ</strong></span> <span class='ocrx_word' id='word_1_652' title='bbox 2891 4909 2949 4964; x_wconf 78' lang='grc' dir='ltr'><strong>δὲ</strong></span> <span class='ocrx_word' id='word_1_653' title='bbox 2995 4910 3086 4964; x_wconf 89' lang='grc' dir='ltr'><strong>τὸν</strong></span> <span class='ocrx_word' id='word_1_654' title='bbox 3128 4885 3339 4982; x_wconf 53' lang='grc' dir='ltr'><strong>γάμονί</strong></span> <span class='ocrx_word' id='word_1_655' title='bbox 3360 4885 3740 4980; x_wconf 77' lang='grc' dir='ltr'><strong>παράνομον,ἢ</strong></span> 
     </span>
    </p>
   </div>
   <div class='ocr_carea' id='block_1_94' title="bbox 495 4976 2095 5084">
    <p class='ocr_par' dir='ltr' id='par_1_94' title="bbox 495 4976 2095 5084">
     <span class='ocr_line' id='line_1_94' title="bbox 495 4976 2095 5084; baseline 0.006 -54"><span class='ocrx_word' id='word_1_656' title='bbox 495 4976 943 5045; x_wconf 77' lang='lat' dir='ltr'><strong>matrimonium,</strong></span> <span class='ocrx_word' id='word_1_657' title='bbox 997 4986 1185 5049; x_wconf 89' lang='lat' dir='ltr'><strong>utpote</strong></span> <span class='ocrx_word' id='word_1_658' title='bbox 1233 4978 1317 5034; x_wconf 88' lang='lat' dir='ltr'><strong>vel</strong></span> <span class='ocrx_word' id='word_1_659' title='bbox 1368 4980 1549 5035; x_wconf 68' lang='lat' dir='ltr'><strong>amita:</strong></span> <span class='ocrx_word' id='word_1_660' title='bbox 1599 4983 1940 5054; x_wconf 81' lang='lat' dir='ltr'><strong>conjugium,</strong></span> <span class='ocrx_word' id='word_1_661' title='bbox 1992 4986 2095 5084; x_wconf 45' lang='lat' dir='ltr'><strong>vel</strong></span> 
     </span>
    </p>
   </div>
   <div class='ocr_carea' id='block_1_95' title="bbox 492 5066 2073 5146">
    <p class='ocr_par' dir='ltr' id='par_1_95' title="bbox 492 5066 2073 5146">
     <span class='ocr_line' id='line_1_95' title="bbox 492 5066 2073 5146; baseline 0.006 -22"><span class='ocrx_word' id='word_1_662' title='bbox 492 5066 767 5125; x_wconf 60' lang='lat' dir='ltr'><strong>defuncta:</strong></span> <span class='ocrx_word' id='word_1_663' title='bbox 792 5072 983 5126; x_wconf 82' lang='lat' dir='ltr'><strong>uxoris</strong></span> <span class='ocrx_word' id='word_1_664' title='bbox 1011 5086 1134 5127; x_wconf 87' lang='lat' dir='ltr'><strong>esse</strong></span> <span class='ocrx_word' id='word_1_665' title='bbox 1160 5084 1406 5127; x_wconf 88' lang='lat' dir='ltr'><strong>sororem</strong></span> <span class='ocrx_word' id='word_1_666' title='bbox 1438 5090 1579 5141; x_wconf 86' lang='lat' dir='ltr'><strong>eam,</strong></span> <span class='ocrx_word' id='word_1_667' title='bbox 1608 5091 1730 5146; x_wconf 63' lang='lat' dir='ltr'><strong>qua:</strong></span> <span class='ocrx_word' id='word_1_668' title='bbox 1760 5085 1846 5131; x_wconf 90' lang='lat' dir='ltr'><strong>est</strong></span> <span class='ocrx_word' id='word_1_669' title='bbox 1878 5066 2073 5133; x_wconf 71' lang='lat' dir='ltr'><strong>matri:</strong></span> 
     </span>
    </p>
   </div>
   <div class='ocr_carea' id='block_1_96' title="bbox 2178 4996 3741 5077">
    <p class='ocr_par' dir='ltr' id='par_1_96' title="bbox 2178 4996 3741 5077">
     <span class='ocr_line' id='line_1_96' title="bbox 2178 4996 3741 5077; baseline -0.007 -16"><span class='ocrx_word' id='word_1_670' title='bbox 2178 5006 2524 5077; x_wconf 85' lang='grc' dir='ltr'><strong>θειογαμιαν,</strong></span> <span class='ocrx_word' id='word_1_671' title='bbox 2557 5004 2590 5075; x_wconf 77' lang='grc' dir='ltr'>ἢ</span> <span class='ocrx_word' id='word_1_672' title='bbox 2624 5002 2756 5072; x_wconf 79' lang='grc' dir='ltr'>γοῦν</span> <span class='ocrx_word' id='word_1_673' title='bbox 2789 5002 3024 5073; x_wconf 83' lang='grc' dir='ltr'><strong>ἀδελφὴν</strong></span> <span class='ocrx_word' id='word_1_674' title='bbox 3067 5002 3473 5074; x_wconf 80' lang='grc' dir='ltr'><strong>τελευτησάσης</strong></span> <span class='ocrx_word' id='word_1_675' title='bbox 3508 4996 3741 5071; x_wconf 82' lang='grc' dir='ltr'><strong>γυναικὸς</strong></span> 
     </span>
    </p>
   </div>
   <div class='ocr_carea' id='block_1_97' title="bbox 2173 5094 3738 5171">
    <p class='ocr_par' dir='ltr' id='par_1_97' title="bbox 2173 5094 3738 5171">
     <span class='ocr_line' id='line_1_97' title="bbox 2173 5094 3738 5171; baseline -0.004 -19"><span class='ocrx_word' id='word_1_676' title='bbox 2173 5100 2273 5171; x_wconf 84' lang='grc' dir='ltr'><strong>τὴν</strong></span> <span class='ocrx_word' id='word_1_677' title='bbox 2308 5099 2608 5169; x_wconf 83' lang='grc' dir='ltr'><strong>μέλλουσαν</strong></span> <span class='ocrx_word' id='word_1_678' title='bbox 2638 5096 2988 5166; x_wconf 78' lang='grc' dir='ltr'><strong>ζεύγνυσθαι,</strong></span> <span class='ocrx_word' id='word_1_679' title='bbox 3042 5096 3094 5149; x_wconf 81' lang='grc' dir='ltr'><strong>εί</strong></span> <span class='ocrx_word' id='word_1_680' title='bbox 3148 5096 3355 5166; x_wconf 77' lang='grc' dir='ltr'><strong>ὀφείλει</strong></span> <span class='ocrx_word' id='word_1_681' title='bbox 3404 5094 3738 5164; x_wconf 78' lang='grc' dir='ltr'><strong>ἀκολουθῆσαι</strong></span> 
     </span>
    </p>
   </div>
   <div class='ocr_carea' id='block_1_98' title="bbox 494 5161 2073 5262">
    <p class='ocr_par' dir='ltr' id='par_1_98' title="bbox 494 5161 2071 5237">
     <span class='ocr_line' id='line_1_98' title="bbox 494 5161 2071 5237; baseline 0.008 -24"><span class='ocrx_word' id='word_1_682' title='bbox 494 5161 681 5216; x_wconf 90' lang='lat' dir='ltr'><strong>monio</strong></span> <span class='ocrx_word' id='word_1_683' title='bbox 720 5163 1137 5235; x_wconf 72' lang='lat' dir='ltr'><strong>coniungenda,</strong></span> <span class='ocrx_word' id='word_1_684' title='bbox 1185 5163 1416 5219; x_wconf 89' lang='lat' dir='ltr'><strong>debetne</strong></span> <span class='ocrx_word' id='word_1_685' title='bbox 1462 5167 1621 5237; x_wconf 90' lang='lat' dir='ltr'><strong>sequi</strong></span> <span class='ocrx_word' id='word_1_686' title='bbox 1677 5168 1944 5236; x_wconf 89' lang='lat' dir='ltr'><strong>clericus,</strong></span> <span class='ocrx_word' id='word_1_687' title='bbox 1987 5171 2071 5227; x_wconf 82' lang='lat' dir='ltr'><strong>vel</strong></span> 
     </span>
    </p>
   </div>
   <div class='ocr_carea' id='block_1_99' title="bbox 2177 5161 3197 5262">
    <p class='ocr_par' dir='ltr' id='par_1_99' title="bbox 2177 5161 3197 5262">
     <span class='ocr_line' id='line_1_99' title="bbox 2177 5161 3197 5262; baseline -0.003 -19"><span class='ocrx_word' id='word_1_688' title='bbox 2177 5190 2197 5243; x_wconf 76' lang='lat'><strong>5</strong></span> <span class='ocrx_word' id='word_1_689' title='bbox 2226 5161 2485 5262; x_wconf 57' lang='lat' dir='ltr'><strong>ukqptxb;</strong></span> <span class='ocrx_word' id='word_1_690' title='bbox 2514 5188 2548 5260; x_wconf 77' lang='grc' dir='ltr'><strong>ἢ</strong></span> <span class='ocrx_word' id='word_1_691' title='bbox 2603 5161 2921 5261; x_wconf 46' lang='grc' dir='ltr'><strong>προσφορὰν</strong></span> <span class='ocrx_word' id='word_1_692' title='bbox 2948 5161 3197 5259; x_wconf 57' lang='grc' dir='ltr'><strong>ποιῆσαι,</strong></span> 
     </span>
    </p>
   </div>
   <div class='ocr_carea' id='block_1_100' title="bbox 493 5252 1083 5309">
    <p class='ocr_par' dir='ltr' id='par_1_100' title="bbox 493 5252 1083 5309">
     <span class='ocr_line' id='line_1_100' title="bbox 493 5252 1083 5309; baseline 0.003 -4"><span class='ocrx_word' id='word_1_693' title='bbox 493 5252 674 5307; x_wconf 76' lang='lat' dir='ltr'><strong>facere</strong></span> <span class='ocrx_word' id='word_1_694' title='bbox 702 5254 1033 5309; x_wconf 86' lang='lat' dir='ltr'><strong>oblationem</strong></span> <span class='ocrx_word' id='word_1_695' title='bbox 1059 5252 1083 5307; x_wconf 82' lang='lat'><strong>?</strong></span> 
     </span>
    </p>
   </div>
   <div class='ocr_carea' id='block_1_101' title="bbox 566 5366 2076 5438">
    <p class='ocr_par' dir='ltr' id='par_1_101' title="bbox 566 5366 2076 5438">
     <span class='ocr_line' id='line_1_101' title="bbox 566 5366 2076 5438; baseline 0.011 -18"><span class='ocrx_word' id='word_1_696' title='bbox 566 5366 875 5438; x_wconf 83' lang='lat' dir='ltr'><strong>Responsio.</strong></span> <span class='ocrx_word' id='word_1_697' title='bbox 922 5368 1043 5429; x_wconf 85' lang='lat' dir='ltr'><strong>Uno</strong></span> <span class='ocrx_word' id='word_1_698' title='bbox 1091 5371 1259 5428; x_wconf 87' lang='lat' dir='ltr'><strong>verbo</strong></span> <span class='ocrx_word' id='word_1_699' title='bbox 1313 5373 1429 5430; x_wconf 84' lang='lat' dir='ltr'><strong>dixi</strong></span> <span class='ocrx_word' id='word_1_700' title='bbox 1472 5391 1487 5431; x_wconf 91' lang='lat'><strong>:</strong></span> <span class='ocrx_word' id='word_1_701' title='bbox 1532 5375 1591 5430; x_wconf 92' lang='lat' dir='ltr'><strong>Si</strong></span> <span class='ocrx_word' id='word_1_702' title='bbox 1650 5376 1920 5433; x_wconf 87' lang='lat' dir='ltr'><strong>audiverit</strong></span> <span class='ocrx_word' id='word_1_703' title='bbox 1962 5379 2076 5435; x_wconf 84' lang='lat' dir='ltr'><strong>cle-</strong></span> 
     </span>
    </p>
   </div>
   <div class='ocr_carea' id='block_1_102' title="bbox 493 5460 2075 5534">
    <p class='ocr_par' dir='ltr' id='par_1_102' title="bbox 493 5460 2075 5534">
     <span class='ocr_line' id='line_1_102' title="bbox 493 5460 2075 5534; baseline 0.01 -20"><span class='ocrx_word' id='word_1_704' title='bbox 493 5460 643 5517; x_wconf 88' lang='lat' dir='ltr'><strong>ricus</strong></span> <span class='ocrx_word' id='word_1_705' title='bbox 707 5462 955 5518; x_wconf 88' lang='lat' dir='ltr'><strong>illicitum</strong></span> <span class='ocrx_word' id='word_1_706' title='bbox 1017 5466 1461 5534; x_wconf 89' lang='lat' dir='ltr'><strong>matrimonium,</strong></span> <span class='ocrx_word' id='word_1_707' title='bbox 1516 5485 1627 5526; x_wconf 91' lang='lat' dir='ltr'><strong>non</strong></span> <span class='ocrx_word' id='word_1_708' title='bbox 1673 5471 1836 5528; x_wconf 85' lang='lat' dir='ltr'><strong>debet</strong></span> <span class='ocrx_word' id='word_1_709' title='bbox 1876 5473 2075 5530; x_wconf 85' lang='lat' dir='ltr'><strong>alienis</strong></span> 
     </span>
    </p>
   </div>
   <div class='ocr_carea' id='block_1_103' title="bbox 494 5558 1776 5634">
    <p class='ocr_par' dir='ltr' id='par_1_103' title="bbox 494 5558 1776 5634">
     <span class='ocr_line' id='line_1_103' title="bbox 494 5558 1776 5634; baseline 0.008 -23"><span class='ocrx_word' id='word_1_710' title='bbox 494 5558 733 5625; x_wconf 81' lang='lat' dir='ltr'><strong>peccatis</strong></span> <span class='ocrx_word' id='word_1_711' title='bbox 753 5558 1183 5627; x_wconf 80' lang='lat' dir='ltr'><strong>communicare,</strong></span> <span class='ocrx_word' id='word_1_712' title='bbox 1208 5572 1267 5617; x_wconf 82' lang='lat' dir='ltr'><strong>ut</strong></span> <span class='ocrx_word' id='word_1_713' title='bbox 1290 5562 1423 5618; x_wconf 88' lang='lat' dir='ltr'><strong>dicit</strong></span> <span class='ocrx_word' id='word_1_714' title='bbox 1457 5564 1776 5634; x_wconf 82' lang='lat' dir='ltr'><strong>Apostolus.</strong></span> 
     </span>
    </p>
   </div>
   <div class='ocr_carea' id='block_1_104' title="bbox 570 5839 1589 5916">
    <p class='ocr_par' dir='ltr' id='par_1_104' title="bbox 570 5839 1589 5916">
     <span class='ocr_line' id='line_1_104' title="bbox 570 5839 1589 5916; baseline 0.008 -20"><span class='ocrx_word' id='word_1_715' title='bbox 570 5839 587 5871; x_wconf 63' lang='grc' dir='ltr'><strong>θ</strong></span> <span class='ocrx_word' id='word_1_716' title='bbox 619 5840 809 5900; x_wconf 74' lang='lat' dir='ltr'><strong>Matth.</strong></span> <span class='ocrx_word' id='word_1_717' title='bbox 840 5861 892 5911; x_wconf 81' lang='grc' dir='ltr'><strong>ν,</strong></span> <span class='ocrx_word' id='word_1_718' title='bbox 923 5844 1017 5901; x_wconf 74' lang='lat'><strong>9.8.</strong></span> <span class='ocrx_word' id='word_1_719' title='bbox 1094 5848 1111 5877; x_wconf 82' lang='lat'><strong>’</strong></span> <span class='ocrx_word' id='word_1_720' title='bbox 1143 5848 1161 5902; x_wconf 87' lang='grc' dir='ltr'>Ι</span> <span class='ocrx_word' id='word_1_721' title='bbox 1190 5849 1315 5903; x_wconf 81' lang='lat' dir='ltr'><strong>Cur.</strong></span> <span class='ocrx_word' id='word_1_722' title='bbox 1347 5865 1422 5916; x_wconf 75' lang='lat' dir='ltr'><strong>vn,</strong></span> <span class='ocrx_word' id='word_1_723' title='bbox 1456 5850 1502 5916; x_wconf 81' lang='lat' dir='ltr'><strong>I,</strong></span> <span class='ocrx_word' id='word_1_724' title='bbox 1536 5850 1589 5905; x_wconf 76' lang='lat'><strong>‘2.</strong></span> 
     </span>
    </p>
   </div>
   <div class='ocr_carea' id='block_1_105' title="bbox 1669 5852 2108 5915">
    <p class='ocr_par' dir='ltr' id='par_1_105' title="bbox 1669 5852 2108 5915">
     <span class='ocr_line' id='line_1_105' title="bbox 1669 5852 2108 5915; baseline -0.007 -8"><span class='ocrx_word' id='word_1_725' title='bbox 1669 5853 1688 5881; x_wconf 81' lang='grc'><strong>³</strong></span> <span class='ocrx_word' id='word_1_726' title='bbox 1719 5852 1909 5908; x_wconf 79' lang='lat' dir='ltr'><strong>Amos.</strong></span> <span class='ocrx_word' id='word_1_727' title='bbox 1949 5870 2011 5915; x_wconf 66' lang='lat' dir='ltr'><strong>Vl;</strong></span> 
     </span>
    </p>
   </div>
   <div class='ocr_carea' id='block_1_106' title="bbox 2270 5378 3734 5458">
    <p class='ocr_par' dir='ltr' id='par_1_106' title="bbox 2270 5378 3734 5458">
     <span class='ocr_line' id='line_1_106' title="bbox 2270 5378 3734 5458; baseline -0.006 -16"><span class='ocrx_word' id='word_1_728' title='bbox 2270 5387 2624 5455; x_wconf 79' lang='grc' dir='ltr'><strong>Ἀπόκρισις.</strong></span> <span class='ocrx_word' id='word_1_729' title='bbox 2655 5383 2836 5450; x_wconf 77' lang='grc' dir='ltr'><strong>Ἂπαξ</strong></span> <span class='ocrx_word' id='word_1_730' title='bbox 2862 5380 3043 5438; x_wconf 76' lang='grc' dir='ltr'><strong>εἷπον·</strong></span> <span class='ocrx_word' id='word_1_731' title='bbox 3074 5385 3201 5439; x_wconf 83' lang='grc' dir='ltr'><strong>Ἐάν</strong></span> <span class='ocrx_word' id='word_1_732' title='bbox 3218 5384 3426 5458; x_wconf 75' lang='grc' dir='ltr'><strong>ἀκούσῃ</strong></span> <span class='ocrx_word' id='word_1_733' title='bbox 3455 5385 3482 5438; x_wconf 88' lang='grc' dir='ltr'><strong>ό</strong></span> <span class='ocrx_word' id='word_1_734' title='bbox 3504 5378 3734 5454; x_wconf 82' lang='grc' dir='ltr'><strong>κληρικὸς</strong></span> 
     </span>
    </p>
   </div>
   <div class='ocr_carea' id='block_1_107' title="bbox 2183 5471 3732 5550">
    <p class='ocr_par' dir='ltr' id='par_1_107' title="bbox 2183 5471 3732 5550">
     <span class='ocr_line' id='line_1_107' title="bbox 2183 5471 3732 5550; baseline -0.006 -17"><span class='ocrx_word' id='word_1_735' title='bbox 2183 5479 2273 5533; x_wconf 89' lang='grc' dir='ltr'><strong>τὸν</strong></span> <span class='ocrx_word' id='word_1_736' title='bbox 2310 5480 2487 5550; x_wconf 86' lang='grc' dir='ltr'><strong>γάμον</strong></span> <span class='ocrx_word' id='word_1_737' title='bbox 2532 5479 2867 5549; x_wconf 88' lang='grc' dir='ltr'><strong>παράνομον,</strong></span> <span class='ocrx_word' id='word_1_738' title='bbox 2916 5480 3017 5533; x_wconf 79' lang='grc' dir='ltr'><strong>οὐκ</strong></span> <span class='ocrx_word' id='word_1_739' title='bbox 3050 5479 3255 5548; x_wconf 70' lang='grc' dir='ltr'><strong>ὀφείλει</strong></span> <span class='ocrx_word' id='word_1_740' title='bbox 3302 5479 3572 5532; x_wconf 85' lang='grc' dir='ltr'><strong>κοινωνεῖν</strong></span> <span class='ocrx_word' id='word_1_741' title='bbox 3597 5471 3732 5528; x_wconf 80' lang='grc' dir='ltr'><strong>ἁλλο-</strong></span> 
     </span>
    </p>
   </div>
   <div class='ocr_carea' id='block_1_108' title="bbox 2183 5570 3558 5644">
    <p class='ocr_par' dir='ltr' id='par_1_108' title="bbox 2183 5570 3558 5644">
     <span class='ocr_line' id='line_1_108' title="bbox 2183 5570 3558 5644; baseline -0.002 -19"><span class='ocrx_word' id='word_1_742' title='bbox 2183 5573 2361 5644; x_wconf 82' lang='grc' dir='ltr'><strong>τρίαις</strong></span> <span class='ocrx_word' id='word_1_743' title='bbox 2391 5571 2709 5643; x_wconf 84' lang='grc' dir='ltr'><strong>ἁμαρτίαις,</strong></span> <span class='ocrx_word' id='word_1_744' title='bbox 2750 5570 2933 5637; x_wconf 79' lang='grc' dir='ltr'><strong>καθώς</strong></span> <span class='ocrx_word' id='word_1_745' title='bbox 2955 5588 3119 5641; x_wconf 80' lang='grc' dir='ltr'><strong>φησιν</strong></span> <span class='ocrx_word' id='word_1_746' title='bbox 3153 5572 3181 5622; x_wconf 84' lang='grc' dir='ltr'>ὁ</span> <span class='ocrx_word' id='word_1_747' title='bbox 3220 5570 3558 5635; x_wconf 83' lang='grc' dir='ltr'><strong>Ἀπόστολος.</strong></span> 
     </span>
    </p>
   </div>
  </div>
