4012 6462
158 372 262 439 693

896 381 1298 445 SYN'I'AGMA
1323 382 1713 444 CANONUM.
1750 408 1817 420 -
1855 383 2006 446 TIT.
2035 384 2202 459 VIII,
2236 384 2400 448 CAP.
2437 381 2771 445 XVI-XIX.

3352 365 3462 435 694

229 490 503 546 ΚΕΦᾹΛ.
537 495 650 548 ιΖο·
668 524 737 537 —-
760 494 901 565 Περὶ
930 497 1038 552 τοῦ
1061 496 1260 569 μηδὲν
1279 498 1424 567 τοὺς
1458 498 1783 568 κληρικοὺς

1958 498 2121 570 225
2153 498 2306 556 CAP.
2338 497 2503 553 XVII.
2532 527 2604 539 --
2632 495 2714 551 Ne
2757 493 2937 550 clerici
2981 489 3269 564 quidquam
3299 500 3463 561 agant

159 578 359 637 ποιεῖν
392 580 563 638 ἄνευ
598 584 718 639 τῶν
737 585 1088 641 ἐπισκόπων
1120 589 1343 645 αὐτῶν.

620 679 1002 734 Ἀποστόλων
1036 683 1238 737 κανὼν
1263 684 1341 738 λθ¹

228 767 332 826 λθ’.
371 771 445 826 Oi
481 770 867 843 πρεσϐύτεροι
896 772 1007 825 καὶ.
1027 773 1284 841 διάκονοι,
1312 795 1369 834 κ.
1399 795 1452 834 τ.
1484 778 1534 836 λ.

234 863 362 916 Ὀτι
394 864 465 916 οὐ
502 864 598 917 δεῖ
623 864 681 917 ἐν
710 866 831 929 ταῖς
855 866 1095 936 κώμαις,
1133 885 1188 922 κ.
1216 886 1270 924 τ.
1306 869 1358 923 λ.

164 948 447 1030 Συγόδου
476 950 976 1030 Χαλκηδόνοςέκ
1013 954 1125 1030 τῆς
1161 957 1445 1030 τετάρτης
1480 960 1773 1030 πράξεως,

238 1018 393 1102 iraa
451 1023 782 1102 ρ’κοπεῖται
832 1023 899 1102 to
929 1018 1589 1102 ⁵οιεςριίζιαιοιι·’τὸ’ξθιαὲὰ

232 1090 640 1158 ἐπισκόπους
670 1092 812 1159 τοὺς
842 1094 943 1148 ἀπ’
960 1090 1282 1165 Αιᾶὐπτου,
1314 1106 1384 1155 α’.

236 1182 303 1236 Ol
342 1182 949 1257 μεγαλοπρεπέστατα
988 1190 1083 1243 καὶ
1116 1191 1456 1257 ἐνδοξόταται
1493 1194 1773 1268 ἄρχοντες,

170 1273 260 1325 καὶ
282 1274 317 1343 ἡ
347 1274 662 1349 ὑπερφυὴς
693 1277 997 1350 σύγκλητος
1027 1277 1185 1336 εῐπεν
1223 1301 1238 1317 ο

236 1370 307 1420 α’.
359 1364 608 1440 Ἐπειδὴ
638 1370 684 1423 οἱ
723 1369 1109 1426 εὐλαϐέστατοι
1138 1373 1427 1430 ἐπίσκοποι
1468 1378 1579 1433 τῶν
1608 1381 1777 1449 Δίγυ-

172 1454 364 1518 πτίων,
416 1457 526 1526 οὐχ
560 1457 641 1522 ὡς
670 1458 970 1530 μαχόμενοι
993 1463 1059 1532 τῇ
1093 1463 1356 1536 καθολικῇ
1403 1465 1608 1533 πίστει,
1646 1470 1778 1523 ὐπο-

174 1548 383 1618 γράψαι
415 1551 487 1619 τῇ
542 1550 809 1623 ἐπιστολῇ
855 1552 949 1605 τοῦ
1000 1553 1298 1608 ὀσιωτάτου
1341 1559 1775 1629 ἀρχιεπισκόπου

170 1636 422 1705 Λέοντος,
454 1639 560 1693 ἐπὶ
588 1640 682 1694 τοῦ
706 1642 970 1714 παρόντος
1001 1644 1345 1715 ἀνεϐάλοντο,
1368 1649 1506 1704 ἀλλὰ
1536 1653 1775 1721 φάσκον-

174 1749 258 1794 τες
293 1731 417 1796 ἐθος
468 1730 624 1787 εἶναι
658 1736 718 1788 ἐν
764 1738 829 1807 τῇ
884 1736 1236 1812 Αἰγυπτιακῇ
1287 1739 1573 1813 διοικήσει,
1623 1745 1779 1817 παρὰ

1876 586 1991 642 sine
2028 588 2141 642 suis
2171 588 2452 659 episcopis.

2318 679 2693 749 Apostolorum
2721 690 2890 731 canon
2927 673 3020 729 39.

1943 768 2035 829 39.
2063 769 2370 845 Presbyteri
2406 782 2460 827 et
2487 770 2726 833 diaconi,
2759 777 2889 833 etc.,
2916 777 2973 820 ιιι
2994 782 3116 837 pag.
3152 762 3286 819 682.

1942 865 2097 933 Quod
2124 881 2229 921 non
2254 872 2465 935 oportet
2489 864 2544 919 in
2576 863 2732 928 vicis,
2758 871 2889 928 etc.,
2910 867 2968 913 ιιι
3001 874 3127 929 pag.
3165 855 3287 912 507.

1876 956 2105 1014 Concilii
2140 954 2588 1014 Chalcedonensis
2632 969 2695 1009 ea;
2723 953 2930 1007 actione
2955 956 3151 1019 quarta
3191 964 3258 1003 ea;
3288 947 3465 1017 capite

2296 1029 2362 1082 de
2392 1027 2650 1098 episcopis
2682 1022 2932 1095 Egypti,
2967 1022 3019 1076 1.
3104 1084 3117 1097 ⁴

1948 1186 2474 1258 Magniﬁcentissimi
2504 1194 2562 1242 et
2593 1180 2977 1257 gloriosissimi
3002 1179 3221 1253 iudices
3248 1187 3305 1235 et
3332 1193 3454 1232 am-

1875 1280 2157 1351 plissimus
2176 1288 2403 1337 senatus
2418 1281 2676 1336 dixerunt
2702 1297 2717 1334 :

1947 1370 1990 1425 l.
2010 1370 2281 1438 Quoniam
2312 1369 2756 1428 reverendissimi
2792 1369 3034 1440 episcopi
3055 1366 3461 1440 Egyptiorum.

1877 1478 1986 1518 non
2043 1474 2104 1518 ut
2144 1472 2511 1535 repugnantes
2546 1463 2830 1518 catholicae
2858 1461 3005 1527 ﬁdei,
3036 1458 3379 1517 subscribere
3406 1455 3461 1510 in

1877 1556 2127 1625 prementi
2157 1543 2759 1626 distuleruntepistolze
2809 1553 3142 1610 sanctissimi
3186 1548 3461 1617 archiepi-

1877 1649 2032 1720 scopi
2068 1647 2288 1715 Leonis,
2328 1649 2422 1706 sed
2473 1649 2717 1704 dicentes
2761 1646 3215 1703 consuetudinem
3251 1656 3373 1697 esse
3406 1640 3463 1694 in

1877 1737 2199 1811 .Egyptiaca
2241 1741 2485 1812 regione,
2510 1749 2662 1796 extra
2713 1738 3036 1794 sententiam
3083 1734 3462 1806 etjussionem

173 1824 401 1895 γνώμην
450 1827 559 1880 καὶ
600 1827 934 1884 διατύπωσιν
982 1829 1077 1884 τοῦ
1126 1833 1561 1904 ἀρχιεπισκόπου
1610 1839 1776 1909 μηδὲν

1913 1833 2271 1904 rchiepiscopi
2307 1833 2441 1888 nihil
2480 1831 2588 1887 tale
2627 1845 2687 1886 se
2718 1845 2881 1900 posse
2911 1827 3047 1900 (66);
3089 1836 3322 1898 possunt
3363 1839 3464 1878 au-

177 1917 416 1972 τοιοῦτον
440 1923 657 1988 ποιεῖν,
706 1923 801 1976 καὶ
837 1923 1080 1989 ἀξιοῦσιν
1110 1925 1391 1995 ἐνδοθῆνιι
1436 1930 1621 1995 αὐτοῖς
1646 1932 1776 2003 ἄχρι

177 2009 272 2079 τῆς
300 2012 661 2083 χειροτονίας
685 2015 778 2067 τού
807 2014 1070 2086 ἐσομένου
1096 2015 1207 2085 ,τῆς
1238 2017 1631 2091 Ἀλεξανδρέων
1677 2040 1776 2095 με·

178 2102 530 2172 γαλοπόλεως
578 2106 906 2173 ἐπισκόπου,
939 2108 1164 2177 είιλογον
1200 2110 1333 2181 ἡμῖν
1357 2112 1528 2183 ἐφάνη
1559 2114 1653 2167 καλ⁸
1686 2133 1776 2185 φιο

180 2191 523 2265 λᾶνθρωπον,
558 2195 706 2249 ὥστε
751 2196 937 2260 αὐτοῖς
989 2199 1241 2268 μένουσιν
1296 2202 1393 2255 ἐπὶ
1441 2201 1537 2256 τοῦ
1589 2205 1777 2275 ὁμοίου

186 2286 464 2356 σχήματος
506 2290 571 2342 ἐν
604 2291 671 2362 τῇ
714 2288 1074 2362 βασιλευούσῃ
1127 2291 1300 2358 πόλει,
1348 2292 1554 2348 ἔνδοσιν
1603 2313 1781 2368 παρα-

186 2378 440 2447 σχεθῆναι
485 2380 659 2451 ἄχρις
700 2381 766 2436 ἂν
800 2380 1163 2453 ’χειροτονηθῇ
1202 2381 1652 2455 ίάρχιεπίσκοπος
1679 2392 1779 2462 τῆς

196 2469 605 2543 Ἀλεξανδρέων
635 2475 1074 2545 μεγαλοπόλεως.

255 2565 511 2620 ΚΕΦΑΛ.
546 2565 665 2625 IH'.
698 2599 769 2609 —
798 2569 938 2638 Περὶ
966 2569 1075 2625 τοῦ
1113 2569 1202 2642 μὴ
1231 2571 1427 2626 ποιεῖν
1456 2574 1782 2644 κληρικοὺς

190 2654 252 2709 ἐκ
278 2658 608 2728 συμϐολῆς
636 2663 971 2730 συμπόσια.

469 2748 749 2804 Συνόδου
785 2750 1137 2820 Λαοδικείας
1175 2752 1382 2810 κανὼν
1406 2760 1501 2812 νε’.

257 2844 349 2893 γε’.
380 2838 514 2893 Ὀτι
564 2842 629 2895 ού
655 2842 737 2895 δεῖ
784 2845 1097 2914 ἱερατικοὺς
1140 2849 1173 2919 ἢ
1211 2849 1507 2920 κληρικοὺς
1549 2849 1616 2902 ἐκ
1648 2866 1784 2922 συμο

198 2927 350 2999 ϐολῆς
379 2948 444 2984 συ
454 2934 675 3003 μπόσια
701 2936 991 3004 ἐπιτελεῖν,
1021 2938 1139 2993 ἀλλ’
1174 2942 1296 2994 οὐδὲ
1319 2942 1506 2996 λαῖκού
1521 2960 1569 3005 ς.

263 3021 515 3078 ΚΕΦΑΛ.
544 3025 654 3080 18'.
684 3056 755 3066 —
775 3027 915 3096 Περὶ
948 3027 1060 3097 τῆς
1083 3030 1153 3084 ἐκ
1183 3034 1406 3101 χρόνου
1430 3032 1655 3102 τάξεως
1668 3033 1790 3089 τῶν

1883 1934 1992 1981 tem
2020 1925 2279 1981 sustineri
2332 1940 2415 1992 se,
2440 1924 2617 1980 donec
2647 1929 2998 1977 consecretur
3022 1919 3333 1990 episcopus,
3370 1914 3465 1987 qui

1883 2018 2221 2073 ordinandus
2264 2026 2347 2072 est
2372 2031 2582 2088 magnae
2628 2014 2867 2070 civitatis
2919 2010 3262 2068 Alexandriae
3312 2026 3327 2065 :
3376 2022 3467 2062 ra-

1883 2107 2146 2162 tionabile
2174 2107 2335 2162 nobis
2362 2114 2416 2162 et
2452 2107 2696 2162 clemens
2720 2118 2842 2160 esse
2873 2102 3123 2173 apparuit
3141 2100 3277 2172 (67),
3322 2107 3382 2152 ut
3408 2098 3465 2152 in

1883 2200 2072 2256 eodem
2096 2199 2284 2255 habitu
2311 2206 2627 2269 exspectent
2671 2198 2724 2251 in
2748 2196 2895 2266 regia
2942 2194 3182 2258 civitate,
3229 2200 3285 2247 et
3325 2190 3465 2245 dila-

1884 2293 2089 2349 tionem
2112 2290 2346 2345 habeant
2367 2289 2601 2362 [Diniam
2625 2297 2675 2343 et
2708 2287 2892 2341 Paris.
2945 2282 3168 2356 habere]
3200 2297 3373 2352 usque
3398 2280 3468 2336 ad

1885 2384 2284 2441 ordinationem
2348 2382 2546 2457 (Paris.
2610 2378 2875 2451 ordinem]
2923 2376 3316 2448 archiepiscopi
3351 2390 3469 2429 ma-

1886 2493 2006 2549 gna:
2044 2476 2285 2531 civitatis
2308 2475 2672 2545 Alexandriae.

1957 2569 2123 2640 226
2168 2568 2322 2624 CAP.
2369 2566 2557 2622 XVIII.
2599 2596 2671 2609 --
2727 2564 2810 2620 Ne
2840 2562 3026 2618 clerici
3065 2562 3197 2616 data
3230 2557 3469 2631 symbolo

1888 2663 2299 2732 computationes
2331 2661 2558 2731 faciant.

2245 2754 2470 2809 Concilii
2501 2752 2790 2808 Laodiceni
2826 2768 2995 2807 canon
3025 2750 3115 2806 55.

1959 2845 2054 2903 55.
2086 2845 2241 2912 Quod
2273 2862 2377 2902 non
2408 2855 2626 2917 oportet
2657 2856 2904 2901 sacratos
2936 2852 2991 2900 et
3017 2841 3247 2898 clericos
3268 2853 3334 2895 ea
3357 2840 3469 2895 colo

1892 2937 2095 2993 latione
2122 2937 2375 2993 convivia
2405 2952 2688 3008 peragere,
2715 2938 2810 2992 sed
2835 2950 3011 3006 neque
3029 2935 3222 2989 laicos.

1962 3031 2114 3088 CAP.
2147 3029 2292 3087 XIX.
2326 3060 2396 3075 -ο
2425 3031 2502 3086 De
2528 3032 2895 3099 episcoporum
2924 3032 3061 3083 inter
3100 3044 3153 3081 se
3193 3026 3375 3080 ordine
3402 3024 3471 3079 ad

202 3112 566 3182 ἐπισκόπων,
605 3119 704 3173 καὶ
745 3119 872 3187 πῶς
899 3121 955 3175 οἱ
987 3124 1265 3191 κληρικοὶ
1300 3124 1643 3187 καθέζονται
1687 3125 1785 3182 καί

1913 3123 2104 3178 tecursi
2127 3126 2377 3195 temporis
2407 3125 2670 3177 rationem
2703 3125 2980 3195 exigendo,
3020 3130 3070 3176 et
3088 3120 3346 3193 quomodo
3367 3118 3473 3173 cle-

202 3207 442 3279 τιμῶσιν
473 3213 821 3280 ἀλλήλους.

531 3307 813 3362 Συνόδου
841 3308 1093 3375 Νικαίας
1123 3308 1327 3363 κανὼν
1355 3315 1445 3382 ιη’.

270 3401 356 3464 ιη’.
383 3391 604 3452 Ἦλθεν
633 3400 715 3464 είς
734 3401 833 3471 τὴν
860 3400 1023 3469 ἁγίαν
1047 3403 1141 3455 καὶ
1166 3401 1410 3473 μεγάλην
1441 3400 1682 3469 σύνοδον,
1707 3404 1792 3458 ὅτι

1812 3218 1858 3279 c
1890 3218 1992 3271 rici
2013 3218 2229 3271 sedeant
2262 3233 2416 3288 seque
2443 3218 2666 3272 invicem
2695 3217 2978 3271 honorent.

2278 3310 2507 3365 Concilii
2546 3309 2758 3367 Nicazni
2789 3327 2961 3364 canon
2994 3310 3082 3365 18.

1962 3402 2049 3457 I8.
2076 3400 2334 3458 Pervenit
2361 3404 2427 3459 ad
2458 3414 2706 3460 sanctam
2740 3403 3035 3475 synodum,
3063 3398 3211 3473 quod
3241 3400 3295 3453 in
3332 3411 3474 3452 non-

210 3484 261 3537 ἐν
295 3504 402 3542 τισι
455 3491 652 3555 τόποις
694 3492 788 3545 καὶ
834 3493 1026 3547 πόλεσι
1075 3496 1187 3558 τοῖς
1242 3494 1656 3567 πρεσϐυτέροις,
1692 3496 1785 3569 τὴν

1913 3494 2058 3550 nullis
2090 3496 2226 3551 locis
2258 3505 2312 3550 et
2342 3495 2661 3550 civitatibus
2700 3494 2920 3549 diaconi
2961 3494 3096 3549 dant
3142 3489 3477 3562 presbyteris

210 3577 555 3651 εὐχαριστίαν
583 3585 632 3637 ot
670 3583 908 3637 διάκονοι
936 3584 1192 3650 διδόασιν,
1224 3601 1280 3638 κ.
1312 3603 1363 3640 τ.
1399 3583 1452 3638 λ.

430 3672 714 3728 Συνόδου
740 3672 1093 3740 Λαοδικείας
1125 3672 1328 3729 κανὼν
1359 3681 1430 3741 κ’,
1464 3674 1573 3741 νς’.

1891 3584 2309 3653 Eucharistiam,
2350 3596 2479 3653 etc.,
2510 3597 2567 3641 ut
2600 3603 2723 3658 pag.
2756 3588 2881 3642 595.

2173 3679 2400 3734 Concitii
2423 3679 2710 3733 Laodiceni
2735 3695 2958 3733 canones
2979 3676 3073 3743 20,
3097 3677 3189 3733 56.

276 3759 341 3814 κ’.
368 3761 494 3818 Ὅτι
540 3764 608 3818 ού
651 3764 732 3818 δεῖ
765 3764 1014 3820 διάκονον
1054 3764 1364 3836 ἔμπροσθεν
1416 3767 1793 3840 πρεσϐυτέρου

215 3850 552 3924 καθέζεσθαι,
592 3856 729 3910 ἀλλὰ
771 3856 909 3928 μετὰ
940 3855 1244 3921 κελεύσεως
1278 3859 1375 3913 τοῦ
1418 3860 1793 3932 πρεσϐυτέρου

220 3943 563 4010 καθέξεσθαι’
603 3948 804 4019 ὁμοίως
850 3948 907 4002 δέ
937 3948 1080 4020 ἔχειν
1118 3948 1282 4020 τιμὴν
1328 3951 1422 4004 καὶ
1453 3953 1580 4015 τοὺς
1609 3951 1794 4005 διακό-

222 4052 349 4101 νους,
386 4039 489 4093 ὑπὸ
514 4040 630 4095 τῶν
656 4040 945 4112 ὑπηρετῶν
979 4041 1073 4095 κοιλ⁸
1106 4042 1324 4096 πάντων
1352 4041 1465 4097 τῶν
1489 4043 1792 4116 κληρικῶν.

282 4137 385 4194 νίζ’.
414 4131 540 4187 Ὅτι
580 4135 641 4187 ού
692 4135 774 4188 δεῖ
821 4135 1252 4207 πρεσϐυτέρους.
1297 4135 1406 4207 πρὸ
1454 4137 1554 4205 τῆς
1587 4137 1794 4191 εἰσόδου

222 4219 305 4272 τοῦ
326 4223 627 4279 ἐπισκόπου
644 4226 872 4281 εἰσιέναι
902 4227 998 4281 καὶ
1028 4226 1361 4290 καθέζεσθαι
1384 4229 1441 4280 ἐν
1470 4228 1546 4292 τῷ
1567 4227 1794 4300 βήματι,

223 4308 346 4364 ἀλλὰ
372 4317 508 4384 μετὰ
553 4316 649 4371 τοῦ
679 4318 983 4372 ἐπισκόπου
1016 4319 1267 4384 εἰσιέναι,
1297 4317 1438 4391 πλὴν
1464 4320 1513 4372 εί
1547 4320 1623 4391 μὴ
1653 4322 1797 4375 ἀνω-

232 4402 412 4477 μαλοίη
438 4407 473 4479 ἢ
505 4409 785 4480 ἀποδημεῖ
817 4411 846 4463 ὁ
872 4410 1198 4473 ἐπίσκοπος.

1965 3769 2126 3839 Quod
2177 3789 2286 3829 non
2318 3782 2534 3843 oportet
2565 3771 2859 3827 diaconum
2917 3781 3043 3826 ante
3098 3771 3477 3841 presbyterum

1895 3863 2107 3928 sedere,
2140 3864 2234 3919 sed
2267 3866 2456 3922 sedere
2490 3882 2616 3923 cum
2643 3867 2804 3936 jussu
2842 3862 3169 3935 presbyteri.
3214 3859 3479 3915 Similiter

1896 3966 2078 4010 autem
2109 3956 2273 4012 etiam
2307 3958 2493 4014 haberi
2536 3960 2802 4014 honorem
2836 3956 3085 4013 diaconis
3123 3970 3157 4011 ε
3212 3953 3478 4009 ministris

1895 4055 1951 4103 et
1988 4047 2246 4103 omnibus
2284 4049 2503 4105 clericis
2533 4057 2767 4121 oportet.

1968 4136 2056 4193 56.
2093 4137 2248 4206 Quod
2288 4155 2396 4196 non
2434 4148 2652 4210 oportet
2691 4139 3039 4210 presbyteros
3083 4145 3209 4191 ante
3238 4135 3477 4205 episc0pi

1900 4227 2186 4284 introitum
2216 4246 2435 4286 sacrum
2465 4229 2704 4286 tribunal
2739 4228 2969 4300 ingredi,
3000 4236 3053 4282 et
3082 4226 3270 4281 sedere
3302 4225 3353 4278 in
3386 4226 3484 4277 tri-

1896 4321 2086 4377 bunali
2120 4340 2135 4376 :
2168 4321 2261 4376 sed
2300 4338 2424 4377 cum
2460 4323 2716 4392 episcopo
2760 4319 2996 4389 ingredi,
3040 4324 3403 4387 praeterquam
3439 4314 3483 4369 si

1898 4412 2191 4481 episcopus
2237 4412 2310 4467 sit
2358 4410 2501 4465 mala
2556 4410 2902 4476 valetudine,
2958 4408 3043 4463 vel
3092 4404 3365 4477 profectus
3413 4404 3485 4459 sit

1904 4516 2147 4572 peregre.

2086 4592 2313 4647 Concitii
2338 4591 2772 4661 Carthaginensis
2801 4606 3027 4645 canones
3057 4587 3147 4655 86,
3177 4586 3269 4642 89.

1971 4684 2050 4739 De
2077 4686 2440 4755 episcoporum
2465 4684 2603 4739 dixit
2633 4684 2909 4748 ordine,ut
2932 4682 3024 4753 qui
3052 4680 3314 4751 posterius
3340 4676 3488 4733 ordi-

1906 4777 2021 4831 nati
2052 4785 2201 4844 sunt,
2228 4775 2497 4846 prioribus
2525 4791 2582 4831 se
2609 4792 2713 4829 non
2752 4774 2985 4829 audeant
3010 4770 3299 4840 anteferre.

386 4589 660 4645 Συνόδου
681 4589 1100 4660 Καρθαγέννης
1128 4589 1330 4643 κανὼν
1355 4588 1477 4657 πς’,
1506 4588 1618 4643 πθθ.
1824 4562 1879 4623 D

293 4679 422 4748 Περὶ
456 4683 685 4749 τάξεως
714 4683 1083 4748 ἐπισκόπων,
1113 4681 1270 4736 ὥστε
1312 4682 1457 4747 τοὺς
1479 4699 1798 4754 μεταγενε-

232 4770 437 4841 στέρως
455 4778 989 4846 χειροτονηθέντας
1003 4775 1091 4847 μὴ
1122 4773 1354 4846 τολμᾷν
1372 4775 1627 4843 ἑαυτοὺς
1655 4793 1798 4846 προ-

236 4861 393 4930 τιμᾷν
410 4867 532 4922 τῶν
562 4869 887 4939 προτέρων.
1353 4850 1368 4867 ⁸

296 4964 409 5022 ποῖ’.
440 4962 754 5030 Βαλεντῖνος
797 4962 1100 5027 ἐπίσκοπος
1140 4959 1318 5017 εἶπενο
1353 4962 1427 5016 Τὸ
1461 4962 1668 5033 ἀγαθὸν
1698 4962 1797 5032 τῆς

242 5040 489 5120 ὑμετέρας
516 5053 869 5120 ἀνεξικακίας
902 5054 999 5109 ἐὰν
1025 5056 1318 5131 ἐπιτρέπῃ,
1339 5055 1647 5121 ἀκολούθως
1676 5054 1796 5125 ἐξη-

240 5135 455 5209 γήσομαι
482 5146 552 5199 τὰ
582 5147 640 5199 ἐν
664 5145 743 5216 τῷ
774 5145 1101 5215 προλαϐόντι
1133 5145 1313 5219 χρόνῳ
1342 5147 1422 5211 εἰς
1440 5146 1539 5218 τὴν
1569 5147 1795 5218 Καρχη-

1975 4958 2064 5014 86.
2096 4956 2413 5012 Valentinus
2432 4958 2723 5028 episcopus
2754 4956 2892 5010 dixit
2914 4954 3068 5026 ‘(68)
3100 4974 3115 5010 :
3144 4953 3199 5009 Si
3221 4952 3489 5023 permitti-

1901 5054 1994 5124 tur
2031 5050 2232 5103 bonum
2272 5048 2544 5121 patientiae
2565 5058 2774 5113 vestrae,
2795 5049 2956 5119 227
2971 5061 3273 5119 prosequor
3284 5060 3350 5100 ea
3366 5058 3489 5112 quae

1901 5144 2188 5215 praeterito;
2222 5153 2468 5215 tempore
2501 5144 2557 5201 in
2589 5143 2833 5200 Ecclesia
2865 5137 3288 5211 Carthagincnsi
3333 5144 3487 5206 gesta

305 5296 326 5328 ⁸
352 5302 512 5360 Conc.
539 5304 710 5361 Alric.
736 5304 828 5361 55.

252 5523 263 5536 ,
311 5458 557 5536 William
583 5469 783 5523 desunt
830 5467 887 5522 in
940 5466 1226 5523 codicibus
1264 5462 1481 5520 Divion.
1512 5472 1568 5520 et
1594 5462 1801 5521 Cerbe-
1896 5462 2240 5536 Cumautem
2260 5471 2316 5517 et
2334 5460 2551 5515 titulum
2577 5459 2613 5513 ι
2638 5455 3145 5536 inferius-appellet,
3169 5455 3261 5527 qui
3291 5462 3373 5536 est
3388 5467 3486 5536 ca-

251 5528 733 5609 ie“‘shigl’arisiensis
761 5539 983 5593 mutilus
1013 5548 1099 5593 est
1126 5537 1184 5609 in
1210 5537 1313 5590 hoc
1343 5537 1493 5609 loco.
1903 5551 2012 5609 non
2038 5534 2129 5609 89,
2155 5542 2382 5603 apparet
2412 5530 2808 5609 eumconcilio
2831 5528 3185 5609 Milevitana!
3212 5528 3488 5609 rectetri-

316 5602 416 5673 (67)
470 5593 684 5665 Divion.
717 5593 786 5665 iet
832 5610 1012 5664 Paris.
1051 5626 1070 5658 ι
1108 5607 1308 5676 Aptum
1367 5605 1526 5661 nobis
1572 5613 1626 5660 et
1667 5621 1800 5661 con-
1903 5593 2982 5676 buisseboscanonesquinqueusguead
3010 5593 3483 5676 concilLCarthag.

254 5666 422 5749 8ηὲἮή
452 5682 701 5749 apparuit
730 5680 784 5734 in
811 5666 1240 5749 eodemrlrabi'tu.
1282 5696 1301 5727 ι
1655 5745 1664 5749 Α
1739 5746 1799 5749 __
1902 5676 2047 5749 quod
2102 5674 2389 5749 seq_uitur._
2429 5666 2704 5725 Laudat—ur
2756 5666 2843 5726 hic
2880 5685 3056 5725 canon
3115 5685 3147 5724 a
3200 5666 3486 5723 Bonifatio

322 5740 422 5812 (68)
455 5740 760 5805 Fer-rendus
804 5765 924 5819 cap.
961 5748 1050 5802 78.
1082 5764 1147 5802 ex
1181 5763 1339 5819 conc.
1367 5745 1588 5800 Milevit.
1630 5745 1709 5819 tit.
1731 5746 1802 5799 23
1904 5740 2317 5817 Carthagfloco
2344 5743 2438 5799 cit.

258 5818 365 5864 ιιίιιυ
399 5820 765 5884 νιιείιιῑὶοιιθιη
796 5818 1201 5892 suprapositam
1232 5818 1394 5874 habet
1424 5820 1471 5873 is
1506 5833 1603 5888 pro
1645 5818 1728 5871 tit.
1761 5833 1797 5872 ι.
