  <div class='ocr_page' id='page_1' title='image "/cluster/home/n/w/nwhite01/storage/ocr_20150623/104/hvd.32044018872853/353.png"; bbox 0 0 3874 6296; ppageno 0'>
   <div class='ocr_carea' id='block_1_1' title="bbox 541 207 653 271">
    <p class='ocr_par' dir='ltr' id='par_1_1' title="bbox 541 207 653 271">
     <span class='ocr_line' id='line_1_1' title="bbox 541 207 653 271; baseline -0.009 0"><span class='ocrx_word' id='word_1_1' title='bbox 541 207 653 271; x_wconf 70' lang='lat'><strong>695</strong></span> 
     </span>
    </p>
   </div>
   <div class='ocr_carea' id='block_1_2' title="bbox 1756 220 2116 317">
    <p class='ocr_par' dir='ltr' id='par_1_2' title="bbox 1756 220 2116 285">
     <span class='ocr_line' id='line_1_2' title="bbox 1756 220 2116 285; baseline 0.014 -5"><span class='ocrx_word' id='word_1_2' title='bbox 1756 220 2018 283; x_wconf 83' lang='lat' dir='ltr'><strong>PHOTlI</strong></span> <span class='ocrx_word' id='word_1_3' title='bbox 2057 225 2116 285; x_wconf 75' lang='lat' dir='ltr'><strong>PJ</strong></span> 
     </span>
    </p>
   </div>
   <div class='ocr_carea' id='block_1_3' title="bbox 2230 220 3762 317">
    <p class='ocr_par' dir='ltr' id='par_1_3' title="bbox 2230 229 3762 317">
     <span class='ocr_line' id='line_1_3' title="bbox 2230 229 3762 317; baseline 0.007 -28"><span class='ocrx_word' id='word_1_4' title='bbox 2230 229 2564 296; x_wconf 65' lang='lat' dir='ltr'><strong>tIARCHAZ</strong></span> <span class='ocrx_word' id='word_1_5' title='bbox 2601 237 2690 298; x_wconf 78' lang='lat' dir='ltr'><strong>cr</strong></span> <span class='ocrx_word' id='word_1_6' title='bbox 3676 248 3762 317; x_wconf 64' lang='lat'><strong><em>696</em></strong></span> 
     </span>
    </p>
   </div>
   <div class='ocr_carea' id='block_1_4' title="bbox 542 324 2116 433">
    <p class='ocr_par' dir='ltr' id='par_1_4' title="bbox 542 324 2116 399">
     <span class='ocr_line' id='line_1_4' title="bbox 542 324 2116 399; baseline 0.01 -19"><span class='ocrx_word' id='word_1_7' title='bbox 542 336 692 389; x_wconf 86' lang='lat' dir='ltr'><strong>sunt,</strong></span> <span class='ocrx_word' id='word_1_8' title='bbox 732 333 788 381; x_wconf 91' lang='lat' dir='ltr'><strong>et</strong></span> <span class='ocrx_word' id='word_1_9' title='bbox 830 324 1334 399; x_wconf 84' lang='lat' dir='ltr'><strong>subscriptionibus</strong></span> <span class='ocrx_word' id='word_1_10' title='bbox 1377 330 1610 389; x_wconf 90' lang='lat' dir='ltr'><strong>fratrum</strong></span> <span class='ocrx_word' id='word_1_11' title='bbox 1654 334 1868 391; x_wconf 80' lang='lat' dir='ltr'><strong>firmata</strong></span> <span class='ocrx_word' id='word_1_12' title='bbox 1903 338 2116 395; x_wconf 87' lang='lat' dir='ltr'><strong>clarue-</strong></span> 
     </span>
    </p>
   </div>
   <div class='ocr_carea' id='block_1_5' title="bbox 2230 324 3763 433">
    <p class='ocr_par' dir='ltr' id='par_1_5' title="bbox 2230 349 3763 433">
     <span class='ocr_line' id='line_1_5' title="bbox 2230 349 3763 433; baseline 0.009 -29"><span class='ocrx_word' id='word_1_13' title='bbox 2230 349 2414 405; x_wconf 86' lang='grc' dir='ltr'>δονίων</span> <span class='ocrx_word' id='word_1_14' title='bbox 2447 351 2775 421; x_wconf 80' lang='grc' dir='ltr'>Ἐκκλησίαν</span> <span class='ocrx_word' id='word_1_15' title='bbox 2800 353 3138 425; x_wconf 77' lang='grc' dir='ltr'><strong>πραχθέντα,</strong></span> <span class='ocrx_word' id='word_1_16' title='bbox 3159 355 3255 409; x_wconf 79' lang='grc' dir='ltr'>καὶ</span> <span class='ocrx_word' id='word_1_17' title='bbox 3276 357 3396 422; x_wconf 80' lang='grc' dir='ltr'>ταῖς</span> <span class='ocrx_word' id='word_1_18' title='bbox 3424 357 3531 413; x_wconf 83' lang='grc' dir='ltr'><strong>τῶν</strong></span> <span class='ocrx_word' id='word_1_19' title='bbox 3558 358 3763 433; x_wconf 72' lang='grc' dir='ltr'>ἀδελφῶν</span> 
     </span>
    </p>
   </div>
   <div class='ocr_carea' id='block_1_6' title="bbox 540 418 2123 498">
    <p class='ocr_par' dir='ltr' id='par_1_6' title="bbox 540 418 2123 498">
     <span class='ocr_line' id='line_1_6' title="bbox 540 418 2123 498; baseline 0.011 -27"><span class='ocrx_word' id='word_1_20' title='bbox 540 427 688 482; x_wconf 90' lang='lat' dir='ltr'><strong>runt,</strong></span> <span class='ocrx_word' id='word_1_21' title='bbox 719 418 883 474; x_wconf 91' lang='lat' dir='ltr'><strong>etiam</strong></span> <span class='ocrx_word' id='word_1_22' title='bbox 918 435 1021 476; x_wconf 88' lang='lat' dir='ltr'><strong>nos</strong></span> <span class='ocrx_word' id='word_1_23' title='bbox 1065 422 1171 480; x_wconf 87' lang='lat' dir='ltr'><strong>hoc</strong></span> <span class='ocrx_word' id='word_1_24' title='bbox 1210 434 1526 483; x_wconf 78' lang='lat' dir='ltr'><strong>servaturos</strong></span> <span class='ocrx_word' id='word_1_25' title='bbox 1560 441 1683 484; x_wconf 90' lang='lat' dir='ltr'><strong>esse</strong></span> <span class='ocrx_word' id='word_1_26' title='bbox 1710 430 1987 498; x_wconf 89' lang='lat' dir='ltr'><strong>protiteor.</strong></span> <span class='ocrx_word' id='word_1_27' title='bbox 2016 431 2123 488; x_wconf 88' lang='lat' dir='ltr'><strong>Sed</strong></span> 
     </span>
    </p>
   </div>
   <div class='ocr_carea' id='block_1_7' title="bbox 540 507 2123 587">
    <p class='ocr_par' dir='ltr' id='par_1_7' title="bbox 540 507 2123 587">
     <span class='ocr_line' id='line_1_7' title="bbox 540 507 2123 587; baseline 0.008 -23"><span class='ocrx_word' id='word_1_28' title='bbox 540 507 675 564; x_wconf 90' lang='lat' dir='ltr'><strong>illud</strong></span> <span class='ocrx_word' id='word_1_29' title='bbox 700 510 928 577; x_wconf 89' lang='lat' dir='ltr'><strong>scimus,</strong></span> <span class='ocrx_word' id='word_1_30' title='bbox 952 511 1267 569; x_wconf 71' lang='lat' dir='ltr'><strong>inviolatam</strong></span> <span class='ocrx_word' id='word_1_31' title='bbox 1301 531 1517 587; x_wconf 84' lang='lat' dir='ltr'><strong>semper</strong></span> <span class='ocrx_word' id='word_1_32' title='bbox 1552 519 1824 575; x_wconf 86' lang='lat' dir='ltr'><strong>mansisse</strong></span> <span class='ocrx_word' id='word_1_33' title='bbox 1861 521 2123 577; x_wconf 87' lang='lat' dir='ltr'><strong>ecclesia-</strong></span> 
     </span>
    </p>
   </div>
   <div class='ocr_carea' id='block_1_8' title="bbox 540 606 2124 687">
    <p class='ocr_par' dir='ltr' id='par_1_8' title="bbox 540 606 2124 687">
     <span class='ocr_line' id='line_1_8' title="bbox 540 606 2124 687; baseline 0.009 -27"><span class='ocrx_word' id='word_1_34' title='bbox 540 606 734 660; x_wconf 83' lang='lat' dir='ltr'><strong>sticam</strong></span> <span class='ocrx_word' id='word_1_35' title='bbox 763 607 1132 678; x_wconf 86' lang='lat' dir='ltr'><strong>disciplinam,</strong></span> <span class='ocrx_word' id='word_1_36' title='bbox 1180 610 1253 666; x_wconf 85' lang='lat' dir='ltr'><strong>ita</strong></span> <span class='ocrx_word' id='word_1_37' title='bbox 1285 622 1345 667; x_wconf 88' lang='lat' dir='ltr'><strong>ut</strong></span> <span class='ocrx_word' id='word_1_38' title='bbox 1372 612 1559 670; x_wconf 90' lang='lat' dir='ltr'><strong>nullus</strong></span> <span class='ocrx_word' id='word_1_39' title='bbox 1582 612 1818 671; x_wconf 89' lang='lat' dir='ltr'><strong>fratrum</strong></span> <span class='ocrx_word' id='word_1_40' title='bbox 1841 616 2124 687; x_wconf 87' lang='lat' dir='ltr'><strong>prioribus</strong></span> 
     </span>
    </p>
   </div>
   <div class='ocr_carea' id='block_1_9' title="bbox 542 698 2124 774">
    <p class='ocr_par' dir='ltr' id='par_1_9' title="bbox 542 698 2124 774">
     <span class='ocr_line' id='line_1_9' title="bbox 542 698 2124 774; baseline 0.009 -25"><span class='ocrx_word' id='word_1_41' title='bbox 542 698 661 752; x_wconf 88' lang='lat' dir='ltr'><strong>suis</strong></span> <span class='ocrx_word' id='word_1_42' title='bbox 702 712 761 753; x_wconf 88' lang='lat' dir='ltr'><strong>se</strong></span> <span class='ocrx_word' id='word_1_43' title='bbox 796 699 1092 769; x_wconf 85' lang='lat' dir='ltr'><strong>aliquando</strong></span> <span class='ocrx_word' id='word_1_44' title='bbox 1132 702 1363 757; x_wconf 76' lang='lat' dir='ltr'><strong>auderet</strong></span> <span class='ocrx_word' id='word_1_45' title='bbox 1410 712 1764 774; x_wconf 75' lang='lat' dir='ltr'><strong>anteponere,</strong></span> <span class='ocrx_word' id='word_1_46' title='bbox 1805 706 1899 763; x_wconf 89' lang='lat' dir='ltr'><strong>sed</strong></span> <span class='ocrx_word' id='word_1_47' title='bbox 1933 705 2124 764; x_wconf 77' lang='lat' dir='ltr'><strong>ofﬁciis</strong></span> 
     </span>
    </p>
   </div>
   <div class='ocr_carea' id='block_1_10' title="bbox 538 789 2124 870">
    <p class='ocr_par' dir='ltr' id='par_1_10' title="bbox 538 789 2124 870">
     <span class='ocr_line' id='line_1_10' title="bbox 538 789 2124 870; baseline 0.007 -25"><span class='ocrx_word' id='word_1_48' title='bbox 538 789 828 847; x_wconf 85' lang='lat' dir='ltr'><strong>cbaritatis</strong></span> <span class='ocrx_word' id='word_1_49' title='bbox 861 790 914 845; x_wconf 97' lang='lat' dir='ltr'><strong>id</strong></span> <span class='ocrx_word' id='word_1_50' title='bbox 937 807 1156 862; x_wconf 84' lang='lat' dir='ltr'><strong>semper</strong></span> <span class='ocrx_word' id='word_1_51' title='bbox 1186 793 1491 850; x_wconf 80' lang='lat' dir='ltr'><strong>exhibitum</strong></span> <span class='ocrx_word' id='word_1_52' title='bbox 1518 806 1605 853; x_wconf 86' lang='lat' dir='ltr'><strong>est</strong></span> <span class='ocrx_word' id='word_1_53' title='bbox 1642 797 1942 868; x_wconf 86' lang='lat' dir='ltr'><strong>prioribus,</strong></span> <span class='ocrx_word' id='word_1_54' title='bbox 1976 799 2124 870; x_wconf 88' lang='lat' dir='ltr'><strong>quod</strong></span> 
     </span>
    </p>
   </div>
   <div class='ocr_carea' id='block_1_11' title="bbox 538 884 2119 962">
    <p class='ocr_par' dir='ltr' id='par_1_11' title="bbox 538 884 2119 962">
     <span class='ocr_line' id='line_1_11' title="bbox 538 884 2119 962; baseline 0.008 -26"><span class='ocrx_word' id='word_1_55' title='bbox 538 884 610 937; x_wconf 91' lang='lat' dir='ltr'><strong>ab</strong></span> <span class='ocrx_word' id='word_1_56' title='bbox 666 884 1086 955; x_wconf 80' lang='lat' dir='ltr'><strong>insequentibus</strong></span> <span class='ocrx_word' id='word_1_57' title='bbox 1135 898 1419 957; x_wconf 81' lang='lat' dir='ltr'><strong>gratanter</strong></span> <span class='ocrx_word' id='word_1_58' title='bbox 1476 904 1696 960; x_wconf 88' lang='lat' dir='ltr'><strong>semper</strong></span> <span class='ocrx_word' id='word_1_59' title='bbox 1758 892 2119 962; x_wconf 83' lang='lat' dir='ltr'><strong>acciperetur.</strong></span> 
     </span>
    </p>
   </div>
   <div class='ocr_carea' id='block_1_12' title="bbox 539 973 2122 1047">
    <p class='ocr_par' dir='ltr' id='par_1_12' title="bbox 539 973 2122 1047">
     <span class='ocr_line' id='line_1_12' title="bbox 539 973 2122 1047; baseline 0.008 -20"><span class='ocrx_word' id='word_1_60' title='bbox 539 973 697 1033; x_wconf 80' lang='lat' dir='ltr'><strong>Hunc</strong></span> <span class='ocrx_word' id='word_1_61' title='bbox 725 977 974 1032; x_wconf 88' lang='lat' dir='ltr'><strong>ordinem</strong></span> <span class='ocrx_word' id='word_1_62' title='bbox 994 978 1186 1047; x_wconf 90' lang='lat' dir='ltr'><strong>jubeat</strong></span> <span class='ocrx_word' id='word_1_63' title='bbox 1212 980 1476 1038; x_wconf 87' lang='lat' dir='ltr'><strong>sanctitas</strong></span> <span class='ocrx_word' id='word_1_64' title='bbox 1497 991 1677 1039; x_wconf 88' lang='lat' dir='ltr'><strong>vestra</strong></span> <span class='ocrx_word' id='word_1_65' title='bbox 1707 984 1904 1040; x_wconf 88' lang='lat' dir='ltr'><strong>melius</strong></span> <span class='ocrx_word' id='word_1_66' title='bbox 1930 987 2122 1041; x_wconf 84' lang='lat' dir='ltr'><strong>vestris</strong></span> 
     </span>
    </p>
   </div>
   <div class='ocr_carea' id='block_1_13' title="bbox 538 1066 1357 1126">
    <p class='ocr_par' dir='ltr' id='par_1_13' title="bbox 538 1066 1357 1126">
     <span class='ocr_line' id='line_1_13' title="bbox 538 1066 1357 1126; baseline 0.004 -4"><span class='ocrx_word' id='word_1_67' title='bbox 538 1066 1057 1125; x_wconf 83' lang='lat' dir='ltr'><strong>interlocutionibus</strong></span> <span class='ocrx_word' id='word_1_68' title='bbox 1084 1069 1357 1126; x_wconf 86' lang='lat' dir='ltr'><strong>roborari.</strong></span> 
     </span>
    </p>
   </div>
   <div class='ocr_carea' id='block_1_14' title="bbox 610 1360 2115 1435">
    <p class='ocr_par' dir='ltr' id='par_1_14' title="bbox 610 1360 2115 1435">
     <span class='ocr_line' id='line_1_14' title="bbox 610 1360 2115 1435; baseline 0.001 -18"><span class='ocrx_word' id='word_1_69' title='bbox 610 1361 698 1417; x_wconf 81' lang='lat'><strong>89.</strong></span> <span class='ocrx_word' id='word_1_70' title='bbox 716 1360 975 1418; x_wconf 81' lang='lat' dir='ltr'><strong>Aurelius</strong></span> <span class='ocrx_word' id='word_1_71' title='bbox 990 1362 1279 1435; x_wconf 89' lang='lat' dir='ltr'><strong>episcopus</strong></span> <span class='ocrx_word' id='word_1_72' title='bbox 1293 1363 1431 1419; x_wconf 83' lang='lat' dir='ltr'><strong>dixit</strong></span> <span class='ocrx_word' id='word_1_73' title='bbox 1450 1382 1463 1419; x_wconf 88' lang='lat'><strong>:</strong></span> <span class='ocrx_word' id='word_1_74' title='bbox 1480 1364 1601 1419; x_wconf 86' lang='lat' dir='ltr'><strong>Non</strong></span> <span class='ocrx_word' id='word_1_75' title='bbox 1618 1364 1878 1419; x_wconf 86' lang='lat' dir='ltr'><strong>decuerat</strong></span> <span class='ocrx_word' id='word_1_76' title='bbox 1895 1362 2115 1434; x_wconf 88' lang='lat' dir='ltr'><strong>quidem</strong></span> 
     </span>
    </p>
   </div>
   <div class='ocr_carea' id='block_1_15' title="bbox 538 1454 2118 1525">
    <p class='ocr_par' dir='ltr' id='par_1_15' title="bbox 538 1454 2118 1525">
     <span class='ocr_line' id='line_1_15' title="bbox 538 1454 2118 1525; baseline 0 -16"><span class='ocrx_word' id='word_1_77' title='bbox 538 1464 600 1510; x_wconf 90' lang='lat' dir='ltr'><strong>ut</strong></span> <span class='ocrx_word' id='word_1_78' title='bbox 634 1457 747 1510; x_wconf 60' lang='lat' dir='ltr'><strong>haec</strong></span> <span class='ocrx_word' id='word_1_79' title='bbox 776 1464 1176 1525; x_wconf 82' lang='lat' dir='ltr'><strong>repeteremus,</strong></span> <span class='ocrx_word' id='word_1_80' title='bbox 1219 1456 1327 1511; x_wconf 90' lang='lat' dir='ltr'><strong>nisi</strong></span> <span class='ocrx_word' id='word_1_81' title='bbox 1360 1455 1502 1511; x_wconf 90' lang='lat' dir='ltr'><strong>forte</strong></span> <span class='ocrx_word' id='word_1_82' title='bbox 1544 1456 1877 1512; x_wconf 79' lang='lat' dir='ltr'><strong>exsisterent</strong></span> <span class='ocrx_word' id='word_1_83' title='bbox 1922 1454 2118 1510; x_wconf 80' lang='lat' dir='ltr'><strong>incon-</strong></span> 
     </span>
    </p>
   </div>
   <div class='ocr_carea' id='block_1_16' title="bbox 535 1548 2121 1620">
    <p class='ocr_par' dir='ltr' id='par_1_16' title="bbox 535 1548 2121 1620">
     <span class='ocr_line' id='line_1_16' title="bbox 535 1548 2121 1620; baseline 0 -16"><span class='ocrx_word' id='word_1_84' title='bbox 535 1548 794 1605; x_wconf 84' lang='lat' dir='ltr'><strong>sideratae</strong></span> <span class='ocrx_word' id='word_1_85' title='bbox 827 1558 1040 1605; x_wconf 85' lang='lat' dir='ltr'><strong>mentes</strong></span> <span class='ocrx_word' id='word_1_86' title='bbox 1062 1549 1453 1620; x_wconf 91' lang='lat' dir='ltr'><strong>quorumdam,</strong></span> <span class='ocrx_word' id='word_1_87' title='bbox 1489 1565 1610 1620; x_wconf 85' lang='lat' dir='ltr'><strong>quae</strong></span> <span class='ocrx_word' id='word_1_88' title='bbox 1641 1548 1710 1603; x_wconf 89' lang='lat' dir='ltr'><strong>ad</strong></span> <span class='ocrx_word' id='word_1_89' title='bbox 1741 1548 1857 1603; x_wconf 66' lang='lat' dir='ltr'><strong>bace</strong></span> <span class='ocrx_word' id='word_1_90' title='bbox 1882 1556 2121 1604; x_wconf 89' lang='lat' dir='ltr'><strong>statuen-</strong></span> 
     </span>
    </p>
   </div>
   <div class='ocr_carea' id='block_1_17' title="bbox 535 1639 2123 1698">
    <p class='ocr_par' dir='ltr' id='par_1_17' title="bbox 535 1639 2123 1698">
     <span class='ocr_line' id='line_1_17' title="bbox 535 1639 2123 1698; baseline 0.001 -3"><span class='ocrx_word' id='word_1_91' title='bbox 535 1639 605 1696; x_wconf 90' lang='lat' dir='ltr'><strong>da</strong></span> <span class='ocrx_word' id='word_1_92' title='bbox 657 1652 876 1697; x_wconf 70' lang='lat' dir='ltr'><strong>liOSll‘OS</strong></span> <span class='ocrx_word' id='word_1_93' title='bbox 919 1652 1181 1698; x_wconf 88' lang='lat' dir='ltr'><strong>acuerent</strong></span> <span class='ocrx_word' id='word_1_94' title='bbox 1221 1657 1464 1698; x_wconf 90' lang='lat' dir='ltr'><strong>sensus:</strong></span> <span class='ocrx_word' id='word_1_95' title='bbox 1500 1640 1596 1697; x_wconf 88' lang='lat' dir='ltr'><strong>sed</strong></span> <span class='ocrx_word' id='word_1_96' title='bbox 1638 1640 1953 1697; x_wconf 77' lang='lat' dir='ltr'><strong>communis</strong></span> <span class='ocrx_word' id='word_1_97' title='bbox 2006 1640 2123 1696; x_wconf 68' lang='lat' dir='ltr'><strong>haec</strong></span> 
     </span>
    </p>
   </div>
   <div class='ocr_carea' id='block_1_18' title="bbox 2227 442 3765 530">
    <p class='ocr_par' dir='ltr' id='par_1_18' title="bbox 2227 442 3765 530">
     <span class='ocr_line' id='line_1_18' title="bbox 2227 442 3765 530; baseline 0.01 -35"><span class='ocrx_word' id='word_1_98' title='bbox 2227 442 2573 515; x_wconf 85' lang='grc' dir='ltr'>ὑπογραφαῖς</span> <span class='ocrx_word' id='word_1_99' title='bbox 2604 445 2859 517; x_wconf 81' lang='grc' dir='ltr'><strong>φανερῶς</strong></span> <span class='ocrx_word' id='word_1_100' title='bbox 2895 446 3235 518; x_wconf 83' lang='grc' dir='ltr'>κυρωθέντα,</span> <span class='ocrx_word' id='word_1_101' title='bbox 3275 450 3367 505; x_wconf 80' lang='grc' dir='ltr'><strong>καὶ</strong></span> <span class='ocrx_word' id='word_1_102' title='bbox 3401 452 3545 523; x_wconf 81' lang='grc' dir='ltr'>ἡμᾶς</span> <span class='ocrx_word' id='word_1_103' title='bbox 3574 454 3649 508; x_wconf 78' lang='grc' dir='ltr'>ἔτι</span> <span class='ocrx_word' id='word_1_104' title='bbox 3679 460 3765 530; x_wconf 79' lang='grc' dir='ltr'>μὴν</span> 
     </span>
    </p>
   </div>
   <div class='ocr_carea' id='block_1_19' title="bbox 2225 535 3763 618">
    <p class='ocr_par' dir='ltr' id='par_1_19' title="bbox 2225 535 3763 618">
     <span class='ocr_line' id='line_1_19' title="bbox 2225 535 3763 618; baseline 0.011 -31"><span class='ocrx_word' id='word_1_105' title='bbox 2225 535 2565 605; x_wconf 81' lang='grc' dir='ltr'><strong>φυλάξοντας</strong></span> <span class='ocrx_word' id='word_1_106' title='bbox 2593 536 2939 609; x_wconf 83' lang='grc' dir='ltr'>ὁμολογήσω.</span> <span class='ocrx_word' id='word_1_107' title='bbox 2983 537 3192 593; x_wconf 83' lang='grc' dir='ltr'>Ἐκεῖνο</span> <span class='ocrx_word' id='word_1_108' title='bbox 3221 542 3398 595; x_wconf 78' lang='grc' dir='ltr'>τοίνυν</span> <span class='ocrx_word' id='word_1_109' title='bbox 3441 545 3763 618; x_wconf 77' lang='grc' dir='ltr'><strong>ἐπιστάμεθα,</strong></span> 
     </span>
    </p>
   </div>
   <div class='ocr_carea' id='block_1_20' title="bbox 2225 628 3766 703">
    <p class='ocr_par' dir='ltr' id='par_1_20' title="bbox 2225 628 3766 703">
     <span class='ocr_line' id='line_1_20' title="bbox 2225 628 3766 703; baseline 0.009 -22"><span class='ocrx_word' id='word_1_110' title='bbox 2225 628 2487 698; x_wconf 86' lang='grc' dir='ltr'>ἀμίαντον</span> <span class='ocrx_word' id='word_1_111' title='bbox 2514 630 2604 684; x_wconf 75' lang='grc' dir='ltr'>ἀεὶ</span> <span class='ocrx_word' id='word_1_112' title='bbox 2647 630 2748 701; x_wconf 82' lang='grc' dir='ltr'>τὴν</span> <span class='ocrx_word' id='word_1_113' title='bbox 2796 630 3257 703; x_wconf 79' lang='grc' dir='ltr'>ἐκκλησιαστικὴν</span> <span class='ocrx_word' id='word_1_114' title='bbox 3304 632 3650 703; x_wconf 86' lang='grc' dir='ltr'>φυλάττεσθαι</span> <span class='ocrx_word' id='word_1_115' title='bbox 3686 658 3766 695; x_wconf 83' lang='grc' dir='ltr'>κα-</span> 
     </span>
    </p>
   </div>
   <div class='ocr_carea' id='block_1_21' title="bbox 2224 720 3765 803">
    <p class='ocr_par' dir='ltr' id='par_1_21' title="bbox 2224 720 3765 803">
     <span class='ocr_line' id='line_1_21' title="bbox 2224 720 3765 803; baseline 0.008 -30"><span class='ocrx_word' id='word_1_116' title='bbox 2224 720 2487 775; x_wconf 86' lang='grc' dir='ltr'>τάστασιν</span> <span class='ocrx_word' id='word_1_117' title='bbox 2541 721 2735 788; x_wconf 86' lang='grc' dir='ltr'>οὑτως,</span> <span class='ocrx_word' id='word_1_118' title='bbox 2786 721 2867 788; x_wconf 83' lang='grc' dir='ltr'><strong>ὡς</strong></span> <span class='ocrx_word' id='word_1_119' title='bbox 2915 724 3121 794; x_wconf 78' lang='grc' dir='ltr'><strong>μηδένα</strong></span> <span class='ocrx_word' id='word_1_120' title='bbox 3162 725 3274 777; x_wconf 89' lang='grc' dir='ltr'><strong>τῶν</strong></span> <span class='ocrx_word' id='word_1_121' title='bbox 3316 725 3556 795; x_wconf 80' lang='grc' dir='ltr'><strong>ἀδελφῶν</strong></span> <span class='ocrx_word' id='word_1_122' title='bbox 3594 730 3765 803; x_wconf 80' lang='grc' dir='ltr'><strong>τολμᾷν</strong></span> 
     </span>
    </p>
   </div>
   <div class='ocr_carea' id='block_1_22' title="bbox 2226 810 3767 886">
    <p class='ocr_par' dir='ltr' id='par_1_22' title="bbox 2226 810 3767 886">
     <span class='ocr_line' id='line_1_22' title="bbox 2226 810 3767 886; baseline 0.01 -23"><span class='ocrx_word' id='word_1_123' title='bbox 2226 810 2415 864; x_wconf 84' lang='grc' dir='ltr'>ἐαυτὸν</span> <span class='ocrx_word' id='word_1_124' title='bbox 2443 814 2718 884; x_wconf 80' lang='grc' dir='ltr'>προτιμᾷν</span> <span class='ocrx_word' id='word_1_125' title='bbox 2744 814 3036 886; x_wconf 77' lang='grc' dir='ltr'><strong>προπετῶς</strong></span> <span class='ocrx_word' id='word_1_126' title='bbox 3060 815 3170 868; x_wconf 93' lang='grc' dir='ltr'><strong>τῶν</strong></span> <span class='ocrx_word' id='word_1_127' title='bbox 3196 814 3304 886; x_wconf 79' lang='grc' dir='ltr'>πρὸ</span> <span class='ocrx_word' id='word_1_128' title='bbox 3331 817 3519 883; x_wconf 80' lang='grc' dir='ltr'>αὑτοῦ,</span> <span class='ocrx_word' id='word_1_129' title='bbox 3544 819 3667 875; x_wconf 79' lang='grc' dir='ltr'>ἀλλὰ</span> <span class='ocrx_word' id='word_1_130' title='bbox 3690 825 3767 878; x_wconf 72' lang='grc' dir='ltr'>καὶ</span> 
     </span>
    </p>
   </div>
   <div class='ocr_carea' id='block_1_23' title="bbox 2222 900 3767 985">
    <p class='ocr_par' dir='ltr' id='par_1_23' title="bbox 2222 900 3767 985">
     <span class='ocr_line' id='line_1_23' title="bbox 2222 900 3767 985; baseline 0.006 -28"><span class='ocrx_word' id='word_1_131' title='bbox 2222 900 2259 957; x_wconf 75' lang='grc' dir='ltr'>ἃ</span> <span class='ocrx_word' id='word_1_132' title='bbox 2288 904 2409 966; x_wconf 83' lang='grc' dir='ltr'>ταῖς</span> <span class='ocrx_word' id='word_1_133' title='bbox 2433 905 2535 974; x_wconf 80' lang='grc' dir='ltr'>τῆς</span> <span class='ocrx_word' id='word_1_134' title='bbox 2566 906 2790 976; x_wconf 84' lang='grc' dir='ltr'><strong>ἀγάπης</strong></span> <span class='ocrx_word' id='word_1_135' title='bbox 2820 906 3040 974; x_wconf 82' lang='grc' dir='ltr'><strong>τάξεσιν</strong></span> <span class='ocrx_word' id='word_1_136' title='bbox 3068 908 3157 961; x_wconf 77' lang='grc' dir='ltr'><strong>ἀεὶ</strong></span> <span class='ocrx_word' id='word_1_137' title='bbox 3196 910 3508 982; x_wconf 86' lang='grc' dir='ltr'>παρεσχέθη</span> <span class='ocrx_word' id='word_1_138' title='bbox 3530 914 3633 975; x_wconf 89' lang='grc' dir='ltr'>τοῖς</span> <span class='ocrx_word' id='word_1_139' title='bbox 3660 931 3767 985; x_wconf 65' lang='grc' dir='ltr'>προ-</span> 
     </span>
    </p>
   </div>
   <div class='ocr_carea' id='block_1_24' title="bbox 2222 995 3765 1073">
    <p class='ocr_par' dir='ltr' id='par_1_24' title="bbox 2222 995 3765 1073">
     <span class='ocr_line' id='line_1_24' title="bbox 2222 995 3765 1073; baseline 0.008 -27"><span class='ocrx_word' id='word_1_140' title='bbox 2222 995 2425 1065; x_wconf 89' lang='grc' dir='ltr'>τέροις,</span> <span class='ocrx_word' id='word_1_141' title='bbox 2451 996 2595 1067; x_wconf 81' lang='grc' dir='ltr'>ἅπερ</span> <span class='ocrx_word' id='word_1_142' title='bbox 2624 1000 2672 1052; x_wconf 79' lang='grc' dir='ltr'>οι</span> <span class='ocrx_word' id='word_1_143' title='bbox 2710 1000 3201 1065; x_wconf 77' lang='grc' dir='ltr'>ἐπακολουθοῦντες</span> <span class='ocrx_word' id='word_1_144' title='bbox 3247 1004 3543 1073; x_wconf 81' lang='grc' dir='ltr'>χαριέντως</span> <span class='ocrx_word' id='word_1_145' title='bbox 3582 1006 3765 1059; x_wconf 83' lang='grc' dir='ltr'>κατεδέ-</span> 
     </span>
    </p>
   </div>
   <div class='ocr_carea' id='block_1_25' title="bbox 2226 1082 3766 1166">
    <p class='ocr_par' dir='ltr' id='par_1_25' title="bbox 2226 1082 3766 1166">
     <span class='ocr_line' id='line_1_25' title="bbox 2226 1082 3766 1166; baseline 0.008 -29"><span class='ocrx_word' id='word_1_146' title='bbox 2226 1082 2419 1149; x_wconf 82' lang='grc' dir='ltr'>ξαντο·</span> <span class='ocrx_word' id='word_1_147' title='bbox 2472 1087 2679 1159; x_wconf 81' lang='grc' dir='ltr'>ταύτην</span> <span class='ocrx_word' id='word_1_148' title='bbox 2720 1087 2812 1145; x_wconf 83' lang='grc' dir='ltr'>οὖν</span> <span class='ocrx_word' id='word_1_149' title='bbox 2855 1092 2955 1161; x_wconf 82' lang='grc' dir='ltr'>τὴν</span> <span class='ocrx_word' id='word_1_150' title='bbox 3001 1092 3156 1158; x_wconf 80' lang='grc' dir='ltr'><strong>τάξιν</strong></span> <span class='ocrx_word' id='word_1_151' title='bbox 3201 1093 3515 1164; x_wconf 85' lang='grc' dir='ltr'>κελεύσειὴ</span> <span class='ocrx_word' id='word_1_152' title='bbox 3560 1094 3766 1166; x_wconf 79' lang='grc' dir='ltr'>ὑμετέρα</span> 
     </span>
    </p>
   </div>
   <div class='ocr_carea' id='block_1_26' title="bbox 2224 1177 3765 1259">
    <p class='ocr_par' dir='ltr' id='par_1_26' title="bbox 2224 1177 3765 1259">
     <span class='ocr_line' id='line_1_26' title="bbox 2224 1177 3765 1259; baseline 0.008 -30"><span class='ocrx_word' id='word_1_153' title='bbox 2224 1177 2504 1249; x_wconf 88' lang='grc' dir='ltr'>ἀγιωσὺνη</span> <span class='ocrx_word' id='word_1_154' title='bbox 2547 1181 2872 1252; x_wconf 86' lang='grc' dir='ltr'>κρειττόνως</span> <span class='ocrx_word' id='word_1_155' title='bbox 2907 1182 3027 1248; x_wconf 79' lang='grc' dir='ltr'>ταῖς</span> <span class='ocrx_word' id='word_1_156' title='bbox 3063 1185 3357 1257; x_wconf 76' lang='grc' dir='ltr'>ὑμετέραις</span> <span class='ocrx_word' id='word_1_157' title='bbox 3390 1184 3676 1250; x_wconf 84' lang='grc' dir='ltr'>διαλαλιαῖς</span> <span class='ocrx_word' id='word_1_158' title='bbox 3698 1189 3765 1259; x_wconf 71' lang='grc' dir='ltr'><strong>βε-</strong></span> 
     </span>
    </p>
   </div>
   <div class='ocr_carea' id='block_1_27' title="bbox 2223 1267 2475 1324">
    <p class='ocr_par' dir='ltr' id='par_1_27' title="bbox 2223 1267 2475 1324">
     <span class='ocr_line' id='line_1_27' title="bbox 2223 1267 2475 1324; baseline 0.012 -3"><span class='ocrx_word' id='word_1_159' title='bbox 2223 1267 2475 1324; x_wconf 80' lang='grc' dir='ltr'>σαιῶσαι.</span> 
     </span>
    </p>
   </div>
   <div class='ocr_carea' id='block_1_28' title="bbox 2296 1361 3769 1441">
    <p class='ocr_par' dir='ltr' id='par_1_28' title="bbox 2296 1361 3769 1441">
     <span class='ocr_line' id='line_1_28' title="bbox 2296 1361 3769 1441; baseline 0.007 -27"><span class='ocrx_word' id='word_1_160' title='bbox 2296 1361 2407 1424; x_wconf 70' lang='grc' dir='ltr'>πθθ,</span> <span class='ocrx_word' id='word_1_161' title='bbox 2458 1364 2725 1437; x_wconf 79' lang='grc' dir='ltr'>Αὐρήλιος</span> <span class='ocrx_word' id='word_1_162' title='bbox 2776 1365 3075 1433; x_wconf 74' lang='grc' dir='ltr'>ἐπίσκοπος</span> <span class='ocrx_word' id='word_1_163' title='bbox 3128 1362 3284 1423; x_wconf 74' lang='grc' dir='ltr'>εἶπεν</span> <span class='ocrx_word' id='word_1_164' title='bbox 3310 1386 3327 1402; x_wconf 79' lang='grc' dir='ltr'><strong><em>ο</em></strong></span> <span class='ocrx_word' id='word_1_165' title='bbox 3354 1370 3469 1424; x_wconf 87' lang='grc' dir='ltr'><strong>Οὑκ</strong></span> <span class='ocrx_word' id='word_1_166' title='bbox 3498 1370 3654 1441; x_wconf 79' lang='grc' dir='ltr'>ἐχρῆν</span> <span class='ocrx_word' id='word_1_167' title='bbox 3691 1372 3769 1441; x_wconf 83' lang='grc' dir='ltr'>μὲν</span> 
     </span>
    </p>
   </div>
   <div class='ocr_carea' id='block_1_29' title="bbox 2223 1454 3768 1533">
    <p class='ocr_par' dir='ltr' id='par_1_29' title="bbox 2223 1454 3768 1533">
     <span class='ocr_line' id='line_1_29' title="bbox 2223 1454 3768 1533; baseline 0.005 -26"><span class='ocrx_word' id='word_1_168' title='bbox 2223 1454 2371 1523; x_wconf 73' lang='grc' dir='ltr'>ἡμᾶς</span> <span class='ocrx_word' id='word_1_169' title='bbox 2396 1454 2569 1510; x_wconf 81' lang='grc' dir='ltr'>ταῦτα</span> <span class='ocrx_word' id='word_1_170' title='bbox 2596 1457 3092 1530; x_wconf 75' lang='grc' dir='ltr'>ἐπαναλαμϐάνειν,</span> <span class='ocrx_word' id='word_1_171' title='bbox 3126 1462 3175 1513; x_wconf 91' lang='grc' dir='ltr'><strong>εί</strong></span> <span class='ocrx_word' id='word_1_172' title='bbox 3220 1461 3295 1533; x_wconf 80' lang='grc' dir='ltr'>μὴ</span> <span class='ocrx_word' id='word_1_173' title='bbox 3344 1462 3440 1514; x_wconf 81' lang='grc' dir='ltr'><strong>ἐάν</strong></span> <span class='ocrx_word' id='word_1_174' title='bbox 3472 1462 3623 1531; x_wconf 83' lang='grc' dir='ltr'>τυχὸν</span> <span class='ocrx_word' id='word_1_175' title='bbox 3657 1466 3768 1517; x_wconf 79' lang='grc' dir='ltr'>ἀκα-</span> 
     </span>
    </p>
   </div>
   <div class='ocr_carea' id='block_1_30' title="bbox 2223 1546 3769 1623">
    <p class='ocr_par' dir='ltr' id='par_1_30' title="bbox 2223 1546 3769 1623">
     <span class='ocr_line' id='line_1_30' title="bbox 2223 1546 3769 1623; baseline 0.005 -23"><span class='ocrx_word' id='word_1_176' title='bbox 2223 1546 2474 1618; x_wconf 87' lang='grc' dir='ltr'>τανόητοι</span> <span class='ocrx_word' id='word_1_177' title='bbox 2518 1547 2747 1603; x_wconf 87' lang='grc' dir='ltr'>διάνοιαί</span> <span class='ocrx_word' id='word_1_178' title='bbox 2797 1566 2960 1604; x_wconf 92' lang='grc' dir='ltr'>τινων</span> <span class='ocrx_word' id='word_1_179' title='bbox 3004 1551 3342 1623; x_wconf 83' lang='grc' dir='ltr'>ἀνεφὺησαν,</span> <span class='ocrx_word' id='word_1_180' title='bbox 3396 1553 3453 1605; x_wconf 84' lang='grc' dir='ltr'><strong>αί</strong></span> <span class='ocrx_word' id='word_1_181' title='bbox 3495 1552 3623 1623; x_wconf 86' lang='grc' dir='ltr'>πρὸς</span> <span class='ocrx_word' id='word_1_182' title='bbox 3668 1554 3769 1618; x_wconf 72' lang='grc' dir='ltr'>τοὺς</span> 
     </span>
    </p>
   </div>
   <div class='ocr_carea' id='block_1_31' title="bbox 2223 1637 3767 1712">
    <p class='ocr_par' dir='ltr' id='par_1_31' title="bbox 2223 1637 3767 1712">
     <span class='ocr_line' id='line_1_31' title="bbox 2223 1637 3767 1712; baseline 0.003 -19"><span class='ocrx_word' id='word_1_183' title='bbox 2223 1638 2382 1709; x_wconf 83' lang='grc' dir='ltr'>ὅρους</span> <span class='ocrx_word' id='word_1_184' title='bbox 2414 1637 2641 1702; x_wconf 82' lang='grc' dir='ltr'>τούτους</span> <span class='ocrx_word' id='word_1_185' title='bbox 2688 1639 2789 1704; x_wconf 86' lang='grc' dir='ltr'>τὰς</span> <span class='ocrx_word' id='word_1_186' title='bbox 2836 1641 3115 1712; x_wconf 78' lang='grc' dir='ltr'>ἡμετέρας</span> <span class='ocrx_word' id='word_1_187' title='bbox 3163 1642 3447 1712; x_wconf 82' lang='grc' dir='ltr'>αἰσθήσεις</span> <span class='ocrx_word' id='word_1_188' title='bbox 3490 1640 3767 1707; x_wconf 75' lang='grc' dir='ltr'>όξὺνουσαιο</span> 
     </span>
    </p>
   </div>
   <div class='ocr_carea' id='block_1_32' title="bbox 535 1718 2116 1806">
    <p class='ocr_par' dir='ltr' id='par_1_32' title="bbox 535 1734 2116 1806">
     <span class='ocr_line' id='line_1_32' title="bbox 535 1734 2116 1806; baseline 0 -15"><span class='ocrx_word' id='word_1_189' title='bbox 535 1750 700 1791; x_wconf 89' lang='lat' dir='ltr'><strong>causa</strong></span> <span class='ocrx_word' id='word_1_190' title='bbox 749 1744 852 1800; x_wconf 90' lang='lat' dir='ltr'><strong>est,</strong></span> <span class='ocrx_word' id='word_1_191' title='bbox 890 1751 1055 1806; x_wconf 90' lang='lat' dir='ltr'><strong>quam</strong></span> <span class='ocrx_word' id='word_1_192' title='bbox 1088 1734 1391 1791; x_wconf 86' lang='lat' dir='ltr'><strong>insinuavit</strong></span> <span class='ocrx_word' id='word_1_193' title='bbox 1434 1734 1602 1790; x_wconf 82' lang='lat' dir='ltr'><strong>frater</strong></span> <span class='ocrx_word' id='word_1_194' title='bbox 1644 1743 1701 1791; x_wconf 87' lang='lat' dir='ltr'><strong>et</strong></span> <span class='ocrx_word' id='word_1_195' title='bbox 1756 1735 2116 1791; x_wconf 86' lang='lat' dir='ltr'><strong>consacerdos</strong></span> 
     </span>
    </p>
   </div>
   <div class='ocr_carea' id='block_1_33' title="bbox 2230 1718 3769 1806">
    <p class='ocr_par' dir='ltr' id='par_1_33' title="bbox 2230 1728 3769 1805">
     <span class='ocr_line' id='line_1_33' title="bbox 2230 1728 3769 1805; baseline 0.001 -20"><span class='ocrx_word' id='word_1_196' title='bbox 2230 1728 2341 1785; x_wconf 78' lang='grc' dir='ltr'>ἀλλ’</span> <span class='ocrx_word' id='word_1_197' title='bbox 2367 1729 2557 1801; x_wconf 80' lang='grc' dir='ltr'>ἐπειδὴ</span> <span class='ocrx_word' id='word_1_198' title='bbox 2584 1729 2724 1803; x_wconf 78' lang='grc' dir='ltr'>αὕτη</span> <span class='ocrx_word' id='word_1_199' title='bbox 2755 1732 2910 1800; x_wconf 84' lang='grc' dir='ltr'>κοινή</span> <span class='ocrx_word' id='word_1_200' title='bbox 2941 1733 3089 1787; x_wconf 81' lang='grc' dir='ltr'>ἐστιν</span> <span class='ocrx_word' id='word_1_201' title='bbox 3124 1733 3295 1799; x_wconf 81' lang='grc' dir='ltr'>αἰτία,</span> <span class='ocrx_word' id='word_1_202' title='bbox 3328 1734 3395 1805; x_wconf 80' lang='grc' dir='ltr'>ἣν</span> <span class='ocrx_word' id='word_1_203' title='bbox 3434 1732 3528 1786; x_wconf 80' lang='grc' dir='ltr'>νῦν</span> <span class='ocrx_word' id='word_1_204' title='bbox 3556 1734 3769 1802; x_wconf 84' lang='grc' dir='ltr'>ἐνεφάνι-</span> 
     </span>
    </p>
   </div>
   <div class='ocr_carea' id='block_1_34' title="bbox 535 1826 2118 1899">
    <p class='ocr_par' dir='ltr' id='par_1_34' title="bbox 535 1826 2118 1899">
     <span class='ocr_line' id='line_1_34' title="bbox 535 1826 2118 1899; baseline 0 -17"><span class='ocrx_word' id='word_1_205' title='bbox 535 1837 743 1895; x_wconf 89' lang='lat' dir='ltr'><strong>noster,</strong></span> <span class='ocrx_word' id='word_1_206' title='bbox 784 1836 842 1883; x_wconf 90' lang='lat' dir='ltr'><strong>ut</strong></span> <span class='ocrx_word' id='word_1_207' title='bbox 882 1829 1268 1899; x_wconf 88' lang='lat' dir='ltr'><strong>unusquisque</strong></span> <span class='ocrx_word' id='word_1_208' title='bbox 1311 1838 1562 1885; x_wconf 90' lang='lat' dir='ltr'><strong>nostrum</strong></span> <span class='ocrx_word' id='word_1_209' title='bbox 1601 1827 1850 1883; x_wconf 87' lang='lat' dir='ltr'><strong>ordinem</strong></span> <span class='ocrx_word' id='word_1_210' title='bbox 1891 1826 1995 1882; x_wconf 88' lang='lat' dir='ltr'><strong>sibi</strong></span> <span class='ocrx_word' id='word_1_211' title='bbox 2025 1826 2118 1882; x_wconf 88' lang='lat' dir='ltr'><strong>de-</strong></span> 
     </span>
    </p>
   </div>
   <div class='ocr_carea' id='block_1_35' title="bbox 533 1916 2117 2001">
    <p class='ocr_par' dir='ltr' id='par_1_35' title="bbox 533 1916 2117 2001">
     <span class='ocr_line' id='line_1_35' title="bbox 533 1916 2117 2001; baseline -0.004 -27"><span class='ocrx_word' id='word_1_212' title='bbox 533 1928 744 1975; x_wconf 88' lang='lat' dir='ltr'><strong>cretum</strong></span> <span class='ocrx_word' id='word_1_213' title='bbox 773 1935 803 1973; x_wconf 95' lang='lat' dir='ltr'><strong>a</strong></span> <span class='ocrx_word' id='word_1_214' title='bbox 834 1917 945 1974; x_wconf 90' lang='lat' dir='ltr'><strong>Deo</strong></span> <span class='ocrx_word' id='word_1_215' title='bbox 971 1928 1285 1990; x_wconf 80' lang='lat' dir='ltr'><strong>cognoscat,</strong></span> <span class='ocrx_word' id='word_1_216' title='bbox 1311 1928 1364 1975; x_wconf 92' lang='lat' dir='ltr'><strong>et</strong></span> <span class='ocrx_word' id='word_1_217' title='bbox 1390 1919 1721 1991; x_wconf 89' lang='lat' dir='ltr'><strong>posteriores</strong></span> <span class='ocrx_word' id='word_1_218' title='bbox 1748 1916 2117 2001; x_wconf 80' lang='lat' dir='ltr'><strong>anterioribus</strong></span> 
     </span>
    </p>
   </div>
   <div class='ocr_carea' id='block_1_36' title="bbox 536 2010 2116 2081">
    <p class='ocr_par' dir='ltr' id='par_1_36' title="bbox 536 2010 2116 2081">
     <span class='ocr_line' id='line_1_36' title="bbox 536 2010 2116 2081; baseline -0.004 -15"><span class='ocrx_word' id='word_1_219' title='bbox 536 2011 808 2075; x_wconf 88' lang='lat' dir='ltr'><strong>deferant,</strong></span> <span class='ocrx_word' id='word_1_220' title='bbox 845 2026 947 2065; x_wconf 92' lang='lat' dir='ltr'><strong>nec</strong></span> <span class='ocrx_word' id='word_1_221' title='bbox 982 2012 1062 2067; x_wconf 90' lang='lat' dir='ltr'><strong>eis</strong></span> <span class='ocrx_word' id='word_1_222' title='bbox 1098 2010 1431 2067; x_wconf 90' lang='lat' dir='ltr'><strong>inconsultis</strong></span> <span class='ocrx_word' id='word_1_223' title='bbox 1466 2010 1669 2081; x_wconf 90' lang='lat' dir='ltr'><strong>aliquid</strong></span> <span class='ocrx_word' id='word_1_224' title='bbox 1703 2024 1867 2081; x_wconf 80' lang='lat' dir='ltr'><strong>agere</strong></span> <span class='ocrx_word' id='word_1_225' title='bbox 1906 2023 2116 2079; x_wconf 65' lang='lat' dir='ltr'><strong>prmsu-</strong></span> 
     </span>
    </p>
   </div>
   <div class='ocr_carea' id='block_1_37' title="bbox 532 2099 2115 2172">
    <p class='ocr_par' dir='ltr' id='par_1_37' title="bbox 532 2099 2115 2172">
     <span class='ocr_line' id='line_1_37' title="bbox 532 2099 2115 2172; baseline -0.003 -15"><span class='ocrx_word' id='word_1_226' title='bbox 532 2112 708 2158; x_wconf 88' lang='lat' dir='ltr'><strong>mant.</strong></span> <span class='ocrx_word' id='word_1_227' title='bbox 738 2104 855 2171; x_wconf 83' lang='lat' dir='ltr'><strong>Qua</strong></span> <span class='ocrx_word' id='word_1_228' title='bbox 891 2102 957 2157; x_wconf 84' lang='lat' dir='ltr'><strong>de</strong></span> <span class='ocrx_word' id='word_1_229' title='bbox 987 2118 1043 2158; x_wconf 90' lang='lat' dir='ltr'><strong>re</strong></span> <span class='ocrx_word' id='word_1_230' title='bbox 1073 2103 1219 2167; x_wconf 87' lang='lat' dir='ltr'><strong>dico,</strong></span> <span class='ocrx_word' id='word_1_231' title='bbox 1257 2111 1417 2171; x_wconf 89' lang='lat' dir='ltr'><strong>prout</strong></span> <span class='ocrx_word' id='word_1_232' title='bbox 1449 2112 1640 2172; x_wconf 88' lang='lat' dir='ltr'><strong>captus</strong></span> <span class='ocrx_word' id='word_1_233' title='bbox 1674 2099 1845 2155; x_wconf 91' lang='lat' dir='ltr'><strong>animi</strong></span> <span class='ocrx_word' id='word_1_234' title='bbox 1888 2100 1993 2155; x_wconf 90' lang='lat' dir='ltr'><strong>mei</strong></span> <span class='ocrx_word' id='word_1_235' title='bbox 2026 2115 2115 2153; x_wconf 87' lang='lat' dir='ltr'><strong>re-</strong></span> 
     </span>
    </p>
   </div>
   <div class='ocr_carea' id='block_1_38' title="bbox 533 2191 2113 2267">
    <p class='ocr_par' dir='ltr' id='par_1_38' title="bbox 533 2191 2113 2267">
     <span class='ocr_line' id='line_1_38' title="bbox 533 2191 2113 2267; baseline -0.003 -18"><span class='ocrx_word' id='word_1_236' title='bbox 533 2196 693 2262; x_wconf 89' lang='lat' dir='ltr'><strong>tinet,</strong></span> <span class='ocrx_word' id='word_1_237' title='bbox 721 2211 817 2250; x_wconf 88' lang='lat' dir='ltr'><strong>eos</strong></span> <span class='ocrx_word' id='word_1_238' title='bbox 846 2196 938 2265; x_wconf 93' lang='lat' dir='ltr'><strong>qui</strong></span> <span class='ocrx_word' id='word_1_239' title='bbox 967 2196 1279 2267; x_wconf 85' lang='lat' dir='ltr'><strong>putaverint</strong></span> <span class='ocrx_word' id='word_1_240' title='bbox 1312 2195 1513 2266; x_wconf 91' lang='lat' dir='ltr'><strong>spretis</strong></span> <span class='ocrx_word' id='word_1_241' title='bbox 1566 2192 1869 2264; x_wconf 86' lang='lat' dir='ltr'><strong>majoribus</strong></span> <span class='ocrx_word' id='word_1_242' title='bbox 1906 2191 2113 2262; x_wconf 79' lang='lat' dir='ltr'><strong>aliquid</strong></span> 
     </span>
    </p>
   </div>
   <div class='ocr_carea' id='block_1_39' title="bbox 528 2288 2116 2360">
    <p class='ocr_par' dir='ltr' id='par_1_39' title="bbox 528 2288 2116 2360">
     <span class='ocr_line' id='line_1_39' title="bbox 528 2288 2116 2360; baseline -0.001 -20"><span class='ocrx_word' id='word_1_243' title='bbox 528 2288 990 2357; x_wconf 70' lang='lat' dir='ltr'><strong>praesumendum,</strong></span> <span class='ocrx_word' id='word_1_244' title='bbox 1021 2299 1393 2360; x_wconf 87' lang='lat' dir='ltr'><strong>competenter</strong></span> <span class='ocrx_word' id='word_1_245' title='bbox 1424 2290 1494 2344; x_wconf 89' lang='lat' dir='ltr'><strong>ab</strong></span> <span class='ocrx_word' id='word_1_246' title='bbox 1525 2290 1673 2345; x_wconf 90' lang='lat' dir='ltr'><strong>omni</strong></span> <span class='ocrx_word' id='word_1_247' title='bbox 1701 2288 1938 2344; x_wconf 86' lang='lat' dir='ltr'><strong>concilio</strong></span> <span class='ocrx_word' id='word_1_248' title='bbox 1960 2301 2116 2344; x_wconf 88' lang='lat' dir='ltr'><strong>coer-</strong></span> 
     </span>
    </p>
   </div>
   <div class='ocr_carea' id='block_1_40' title="bbox 528 2381 749 2436">
    <p class='ocr_par' dir='ltr' id='par_1_40' title="bbox 528 2381 749 2436">
     <span class='ocr_line' id='line_1_40' title="bbox 528 2381 749 2436; baseline -0.018 0"><span class='ocrx_word' id='word_1_249' title='bbox 528 2381 749 2436; x_wconf 87' lang='lat' dir='ltr'><strong>cendos.</strong></span> 
     </span>
    </p>
   </div>
   <div class='ocr_carea' id='block_1_41' title="bbox 596 2552 2110 2630">
    <p class='ocr_par' dir='ltr' id='par_1_41' title="bbox 596 2552 2110 2630">
     <span class='ocr_line' id='line_1_41' title="bbox 596 2552 2110 2630; baseline 0.001 -19"><span class='ocrx_word' id='word_1_250' title='bbox 596 2554 905 2627; x_wconf 82' lang='lat' dir='ltr'><strong>Xantippus</strong></span> <span class='ocrx_word' id='word_1_251' title='bbox 932 2560 1224 2630; x_wconf 90' lang='lat' dir='ltr'><strong>episcopus</strong></span> <span class='ocrx_word' id='word_1_252' title='bbox 1245 2558 1437 2630; x_wconf 76' lang='lat' dir='ltr'><strong>prima:</strong></span> <span class='ocrx_word' id='word_1_253' title='bbox 1457 2558 1606 2616; x_wconf 84' lang='lat' dir='ltr'><strong>sedis</strong></span> <span class='ocrx_word' id='word_1_254' title='bbox 1630 2552 1900 2615; x_wconf 79' lang='lat' dir='ltr'><strong>Numidiae</strong></span> <span class='ocrx_word' id='word_1_255' title='bbox 1937 2557 2110 2615; x_wconf 61' lang='lat' dir='ltr'><strong>dixit:</strong></span> 
     </span>
    </p>
   </div>
   <div class='ocr_carea' id='block_1_42' title="bbox 524 2647 2113 2724">
    <p class='ocr_par' dir='ltr' id='par_1_42' title="bbox 524 2647 2113 2724">
     <span class='ocr_line' id='line_1_42' title="bbox 524 2647 2113 2724; baseline 0.003 -22"><span class='ocrx_word' id='word_1_256' title='bbox 524 2647 752 2704; x_wconf 80' lang='lat' dir='ltr'><strong>Audivit</strong></span> <span class='ocrx_word' id='word_1_257' title='bbox 774 2649 1020 2705; x_wconf 90' lang='lat' dir='ltr'><strong>omnium</strong></span> <span class='ocrx_word' id='word_1_258' title='bbox 1051 2649 1282 2707; x_wconf 79' lang='lat' dir='ltr'><strong>fratrum</strong></span> <span class='ocrx_word' id='word_1_259' title='bbox 1327 2652 1629 2724; x_wconf 66' lang='lat' dir='ltr'><strong>praesentia</strong></span> <span class='ocrx_word' id='word_1_260' title='bbox 1672 2652 2113 2723; x_wconf 88' lang='lat' dir='ltr'><strong>prosecutionem</strong></span> 
     </span>
    </p>
   </div>
   <div class='ocr_carea' id='block_1_43' title="bbox 416 2742 2116 2817">
    <p class='ocr_par' dir='ltr' id='par_1_43' title="bbox 416 2742 2116 2817">
     <span class='ocr_line' id='line_1_43' title="bbox 416 2742 2116 2817; baseline 0.005 -21"><span class='ocrx_word' id='word_1_261' title='bbox 416 2758 422 2767; x_wconf 80' lang='grc'><strong>’</strong></span> <span class='ocrx_word' id='word_1_262' title='bbox 523 2742 713 2798; x_wconf 85' lang='lat' dir='ltr'><strong>fratris</strong></span> <span class='ocrx_word' id='word_1_263' title='bbox 760 2753 815 2798; x_wconf 90' lang='lat' dir='ltr'><strong>et</strong></span> <span class='ocrx_word' id='word_1_264' title='bbox 869 2746 1173 2802; x_wconf 85' lang='lat' dir='ltr'><strong>sacerdotis</strong></span> <span class='ocrx_word' id='word_1_265' title='bbox 1215 2748 1392 2804; x_wconf 86' lang='lat' dir='ltr'><strong>nostri</strong></span> <span class='ocrx_word' id='word_1_266' title='bbox 1444 2748 1686 2813; x_wconf 84' lang='lat' dir='ltr'><strong>Aurelii,</strong></span> <span class='ocrx_word' id='word_1_267' title='bbox 1718 2746 1850 2817; x_wconf 91' lang='lat' dir='ltr'><strong>quid</strong></span> <span class='ocrx_word' id='word_1_268' title='bbox 1898 2746 1965 2802; x_wconf 88' lang='lat' dir='ltr'><strong>ad</strong></span> <span class='ocrx_word' id='word_1_269' title='bbox 1998 2749 2116 2804; x_wconf 87' lang='lat' dir='ltr'><strong>haec</strong></span> 
     </span>
    </p>
   </div>
   <div class='ocr_carea' id='block_1_44' title="bbox 524 2833 843 2905">
    <p class='ocr_par' dir='ltr' id='par_1_44' title="bbox 524 2833 843 2905">
     <span class='ocr_line' id='line_1_44' title="bbox 524 2833 843 2905; baseline 0.006 -18"><span class='ocrx_word' id='word_1_270' title='bbox 524 2833 843 2905; x_wconf 87' lang='lat' dir='ltr'><strong>respondit?</strong></span> 
     </span>
    </p>
   </div>
   <div class='ocr_carea' id='block_1_45' title="bbox 598 3018 2110 3093">
    <p class='ocr_par' dir='ltr' id='par_1_45' title="bbox 598 3018 2110 3093">
     <span class='ocr_line' id='line_1_45' title="bbox 598 3018 2110 3093; baseline 0.003 -18"><span class='ocrx_word' id='word_1_271' title='bbox 598 3019 767 3090; x_wconf 77' lang='lat'><strong>228</strong></span> <span class='ocrx_word' id='word_1_272' title='bbox 789 3018 1038 3077; x_wconf 86' lang='lat' dir='ltr'><strong>Datimus</strong></span> <span class='ocrx_word' id='word_1_273' title='bbox 1090 3022 1379 3093; x_wconf 89' lang='lat' dir='ltr'><strong>episcopus</strong></span> <span class='ocrx_word' id='word_1_274' title='bbox 1426 3023 1609 3079; x_wconf 80' lang='lat' dir='ltr'><strong>dixit:</strong></span> <span class='ocrx_word' id='word_1_275' title='bbox 1659 3023 1793 3091; x_wconf 64' lang='lat' dir='ltr'><strong>Quae</strong></span> <span class='ocrx_word' id='word_1_276' title='bbox 1838 3024 2110 3093; x_wconf 87' lang='lat' dir='ltr'><strong>majorum</strong></span> 
     </span>
    </p>
   </div>
   <div class='ocr_carea' id='block_1_46' title="bbox 527 3096 2111 3187">
    <p class='ocr_par' dir='ltr' id='par_1_46' title="bbox 527 3096 2111 3187">
     <span class='ocr_line' id='line_1_46' title="bbox 527 3096 2111 3187; baseline 0.002 -20"><span class='ocrx_word' id='word_1_277' title='bbox 527 3111 769 3167; x_wconf 86' lang='lat' dir='ltr'><strong>decrevit</strong></span> <span class='ocrx_word' id='word_1_278' title='bbox 804 3113 1095 3179; x_wconf 86' lang='lat' dir='ltr'><strong>sententia,</strong></span> <span class='ocrx_word' id='word_1_279' title='bbox 1127 3096 1301 3171; x_wconf 71' lang='lat' dir='ltr'><strong>nostri</strong></span> <span class='ocrx_word' id='word_1_280' title='bbox 1331 3116 1601 3171; x_wconf 88' lang='lat' dir='ltr'><strong>assensui</strong></span> <span class='ocrx_word' id='word_1_281' title='bbox 1628 3117 2111 3187; x_wconf 85' lang='lat' dir='ltr'><strong>mancipabuntur,</strong></span> 
     </span>
    </p>
   </div>
   <div class='ocr_carea' id='block_1_47' title="bbox 530 3201 2107 3281">
    <p class='ocr_par' dir='ltr' id='par_1_47' title="bbox 530 3201 2107 3281">
     <span class='ocr_line' id='line_1_47' title="bbox 530 3201 2107 3281; baseline 0.003 -23"><span class='ocrx_word' id='word_1_282' title='bbox 530 3215 593 3259; x_wconf 89' lang='lat' dir='ltr'><strong>ut</strong></span> <span class='ocrx_word' id='word_1_283' title='bbox 625 3220 747 3275; x_wconf 77' lang='lat' dir='ltr'><strong>qua:</strong></span> <span class='ocrx_word' id='word_1_284' title='bbox 791 3206 1197 3275; x_wconf 78' lang='lat' dir='ltr'><strong>praeteritorum</strong></span> <span class='ocrx_word' id='word_1_285' title='bbox 1229 3201 1591 3266; x_wconf 86' lang='lat' dir='ltr'><strong>conciliorum</strong></span> <span class='ocrx_word' id='word_1_286' title='bbox 1643 3212 1813 3281; x_wconf 80' lang='lat' dir='ltr'><strong>gestis</strong></span> <span class='ocrx_word' id='word_1_287' title='bbox 1842 3220 2107 3266; x_wconf 88' lang='lat' dir='ltr'><strong>tenentur</strong></span> 
     </span>
    </p>
   </div>
   <div class='ocr_carea' id='block_1_48' title="bbox 528 3295 2118 3373">
    <p class='ocr_par' dir='ltr' id='par_1_48' title="bbox 528 3295 2118 3373">
     <span class='ocr_line' id='line_1_48' title="bbox 528 3295 2118 3373; baseline 0.004 -20"><span class='ocrx_word' id='word_1_288' title='bbox 528 3295 983 3368; x_wconf 85' lang='lat' dir='ltr'><strong>Carthaginensis</strong></span> <span class='ocrx_word' id='word_1_289' title='bbox 1030 3298 1308 3368; x_wconf 68' lang='lat' dir='ltr'><strong>Ecclesiae,</strong></span> <span class='ocrx_word' id='word_1_290' title='bbox 1356 3313 1546 3357; x_wconf 84' lang='lat' dir='ltr'><strong>nostra</strong></span> <span class='ocrx_word' id='word_1_291' title='bbox 1596 3303 1919 3359; x_wconf 89' lang='lat' dir='ltr'><strong>assensione</strong></span> <span class='ocrx_word' id='word_1_292' title='bbox 1956 3303 2118 3373; x_wconf 87' lang='lat' dir='ltr'><strong>plene</strong></span> 
     </span>
    </p>
   </div>
   <div class='ocr_carea' id='block_1_49' title="bbox 531 3391 1476 3458">
    <p class='ocr_par' dir='ltr' id='par_1_49' title="bbox 531 3391 1476 3458">
     <span class='ocr_line' id='line_1_49' title="bbox 531 3391 1476 3458; baseline 0.006 -16"><span class='ocrx_word' id='word_1_293' title='bbox 531 3391 674 3458; x_wconf 92' lang='lat' dir='ltr'><strong>apud</strong></span> <span class='ocrx_word' id='word_1_294' title='bbox 701 3405 892 3449; x_wconf 84' lang='lat' dir='ltr'><strong>omnes</strong></span> <span class='ocrx_word' id='word_1_295' title='bbox 921 3391 1135 3447; x_wconf 84' lang='lat' dir='ltr'><strong>firmata</strong></span> <span class='ocrx_word' id='word_1_296' title='bbox 1170 3401 1476 3449; x_wconf 86' lang='lat' dir='ltr'><strong>teneantur.</strong></span> 
     </span>
    </p>
   </div>
   <div class='ocr_carea' id='block_1_50' title="bbox 610 3562 2118 3646">
    <p class='ocr_par' dir='ltr' id='par_1_50' title="bbox 610 3562 2118 3646">
     <span class='ocr_line' id='line_1_50' title="bbox 610 3562 2118 3646; baseline 0.005 -19"><span class='ocrx_word' id='word_1_297' title='bbox 610 3570 870 3629; x_wconf 87' lang='lat' dir='ltr'><strong>Universi</strong></span> <span class='ocrx_word' id='word_1_298' title='bbox 902 3574 1143 3646; x_wconf 87' lang='lat' dir='ltr'><strong>episcopi</strong></span> <span class='ocrx_word' id='word_1_299' title='bbox 1170 3562 1431 3632; x_wconf 76' lang='lat' dir='ltr'><strong>dixerunt</strong></span> <span class='ocrx_word' id='word_1_300' title='bbox 1457 3596 1470 3632; x_wconf 91' lang='lat'><strong>:</strong></span> <span class='ocrx_word' id='word_1_301' title='bbox 1496 3576 1599 3635; x_wconf 87' lang='lat' dir='ltr'><strong>Hic</strong></span> <span class='ocrx_word' id='word_1_302' title='bbox 1624 3578 1762 3634; x_wconf 87' lang='lat' dir='ltr'><strong>ordo</strong></span> <span class='ocrx_word' id='word_1_303' title='bbox 1787 3589 1842 3634; x_wconf 92' lang='lat' dir='ltr'><strong>et</strong></span> <span class='ocrx_word' id='word_1_304' title='bbox 1878 3595 1908 3634; x_wconf 89' lang='lat' dir='ltr'><strong>a</strong></span> <span class='ocrx_word' id='word_1_305' title='bbox 1942 3579 2118 3635; x_wconf 84' lang='lat' dir='ltr'><strong>Patri-</strong></span> 
     </span>
    </p>
   </div>
   <div class='ocr_carea' id='block_1_51' title="bbox 536 3664 2118 3737">
    <p class='ocr_par' dir='ltr' id='par_1_51' title="bbox 536 3664 2118 3737">
     <span class='ocr_line' id='line_1_51' title="bbox 536 3664 2118 3737; baseline 0.006 -19"><span class='ocrx_word' id='word_1_306' title='bbox 536 3664 659 3729; x_wconf 90' lang='lat' dir='ltr'><strong>bus,</strong></span> <span class='ocrx_word' id='word_1_307' title='bbox 684 3674 736 3719; x_wconf 92' lang='lat' dir='ltr'><strong>et</strong></span> <span class='ocrx_word' id='word_1_308' title='bbox 767 3681 798 3720; x_wconf 91' lang='lat' dir='ltr'><strong>a</strong></span> <span class='ocrx_word' id='word_1_309' title='bbox 832 3665 1135 3736; x_wconf 87' lang='lat' dir='ltr'><strong>majoribus</strong></span> <span class='ocrx_word' id='word_1_310' title='bbox 1185 3678 1435 3725; x_wconf 86' lang='lat' dir='ltr'><strong>servatus</strong></span> <span class='ocrx_word' id='word_1_311' title='bbox 1462 3678 1569 3737; x_wconf 88' lang='lat' dir='ltr'><strong>est,</strong></span> <span class='ocrx_word' id='word_1_312' title='bbox 1618 3680 1672 3727; x_wconf 90' lang='lat' dir='ltr'><strong>et</strong></span> <span class='ocrx_word' id='word_1_313' title='bbox 1702 3686 1731 3725; x_wconf 90' lang='lat' dir='ltr'><strong>a</strong></span> <span class='ocrx_word' id='word_1_314' title='bbox 1775 3672 1958 3736; x_wconf 89' lang='lat' dir='ltr'><strong>nobis,</strong></span> <span class='ocrx_word' id='word_1_315' title='bbox 2007 3671 2118 3727; x_wconf 87' lang='lat' dir='ltr'><strong>Deo</strong></span> 
     </span>
    </p>
   </div>
   <div class='ocr_carea' id='block_1_52' title="bbox 538 3757 2119 3834">
    <p class='ocr_par' dir='ltr' id='par_1_52' title="bbox 538 3757 2119 3834">
     <span class='ocr_line' id='line_1_52' title="bbox 538 3757 2119 3834; baseline 0.006 -24"><span class='ocrx_word' id='word_1_316' title='bbox 538 3757 795 3827; x_wconf 90' lang='lat' dir='ltr'><strong>propitio,</strong></span> <span class='ocrx_word' id='word_1_317' title='bbox 828 3758 1158 3825; x_wconf 85' lang='lat' dir='ltr'><strong>servabitur,</strong></span> <span class='ocrx_word' id='word_1_318' title='bbox 1185 3762 1337 3817; x_wconf 87' lang='lat' dir='ltr'><strong>salvo</strong></span> <span class='ocrx_word' id='word_1_319' title='bbox 1364 3763 1528 3817; x_wconf 89' lang='lat' dir='ltr'><strong>etiam</strong></span> <span class='ocrx_word' id='word_1_320' title='bbox 1554 3762 1681 3834; x_wconf 89' lang='lat' dir='ltr'><strong>jure</strong></span> <span class='ocrx_word' id='word_1_321' title='bbox 1710 3764 1982 3833; x_wconf 88' lang='lat' dir='ltr'><strong>primatus</strong></span> <span class='ocrx_word' id='word_1_322' title='bbox 2010 3762 2119 3819; x_wconf 85' lang='lat' dir='ltr'><strong>Nu-</strong></span> 
     </span>
    </p>
   </div>
   <div class='ocr_carea' id='block_1_53' title="bbox 534 3849 2120 3918">
    <p class='ocr_par' dir='ltr' id='par_1_53' title="bbox 534 3849 2120 3918">
     <span class='ocr_line' id='line_1_53' title="bbox 534 3849 2120 3918; baseline 0.005 -14"><span class='ocrx_word' id='word_1_323' title='bbox 534 3849 716 3905; x_wconf 69' lang='lat' dir='ltr'><strong>midia:</strong></span> <span class='ocrx_word' id='word_1_324' title='bbox 744 3859 799 3905; x_wconf 87' lang='lat' dir='ltr'><strong>et</strong></span> <span class='ocrx_word' id='word_1_325' title='bbox 838 3852 1204 3918; x_wconf 57' lang='lat' dir='ltr'><strong>Mauritania,</strong></span> <span class='ocrx_word' id='word_1_326' title='bbox 1238 3854 1305 3909; x_wconf 88' lang='lat' dir='ltr'><strong>de</strong></span> <span class='ocrx_word' id='word_1_327' title='bbox 1336 3856 1563 3911; x_wconf 87' lang='lat' dir='ltr'><strong>archivo</strong></span> <span class='ocrx_word' id='word_1_328' title='bbox 1593 3866 1647 3912; x_wconf 91' lang='lat' dir='ltr'><strong>et</strong></span> <span class='ocrx_word' id='word_1_329' title='bbox 1693 3856 1978 3913; x_wconf 89' lang='lat' dir='ltr'><strong>matricula</strong></span> <span class='ocrx_word' id='word_1_330' title='bbox 2007 3856 2120 3912; x_wconf 83' lang='lat' dir='ltr'><strong>Nu-</strong></span> 
     </span>
    </p>
   </div>
   <div class='ocr_carea' id='block_1_54' title="bbox 533 3938 2118 4025">
    <p class='ocr_par' dir='ltr' id='par_1_54' title="bbox 533 3938 2118 4025">
     <span class='ocr_line' id='line_1_54' title="bbox 533 3938 2118 4025; baseline 0.007 -32"><span class='ocrx_word' id='word_1_331' title='bbox 533 3938 739 3995; x_wconf 70' lang='lat' dir='ltr'><strong>midiae.</strong></span> <span class='ocrx_word' id='word_1_332' title='bbox 795 3940 1001 3997; x_wconf 84' lang='lat' dir='ltr'><strong>Deinde</strong></span> <span class='ocrx_word' id='word_1_333' title='bbox 1052 3943 1259 4013; x_wconf 89' lang='lat' dir='ltr'><strong>placuit</strong></span> <span class='ocrx_word' id='word_1_334' title='bbox 1305 3946 1566 4002; x_wconf 84' lang='lat' dir='ltr'><strong>omnibus</strong></span> <span class='ocrx_word' id='word_1_335' title='bbox 1606 3947 1877 4017; x_wconf 85' lang='lat' dir='ltr'><strong>episcopis</strong></span> <span class='ocrx_word' id='word_1_336' title='bbox 1921 3950 2015 4019; x_wconf 91' lang='lat' dir='ltr'><strong>qui</strong></span> <span class='ocrx_word' id='word_1_337' title='bbox 2064 3950 2118 4025; x_wconf 91' lang='lat' dir='ltr'><strong>in</strong></span> 
     </span>
    </p>
   </div>
   <div class='ocr_carea' id='block_1_55' title="bbox 533 4032 2118 4108">
    <p class='ocr_par' dir='ltr' id='par_1_55' title="bbox 533 4032 2118 4108">
     <span class='ocr_line' id='line_1_55' title="bbox 533 4032 2118 4108; baseline 0.008 -24"><span class='ocrx_word' id='word_1_338' title='bbox 533 4032 640 4087; x_wconf 83' lang='lat' dir='ltr'><strong>hoc</strong></span> <span class='ocrx_word' id='word_1_339' title='bbox 669 4033 903 4089; x_wconf 91' lang='lat' dir='ltr'><strong>concilio</strong></span> <span class='ocrx_word' id='word_1_340' title='bbox 930 4036 1400 4108; x_wconf 88' lang='lat' dir='ltr'><strong>subscripserunt,</strong></span> <span class='ocrx_word' id='word_1_341' title='bbox 1434 4049 1495 4093; x_wconf 92' lang='lat' dir='ltr'><strong>ut</strong></span> <span class='ocrx_word' id='word_1_342' title='bbox 1528 4040 1818 4094; x_wconf 88' lang='lat' dir='ltr'><strong>matricula</strong></span> <span class='ocrx_word' id='word_1_343' title='bbox 1847 4049 1901 4096; x_wconf 90' lang='lat' dir='ltr'><strong>et</strong></span> <span class='ocrx_word' id='word_1_344' title='bbox 1937 4042 2118 4096; x_wconf 85' lang='lat' dir='ltr'><strong>archi-</strong></span> 
     </span>
    </p>
   </div>
   <div class='ocr_carea' id='block_1_56' title="bbox 532 4124 2120 4201">
    <p class='ocr_par' dir='ltr' id='par_1_56' title="bbox 532 4124 2120 4201">
     <span class='ocr_line' id='line_1_56' title="bbox 532 4124 2120 4201; baseline 0.007 -23"><span class='ocrx_word' id='word_1_345' title='bbox 532 4140 636 4182; x_wconf 87' lang='lat' dir='ltr'><strong>vus</strong></span> <span class='ocrx_word' id='word_1_346' title='bbox 663 4124 931 4183; x_wconf 83' lang='lat' dir='ltr'><strong>Numidiae</strong></span> <span class='ocrx_word' id='word_1_347' title='bbox 952 4171 966 4195; x_wconf 91' lang='lat'><strong>,</strong></span> <span class='ocrx_word' id='word_1_348' title='bbox 1003 4138 1058 4185; x_wconf 91' lang='lat' dir='ltr'><strong>et</strong></span> <span class='ocrx_word' id='word_1_349' title='bbox 1081 4131 1223 4200; x_wconf 92' lang='lat' dir='ltr'><strong>apud</strong></span> <span class='ocrx_word' id='word_1_350' title='bbox 1254 4131 1488 4201; x_wconf 86' lang='lat' dir='ltr'><strong>primam</strong></span> <span class='ocrx_word' id='word_1_351' title='bbox 1511 4133 1696 4188; x_wconf 83' lang='lat' dir='ltr'><strong>sedem</strong></span> <span class='ocrx_word' id='word_1_352' title='bbox 1726 4133 1818 4199; x_wconf 84' lang='lat' dir='ltr'><strong>sit,</strong></span> <span class='ocrx_word' id='word_1_353' title='bbox 1842 4144 1895 4188; x_wconf 91' lang='lat' dir='ltr'><strong>et</strong></span> <span class='ocrx_word' id='word_1_354' title='bbox 1930 4134 1983 4188; x_wconf 90' lang='lat' dir='ltr'><strong>in</strong></span> <span class='ocrx_word' id='word_1_355' title='bbox 2014 4150 2120 4189; x_wconf 80' lang='lat' dir='ltr'><strong>me—</strong></span> 
     </span>
    </p>
   </div>
   <div class='ocr_carea' id='block_1_57' title="bbox 536 4221 1392 4290">
    <p class='ocr_par' dir='ltr' id='par_1_57' title="bbox 536 4221 1392 4290">
     <span class='ocr_line' id='line_1_57' title="bbox 536 4221 1392 4290; baseline 0.009 -18"><span class='ocrx_word' id='word_1_356' title='bbox 536 4221 759 4289; x_wconf 84' lang='lat' dir='ltr'><strong>tropoli,</strong></span> <span class='ocrx_word' id='word_1_357' title='bbox 788 4221 841 4276; x_wconf 92' lang='lat' dir='ltr'><strong>id</strong></span> <span class='ocrx_word' id='word_1_358' title='bbox 866 4232 972 4290; x_wconf 91' lang='lat' dir='ltr'><strong>est,</strong></span> <span class='ocrx_word' id='word_1_359' title='bbox 1005 4223 1392 4281; x_wconf 89' lang='lat' dir='ltr'><strong>Constantina.</strong></span> 
     </span>
    </p>
   </div>
   <div class='ocr_carea' id='block_1_58' title="bbox 606 4494 2118 4571">
    <p class='ocr_par' dir='ltr' id='par_1_58' title="bbox 606 4494 2118 4571">
     <span class='ocr_line' id='line_1_58' title="bbox 606 4494 2118 4571; baseline 0.005 -22"><span class='ocrx_word' id='word_1_360' title='bbox 606 4494 677 4550; x_wconf 91' lang='lat' dir='ltr'><strong>Ut</strong></span> <span class='ocrx_word' id='word_1_361' title='bbox 709 4498 941 4569; x_wconf 79' lang='lat' dir='ltr'><strong>episcopi</strong></span> <span class='ocrx_word' id='word_1_362' title='bbox 965 4503 1056 4571; x_wconf 79' lang='lat' dir='ltr'><strong>qui</strong></span> <span class='ocrx_word' id='word_1_363' title='bbox 1079 4504 1422 4565; x_wconf 75' lang='lat' dir='ltr'><strong>ordinantur,</strong></span> <span class='ocrx_word' id='word_1_364' title='bbox 1458 4502 1522 4555; x_wconf 91' lang='lat' dir='ltr'><strong>ab</strong></span> <span class='ocrx_word' id='word_1_365' title='bbox 1566 4502 1962 4555; x_wconf 77' lang='lat' dir='ltr'><strong>ordinatoribus</strong></span> <span class='ocrx_word' id='word_1_366' title='bbox 2006 4503 2118 4557; x_wconf 72' lang='lat' dir='ltr'><strong>suis</strong></span> 
     </span>
    </p>
   </div>
   <div class='ocr_carea' id='block_1_59' title="bbox 529 4589 2117 4664">
    <p class='ocr_par' dir='ltr' id='par_1_59' title="bbox 529 4589 2117 4664">
     <span class='ocr_line' id='line_1_59' title="bbox 529 4589 2117 4664; baseline 0.002 -22"><span class='ocrx_word' id='word_1_367' title='bbox 529 4589 783 4658; x_wconf 78' lang='lat' dir='ltr'><strong>epistolas</strong></span> <span class='ocrx_word' id='word_1_368' title='bbox 808 4594 1099 4663; x_wconf 74' lang='lat' dir='ltr'><strong>accipiant,</strong></span> <span class='ocrx_word' id='word_1_369' title='bbox 1133 4608 1249 4664; x_wconf 79' lang='lat' dir='ltr'><strong>qua:</strong></span> <span class='ocrx_word' id='word_1_370' title='bbox 1273 4594 1411 4647; x_wconf 82' lang='lat' dir='ltr'><strong>diem</strong></span> <span class='ocrx_word' id='word_1_371' title='bbox 1444 4603 1493 4647; x_wconf 89' lang='lat' dir='ltr'><strong>et</strong></span> <span class='ocrx_word' id='word_1_372' title='bbox 1511 4591 1776 4648; x_wconf 82' lang='lat' dir='ltr'><strong>consulem</strong></span> <span class='ocrx_word' id='word_1_373' title='bbox 1805 4592 2117 4663; x_wconf 70' lang='lat' dir='ltr'><strong>praeferant.</strong></span> 
     </span>
    </p>
   </div>
   <div class='ocr_carea' id='block_1_60' title="bbox 602 4858 2119 4937">
    <p class='ocr_par' dir='ltr' id='par_1_60' title="bbox 602 4858 2119 4937">
     <span class='ocr_line' id='line_1_60' title="bbox 602 4858 2119 4937; baseline 0.007 -26"><span class='ocrx_word' id='word_1_374' title='bbox 602 4858 806 4914; x_wconf 89' lang='lat' dir='ltr'><strong>Deinde</strong></span> <span class='ocrx_word' id='word_1_375' title='bbox 848 4860 1053 4930; x_wconf 88' lang='lat' dir='ltr'><strong>placuit</strong></span> <span class='ocrx_word' id='word_1_376' title='bbox 1101 4861 1124 4894; x_wconf 82' lang='grc'><strong><em>⁸</em></strong></span> <span class='ocrx_word' id='word_1_377' title='bbox 1181 4860 1317 4932; x_wconf 87' lang='lat'><strong>(69),</strong></span> <span class='ocrx_word' id='word_1_378' title='bbox 1397 4873 1458 4918; x_wconf 91' lang='lat' dir='ltr'><strong>ut</strong></span> <span class='ocrx_word' id='word_1_379' title='bbox 1498 4865 1816 4935; x_wconf 86' lang='lat' dir='ltr'><strong>quicunque</strong></span> <span class='ocrx_word' id='word_1_380' title='bbox 1858 4865 2119 4937; x_wconf 87' lang='lat' dir='ltr'><strong>deinceps</strong></span> 
     </span>
    </p>
   </div>
   <div class='ocr_carea' id='block_1_61' title="bbox 528 4952 2109 5033">
    <p class='ocr_par' dir='ltr' id='par_1_61' title="bbox 528 4952 2109 5033">
     <span class='ocr_line' id='line_1_61' title="bbox 528 4952 2109 5033; baseline 0.003 -25"><span class='ocrx_word' id='word_1_381' title='bbox 528 4952 598 5008; x_wconf 91' lang='lat' dir='ltr'><strong>ab</strong></span> <span class='ocrx_word' id='word_1_382' title='bbox 644 4954 919 5023; x_wconf 80' lang='lat' dir='ltr'><strong>episc0pis</strong></span> <span class='ocrx_word' id='word_1_383' title='bbox 953 4955 1279 5010; x_wconf 86' lang='lat' dir='ltr'><strong>ordinantur</strong></span> <span class='ocrx_word' id='word_1_384' title='bbox 1314 4973 1411 5027; x_wconf 90' lang='lat' dir='ltr'><strong>per</strong></span> <span class='ocrx_word' id='word_1_385' title='bbox 1457 4958 1769 5028; x_wconf 85' lang='lat' dir='ltr'><strong>provincias</strong></span> <span class='ocrx_word' id='word_1_386' title='bbox 1794 4957 2109 5033; x_wconf 81' lang='lat' dir='ltr'><strong>Africanas,</strong></span> 
     </span>
    </p>
   </div>
   <div class='ocr_carea' id='block_1_62' title="bbox 527 5046 2111 5117">
    <p class='ocr_par' dir='ltr' id='par_1_62' title="bbox 527 5046 2111 5117">
     <span class='ocr_line' id='line_1_62' title="bbox 527 5046 2111 5117; baseline 0.005 -18"><span class='ocrx_word' id='word_1_387' title='bbox 527 5046 741 5103; x_wconf 85' lang='lat' dir='ltr'><strong>litteras</strong></span> <span class='ocrx_word' id='word_1_388' title='bbox 760 5047 1034 5117; x_wconf 79' lang='lat' dir='ltr'><strong>accipiant</strong></span> <span class='ocrx_word' id='word_1_389' title='bbox 1061 5049 1130 5103; x_wconf 90' lang='lat' dir='ltr'><strong>ab</strong></span> <span class='ocrx_word' id='word_1_390' title='bbox 1148 5050 1556 5107; x_wconf 86' lang='lat' dir='ltr'><strong>ordinatoribus</strong></span> <span class='ocrx_word' id='word_1_391' title='bbox 1581 5052 1694 5109; x_wconf 86' lang='lat' dir='ltr'><strong>suis</strong></span> <span class='ocrx_word' id='word_1_392' title='bbox 1724 5068 1887 5107; x_wconf 91' lang='lat' dir='ltr'><strong>manu</strong></span> <span class='ocrx_word' id='word_1_393' title='bbox 1918 5064 2111 5109; x_wconf 88' lang='lat' dir='ltr'><strong>eorum</strong></span> 
     </span>
    </p>
   </div>
   <div class='ocr_carea' id='block_1_63' title="bbox 528 5142 2112 5212">
    <p class='ocr_par' dir='ltr' id='par_1_63' title="bbox 528 5142 2112 5212">
     <span class='ocr_line' id='line_1_63' title="bbox 528 5142 2112 5212; baseline 0.005 -17"><span class='ocrx_word' id='word_1_394' title='bbox 528 5142 892 5212; x_wconf 87' lang='lat' dir='ltr'><strong>conscriptas,</strong></span> <span class='ocrx_word' id='word_1_395' title='bbox 920 5145 1265 5199; x_wconf 83' lang='lat' dir='ltr'><strong>continentes</strong></span> <span class='ocrx_word' id='word_1_396' title='bbox 1287 5146 1569 5202; x_wconf 89' lang='lat' dir='ltr'><strong>consulem</strong></span> <span class='ocrx_word' id='word_1_397' title='bbox 1597 5155 1652 5202; x_wconf 89' lang='lat' dir='ltr'><strong>et</strong></span> <span class='ocrx_word' id='word_1_398' title='bbox 1671 5148 1813 5203; x_wconf 91' lang='lat' dir='ltr'><strong>diem</strong></span> <span class='ocrx_word' id='word_1_399' title='bbox 1842 5164 1856 5202; x_wconf 90' lang='lat'><strong>:</strong></span> <span class='ocrx_word' id='word_1_400' title='bbox 1887 5158 1946 5203; x_wconf 95' lang='lat' dir='ltr'><strong>ut</strong></span> <span class='ocrx_word' id='word_1_401' title='bbox 1966 5148 2112 5203; x_wconf 90' lang='lat' dir='ltr'><strong>nulla</strong></span> 
     </span>
    </p>
   </div>
   <div class='ocr_carea' id='block_1_64' title="bbox 529 5236 2111 5310">
    <p class='ocr_par' dir='ltr' id='par_1_64' title="bbox 529 5236 2111 5310">
     <span class='ocr_line' id='line_1_64' title="bbox 529 5236 2111 5310; baseline 0.002 -19"><span class='ocrx_word' id='word_1_402' title='bbox 529 5236 808 5294; x_wconf 85' lang='lat' dir='ltr'><strong>altercatio</strong></span> <span class='ocrx_word' id='word_1_403' title='bbox 847 5238 913 5295; x_wconf 90' lang='lat' dir='ltr'><strong>de</strong></span> <span class='ocrx_word' id='word_1_404' title='bbox 934 5239 1330 5310; x_wconf 88' lang='lat' dir='ltr'><strong>posterioribus</strong></span> <span class='ocrx_word' id='word_1_405' title='bbox 1372 5240 1456 5296; x_wconf 89' lang='lat' dir='ltr'><strong>vel</strong></span> <span class='ocrx_word' id='word_1_406' title='bbox 1489 5241 1855 5298; x_wconf 86' lang='lat' dir='ltr'><strong>anterioribus</strong></span> <span class='ocrx_word' id='word_1_407' title='bbox 1882 5242 2111 5296; x_wconf 88' lang='lat' dir='ltr'><strong>oriatur.</strong></span> 
     </span>
    </p>
   </div>
   <div class='ocr_carea' id='block_1_65' title="bbox 605 5478 1289 5554">
    <p class='ocr_par' dir='ltr' id='par_1_65' title="bbox 605 5478 1289 5554">
     <span class='ocr_line' id='line_1_65' title="bbox 605 5478 1289 5554; baseline 0.003 -20"><span class='ocrx_word' id='word_1_408' title='bbox 605 5478 625 5508; x_wconf 85' lang='grc'>⁸</span> <span class='ocrx_word' id='word_1_409' title='bbox 649 5481 820 5539; x_wconf 76' lang='lat' dir='ltr'><strong>Cone.</strong></span> <span class='ocrx_word' id='word_1_410' title='bbox 850 5482 1021 5540; x_wconf 85' lang='lat' dir='ltr'><strong>Afric.</strong></span> <span class='ocrx_word' id='word_1_411' title='bbox 1056 5499 1175 5554; x_wconf 92' lang='lat' dir='ltr'><strong>cap.</strong></span> <span class='ocrx_word' id='word_1_412' title='bbox 1203 5485 1289 5541; x_wconf 85' lang='grc'>56.</span> 
     </span>
    </p>
   </div>
   <div class='ocr_carea' id='block_1_66' title="bbox 597 5640 1987 5715">
    <p class='ocr_par' dir='ltr' id='par_1_66' title="bbox 597 5640 1987 5715">
     <span class='ocr_line' id='line_1_66' title="bbox 597 5640 1987 5715; baseline 0 -20"><span class='ocrx_word' id='word_1_413' title='bbox 597 5640 713 5715; x_wconf 68' lang='grc' dir='ltr'><strong>(βο)</strong></span> <span class='ocrx_word' id='word_1_414' title='bbox 744 5641 879 5697; x_wconf 78' lang='lat' dir='ltr'><strong>Vide</strong></span> <span class='ocrx_word' id='word_1_415' title='bbox 931 5646 1160 5715; x_wconf 83' lang='lat' dir='ltr'><strong>August.</strong></span> <span class='ocrx_word' id='word_1_416' title='bbox 1204 5646 1365 5715; x_wconf 80' lang='lat' dir='ltr'><strong>epist.</strong></span> <span class='ocrx_word' id='word_1_417' title='bbox 1396 5644 1523 5703; x_wconf 63' lang='lat'><strong>958,</strong></span> <span class='ocrx_word' id='word_1_418' title='bbox 1556 5644 1619 5695; x_wconf 80' lang='lat' dir='ltr'><strong>ad</strong></span> <span class='ocrx_word' id='word_1_419' title='bbox 1654 5643 1987 5698; x_wconf 75' lang='lat' dir='ltr'><strong>Castorium.</strong></span> 
     </span>
    </p>
   </div>
   <div class='ocr_carea' id='block_1_67' title="bbox 602 5712 1681 5786">
    <p class='ocr_par' dir='ltr' id='par_1_67' title="bbox 602 5712 1681 5786">
     <span class='ocr_line' id='line_1_67' title="bbox 602 5712 1681 5786; baseline -0.01 -10"><span class='ocrx_word' id='word_1_420' title='bbox 602 5712 715 5784; x_wconf 70' lang='grc'><strong>470)</strong></span> <span class='ocrx_word' id='word_1_421' title='bbox 750 5714 905 5785; x_wconf 76' lang='lat' dir='ltr'><strong>Apud</strong></span> <span class='ocrx_word' id='word_1_422' title='bbox 926 5712 1273 5786; x_wconf 46' lang='lat' dir='ltr'><strong>Bcv&#39;eregiutn</strong></span> <span class='ocrx_word' id='word_1_423' title='bbox 1308 5714 1681 5781; x_wconf 77' lang='grc' dir='ltr'>Ξὰγκτιππος.</span> 
     </span>
    </p>
   </div>
   <div class='ocr_carea' id='block_1_68' title="bbox 2224 1823 3769 1898">
    <p class='ocr_par' dir='ltr' id='par_1_68' title="bbox 2224 1823 3769 1898">
     <span class='ocr_line' id='line_1_68' title="bbox 2224 1823 3769 1898; baseline 0.003 -22"><span class='ocrx_word' id='word_1_424' title='bbox 2224 1839 2315 1876; x_wconf 90' lang='grc' dir='ltr'><strong>σεν</strong></span> <span class='ocrx_word' id='word_1_425' title='bbox 2349 1823 2377 1874; x_wconf 86' lang='grc' dir='ltr'>ὁ</span> <span class='ocrx_word' id='word_1_426' title='bbox 2416 1823 2649 1893; x_wconf 80' lang='grc' dir='ltr'>ἀδελφὸς</span> <span class='ocrx_word' id='word_1_427' title='bbox 2693 1825 2789 1879; x_wconf 74' lang='grc' dir='ltr'>καὶ</span> <span class='ocrx_word' id='word_1_428' title='bbox 2836 1825 3252 1898; x_wconf 80' lang='grc' dir='ltr'>συλλειτουργὸς</span> <span class='ocrx_word' id='word_1_429' title='bbox 3282 1825 3462 1897; x_wconf 76' lang='grc' dir='ltr'>ἡμῶν,</span> <span class='ocrx_word' id='word_1_430' title='bbox 3498 1825 3632 1879; x_wconf 83' lang='grc' dir='ltr'>ὥστε</span> <span class='ocrx_word' id='word_1_431' title='bbox 3660 1826 3769 1881; x_wconf 80' lang='grc' dir='ltr'>ἐκα-</span> 
     </span>
    </p>
   </div>
   <div class='ocr_carea' id='block_1_69' title="bbox 2222 1916 3769 1992">
    <p class='ocr_par' dir='ltr' id='par_1_69' title="bbox 2222 1916 3769 1992">
     <span class='ocr_line' id='line_1_69' title="bbox 2222 1916 3769 1992; baseline 0.003 -23"><span class='ocrx_word' id='word_1_432' title='bbox 2222 1932 2345 1969; x_wconf 90' lang='grc' dir='ltr'>στον</span> <span class='ocrx_word' id='word_1_433' title='bbox 2369 1917 2526 1987; x_wconf 80' lang='grc' dir='ltr'>ἡμῶν</span> <span class='ocrx_word' id='word_1_434' title='bbox 2573 1916 2959 1987; x_wconf 73' lang='grc' dir='ltr'>ἐπιγινώσκειν</span> <span class='ocrx_word' id='word_1_435' title='bbox 2985 1919 3084 1990; x_wconf 83' lang='grc' dir='ltr'>τὴν</span> <span class='ocrx_word' id='word_1_436' title='bbox 3136 1919 3289 1992; x_wconf 87' lang='grc' dir='ltr'><strong>παρά</strong></span> <span class='ocrx_word' id='word_1_437' title='bbox 3331 1917 3429 1973; x_wconf 80' lang='grc' dir='ltr'><strong>τοῦ</strong></span> <span class='ocrx_word' id='word_1_438' title='bbox 3464 1918 3594 1973; x_wconf 86' lang='grc' dir='ltr'>Θεοῦ</span> <span class='ocrx_word' id='word_1_439' title='bbox 3629 1919 3769 1989; x_wconf 76' lang='grc' dir='ltr'>ψηφι-</span> 
     </span>
    </p>
   </div>
   <div class='ocr_carea' id='block_1_70' title="bbox 2220 2006 3767 2084">
    <p class='ocr_par' dir='ltr' id='par_1_70' title="bbox 2220 2006 3767 2084">
     <span class='ocr_line' id='line_1_70' title="bbox 2220 2006 3767 2084; baseline 0.003 -23"><span class='ocrx_word' id='word_1_440' title='bbox 2220 2007 2440 2062; x_wconf 84' lang='grc' dir='ltr'>σθεῖσαν</span> <span class='ocrx_word' id='word_1_441' title='bbox 2467 2008 2616 2079; x_wconf 85' lang='grc' dir='ltr'>αὑτῷ</span> <span class='ocrx_word' id='word_1_442' title='bbox 2640 2009 2794 2075; x_wconf 80' lang='grc' dir='ltr'>τάξιν</span> <span class='ocrx_word' id='word_1_443' title='bbox 2820 2026 2834 2040; x_wconf 83' lang='grc'>⁶</span> <span class='ocrx_word' id='word_1_444' title='bbox 2868 2011 2961 2064; x_wconf 75' lang='grc' dir='ltr'>καὶ</span> <span class='ocrx_word' id='word_1_445' title='bbox 2988 2006 3073 2066; x_wconf 80' lang='grc' dir='ltr'>ἵνα</span> <span class='ocrx_word' id='word_1_446' title='bbox 3099 2012 3148 2065; x_wconf 82' lang='grc' dir='ltr'>οἱ</span> <span class='ocrx_word' id='word_1_447' title='bbox 3201 2012 3644 2084; x_wconf 77' lang='grc' dir='ltr'>μεταγενέστεροι</span> <span class='ocrx_word' id='word_1_448' title='bbox 3679 2016 3767 2077; x_wconf 77' lang='grc' dir='ltr'>τοῖς</span> 
     </span>
    </p>
   </div>
   <div class='ocr_carea' id='block_1_71' title="bbox 2218 2090 3768 2177">
    <p class='ocr_par' dir='ltr' id='par_1_71' title="bbox 2218 2090 3768 2177">
     <span class='ocr_line' id='line_1_71' title="bbox 2218 2090 3768 2177; baseline 0.002 -24"><span class='ocrx_word' id='word_1_449' title='bbox 2218 2098 2506 2172; x_wconf 79' lang='grc' dir='ltr'>προτέροις</span> <span class='ocrx_word' id='word_1_450' title='bbox 2535 2101 2871 2173; x_wconf 80' lang='grc' dir='ltr'>ἀναφέρωσι,</span> <span class='ocrx_word' id='word_1_451' title='bbox 2903 2104 2998 2156; x_wconf 77' lang='grc' dir='ltr'>καὶ</span> <span class='ocrx_word' id='word_1_452' title='bbox 3034 2102 3109 2177; x_wconf 83' lang='grc' dir='ltr'>μὴ</span> <span class='ocrx_word' id='word_1_453' title='bbox 3146 2090 3466 2176; x_wconf 78' lang='grc' dir='ltr'>τολμήσωσι</span> <span class='ocrx_word' id='word_1_454' title='bbox 3494 2103 3637 2175; x_wconf 86' lang='grc' dir='ltr'><strong>παρά</strong></span> <span class='ocrx_word' id='word_1_455' title='bbox 3662 2103 3768 2168; x_wconf 87' lang='grc' dir='ltr'>γνώ-</span> 
     </span>
    </p>
   </div>
   <div class='ocr_carea' id='block_1_72' title="bbox 2222 2194 3765 2269">
    <p class='ocr_par' dir='ltr' id='par_1_72' title="bbox 2222 2194 3765 2269">
     <span class='ocr_line' id='line_1_72' title="bbox 2222 2194 3765 2269; baseline 0.001 -22"><span class='ocrx_word' id='word_1_456' title='bbox 2222 2211 2330 2265; x_wconf 87' lang='grc' dir='ltr'><strong>μην</strong></span> <span class='ocrx_word' id='word_1_457' title='bbox 2353 2194 2557 2248; x_wconf 83' lang='grc' dir='ltr'>τοὺτων</span> <span class='ocrx_word' id='word_1_458' title='bbox 2584 2194 2641 2249; x_wconf 86' lang='grc' dir='ltr'><strong>τί</strong></span> <span class='ocrx_word' id='word_1_459' title='bbox 2664 2214 2794 2250; x_wconf 87' lang='grc' dir='ltr'>ποτε</span> <span class='ocrx_word' id='word_1_460' title='bbox 2829 2196 3112 2269; x_wconf 88' lang='grc' dir='ltr'>πράττειν,</span> <span class='ocrx_word' id='word_1_461' title='bbox 3148 2197 3236 2251; x_wconf 76' lang='grc' dir='ltr'>διὰ</span> <span class='ocrx_word' id='word_1_462' title='bbox 3259 2197 3422 2251; x_wconf 81' lang='grc' dir='ltr'>τοῦτο</span> <span class='ocrx_word' id='word_1_463' title='bbox 3449 2196 3588 2265; x_wconf 82' lang='grc' dir='ltr'>λέγω</span> <span class='ocrx_word' id='word_1_464' title='bbox 3617 2196 3765 2261; x_wconf 78' lang='grc' dir='ltr'>καθὼς</span> 
     </span>
    </p>
   </div>
   <div class='ocr_carea' id='block_1_73' title="bbox 2214 2285 3766 2361">
    <p class='ocr_par' dir='ltr' id='par_1_73' title="bbox 2214 2285 3766 2361">
     <span class='ocr_line' id='line_1_73' title="bbox 2214 2285 3766 2361; baseline 0.001 -22"><span class='ocrx_word' id='word_1_465' title='bbox 2214 2285 2308 2340; x_wconf 81' lang='grc' dir='ltr'>τὸν</span> <span class='ocrx_word' id='word_1_466' title='bbox 2348 2287 2479 2357; x_wconf 79' lang='grc' dir='ltr'>ἐμὸν</span> <span class='ocrx_word' id='word_1_467' title='bbox 2509 2288 2800 2360; x_wconf 78' lang='grc' dir='ltr'>ὑποτρέχει</span> <span class='ocrx_word' id='word_1_468' title='bbox 2846 2289 3127 2361; x_wconf 73' lang='grc' dir='ltr'>λογισμὸν,</span> <span class='ocrx_word' id='word_1_469' title='bbox 3158 2291 3287 2355; x_wconf 71' lang='grc' dir='ltr'>τοὺς</span> <span class='ocrx_word' id='word_1_470' title='bbox 3330 2288 3766 2360; x_wconf 75' lang='grc' dir='ltr'>καταφρονοῦντας</span> 
     </span>
    </p>
   </div>
   <div class='ocr_carea' id='block_1_74' title="bbox 2215 2377 3766 2454">
    <p class='ocr_par' dir='ltr' id='par_1_74' title="bbox 2215 2377 3766 2454">
     <span class='ocr_line' id='line_1_74' title="bbox 2215 2377 3766 2454; baseline 0 -21"><span class='ocrx_word' id='word_1_471' title='bbox 2215 2377 2325 2434; x_wconf 89' lang='grc' dir='ltr'><strong>τῶν</strong></span> <span class='ocrx_word' id='word_1_472' title='bbox 2358 2381 2463 2451; x_wconf 82' lang='grc' dir='ltr'>πρὸ</span> <span class='ocrx_word' id='word_1_473' title='bbox 2495 2382 2695 2446; x_wconf 84' lang='grc' dir='ltr'>αὑτῶν,</span> <span class='ocrx_word' id='word_1_474' title='bbox 2731 2382 2825 2437; x_wconf 87' lang='grc' dir='ltr'><strong>καί</strong></span> <span class='ocrx_word' id='word_1_475' title='bbox 2856 2401 2976 2436; x_wconf 91' lang='grc' dir='ltr'>τινα</span> <span class='ocrx_word' id='word_1_476' title='bbox 3008 2383 3465 2454; x_wconf 86' lang='grc' dir='ltr'>ἀποτολμῶντας,</span> <span class='ocrx_word' id='word_1_477' title='bbox 3500 2380 3766 2444; x_wconf 84' lang='grc' dir='ltr'>κωλυτέους</span> 
     </span>
    </p>
   </div>
   <div class='ocr_carea' id='block_1_75' title="bbox 2215 2469 3413 2546">
    <p class='ocr_par' dir='ltr' id='par_1_75' title="bbox 2215 2469 3413 2546">
     <span class='ocr_line' id='line_1_75' title="bbox 2215 2469 3413 2546; baseline 0.003 -20"><span class='ocrx_word' id='word_1_478' title='bbox 2215 2471 2491 2542; x_wconf 80' lang='grc' dir='ltr'>ἁρμοδίως</span> <span class='ocrx_word' id='word_1_479' title='bbox 2520 2469 2657 2526; x_wconf 86' lang='grc' dir='ltr'>εἷναι</span> <span class='ocrx_word' id='word_1_480' title='bbox 2684 2474 2793 2527; x_wconf 83' lang='grc' dir='ltr'>ἀπὸ</span> <span class='ocrx_word' id='word_1_481' title='bbox 2820 2474 3003 2546; x_wconf 86' lang='grc' dir='ltr'>πάσης</span> <span class='ocrx_word' id='word_1_482' title='bbox 3033 2475 3134 2544; x_wconf 80' lang='grc' dir='ltr'>τῆς</span> <span class='ocrx_word' id='word_1_483' title='bbox 3164 2474 3413 2529; x_wconf 89' lang='grc' dir='ltr'>συνόδου.</span> 
     </span>
    </p>
   </div>
   <div class='ocr_carea' id='block_1_76' title="bbox 2286 2563 3766 2638">
    <p class='ocr_par' dir='ltr' id='par_1_76' title="bbox 2286 2563 3766 2638">
     <span class='ocr_line' id='line_1_76' title="bbox 2286 2563 3766 2638; baseline -0.001 -21"><span class='ocrx_word' id='word_1_484' title='bbox 2286 2563 2637 2632; x_wconf 87' lang='grc' dir='ltr'>Σάγκτιππος</span> <span class='ocrx_word' id='word_1_485' title='bbox 2657 2564 2771 2637; x_wconf 85' lang='grc'><strong>(70)</strong></span> <span class='ocrx_word' id='word_1_486' title='bbox 2816 2566 3117 2630; x_wconf 79' lang='grc' dir='ltr'>ἐπίσκοπος</span> <span class='ocrx_word' id='word_1_487' title='bbox 3152 2569 3250 2638; x_wconf 78' lang='grc' dir='ltr'>τῆς</span> <span class='ocrx_word' id='word_1_488' title='bbox 3272 2566 3504 2637; x_wconf 82' lang='grc' dir='ltr'>πρώτης</span> <span class='ocrx_word' id='word_1_489' title='bbox 3534 2563 3766 2634; x_wconf 72' lang='grc' dir='ltr'>καθέδρας</span> 
     </span>
    </p>
   </div>
   <div class='ocr_carea' id='block_1_77' title="bbox 2213 2652 3766 2728">
    <p class='ocr_par' dir='ltr' id='par_1_77' title="bbox 2213 2652 3766 2728">
     <span class='ocr_line' id='line_1_77' title="bbox 2213 2652 3766 2728; baseline -0.003 -19"><span class='ocrx_word' id='word_1_490' title='bbox 2213 2654 2316 2725; x_wconf 78' lang='grc' dir='ltr'>τῆς</span> <span class='ocrx_word' id='word_1_491' title='bbox 2343 2656 2663 2726; x_wconf 86' lang='grc' dir='ltr'>Νουμηδίας</span> <span class='ocrx_word' id='word_1_492' title='bbox 2688 2652 2866 2712; x_wconf 77' lang='grc' dir='ltr'>εἶπενο</span> <span class='ocrx_word' id='word_1_493' title='bbox 2905 2658 3178 2711; x_wconf 82' lang='grc' dir='ltr'>Ἤκουσεν</span> <span class='ocrx_word' id='word_1_494' title='bbox 3205 2658 3239 2728; x_wconf 81' lang='grc' dir='ltr'>ἠ</span> <span class='ocrx_word' id='word_1_495' title='bbox 3272 2657 3496 2710; x_wconf 91' lang='grc' dir='ltr'>πάντων</span> <span class='ocrx_word' id='word_1_496' title='bbox 3518 2656 3618 2709; x_wconf 88' lang='grc' dir='ltr'><strong>τῶν</strong></span> <span class='ocrx_word' id='word_1_497' title='bbox 3643 2655 3766 2711; x_wconf 82' lang='grc' dir='ltr'>ἀδελ-</span> 
     </span>
    </p>
   </div>
   <div class='ocr_carea' id='block_1_78' title="bbox 2217 2743 3767 2818">
    <p class='ocr_par' dir='ltr' id='par_1_78' title="bbox 2217 2743 3767 2818">
     <span class='ocr_line' id='line_1_78' title="bbox 2217 2743 3767 2818; baseline -0.001 -19"><span class='ocrx_word' id='word_1_498' title='bbox 2217 2746 2335 2816; x_wconf 83' lang='grc' dir='ltr'><strong>φῶν</strong></span> <span class='ocrx_word' id='word_1_499' title='bbox 2366 2745 2639 2817; x_wconf 84' lang='grc' dir='ltr'>παρουσία</span> <span class='ocrx_word' id='word_1_500' title='bbox 2685 2745 2786 2816; x_wconf 86' lang='grc' dir='ltr'>τὴν</span> <span class='ocrx_word' id='word_1_501' title='bbox 2831 2746 3256 2818; x_wconf 78' lang='grc' dir='ltr'>έξακολοὺθησιν</span> <span class='ocrx_word' id='word_1_502' title='bbox 3294 2744 3391 2799; x_wconf 78' lang='grc' dir='ltr'>τοῦ</span> <span class='ocrx_word' id='word_1_503' title='bbox 3428 2743 3647 2814; x_wconf 82' lang='grc' dir='ltr'>ἀδελφοῦ</span> <span class='ocrx_word' id='word_1_504' title='bbox 3692 2743 3767 2798; x_wconf 80' lang='grc' dir='ltr'>καὶ</span> 
     </span>
    </p>
   </div>
   <div class='ocr_carea' id='block_1_79' title="bbox 2216 2834 3766 2910">
    <p class='ocr_par' dir='ltr' id='par_1_79' title="bbox 2216 2834 3766 2910">
     <span class='ocr_line' id='line_1_79' title="bbox 2216 2834 3766 2910; baseline -0.001 -21"><span class='ocrx_word' id='word_1_505' title='bbox 2216 2836 2509 2909; x_wconf 86' lang='grc' dir='ltr'>συνιερέως</span> <span class='ocrx_word' id='word_1_506' title='bbox 2542 2835 2699 2908; x_wconf 79' lang='grc' dir='ltr'>ἡμῶν</span> <span class='ocrx_word' id='word_1_507' title='bbox 2735 2835 3031 2909; x_wconf 83' lang='grc' dir='ltr'>Αὑρηλίου,</span> <span class='ocrx_word' id='word_1_508' title='bbox 3066 2838 3119 2891; x_wconf 89' lang='grc' dir='ltr'><strong>τί</strong></span> <span class='ocrx_word' id='word_1_509' title='bbox 3166 2837 3305 2910; x_wconf 85' lang='grc' dir='ltr'>πρὸς</span> <span class='ocrx_word' id='word_1_510' title='bbox 3355 2835 3532 2891; x_wconf 79' lang='grc' dir='ltr'>ταῦτα</span> <span class='ocrx_word' id='word_1_511' title='bbox 3571 2834 3766 2903; x_wconf 79' lang='grc' dir='ltr'>ἀποκρὶ-</span> 
     </span>
    </p>
   </div>
   <div class='ocr_carea' id='block_1_80' title="bbox 2217 2946 2402 2994">
    <p class='ocr_par' dir='ltr' id='par_1_80' title="bbox 2217 2946 2402 2994">
     <span class='ocr_line' id='line_1_80' title="bbox 2217 2946 2402 2994; baseline -0.016 -10"><span class='ocrx_word' id='word_1_512' title='bbox 2217 2946 2402 2994; x_wconf 89' lang='grc' dir='ltr'>νεται;</span> 
     </span>
    </p>
   </div>
   <div class='ocr_carea' id='block_1_81' title="bbox 2287 3017 3766 3092">
    <p class='ocr_par' dir='ltr' id='par_1_81' title="bbox 2287 3017 3766 3092">
     <span class='ocr_line' id='line_1_81' title="bbox 2287 3017 3766 3092; baseline -0.004 -16"><span class='ocrx_word' id='word_1_513' title='bbox 2287 3022 2523 3090; x_wconf 84' lang='grc' dir='ltr'>Δατῖμος</span> <span class='ocrx_word' id='word_1_514' title='bbox 2542 3020 2652 3090; x_wconf 82' lang='grc'><strong>(71)</strong></span> <span class='ocrx_word' id='word_1_515' title='bbox 2680 3019 2977 3084; x_wconf 86' lang='grc' dir='ltr'>ἐπίσκοπος</span> <span class='ocrx_word' id='word_1_516' title='bbox 3003 3020 3179 3074; x_wconf 77' lang='grc' dir='ltr'>εἶπενο</span> <span class='ocrx_word' id='word_1_517' title='bbox 3208 3020 3290 3074; x_wconf 87' lang='grc' dir='ltr'><strong>Τά</strong></span> <span class='ocrx_word' id='word_1_518' title='bbox 3313 3020 3468 3092; x_wconf 89' lang='grc' dir='ltr'><strong>παρά</strong></span> <span class='ocrx_word' id='word_1_519' title='bbox 3497 3020 3591 3089; x_wconf 79' lang='grc' dir='ltr'>τῆς</span> <span class='ocrx_word' id='word_1_520' title='bbox 3617 3017 3766 3089; x_wconf 68' lang='grc' dir='ltr'>ψήφου</span> 
     </span>
    </p>
   </div>
   <div class='ocr_carea' id='block_1_82' title="bbox 2216 3112 3768 3186">
    <p class='ocr_par' dir='ltr' id='par_1_82' title="bbox 2216 3112 3768 3186">
     <span class='ocr_line' id='line_1_82' title="bbox 2216 3112 3768 3186; baseline -0.003 -18"><span class='ocrx_word' id='word_1_521' title='bbox 2216 3116 2327 3168; x_wconf 89' lang='grc' dir='ltr'><strong>τῶν</strong></span> <span class='ocrx_word' id='word_1_522' title='bbox 2352 3114 2594 3185; x_wconf 87' lang='grc' dir='ltr'>ἀρχαίων</span> <span class='ocrx_word' id='word_1_523' title='bbox 2623 3113 2929 3186; x_wconf 83' lang='grc' dir='ltr'>ὁρισθέντα,</span> <span class='ocrx_word' id='word_1_524' title='bbox 2964 3116 3031 3184; x_wconf 81' lang='grc' dir='ltr'>τῇ</span> <span class='ocrx_word' id='word_1_525' title='bbox 3078 3114 3327 3186; x_wconf 76' lang='grc' dir='ltr'>ἡμετέρᾳ</span> <span class='ocrx_word' id='word_1_526' title='bbox 3358 3112 3656 3167; x_wconf 87' lang='grc' dir='ltr'>συναινέσει</span> <span class='ocrx_word' id='word_1_527' title='bbox 3684 3114 3768 3165; x_wconf 81' lang='grc' dir='ltr'><strong>ὲκ·-</strong></span> 
     </span>
    </p>
   </div>
   <div class='ocr_carea' id='block_1_83' title="bbox 2218 3202 3768 3277">
    <p class='ocr_par' dir='ltr' id='par_1_83' title="bbox 2218 3202 3768 3277">
     <span class='ocr_line' id='line_1_83' title="bbox 2218 3202 3768 3277; baseline -0.002 -17"><span class='ocrx_word' id='word_1_528' title='bbox 2218 3206 2534 3277; x_wconf 88' lang='grc' dir='ltr'>δοθήσονται</span> <span class='ocrx_word' id='word_1_529' title='bbox 2558 3218 2573 3236; x_wconf 70' lang='grc' dir='ltr'><strong>ο</strong></span> <span class='ocrx_word' id='word_1_530' title='bbox 2602 3208 2690 3258; x_wconf 76' lang='grc' dir='ltr'>ἵνα</span> <span class='ocrx_word' id='word_1_531' title='bbox 2719 3205 2787 3258; x_wconf 77' lang='grc' dir='ltr'><strong>τὰ</strong></span> <span class='ocrx_word' id='word_1_532' title='bbox 2837 3206 3205 3277; x_wconf 85' lang='grc' dir='ltr'>περιεχόμενα</span> <span class='ocrx_word' id='word_1_533' title='bbox 3247 3208 3359 3269; x_wconf 79' lang='grc' dir='ltr'>τοῖς</span> <span class='ocrx_word' id='word_1_534' title='bbox 3394 3202 3768 3276; x_wconf 79' lang='grc' dir='ltr'>πεπραγμένοις</span> 
     </span>
    </p>
   </div>
   <div class='ocr_carea' id='block_1_84' title="bbox 2218 3293 3768 3369">
    <p class='ocr_par' dir='ltr' id='par_1_84' title="bbox 2218 3293 3768 3369">
     <span class='ocr_line' id='line_1_84' title="bbox 2218 3293 3768 3369; baseline -0.003 -18"><span class='ocrx_word' id='word_1_535' title='bbox 2218 3298 2329 3351; x_wconf 91' lang='grc' dir='ltr'><strong>τῶν</strong></span> <span class='ocrx_word' id='word_1_536' title='bbox 2358 3298 2642 3369; x_wconf 85' lang='grc' dir='ltr'>προτέρων</span> <span class='ocrx_word' id='word_1_537' title='bbox 2675 3297 2910 3351; x_wconf 82' lang='grc' dir='ltr'>συνόδων</span> <span class='ocrx_word' id='word_1_538' title='bbox 2951 3299 3008 3350; x_wconf 82' lang='grc' dir='ltr'><strong>ἐν</strong></span> <span class='ocrx_word' id='word_1_539' title='bbox 3033 3300 3099 3369; x_wconf 75' lang='grc' dir='ltr'>τῇ</span> <span class='ocrx_word' id='word_1_540' title='bbox 3144 3299 3202 3351; x_wconf 82' lang='grc' dir='ltr'><strong>ἐν</strong></span> <span class='ocrx_word' id='word_1_541' title='bbox 3233 3295 3546 3368; x_wconf 85' lang='grc' dir='ltr'>Καρχηδόνι</span> <span class='ocrx_word' id='word_1_542' title='bbox 3579 3293 3768 3363; x_wconf 80' lang='grc' dir='ltr'>Ἐκκλη-</span> 
     </span>
    </p>
   </div>
   <div class='ocr_carea' id='block_1_85' title="bbox 2220 3385 3767 3463">
    <p class='ocr_par' dir='ltr' id='par_1_85' title="bbox 2220 3385 3767 3463">
     <span class='ocr_line' id='line_1_85' title="bbox 2220 3385 3767 3463; baseline -0.005 -19"><span class='ocrx_word' id='word_1_543' title='bbox 2220 3391 2332 3463; x_wconf 84' lang='grc' dir='ltr'>σῐᾳ,</span> <span class='ocrx_word' id='word_1_544' title='bbox 2364 3388 2511 3445; x_wconf 87' lang='grc' dir='ltr'><strong>κατά</strong></span> <span class='ocrx_word' id='word_1_545' title='bbox 2546 3389 2647 3460; x_wconf 79' lang='grc' dir='ltr'>τὴν</span> <span class='ocrx_word' id='word_1_546' title='bbox 2682 3389 2961 3459; x_wconf 79' lang='grc' dir='ltr'>ἡμετέραν</span> <span class='ocrx_word' id='word_1_547' title='bbox 3002 3388 3311 3444; x_wconf 88' lang='grc' dir='ltr'>συναίνεσιν</span> <span class='ocrx_word' id='word_1_548' title='bbox 3359 3385 3767 3460; x_wconf 82' lang='grc' dir='ltr'>πεπληρωμένως</span> 
     </span>
    </p>
   </div>
   <div class='ocr_carea' id='block_1_86' title="bbox 2221 3482 3173 3555">
    <p class='ocr_par' dir='ltr' id='par_1_86' title="bbox 2221 3482 3173 3555">
     <span class='ocr_line' id='line_1_86' title="bbox 2221 3482 3173 3555; baseline -0.003 -17"><span class='ocrx_word' id='word_1_549' title='bbox 2221 3484 2414 3555; x_wconf 80' lang='grc' dir='ltr'>βέϐαια</span> <span class='ocrx_word' id='word_1_550' title='bbox 2447 3484 2601 3555; x_wconf 75' lang='grc' dir='ltr'>παρὰ</span> <span class='ocrx_word' id='word_1_551' title='bbox 2637 3484 2773 3537; x_wconf 79' lang='grc' dir='ltr'>πᾶσι</span> <span class='ocrx_word' id='word_1_552' title='bbox 2805 3482 3173 3553; x_wconf 77' lang='grc' dir='ltr'>φυλαχθῶσιν.</span> 
     </span>
    </p>
   </div>
   <div class='ocr_carea' id='block_1_87' title="bbox 2291 3568 3766 3645">
    <p class='ocr_par' dir='ltr' id='par_1_87' title="bbox 2291 3568 3766 3645">
     <span class='ocr_line' id='line_1_87' title="bbox 2291 3568 3766 3645; baseline -0.005 -17"><span class='ocrx_word' id='word_1_553' title='bbox 2291 3574 2617 3645; x_wconf 72' lang='grc' dir='ltr'>Σὺμπαντες</span> <span class='ocrx_word' id='word_1_554' title='bbox 2650 3575 2699 3627; x_wconf 81' lang='grc' dir='ltr'>οἱ</span> <span class='ocrx_word' id='word_1_555' title='bbox 2727 3574 3016 3627; x_wconf 87' lang='grc' dir='ltr'>ἐπίσκοποι</span> <span class='ocrx_word' id='word_1_556' title='bbox 3048 3568 3223 3626; x_wconf 83' lang='grc' dir='ltr'>είπον⁶</span> <span class='ocrx_word' id='word_1_557' title='bbox 3269 3573 3334 3627; x_wconf 83' lang='grc' dir='ltr'><strong>Ἦ</strong></span> <span class='ocrx_word' id='word_1_558' title='bbox 3357 3572 3517 3640; x_wconf 78' lang='grc' dir='ltr'>τάξις</span> <span class='ocrx_word' id='word_1_559' title='bbox 3542 3571 3667 3642; x_wconf 80' lang='grc' dir='ltr'>αὕτη</span> <span class='ocrx_word' id='word_1_560' title='bbox 3694 3570 3766 3622; x_wconf 77' lang='grc' dir='ltr'>καὶ</span> 
     </span>
    </p>
   </div>
   <div class='ocr_carea' id='block_1_88' title="bbox 2221 3662 3763 3737">
    <p class='ocr_par' dir='ltr' id='par_1_88' title="bbox 2221 3662 3763 3737">
     <span class='ocr_line' id='line_1_88' title="bbox 2221 3662 3763 3737; baseline 0.017 -15"><span class='ocrx_word' id='word_1_561' title='bbox 2221 3668 2328 3722; x_wconf 76' lang='grc' dir='ltr'>άπὸ</span> <span class='ocrx_word' id='word_1_562' title='bbox 2356 3667 2465 3721; x_wconf 91' lang='grc' dir='ltr'><strong>τῶν</strong></span> <span class='ocrx_word' id='word_1_563' title='bbox 2498 3665 2780 3737; x_wconf 86' lang='grc' dir='ltr'>Πατέρων,</span> <span class='ocrx_word' id='word_1_564' title='bbox 2814 3666 2907 3719; x_wconf 76' lang='grc' dir='ltr'>καὶ</span> <span class='ocrx_word' id='word_1_565' title='bbox 2938 3664 3048 3719; x_wconf 79' lang='grc' dir='ltr'>ἀπὸ</span> <span class='ocrx_word' id='word_1_566' title='bbox 3083 3664 3192 3719; x_wconf 88' lang='grc' dir='ltr'><strong>τῶν</strong></span> <span class='ocrx_word' id='word_1_567' title='bbox 3229 3666 3479 3736; x_wconf 80' lang='grc' dir='ltr'>ἀρχαίων</span> <span class='ocrx_word' id='word_1_568' title='bbox 3510 3662 3763 3733; x_wconf 38' lang='lat' dir='ltr'><strong>“ﬂuxam</strong></span> 
     </span>
    </p>
   </div>
   <div class='ocr_carea' id='block_1_89' title="bbox 2222 3756 3763 3831">
    <p class='ocr_par' dir='ltr' id='par_1_89' title="bbox 2222 3756 3763 3831">
     <span class='ocr_line' id='line_1_89' title="bbox 2222 3756 3763 3831; baseline -0.007 -16"><span class='ocrx_word' id='word_1_569' title='bbox 2222 3762 2317 3816; x_wconf 78' lang='grc' dir='ltr'>καὶ</span> <span class='ocrx_word' id='word_1_570' title='bbox 2344 3762 2439 3831; x_wconf 78' lang='grc' dir='ltr'>ἀφ’</span> <span class='ocrx_word' id='word_1_571' title='bbox 2466 3760 2624 3831; x_wconf 83' lang='grc' dir='ltr'>ἡμῶν</span> <span class='ocrx_word' id='word_1_572' title='bbox 2653 3758 2795 3814; x_wconf 85' lang='grc' dir='ltr'>κατὰ</span> <span class='ocrx_word' id='word_1_573' title='bbox 2827 3757 3177 3829; x_wconf 82' lang='grc' dir='ltr'>συγχώρησιν</span> <span class='ocrx_word' id='word_1_574' title='bbox 3206 3756 3342 3811; x_wconf 80' lang='grc' dir='ltr'>Θεοῦ</span> <span class='ocrx_word' id='word_1_575' title='bbox 3373 3756 3763 3828; x_wconf 81' lang='grc' dir='ltr'>φυλαχθήσεται·</span> 
     </span>
    </p>
   </div>
   <div class='ocr_carea' id='block_1_90' title="bbox 2226 3845 3765 3921">
    <p class='ocr_par' dir='ltr' id='par_1_90' title="bbox 2226 3845 3765 3921">
     <span class='ocr_line' id='line_1_90' title="bbox 2226 3845 3765 3921; baseline -0.008 -16"><span class='ocrx_word' id='word_1_576' title='bbox 2226 3850 2539 3921; x_wconf 75' lang='grc' dir='ltr'>σωζομένου</span> <span class='ocrx_word' id='word_1_577' title='bbox 2579 3850 2661 3903; x_wconf 76' lang='grc' dir='ltr'>ἔτι</span> <span class='ocrx_word' id='word_1_578' title='bbox 2712 3848 2819 3920; x_wconf 81' lang='grc' dir='ltr'>μὴν</span> <span class='ocrx_word' id='word_1_579' title='bbox 2866 3848 2963 3902; x_wconf 80' lang='grc' dir='ltr'>τοῦ</span> <span class='ocrx_word' id='word_1_580' title='bbox 3006 3848 3219 3903; x_wconf 88' lang='grc' dir='ltr'>δικαίου</span> <span class='ocrx_word' id='word_1_581' title='bbox 3270 3846 3385 3901; x_wconf 88' lang='grc' dir='ltr'><strong>τῶν</strong></span> <span class='ocrx_word' id='word_1_582' title='bbox 3418 3845 3765 3919; x_wconf 84' lang='grc' dir='ltr'>πρωτευόντων</span> 
     </span>
    </p>
   </div>
   <div class='ocr_carea' id='block_1_91' title="bbox 2221 3935 3765 4014">
    <p class='ocr_par' dir='ltr' id='par_1_91' title="bbox 2221 3935 3765 4014">
     <span class='ocr_line' id='line_1_91' title="bbox 2221 3935 3765 4014; baseline -0.007 -16"><span class='ocrx_word' id='word_1_583' title='bbox 2221 3944 2323 4013; x_wconf 80' lang='grc' dir='ltr'>τῆς</span> <span class='ocrx_word' id='word_1_584' title='bbox 2356 3943 2677 4014; x_wconf 87' lang='grc' dir='ltr'>Νουμηδίας</span> <span class='ocrx_word' id='word_1_585' title='bbox 2715 3942 2811 3995; x_wconf 77' lang='grc' dir='ltr'>καὶ</span> <span class='ocrx_word' id='word_1_586' title='bbox 2860 3940 3264 4013; x_wconf 86' lang='grc' dir='ltr'>Μαυριτανίας,</span> <span class='ocrx_word' id='word_1_587' title='bbox 3313 3941 3381 3994; x_wconf 84' lang='grc' dir='ltr'><strong>ἐκ</strong></span> <span class='ocrx_word' id='word_1_588' title='bbox 3421 3939 3514 3993; x_wconf 77' lang='grc' dir='ltr'>τοῦ</span> <span class='ocrx_word' id='word_1_589' title='bbox 3545 3935 3765 4009; x_wconf 85' lang='grc' dir='ltr'>χαρτοθε-</span> 
     </span>
    </p>
   </div>
   <div class='ocr_carea' id='block_1_92' title="bbox 2225 4027 3765 4105">
    <p class='ocr_par' dir='ltr' id='par_1_92' title="bbox 2225 4027 3765 4105">
     <span class='ocr_line' id='line_1_92' title="bbox 2225 4027 3765 4105; baseline -0.007 -15"><span class='ocrx_word' id='word_1_590' title='bbox 2225 4038 2340 4090; x_wconf 76' lang='grc' dir='ltr'>σίου</span> <span class='ocrx_word' id='word_1_591' title='bbox 2373 4035 2468 4090; x_wconf 76' lang='grc' dir='ltr'>καὶ</span> <span class='ocrx_word' id='word_1_592' title='bbox 2503 4034 2794 4105; x_wconf 89' lang='grc' dir='ltr'>ματρικίου</span> <span class='ocrx_word' id='word_1_593' title='bbox 2825 4034 2923 4104; x_wconf 85' lang='grc' dir='ltr'>τῆς</span> <span class='ocrx_word' id='word_1_594' title='bbox 2953 4033 3298 4103; x_wconf 69' lang='grc' dir='ltr'>Νουμηδίαςο</span> <span class='ocrx_word' id='word_1_595' title='bbox 3333 4031 3503 4103; x_wconf 76' lang='grc' dir='ltr'>ἤρεσε</span> <span class='ocrx_word' id='word_1_596' title='bbox 3538 4031 3659 4083; x_wconf 79' lang='grc' dir='ltr'>πᾶσι</span> <span class='ocrx_word' id='word_1_597' title='bbox 3679 4027 3765 4087; x_wconf 63' lang='lat' dir='ltr'><strong>rei;</strong></span> 
     </span>
    </p>
   </div>
   <div class='ocr_carea' id='block_1_93' title="bbox 2222 4120 3761 4195">
    <p class='ocr_par' dir='ltr' id='par_1_93' title="bbox 2222 4120 3761 4195">
     <span class='ocr_line' id='line_1_93' title="bbox 2222 4120 3761 4195; baseline -0.006 -16"><span class='ocrx_word' id='word_1_598' title='bbox 2222 4126 2545 4190; x_wconf 82' lang='grc' dir='ltr'>ἐπισκόποις</span> <span class='ocrx_word' id='word_1_599' title='bbox 2587 4126 2701 4189; x_wconf 87' lang='grc' dir='ltr'>τοῖς</span> <span class='ocrx_word' id='word_1_600' title='bbox 2739 4125 2799 4178; x_wconf 87' lang='grc' dir='ltr'><strong>ἐν</strong></span> <span class='ocrx_word' id='word_1_601' title='bbox 2844 4126 3020 4195; x_wconf 79' lang='grc' dir='ltr'>ταύτῃ</span> <span class='ocrx_word' id='word_1_602' title='bbox 3061 4127 3129 4195; x_wconf 82' lang='grc' dir='ltr'><strong>τῇ</strong></span> <span class='ocrx_word' id='word_1_603' title='bbox 3162 4122 3364 4194; x_wconf 85' lang='grc' dir='ltr'>συνόδῳ</span> <span class='ocrx_word' id='word_1_604' title='bbox 3405 4120 3761 4192; x_wconf 77' lang='grc' dir='ltr'>ὑπογράψασιν,</span> 
     </span>
    </p>
   </div>
   <div class='ocr_carea' id='block_1_94' title="bbox 2223 4208 3763 4288">
    <p class='ocr_par' dir='ltr' id='par_1_94' title="bbox 2223 4208 3763 4288">
     <span class='ocr_line' id='line_1_94' title="bbox 2223 4208 3763 4288; baseline -0.009 -16"><span class='ocrx_word' id='word_1_605' title='bbox 2223 4218 2311 4272; x_wconf 88' lang='grc' dir='ltr'><strong>ἴνα</strong></span> <span class='ocrx_word' id='word_1_606' title='bbox 2339 4217 2402 4272; x_wconf 81' lang='grc' dir='ltr'>τὸ</span> <span class='ocrx_word' id='word_1_607' title='bbox 2434 4217 2723 4288; x_wconf 80' lang='grc' dir='ltr'>ματρίκιον</span> <span class='ocrx_word' id='word_1_608' title='bbox 2755 4216 2849 4269; x_wconf 75' lang='grc' dir='ltr'>καὶ</span> <span class='ocrx_word' id='word_1_609' title='bbox 2882 4214 3194 4285; x_wconf 86' lang='grc' dir='ltr'>ἀρχέτυπον</span> <span class='ocrx_word' id='word_1_610' title='bbox 3218 4212 3320 4279; x_wconf 86' lang='grc' dir='ltr'>τῆς</span> <span class='ocrx_word' id='word_1_611' title='bbox 3344 4211 3661 4284; x_wconf 83' lang='grc' dir='ltr'>Νουμηδίας,</span> <span class='ocrx_word' id='word_1_612' title='bbox 3690 4208 3763 4261; x_wconf 72' lang='grc' dir='ltr'>καὶ</span> 
     </span>
    </p>
   </div>
   <div class='ocr_carea' id='block_1_95' title="bbox 2222 4302 3761 4381">
    <p class='ocr_par' dir='ltr' id='par_1_95' title="bbox 2222 4302 3761 4381">
     <span class='ocr_line' id='line_1_95' title="bbox 2222 4302 3761 4381; baseline -0.008 -18"><span class='ocrx_word' id='word_1_613' title='bbox 2222 4311 2303 4374; x_wconf 80' lang='grc' dir='ltr'><strong>είς</strong></span> <span class='ocrx_word' id='word_1_614' title='bbox 2330 4310 2429 4381; x_wconf 77' lang='grc' dir='ltr'>τὴν</span> <span class='ocrx_word' id='word_1_615' title='bbox 2456 4307 2681 4380; x_wconf 80' lang='grc' dir='ltr'>πρώτην</span> <span class='ocrx_word' id='word_1_616' title='bbox 2732 4307 3001 4380; x_wconf 84' lang='grc' dir='ltr'>καθέδραν</span> <span class='ocrx_word' id='word_1_617' title='bbox 3056 4302 3113 4381; x_wconf 80' lang='grc' dir='ltr'>ᾖ,</span> <span class='ocrx_word' id='word_1_618' title='bbox 3151 4305 3246 4359; x_wconf 74' lang='grc' dir='ltr'>καὶ</span> <span class='ocrx_word' id='word_1_619' title='bbox 3286 4307 3368 4369; x_wconf 75' lang='grc' dir='ltr'>εἰς</span> <span class='ocrx_word' id='word_1_620' title='bbox 3400 4306 3500 4376; x_wconf 83' lang='grc' dir='ltr'>τὴν</span> <span class='ocrx_word' id='word_1_621' title='bbox 3530 4302 3761 4376; x_wconf 80' lang='grc' dir='ltr'>μητρόπο-</span> 
     </span>
    </p>
   </div>
   <div class='ocr_carea' id='block_1_96' title="bbox 2222 4401 2777 4457">
    <p class='ocr_par' dir='ltr' id='par_1_96' title="bbox 2222 4401 2777 4457">
     <span class='ocr_line' id='line_1_96' title="bbox 2222 4401 2777 4457; baseline -0.004 -1"><span class='ocrx_word' id='word_1_622' title='bbox 2222 4402 2307 4457; x_wconf 88' lang='grc' dir='ltr'><strong>λιν</strong></span> <span class='ocrx_word' id='word_1_623' title='bbox 2340 4404 2466 4457; x_wconf 85' lang='grc' dir='ltr'>Κων</span> <span class='ocrx_word' id='word_1_624' title='bbox 2474 4401 2777 4455; x_wconf 89' lang='grc' dir='ltr'>σταντίναν.</span> 
     </span>
    </p>
   </div>
   <div class='ocr_carea' id='block_1_97' title="bbox 2293 4485 3761 4564">
    <p class='ocr_par' dir='ltr' id='par_1_97' title="bbox 2293 4485 3761 4564">
     <span class='ocr_line' id='line_1_97' title="bbox 2293 4485 3761 4564; baseline -0.002 -15"><span class='ocrx_word' id='word_1_625' title='bbox 2293 4493 2435 4564; x_wconf 77' lang='grc' dir='ltr'>Περὶ</span> <span class='ocrx_word' id='word_1_626' title='bbox 2463 4493 2849 4549; x_wconf 79' lang='grc' dir='ltr'>ἀπολυτικῶν</span> <span class='ocrx_word' id='word_1_627' title='bbox 2872 4493 3030 4548; x_wconf 80' lang='grc' dir='ltr'>ὥστε</span> <span class='ocrx_word' id='word_1_628' title='bbox 3057 4492 3201 4559; x_wconf 86' lang='grc' dir='ltr'>τοὺς</span> <span class='ocrx_word' id='word_1_629' title='bbox 3237 4485 3761 4561; x_wconf 56' lang='grc' dir='ltr'>χειροτονουμένη(</span> 
     </span>
    </p>
   </div>
   <div class='ocr_carea' id='block_1_98' title="bbox 2218 4574 3760 4654">
    <p class='ocr_par' dir='ltr' id='par_1_98' title="bbox 2218 4574 3760 4654">
     <span class='ocr_line' id='line_1_98' title="bbox 2218 4574 3760 4654; baseline -0.01 -12"><span class='ocrx_word' id='word_1_630' title='bbox 2218 4586 2619 4654; x_wconf 80' lang='grc' dir='ltr'>ἐπισκόπους,</span> <span class='ocrx_word' id='word_1_631' title='bbox 2679 4586 2798 4641; x_wconf 80' lang='grc' dir='ltr'><strong>ἀπὸ</strong></span> <span class='ocrx_word' id='word_1_632' title='bbox 2854 4584 2975 4639; x_wconf 82' lang='grc' dir='ltr'>τῶν</span> <span class='ocrx_word' id='word_1_633' title='bbox 3037 4583 3545 4653; x_wconf 77' lang='grc' dir='ltr'>χειροτονούντων</span> <span class='ocrx_word' id='word_1_634' title='bbox 3579 4574 3760 4636; x_wconf 79' lang='grc' dir='ltr'>αὐτοὺς</span> 
     </span>
    </p>
   </div>
   <div class='ocr_carea' id='block_1_99' title="bbox 2222 4666 3759 4748">
    <p class='ocr_par' dir='ltr' id='par_1_99' title="bbox 2222 4666 3759 4748">
     <span class='ocr_line' id='line_1_99' title="bbox 2222 4666 3759 4748; baseline -0.009 -13"><span class='ocrx_word' id='word_1_635' title='bbox 2222 4679 2551 4744; x_wconf 75' lang='grc' dir='ltr'>ἐπιστολὰς</span> <span class='ocrx_word' id='word_1_636' title='bbox 2595 4677 2946 4748; x_wconf 67' lang='grc' dir='ltr'>λαμϐάνειν,</span> <span class='ocrx_word' id='word_1_637' title='bbox 2994 4675 3066 4731; x_wconf 81' lang='grc' dir='ltr'><strong>ἐν</strong></span> <span class='ocrx_word' id='word_1_638' title='bbox 3094 4670 3193 4744; x_wconf 79' lang='grc' dir='ltr'>αἷς</span> <span class='ocrx_word' id='word_1_639' title='bbox 3232 4674 3270 4745; x_wconf 82' lang='grc' dir='ltr'><strong><em>ἦ</em></strong></span> <span class='ocrx_word' id='word_1_640' title='bbox 3302 4692 3367 4729; x_wconf 86' lang='grc' dir='ltr'><strong>τε</strong></span> <span class='ocrx_word' id='word_1_641' title='bbox 3410 4671 3594 4744; x_wconf 70' lang='grc' dir='ltr'>ἡμέρα</span> <span class='ocrx_word' id='word_1_642' title='bbox 3633 4666 3759 4722; x_wconf 76' lang='grc' dir='ltr'>καὶὸ</span> 
     </span>
    </p>
   </div>
   <div class='ocr_carea' id='block_1_100' title="bbox 2220 4768 2865 4840">
    <p class='ocr_par' dir='ltr' id='par_1_100' title="bbox 2220 4768 2865 4840">
     <span class='ocr_line' id='line_1_100' title="bbox 2220 4768 2865 4840; baseline -0.003 -15"><span class='ocrx_word' id='word_1_643' title='bbox 2220 4772 2449 4838; x_wconf 83' lang='grc' dir='ltr'>ὕπατος</span> <span class='ocrx_word' id='word_1_644' title='bbox 2485 4768 2865 4840; x_wconf 75' lang='grc' dir='ltr'>προφέρεται.</span> 
     </span>
    </p>
   </div>
   <div class='ocr_carea' id='block_1_101' title="bbox 2292 4848 3757 4933">
    <p class='ocr_par' dir='ltr' id='par_1_101' title="bbox 2292 4848 3757 4933">
     <span class='ocr_line' id='line_1_101' title="bbox 2292 4848 3757 4933; baseline -0.011 -17"><span class='ocrx_word' id='word_1_645' title='bbox 2292 4863 2525 4915; x_wconf 85' lang='grc' dir='ltr'>Ἔπειτα</span> <span class='ocrx_word' id='word_1_646' title='bbox 2555 4863 2788 4933; x_wconf 76' lang='grc' dir='ltr'>ἤρεσεν,</span> <span class='ocrx_word' id='word_1_647' title='bbox 2847 4860 2936 4914; x_wconf 85' lang='grc' dir='ltr'><strong>ἴνα</strong></span> <span class='ocrx_word' id='word_1_648' title='bbox 2967 4861 3166 4923; x_wconf 79' lang='grc' dir='ltr'>οἵτινες</span> <span class='ocrx_word' id='word_1_649' title='bbox 3215 4856 3415 4929; x_wconf 82' lang='grc' dir='ltr'>δήποτε</span> <span class='ocrx_word' id='word_1_650' title='bbox 3451 4853 3583 4927; x_wconf 74' lang='grc' dir='ltr'>μετὰ</span> <span class='ocrx_word' id='word_1_651' title='bbox 3619 4848 3757 4904; x_wconf 80' lang='grc' dir='ltr'>ταῦτα</span> 
     </span>
    </p>
   </div>
   <div class='ocr_carea' id='block_1_102' title="bbox 2221 4939 3754 5024">
    <p class='ocr_par' dir='ltr' id='par_1_102' title="bbox 2221 4939 3754 5024">
     <span class='ocr_line' id='line_1_102' title="bbox 2221 4939 3754 5024; baseline -0.003 -19"><span class='ocrx_word' id='word_1_652' title='bbox 2221 4950 2669 5024; x_wconf 86' lang='grc' dir='ltr'>χειροτονῶνται,</span> <span class='ocrx_word' id='word_1_653' title='bbox 2716 4951 2821 5005; x_wconf 76' lang='grc' dir='ltr'><strong>ἀνά</strong></span> <span class='ocrx_word' id='word_1_654' title='bbox 2880 4950 2982 5014; x_wconf 79' lang='grc' dir='ltr'><strong>τὰς</strong></span> <span class='ocrx_word' id='word_1_655' title='bbox 3029 4950 3135 5019; x_wconf 79' lang='grc' dir='ltr'>τῆς</span> <span class='ocrx_word' id='word_1_656' title='bbox 3196 4948 3462 5019; x_wconf 78' lang='grc' dir='ltr'>Ἀφρικῆς</span> <span class='ocrx_word' id='word_1_657' title='bbox 3510 4939 3754 5011; x_wconf 70' lang='grc' dir='ltr'>ἐπαρχίας.</span> 
     </span>
    </p>
   </div>
   <div class='ocr_carea' id='block_1_103' title="bbox 2220 5033 3752 5117">
    <p class='ocr_par' dir='ltr' id='par_1_103' title="bbox 2220 5033 3752 5117">
     <span class='ocr_line' id='line_1_103' title="bbox 2220 5033 3752 5117; baseline -0.01 -15"><span class='ocrx_word' id='word_1_658' title='bbox 2220 5047 2525 5117; x_wconf 84' lang='grc' dir='ltr'>γράμματα</span> <span class='ocrx_word' id='word_1_659' title='bbox 2551 5044 2759 5099; x_wconf 76' lang='grc' dir='ltr'>λάϐωσι</span> <span class='ocrx_word' id='word_1_660' title='bbox 2785 5044 2939 5116; x_wconf 79' lang='grc' dir='ltr'>παρὰ</span> <span class='ocrx_word' id='word_1_661' title='bbox 2964 5043 3071 5098; x_wconf 91' lang='grc' dir='ltr'><strong>τῶν</strong></span> <span class='ocrx_word' id='word_1_662' title='bbox 3105 5040 3551 5113; x_wconf 81' lang='grc' dir='ltr'>χειροτονούντων</span> <span class='ocrx_word' id='word_1_663' title='bbox 3572 5033 3752 5093; x_wconf 75' lang='grc' dir='ltr'>αὐτοὺς,</span> 
     </span>
    </p>
   </div>
   <div class='ocr_carea' id='block_1_104' title="bbox 2219 5124 3753 5210">
    <p class='ocr_par' dir='ltr' id='par_1_104' title="bbox 2219 5124 3753 5210">
     <span class='ocr_line' id='line_1_104' title="bbox 2219 5124 3753 5210; baseline -0.019 -1"><span class='ocrx_word' id='word_1_664' title='bbox 2219 5143 2284 5210; x_wconf 72' lang='grc' dir='ltr'><strong>τῇ</strong></span> <span class='ocrx_word' id='word_1_665' title='bbox 2334 5139 2479 5210; x_wconf 78' lang='grc' dir='ltr'>χειρὶ</span> <span class='ocrx_word' id='word_1_666' title='bbox 2529 5138 2710 5193; x_wconf 84' lang='grc' dir='ltr'>αὐτῶν</span> <span class='ocrx_word' id='word_1_667' title='bbox 2776 5128 3272 5207; x_wconf 75' lang='grc' dir='ltr'>ὑπογεγραμμένα,</span> <span class='ocrx_word' id='word_1_668' title='bbox 3331 5133 3641 5206; x_wconf 80' lang='grc' dir='ltr'>περιέχοντα</span> <span class='ocrx_word' id='word_1_669' title='bbox 3682 5124 3753 5177; x_wconf 79' lang='grc' dir='ltr'>τὸν</span> 
     </span>
    </p>
   </div>
   <div class='ocr_carea' id='block_1_105' title="bbox 2221 5218 3756 5301">
    <p class='ocr_par' dir='ltr' id='par_1_105' title="bbox 2221 5218 3756 5301">
     <span class='ocr_line' id='line_1_105' title="bbox 2221 5218 3756 5301; baseline -0.007 -16"><span class='ocrx_word' id='word_1_670' title='bbox 2221 5232 2427 5285; x_wconf 79' lang='grc' dir='ltr'>ὑπατον</span> <span class='ocrx_word' id='word_1_671' title='bbox 2461 5232 2556 5285; x_wconf 74' lang='grc' dir='ltr'>καὶ</span> <span class='ocrx_word' id='word_1_672' title='bbox 2583 5229 2681 5301; x_wconf 77' lang='grc' dir='ltr'>τὴν</span> <span class='ocrx_word' id='word_1_673' title='bbox 2703 5230 2916 5301; x_wconf 80' lang='grc' dir='ltr'>ἡμέραν</span> <span class='ocrx_word' id='word_1_674' title='bbox 2941 5245 2953 5259; x_wconf 86' lang='grc'><em>’</em></span> <span class='ocrx_word' id='word_1_675' title='bbox 2981 5228 3122 5282; x_wconf 82' lang='grc' dir='ltr'>ὥστε</span> <span class='ocrx_word' id='word_1_676' title='bbox 3151 5227 3422 5299; x_wconf 76' lang='grc' dir='ltr'>μηδεμίαν</span> <span class='ocrx_word' id='word_1_677' title='bbox 3451 5218 3756 5296; x_wconf 72' lang='grc' dir='ltr'>ἀμφισϐήτη·</span> 
     </span>
    </p>
   </div>
   <div class='ocr_carea' id='block_1_106' title="bbox 2222 5320 3471 5396">
    <p class='ocr_par' dir='ltr' id='par_1_106' title="bbox 2222 5320 3471 5396">
     <span class='ocr_line' id='line_1_106' title="bbox 2222 5320 3471 5396; baseline -0.003 -18"><span class='ocrx_word' id='word_1_678' title='bbox 2222 5342 2309 5378; x_wconf 91' lang='grc' dir='ltr'><strong>σιν</strong></span> <span class='ocrx_word' id='word_1_679' title='bbox 2338 5325 2466 5396; x_wconf 77' lang='grc' dir='ltr'>περὶ</span> <span class='ocrx_word' id='word_1_680' title='bbox 2496 5323 2736 5394; x_wconf 87' lang='grc' dir='ltr'>ὑστέρων</span> <span class='ocrx_word' id='word_1_681' title='bbox 2763 5322 2795 5393; x_wconf 80' lang='grc' dir='ltr'>ἦ</span> <span class='ocrx_word' id='word_1_682' title='bbox 2826 5323 3107 5393; x_wconf 70' lang='grc' dir='ltr'>προτέρων</span> <span class='ocrx_word' id='word_1_683' title='bbox 3138 5320 3471 5391; x_wconf 79' lang='grc' dir='ltr'>ἀναφυῆναι.</span> 
     </span>
    </p>
   </div>
   <div class='ocr_carea' id='block_1_107' title="bbox 2279 5638 3286 5712">
    <p class='ocr_par' dir='ltr' id='par_1_107' title="bbox 2279 5638 3286 5712">
     <span class='ocr_line' id='line_1_107' title="bbox 2279 5638 3286 5712; baseline 0.002 -20"><span class='ocrx_word' id='word_1_684' title='bbox 2279 5640 2389 5711; x_wconf 84' lang='grc' dir='ltr'><strong>(Ἠ)</strong></span> <span class='ocrx_word' id='word_1_685' title='bbox 2422 5640 2577 5711; x_wconf 83' lang='lat' dir='ltr'><strong>Apud</strong></span> <span class='ocrx_word' id='word_1_686' title='bbox 2610 5640 2959 5712; x_wconf 77' lang='lat' dir='ltr'><strong>Beveregium</strong></span> <span class='ocrx_word' id='word_1_687' title='bbox 2984 5638 3286 5709; x_wconf 80' lang='grc' dir='ltr'>Διατίμιος.</span> 
     </span>
    </p>
   </div>
  </div>
