4012 6400
156 360 254 428 697

298 481 575 539 Συνόδου
610 482 1034 553 οικουμενικῆς
1060 482 1241 554 ἕκτης
1268 487 1473 543 κανὼν
1498 488 1564 553 ζ’.

218 576 280 643 ζ’.
323 576 545 647 Ἐπειδὴ
605 576 1006 648 μεμαθήκαμεν
1064 578 1121 632 έν
1171 597 1282 634 τισι
1326 582 1438 635 τῶν
1493 582 1724 655 Ἐκκλη-

154 667 297 731 σιῶν,
345 668 628 729 διακόνους
675 668 964 738 τυγχάνειν
1009 670 1239 741 ὀφφίκια
1292 672 1724 743 ὲκκλησιαστικὰ

152 760 383 831 ἔχοντας,
412 758 663 813 ἐντεῦθέν
685 758 745 812 τέ
765 775 917 824 τινας
942 761 1121 815 αὐτῶν
1151 764 1413 835 αὐθαδείᾳ
1441 766 1533 817 καὶ
1557 765 1721 819 αὐτο-

152 848 301 920 νομίᾳ
337 851 736 921 κεχρημένους,
766 851 873 922 πρὸ
915 852 1025 905 τῶν
1057 853 1449 924 πρεσϐυτέρων
1493 853 1724 918 καθέζε-

152 942 285 1008 σθαι,
318 941 578 1013 ὁρίζομεν
605 943 748 997 ὥστε
774 944 869 997 τὸν
898 943 1166 1011 διάκονον,
1209 945 1315 999 κᾶν
1346 947 1403 998 ὲν
1425 944 1720 1015 ἀξιώματι,

148 1034 412 1088 τουτέστιν
452 1036 513 1088 έν
538 1036 777 1108 ὀφφικίῳ
803 1035 885 1108 τῷ
931 1037 1232 1108 οίῳδήποτε
1278 1037 1724 1109 ἐκκλησιαστικῷ

148 1122 413 1191 τυγχάνοι,
438 1122 536 1175 τὸν
562 1124 802 1177 τοιοῦτον
829 1124 904 1196 μὴ
937 1126 1044 1197 πρὸ
1065 1125 1160 1179 τοῦ
1191 1127 1565 1198 πρεσϐυτέρου
1589 1128 1721 1182 καθ-

152 1214 380 1279 έζεσθαι,
416 1215 580 1279 ἐκτὸς
630 1217 680 1268 εί
714 1217 788 1287 μὴ
834 1216 898 1269 τὸ
926 1218 1217 1288 πρόσωπον
1263 1218 1477 1289 ἐπέχων
1520 1220 1615 1273 τοῦ
1653 1222 1727 1274 ol-

152 1307 288 1360 κείου
334 1308 742 1381 πατριάρχουῆ
794 1308 1216 1380 μητροπολίτου,
1251 1310 1313 1363 ὲν
1364 1309 1530 1382 ἑτέρᾳ.
1571 1312 1723 1366 πόλει

151 1401 539 1470 παραγένηται,
570 1402 664 1454 ἐπί
714 1418 820 1455 τινι
850 1402 1138 1473 κεφαλαίῳ
1158 1418 1171 1433 ’
1208 1403 1332 1457 τότε
1368 1404 1478 1475 γὰρ
1507 1405 1584 1469 ὡς
1633 1405 1724 1459 τὸν

151 1492 344 1543 ἐκείνου
385 1492 556 1545 τόπον
596 1491 951 1563 ἀναπληρῶν,
1006 1492 1402 1565 τιμηθήσεται·
1448 1497 1499 1548 εί
1548 1495 1607 1549 δέ
1638 1512 1724 1561 τις

152 1582 344 1636 τοιοῦτο
387 1582 656 1654 τολμήσει
708 1582 1018 1655 τυραννικῷ
1065 1584 1349 1657 χρώμενος
1393 1586 1585 1657 θράσει
1617 1587 1727 1641 δια-

152 1676 468 1748 πράξασθαι,
502 1679 533 1729 ὁ
564 1677 805 1741 τοιοῦτος
838 1679 904 1732 ὲκ
931 1677 1029 1731 τοῦ
1069 1678 1271 1733 οἰκείου
1300 1679 1725 1746 καταϐιϐασθεὶς

154 1769 367 1840 βαθμοῦ,
409 1770 646 1840 ἔσχατος
687 1770 909 1825 πάντων
938 1770 1182 1841 γενέσθω
1224 1771 1321 1825 τοῦ
1361 1774 1419 1827 ὲν
1448 1766 1602 1844 ᾧπερ
1632 1790 1725 1828 κα·

998 371 1401 434 SYNTAGMA
1432 373 1824 438 CANONUM.
1877 401 1947 413 --
1988 377 2139 440 TlT.
2180 378 2290 451 IX,
2322 378 2480 438 CAP.
2514 379 2564 439 Ι.

1755 495 1804 554 Δ

3304 379 3412 445 698

2149 489 2376 546 Concilii
2407 488 2717 545 aecumenici
2747 504 2803 545 v1
2829 505 3000 544 canon
3031 489 3087 545 7.

1899 579 1956 634 7.
1991 578 2261 646 Quoniam
2279 580 2300 610 ⁸
2330 580 2384 635 in
2404 578 2683 635 nonnullis
2702 580 2947 635 ecclesiis
2964 580 3222 638 diaconos
3239 580 3413 637 cilicia

1829 670 2200 726 ecclesiastica
2246 669 2448 725 habere
2492 670 2808 734 didicimus,
2842 678 2896 725 et
2927 685 2994 725 ex
3040 669 3145 725 hoc
3178 672 3415 726 nonnul-

1831 760 1915 816 los
1944 775 2135 816 eorum
2184 761 2520 830 arrogantia,
2554 770 2608 816 et
2640 761 2864 817 licentia
2892 760 3061 816 fretos
3088 770 3214 817 ante
3247 761 3415 832 229

1829 854 2178 925 presbyteros
2210 854 2422 917 sedere,
2470 854 2765 910 statuimus
2788 864 2847 909 ut
2876 854 3165 920 diaconus,
3196 854 3414 909 etiamsi

1831 943 1884 997 iu
1916 943 2199 1013 dignitate,
2243 944 2294 999 id
2336 953 2443 1009 est,
2494 945 2548 998 in
2603 944 2801 1014 quovis
2826 945 2896 1000 sit
2928 944 3108 1000 ofﬁcio
3152 945 3415 1000 ecclesia-

1831 1033 1990 1100 stico,
2041 1045 2167 1092 ante
2203 1037 2584 1107 presbyterum
2621 1050 2689 1090 ne
2718 1036 2925 1101 sedeat,
2960 1044 3324 1105 praeterquam
3364 1034 3413 1091 si

1831 1126 2036 1199 proprii
2077 1127 2408 1198 patriarchae
2452 1126 2536 1183 vel
2572 1128 2978 1198 metropolitani
3004 1129 3180 1184 vicem
3219 1144 3415 1199 gerens

1831 1220 1975 1276 adsit
2000 1220 2054 1274 in
2082 1221 2186 1275 alia
2217 1220 2438 1275 civitate
2459 1236 2625 1291 super
2646 1221 2832 1291 aliquo
2854 1223 3071 1292 capite:
3103 1231 3235 1276 tunc
3265 1222 3411 1276 enim

1831 1322 1893 1368 ut
1919 1313 2101 1369 locum
2130 1312 2278 1369 illius
2305 1314 2536 1383 implens
2569 1313 2954 1371 honorabitur.
2986 1315 3043 1369 Si
3075 1315 3199 1385 quis
3230 1322 3410 1367 autem

1833 1404 2118 1476 tyrannica
2183 1405 2453 1460 adductus
2514 1406 2764 1471 audacia,
2838 1407 2946 1462 tale
3011 1406 3142 1477 quid
3206 1406 3415 1461 ellicere

1832 1511 2003 1552 ausus
2036 1495 2220 1563 fuerit,
2257 1497 2304 1553 is
2333 1514 2399 1552 ex
2433 1500 2657 1569 proprio
2687 1498 2859 1570 gradu
2892 1499 3138 1570 deiectus
3181 1499 3255 1554 sit
3288 1513 3412 1554 om-

1833 1588 1983 1641 nium
2019 1588 2247 1644 ultimus
2278 1588 2399 1658 ejus
2425 1588 2657 1653 ordinis,
2691 1590 2746 1643 in
2774 1589 2936 1659 cujus
2967 1600 3053 1644 est
3079 1590 3326 1659 catalogo
3357 1589 3411 1643 in

1832 1695 1933 1737 sua
1984 1680 2253 1747 Ecclesia,
2306 1681 2543 1737 Domino
2590 1692 2784 1737 nostro
2844 1681 3192 1747 admonente,
3244 1698 3313 1736 ne
3355 1682 3414 1736 in

1832 1773 2025 1843 primis
2055 1773 2279 1829 sedibus
2309 1772 2671 1840 delectemur,
2702 1774 3007 1829 secundum
3031 1789 3175 1838 eam,
3206 1787 3331 1843 quae
3359 1774 3413 1827 in

152 1863 421 1929 ’τα-λέγεται
453 1864 745 1934 τάγματος
772 1864 829 1916 ὲν
858 1865 924 1934 τῇ
962 1863 1084 1916 κατ’
1106 1863 1270 1918 αὑτὸν
1296 1865 1563 1937 ἐκκλησίᾳ
1586 1880 1601 1897 ·
1631 1864 1727 1920 τοῦ

1837 1875 2021 1922 sancto
2068 1866 2403 1937 evangelista
2470 1862 2641 1932 Luca,
2677 1875 2737 1921 ut
2768 1882 2834 1922 ex
2864 1866 3090 1921 domino
3139 1876 3332 1921 nostro
3362 1876 3417 1920 et

154 1954 344 2025 Κυρίου
369 1956 505 2025 ἡμῖν
540 1955 956 2026 παραινοῦντος,
991 1955 1067 2028 μὴ
1099 1955 1313 2028 χαίρειν
1355 1959 1477 2021 ταῖς
1516 1974 1732 2029 πρωτοε

155 2048 393 2115 κλισίαις,
424 2048 576 2104 κατὰ
617 2052 716 2120 τὴν
742 2052 802 2104 ὲν
847 2050 928 2122 τῷ
965 2050 1109 2121 ἁγίῳ
1150 2050 1511 2124 εὐαγγελιστῇ
1547 2054 1731 2125 Λουκᾷ

154 2142 221 2206 ὡς
238 2141 293 2207 ἐξ
305 2141 466 2197 αὐτοῦ
492 2143 703 2217 Κυρίου
727 2143 887 2215 ήμῶν
907 2145 1003 2198 καὶ
1023 2143 1158 2197 Θεοῦ
1189 2144 1450 2216 κειμένην
1470 2145 1729 2199 διδασκα-

154 2232 278 2289 λίαν.
315 2235 510 2304 Ἔλεγε
538 2237 650 2308 γὰρ
681 2236 823 2307 πρὸς
848 2236 978 2300 τοὺς
999 2236 1372 2307 κεκλημένους
1416 2236 1729 2309 παραϐολὴν

158 2329 349 2399 ἐπέχων
383 2330 504 2393 πῶς
540 2332 645 2394 τὰς
696 2330 1101 2401 πρωτοκλισίας
1144 2328 1497 2398 ἐξελέγοντοο
1551 2330 1728 2399 λέγων

158 2422 275 2493 πρὸς
305 2422 499 2487 αὐτούς
521 2439 536 2453 θ
563 2423 756 2478 Ὅταν
772 2421 1007 2491 κληθῇς
1029 2421 1151 2477 ὑπό
1175 2438 1341 2489 τινος
1364 2425 1453 2489 είς
1473 2421 1726 2493 γάμους,

156 2514 227 2579 μὴ
259 2511 627 2581 κατακλιθῇς
667 2515 756 2579 είς
792 2513 911 2580 τὴν
952 2514 1422 2581 πρωτοκλισίαν,
1451 2513 1536 2583 μή
1585 2530 1729 2568 ποτε

159 2602 513 2672 ἐντιμότερός
532 2620 654 2658 σου
670 2598 710 2675 ᾖ
739 2603 1233 2673 κεκλημένοςξῠπ⁹
1258 2603 1468 2668 αὐτοῦ,
1502 2604 1599 2658 καί
1623 2604 1728 2659 ἐλ-

161 2690 264 2745 θὼν
291 2696 321 2747 d
348 2692 422 2746 σὲ
442 2694 546 2748 καί
573 2692 778 2762 αὑτὸνί
793 2693 1083 2760 καλέσας,
1110 2692 1236 2761 ἐρεῖ
1258 2708 1379 2759 σοι,
1409 2694 1522 2759 Δὸς
1542 2695 1731 2761 τούτῳ

160 2783 341 2848 τόπον,
366 2785 463 2838 καί
489 2787 629 2840 τότε
653 2784 807 2854 ἄρξῃ
839 2786 968 2855 μετ’
994 2787 1297 2856 αἰσχύνης
1327 2785 1439 2839 τὸν
1464 2785 1730 2854 ἔσχατον

164 2875 326 2928 τόπον
346 2876 650 2945 κατέχειν.
684 2878 837 2933 Ἀλλ’
869 2879 1019 2933 ὅταν
1054 2877 1310 2948 κληθῇς,
1338 2877 1613 2934 ἀνάπεσε
1641 2882 1729 2945 εὶς

165 2960 254 3016 τὸν
290 2964 550 3034 ἔσχατον
597 2968 790 3021 τόπον
814 2984 830 2999 ·
859 2970 961 3023 ἵνα
993 2970 1141 3023 ὅταν
1175 2968 1325 3038 ἔλθῃ
1354 2972 1389 3025 ὀ
1417 2970 1730 3037 κεκληκὼς

166 3053 285 3123 sinu
321 3073 434 3120 σοι,
467 3059 620 3114 Φίλε
650 3061 1063 3131 προσανάϐηθι
1100 3060 1435 3131 ἀνώτερονο
1464 3062 1564 3116 καὶ
1598 3062 1729 3115 τότε

167 3147 312 3202 ἐσται
356 3166 454 3205 σοι
489 3152 648 3217 δόξα
704 3153 963 3208 ἐνώπιον
1027 3154 1149 3209 τῶν
1197 3153 1729 3225 συνανακειμένων

1832 1958 1942 2013 Deo
1987 1957 2252 2030 profecta,
2295 1958 2470 2027 posita
2512 1966 2596 2013 est
2640 1958 2973 2013 doctrinam.
3020 1955 3090 2013 lis
3118 1957 3265 2011 enim
3320 1956 3413 2025 qui

1839 2050 2016 2105 vocati
2043 2060 2219 2117 erant,
2252 2050 2466 2106 dicebat
2505 2051 2645 2104 hanc
2680 2052 2999 2119 parabolam
3037 2067 3051 2105 :
3086 2050 3314 2116 Quando
3348 2051 3413 2102 ab

1836 2139 2019 2210 aliqua
2050 2141 2119 2193 ad
2150 2143 2365 2210 nuptias
2406 2143 2663 2195 invitatus
2709 2140 2896 2211 fueris,
2922 2158 2983 2195 ne
3012 2143 3066 2196 in
3094 2142 3267 2210 primo
3299 2141 3415 2194 loco

1840 2235 2177 2298 accubueris,
2228 2251 2291 2289 ne
2333 2236 2471 2305 forte
2496 2235 2765 2306 quispiam
2795 2246 2845 2289 te
2890 2235 3201 2288 honoratior
3245 2236 3309 2287 ab
3356 2251 3416 2287 eo

1829 2323 2087 2377 invitatus
2116 2322 2300 2391 fuerit,
2327 2324 2472 2392 isque
2507 2324 2597 2393 qui
2638 2338 2686 2376 te
2734 2332 2785 2376 et
2829 2324 3003 2390 ipsum
3037 2323 3299 2387 invitavit,
3328 2337 3415 2376 ve-

1830 2414 2022 2467 πίστει
2062 2414 2207 2467 dicat
2248 2429 2268 2467 :
2302 2413 2383 2468 Da
2424 2415 2474 2467 ei
2519 2414 2691 2468 locum
2728 2430 2748 2469 :
2782 2425 2831 2469 et
2873 2425 2998 2468 tunc
3038 2415 3255 2482 incipies
3294 2431 3415 2467 cum

1827 2506 2026 2576 pudore
2057 2505 2305 2560 ultimum
2355 2507 2528 2560 locum
2557 2516 2750 2563 tenere.
2790 2504 2893 2561 Sed
2923 2508 3133 2578 quando
3160 2508 3413 2560 invitatus

1829 2599 2016 2669 fueris,
2056 2601 2111 2653 in
2160 2600 2349 2653 ultimo
2386 2600 2501 2654 loco
2552 2600 2800 2653 accumbe
2843 2608 2923 2663 ut,
2963 2599 3176 2669 quando
3217 2600 3416 2652 venerit

1829 2691 1920 2763 qui
1953 2701 2002 2746 te
2038 2692 2301 2755 invitavit,
2343 2692 2487 2746 dicat
2532 2693 2628 2746 tibi
2663 2709 2683 2747 :
2715 2693 2914 2759 Amice,
2946 2691 3167 2745 ascende
3199 2691 3360 2745 altius
3393 2702 3416 2743 :

1831 2794 1957 2839 tunc
1988 2787 2087 2840 erit
2114 2784 2210 2839 tibi
2239 2786 2411 2856 gloria
2440 2803 2619 2840 coram
2650 2787 2716 2840 iis
2749 2787 2839 2856 qui
2873 2795 3042 2839 tecum
3072 2784 3412 2839 accumbunt.

1830 2874 1977 2930 Nam
2028 2877 2267 2949 quisquis
2316 2894 2370 2931 se
2418 2876 2627 2932 extollit
2670 2876 3046 2930 humiliabitur
3078 2915 3093 2941 ,
3144 2884 3193 2928 et
3229 2874 3323 2943 qui
3352 2889 3407 2927 se

1828 2967 2107 3037 humiliat}.
2160 2969 2483 3023 exaltabitur
2519 2968 2564 3023 ν.
2624 2966 2738 3022 Hoc
2792 2968 2972 3037 ipsum
3032 2976 3215 3021 autem
3246 2965 3413 3020 etiam

1828 3061 2134 3116 servabitur
2193 3063 2246 3115 in
2304 3061 2532 3131 reliquis
2584 3060 2759 3116 sacris
2807 3058 3124 3123 ordinibus,
3167 3056 3418 3127 quando-

1831 3152 2777 3226 quidemsaecularibusdignitatibus
2832 3151 3108 3223 spiritales
3148 3158 3417 3221 praestan—

168 3255 280 3293 σοι’
301 3241 384 3298 ὅτι
416 3243 536 3312 πᾶς
555 3249 592 3300 ὀ
620 3244 798 3315 ὑψῶν
818 3246 1041 3301 ἑαυτὸν
1068 3247 1600 3316 ταπεινωθήσεται,
1632 3244 1730 3300 καὶ

1837 3244 2005 3300 tiores
2038 3259 2159 3299 esse
2189 3244 2418 3299 scimus.

172 3336 198 3388 ὁ
217 3335 496 3394 ταπεινῶν
518 3340 744 3395 ἑαυτὸν
772 3340 1177 3409 ὑψωθήσεται.
1208 3342 1284 3397 Τδ
1313 3341 1370 3395 δὲ
1393 3341 1528 3396 αὐτὸ
1558 3340 1970 3412 φυλαχθήσεται
2030 3339 2123 3393 καὶ
2170 3340 2265 3393 ἐπὶ
2326 3340 2435 3394 τῶν
2490 3340 2695 3395 λοιπῶν
2735 3339 3035 3414 ἱερατικῶν
3075 3339 3415 3411 ταγμάτωνο

173 3432 335 3508 ἑπειδὴ
368 3439 474 3494 τῶν
518 3438 667 3495 κατὰ
706 3437 914 3509 κόσμον
945 3437 1275 3511 ἀξιωμάτων
1314 3438 1607 3512 κρείττονα
1665 3438 1736 3493 τὰ
1777 3436 2127 3509 πνευματικὰ
2156 3435 2525 3506 ἐπιστάμεθα.

1480 3804 1887 3893 ΤΙΤΛΟΣ
1962 3803 2089 3894 Θ’.

184 3982 313 4039 ΠΕΡΙ
348 3988 883 4045 ΑΜᾹΡΤΗΜΑΤΩΝ
922 3987 1041 4042 ΚΑΙ
1081 3985 1293 4041 ΔῐΚΩΝ
1335 3985 1762 4051 ΕΠιΣΚΟΠΩΝ,
1804 3985 1925 4040 ΚΑΙ
1963 3984 2352 4050 ΚΛΗΡΙΚΩΝ,
2395 3985 2516 4039 ΚΑΙ
2556 3982 2977 4052 ΑΦΟΡΙΣΜΟΥ,
3013 3981 3137 4036 ΚΑΙ
3177 3980 3419 4035 ΚΑΘᾹί-

809 4060 1088 4127 ΡΕΣΕΩΣ,
1131 4059 1253 4114 ΚΑΙ
1306 4058 1472 4112 ΠΟΙΑ
1508 4058 1999 4114 AMAPTHMATA
2037 4059 2085 4111 Η
2123 4056 2536 4113 ΧΕΙΡΟΘΕΣΙΑ
2570 4053 2759 4114 ΔΥΕΙ.

1441 4384 1913 4467 TITULUS

2000 4384 2136 4464 IX.

190 4559 322 4632 23o
356 4561 434 4618 [ιε
472 4564 800 4623 PECCATIS
842 4564 929 4619 ET
966 4563 1252 4621 JUDlCllS
1281 4563 1791 4627 EPISCOPORUM,
1821 4565 1907 4620 ET
1944 4564 2034 4619 ne
2066 4559 2782 4632 EXCOMMUNICATIONE
2819 4554 3424 4632 ACDEBOSIIIONE,

332 4634 412 4689 ET
457 4636 543 4691 DE
580 4635 1073 4705 PtENlTENTlA,
1110 4636 1200 4693 ET
1239 4634 1553 4705 QUAENAM
1591 4635 1752 4691 PECC

1837 4634 1910 4691 ΓΑ
1972 4634 2395 4690 ΞΟῙΝΑΝΤΗΒ
2430 4631 2734 4689 MANUUM
2789 4629 3250 4690 IMPOSITIONE.

248 4836 472 4897 ΚΕΦᾹΛ.
496 4843 569 4895 A'.
594 4869 663 4881 —
701 4842 869 4906 Τίνες
901 4839 997 4893 καί
1026 4837 1184 4906 παρὰ
1208 4836 1332 4891 τίσι
1353 4812 1737 4907 ικατηγοροῦ·

1910 4834 2143 4893 CAPUT
2186 4834 2482 4891 PRIMUM.
2512 4866 2583 4878 —
2614 4835 2842 4900 Quinam
2891 4843 2940 4889 et
2983 4832 3124 4903 apud
3169 4847 3425 4907 quosnam
3472 4804 3475 4807 ἢ

193 4939 279 4983 σιν
302 4930 634 4988 ἐπισκόπων
692 4932 731 5002 ἣ
787 4928 1129 5001 napum-)3";

568 5047 627 5101 Ἀ
635 5045 955 5099 ποστόλων
989 5044 1188 5099 κανὼν
1223 5042 1317 5097 (ιδ’.

248 5153 658 5212 οδ.⁹Επίσκοπον
684 5155 1138 5229 κατηγορηθέντα
1164 5152 1257 5207 ὲπί
1282 5170 1387 5207 τινι
1409 5152 1562 5225 παρὰ
1588 5153 1737 5221 eam-

197 5245 370 5303 πίστων
402 5251 721 5322 ἀνθρώπων,
770 5251 1053 5306 καλεῖσθαι
1098 5247 1263 5303 αὐτὸν
1304 5247 1600 5317 ἀναγκαῖον
1631 5247 1737 5301 ὑπὸ

198 5337 286 5390 τῶν
307 5341 621 5400 ἐπισκόπων·
655 5344 758 5398 κᾶν
791 5344 891 5415 μὲν
922 5344 1227 5413 ἀπαντήσοι
1255 5341 1351 5393 καὶ
1379 5340 1731 5411 ὀμολογήσοι,

200 5428 501 5503 ἰλεγχθέντος
534 5437 719 5503 αὑτοῦ,
763 5436 1032 5507 ὀριζέσθω
1068 5434 1130 5488 τὸ
1177 5434 1475 5504 ἐπιτίμιον.
1518 5435 1646 5487 Ἐὰν
1678 5434 1735 5487 δὲ

202 5524 490 5597 κιλοὺμενος
525 5534 598 5603 μὴ
642 5530 963 5595 ὑπακούσοι,
1004 5527 1277 5581 καλείσθω
1321 5526 1409 5579 καὶ
1458 5525 1733 5597 δεύτερον,

203 5614 636 5693 ἀποστελλομένων
690 5624 778 5677 ἐπ’
824 5621 987 5678 αὐτὸν
1034 5620 1129 5675 δύο
1157 5620 1503 5675 ἐπισκόπων·
1543 5617 1644 5675 ιὰν
1676 5619 1734 5673 δὲ

260 5800 280 5830 ⁸
304 5802 479 5861 Νἰριιιη.
522 5813 594 5863 ιε.
672 5810 693 5841 ⁷
726 5809 839 5863 Luc
882 5824 986 5867 xiv.
1018 5807 1167 5860 8-H.

1842 4948 2093 4988 accusare
2121 4940 2315 5001 queunt
2338 4931 2605 5001 episcopos
2636 4940 2727 4983 aut
2753 4928 2968 4983 clericos
2994 4929 3019 4982 ?

2282 5044 2658 5115 Apostolorum
2687 5062 2856 5101 canon
2883 5042 2975 5097 74.

1915 5158 1984 5213 τι
2019 5156 2157 5230 [75].
2200 5156 2531 5229 Episcopum
2578 5175 2608 5214 a
2644 5161 2778 5217 viris
2836 5160 2940 5215 tide
2983 5156 3166 5227 dignis
3212 5155 3286 5212 ob
3319 5154 3427 5211 ali-

1846 5252 1977 5322 quid
2032 5260 2377 5319 accusatutn,
2425 5251 2605 5322 ipsum
2653 5254 2722 5307 ab
2771 5252 3047 5322 episcopis
3099 5250 3284 5306 vocari
3324 5265 3426 5304 ne-

1842 5359 1999 5400 cesse
2032 5352 2118 5400 est
2151 5362 2164 5398 :
2197 5353 2252 5399 et
2299 5344 2347 5400 si
2388 5359 2447 5399 se
2492 5344 2711 5413 quidem
2761 5343 2981 5408 stiterit,
3031 5352 3087 5398 et
3135 5341 3426 5398 confessus

1847 5438 1927 5493 vel
1955 5437 2244 5494 convictus
2286 5438 2376 5499 sit,
2407 5445 2680 5491 statuatur
2712 5451 2898 5507 pmna.
2947 5435 3005 5490 Si
3041 5444 3222 5494 autem
3258 5448 3427 5489 voca-

1843 5541 1933 5587 tus
1976 5546 2082 5585 non
2134 5531 2399 5602 paruerit,
2450 5530 2693 5587 secundo
2734 5529 2898 5584 etiam
2933 5538 3185 5593 vocetur,
3235 5525 3425 5583 missis

1840 5626 1909 5681 ad
1950 5627 2131 5699 ipsum
2165 5627 2440 5699 episeotiis
2478 5626 2713 5682 duobus.
2754 5623 2816 5680 Si
2840 5624 3007 5680 etiam
3032 5622 3113 5680 sic
3149 5636 3260 5677 non
3293 5620 3419 5676 cbo
