3874 6296
536 323 644 391 699

1731 323 1995 386 ΡΗΟΤΠ
2050 325 2548 390 PATRIARCH/E
2588 330 2697 391 ΟΡ.

3662 338 3746 404 7m

536 432 722 496 dierit,
776 437 1003 484 vocetur
1040 435 1096 482 et
1146 426 1334 493 tertio,
1368 426 1587 484 duobus
1636 427 1703 482 ad
1748 444 1875 483 eum
1927 444 2120 486 rursus

2244 433 2315 487 ιαὶ
2341 432 2515 498 οὕτως
2559 435 2636 505 μὴ
2666 433 2986 498 ἐπακούσοι,
3027 430 3298 491 καλείσθω
3344 434 3436 490 καὶ
3472 440 3653 509 τρίταν,
3672 445 3748 501 δύο

536 525 723 581 missis
771 523 1067 593 episcopis.
1119 518 1176 575 Si
1212 531 1394 575 autem
1445 520 1528 574 vel
1580 520 1663 576 sic
1709 536 2016 590 aspernans
2063 530 2118 576 et

533 621 831 668 contumax
866 627 925 666 se
972 626 1081 667 non
1120 610 1345 675 stiterit,
1387 610 1630 681 synodus
1669 625 1733 664 ea
1765 625 1886 680 quae
1930 610 2118 665 viden-

540 716 648 767 tur,
695 703 956 757 adversus
995 716 1119 754 eum
1169 699 1509 771 pronuntiet,
1551 714 1619 755 ne
1663 698 1987 756 lucrifacere
2032 699 2117 754 vi-

538 798 751 860 deatur,
786 795 912 849 dum
942 793 1209 864 judicium
1261 791 1618 863 subterfugit.

745 888 973 944 Concilii
1012 884 1598 954 Constantinopolitani
1642 900 1810 939 canon
1853 884 1908 940 6.

608 980 661 1034 6.
701 979 969 1046 Quoniam
1005 977 1156 1031 multi
1175 976 1606 1032 ecclesiasticum
1624 976 1870 1031 ordinem
1888 974 2123 1032 confun-

538 1072 665 1126 dere
694 1081 748 1126 et
769 1069 1084 1124 subvertere
1104 1069 1371 1133 volentes,
1405 1068 1631 1123 inimice
1659 1076 1713 1122 et
1736 1067 2124 1140 sycophantiae

539 1164 696 1234 231
729 1163 991 1218 adversus
1021 1160 1353 1217 orthodoxos
1382 1160 1693 1231 episcopos,
1726 1160 1820 1229 qui
1849 1158 2125 1216 Ecclesias

541 1254 959 1318 administrant,
1022 1252 1401 1306 accusationes
1461 1250 1727 1319 quasdam
1781 1250 2124 1320 contingunt,

542 1347 677 1401 nihil
698 1346 843 1417 aliud
873 1360 1038 1417 quam
1070 1343 1417 1401 sacerdotum
1442 1342 1643 1397 bonam
1661 1343 2123 1398 existimationem

540 1438 913 1495 contaminare
938 1480 953 1501 ,
987 1447 1044 1493 et
1076 1438 1129 1491 in
1163 1451 1297 1507 pace
1326 1435 1639 1505 degentium
1674 1436 2003 1507 populorum
2036 1443 2128 1491 tu-

541 1530 747 1583 multus
770 1529 1046 1583 concitare
1066 1534 1331 1583 Conantes
1352 1567 1368 1593 ,
1400 1542 1464 1582 ea
1494 1526 1562 1583 de
1586 1542 1749 1583 causa
1773 1528 1976 1597 placuit
2000 1542 2129 1582 san-

542 1630 643 1676 cta:
676 1620 885 1692 synodo
929 1618 1312 1689 episcoporum
1347 1618 1441 1689 qui
1480 1616 1960 1689 Constantinopoli
1988 1632 2124 1673 con-

544 1720 836 1778 venerunt,
877 1726 979 1768 nec
1004 1712 1123 1766 sine
1149 1710 1493 1766 discussione
1518 1710 1807 1765 admittere
1843 1718 2128 1766 accusato-

2220 526 2384 581 πάλιν
2417 525 2739 581 ἐπισκόπων
2778 525 3263 597 ἀποστελλομένων
3298 526 3435 598 πρὸς
3466 530 3646 586 αὐτόν’
3674 536 3750 593 ἐὰν

2218 616 2277 671 δὲ
2303 617 2399 671 καὶ
2430 617 2604 681 οὕτως
2636 620 3059 690 καταφρονήσας
3101 617 3178 689 μὴ
3222 619 3538 691 ἀπαντήσοι,
3569 624 3602 696 η
3647 627 3754 681 σύν-

2219 710 2339 774 οδος
2367 710 2752 780 ἀποφαινέσθω
2786 711 2905 766 κατ’
2939 712 3107 767 αὑτοῦ
3141 710 3211 766 τά
3238 711 3514 780 δοκοῦντα,
3541 717 3670 783 ὅπως
3692 722 3751 791 μὴ

2221 801 2349 875 δόξῃ
2379 802 2685 874 κερδαίνειν
2730 802 3061 872 φυγαδικῶν.

2346 894 2619 949 Συνόδου
2641 895 3334 962 Κωνσταντινουπόλεως
3369 894 3564 950 κανὼν
3593 899 3660 965 ς’.

2295 994 2372 1053 ς’.
2420 988 2643 1058 Ἐπειδὴ
2678 988 2864 1042 πολλοὶ
2898 988 3000 1059 τὴν
3040 988 3503 1061 ἐκκλησιαστικὴν
3541 991 3758 1059 εὐταξίαν

2226 1080 2448 1149 συγχεῖν
2490 1079 2583 1134 καὶ
2625 1078 2953 1149 ἀνατρέπειν
2994 1078 3336 1150 βουλόμενοι,
3374 1079 3660 1151 φιλέχθρως
3684 1087 3760 1138 καὶ

2226 1171 2641 1241 συκοφαντικῶς
2669 1171 2849 1233 αίτίας
2871 1171 3023 1235 τινὰς
3048 1171 3195 1225 κατά
3232 1170 3342 1225 τῶν
3375 1173 3761 1241 οἱκονομούντων

2224 1257 2325 1321 τὰς
2369 1256 2697 1329 Ἑκκλησίας
2730 1258 3028 1330 όρθοδόξων
3058 1259 3376 1313 ἐπισκόπων
3420 1259 3763 1330 συμπλάσσου-

2228 1366 2333 1413 σιν,
2364 1348 2517 1403 οὐδὲν
2544 1350 2730 1421 ἕτερον
2757 1350 2790 1420 ἢ
2818 1349 3061 1420 χραίνειν
3087 1350 3187 1415 τὰς
3228 1350 3339 1406 τῶν
3368 1351 3553 1422 ἱερέων
3594 1354 3765 1425 ὑπολή-

2225 1439 2369 1511 ψεις,
2401 1440 2497 1496 καὶ
2511 1460 2578 1495 τα
2587 1440 2758 1514 ραχάς
2777 1441 2886 1497 τῶν
2902 1444 3289 1513 είρηνευόντων
3308 1443 3451 1498 λαῶν
3466 1448 3767 1500 κατασκευάσ-

2229 1533 2343 1597 ζειν
2395 1532 2824 1605 ἐπιχειροῦντες,
2874 1533 3066 1587 τούτου
3111 1534 3298 1589 ἐνεκεν
3346 1536 3511 1608 ηρεσε
3554 1540 3616 1609 τῇ
3661 1538 3768 1608 ἁγίᾳ

2232 1623 2436 1696 συνόδῳ
2490 1624 2599 1679 τῶν
2649 1626 2708 1679 ἐν
2748 1626 3322 1681 Κωνσταντινουπόλει
3394 1626 3769 1699 συνδραμόντων

2230 1715 2569 1782 ἐπισκόπων,
2618 1716 2695 1789 μὴ
2723 1717 3097 1784 ἀνεξετάστως
3138 1717 3463 1788 προσίεσθαι
3502 1720 3622 1783 τοὺς
3666 1737 3770 1773 κατα

540 1821 672 1869 res,
716 1820 817 1858 nec
869 1803 1153 1869 omnibus,
1207 1818 1398 1858 eorum
1465 1803 1560 1873 qui
1618 1802 1893 1858 Ecclesias
1951 1800 2128 1857 admi-

2244 1809 2487 1883 ηγόρους,
2522 1809 2657 1881 μηδὲ
2698 1812 2865 1866 πᾶσιν
2924 1811 3319 1884 ἐπιτρέπεσθαι
3348 1810 3450 1875 τὰς
3478 1813 3769 1883 κατηγορίας

540 1898 798 1960 nistrant,
831 1897 1214 1951 accusationes
1238 1895 1571 1966 permittere,
1607 1908 1707 1951 nec
1731 1908 1918 1949 omnes
1941 1894 2127 1949 exclu-

541 1988 672 2043 dere
704 2007 717 2042 :
762 1988 857 2043 sed
906 1988 952 2043 si
989 1988 1113 2057 quis
1154 1988 1431 2058 propriam
1475 1986 1698 2057 quidem
1737 1985 2037 2055 querelam,
2070 1984 2124 2040 id

540 2089 627 2133 est
655 2079 947 2149 privatam,
994 2076 1241 2132 intendat
1269 2077 1546 2147 episcopo,
1572 2084 1633 2131 ut
1663 2075 1989 2130 detrimento
2022 2073 2125 2129 ali-

542 2187 670 2241 quo,
698 2173 781 2225 vel
814 2171 1015 2237 injuria
1043 2171 1223 2241 aliqua
1253 2170 1322 2225 ab
1356 2170 1473 2239 ipso
1499 2167 1754 2233 allectus;
1780 2168 1834 2223 in
1856 2167 2127 2238 ejusmodi

542 2266 988 2322 accusationibus
1026 2281 1128 2321 nec
1150 2263 1492 2321 accusatoris
1517 2279 1832 2334 personam,
1868 2279 1967 2319 nec
1996 2263 2129 2319 reli-

544 2361 759 2431 gionem
790 2359 1112 2415 examinari.
1144 2357 1371 2428 Oportet
1396 2358 1541 2411 enim
1571 2356 1810 2426 episcopi
1846 2356 2131 2411 conscien-

545 2455 677 2508 tiam
706 2470 829 2511 esse
869 2454 1127 2510 omnibus
1163 2454 1343 2509 modis
1375 2452 1626 2517 liberam,
1663 2462 1717 2507 et
1745 2465 1870 2505 eum
1903 2449 1996 2519 qui
2023 2448 2129 2504 sibi

544 2547 806 2619 iniuriam
844 2547 1045 2602 factam
1070 2561 1192 2603 esse
1225 2544 1380 2611 dicit,
1406 2544 1785 2615 cujuscunque
1814 2546 1885 2599 sit
1914 2542 2132 2612 religio-

497 2658 499 2661 '
545 2643 651 2704 nis,
683 2641 775 2711 jus
806 2655 968 2696 suum
1001 2639 1287 2710 consequi.
1318 2637 1376 2693 Si
1412 2647 1595 2692 autem
1623 2637 1694 2693 sit
1719 2637 1927 2692 crimen
1957 2635 2132 2690 eccle-

544 2734 826 2788 siasticum
849 2772 864 2796 ,
897 2731 1043 2801 quod
1077 2730 1335 2800 episcopo
1382 2728 1721 2793 intenditur,
1761 2734 1893 2781 tunc
1922 2726 2129 2781 exami-

546 2826 664 2880 nari
713 2839 983 2895 personas
1023 2831 1408 2877 accusatorum
1460 2836 1474 2872 :
1526 2828 1584 2874 ut
1629 2819 1865 2890 primum
1910 2818 2131 2887 quidem

548 2917 827 2973 ltmreticis
867 2931 975 2971 non
1018 2915 1181 2970 liceat
1220 2912 1556 2968 orthodoxos
1598 2910 1888 2981 episcopos
1917 2923 2017 2978 pro
2046 2922 2135 2962 re-

547 3006 652 3067 b‘us
688 3009 1077 3067 ecclesiasticis
1118 3021 1399 3063 accusare.
1440 3004 1736 3060 Haereticos
1774 3012 1959 3058 autem
2002 3000 2138 3056 dici-

2231 1898 2505 1954 ποιεῖσθαι
2535 1899 2678 1954 κατά
2717 1899 2827 1955 τῶν
2859 1900 3294 1972 οίκονομούντων
3318 1902 3771 1972 τὰςἙκκλησίες,

2235 1995 2372 2066 μήτε
2403 1993 2511 2067 μὴν
2541 1993 2748 2059 πάντας
2777 1993 3110 2049 ἀποκλείειν·
3142 1994 3259 2049 ἀλλ’
3287 1995 3336 2048 εί
3365 1994 3468 2066 μέν
3494 2012 3574 2059 τις
3598 1995 3771 2048 οἰκείαν

2231 2085 2354 2141 τινὰ
2380 2086 2611 2158 μέμψιν,
2640 2086 2920 2140 τουτέστιν
2955 2086 3253 2159 ἰδιωτικὴν,
3288 2086 3558 2155 ἐπαγάγοι
3583 2085 3655 2156 τῷ
3680 2087 3774 2139 ἐπι-

2234 2178 2443 2249 σκόπῳ,
2474 2175 2552 2242 ὡς
2580 2176 3016 2249 πλεονεκτηθεὶς,
3042 2178 3077 2249 ἢ
3098 2178 3227 2234 ἀλλο
3260 2196 3313 2232 τι
3340 2178 3493 2250 παρά
3517 2178 3575 2232 τὸ
3600 2178 3773 2232 δίκαιον

2233 2270 2366 2341 παρ’
2387 2269 2552 2324 αὑτοῦ
2582 2268 2888 2335 πεπονθὼς,
2904 2271 2998 2324 ἐπὶ
3024 2269 3133 2324 τῶν
3160 2270 3425 2326 τοιούτων
3449 2271 3772 2341 κατηγοριῶν,

2237 2362 2312 2436 μὴ
2362 2361 2735 2430 ἐξετάζεσθαι,
2789 2362 2929 2432 μήτε
2976 2362 3272 2434 πρόσωπον
3326 2361 3425 2417 τοῦ
3480 2361 3771 2433 κατηγόρου,

2238 2455 2375 2525 μήτε
2402 2451 2502 2524 τὴν
2528 2453 2843 2526 θρησκείαν·
2861 2452 2967 2524 χρὴ
2987 2453 3096 2526 γὰρ
3120 2454 3285 2508 παντὶ
3301 2453 3513 2525 τρόπῳ,
3540 2454 3653 2507 τότε
3675 2471 3775 2507 συν-

2233 2545 2375 2609 ειδὸς
2418 2543 2513 2598 τοῦ
2558 2545 2859 2599 ἐπισκόπου
2910 2545 3195 2618 ἐλεύθερον
3237 2543 3399 2611 εἶναι,
3436 2547 3531 2600 καὶ
3567 2547 3649 2599 τὸν
3684 2546 3778 2599 ἁδι-

2234 2637 2452 2693 κείσθαι
2493 2636 2721 2705 λέγοντα
2768 2637 2888 2702 οἵας
2924 2634 3050 2711 ἂνῇ
3092 2638 3416 2709 θρησκείας,
3448 2637 3556 2692 τῶν
3593 2637 3779 2691 δικαίων

2234 2728 2548 2799 τυγχάνειν.
2577 2729 2645 2782 Ei
2667 2728 2726 2783 δὲ
2751 2729 3206 2801 ἐκκλησιαστικὸν
3234 2730 3323 2799 είη
3347 2730 3410 2784 τὸ
3430 2730 3779 2800 ἐπιφερόμενον

2237 2822 2491 2893 ἔγκλημα
2522 2822 2602 2894 τῷ
2632 2823 2942 2895 ἐπισκόπῳ,
2984 2825 3109 2879 τότε
3142 2824 3538 2895 δοκιμάζεσθαι
3575 2823 3672 2895 χρὴ
3697 2823 3781 2876 τῶν

2230 2913 2693 2987 ’κατηγορούντων
2721 2914 2791 2968 τά
2810 2916 3096 2985 πρόσωπα,
3131 2917 3217 2970 ἴνα
3247 2917 3469 2988 πρῶτον
3488 2918 3585 2988 μέν
3608 2918 3778 2987 αίρετι-

2240 3005 2359 3067 κοῖς
2385 3003 2461 3075 μὴ
2488 3003 2582 3074 ἐξῇ
2612 3004 2949 3075 κατηγορίας
2972 3004 3114 3059 κατά
3135 3004 3245 3058 τῶν
3270 3004 3572 3076 όρθοδόξων
3596 3002 3783 3057 ἐπισκό-

551 3123 676 3162 mus
714 3114 770 3161 et
798 3105 893 3177 qui
927 3105 1057 3157 olim
1096 3104 1164 3157 ab
1193 3101 1433 3156 Ecclesia
1472 3098 1708 3154 abdicati
1754 3105 1925 3162 sunt,
1962 3105 2019 3151 et
2042 3094 2135 3165 qui

2244 3112 2361 3148 πων
2416 3094 2557 3165 ὑπὲρ
2590 3094 3061 3166 ἐκκλησιαστικῶν
3108 3096 3461 3167 πραγμάτων
3517 3096 3782 3150 ποιεῖσθαι·

553 3207 682 3253 sunt
724 3205 912 3266 postea
945 3209 977 3248 a
1010 3192 1171 3247 nobis
1201 3186 1648 3245 anathematizati
1680 3204 1695 3241 :
1736 3185 1925 3240 adbazc
1958 3192 2138 3239 autem

554 3299 611 3346 et
639 3304 755 3351 eos,
796 3286 889 3355 qui
924 3300 984 3340 se
1014 3299 1203 3340 sanam
1228 3282 1451 3353 quidem
1486 3279 1645 3334 ﬁdem
1674 3277 1923 3334 conﬁteri
1951 3291 2062 3346 prae
2084 3289 2145 3331 se

556 3382 760 3446 ferunt,
792 3379 966 3435 avulsi
1004 3386 1185 3433 autem
1235 3385 1365 3433 sunt
1405 3386 1459 3431 et
1498 3375 1751 3441 abscissi,
1792 3382 1848 3428 et
1882 3372 2143 3428 adversus

557 3474 856 3530 canonicos
874 3481 1094 3526 nostros
1112 3470 1401 3540 episcopos
1420 3468 1897 3538 congregationem
1917 3464 2142 3521 faciunt.

555 3563 829 3620 Praeterea
866 3570 1050 3616 autem
1083 3568 1139 3615 et
1180 3560 1227 3614 si
1258 3558 1428 3629 aliqui
1462 3573 1653 3613 eorum
1696 3556 1765 3611 ab
1809 3555 2049 3610 Ecclesia
2077 3553 2147 3608 ob

562 3657 777 3726 aliquas
805 3667 1000 3709 causas
1028 3652 1184 3722 prius
1221 3649 1603 3713 condemnati,
1645 3656 1700 3703 et
1732 3646 1889 3717 ejecti
1936 3646 2018 3699 vel
2049 3661 2149 3700 ex-

562 3746 951 3804 eommunicati
993 3745 1232 3808 fuerint,
1271 3743 1385 3797 sive
1418 3757 1484 3797 ex
1516 3740 1701 3806 clero,
1744 3739 1860 3795 sive
1885 3755 1953 3793 ex
1983 3738 2150 3793 laico-

562 3857 685 3895 rum
722 3839 952 3900 ordine,
1000 3852 1102 3891 nec
1145 3835 1225 3889 eis
1272 3833 1439 3888 licere
1492 3832 1810 3901 episcopum
1849 3842 2108 3885 accusare
2132 3870 2148 3895 ,

564 3933 886 4002 priusquam
916 3927 1200 3998 preprium
1232 3925 1440 3980 crimen
1469 3921 1846 3978 absterserint.
1891 3919 2153 3976 Similiter

561 4033 745 4078 autem
791 4030 846 4075 et
875 4017 1113 4087 eos,qui
1160 4014 1573 4087 priusz32rei
1626 4012 1753 4067 facti
1798 4014 2155 4081 accusatique

565 4120 716 4175 sunt,
760 4125 868 4165 non
904 4108 1058 4178 prius
1095 4107 1163 4161 ad
1193 4105 1439 4175 episcopi
1463 4105 1545 4158 vel
1564 4103 1795 4158 aliorum
1829 4105 2152 4159 clericorum

566 4204 972 4259 accusationem
1014 4197 1263 4261 admitti,
1283 4212 1445 4266 quam
1467 4210 1526 4251 se
1544 4194 1880 4265 obiectorum
1904 4194 2007 4249 sibi
2042 4194 2155 4249 cria

566 4299 774 4351 minum
826 4296 1073 4348 insontes
1119 4288 1483 4345 ostenderint.
1533 4285 1641 4341 Sed
1684 4285 1729 4340 si
1774 4285 2023 4340 nonnulli
2056 4301 2157 4340 nec

569 4384 845 4450 haeretici,
896 4398 999 4437 nec
1039 4377 1504 4436 excommunicali
1563 4376 1801 4441 fuerint,
1856 4390 1966 4431 nec
2008 4375 2158 4445 prius

2242 3186 2553 3258 αίρετικοὺς
2583 3186 2643 3241 δέ
2673 3187 2906 3257 λέγομεν
2930 3187 3055 3253 τούς
3078 3204 3139 3243 τε
3160 3188 3331 3244 πάλαι
3358 3188 3464 3258 τῆς
3505 3188 3786 3257 Ἐκκλησίας

2242 3277 2750 3349 ἀποκηρυχθέντας,
2807 3279 2903 3333 καὶ
2947 3282 3076 3343 τοὺς
3124 3280 3266 3351 μετὰ
3308 3281 3488 3336 ταῦτα
3534 3280 3619 3349 ὑφ’
3661 3278 3784 3350 ἡμῶν

2243 3368 2799 3439 άναθεματισθέντας’
2856 3370 2993 3441 πρὸς
3041 3370 3098 3424 δὲ
3144 3370 3376 3436 τούτοις,
3432 3370 3677 3434 καὶτοὺς
3711 3369 3785 3439 τὴν

2245 3460 2430 3514 πίστιν
2480 3462 2580 3530 μὲν
2624 3461 2724 3530 τὴν
2780 3460 2908 3532 ὑγιῆ
2959 3464 3470 3533 προσποιουμένους
3528 3463 3786 3533 ὁμολογεῖν,

2247 3547 2654 3619 ἀποσχίσαντας
2677 3547 2735 3602 δὲ
2762 3550 2856 3603 καὶ
2896 3550 3355 3621 ἀντισυνάγοντας
3385 3553 3501 3616 τοῖς
3530 3551 3789 3611 καωνικοίς

2248 3641 2406 3711 ἡμῶν
2427 3640 2771 3704 ἐπισκόποιςο
2799 3640 2991 3694 ἔπειτα
3014 3642 3071 3695 δὲ
3098 3643 3193 3697 καὶ
3220 3643 3275 3696 εί
3292 3660 3443 3708 τινες
3467 3642 3575 3697 τῶν
3604 3640 3700 3695 ἀπό
3714 3640 3789 3707 τῆς

2262 3732 2590 3805 Ἐκκλησίας
2624 3733 2720 3787 ἐπὶ
2758 3733 2961 3797 αἰτίαις
2989 3733 3102 3787 τισὶ
3138 3734 3680 3807 προκατεγνωσμένοι
3705 3726 3789 3784 εἷεν

2250 3827 2347 3880 καὶ
2389 3824 2847 3897 ἀποϐεϐλημένοι,
2891 3826 2925 3898 ἢ
2968 3827 3344 3899 ἀκοινώνητοι,
3400 3827 3514 3881 εἴτε
3558 3826 3655 3881 ἀπὸ
3684 3824 3789 3893 κλή-

2254 3936 2372 3990 ρου,
2402 3919 2511 3971 εἴτε
2535 3919 2646 3974 ἀπὸ
2670 3917 2859 3973 λαῖκοῢ
2882 3919 3165 3989 τάγματος
3191 3960 3206 3984 ,
3235 3920 3372 3991 μηδέ
3400 3919 3609 3983 τούτοις
3631 3918 3790 3983 ἐξεῖναι

2252 4015 2580 4084 κατηγορεῖν
2619 4012 2945 4076 ἐπισκόπου,
2992 4013 3122 4082 πρὶν
3166 4011 3233 4066 ἂν
3268 4012 3328 4065 τὸ
3354 4014 3555 4065 οἰκεῖον
3584 4008 3791 4078 ἔγκλημα

2253 4104 2519 4174 πρότερον
2549 4102 2946 4157 ἀποδύσωνταιο
2964 4102 3165 4173 ὁμοίως
3198 4101 3256 4155 δὲ
3288 4101 3385 4155 καὶ
3415 4100 3543 4164 τοὺς
3574 4098 3668 4152 ὑπὸ
3692 4111 3790 4150 κστ-

2254 4194 2487 4268 ηγορίαν
2544 4192 2922 4263 προλαϐοῦσαν
2973 4193 3153 4260 ὄντας,
3188 4194 3264 4265 μὴ
3293 4193 3561 4264 πρότερον
3586 4190 3704 4245 εἶναι
3725 4187 3789 4238 δε-

2256 4287 2420 4349 κτοὺς
2445 4286 2526 4348 είς
2560 4285 2860 4339 ἐπισκόπου
2890 4284 3281 4355 κατηγορίανῆ
3310 4284 3519 4354 ἐτέρων
3539 4276 3788 4350 κληρικῶν,

2258 4377 2389 4446 πρὶν
2442 4376 2510 4430 ἂν
2548 4375 2760 4440 ἀθώους
2816 4376 3049 4440 ἑαυτοὺς
3092 4375 3199 4429 τῶν
3244 4374 3596 4445 ἐπαχθέντων
3650 4370 3791 4428 αὐτοῖς

568 4478 836 4543 damnati,
868 4476 954 4529 vel
986 4475 1291 4544 aliquorum
1324 4470 1618 4526 criminum
1651 4469 1928 4535 accusati,
1970 4469 2141 4524 dicant

2256 4468 2612 4536 ἀποδείξωσιν
2659 4466 3043 4537 ἐγκλημάτων.
3110 4466 3171 4519 El
3228 4464 3415 4536 μέντοι
3467 4462 3625 4527 τινὲς,
3684 4459 3791 4529 μήτε

571 4580 755 4628 autem
789 4583 849 4624 se
887 4568 1090 4623 habere
1126 4565 1343 4633 aliquas
1379 4563 1641 4616 adversus
1691 4562 2008 4630 episcopum
2042 4561 2153 4615 cri-

572 4666 921 4722 minationes,
979 4674 1075 4714 eos
1097 4657 1251 4724 jubet
1278 4663 1466 4710 sancta
1491 4652 1734 4724 synodus
1758 4653 1997 4722 primum
2030 4653 2155 4723 qui-

572 4757 698 4812 dem
732 4754 873 4823 apud
896 4749 1193 4821 provinciae
1220 4747 1507 4816 episcopos
1533 4747 1941 4801 accusationem
1967 4761 2156 4816 perse-

574 4846 696 4919 qui,
736 4853 791 4901 et
813 4844 953 4914 apud
984 4857 1081 4896 eos
1112 4841 1343 4909 probare
1368 4838 1598 4893 crimina
1638 4836 1898 4906 episc0pi,
1927 4837 2021 4907 qui
2057 4837 2158 4891 ali-

578 4953 813 5009 quarum
849 4950 1032 4991 rerum
1063 4942 1381 4987 accusatur.
1407 4928 1565 4995 Quod
1591 4928 1635 4984 si
1658 4930 1920 4993 evenerit,
1953 4938 2009 4983 ut
2032 4944 2161 4998 pro-

576 5030 838 5087 vinciales
864 5023 1114 5098 episc0pi
1142 5022 1375 5079 crimina
1399 5059 1415 5086 ,
1455 5035 1577 5090 qua:
1609 5019 1867 5090 episcopo
1896 5020 2158 5075 intentata

577 5130 729 5188 sunt,
757 5120 892 5175 corr'
907 5132 1035 5188 gere
1067 5130 1176 5171 non
1208 5113 1443 5184 possint,
1476 5121 1605 5166 tunc
1630 5111 1782 5182 ipsos
1808 5112 2069 5167 accedere
2092 5115 2159 5165 ad

577 5213 845 5281 majorem
868 5207 1137 5280 synodum
1169 5205 1426 5260 diuecesis
1456 5203 1601 5258 illius
1633 5205 2039 5274 episcoporum,
2062 5218 2160 5273 pro

573 5318 746 5360 causa
794 5308 1256 5364 convocatorum;
1307 5305 1364 5352 et
1407 5296 1809 5351 accusationem
1860 5311 1967 5351 non
2008 5298 2162 5365 prius

579 5397 896 5461 intendere,
938 5409 1103 5464 quam
1140 5393 1194 5446 in
1230 5391 1448 5463 scriptis
1482 5390 1693 5459 aequale
1720 5389 2021 5459 periculum
2056 5389 2159 5445 sibi

574 5496 823 5545 smuant
847 5527 864 5553 ,
900 5487 945 5542 si
974 5484 1198 5556 quidem
1245 5486 1297 5538 in
1332 5484 1495 5537 rebus
1523 5480 1899 5536 examinandis
1930 5496 2160 5537 accusa-

578 5590 697 5635 tum
722 5580 1041 5650 episcopum
1075 5575 1398 5633 calumniari
1426 5572 1659 5628 convicti
1695 5572 1916 5628 fuerint.
1954 5572 2010 5628 Si
2038 5571 2162 5643 quis

581 5684 764 5730 autem
801 5676 871 5730 iis
902 5688 1024 5744 qua:
1050 5712 1066 5740 ,
1104 5680 1165 5725 ut
1206 5669 1359 5740 prius
1409 5666 1744 5723 declaratum
1786 5676 1904 5732 est,
1946 5667 2161 5720 decreta

582 5766 838 5836 (tierunt,
875 5763 1240 5837 contemptis,
1275 5775 1444 5817 ausus
1485 5758 1651 5816 fuerit
1693 5758 1776 5813 vel
1820 5757 2162 5829 imperatoris

2255 4562 2545 4635 αίρετικοὶ,
2575 4561 2714 4632 μήτε
2740 4558 3095 4629 ἀκοινώτητοι
3115 4554 3248 4624 εἷεν,
3284 4558 3427 4630 μήτε
3457 4549 3792 4623 κατεγνωσμέ-

2256 4674 2359 4722 νοι,
2399 4655 2434 4725 ἢ
2485 4652 3040 4725 προκατηγορημένοι
3090 4650 3184 4704 ἐπί
3223 4667 3335 4704 τισι
3382 4646 3789 4720 πλημμελήμασι,

2255 4746 2467 4815 λέγοιεν
2495 4743 2552 4797 δέ
2600 4743 2745 4814 ἔχειν
2775 4742 2900 4796 τινά
2932 4740 3393 4814 ἐκκλησιαστικὴν
3438 4742 3578 4794 κατά
3599 4736 3681 4791 τοῦ
3703 4738 3793 4787 imo

2259 4838 2464 4892 σκόπου
2505 4835 2863 4906 κατηγορίαν,
2892 4835 3106 4897 τούτοις
3140 4833 3352 4889 κελεύει
3379 4835 3413 4904 ἡ
3451 4832 3580 4901 ἀγία
3619 4826 3791 4885 σύνοδος

2260 4930 2475 5000 πρῶτον
2510 4927 2609 4996 μὲν
2641 4928 2735 4979 ἐπὶ
2778 4926 2889 4980 τῶν
2925 4926 3025 4997 τῆς
3068 4926 3336 4998 ἐπαρχίας
3362 4927 3578 4980 πάντων
3612 4916 3792 4974 ἐπισκό-

2261 5038 2377 5074 πων
2434 5018 2748 5075 ἐνίστασθαι
2805 5017 2923 5082 τὰς
2961 5017 3310 5090 κατηγορίας,
3368 5018 3464 5071 καὶ
3513 5017 3598 5070 ἐπ’
3651 5008 3792 5065 αὐτῶν

2258 5110 2500 5179 ἐλέγχειν
2530 5107 2603 5162 τὰ
2632 5106 2955 5180 ἐγκλήματα
2981 5107 3077 5161 τοῦ
3110 5109 3169 5160 ἐν
3199 5105 3400 5170 αίτίαις
3421 5105 3582 5159 ’τισὶν
3607 5097 3790 5157 ἐπισκό-

2261 5216 2389 5254 που.
2432 5200 2494 5252 Εἰ
2537 5198 2595 5253 δέ
2645 5198 2892 5270 συμϐαίη
2939 5198 3272 5269 άδυνατῆσαι
3316 5198 3443 5261 τοὺς
3488 5190 3793 5265 ὲπαρχεώτας

2261 5293 2401 5365 πρὸς
2442 5291 2730 5364 διόρθωσιν
2760 5292 2871 5345 τῶν
2912 5291 3322 5361 ἐπιφερομένων
3361 5286 3702 5360 ἐγκλημάτων
3735 5278 3794 5346 τῷ

2260 5385 2566 5457 ἐπισκόπιρ,
2591 5386 2717 5439 τότε
2746 5386 2944 5449 αὐτοὺς
2968 5385 3253 5456 προσιέναι
3278 5382 3487 5455 μείζονι
3508 5379 3693 5447 συνόδῳ
3714 5373 3793 5425 τῶν

2260 5478 2360 5549 τῆς
2387 5477 2709 5549 διοικήσεως
2751 5478 2966 5548 ἐκείνης
3014 5476 3330 5531 ἐπισκόπων
3358 5475 3500 5547 ὑπὲρ
3537 5473 3629 5541 τῆς
3651 5465 3795 5526 αἰτίας

2261 5572 2464 5643 ταύτης
2502 5571 2960 5641 συγκαλουμένων
2984 5587 2998 5601 ο
3040 5572 3136 5626 καὶ
3178 5570 3255 5642 μὴ
3283 5568 3498 5640 πρῶτον
3526 5556 3793 5619 ἐνίστασθαι

2262 5662 2361 5732 τὴν
2401 5661 2758 5732 κατηγορίαν,
2792 5661 2922 5731 πρὶν
2951 5660 2985 5731 ἢ
3037 5660 3332 5731 ἐγγράφως
3371 5654 3565 5717 αὐτοὺς
3595 5650 3676 5703 τὸν
3704 5645 3793 5696 ἴσον

2266 5753 2449 5817 αὐτοῖς
2496 5751 2953 5807 ὑποτιννύσασθαι
3007 5750 3283 5819 κίνδυνον,
3328 5750 3481 5819 είπερ
3512 5748 3567 5799 ἐν
3610 5742 3665 5810 τῇ
3709 5734 3792 5787 τῶν
