4012 6418
115 403 225 469 701

981 382 1379 469 SYNTAGMA
1411 404 1801 469 CANONUM.
1839 431 1908 443 —
1935 405 2081 466 Tl'l‘.
2114 405 2219 481 ιιι,
2246 390 2430 471 ’(ῖΑΡ.
2464 408 2517 470 ι.

3264 408 3375 473 ’102

111 519 470 590 πραγμάτων
500 517 1228 589 ἐξετάσεισυκοφαντοῦντες
1253 518 1347 573 τὸν
1370 517 1705 589 κατηγορού-
1728 581 1731 587 η

1823 532 1968 574 mres
2006 517 2253 574 molestia
2286 517 2528 583 allicere,
2571 516 2656 573 vel
2693 518 3036 575 saecularium
3065 518 3372 594 principum

114 628 287 681 μενον
315 612 617 667 ἐπίσκοπον
633 612 965 683 ἐλεγχθεῖεν·
988 614 1038 667 sl
1067 612 1124 666 δέ
1155 628 1238 675 τις
1280 610 1704 682 καταφρονήσας

109 706 233 757 τῶν
262 706 403 759 κατὰ
427 708 498 759 τὰ
532 706 947 775 προδηλωθέντα
978 704 1313 775 δεδογμένων
1333 746 1347 768 ,
1380 702 1703 773 τολμήσειεν

112 797 153 867 ἦ
194 797 480 867 βασιλικὰς
524 798 763 869 ἐνοχλεῖν
806 798 1062 869 ἁκοὰς,ἢ
1105 796 1382 867 κοσμικῶν
1425 794 1701 865 ἀρχόντων

112 886 474 959 δικαστήρια,
506 891 539 961 ἢ
571 890 955 959 οἰκουμενικὴν
982 887 1199 941 σύνοδον
1226 888 1542 959 ταράσσειν,
1569 884 1705 939 πάν-

1802 609 2006 680 judicia
2040 610 2123 664 vel
2173 610 2537 665 universalcm
2575 611 2844 682 synodum
2894 612 3245 681 perturbare,
3281 630 3349 670 ne

1807 701 1999 770 glectis
2021 701 2273 757 dimcesis
2308 702 2580 772 episcopis
2598 742 2614 767 ,
2648 718 2772 757 eum
2803 704 2952 758 nullo
2978 705 3143 760 modo
3167 722 3287 761 esse
3311 708 3378 761 ad

1807 792 2212 847 accusationem
2250 791 2664 859 admittendum,
2698 802 2756 847 ut
2778 794 2869 863 qui
2896 796 3201 851 canonibus
3234 796 3378 865 inju-

1806 882 1944 939 riam
1975 882 2184 951 fecerit,
2214 892 2270 940 et
2294 884 2723 940 ecclesiasticum
2748 886 2994 941 ordinem
3024 888 3307 942 everterit.

110 996 222 1042 τας
243 982 520 1051 ἀτιμάσας
550 982 675 1043 τοὺς
715 980 813 1049 τῆς
846 979 1163 1049 διοικήσεως
1209 977 1562 1039 ἐπισκόπους,
1602 975 1694 1029 τὸν
1728 973 1970 1028 τοιοῦτον
1994 977 2073 1039 είς
2099 976 2432 1045 κατηγορίαν
2490 977 2552 1029 τὸ
2606 978 2867 1048 παράπαν
2894 978 2970 1049 μὴ
2999 972 3143 1033 εἶναι
3165 979 3377 1044 δεκτδν,

114 1074 203 1135 ὡς
224 1073 636 1145 καθν6ρίσαντα
664 1072 793 1135 τοὺς
815 1071 1068 1137 κανόνας,
1092 1071 1187 1126 καὶ
1208 1070 1305 1139 τὴν
1329 1066 1788 1140 ἐκκλησιαστικὴν
1819 1066 2200 1139 λυμηνάμενον
2228 1068 2501 1133 εὐταξίαν.

341 1163 613 1218 Συνόὸου
641 1164 1030 1231 Χαλκηδόνος
1065 1162 1265 1218 κανὼν
1284 1160 1349 1215 θ’.
1384 1167 1493 1217 καθ.

203 1256 244 1309 θ’
267 1255 336 1307 Et
362 1273 445 1318 τις
476 1255 736 1327 κληρικὸς
765 1255 904 1327 πρὸς
926 1255 1191 1326 κληρικὸν
1220 1254 1452 1326 πρᾶγμα
1474 1252 1609 1324 ἔχει,
1632 1250 1706 1323 μὴ

120 1344 664 1416 ἐγκαταλιμπανέτω
720 1345 813 1398 τὸν
863 1347 1068 1398 οἰκεῖον
1115 1343 1436 1408 ἐπίσκοπον,
1483 1344 1580 1397 καὶ
1617 1341 1711 1395 ἐπὶ

119 1439 371 1508 κοσμικὰ
418 1437 749 1508 δικαστήρια
801 1437 1206 1507 κατατρεχέτω,
1259 1435 1395 1491 ἀλλά
1446 1434 1711 1506 πρότερον

122 1531 228 1600 τὴν
256 1529 515 1583 ὑπόθεσιν
542 1528 868 1599 γυμναξέτω
893 1528 1043 1601 παρὰ
1076 1528 1154 1600 τῷ
1186 1528 1301 1599 ἰδίῳ
1329 1526 1641 1596 ὲπισκόπψ⁸
1670 1526 1705 1597 ἡ

118 1622 262 1691 γοῦν
292 1620 488 1692 γνώμη
515 1619 683 1674 αὐτοῦ
711 1619 806 1675 τοῦ
846 1621 1168 1686 ἐπισκόπου,
1208 1619 1337 1690 παρ’
1367 1615 1447 1682 οἷς
1478 1619 1544 1673 ἂν
1580 1617 1707 1679 τοὺς

117 1713 417 1783 ἀμφότερα
450 1712 591 1784 μέρη
622 1711 952 1783 βούλωνται,
982 1711 1051 1765 τὰ
1078 1711 1178 1781 τῆς
1203 1710 1360 1780 δίκης
1391 1709 1706 1780 συγκροτεῖ-

120 1805 277 1860 σθαι.
304 1806 369 1858 Et
392 1805 451 1858 δέ
478 1823 562 1869 τις
590 1805 746 1875 παρὰ
780 1804 955 1859 ταῦτα
983 1803 1218 1873 ποιήσει,
1259 1802 1559 1863 κανονικοῖς
1583 1801 1704 1852 ἐπι-

2015 1159 2239 1215 Concilii
2268 1160 2702 1215 Chalcedonensis
2727 1177 2952 1217 canones
2986 1162 3043 1231 9,
3073 1163 3163 1219 2i.

1875 1250 1931 1307 9.
1981 1249 2039 1305 Si
2083 1251 2208 1320 quis
2236 1250 2467 1305 clericus
2500 1250 2817 1305 habetcum
2860 1251 3057 1308 clerico
3088 1252 3237 1308 litem
3287 1264 3382 1309 aut

1807 1342 2105 1411 negotium,
2137 1342 2419 1411 proprium
2460 1342 2775 1411 episcopum
2804 1356 2876 1397 ne
2905 1343 3197 1411 relinquat,
3232 1354 3287 1399 et
3312 1346 3404 1406 ad,

1806 1433 2090 1489 saecularia
2119 1434 2325 1505 judicia
2374 1452 2441 1492 ne
2486 1445 2774 1506 excurrat,
2822 1439 2918 1495 sed
2962 1454 3186 1494 causam
3232 1442 3402 1509 prius.

1810 1527 1953 1596 apud
1999 1527 2277 1597 proprium
2325 1529 2638 1598 episcopum
2682 1537 2809 1601 agat
2846 1548 2862 1585 :
2895 1530 2979 1585 vel
3027 1531 3095 1585 de
3141 1532 3380 1601 episcopi

1811 1616 2105 1685 sententia,
2133 1621 2275 1688 apud
2307 1634 2402 1674 eos
2440 1634 2578 1690 quos
2602 1630 2833 1691 utraque
2866 1636 2992 1689 pars
3018 1622 3258 1693 elegerit,
3289 1624 3381 1692 jn-

1810 1708 2014 1779 dicium
2060 1710 2311 1779 agitetur.
2347 1710 2403 1765 Si
2433 1713 2556 1781 quis
2585 1721 2767 1766 autem
2802 1723 2996 1783 praeter
3031 1714 3145 1768 haec
3174 1713 3382 1779 fecerit,

1809 1797 1968 1869 233
2004 1799 2282 1855 canonicis
2313 1799 2491 1871 poenis
2526 1801 2869 1871 subjiciatur.
2921 1802 2977 1857 Si
3023 1804 3253 1860 clericus
3286 1821 3399 1881 aug

117 1897 330 1966 τιμίοις
370 1874 703 1951 ὑποκείσθω”
739 1898 789 1950 εί
818 1896 875 1949 δὲ
906 1896 999 1949 καὶ
1038 1894 1298 1966 κληρικδς
1325 1895 1556 1964 πρᾶγμα
1592 1891 1704 1961 ἔχει

1823 1907 1912 1945 ,em
1942 1906 2065 1945 cum
2097 1890 2315 1960 proprio
2346 1891 2430 1946 vel
2475 1890 2635 1945 etiam
2669 1891 2778 1946 alio
2817 1892 3072 1963 episcopo
3106 1896 3380 1964 negotium

120 1988 266 2056 πρὸς
294 1987 387 2040 τὸν
432 1988 563 2041 ἴδιον
602 1989 635 2060 ἢ
682 1987 777 2042 καλ⁸
815 1987 949 2059 πρὸς
977 1986 1165 2055 ἕτερον
1198 1983 1513 2046 ἐπίσκοπον,
1556 1984 1708 2053 παρὰ

116 2084 190 2151 τῇ
231 2081 439 2152 συνόδῳ
466 2082 566 2151 τῆς
614 2080 885 2151 ἐπαρχίας
921 2078 1246 2144 δικαζέσθω.
1273 2077 1337 2132 El
1365 2076 1423 2130 δέ
1454 2076 1591 2145 πρὸς
1617 2075 1709 2128 τὸν

118 2175 226 2241 τῆς
258 2173 429 2241 αὐτῆς
452 2172 719 2245 ἐπαρχίας
751 2171 1154 2243 μητροπολίτην
1181 2169 1478 2231 ἐπίσκοπος
1506 2167 1539 2238 ἢ
1574 2167 1710 2237 κλη-

122 2264 285 2335 ρικδς
330 2264 736 2335 ἁμφισσητοίη,
788 2262 1259 2334 καταλαμὸανέτω
1290 2261 1324 2332 ἢ
1364 2260 1454 2314 τδν
1483 2258 1711 2330 ἔξαρχον

118 2356 227 2426 τῆς
256 2357 602 2428 διοικήσεως,
634 2355 668 2427 ἢ
695 2356 787 2408 τὸν
816 2358 916 2426 τῆς
949 2353 1344 2424 βασιλευούσης
1364 2353 1710 2406 Κωνσταντι-

120 2446 438 2509 νουπόλεως
468 2447 677 2516 θρόνον,
706 2446 802 2500 καὶ
831 2446 918 2500 ἐπ’
952 2445 1102 2516 αὐτῷ
1134 2442 1461 2508 δικαζέσθω.

195 2537 309 2591 κα’.
344 2538 657 2608 Κληρικοὺς
682 2539 715 2608 ἦ
746 2537 985 2602 λαῖκοὺς,
1011 2535 1445 2607 κατηγοροῦντας
1488 2534 1710 2587 ἐπισκό-

122 2646 246 2681 πων
279 2628 315 2699 ἢ
346 2628 644 2698 κληρικῶν,
672 2628 860 2692 ἁπλῶς
888 2628 983 2681 καὶ
1020 2627 1401 2696 ἀδοκιμάστωςι
1439 2625 1515 2696 μὴ
1539 2641 1710 2696 προσ-

122 2719 386 2790 δέχεσθαι
411 2722 491 2783 είς
518 2719 875 2791 κατηγορίαν,
900 2721 951 2773 εί
992 2718 1069 2791 μὴ
1094 2717 1361 2791 πρότερον
1394 2715 1708 2787 ἐξετασθείη

124 2812 316 2865 αὐτῶν
344 2814 377 2882 ὴ
404 2810 694 2880 ὑπόληψις.

124 2904 408 2961 Συνόδου
435 2904 858 2973 [inpactch
885 2902 1088 2957 κανὼν
1112 2908 1194 2973 Δη’,
1240 2907 1332 2973 ια’,
1378 2900 1464 2972 ιβ’,
1497 2899 1578 2967 ιδ’,
1626 2899 1708 2968 ιε’,

543 2971 735 3041 ιθ’,“κ’,
766 2974 834 3039 λ’,
872 2980 991 3044 ρκη⁰
1035 2971 1175 3044 ρκθ’,
1207 2972 1308 3042 ρλ’.

194 3063 342 3134 Περὶ
394 3061 516 3117 τῶν
535 3063 678 3130 τοὺς
707 3061 973 3131 Πατέρας
996 3061 1376 3130 αἰτιωμένων,
1422 3060 1522 3118 καὶ
1552 3058 1712 3116 ὥστε

117 3156 343 3227 μηδενὶ
391 3156 830 3224 διαϐεϐλημένῳ
881 3153 1136 3221 ἐξεῖναι,
1175 3140 1510 3207 ἐπισκόπου
1570 3170 1710 3207 κατ-

121 3249 391 3320 ηγορεῖν-

194 3346 271 3410 η’.
291 3339 605 3411 Νουμήδιος
630 3337 928 3400 ἐπίσκοπος
956 3335 1364 3403 Μαξουλιτᾶνος
1388 3330 1562 3390 εἶπενν
1586 3335 1710 3390 Εἰσὶ

128 3431 324 3486 πολλοὶ
368 3433 471 3485 οὐκ
513 3432 723 3502 ἀγαθῆς
760 3428 1146 3500 ἀναστροφῆς,
1188 3428 1382 3493 οἵτινες
1447 3427 1710 3499 ἡγοῦνται

123 3526 254 3587 τοὺς
314 3524 564 3595 Πατέρας
606 3524 701 3578 καὶ
725 3522 1079 3588 ἐπισκόπους,
1126 3520 1203 3585 ὡς
1245 3522 1454 3592 ἔτυχεν,
1477 3520 1711 3591 ὀφείλειν

126 3608 427 3687 ἐνάγέσθαι
448 3632 463 3647 ο
501 3615 626 3681 τοὺς
670 3615 944 3681 τοιούτους
968 3614 1052 3669 δεῖ
1080 3613 1501 3686 προσδέχεσθαι,
1533 3613 1567 3684 ἦ
1601 3614 1708 3685 μή;

196 3878 478 3949 Αὐρήλιος
527 3876 822 3942 ἐπίσκοπος
876 3872 1054 3929 εἷπενο
1111 3876 1363 3947 Ἀρέσκει
1414 3875 1596 3931 τοίνυν
1642 3878 1708 3949 τῇ

131 3970 329 4039 ἀγάπῃ
373 3969 549 4039 ὑμῶν,
581 3970 708 4033 τοὺς
741 3968 823 4032 είς
853 3983 976 4021 τινα
1008 3966 1151 4038 μύση
1202 3966 1709 4038 ἐμπεπλεγμένους,

132 4061 278 4114 κατὰ
311 4061 572 4132 Πατέρων
602 4062 787 4130 φωνὴν
833 4060 1169 4131 κατηγορίας
1198 4059 1577 4127 ἀποτίθεσθαι;
1616 4061 1712 4114 Ἐκ

133 4156 357 4208 πάντων
397 4154 507 4206 τῶν
549 4154 863 4207 ἐπισκόπων
896 4152 1113 4223 ἐλέχθη,
1148 4153 1274 4208 Ἐὰν
1304 4152 1655 4224 διασέὸληται
1683 4154 1713 4207 6

134 4246 399 4309 τοιοῦτος,
429 4244 504 4316 μὴ
535 4244 861 4315 προσδεχθῇ.

211 4354 365 4412 Ἐάν
398 4372 489 4422 τις
517 4356 919 4425 πρεσϐύτερος
959 4352 1108 4409 κατὰ
1134 4354 1240 4410 τοῦ
1278 4355 1432 4410 ἰδίου
1469 4355 1714 4410 ἐπισκό-

135 4462 250 4503 που
282 4448 605 4517 φυσιωθείς
619 4448 850 4519 σχίσμα
879 4445 1040 4517 ποιῇ,
1059 4447 1322 4518 ἀνάθεμα
1348 4448 1522 4504 ἔστω.

193 4636 292 4683 ια’.
354 4626 492 4681 ’Δπδ
552 4632 766 4680 πάντων
816 4627 924 4681 τῶν
977 4628 1289 4681 ἐπισκόπων
1334 4626 1548 4699 ἐλέχθη.
1591 4628 1715 4684 Ἐάν

139 4734 217 4782 τις
263 4717 671 4789 πρεσϐύτερος,
713 4717 772 4769 ἐν
827 4720 894 4787 τῇ
934 4716 1174 4789 διαγωγῇ
1218 4717 1384 4772 αὐτοῦ
1439 4735 1722 4787 καταγνω-

144 4810 264 4881 σθῇ,
300 4808 502 4879 ὀφείλει
530 4810 558 4863 6
610 4807 848 4871 τοιοῦτος
906 4810 1019 4870 τοῖς
1070 4809 1374 4876 γειτνιῶσιν
1406 4810 1722 4873 ἐπισκόποις

142 4900 555 4971 προσαγγεῖλαι,
607 4896 699 4953 ἵνα
732 4898 885 4954 αὐτοὶ
940 4898 1034 4954 τοῦ
1068 4899 1389 4969 πράγματος
1415 4901 1724 4971 ἀκροάσων-

144 5012 249 5060 ται,
313 4994 410 5049 καὶ
457 4994 524 5048 δι’
574 4994 753 5047 αὐτῶν
796 4993 875 5065 τῷ
906 4994 1020 5064 ἰδίῳ
1069 4994 1348 5064 ἐπισκόπῳ
1388 4994 1721 5066 καταλλαγῇ.

146 5085 315 5139 Τοῦτο
358 5085 417 5138 δὲ
450 5086 545 5139 ἐὰν
604 5084 679 5157 μὴ
736 5088 957 5158 ποιήσῃ,
989 5084 1105 5140 ἀλλ’
1146 5087 1282 5156 ὅπερ
1337 5085 1503 5157 ἀπείη
1550 5087 1717 5160 ὑπερ-

146 5179 272 5250 οψίᾳ
336 5177 728 5248 φυσιούμενος,
781 5179 847 5232 ἐκ
912 5178 1016 5247 τῆς
1072 5178 1167 5231 τοῦ
1227 5178 1357 5232 [δίου
1414 5180 1713 5233 ἐπισκόπου

147 5272 431 5334 κοινωνίας
457 5271 648 5324 ἐαυτὸν
681 5270 912 5343 χωρίσῃ,
939 5271 1032 5324 καὶ
1062 5270 1211 5339 παρὰ
1241 5273 1369 5341 μίαν
1399 5273 1537 5341 μετά
1556 5291 1716 5327 τινων

148 5362 352 5431 σχίσμα
375 5359 566 5426 ποιῶν,
587 5360 832 5430 ἁγίασμα
854 5360 932 5430 τῷ
958 5359 1075 5430 Θεῷ
1103 5361 1464 5434 προσενέγκῃ,
1495 5364 1523 5416 6
1546 5364 1717 5417 τοιοῦ-

214 5540 234 5571 ⁸
264 5542 523 5611 Carthag.
551 5557 610 5605 ιι,
635 5556 754 5612 cap.
779 5541 832 5597 6.
902 5502 907 5507 Δ
934 5543 955 5574 ⁰
985 5541 1241 5615 Carthag.
1278 5558 1339 5609 ιι,
1370 5557 1490 5615 cap.
1522 5544 1576 5600 8.

220 5680 333 5749 (τε)
375 5680 579 5745 Gmce,
613 5698 632 5732 ι
673 5688 877 5750 patres,
910 5687 964 5735 et
996 5681 1301 5751 episcopos.
1339 5702 1359 5736 ι

220 5754 332 5820 (75)
369 5751 795 5821 him-«Annuus
843 5754 1130 5821 episcopus
1181 5754 1360 5817 dixit,
1412 5754 1725 5811 universum

160 5814 447 5877 concilium
482 5814 826 5893 interrogans
866 5814 891 5875 ι’
919 5814 1101 5877 Placet
1131 5824 1312 5893 igitur.
1346 5814 1375 5875 ἰ

1742 4573 1793 4634 1)

1808 1991 1904 2036 aut
1948 1983 2093 2037 litem
2129 1983 2347 2049 habeat,
2376 1999 2407 2038 a
2439 1983 2734 2054 provincia:
2763 1985 2972 2057 synodo
2999 1985 3291 2053 judicetui.
3324 1986 3381 2040 Si

1807 2082 1989 2127 autem
2024 2089 2149 2128 cum
2180 2074 2355 2144 ipsius
2394 2076 2689 2145 provincia:
2731 2076 3145 2146 metmpolitano
3171 2078 3385 2147 episco-

1807 2178 1909 2232 pus
1957 2164 2043 2218 vel
2092 2165 2325 2220 clericus
2370 2166 2801 2220 controversiam
2850 2167 3076 2234 habeat,
3129 2168 3383 2223 dimcesis

1808 2254 2104 2309 exarchum
2138 2254 2320 2320 adeat,
2360 2256 2448 2310 vel
2481 2256 2774 2325 imperialis
2808 2257 2958 2312 urbis
2987 2256 3383 2314 Constantino-

1807 2346 1948 2416 polis
1980 2346 2261 2415 thronum,
2294 2355 2351 2403 et
2378 2347 2526 2418 apud
2553 2362 2678 2403 eum
2713 2348 2903 2418 litiget.

1878 2515 1971 2570 21.
2015 2516 2255 2572 Clericos
2278 2517 2365 2572 vel
2396 2516 2591 2581 laicos,
2659 2515 2945 2584 episcopos
3001 2522 3094 2595 aut
3150 2514 3385 2569 clericos

1810 2618 2157 2674 accusantes,
2194 2622 2302 2664 non
2332 2607 2838 2673 indiscriminatim,
2889 2623 2992 2662 nec
3016 2607 3152 2662 citra
3206 2609 3387 2676 inqui-

1808 2702 2086 2769 sitionem,
2117 2704 2407 2759 admittere
2431 2704 2834 2758 accusationem
2874 2702 2980 2757 nisi
3036 2717 3227 2758 eorum
3268 2704 3388 2758 exi-

1811 2795 2057 2851 stimatio
2090 2795 2241 2865 prius
2256 2796 2564 2849 examinata
2597 2795 2783 2849 fuerit.

1822 2884 2052 2945 Concilii
2098 2883 2532 2955 Carthaginensis
2570 2900 2792 2939 canones
2819 2884 3102 2955 8,”,12,
3165 2886 3244 2952 14,
3295 2885 3383 2949 15,

2187 2976 2275 3042 19,
2310 2976 2401 3042 20,
2442 2975 2532 3042 50,
2564 2975 2687 3043 128,
2726 2977 2852 3045 129,
2896 2976 3021 3033 150.

1884 3065 1961 3121 De
1988 3067 2066 3122 his
2090 3068 2179 3139 qui
2209 3069 2263 3121 in
2292 3069 2678 3124 accusationem
2714 3070 2932 3139 majoris
2981 3082 3115 3131 natu,
3138 3072 3385 3136 veniunt;

1814 3168 1863 3214 et
1893 3168 1951 3213 ut
1981 3162 2273 3229 episcopum
2306 3161 2439 3215 nulli
2476 3163 2759 3217 criminosa
2801 3162 2953 3217 liceat
2983 3180 3254 3218 accusare.
3326 3226 3329 3229 _

1894 3332 1951 3388 8.
1988 3329 2323 3396 Numidius'
2350 3334 2637 3403 episcopus
2695 3332 3059 3389 Maxulitanus
3098 3333 3220 3406 [ms.
3246 3328 3397 3389 Mos?

1834 3423 2131 3495 salitanus]
2161 3426 2298 3478 dixit
2341 3442 2355 3478 :
2390 3426 2658 3481 Praeterea
2691 3436 2818 3480 sunt
2850 3427 3236 3497 quamplurimi
3278 3444 3385 3482 non

1821 3515 1979 3569 bonae.
2012 3515 2471 3580 conversationis,
2511 3516 2603 3585 qui
2658 3517 2971 3571 existimant
3014 3518 3247 3587 majores
3289 3534 3388 3571 na-

1820 3614 1875 3659 tu
1900 3604 2035 3675 (72),
2074 3604 2160 3659 vel
2218 3605 2504 3674 episcopos
2542 3604 2745 3673 passim
2792 3621 3034 3675 vageque
3067 3607 3120 3658 in
3156 3621 3385 3660 accusa-

1818 3698 1965 3752 tione
1989 3696 2320 3767 pulsandos;
2358 3696 2627 3751 debentne
2679 3704 2790 3751 tam
2821 3696 2978 3753 facile
3015 3698 3226 3752 admitti
3259 3714 3388 3753 nec-

1817 3803 1884 3844 ne
1900 3786 2025 3860 [ms.
2045 3796 2139 3843 aut
2165 3786 2400 3860 necne]?

1888 3881 2142 3936 Aurelius
2162 3880 2454 3950 episcopus
2488 3880 2622 3935 dixit
2652 3898 2665 3934 :
2703 3879 2887 3936 Placet
2916 3868 3081 3952 igitur
3111 3882 3223 3955 (73)
3260 3883 3387 3938 cha-

1817 3974 1969 4029 ritati
2001 3981 2216 4039 vestrae,
2255 3984 2314 4028 ut
2361 3974 2407 4029 is
2436 3973 2529 4043 qui
2566 3974 2842 4045 aliquibus
2879 3976 3176 4032 sceleribus
3208 3976 3389 4030 irreti-

1818 4075 1907 4122 tus
1932 4075 2040 4131 est,
2071 4080 2259 4121 vocem
2314 4066 2579 4121 adversus
2632 4068 2891 4139 majorem
2938 4079 3067 4124 natu
3113 4085 3220 4124 non
3271 4070 3388 4140 ('74)

1818 4158 2017 4213 habeat
2049 4157 2383 4212 accusandi?
2440 4158 2524 4212 Ab
2557 4160 2826 4215 universis
2873 4162 3145 4230 episcopis
3180 4161 3385 4215 dictum

1817 4259 1933 4307 est:
1968 4250 2023 4305 Si
2057 4250 2393 4305 criminosus
2415 4261 2499 4307 est
2523 4251 2661 4323 (75),
2681 4268 2789 4305 non
2818 4252 3159 4318 admittatur,
3193 4253 3385 4322 placet.

1889 4358 1947 4415 Si
1975 4360 2092 4431 quis
2121 4360 2394 4432 presbyter
2425 4374 2609 4416 contra
2641 4363 2935 4433 episcopum
2960 4379 3119 4417 suum
3144 4364 3395 4433 inﬂatus,

1817 4453 2047 4508 schisma
2078 4452 2282 4524 fecerit,
2311 4455 2596 4510 anathema
2622 4457 2715 4513 sit.

1888 4628 1979 4684 11.
2020 4628 2104 4683 Ab
2151 4628 2423 4685 universis
2447 4630 2719 4702 episcopis
2745 4631 2766 4664 ’
2788 4632 2991 4687 dictum
3021 4644 3107 4692 est
3142 4655 3156 4691 :
3187 4634 3243 4691 Si
3264 4635 3400 4705 quis

1819 4722 2105 4793 presbyter
2144 4737 2174 4776 a
2221 4724 2515 4794 praeposito
2549 4739 2650 4779 suo
2684 4736 2970 4796 correptus
3011 4726 3195 4794 fuerit,
3230 4728 3390 4783 debet

1818 4816 2009 4886 utique
2040 4814 2184 4885 apud
2215 4815 2424 4870 vicinos
2445 4815 2738 4888 episcopos
2760 4820 3043 4888 conqueri,
3070 4830 3127 4875 ut
3153 4820 3222 4874 ab
3253 4821 3393 4890 ipsis

1819 4909 1939 4980 ejus
1968 4924 2134 4964 causa
2165 4909 2339 4979 possit
2370 4909 2581 4975 audiri,
2610 4925 2675 4965 ac
2701 4927 2797 4981 per
2829 4913 2975 4981 ipsos
3002 4928 3102 4967 suo
3131 4914 3397 4983 episcopo

1820 4996 2184 5053 reconciliari.
2217 4994 2373 5063 Quod
2404 4997 2509 5053 nisi
2547 4996 2755 5062 fecerit,
2789 4997 2951 5070 235.
2978 4999 3072 5053 sed
3134 4998 3391 5068 superbia

1821 5091 1988 5161 (quod
2019 5089 2227 5160 absit!)
2256 5089 2476 5145 inﬂatus
2506 5092 2898 5146 secernendum
2941 5107 3000 5147 se
3039 5090 3110 5145 ab
3149 5089 3395 5160 episcopi

1822 5183 1903 5237 sui
1933 5181 2323 5237 communione
2375 5182 2614 5249 duxerit,
2677 5197 2743 5238 ac
2770 5184 3065 5252 separatim
3117 5197 3241 5237 cum
3282 5181 3387 5236 ali-

1822 5272 2020 5342 quibus
2052 5273 2295 5327 schisma
2326 5272 2551 5339 faciens,
2591 5274 2921 5329 sacriﬁcium
2956 5274 3066 5329 Deo
3106 5272 3395 5339 obtulerit,

1823 5366 2111 5419 anathema
2165 5363 2452 5431 habeatur,
2485 5373 2540 5420 et
2583 5365 2759 5420 locum
2793 5365 3003 5420 amittat
3035 5383 3048 5420 :
3080 5380 3141 5421 ac
3173 5364 3218 5421 si
3250 5380 3396 5436 que-

1896 5686 2007 5754 (Ti)
2046 5684 2146 5740 ills.
2200 5696 2255 5739 et
2309 5687 2480 5743 Graec.
2511 5696 2699 5742 carent
2742 5702 2805 5742 ea
2844 5689 3036 5744 vocula
3070 5706 3171 5745 non
3200 5707 3217 5746 :
3244 5702 3401 5749 recte

1835 5771 1960 5810 nam
1993 5756 2227 5825 expungi
2259 5757 2438 5811 debet.

1909 5825 2023 5895 (75)
2060 5824 2159 5881 Ms.
2190 5824 2219 5879 ι
2257 5826 2314 5881 Si
2338 5828 2631 5886 criminosa
2668 5838 2753 5886 est
2780 5843 3069 5898 persona.»
