3874 6296
607 313 715 377 703
1763 298 2028 363 ΡΗΟΤΙΙ
2069 298 2227 360 ΡΑἸἾ

2312 295 2576 358 ΛΒΟΗᾹΞ
2613 295 2723 357 CP.
3731 297 3822 361 7οι

612 420 901 477 rimoniam
962 418 1171 489 justam
1219 415 1484 473 adversus
1537 412 1855 485 episcopum
1920 427 2026 468 non
2096 412 2227 471 ham

2312 426 2387 473 τος
2408 408 2659 479 ἀνάθεμα
2696 403 3000 476 λογισθήτω
3021 441 3041 471 ,
3073 401 3172 458 καὶ
3202 400 3293 458 τὸν
3323 400 3454 456 ἴδιον
3488 401 3642 458 τόπον
3667 407 3828 465 smn.

610 513 808 581 buerit,
836 510 1223 582 inquirendum
1253 508 1356 563 erit
1381 505 1515 578 (76).

2312 500 2469 554 τάτω·
2522 497 2893 570 σκοπουμένου
2943 498 3021 569 μή
3068 512 3201 550 ποτε
3244 496 3385 549 κατὰ
3429 493 3524 549 τοῦ
3571 496 3827 557 tutandam

2305 592 2512 666 μέμψιν
2546 592 2659 664 έχοι
2686 590 2927 649 δικαίαν.

691 716 749 773 Si
781 717 898 787 quis
948 715 1222 785 episcopus
1274 712 1469 779 absque
1507 717 1736 779 tempore
1780 708 1971 779 synodi
2001 707 2055 761 in
2088 708 2199 762 cri-

2381 706 2521 759 Ἐάν
2577 722 2668 771 τις
2719 704 3058 769 ἐπίσκοπος
3114 699 3295 771 χωρὶς
3342 700 3551 770 καιροῦ
3606 706 3832 761 συνόδου

620 810 758 863 mine
784 807 1025 861 detentus
1047 805 1235 875 fuerit,
1262 820 1296 856 a
1316 802 1596 857 duodecim
1623 800 1885 871 episcopis
1913 800 2194 855 audiatur:

2312 795 2629 867 ἐγκλήματι
2644 812 2776 865 περι
2784 793 2979 865 ϐληθῇ
2985 833 3001 860 ,
3028 795 3062 848 ό
3080 792 3350 859 τοιοῦτος
3369 792 3640 862 ἀκουσθῇ
3653 795 3757 850 ἀπὸ
3772 800 3833 863 ιβ’

2303 891 2674 945 ἐπισκόπων.

693 1005 782 1059 12.
822 1003 974 1059 Felix
1001 1002 1290 1074 episcOpus
1320 1001 1459 1056 dixit
1489 1001 1534 1034 "
1570 1020 1585 1057 :
1627 998 1874 1073 Suggero
1895 1000 2197 1057 secundum

2378 1005 2467 1078 ιβ’.
2497 1002 2661 1074 Φῆλιξ
2686 1004 2984 1066 ἐπίσκοπος
3012 999 3489 1073 εἶπενοἊναφέρω
3512 1000 3621 1072 (82)
3642 1004 3763 1057 κατὰ
3784 1005 3836 1060 τὰ

619 1106 824 1152 statuta
865 1105 1107 1149 veterum
1148 1093 1530 1157 conciliorum,
1570 1102 1629 1149 ut
1659 1095 1703 1150 si
1743 1095 1869 1163 quis
1909 1094 2200 1163 episcopus

2312 1098 2589 1166 ὁρισθέντα
2609 1097 2674 1149 ὲκ
2704 1095 2815 1149 τῶν
2842 1093 3093 1148 παλαιῶν
3122 1094 3375 1161 συνόδων,
3403 1093 3491 1148 ἵνα
3523 1092 3616 1147 ἐὰν
3638 1112 3715 1158 τις
3745 1098 3836 1149 ἐπί.

623 1188 788 1256 (quod
804 1194 1195 1256 nonpptamus)
1212 1185 1264 1239 in
1285 1197 1492 1240 reatum
1508 1186 1745 1255 aliquem
1764 1184 2198 1256 incu'rrerit(77),

2312 1188 2663 1260 σκοπος,ὅπερ
2694 1187 2885 1259 ἀπείη,
2906 1185 2965 1241 ἔν
2997 1204 3107 1239 τινι
3135 1187 3445 1256 ἐγκλήματι
3466 1185 3743 1259 περιπέσῃ,
3767 1191 3836 1243 καὶ

621 1290 677 1335 et
708 1280 876 1334 fuerit
918 1279 968 1334 ei
1016 1278 1185 1333 nimia
1219 1280 1517 1335 necessitas
1557 1297 1663 1334 non
1720 1294 1882 1349 posse
1934 1279 2202 1349 plurimos

2312 1281 2531 1350 γένηται
2552 1277 2721 1350 πολλὴ
2745 1279 2960 1350 ἀνάγκη
2993 1277 3088 1332 τοῦ
3115 1278 3191 1348 μὴ
3211 1276 3475 1332 δύνασθαι
3501 1276 3715 1341 πολλοὺς
3741 1295 3835 1333 συν-

624 1384 978 1442 congregam,
1054 1387 1123 1425 ne
1162 1371 1214 1424 in
1241 1372 1472 1426 crimine
1509 1380 1811 1439 remaneat,
1849 1387 1877 1426 a
1908 1371 2199 1426 duodecim

2312 1372 2506 1437 ελθεῖν,
2561 1372 2651 1426 διὰ
2667 1372 2728 1426 τὸ
2765 1372 2839 1443 μὴ
2865 1373 3158 1442 ἀπομεῑναι
3184 1370 3347 1425 αὐτὸν
3369 1374 3429 1425 ὲν
3454 1369 3533 1441 τῷ
3561 1370 3833 1441 ἐγκλήματι,

623 1462 915 1533 episcopis.
948 1472 1002 1517 et
1032 1462 1311 1532 presbyter
1341 1478 1371 1516 a
1403 1477 1499 1517 sex
1529 1462 1805 1533 episcopis
1828 1478 1948 1517 cum
1978 1462 2202 1533 proprio

2312 1468 2417 1522 ὑπὸ
2444 1466 2508 1538 ιβ’
2538 1466 2855 1522 ἐπισκόπων
2883 1465 3149 1536 ἀκουσθῇ,
3186 1465 3282 1518 καὶ
3324 1464 3353 1517 ὁ
3383 1462 3739 1534 πρεσϐύτερος
3761 1466 3835 1519 ὑπὸ

628 1570 731 1608 suo
759 1557 1015 1625 episcopo
1044 1556 1317 1620 audiatur,
1374 1565 1429 1611 et
1457 1556 1726 1612 diaconus
1764 1570 1795 1610 a
1836 1555 2035 1610 tribus.

2312 1560 2371 1628 ἐξ
2390 1560 2703 1614 ἐπισκόπων
2722 1559 2818 1612 καὶ
2843 1557 2937 1612 τοῦ
2958 1557 3112 1621 ἰδίου,
3131 1557 3226 1610 καὶ
3245 1556 3273 1608 ὁ
3296 1554 3547 1618 διάκονος
3572 1554 3671 1608 ὑπὸ
3687 1556 3833 1626 τριῶν.

702 1668 770 1723 Ut
806 1668 870 1723 de
897 1668 1096 1741 Tripoli
1119 1686 1254 1723 unus
1276 1672 1547 1740 episcopus
1569 1671 1623 1724 in
1645 1670 1962 1742 legationem
1993 1669 2204 1724 veniat:

2382 1673 2564 1729 Ὥστε
2584 1671 2703 1727 ἀπὸ
2738 1672 3067 1741 Τριπόλεως
3097 1669 3206 1724 ἕνα
3240 1670 3585 1723 ἐπίσκοπον
3601 1669 3681 1742 εις
3704 1685 3832 1724 saxo-

628 1771 677 1814 et
705 1770 758 1813 ut
790 1764 1060 1831 presbyter
1090 1761 1281 1815 ibidem
1315 1780 1346 1814 a
1379 1763 1603 1832 quinque
1641 1762 1896 1832 episcopis
1924 1761 2203 1817 audiatur.

2312 1767 2609 1835 τηρησίαν
2619 1765 2840 1831 ἐλθεῖν,
2859 1767 2955 1819 καὶ
2967 1762 3123 1817 ὥστε
3142 1762 3250 1817 τὸν
3270 1761 3672 1831 πρεσϐύτερον
3685 1762 3833 1819 ἐκεῖσε

2306 1858 2426 1915 ἀπὸ
2448 1856 2629 1913 πέντε
2666 1858 2993 1915 ἀκούεσθαι
3023 1855 3395 1911 ἐπισκόπων.

701 1962 789 2016 14.
826 1962 954 2016 ltem
988 1963 1190 2033 placuit
1242 1964 1308 2020 de
1364 1964 1570 2036 Tripoli
1599 1966 1665 2032 “,
1713 1976 1935 2038 propter
1960 1965 2205 2037 inopiam

2380 1970 2467 2026 ιδ’.
2511 1969 2747 2041 Ὁμοίως
2775 1970 2994 2041 ἦρεσεν,
3038 1967 3150 2022 ἀπὸ
3177 1968 3502 2039 Τριπόλεως
3534 1966 3620 2020 διὰ
3659 1967 3742 2039 τὴν
3765 1969 3835 2038 τῆς

638 2056 953 2123 provinciae,
987 2067 1047 2111 ut
1078 2073 1223 2113 unus
1247 2059 1539 2129 episcopus
1570 2060 1981 2131 inlegationem
2002 2061 2207 2130 veniat,

2312 2063 2490 2136 χώρας
2509 2063 2717 2119 ἔνδειαν
2732 2063 2829 2118 ἕνα
2846 2063 3143 2116 ἐπίσκοπον
3160 2063 3241 2126 εἰς
3267 2078 3473 2131 τοποτη
3483 2061 3667 2131 ρησίαν
3686 2062 3832 2115 ἐλθεῖν·

636 2154 691 2200 et
730 2156 788 2201 ut
826 2147 898 2201 ibi
935 2148 1218 2219 presbyter
1259 2165 1288 2202 a
1324 2150 1571 2220 quinque
1613 2150 1870 2206 audiatur
1910 2151 2208 2223 episcopis,

2312 2158 2404 2213 καὶ
2441 2158 2529 2212 ἵνα
2556 2159 2585 2212 ὁ
2625 2155 2997 2228 πρεσὸύτερος
3029 2156 3230 2222 ἐκεῖσε,
3275 2154 3386 2211 ἀπὸ
3425 2153 3589 2207 πέντε
3626 2154 3835 2225 ἀκούηται

633 2246 689 2289 et
718 2236 984 2292 diaconus
1018 2253 1048 2292 a
1087 2240 1281 2304 tribus,
1321 2250 1383 2295 ut
1428 2242 1681 2311 superius
1710 2253 2072 2299 memoratum
2103 2251 2209 2309 est,

2312 2248 2649 2303 ἐπισκόπων·
2676 2249 2771 2302 καὶ
2805 2249 2835 2302 δ
2863 2248 3130 2312 διάκονος,
3164 2246 3274 2300 ἀπὸ
3299 2246 3471 2317 τριῶν
3490 2282 3507 2312 ,
3536 2244 3609 2308 ὡς
3637 2248 3834 2319 ἀνωτέρω

630 2328 854 2397 proprio
886 2329 1145 2400 episcopo
1173 2331 1446 2387 residente
1465 2331 1593 2404 [ms.
1632 2332 1947 2405 praesente].

2313 2338 2552 2412 εἴρηται,
2585 2337 2682 2394 τοῦ
2715 2338 2848 2393 ἰδίου
2878 2337 3042 2393 αὒτοῦ
3074 2337 3319 2410 δηλονότι
3346 2335 3648 2389 ἐπισκόπου
3680 2352 3835 2407 προπισ-

2312 2430 2571 2502 θημένου.

708 2525 783 2580 De
823 2526 1044 2581 diversis
1073 2528 1348 2585 ordinibus
1392 2530 1624 2587 ecclesia:
1654 2532 1999 2588 servientibus
2029 2549 2050 2589 :
2076 2544 2134 2589 ut
2166 2535 2216 2590 si

2383 2543 2524 2611 Περὶ
2549 2542 2853 2612 διαφόρων
2879 2541 3109 2608 τάξεων
3133 2540 3544 2613 τῇτέκκλησίᾳ
3573 2542 3833 2598 δουλευου-

632 2618 749 2685 quis
798 2618 853 2670 in
916 2635 1137 2673 causam
1200 2621 1439 2675 criminis
1505 2624 1792 2679 incurrerit
1854 2634 1906 2680 et
1971 2624 2214 2681 abnuerit

2312 2634 2459 2691 σῶν·
2482 2633 2639 2690 ὥστε
2655 2634 2765 2689 ἐάν
2785 2653 2874 2703 τις
2892 2636 3448 2707 ειςζέτκληματικὸν
3476 2636 3700 2706 πρᾶγμα
3716 2653 3835 2704 περι-

625 2706 893 2776 judicium
927 2709 1375 2778 ecclesiasticum,
1425 2713 1607 2768 debeat
1640 2716 1961 2784 ipericlitari
1993 2733 2014 2773 :
2063 2729 2114 2773 et
2155 2726 2217 2773 ut

2313 2729 2495 2797 πέσῃ,
2516 2728 2614 2782 καὶ
2635 2728 3073 2798 παραιτήσηται
3094 2729 3162 2783 τὸ
3191 2729 3702 2799 ἐκκλησιαστικὸν
3714 2729 3835 2783 δικα-

630 2798 734 2868 ]ilii
764 2802 1099 2857 sacerdotum
1145 2803 1445 2873 spectacula
1484 2806 1770 2863 surcularia
1797 2822 1901 2864 non
1917 2809 2136 2865 adeant.

2313 2818 2587 2889 στήριον,
2619 2820 2886 2889 ὀφείλειν
2912 2821 3018 2874 τὸν
3051 2821 3328 2876 τοιοῦτον
3353 2821 3746 2877 κινδυνεύειν·
3765 2821 3835 2875 xui

2312 2911 2470 2968 ὥστε
2496 2914 2569 2968 τὰ
2589 2914 2774 2968 τέκνα
2793 2913 2913 2967 τῶν
2932 2913 3135 2985 ἱερέων
3171 2914 3492 2986 κοσμικῶς
3529 2915 3759 2984 θεωρίοις
3774 2914 3834 2985 μὴ

2315 3004 2651 3072 προσιέναι.

704 3122 792 3178 15.
825 3120 959 3178 Item
991 3122 1256 3194 placuit“
1280 3125 1391 3198 (78)
1428 3124 1586 3200 [Mss.
1615 3127 2126 3203 Placuitquisque],
2158 3141 2219 3186 ut

2387 3113 2469 3171 ιε’.
2490 3114 2719 3187 Ὁμοίως
2733 3117 2946 3189 ἤρεσεν,
2965 3118 3051 3174 ἵνα
3070 3118 3429 3192 δστισδήποτε
3444 3122 3551 3177 τῶν
3562 3123 3833 3188 ἐπισκόπων,

632 3212 888 3284 quisquis
932 3215 1356 3285 episcoporum,
1412 3218 1574 3289 235
1613 3220 2091 3292 presbyterorum,
2152 3229 2209 3278 et

2312 3210 2343 3280 ἢ
2373 3209 2780 3283 πρεσϐυτέρων,
2814 3211 2848 3282 ἢ
2888 3211 3153 3267 διακόνων
3175 3253 3193 3280 ,
3224 3213 3258 3286 ἢ
3291 3215 3592 3287 κληρικῶν,
3632 3217 3831 3287 πράγμα-

634 3307 1015 3374 diaeonorum,
1068 3324 1163 3364 seu
1211 3310 1574 3376 clericorum,
1610 3326 1737 3367 eum
1777 3313 1834 3368 in
1878 3312 2122 3371 Ecclesia
2164 3317 2213 3373 ei

2315 3322 2405 3368 τος
2427 3305 2576 3374 αὖτῴ
2603 3303 3012 3376 έγκληματικοῦ
3033 3307 3067 3378 ἢ
3088 3306 3373 3362 πολιτικοῦ
3402 3311 3483 3373 ὲν)
3502 3313 3568 3382 τῇ
3602 3309 3835 3380 Ἐκκλησία

635 3397 801 3453 fuerit
833 3399 1039 3454 crimen
1091 3401 1432 3466 institutum,
1467 3403 1548 3458 vel
1592 3403 1787 3460 similis
1842 3419 2009 3461 causa
2048 3406 2216 3463 fuerit

2316 3396 2660 3467 κινουμένου,
2712 3396 2809 3452 ἐὰν
2859 3398 3298 3471 παραιτούμενος
3336 3403 3403 3457 τὸ
3449 3404 3832 3476 ἐκκλησιαστικὸν

636 3500 931 3557 commota,
966 3492 1009 3546 si
1041 3492 1230 3548 relicto
1252 3494 1625 3551 ecclesiastico
1640 3495 1851 3565 judicio
1873 3497 2107 3567 publicis
2123 3498 2214 3569 ju-

2313 3488 2685 3558 δικαστήριον,
2722 3488 3004 3559 δημοσίοις
3035 3489 3236 3565 θελήσῃ
3270 3492 3611 3565 καθαρθῆναι
3636 3494 3833 3548 δικαστη-

635 3580 793 3635 diciis
815 3584 1035 3653 purgari
1062 3584 1314 3651 voluerit,
1351 3585 1513 3642 etiam
1545 3587 1590 3642 si
1614 3603 1711 3657 pro
1744 3589 1865 3659 ipso
1893 3587 2060 3645 fuerit
2086 3605 2217 3659 pro-

2319 3579 2474 3648 ρέοις,
2499 3578 2603 3633 κᾶν
2631 3579 2771 3651 ὑπὲρ
2798 3578 2964 3634 αὐτοῦ
3000 3581 3034 3652 ἡ
3063 3581 3243 3653 ψῆφος
3293 3584 3608 3656 ἐκφωνηθῇ,
3628 3587 3751 3656 ὅμως
3771 3586 3834 3636 τὸν

636 3670 743 3726 lata
775 3674 1062 3737 sententia,
1116 3674 1292 3729 locum
1326 3692 1488 3731 suum
1522 3678 1771 3746 amittat;
1802 3688 1857 3735 et
1882 3680 2065 3735 hocin
2108 3680 2214 3735 cri-

2317 3670 2445 3724 ἴδιον
2469 3671 2633 3723 τόπον
2662 3671 2942 3726 ἀπολέσει·
2969 3672 3239 3727 καὶτοῦτο
3258 3673 3356 3744 μὲν
3377 3675 3473 3728 ἐπὶ
3496 3674 3587 3728 τοῦ
3613 3675 3832 3746 ἐγκλημα-

636 3764 828 3819 minali
858 3765 1075 3822 actione
1112 3784 1126 3820 :
1156 3767 1211 3822 in
1252 3767 1399 3822 civili
1451 3785 1584 3825 vero
1630 3771 1825 3840 perdat
1853 3773 1999 3841 quod
2029 3773 2213 3840 evicit,

2314 3762 2489 3817 τικοῢ·
2517 3764 2613 3817 ἐπὶ
2640 3764 2697 3819 δὲ
2737 3764 2856 3824 τοῦΙ
2876 3764 3180 3832 πολιτικοῦ,
3216 3767 3479 3823 ἀπολέσει
3521 3768 3583 3822 τὸ
3613 3770 3685 3833 εἰς
3712 3769 3833 3822 bivi-

637 3854 686 3909 si
723 3854 903 3909 locum
952 3869 1115 3911 suum
1163 3858 1409 3914 obtinere
1435 3859 1709 3914 maluerit.
1739 3857 1855 3914 Hoc
1898 3860 2062 3915 etiam
2101 3861 2218 3931 pla-

2315 3871 2503 3926 κησεν,
2550 3855 2646 3911 ἐὰν
2691 3856 2784 3910 τὸν
2837 3857 2969 3912 ῐδιον
3017 3858 3183 3913 τόπον
3226 3858 3430 3933 θελήσῃ
3480 3861 3732 3932 κατέχειν·
3767 3861 3833 3913 καὶ

638 3946 813 4002 cuit“
840 3947 973 4020 (79),
995 3957 1055 4003 ut
1079 3966 1108 4005 a
1138 3952 1554 4022 quibuscumque
1582 3952 1859 4021 judicibus
1883 3953 2218 4009 ecclesiasti-

2313 3945 2471 4001 τοῦτό
2499 3963 2562 4016 γε
2594 3946 2701 4019 μὴν
2738 3948 2957 4019 ἤρεσεν,
2998 3947 3138 4002 ὥστε
3182 3950 3277 4005 ἐὰν
3313 3952 3425 4007 ἀπὸ
3466 3953 3757 4024 οἱωνδήποτε
3779 3953 3829 4005 διε

638 4041 720 4096 eis
748 4040 815 4095 ad
847 4042 984 4098 alios
1017 4044 1232 4110 judices
1272 4044 1709 4110 ecclesiasticos,
1770 4044 1863 4099 ubi
1907 4056 1995 4101 est
2042 4047 2215 4114 major

2316 4039 2528 4093 καστῶν
2558 4039 3033 4110 ἑκκλησιαστικῶν
3065 4041 3159 4095 ἐπὶ
3186 4041 3383 4107 ἄλλους
3415 4044 3662 4108 δικαστὰς
3686 4044 3833 4111 tantiq-

637 4134 957 4198 auctoritas,
981 4132 1147 4188 fuerit
1190 4144 1568 4204 provocatum,
1624 4150 1733 4191 non
1768 4136 1849 4193 eis
1880 4134 2045 4202 obsit,
2077 4150 2217 4206 quo-

2317 4131 2625 4195 σιαστικοὺς
2658 4130 2879 4202 ἔχοντας
2910 4129 3135 4201 μείζονα
3167 4135 3267 4204 τὴν
3298 4135 3604 4203 αὐθεντίαν,
3630 4136 3833 4205 ἔκκλητος

639 4220 762 4280 rum
791 4226 954 4280 fuerit
975 4227 1150 4280 soluta
1185 4227 1480 4291 sententia,
1517 4228 1575 4290 si,
1605 4227 1854 4282 convinci
1889 4242 1997 4282 non
2022 4236 2215 4299 potue-

2313 4220 2560 4291 γένηται,
2595 4222 2759 4292 μηδὲν
2773 4224 2994 4287 τούτους
3016 4224 3274 4294 βλάπτειν
3304 4221 3382 4281 ὧν
3415 4229 3449 4299 ἡ
3489 4227 3656 4298 ψῆφος
3674 4226 3830 4278 λύεται·

640 4316 770 4380 rint,
806 4317 889 4371 vel
934 4316 1160 4371 inimico
1199 4316 1699 4386 animojudicasse,
1733 4317 1818 4371 vel
1849 4316 2033 4388 aliqua
2062 4319 2215 4387 cupi—

2315 4313 2408 4367 ὲὰν
2442 4313 2498 4367 δὲ
2528 4312 2849 4385 ἐλεγχθῆναι
2881 4315 2955 4386 μὴ
2983 4315 3311 4388 δυνηθῶσιν,
3357 4320 3391 4390 ἢ
3438 4321 3578 4375 κατὰ
3607 4316 3829 4389 έχθραν,ἢ

638 4406 806 4463 ditate
821 4408 1097 4477 autgratia
1126 4407 1401 4477 depravati
1435 4406 1567 4477 (80).
1601 4405 1744 4462 Sane
1770 4408 1818 4464 si
1844 4425 1912 4463 ex
1939 4423 2214 4466 consensu

2316 4403 2458 4457 κατὰ
2482 4405 2857 4475 προσπάθειαν
2878 4407 3238 4473 δεδικακέναι,
3262 4411 3296 4481 ἦ
3316 4429 3420 4465 τινι
3448 4412 3621 4483 χάριτι
3647 4409 3830 4477 ὑποφθα-

639 4500 876 4568 partium
910 4501 1065 4555 electi
1119 4499 1765 4572 luerintjudices“(81),
1800 4501 1964 4557 etiam
1999 4517 2030 4556 a
2080 4516 2214 4571 pau-

2319 4493 2500 4564 ρῆναι·
2526 4494 2621 4549 ἐὰν
2637 4495 2693 4548 δὲ
2713 4496 2853 4550 κατά
2876 4498 3181 4553 συναίνεσιν
3202 4500 3310 4553 τῶν
3340 4501 3525 4573 μερῶν
3551 4500 3829 4566 ἐπιλεχθέντες

643 4592 792 4647 ciore
824 4607 1053 4646 numero
1099 4607 1260 4661 quam
1309 4593 1666 4647 constitutum
1725 4603 1828 4657 est,
1890 4610 2000 4649 non
2058 4594 2217 4649 liceat

2322 4576 2422 4637 ὧσι
2465 4586 2739 4655 δικασταὶ,
2785 4588 2834 4640 εἰ
2890 4589 2984 4642 καὶ
3027 4589 3343 4662 ὀλιγώτεροι
3387 4591 3597 4645 ἔσονται
3628 4589 3717 4644 τῶν
3758 4588 3833 4655 ὀρι-

641 4685 925 4753 provocari
962 4682 1113 4755 [mss.
1145 4680 1465 4754 provocare]
1518 4690 1616 4737 :et
1657 4692 1714 4737 ut
1742 4683 1838 4737 lilii
1869 4684 2214 4739 sacerdotum

2326 4679 2580 4744 σθέντων,
2614 4678 2690 4751 μὴ
2719 4680 2916 4747 ἐξεῖναι
2949 4683 3322 4738 ἐκκαλεῖσθαι·
3356 4687 3452 4739 καὶ
3473 4683 3607 4738 ὥστε
3631 4682 3689 4736 τὰ
3707 4680 3829 4732 τέκνα

644 4779 952 4849 spectacula
995 4778 1276 4833 sacularia
1329 4792 1437 4832 non
1467 4778 1793 4844 exhibeant,
1843 4779 1937 4834 sed
1968 4793 2069 4834 nec
2098 4794 2220 4848 spe-

2319 4772 2427 4825 τῶν
2446 4771 2653 4842 ἱερέων,
2684 4772 2886 4844 θεώρια
2916 4775 3158 4844 κοσμικά
3184 4775 3260 4847 μὴ
3293 4776 3552 4842 ἐκτελεῖν,
3604 4774 3717 4841 μηδὲ
3736 4771 3829 4824 θεω-

642 4882 811 4937 cient,
878 4871 1005 4927 licet
1036 4871 1141 4927 hoc
1171 4885 1383 4940 semper
1414 4870 1740 4926 Christianis
1769 4871 2021 4926 omnibus
2052 4870 2221 4924 inter-

2325 4866 2436 4934 ρεῖν
2461 4878 2475 4890 ·
2506 4864 2665 4916 τοῦτο
2704 4864 2760 4917 δὲ
2788 4865 2882 4918 καὶ
2925 4866 3061 4919 πᾶσι
3092 4870 3204 4931 τοῖς
3232 4868 3575 4938 Χριστιανοῖς
3611 4867 3685 4918 ἀεὶ
3711 4862 3827 4930 κεκή-

642 4964 846 5019 dictum
866 4962 958 5030 sit,
984 4970 1039 5017 et
1080 4961 1171 5017 ubi
1195 4962 1549 5033 blasphemiae
1585 4971 1749 5030 sunt,
1788 4978 1901 5017 non
1938 4964 2217 5018 accedant.

2324 4973 2540 5029 ρυκται,
2576 4953 2717 5010 ὥστε
2756 4955 2963 5010 τούτων
3009 4958 3335 5029 ἀπέχεσθαι,
3369 4959 3464 5016 καὶ
3499 4958 3622 5011 ὅπου
3644 4952 3825 5025 blant,-

2326 5048 2445 5121 μίαι
2474 5048 2604 5117 εἰσὶ,
2646 5048 2724 5121 μὴ
2754 5051 3061 5122 προσιέναι.

716 5229 760 5259 ¹⁰
788 5226 1045 5297 Carthag.
1087 5242 1145 5291 ιι,
1184 5242 1303 5297 cap.
1346 5227 1436 5283 20.
1540 5227 1581 5260 ¹¹
1605 5226 1859 5298 Carthag.
1898 5245 1981 5295 ιιι,
2013 5244 2134 5300 cap.
2159 5227 2213 5293 2,
2254 5228 2308 5284 8.
2396 5227 2437 5259 "
2466 5226 2723 5299 Carthag.
2760 5226 2854 5295 lli,
2887 5243 3006 5299 cap.
3046 5228 3101 5286 9.
3179 5229 3222 5262 ¹³
3253 5230 3384 5286 ibid.
3460 5228 3504 5261 “
3534 5226 3651 5286 ibid.

723 5394 836 5467 (76)
864 5394 1174 5461 Gratianus,
1216 5414 1234 5447 ι
1274 5394 1559 5467 adversus
1581 5395 1899 5467 episcopum
1926 5394 2181 5467 habuerit
2208 5412 2221 5459 ;
2386 5396 2510 5467 (80)
2541 5395 2852 5454 Ferrandus
2884 5412 3003 5467 cap.
3040 5396 3129 5462 64,
3159 5411 3225 5451 ex
3254 5394 3451 5451 concil.
3479 5390 3726 5459 Carthag..
3761 5387 3817 5440 tit.

654 5463 1001 5535 Burehardus
1026 5477 1079 5522 et
1105 5469 1222 5533 lvo,
1260 5485 1279 5517 ι
1315 5480 1424 5520 non
1476 5463 1748 5532 habuerit,
1779 5463 1806 5517 ⁷»
1839 5480 2007 5535 parvo
2039 5465 2228 5519 discri-
2327 5466 2395 5520 15

654 5506 1001 5609 inﬁgi?"
1026 5506 1222 5609 “Aw”
1263 5506 1279 5517 ’
1315 5506 1424 5520 mm
1449 5506 1748 5609 fnum":
1786 5506 1805 5517 '
1839 5506 2006 5535 rm",
2040 5506 2205 5519 “ww
2332 5506 2508 5607 “(81)
2559 5536 2872 5594 Ferrandus
2916 5551 3039 5609 cap.
3093 5535 3194 5600 40,
3266 5551 3333 5591 ex
3384 5532 3573 5590 concil.
3616 5526 3814 5591 Carlliag.

730 5604 844 5673 (77)
879 5605 980 5661 Ms.
1018 5624 1039 5657 ι
1073 5607 1128 5660 In
1155 5615 1368 5662 reatum
1400 5604 1782 5672 adincurrerit,
1805 5623 1824 5658 ι

2331 5604 2415 5662 tit;
2451 5608 2542 5663 20.

730 5675 845 5752 (Z§)
874 5675 1288 5752 Etj‘errandus
1314 5694 1365 5731 c.
1400 5676 1559 5752 ϐξρχ
1588 5689 1745 5729 conc.
1768 5673 2068 5752 (ὶιιηιιιιηῑίιτ
2107 5674 2203 5752 iii:

2399 5678 2511 5751 (82)
2542 5679 2698 5750 Apud
2724 5677 3077 5752 Beveregium
3102 5678 3431 5751 ἀναφερέτω.

730 5745 842 5819 (79)
874 5748 939 5802 Et
959 5748 1270 5805 Ferrandus
1291 5762 1409 5818 cap.
1442 5745 1531 5813 58,
1558 5759 1625 5802 ex
1654 5746 2008 5803 conc.Carth.
2034 5746 2117 5801 tit.
2143 5745 2227 5799 15.
