4012 6410
53 380 168 445 705

931 363 1755 436 SYNTAGMACANONUM.
1785 387 1854 400 ·-·
1885 362 2176 436 ΤΙΤ.,ΙΧ,
2216 362 2376 423 CAP.
2417 361 2470 421 Ι.

3213 351 3320 415 706

127 496 309 550 Ὥστε
351 492 689 547 ἐπισκόπου
738 487 1280 559 κατηγορουμένου,
1334 485 1484 553 πρὸς
1532 481 1679 542 τὸν]

1815 477 1882 534 Ut
1907 477 1951 532 si
1975 478 2092 547 quis
2119 477 2389 546 episcOpus
2418 481 2721 532 accusatur.
2751 471 2820 525 ad
2847 469 3124 540 primatem
3151 467 3320 536 ipsius

42 588 434 658 πρωτεύοντα
457 583 568 654 τῆς
594 583 781 639 αὑτοῦ
810 583 1102 653 ἐπαρχίας
1151 583 1219 636 τὸ
1257 579 1496 648 πρᾶγμα
1526 577 1633 632 ἀν-

38 677 398 747 ενεχθῆναι.

129 773 212 825 ιθ’.
239 770 510 841 Αὐρήλιος
546 768 842 831 ἐπίσκοπος
876 760 1050 821 εἶπενο
1099 767 1227 820 Ἐάν
1269 783 1351 828 τις
1385 764 1494 818 τῶν
1519 764 1638 816 ἐπι-

43 863 279 915 σκόπων
321 857 715 929 κατηγορῐῃαι,
764 857 916 926 παρὰ
954 859 1065 919 τοῖς
1107 859 1204 926 τῆς
1239 855 1409 925 αὐτῆς
1456 853 1638 924 χώρας

45 949 438 1021 πρωτεύουσιν
461 951 490 1001 6
530 948 834 1017 κατήγορος
875 947 1126 1017 ἀναγάγῃ
1159 949 1218 1000 τὸ
1242 947 1474 1017 πρᾶγμα
1494 962 1505 972 ·
1545 943 1638 997 καὶ

46 1043 196 1112 μηδὲ
226 1043 336 1095 ἀπὸ
366 1041 465 1111 τῆς
518 1039 804 1101 κοινωνίας
838 1039 1052 1109 κωλυθῇ
1083 1040 1110 1090 6
1145 1039 1638 1108 κατηγορούμενος,

46 1139 103 1187 εἰ
163 1137 234 1206 μή
263 1145 314 1207 γ’
343 1132 410 1187 ἂν
447 1133 581 1203 πρὸς
617 1132 912 1200 ἀπολογίαν
947 1133 1004 1184 ἐν
1045 1130 1122 1200 τῷ
1155 1130 1505 1199 ,δικαστηρίῳ
1533 1128 1642 1182 τῶν

49 1227 424 1295 ἐπιλεγέντων
489 1224 729 1288 δικάζειν
777 1224 1069 1294 γράμμασι
1124 1221 1529 1293 προσκληθεὶς,
1574 1223 1640 1291 τῇ

49 1320 345 1390 ὡρισμένῃ
406 1317 592 1388 ἡμέρᾳ
648 1315 901 1385 οὐδαμῶς
958 1315 1306 1385 ἀπαντήσοι,
1365 1315 1643 1368 τουτέστιν

52 1411 214 1471 ens;
261 1407 820 1479 προθεσμίαςμηνὸς,
863 1407 956 1475 ἀφ’
985 1401 1050 1476 ἧς
1101 1405 1312 1476 ἡμέρας
1357 1404 1551 1474 φανείη
1577 1403 1647 1458 τὰ

50 1503 371 1572 γράμματα
391 1497 701 1569 δεξάμενος·
731 1498 824 1551 ἐὰν
855 1498 912 1550 δὲ
936 1498 1154 1567 ἀληθεῖς
1177 1514 1326 1560 τινας
1353 1497 1445 1550 καὶ
1473 1496 1646 1564 ἀναγ-

54 1593 334 1656 καστικὰς
392 1592 570 1654 αίτίας
620 1590 900 1661 ἀποδείξῃ,
956 1589 1048 1642 τὸν
1107 1588 1267 1641 αὑτὸν
1326 1588 1647 1650 κωλυσάσας

52 1683 378 1751 ἀπαντῆσαι
401 1682 538 1750 πρὸς
566 1679 861 1747 ἀπολογίαν
883 1678 990 1730 τῶν
1017 1677 1136 1730 κατ’
1169 1675 1334 1731 αὐτοῦ
1368 1676 1650 1748 προτεθέν-

52 1792 194 1839 των,
230 1773 382 1835 ἐντὸς
409 1771 596 1842 ἐτέρου
629 1771 796 1840 μηνὸς
831 1769 1096 1841 ἀκεραίαν
1123 1768 1296 1838 ἐχέτω
1324 1766 1606 1837 εὐχέρειαν
1629 1781 1643 1796 ⁸

1741 567 2020 632 provinciae
2048 582 2211 619 causa
2237 565 2530 634 deferatur.

1816 759 1902 815 i9.
1944 759 2197 814 Aurelius
2231 759 2519 828 episcopus
2543 758 2586 789 ’⁵
2616 756 2794 811 dixit:
2831 755 3090 824 Quisquis
3113 754 3326 824 episco-

1745 867 1938 924 porum
1987 860 2277 906 accusatur
2325 850 2393 905 ad
2455 849 2740 918 primatem
2799 847 3090 916 provinciae
3151 847 3328 915 ipsius

1747 961 1967 1000 causam
2047 944 2258 998 deferat
2308 953 2621 1005 accusator,
2688 955 2787 995 nec
2855 956 2884 994 a
2945 939 3330 994 communione

1749 1037 2132 1106 suspendatur,
2167 1036 2253 1090 cui
2279 1036 2486 1092 crimen
2518 1033 2838 1096 intenditur,
2871 1034 2972 1087 nisi
3008 1032 3073 1085 ad
3104 1047 3330 1086 causam

1748 1146 1902 1185 suam
1941 1129 2226 1184 dicendam
2275 1129 2569 1184 electorum
2606 1127 2940 1196 iudiciorum
2997 1126 3084 1180 die
3129 1135 3333 1180 statuta

1749 1221 1945 1277 litteris
1991 1231 2250 1276 evocatus
2303 1219 2531 1274 minime
2587 1221 2908 1283 occurrerit,
2971 1218 3078 1272 hoc
3117 1228 3198 1272 est
3220 1217 3334 1286 (83)

1752 1312 1889 1366 infra
1927 1313 2163 1382 spatium
2203 1311 2434 1374 mensis,
2481 1324 2548 1366 ex
2589 1326 2649 1365 ea
2678 1312 2785 1376 die,
2817 1326 2926 1378 qua
2975 1325 3098 1364 eum
3128 1310 3338 1363 litteras

1752 1403 2030 1471 accepisse
2058 1402 2383 1458 constiterit.
2416 1400 2570 1468 Quod
2618 1402 2663 1455 si
2708 1402 2922 1471 aliquas
2948 1416 3103 1454 veras
3144 1415 3337 1454 neces-

1753 1495 1933 1550 sitatis
1993 1510 2192 1551 causas
2225 1496 2568 1566 probaverit,
2617 1496 2780 1566 236
2825 1495 3024 1566 quibus
3065 1495 3176 1566 (84)
3211 1508 3338 1548 eum

1754 1601 2044 1642 occurrere
2070 1603 2178 1642 non
2222 1588 2465 1657 potuisse
2517 1588 2867 1641 manifestum
2900 1587 2990 1649 sit,
3021 1601 3201 1640 causa:
3225 1583 3340 1655 (85)

1755 1679 1999 1734 dicenda!
2045 1679 2185 1734 intra
2253 1679 2480 1734 alterum
2543 1695 2786 1734 mensem
2833 1679 3098 1750 integram
3142 1679 3341 1732 habeat

1762 1771 2069 1825 facultatem
2095 1787 2110 1837 ;
2141 1785 2326 1825 verum
2348 1781 2459 1826 tam
2492 1770 2585 1825 diu
2610 1778 2731 1839 post
2770 1785 3008 1824 mensem
3040 1769 3342 1824 secundum

57 1866 209 1936 μετὰ
247 1865 307 1918 δὲ
334 1864 425 1916 τὸν
470 1864 720 1933 δεύτερον
767 1865 932 1932 μῆνα,
975 1861 1051 1932 μὴ
1094 1861 1400 1931 κοινωνήσῃ
1433 1859 1538 1922 ἕως
1588 1847 1679 1913 οὖί

1774 1876 1862 1916 non
1897 1861 2280 1924 communicet.
2306 1861 2480 1916 donec
2503 1872 2786 1932 purgetur.
2815 1861 2870 1914 Si
2902 1870 3081 1914 autem
3107 1861 3174 1914 ad
3207 1875 3345 1914 con-

55 1959 309 2030 καθαρὸς
333 1957 700 2026 ἀποδειχθείη.
739 1957 800 2008 Εἰ
832 1955 888 2008 δὲ
912 1956 1047 2025 πρὸς
1081 1954 1373 2024 σύμπασαν
1403 1953 1501 2022 τὴν
1531 1953 1655 2023 ἐτη-

59 2052 192 2104 σῐαν
223 2048 442 2100 σύνοδον
479 2044 789 2115 ἀπαντῆσαι
820 2045 894 2114 μὴ
937 2043 1245 2114 βουληθείη,
1283 2042 1368 2096 ἵνα
1406 2042 1511 2094 κᾶν
1541 2043 1657 2094 ἐκεῖ

57 2143 121 2195 τὸ
154 2143 397 2211 πρᾶγμα
438 2137 602 2192 αὑτοῦ
635 2138 944 2208 περαιωθῇ,
980 2137 1143 2199 αὐτὸς
1169 2134 1291 2190 καθ’
1331 2134 1529 2188 ἑαυτοῦ
1558 2135 1657 2205 τῆς

61 2233 376 2302 καταδίκης
409 2231 506 2302 τὴν
525 2231 706 2301 ψῆφον
745 2231 1195 2301 ἐκπειρωνηκέναι
1226 2230 1578 2300 κριθήσεται’
1603 2229 1661 2284 ἐν

60 2320 118 2371 δὲ
154 2318 240 2388 τῷ
294 2317 471 2388 καιρῷ
501 2312 544 2386 ᾧ
571 2319 630 2370 οὐ
668 2321 932 2383 κοινωνεῖ,
969 2319 1103 2389 μηδὲ
1137 2321 1195 2372 ἐν
1223 2323 1290 2391 τῇ
1325 2319 1430 2390 ἰδίᾳ
1460 2317 1661 2388 ἐκκλη-

69 2413 187 2483 σίᾳ,
229 2411 372 2481 μηδέ
405 2411 461 2463 ἐν
486 2412 749 2484 παροικίᾳ
774 2412 1100 2482 κοινωνήσῃ.
1140 2411 1198 2465 Ὀ
1222 2412 1278 2465 δὲ
1301 2411 1490 2464 τούτου
1525 2429 1661 2465 κατ-

63 2502 295 2571 ήγορος,
353 2500 445 2553 ἐὰν
498 2498 748 2570 μηδαμοῦ
794 2499 1172 2570 ἀπολειφθείη,
1213 2502 1270 2554 ἐν
1299 2494 1389 2564 αἷς
1427 2502 1663 2573 ήμέραις

66 2591 416 2659 γυμνάζεται
461 2591 528 2644 τὰ
569 2590 665 2644 τοῦ
717 2592 1066 2662 πράγματος,
1126 2591 1390 2662 μηδαμῶς
1443 2591 1661 2664 κωλυθῇ

66 2685 178 2737 ἀπὸ
210 2684 320 2754 τῆς
345 2683 650 2748 κοινωνίας⁶
686 2684 779 2737 ἐὰν
806 2683 863 2737 δέ
895 2701 1026 2737 ποτε
1057 2684 1276 2757 ἐλλείψῃ
1314 2685 1504 2738 ἐαυτὸν
1531 2686 1663 2738 ὑποο

73 2778 268 2846 σύρας,
290 2776 805 2844 ἀποκαθισταμένου
832 2778 898 2846 τῇ
930 2777 1183 2848 κοινωνίᾳ
1209 2777 1303 2830 τοῦ
1338 2779 1661 2844 ἐπισκόπου,

72 2869 236 2930 αὐτὸς
267 2866 383 2919 ἀπὸ
419 2867 517 2937 τῆς
550 2866 836 2932 κοινωνίας
878 2867 1118 2941 ἐκϐληθῇ
1149 2870 1176 2921 6
1205 2871 1510 2942 κατήγορος
1530 2886 1544 2900 ο
1572 2869 1664 2924 οὖ-

74 2978 182 3023 τοις
212 2961 410 3030 μέντοι
459 2957 535 3021 ὡς
564 2958 638 3030 μὴ
669 2960 764 3012 καὶ
801 2960 900 3031 τὴν
929 2962 1212 3032 εὐχέρειαν
1239 2963 1388 3033 αύτῷ
1410 2966 1667 3036 ἀφαιρεῖ-

76 3052 198 3104 σθαι
234 3051 345 3120 τῆς
391 3052 726 3120 κατηγορίας
771 3051 865 3105 τοῦ
909 3053 1254 3124 πράγματος,
1285 3055 1379 3108 ἐὰν
1409 3056 1665 3127 δυνηθείη

1756 1955 1940 2009 cilium
1973 1954 2281 2009 universale
2307 1953 2745 2009 anniversarium
2768 1967 3066 2009 occurrere
3089 1953 3348 2017 noluerit,

1757 2045 2010 2115 quamvis
2049 2045 2132 2100 vel
2177 2045 2250 2099 ibi
2284 2060 2453 2100 causa
2509 2044 2629 2115 ejus
2673 2046 3014 2110 terminetur,
3050 2045 3248 2115 ipsein
3289 2058 3351 2098 se

1762 2137 2136 2192 damnationis
2177 2137 2505 2191 sententiam
2553 2137 3074 2205 di'xissejudicetur,
3105 2146 3350 2205 tempore

1763 2243 1918 2292 sane,
1947 2243 2059 2298 quo
2083 2242 2192 2282 non
2211 2229 2581 2282 communicat
2602 2267 2616 2290 ,
2651 2242 2753 2283 nec
2787 2229 2841 2282 in
2875 2243 2972 2283 sua
3005 2228 3235 2283 ecclesia
3266 2229 3351 2281 vel

1762 2320 2004 2388 parmcia
2055 2320 2443 2374 communicet.
2509 2319 2812 2374 Accusator
2860 2328 3042 2374 autem
3099 2319 3244 2389 ejus,
3304 2318 3353 2374 si

1765 2426 2046 2481 nunquam
2093 2411 2289 2467 diebus
2335 2426 2518 2466 causae
2569 2411 2815 2466 dicendae
2845 2411 3103 2479 defuerit,
3135 2428 3165 2465 a
3198 2425 3352 2467 com-

1764 2506 2026 2560 munione
2070 2518 2178 2560 non
2237 2511 2583 2559 removeatur
2615 2522 2629 2560 :
2685 2505 2732 2560 si
2767 2520 2893 2558 vero
2924 2505 3220 2574 aliquando
3257 2505 3356 2559 de-

1770 2597 1931 2652 fuerit
1970 2596 2300 2652 subtrahens
2343 2611 2404 2652 se
2435 2598 2688 2652 restituto
2729 2598 2783 2651 in
2821 2597 3210 2652 communione
3236 2597 3356 2666 epi-

1768 2702 1958 2758 scOpo,
2010 2689 2126 2757 ipse
2156 2698 2504 2743 removeatur
2547 2705 2577 2743 a
2609 2690 2998 2743 communione
3029 2697 3348 2742 accusator:

1771 2780 1844 2834 ita
1881 2787 2061 2834 tamen
2083 2779 2221 2849 (86).
2247 2791 2306 2834 ut
2338 2796 2437 2835 nec
2482 2782 2583 2851 ipsi
2607 2781 2881 2835 adimatur
2913 2780 3145 2835 facultas
3173 2794 3355 2835 causa:

1771 2870 2113 2939 peragendae,
2158 2870 2203 2924 si
2239 2885 2298 2925 se
2339 2870 2407 2924 ad
2441 2872 2584 2924 diem
2614 2886 2907 2926 occurrere
2950 2887 3056 2925 non
3091 2871 3356 2937 noluisse,

1769 2960 1862 3016 sed
1885 2974 1994 3014 non
2025 2959 2268 3030 potuisse
2306 2962 2634 3032 probaverit.
2687 2962 2899 3018 Placuit
2934 2963 3066 3017 illud
3116 2978 3268 3025 vero,
3301 2973 3362 3018 ut

1770 3067 1894 3107 cum
1920 3067 2080 3123 agere
2106 3055 2335 3124 coeperit
2365 3055 2417 3109 in
2458 3055 2840 3127 episcoporum
2881 3057 3112 3124 judicio,
3155 3057 3200 3112 si
3237 3056 3358 3111 fue-

77 3143 366 3208 ἀποδεῖξαι
407 3143 549 3196 κατὰ
596 3143 695 3214 τὴν
727 3144 1099 3215 προθεσμίαν,
1131 3145 1248 3216 οὐχὶ
1280 3145 1355 3216 μὴ
1384 3146 1668 3217 τεθεληκέ-

1774 3148 1846 3202 rit
1892 3149 2233 3204 accusatoris
2286 3165 2523 3220 persona
2569 3153 2877 3223 culpabilis,
2921 3154 2987 3206 ad
3017 3155 3357 3224 arguentium

79 3253 184 3298 ναι,
209 3233 356 3287 ἀλλὰ
387 3233 464 3305 μὴ
498 3234 818 3303 δεδυνῆσθαι
863 3236 1194 3305 ἀπαντῆσαι.
1228 3235 1472 3291 Ἐκείνου
1505 3237 1667 3309 δήλου

80 3325 250 3389 δντος,
284 3328 363 3387 ὡς
399 3327 456 3377 ἐν
499 3323 577 3396 τῷ
611 3326 872 3378 κινεῖσθαι
915 3327 984 3380 τὰ
1027 3325 1121 3380 τοῦ
1157 3328 1478 3399 πράγματος
1505 3331 1561 3385 ἐν
1590 3331 1669 3403 τῷ

1784 3254 1891 3294 non
1956 3240 2242 3307 admittat,
2295 3243 2401 3296 nisi
2461 3244 2708 3311 proprias
2757 3259 2976 3310 causas,
3033 3259 3144 3298 non
3177 3253 3359 3299 tamen

1777 3333 2194 3398 ecclesiasticas,
2227 3349 2474 3390 asserere
2503 3337 2732 3390 voluerit
2764 3338 2899 3406 (87).

81 3419 184 3469 τῶν
215 3417 545 3470 ἐπισκόπων
568 3417 1042 3489 δικαστηρίῳ,ἐὰν
1070 3421 1420 3493 διαὸέὸληται
1470 3423 1530 3476 τὸ
1598 3423 1890 3495 πρόσωπον
1933 3426 2030 3480 τοῦ
2105 3427 2436 3498 κατηγόρου,
2487 3428 2561 3499 μὴ
2618 3430 2923 3500 προσδεχθῇ
3002 3431 3084 3495 είς
3121 3447 3361 3502 κατηγο-

87 3513 226 3584 ρίαν,
263 3511 318 3563 et
370 3513 440 3582 μή
469 3512 517 3582 γ’
547 3510 614 3564 ἂν
647 3511 788 3581 ὑπὲρ
828 3512 959 3566 ίδίου
991 3513 1336 3584 πράγματος,
1365 3517 1440 3587 μὴ
1490 3516 1672 3588 μέντοι
1714 3517 1846 3591 περὶ
1874 3519 2330 3590 ἐκκλησιαστικοῦ
2370 3520 2574 3594 θελήσῃ
2601 3523 2974 3577 ἐπιϐαλέσθαι.

88 3603 217 3672 Περὶ
283 3601 708 3672 πρεσϐυτέρων
759 3604 856 3656 καὶ
899 3609 1202 3674 κληρωτῶν
1237 3609 1676 3680 κατηγορουμέ-

793 3690 936 3732 νων.

151 3780 220 3827 κ’.
263 3773 399 3826 Ἐὰν
417 3772 475 3827 δέ
509 3771 869 3844 πρεσϐύτεροι
899 3772 932 3844 ἢ
960 3771 1194 3826 διάκονοι
1229 3771 1672 3844 κατηγορηθῶσι,

91 3864 606 3935 προσξευγνυμένου
649 3864 745 3916 τοῦ
792 3865 1024 3934 νομίμου
1072 3862 1307 3934 ἀριθμοῦ
1339 3863 1445 3916 τῶν
1475 3866 1538 3916 ἐκ
1575 3864 1677 3933 τῆς

95 3956 503 4027 πλησιαζούσης
528 3956 849 4020 τοποθεσίας
879 3957 1112 4028 αἱρετῶν
1155 3957 1489 4022 ἐπισκόπων,
1513 3955 1605 4021 οὒς
1626 3957 1677 4010 oi

94 4047 558 4118 κατηγορούμενοι
611 4050 955 4118 αἰτήσονται,
992 4049 1270 4101 τουτέστιν
1317 4049 1404 4101 ἐπ’
1447 4047 1672 4118 ὀνόματι

95 4138 183 4194 τοῦ
211 4157 320 4211 πρε
331 4139 591 4209 σϐυτέρου
614 4138 693 4204 ἒξ,
714 4140 807 4192 καὶ
836 4138 929 4192 τοῦ
957 4139 1202 4193 διακόνου
1223 4139 1413 4210 τριῶν,
1435 4141 1533 4193 σὺν
1554 4140 1674 4192 τούς

98 4249 194 4282 των
225 4231 399 4294 αὐτὸς
432 4233 460 4283 6
493 4231 621 4293 ῐδιος
665 4230 773 4283 τῶν
821 4233 1312 4300 κατηγορουμένων
1350 4231 1669 4295 ἐπίσκοπος,

100 4325 188 4386 τὰς
232 4322 422 4384 αἰτίας
459 4322 638 4376 αὐτῶν
686 4319 958 4386 ἐξετάσει·
987 4320 1081 4373 τοῦ
1125 4321 1286 4374 αὑτοῦ
1315 4323 1424 4374 τῶν
1447 4323 1672 4393 ήμερῶν

103 4417 184 4467 καὶ
223 4415 576 4486 ὑπερθέσεων
608 4416 702 4467 καὶ
735 4413 1035 4478 ἐξετάσεων
1080 4416 1173 4467 καὶ
1211 4413 1539 4486 προσώπων,
1578 4430 1675 4484 με-

105 4507 223 4572 ταξὺ
245 4509 362 4560 τῶν
384 4505 854 4577 κατηγορούντων,
874 4507 968 4559 καὶ
995 4508 1487 4576 κατηγορουμένων
1501 4506 1674 4559 τύπου

108 4600 528 4670 φυλαττομένουο
558 4597 664 4652 τῶν
697 4599 752 4652 δέ
795 4598 998 4651 λοιπῶν
1033 4597 1311 4669 κληρικῶν
1349 4598 1445 4660 τὰς
1475 4598 1678 4664 αἰτίας,

108 4697 190 4743 κιιί
234 4693 401 4760 μόνος
438 4691 467 4743 6
497 4691 740 4754 ἐντόπιος
777 4690 1076 4754 ἐπίσκοπος
1115 4690 1318 4762 διαγνῷ
1362 4691 1457 4744 καὶ
1501 4708 1676 4763 περα-

109 4785 275 4838 τώσεῑ.

217 4878 358 4944 Περὶ
391 4877 860 4947 κατηγοροῦντος
891 4876 988 4929 καὶ
1023 4877 1569 4947 κατηγορουμένου.

173 4967 229 5020 λ’.
252 4969 491 5038 Ὁμοίως
509 4970 727 5038 ἤρεσεν,
758 4969 844 5020 ἵνα
876 4969 904 5020 ὁ
933 4968 1461 5040 κατηγορούμενοςῆ
1493 4971 1521 5022 6
1551 4987 1680 5023 κατ-

117 5063 344 5130 ηγορῶν,
377 5064 436 5114 ἐν
482 5061 559 5132 τῷ
600 5061 751 5131 τόπῳ
783 5060 906 5114 ὅθεν
935 5060 1083 5114 ἐστὶν
1117 5061 1146 5113 6
1179 5062 1678 5134 κατηγορούμενος,

183 5238 500 5309 “Cartliag.
529 5255 610 5306 Ill,
651 5253 774 5308 cap.
803 5239 856 5292 7.
937 5238 981 5269 “
1010 5236 1269 5307 Carthag.
1312 5253 1394 5302 ιιι,
1428 5252 1548 5306 cap.
1584 5236 1637 5292 8.

184 5395 286 5462 (83)
324 5395 425 5449 Ms.
448 5396 589 5447 intra
616 5411 634 5448 :
664 5403 716 5448 et
737 5395 810 5448 ita
840 5392 1013 5448 Graec.

184 5467 287 5531 (8t)
321 5464 422 5520 Ms.
460 5484 479 5516 ι
522 5467 718 5534 quibus
749 5475 858 5518 tum
895 5480 1000 5518 non
1028 5465 1290 5534 potuisse.

187 5537 288 5597 (85)
326 5535 427 5589 Ms.
457 5553 474 5585 ι
510 5551 685 5590 causa:
709 5550 819 5588 sua:
849 5535 1138 5590 discendae.
1179 5555 1198 5588 ι

189 5607 290 5669 (86)
323 5606 418 5659 Hae
448 5607 566 5659 duae
592 5621 750 5660 voces
771 5621 877 5660 non
910 5615 1038 5660 sunt
1060 5608 1114 5660 in
1157 5622 1260 5660 ms.

188 5676 292 5744 (87)
320 5677 420 5731 liis.
452 5677 737 5746 agendum.

133 5745 296 5868 “58187)
357 5745 666 5803 Feri-aridus
733 5762 855 5817 cap.
925 5747 1035 5814 51,
1086 5763 1150 5803 ex
1230 5746 1434 5802 concil.
1498 5746 1687 5803 Cartli.

2054 3612 2133 3667 De
2155 3615 2470 3686 presbyteris
2503 3624 2552 3667 ct
2578 3615 2780 3668 clericis
2810 3617 3093 3672 accusatis.

1844 3784 1934 3840 20.
1967 3783 2023 3839 Si
2044 3794 2221 3841 autem
2249 3787 2291 3818 “
2321 3786 2434 3858 (88)
2469 3789 2768 3860 presbyteri
2798 3790 2881 3845 vel
2912 3790 3127 3846 diaconi
3160 3793 3364 3847 fuerint

1775 3877 2040 3941 accusati,
2072 3876 2331 3945 adjuncto
2363 3878 2469 3933 sibi
2500 3895 2562 3933 ex
2591 3880 2787 3934 vicinis
2811 3880 2947 3936 locis
2977 3897 3098 3935 cum
3137 3884 3360 3952 proprio

1775 3967 2032 4038 episcopo
2062 3967 2205 4038 (89),
2232 3969 2473 4039 legitimo
2499 3985 2731 4025 numero
2762 3972 3112 4040 collegarum,
3135 3989 3271 4043 quos
3289 3973 3360 4028 ab

1778 4060 1968 4115 eodem
1999 4063 2239 4117 accusati
2264 4063 2535 4132 petierint,
2567 4064 2616 4118 id
2643 4073 2725 4119 est
2765 4080 2868 4119 una
2898 4081 3084 4121 secum
3118 4068 3170 4120 in
3203 4083 3360 4135 pres-

1779 4149 1952 4220 byteri
1983 4153 2205 4208 nomine
2226 4168 2341 4219 sex,
2378 4155 2432 4209 in
2456 4156 2669 4211 diaconi
2702 4167 2831 4220 tres,
2859 4159 3100 4228 ipsorum
3133 4174 3358 4214 causam

1779 4245 2098 4310 discutiant,
2139 4247 2326 4302 eadem
2373 4250 2585 4305 dierum
2612 4261 2665 4306 et
2685 4253 3029 4320 dilationum,
3064 4263 3117 4309 et
3145 4270 3173 4308 a
3207 4270 3361 4310 com-

1781 4338 2038 4391 munione
2090 4341 2478 4406 remotionum,
2529 4353 2582 4397 et
2612 4343 2952 4400 discussione
2999 4363 3359 4417 personarum

1779 4425 1941 4496 237
2004 4429 2146 4483 inter
2198 4443 2549 4489 accusatores
2598 4448 2651 4490 et
2708 4452 2802 4492 eos
2845 4438 2936 4507 qui
3002 4451 3357 4502 accusantur.

1775 4516 1950 4575 forma
1989 4532 2222 4577 servata.
2276 4523 2629 4595 Reliquorum
2671 4539 2849 4584 autem
2875 4531 3200 4586 clericorum
3228 4549 3361 4587 cau-

1772 4628 1865 4670 sas
1888 4614 2050 4670 etiam
2114 4617 2268 4674 solus
2298 4619 2588 4691 episc0pus
2627 4623 2732 4678 loci
2779 4621 3065 4693 agn‘oscat,
3095 4632 3150 4680 et
3178 4625 3360 4682 ﬁniat.

2186 4880 2262 4936 De
2291 4891 2544 4937 accusata
2572 4892 2623 4937 et
2651 4893 2976 4939 accusatore.

1855 4973 1946 5028 30.
1988 4971 2121 5028 Item
2149 4976 2356 5044 placuit
2385 4976 2522 5046 (90),
2549 4984 2609 5030 ut
2648 4986 2940 5032 accusatus
2967 4975 3050 5029 vel
3079 4979 3369 5028 accusator

1789 5063 1844 5118 in
1873 5079 1938 5120 eo
1968 5066 2110 5135 loco,
2158 5067 2302 5124 unde
2329 5078 2412 5124 est
2441 5069 2531 5124 ille
2557 5071 2654 5141 qui
2705 5078 3029 5132 accusatur,
3081 5066 3126 5120 si
3174 5063 3370 5118 metuit

1863 5397 1975 5468 (89)
2005 5399 2104 5455 Ms.
2141 5400 2358 5468 melius,
2399 5418 2417 5452 ι
2450 5413 2516 5456 ex
2548 5398 2743 5453 vicinis
2790 5397 2924 5452 locis
2953 5398 3207 5468 proprius
3254 5400 3368 5471 epi-

1791 5485 2162 5615 scwgfil’unc
2189 5558 2407 5613 quoque
2452 5542 2727 5596 Canonem
2767 5539 3102 5615 Hipponeusi
3127 5538 3376 5615 Concilio

1793 5611 1979 5668 eadem
2011 5630 2114 5668 ms.
2147 5611 2395 5669 collectio
2425 5615 2706 5667 Canonum
2741 5615 2946 5674 ll'ilttlll,
2980 5619 3034 5661 et
3065 5611 3240 5663 Codex
3275 5611 3375 5664 Pe-

1798 5686 1866 5738 tri
1918 5685 2139 5746 Pitlitei,
2171 5695 2226 5740 et
2259 5685 2569 5741 Ferrandus
2596 5697 2717 5752 cap.
2749 5683 2870 5750 198,
2903 5697 2968 5737 cx
2997 5681 3206 5736 Concil.
3241 5681 3377 5752 Hip-

1797 5756 2022 5825 ponensi
2055 5757 2142 5810 tit.
2177 5757 2231 5812 5.
