  <div class='ocr_page' id='page_1' title='image "/cluster/home/n/w/nwhite01/storage/ocr_20150623/104/hvd.32044018872853/360.png"; bbox 0 0 4012 6406; ppageno 0'>
   <div class='ocr_carea' id='block_1_1' title="bbox 232 377 340 440">
    <p class='ocr_par' dir='ltr' id='par_1_1' title="bbox 232 377 340 440">
     <span class='ocr_line' id='line_1_1' title="bbox 232 377 340 440; baseline 0 0"><span class='ocrx_word' id='word_1_1' title='bbox 232 377 340 440; x_wconf 84' lang='lat'><strong>709</strong></span> 
     </span>
    </p>
   </div>
   <div class='ocr_carea' id='block_1_2' title="bbox 1127 370 2632 447">
    <p class='ocr_par' dir='ltr' id='par_1_2' title="bbox 1127 370 2632 447">
     <span class='ocr_line' id='line_1_2' title="bbox 1127 370 2632 447; baseline -0.002 -13"><span class='ocrx_word' id='word_1_2' title='bbox 1127 372 1531 436; x_wconf 84' lang='lat' dir='ltr'><strong>SYNTAGMA</strong></span> <span class='ocrx_word' id='word_1_3' title='bbox 1558 371 1950 438; x_wconf 73' lang='lat' dir='ltr'><strong>CANONUM.</strong></span> <span class='ocrx_word' id='word_1_4' title='bbox 1973 399 2044 410; x_wconf 89' lang='lat'><strong>—</strong></span> <span class='ocrx_word' id='word_1_5' title='bbox 2071 371 2221 436; x_wconf 88' lang='lat' dir='ltr'><strong>TlT.</strong></span> <span class='ocrx_word' id='word_1_6' title='bbox 2245 372 2349 447; x_wconf 81' lang='lat' dir='ltr'><strong>IX,</strong></span> <span class='ocrx_word' id='word_1_7' title='bbox 2372 370 2539 433; x_wconf 56' lang='lat' dir='ltr'><strong>&#39;CAP.</strong></span> <span class='ocrx_word' id='word_1_8' title='bbox 2582 371 2632 432; x_wconf 94' lang='grc' dir='ltr'><strong>Ι.</strong></span> 
     </span>
    </p>
   </div>
   <div class='ocr_carea' id='block_1_3' title="bbox 3407 375 3518 441">
    <p class='ocr_par' dir='ltr' id='par_1_3' title="bbox 3407 375 3518 441">
     <span class='ocr_line' id='line_1_3' title="bbox 3407 375 3518 441; baseline 0 -1"><span class='ocrx_word' id='word_1_9' title='bbox 3407 375 3518 441; x_wconf 71' lang='grc'><strong>’110</strong></span> 
     </span>
    </p>
   </div>
   <div class='ocr_carea' id='block_1_4' title="bbox 231 488 1835 568">
    <p class='ocr_par' dir='ltr' id='par_1_4' title="bbox 231 488 1826 568">
     <span class='ocr_line' id='line_1_4' title="bbox 231 488 1826 568; baseline -0.003 -17"><span class='ocrx_word' id='word_1_10' title='bbox 231 502 399 568; x_wconf 77' lang='grc' dir='ltr'><strong>νόμον</strong></span> <span class='ocrx_word' id='word_1_11' title='bbox 427 495 463 567; x_wconf 75' lang='grc' dir='ltr'><strong>ἢ</strong></span> <span class='ocrx_word' id='word_1_12' title='bbox 492 494 589 549; x_wconf 81' lang='grc' dir='ltr'><strong>τὸν</strong></span> <span class='ocrx_word' id='word_1_13' title='bbox 628 488 1077 565; x_wconf 75' lang='grc' dir='ltr'><strong>ἐκκλησιὲκδικον</strong></span> <span class='ocrx_word' id='word_1_14' title='bbox 1119 492 1358 547; x_wconf 82' lang='grc' dir='ltr'><strong>διδόασιν</strong></span> <span class='ocrx_word' id='word_1_15' title='bbox 1391 492 1684 564; x_wconf 83' lang='grc' dir='ltr'><strong>ἐγγυητὴν,</strong></span> <span class='ocrx_word' id='word_1_16' title='bbox 1731 493 1826 546; x_wconf 77' lang='grc' dir='ltr'><strong>καὶ</strong></span> 
     </span>
    </p>
   </div>
   <div class='ocr_carea' id='block_1_5' title="bbox 1924 488 3516 568">
    <p class='ocr_par' dir='ltr' id='par_1_5' title="bbox 1930 490 3516 567">
     <span class='ocr_line' id='line_1_5' title="bbox 1930 490 3516 567; baseline 0.002 -18"><span class='ocrx_word' id='word_1_17' title='bbox 1930 495 2118 567; x_wconf 88' lang='lat' dir='ltr'><strong>[rebus</strong></span> <span class='ocrx_word' id='word_1_18' title='bbox 2143 493 2410 567; x_wconf 88' lang='lat' dir='ltr'><strong>ipsorum]</strong></span> <span class='ocrx_word' id='word_1_19' title='bbox 2446 492 2690 565; x_wconf 83' lang='lat' dir='ltr'><strong>propriis</strong></span> <span class='ocrx_word' id='word_1_20' title='bbox 2739 491 2857 548; x_wconf 95' lang='lat' dir='ltr'><strong>sive</strong></span> <span class='ocrx_word' id='word_1_21' title='bbox 2882 490 3274 549; x_wconf 76' lang='lat' dir='ltr'><strong>ecclesiasticis</strong></span> <span class='ocrx_word' id='word_1_22' title='bbox 3306 493 3398 567; x_wconf 90' lang='lat' dir='ltr'><strong>[lis</strong></span> <span class='ocrx_word' id='word_1_23' title='bbox 3427 498 3516 551; x_wconf 86' lang='lat' dir='ltr'><strong>in-</strong></span> 
     </span>
    </p>
   </div>
   <div class='ocr_carea' id='block_1_6' title="bbox 230 584 1835 663">
    <p class='ocr_par' dir='ltr' id='par_1_6' title="bbox 230 584 1832 663">
     <span class='ocr_line' id='line_1_6' title="bbox 230 584 1832 663; baseline -0.005 -17"><span class='ocrx_word' id='word_1_24' title='bbox 230 594 332 663; x_wconf 84' lang='grc' dir='ltr'><strong>οὑχ</strong></span> <span class='ocrx_word' id='word_1_25' title='bbox 385 591 577 663; x_wconf 68' lang='grc' dir='ltr'><strong>ἕτερον</strong></span> <span class='ocrx_word' id='word_1_26' title='bbox 614 590 723 653; x_wconf 77' lang='grc' dir='ltr'><strong>ἓως</strong></span> <span class='ocrx_word' id='word_1_27' title='bbox 770 588 814 640; x_wconf 91' lang='grc' dir='ltr'><strong>ν’</strong></span> <span class='ocrx_word' id='word_1_28' title='bbox 860 585 1084 658; x_wconf 77' lang='grc' dir='ltr'><strong>λιτρῶν·</strong></span> <span class='ocrx_word' id='word_1_29' title='bbox 1133 584 1230 639; x_wconf 73' lang='grc' dir='ltr'><strong>καὶ</strong></span> <span class='ocrx_word' id='word_1_30' title='bbox 1276 586 1372 639; x_wconf 83' lang='grc' dir='ltr'><strong>ἐὰν</strong></span> <span class='ocrx_word' id='word_1_31' title='bbox 1419 585 1728 658; x_wconf 78' lang='grc' dir='ltr'><strong>ὑπερϐαίνῃ</strong></span> <span class='ocrx_word' id='word_1_32' title='bbox 1767 585 1832 639; x_wconf 76' lang='grc' dir='ltr'><strong>τὸ</strong></span> 
     </span>
    </p>
   </div>
   <div class='ocr_carea' id='block_1_7' title="bbox 1924 584 3517 663">
    <p class='ocr_par' dir='ltr' id='par_1_7' title="bbox 1933 584 3517 659">
     <span class='ocr_line' id='line_1_7' title="bbox 1933 584 3517 659; baseline -0.001 -15"><span class='ocrx_word' id='word_1_33' title='bbox 1933 588 2213 644; x_wconf 80' lang='lat' dir='ltr'><strong>stituatur.</strong></span> <span class='ocrx_word' id='word_1_34' title='bbox 2240 588 2505 643; x_wconf 83' lang='lat' dir='ltr'><strong>Similiter</strong></span> <span class='ocrx_word' id='word_1_35' title='bbox 2534 584 2704 659; x_wconf 88' lang='lat' dir='ltr'><strong>quod]</strong></span> <span class='ocrx_word' id='word_1_36' title='bbox 2736 585 2920 640; x_wconf 85' lang='lat' dir='ltr'><strong>clerici</strong></span> <span class='ocrx_word' id='word_1_37' title='bbox 2947 601 3119 656; x_wconf 86' lang='lat' dir='ltr'><strong>usque</strong></span> <span class='ocrx_word' id='word_1_38' title='bbox 3146 586 3217 641; x_wconf 88' lang='lat' dir='ltr'><strong>ad</strong></span> <span class='ocrx_word' id='word_1_39' title='bbox 3244 589 3517 658; x_wconf 81' lang='lat' dir='ltr'><strong>quinqua~</strong></span> 
     </span>
    </p>
   </div>
   <div class='ocr_carea' id='block_1_8' title="bbox 231 678 1831 758">
    <p class='ocr_par' dir='ltr' id='par_1_8' title="bbox 231 678 1831 758">
     <span class='ocr_line' id='line_1_8' title="bbox 231 678 1831 758; baseline -0.003 -20"><span class='ocrx_word' id='word_1_40' title='bbox 231 687 471 758; x_wconf 72' lang='grc' dir='ltr'><strong>πρᾶγμα</strong></span> <span class='ocrx_word' id='word_1_41' title='bbox 515 682 810 754; x_wconf 81' lang='grc' dir='ltr'><strong>ὁμολογίαν</strong></span> <span class='ocrx_word' id='word_1_42' title='bbox 853 680 1140 751; x_wconf 81' lang='grc' dir='ltr'><strong>ἀνώμοτον</strong></span> <span class='ocrx_word' id='word_1_43' title='bbox 1182 678 1279 733; x_wconf 68' lang='grc' dir='ltr'><strong>ἐπὶ</strong></span> <span class='ocrx_word' id='word_1_44' title='bbox 1319 678 1398 751; x_wconf 83' lang='grc' dir='ltr'><strong>τῷ</strong></span> <span class='ocrx_word' id='word_1_45' title='bbox 1445 679 1831 751; x_wconf 86' lang='grc' dir='ltr'><strong>ὑπερϐαίνοντι</strong></span> 
     </span>
    </p>
   </div>
   <div class='ocr_carea' id='block_1_9' title="bbox 228 791 673 848">
    <p class='ocr_par' dir='ltr' id='par_1_9' title="bbox 228 791 673 848">
     <span class='ocr_line' id='line_1_9' title="bbox 228 791 673 848; baseline -0.004 -17"><span class='ocrx_word' id='word_1_46' title='bbox 228 795 389 848; x_wconf 78' lang='grc' dir='ltr'><strong>ποσῳ</strong></span> <span class='ocrx_word' id='word_1_47' title='bbox 430 791 673 830; x_wconf 89' lang='grc' dir='ltr'><strong>ποιουσι.</strong></span> 
     </span>
    </p>
   </div>
   <div class='ocr_carea' id='block_1_10' title="bbox 321 1010 1827 1121">
    <p class='ocr_par' dir='ltr' id='par_1_10' title="bbox 321 1010 1827 1121">
     <span class='ocr_line' id='line_1_10' title="bbox 321 1010 1827 1121; baseline -0.009 -15"><span class='ocrx_word' id='word_1_48' title='bbox 321 1052 437 1107; x_wconf 73' lang='grc' dir='ltr'><strong>Καὶ</strong></span> <span class='ocrx_word' id='word_1_49' title='bbox 478 1050 554 1121; x_wconf 57' lang='grc' dir='ltr'><strong>οἰλ</strong></span> <span class='ocrx_word' id='word_1_50' title='bbox 580 1049 738 1118; x_wconf 86' lang='grc' dir='ltr'><strong>νόμοι</strong></span> <span class='ocrx_word' id='word_1_51' title='bbox 766 1045 877 1118; x_wconf 81' lang='grc' dir='ltr'><strong>γάρ</strong></span> <span class='ocrx_word' id='word_1_52' title='bbox 916 1046 1010 1099; x_wconf 80' lang='grc' dir='ltr'><strong>καί</strong></span> <span class='ocrx_word' id='word_1_53' title='bbox 1024 1010 1099 1099; x_wconf 64' lang='grc' dir='ltr'><strong>οοἰ</strong></span> <span class='ocrx_word' id='word_1_54' title='bbox 1132 1044 1356 1107; x_wconf 78' lang='grc' dir='ltr'><strong>κανόνες</strong></span> <span class='ocrx_word' id='word_1_55' title='bbox 1384 1038 1657 1097; x_wconf 76' lang='grc' dir='ltr'><strong>κωλύουσι</strong></span> <span class='ocrx_word' id='word_1_56' title='bbox 1689 1040 1827 1113; x_wconf 84' lang='grc' dir='ltr'><strong>κλη-</strong></span> 
     </span>
    </p>
   </div>
   <div class='ocr_carea' id='block_1_11' title="bbox 243 1135 1830 1219">
    <p class='ocr_par' dir='ltr' id='par_1_11' title="bbox 243 1135 1830 1219">
     <span class='ocr_line' id='line_1_11' title="bbox 243 1135 1830 1219; baseline -0.008 -18"><span class='ocrx_word' id='word_1_57' title='bbox 243 1150 406 1219; x_wconf 70' lang='lat' dir='ltr'><strong>puth</strong></span> <span class='ocrx_word' id='word_1_58' title='bbox 455 1144 725 1215; x_wconf 78' lang='grc' dir='ltr'><strong>ὀμνύναι·</strong></span> <span class='ocrx_word' id='word_1_59' title='bbox 783 1144 811 1195; x_wconf 93' lang='lat'><strong>6</strong></span> <span class='ocrx_word' id='word_1_60' title='bbox 842 1139 901 1194; x_wconf 87' lang='grc' dir='ltr'><strong>δέ</strong></span> <span class='ocrx_word' id='word_1_61' title='bbox 952 1138 1231 1209; x_wconf 77' lang='grc' dir='ltr'><strong>οἰκονόμος</strong></span> <span class='ocrx_word' id='word_1_62' title='bbox 1275 1137 1606 1208; x_wconf 78' lang='grc' dir='ltr'><strong>ἐναγόμενος</strong></span> <span class='ocrx_word' id='word_1_63' title='bbox 1650 1136 1713 1189; x_wconf 81' lang='grc' dir='ltr'><strong>οὺ</strong></span> <span class='ocrx_word' id='word_1_64' title='bbox 1751 1135 1830 1188; x_wconf 88' lang='grc' dir='ltr'><strong>δί-</strong></span> 
     </span>
    </p>
   </div>
   <div class='ocr_carea' id='block_1_12' title="bbox 227 1229 1824 1305">
    <p class='ocr_par' dir='ltr' id='par_1_12' title="bbox 227 1229 1824 1305">
     <span class='ocr_line' id='line_1_12' title="bbox 227 1229 1824 1305; baseline -0.007 -13"><span class='ocrx_word' id='word_1_65' title='bbox 227 1239 401 1292; x_wconf 80' lang='grc' dir='ltr'><strong>δωσιν</strong></span> <span class='ocrx_word' id='word_1_66' title='bbox 454 1233 768 1305; x_wconf 83' lang='grc' dir='ltr'><strong>ἐγγυητήν,</strong></span> <span class='ocrx_word' id='word_1_67' title='bbox 807 1233 905 1287; x_wconf 75' lang='grc' dir='ltr'><strong>καὶ</strong></span> <span class='ocrx_word' id='word_1_68' title='bbox 962 1230 1123 1295; x_wconf 75' lang='grc' dir='ltr'><strong>αὐτὸς</strong></span> <span class='ocrx_word' id='word_1_69' title='bbox 1162 1230 1220 1283; x_wconf 81' lang='grc' dir='ltr'><strong>δέ</strong></span> <span class='ocrx_word' id='word_1_70' title='bbox 1280 1229 1378 1283; x_wconf 77' lang='grc' dir='ltr'><strong>καὶ</strong></span> <span class='ocrx_word' id='word_1_71' title='bbox 1432 1232 1481 1283; x_wconf 82' lang='grc' dir='ltr'><strong>οί</strong></span> <span class='ocrx_word' id='word_1_72' title='bbox 1535 1229 1824 1301; x_wconf 75' lang='grc' dir='ltr'><strong>κληρικοί,</strong></span> 
     </span>
    </p>
   </div>
   <div class='ocr_carea' id='block_1_13' title="bbox 226 1321 1827 1400">
    <p class='ocr_par' dir='ltr' id='par_1_13' title="bbox 226 1321 1827 1400">
     <span class='ocr_line' id='line_1_13' title="bbox 226 1321 1827 1400; baseline -0.008 -15"><span class='ocrx_word' id='word_1_73' title='bbox 226 1333 327 1386; x_wconf 81' lang='grc' dir='ltr'><strong>δύο</strong></span> <span class='ocrx_word' id='word_1_74' title='bbox 364 1330 678 1400; x_wconf 78' lang='grc' dir='ltr'><strong>νομίσματα</strong></span> <span class='ocrx_word' id='word_1_75' title='bbox 719 1326 863 1399; x_wconf 80' lang='grc' dir='ltr'><strong>ὑπὲρ</strong></span> <span class='ocrx_word' id='word_1_76' title='bbox 900 1324 1263 1395; x_wconf 84' lang='grc' dir='ltr'><strong>ὑπομνήσεως</strong></span> <span class='ocrx_word' id='word_1_77' title='bbox 1298 1322 1394 1375; x_wconf 74' lang='grc' dir='ltr'><strong>καὶ</strong></span> <span class='ocrx_word' id='word_1_78' title='bbox 1434 1321 1706 1393; x_wconf 83' lang='grc' dir='ltr'><strong>προϐολῆς</strong></span> <span class='ocrx_word' id='word_1_79' title='bbox 1741 1321 1827 1373; x_wconf 77' lang='grc' dir='ltr'><strong>ἐνο</strong></span> 
     </span>
    </p>
   </div>
   <div class='ocr_carea' id='block_1_14' title="bbox 223 1412 1827 1485">
    <p class='ocr_par' dir='ltr' id='par_1_14' title="bbox 223 1412 1827 1485">
     <span class='ocr_line' id='line_1_14' title="bbox 223 1412 1827 1485; baseline -0.006 -9"><span class='ocrx_word' id='word_1_80' title='bbox 223 1422 431 1485; x_wconf 82' lang='grc' dir='ltr'><strong>τολέως</strong></span> <span class='ocrx_word' id='word_1_81' title='bbox 459 1420 662 1474; x_wconf 84' lang='grc' dir='ltr'><strong>διδόασι</strong></span> <span class='ocrx_word' id='word_1_82' title='bbox 688 1458 704 1484; x_wconf 89' lang='grc'><strong>,</strong></span> <span class='ocrx_word' id='word_1_83' title='bbox 734 1418 830 1471; x_wconf 68' lang='grc' dir='ltr'><strong>καὶ</strong></span> <span class='ocrx_word' id='word_1_84' title='bbox 860 1417 929 1470; x_wconf 87' lang='grc' dir='ltr'><strong>τὰ</strong></span> <span class='ocrx_word' id='word_1_85' title='bbox 961 1415 1126 1469; x_wconf 79' lang='grc' dir='ltr'><strong>λοιπὰ</strong></span> <span class='ocrx_word' id='word_1_86' title='bbox 1152 1414 1522 1484; x_wconf 87' lang='grc' dir='ltr'><strong>δαπανήματα</strong></span> <span class='ocrx_word' id='word_1_87' title='bbox 1569 1412 1827 1485; x_wconf 68' lang='grc' dir='ltr'><strong>φειδωλός</strong></span> 
     </span>
    </p>
   </div>
   <div class='ocr_carea' id='block_1_15' title="bbox 223 1504 1823 1587">
    <p class='ocr_par' dir='ltr' id='par_1_15' title="bbox 223 1504 1823 1587">
     <span class='ocr_line' id='line_1_15' title="bbox 223 1504 1823 1587; baseline -0.006 -20"><span class='ocrx_word' id='word_1_88' title='bbox 223 1532 388 1587; x_wconf 83' lang='grc' dir='ltr'><strong>τερον</strong></span> <span class='ocrx_word' id='word_1_89' title='bbox 415 1504 661 1567; x_wconf 71' lang='grc' dir='ltr'><strong>ποιοῦσι·</strong></span> <span class='ocrx_word' id='word_1_90' title='bbox 696 1510 794 1565; x_wconf 77' lang='grc' dir='ltr'><strong>καὶ</strong></span> <span class='ocrx_word' id='word_1_91' title='bbox 823 1510 857 1580; x_wconf 87' lang='grc' dir='ltr'><strong>ή</strong></span> <span class='ocrx_word' id='word_1_92' title='bbox 882 1507 963 1579; x_wconf 80' lang='grc' dir='ltr'><strong>λβ⁹</strong></span> <span class='ocrx_word' id='word_1_93' title='bbox 991 1508 1131 1563; x_wconf 87' lang='grc' dir='ltr'><strong>διάτ.</strong></span> <span class='ocrx_word' id='word_1_94' title='bbox 1165 1506 1259 1560; x_wconf 80' lang='grc' dir='ltr'><strong>τοῦ</strong></span> <span class='ocrx_word' id='word_1_95' title='bbox 1290 1505 1455 1561; x_wconf 82' lang='grc' dir='ltr'><strong>αὑτοῦ</strong></span> <span class='ocrx_word' id='word_1_96' title='bbox 1493 1506 1600 1560; x_wconf 88' lang='grc' dir='ltr'><strong>τίτ.</strong></span> <span class='ocrx_word' id='word_1_97' title='bbox 1637 1507 1823 1575; x_wconf 77' lang='grc' dir='ltr'><strong>φησὶν,</strong></span> 
     </span>
    </p>
   </div>
   <div class='ocr_carea' id='block_1_16' title="bbox 224 1598 1823 1672">
    <p class='ocr_par' dir='ltr' id='par_1_16' title="bbox 224 1598 1823 1672">
     <span class='ocr_line' id='line_1_16' title="bbox 224 1598 1823 1672; baseline -0.006 -11"><span class='ocrx_word' id='word_1_98' title='bbox 224 1610 308 1661; x_wconf 81' lang='grc' dir='ltr'><strong>ὃτι</strong></span> <span class='ocrx_word' id='word_1_99' title='bbox 338 1608 390 1661; x_wconf 89' lang='grc' dir='ltr'><strong>οἰ</strong></span> <span class='ocrx_word' id='word_1_100' title='bbox 420 1605 711 1660; x_wconf 86' lang='grc' dir='ltr'><strong>ἐπίσκοποι</strong></span> <span class='ocrx_word' id='word_1_101' title='bbox 730 1645 745 1669; x_wconf 88' lang='grc'><strong>,</strong></span> <span class='ocrx_word' id='word_1_102' title='bbox 796 1602 891 1657; x_wconf 73' lang='grc' dir='ltr'><strong>καὶ</strong></span> <span class='ocrx_word' id='word_1_103' title='bbox 918 1603 967 1655; x_wconf 85' lang='grc' dir='ltr'><strong>οἰ</strong></span> <span class='ocrx_word' id='word_1_104' title='bbox 997 1601 1249 1672; x_wconf 81' lang='grc' dir='ltr'><strong>κληρικοὶ</strong></span> <span class='ocrx_word' id='word_1_105' title='bbox 1297 1601 1391 1654; x_wconf 73' lang='grc' dir='ltr'><strong>καὶ</strong></span> <span class='ocrx_word' id='word_1_106' title='bbox 1417 1601 1467 1653; x_wconf 86' lang='grc' dir='ltr'><strong>οἰ</strong></span> <span class='ocrx_word' id='word_1_107' title='bbox 1504 1599 1731 1670; x_wconf 78' lang='grc' dir='ltr'><strong>μοναχοὶ</strong></span> <span class='ocrx_word' id='word_1_108' title='bbox 1761 1598 1823 1651; x_wconf 80' lang='grc' dir='ltr'><strong>οὐ</strong></span> 
     </span>
    </p>
   </div>
   <div class='ocr_carea' id='block_1_17' title="bbox 221 1692 1823 1771">
    <p class='ocr_par' dir='ltr' id='par_1_17' title="bbox 221 1692 1823 1771">
     <span class='ocr_line' id='line_1_17' title="bbox 221 1692 1823 1771; baseline -0.006 -18"><span class='ocrx_word' id='word_1_109' title='bbox 221 1703 472 1771; x_wconf 82' lang='grc' dir='ltr'><strong>γίνονται</strong></span> <span class='ocrx_word' id='word_1_110' title='bbox 528 1697 795 1769; x_wconf 78' lang='grc' dir='ltr'><strong>διάξιμοι,</strong></span> <span class='ocrx_word' id='word_1_111' title='bbox 855 1694 992 1749; x_wconf 80' lang='grc' dir='ltr'><strong>ἀλλὰ</strong></span> <span class='ocrx_word' id='word_1_112' title='bbox 1049 1695 1203 1767; x_wconf 78' lang='grc' dir='ltr'><strong>παρὰ</strong></span> <span class='ocrx_word' id='word_1_113' title='bbox 1250 1696 1365 1757; x_wconf 85' lang='grc' dir='ltr'><strong>τοῖς</strong></span> <span class='ocrx_word' id='word_1_114' title='bbox 1429 1693 1659 1765; x_wconf 75' lang='grc' dir='ltr'><strong>ἄρχουσι</strong></span> <span class='ocrx_word' id='word_1_115' title='bbox 1712 1692 1823 1745; x_wconf 91' lang='grc' dir='ltr'><strong>τῶν</strong></span> 
     </span>
    </p>
   </div>
   <div class='ocr_carea' id='block_1_18' title="bbox 1930 678 3516 752">
    <p class='ocr_par' dir='ltr' id='par_1_18' title="bbox 1930 678 3516 752">
     <span class='ocr_line' id='line_1_18' title="bbox 1930 678 3516 752; baseline 0.001 -18"><span class='ocrx_word' id='word_1_116' title='bbox 1930 681 2076 750; x_wconf 73' lang='lat' dir='ltr'><strong>ginta</strong></span> <span class='ocrx_word' id='word_1_117' title='bbox 2140 680 2308 735; x_wconf 87' lang='lat' dir='ltr'><strong>libras</strong></span> <span class='ocrx_word' id='word_1_118' title='bbox 2357 678 2527 752; x_wconf 89' lang='lat' dir='ltr'><strong>[auri]</strong></span> <span class='ocrx_word' id='word_1_119' title='bbox 2572 694 2917 735; x_wconf 73' lang='lat' dir='ltr'><strong>meonomum</strong></span> <span class='ocrx_word' id='word_1_120' title='bbox 2946 688 3035 733; x_wconf 88' lang='lat' dir='ltr'><strong>aut</strong></span> <span class='ocrx_word' id='word_1_121' title='bbox 3065 680 3308 734; x_wconf 73' lang='lat' dir='ltr'><strong>ecclesiae</strong></span> <span class='ocrx_word' id='word_1_122' title='bbox 3333 680 3516 735; x_wconf 85' lang='lat' dir='ltr'><strong>defen-</strong></span> 
     </span>
    </p>
   </div>
   <div class='ocr_carea' id='block_1_19' title="bbox 1931 772 3515 842">
    <p class='ocr_par' dir='ltr' id='par_1_19' title="bbox 1931 772 3515 842">
     <span class='ocr_line' id='line_1_19' title="bbox 1931 772 3515 842; baseline -0.001 -13"><span class='ocrx_word' id='word_1_123' title='bbox 1931 788 2133 837; x_wconf 86' lang='lat' dir='ltr'><strong>sorem,</strong></span> <span class='ocrx_word' id='word_1_124' title='bbox 2186 787 2295 828; x_wconf 93' lang='lat' dir='ltr'><strong>non</strong></span> <span class='ocrx_word' id='word_1_125' title='bbox 2353 782 2535 827; x_wconf 87' lang='lat' dir='ltr'><strong>autem</strong></span> <span class='ocrx_word' id='word_1_126' title='bbox 2594 772 2783 836; x_wconf 91' lang='lat' dir='ltr'><strong>alium,</strong></span> <span class='ocrx_word' id='word_1_127' title='bbox 2839 772 3215 842; x_wconf 84' lang='lat' dir='ltr'><strong>fidejussorem</strong></span> <span class='ocrx_word' id='word_1_128' title='bbox 3261 773 3430 827; x_wconf 86' lang='lat' dir='ltr'><strong>dent:</strong></span> <span class='ocrx_word' id='word_1_129' title='bbox 3462 783 3515 827; x_wconf 91' lang='lat' dir='ltr'><strong>et</strong></span> 
     </span>
    </p>
   </div>
   <div class='ocr_carea' id='block_1_20' title="bbox 1930 863 3515 937">
    <p class='ocr_par' dir='ltr' id='par_1_20' title="bbox 1930 863 3515 937">
     <span class='ocr_line' id='line_1_20' title="bbox 1930 863 3515 937; baseline 0.001 -18"><span class='ocrx_word' id='word_1_130' title='bbox 1930 866 1975 919; x_wconf 88' lang='lat' dir='ltr'><strong>si</strong></span> <span class='ocrx_word' id='word_1_131' title='bbox 2011 880 2098 920; x_wconf 90' lang='lat' dir='ltr'><strong>res</strong></span> <span class='ocrx_word' id='word_1_132' title='bbox 2143 864 2282 936; x_wconf 84' lang='lat' dir='ltr'><strong>[eam</strong></span> <span class='ocrx_word' id='word_1_133' title='bbox 2313 863 2700 937; x_wconf 90' lang='lat' dir='ltr'><strong>quantitatem]</strong></span> <span class='ocrx_word' id='word_1_134' title='bbox 2734 867 2979 931; x_wconf 81' lang='lat' dir='ltr'><strong>excedat,</strong></span> <span class='ocrx_word' id='word_1_135' title='bbox 3004 880 3104 936; x_wconf 91' lang='lat' dir='ltr'><strong>pro</strong></span> <span class='ocrx_word' id='word_1_136' title='bbox 3132 866 3354 920; x_wconf 85' lang='lat' dir='ltr'><strong>residuo</strong></span> <span class='ocrx_word' id='word_1_137' title='bbox 3376 865 3515 921; x_wconf 81' lang='lat' dir='ltr'><strong>citra</strong></span> 
     </span>
    </p>
   </div>
   <div class='ocr_carea' id='block_1_21' title="bbox 1925 958 2588 1030">
    <p class='ocr_par' dir='ltr' id='par_1_21' title="bbox 1925 958 2588 1030">
     <span class='ocr_line' id='line_1_21' title="bbox 1925 958 2588 1030; baseline 0.005 -17"><span class='ocrx_word' id='word_1_138' title='bbox 1925 958 2311 1030; x_wconf 82' lang='lat' dir='ltr'><strong>jusjurandum</strong></span> <span class='ocrx_word' id='word_1_139' title='bbox 2338 968 2588 1016; x_wconf 90' lang='lat' dir='ltr'><strong>caveant.</strong></span> 
     </span>
    </p>
   </div>
   <div class='ocr_carea' id='block_1_22' title="bbox 2001 1050 3503 1121">
    <p class='ocr_par' dir='ltr' id='par_1_22' title="bbox 2001 1050 3503 1121">
     <span class='ocr_line' id='line_1_22' title="bbox 2001 1050 3503 1121; baseline 0.001 -18"><span class='ocrx_word' id='word_1_140' title='bbox 2001 1050 2220 1104; x_wconf 76' lang='lat' dir='ltr'><strong>Textus.</strong></span> <span class='ocrx_word' id='word_1_141' title='bbox 2257 1050 2468 1104; x_wconf 86' lang='lat' dir='ltr'><strong>Etenim</strong></span> <span class='ocrx_word' id='word_1_142' title='bbox 2520 1051 2665 1121; x_wconf 80' lang='lat' dir='ltr'><strong>leges</strong></span> <span class='ocrx_word' id='word_1_143' title='bbox 2720 1059 2885 1119; x_wconf 86' lang='lat' dir='ltr'><strong>atque</strong></span> <span class='ocrx_word' id='word_1_144' title='bbox 2940 1057 3205 1105; x_wconf 79' lang='lat' dir='ltr'><strong>canones’</strong></span> <span class='ocrx_word' id='word_1_145' title='bbox 3240 1051 3503 1106; x_wconf 86' lang='lat' dir='ltr'><strong>clericum</strong></span> 
     </span>
    </p>
   </div>
   <div class='ocr_carea' id='block_1_23' title="bbox 1921 1142 3517 1217">
    <p class='ocr_par' dir='ltr' id='par_1_23' title="bbox 1921 1142 3517 1217">
     <span class='ocr_line' id='line_1_23' title="bbox 1921 1142 3517 1217; baseline -0.003 -17"><span class='ocrx_word' id='word_1_146' title='bbox 1921 1145 2112 1214; x_wconf 89' lang='lat' dir='ltr'><strong>jurare</strong></span> <span class='ocrx_word' id='word_1_147' title='bbox 2147 1143 2465 1214; x_wconf 86' lang='lat' dir='ltr'><strong>prohibent.</strong></span> <span class='ocrx_word' id='word_1_148' title='bbox 2494 1143 2803 1217; x_wconf 86' lang='lat' dir='ltr'><strong>[Postremo</strong></span> <span class='ocrx_word' id='word_1_149' title='bbox 2827 1159 2975 1211; x_wconf 87' lang='lat' dir='ltr'><strong>vero,</strong></span> <span class='ocrx_word' id='word_1_150' title='bbox 3010 1142 3180 1214; x_wconf 89' lang='lat' dir='ltr'><strong>quod]</strong></span> <span class='ocrx_word' id='word_1_151' title='bbox 3205 1143 3258 1197; x_wconf 92' lang='lat' dir='ltr'><strong>in</strong></span> <span class='ocrx_word' id='word_1_152' title='bbox 3289 1144 3382 1212; x_wconf 86' lang='lat' dir='ltr'><strong>jus</strong></span> <span class='ocrx_word' id='word_1_153' title='bbox 3417 1157 3517 1196; x_wconf 85' lang='lat' dir='ltr'><strong>vo-</strong></span> 
     </span>
    </p>
   </div>
   <div class='ocr_carea' id='block_1_24' title="bbox 1927 1234 3519 1306">
    <p class='ocr_par' dir='ltr' id='par_1_24' title="bbox 1927 1234 3519 1306">
     <span class='ocr_line' id='line_1_24' title="bbox 1927 1234 3519 1306; baseline -0.001 -16"><span class='ocrx_word' id='word_1_154' title='bbox 1927 1246 2085 1292; x_wconf 84' lang='lat' dir='ltr'><strong>catus</strong></span> <span class='ocrx_word' id='word_1_155' title='bbox 2119 1251 2443 1292; x_wconf 71' lang='lat' dir='ltr'><strong>(nconomus</strong></span> <span class='ocrx_word' id='word_1_156' title='bbox 2468 1236 2846 1306; x_wconf 82' lang='lat' dir='ltr'><strong>fldejussorem</strong></span> <span class='ocrx_word' id='word_1_157' title='bbox 2875 1252 2984 1291; x_wconf 88' lang='lat' dir='ltr'><strong>non</strong></span> <span class='ocrx_word' id='word_1_158' title='bbox 3025 1234 3137 1298; x_wconf 89' lang='lat' dir='ltr'><strong>det,</strong></span> <span class='ocrx_word' id='word_1_159' title='bbox 3170 1246 3225 1290; x_wconf 90' lang='lat' dir='ltr'><strong>et</strong></span> <span class='ocrx_word' id='word_1_160' title='bbox 3255 1246 3367 1289; x_wconf 91' lang='lat' dir='ltr'><strong>tum</strong></span> <span class='ocrx_word' id='word_1_161' title='bbox 3401 1235 3519 1302; x_wconf 81' lang='lat' dir='ltr'><strong>ipse</strong></span> 
     </span>
    </p>
   </div>
   <div class='ocr_carea' id='block_1_25' title="bbox 1928 1327 3514 1402">
    <p class='ocr_par' dir='ltr' id='par_1_25' title="bbox 1928 1327 3514 1402">
     <span class='ocr_line' id='line_1_25' title="bbox 1928 1327 3514 1402; baseline -0.002 -19"><span class='ocrx_word' id='word_1_162' title='bbox 1928 1338 2040 1383; x_wconf 91' lang='lat' dir='ltr'><strong>tum</strong></span> <span class='ocrx_word' id='word_1_163' title='bbox 2070 1330 2253 1387; x_wconf 85' lang='lat' dir='ltr'><strong>clerici</strong></span> <span class='ocrx_word' id='word_1_164' title='bbox 2278 1329 2443 1402; x_wconf 77' lang='lat'><strong>239</strong></span> <span class='ocrx_word' id='word_1_165' title='bbox 2471 1344 2570 1399; x_wconf 93' lang='lat' dir='ltr'><strong>pro</strong></span> <span class='ocrx_word' id='word_1_166' title='bbox 2607 1330 2911 1384; x_wconf 87' lang='lat' dir='ltr'><strong>monitione</strong></span> <span class='ocrx_word' id='word_1_167' title='bbox 2942 1345 3007 1384; x_wconf 85' lang='lat' dir='ltr'><strong>ac</strong></span> <span class='ocrx_word' id='word_1_168' title='bbox 3033 1328 3407 1399; x_wconf 82' lang='lat' dir='ltr'><strong>procuratoris</strong></span> <span class='ocrx_word' id='word_1_169' title='bbox 3426 1327 3514 1381; x_wconf 91' lang='lat' dir='ltr'><strong>iu-</strong></span> 
     </span>
    </p>
   </div>
   <div class='ocr_carea' id='block_1_26' title="bbox 1923 1420 3513 1489">
    <p class='ocr_par' dir='ltr' id='par_1_26' title="bbox 1923 1420 3513 1489">
     <span class='ocr_line' id='line_1_26' title="bbox 1923 1420 3513 1489; baseline -0.002 -14"><span class='ocrx_word' id='word_1_170' title='bbox 1923 1422 2208 1477; x_wconf 86' lang='lat' dir='ltr'><strong>stitutione</strong></span> <span class='ocrx_word' id='word_1_171' title='bbox 2230 1425 2368 1477; x_wconf 90' lang='lat' dir='ltr'><strong>duos</strong></span> <span class='ocrx_word' id='word_1_172' title='bbox 2392 1422 2620 1485; x_wconf 89' lang='lat' dir='ltr'><strong>solidos,</strong></span> <span class='ocrx_word' id='word_1_173' title='bbox 2643 1422 2955 1476; x_wconf 86' lang='lat' dir='ltr'><strong>exsecutori</strong></span> <span class='ocrx_word' id='word_1_174' title='bbox 2983 1420 3133 1485; x_wconf 89' lang='lat' dir='ltr'><strong>dent,</strong></span> <span class='ocrx_word' id='word_1_175' title='bbox 3158 1420 3513 1489; x_wconf 85' lang='lat' dir='ltr'><strong>reliquasque</strong></span> 
     </span>
    </p>
   </div>
   <div class='ocr_carea' id='block_1_27' title="bbox 1924 1512 3514 1586">
    <p class='ocr_par' dir='ltr' id='par_1_27' title="bbox 1924 1512 3514 1586">
     <span class='ocr_line' id='line_1_27' title="bbox 1924 1512 3514 1586; baseline -0.003 -14"><span class='ocrx_word' id='word_1_176' title='bbox 1924 1525 2179 1586; x_wconf 88' lang='lat' dir='ltr'><strong>sumptus</strong></span> <span class='ocrx_word' id='word_1_177' title='bbox 2219 1515 2437 1584; x_wconf 89' lang='lat' dir='ltr'><strong>parcius</strong></span> <span class='ocrx_word' id='word_1_178' title='bbox 2478 1512 2703 1568; x_wconf 85' lang='lat' dir='ltr'><strong>faciant.</strong></span> <span class='ocrx_word' id='word_1_179' title='bbox 2768 1514 2835 1567; x_wconf 85' lang='lat' dir='ltr'><strong>Et</strong></span> <span class='ocrx_word' id='word_1_180' title='bbox 2895 1520 3075 1568; x_wconf 82' lang='lat' dir='ltr'><strong>const.</strong></span> <span class='ocrx_word' id='word_1_181' title='bbox 3130 1513 3222 1577; x_wconf 68' lang='lat'><strong>&#39;52,</strong></span> <span class='ocrx_word' id='word_1_182' title='bbox 3259 1512 3514 1581; x_wconf 84' lang='lat' dir='ltr'><strong>ejusdem</strong></span> 
     </span>
    </p>
   </div>
   <div class='ocr_carea' id='block_1_28' title="bbox 1923 1601 3514 1675">
    <p class='ocr_par' dir='ltr' id='par_1_28' title="bbox 1923 1601 3514 1675">
     <span class='ocr_line' id='line_1_28' title="bbox 1923 1601 3514 1675; baseline -0.003 -13"><span class='ocrx_word' id='word_1_183' title='bbox 1923 1608 2010 1662; x_wconf 91' lang='lat' dir='ltr'><strong>tit.</strong></span> <span class='ocrx_word' id='word_1_184' title='bbox 2047 1608 2167 1661; x_wconf 91' lang='lat' dir='ltr'><strong>ait:</strong></span> <span class='ocrx_word' id='word_1_185' title='bbox 2202 1606 2358 1672; x_wconf 88' lang='lat' dir='ltr'><strong>Quod</strong></span> <span class='ocrx_word' id='word_1_186' title='bbox 2408 1606 2691 1675; x_wconf 82' lang='lat' dir='ltr'><strong>episcopi,</strong></span> <span class='ocrx_word' id='word_1_187' title='bbox 2728 1604 2951 1669; x_wconf 87' lang='lat' dir='ltr'><strong>clerici,</strong></span> <span class='ocrx_word' id='word_1_188' title='bbox 3003 1613 3059 1658; x_wconf 91' lang='lat' dir='ltr'><strong>et</strong></span> <span class='ocrx_word' id='word_1_189' title='bbox 3115 1604 3366 1659; x_wconf 87' lang='lat' dir='ltr'><strong>monachi</strong></span> <span class='ocrx_word' id='word_1_190' title='bbox 3421 1601 3514 1675; x_wconf 80' lang='lat' dir='ltr'><strong>[ad</strong></span> 
     </span>
    </p>
   </div>
   <div class='ocr_carea' id='block_1_29' title="bbox 1921 1697 3515 1770">
    <p class='ocr_par' dir='ltr' id='par_1_29' title="bbox 1921 1697 3515 1770">
     <span class='ocr_line' id='line_1_29' title="bbox 1921 1697 3515 1770; baseline -0.002 -17"><span class='ocrx_word' id='word_1_191' title='bbox 1921 1708 2181 1754; x_wconf 89' lang='lat' dir='ltr'><strong>extranea</strong></span> <span class='ocrx_word' id='word_1_192' title='bbox 2208 1697 2437 1770; x_wconf 81' lang='lat' dir='ltr'><strong>judicia]</strong></span> <span class='ocrx_word' id='word_1_193' title='bbox 2482 1712 2591 1752; x_wconf 89' lang='lat' dir='ltr'><strong>non</strong></span> <span class='ocrx_word' id='word_1_194' title='bbox 2634 1698 3012 1761; x_wconf 85' lang='lat' dir='ltr'><strong>traducantur,</strong></span> <span class='ocrx_word' id='word_1_195' title='bbox 3066 1697 3160 1752; x_wconf 90' lang='lat' dir='ltr'><strong>sed</strong></span> <span class='ocrx_word' id='word_1_196' title='bbox 3212 1698 3355 1766; x_wconf 89' lang='lat' dir='ltr'><strong>apud</strong></span> <span class='ocrx_word' id='word_1_197' title='bbox 3427 1712 3515 1750; x_wconf 86' lang='lat' dir='ltr'><strong>re-</strong></span> 
     </span>
    </p>
   </div>
   <div class='ocr_carea' id='block_1_30' title="bbox 224 1784 1835 1865">
    <p class='ocr_par' dir='ltr' id='par_1_30' title="bbox 224 1784 1818 1865">
     <span class='ocr_line' id='line_1_30' title="bbox 224 1784 1818 1865; baseline -0.006 -19"><span class='ocrx_word' id='word_1_198' title='bbox 224 1791 514 1865; x_wconf 75' lang='grc' dir='ltr'><strong>ἐπαρχιῶν</strong></span> <span class='ocrx_word' id='word_1_199' title='bbox 548 1790 729 1845; x_wconf 82' lang='grc' dir='ltr'><strong>αὐτῶν</strong></span> <span class='ocrx_word' id='word_1_200' title='bbox 783 1788 1091 1857; x_wconf 80' lang='grc' dir='ltr'><strong>ὲνάγονται·</strong></span> <span class='ocrx_word' id='word_1_201' title='bbox 1137 1788 1197 1840; x_wconf 88' lang='grc' dir='ltr'><strong>ἐν</strong></span> <span class='ocrx_word' id='word_1_202' title='bbox 1241 1784 1818 1841; x_wconf 80' lang='grc' dir='ltr'><strong>Κωνσταντινουπόλει</strong></span> 
     </span>
    </p>
   </div>
   <div class='ocr_carea' id='block_1_31' title="bbox 1924 1784 3515 1865">
    <p class='ocr_par' dir='ltr' id='par_1_31' title="bbox 1924 1790 3515 1862">
     <span class='ocr_line' id='line_1_31' title="bbox 1924 1790 3515 1862; baseline -0.003 -15"><span class='ocrx_word' id='word_1_203' title='bbox 1924 1800 2101 1848; x_wconf 89' lang='lat' dir='ltr'><strong>ctores</strong></span> <span class='ocrx_word' id='word_1_204' title='bbox 2130 1790 2536 1862; x_wconf 86' lang='lat' dir='ltr'><strong>provinciarum</strong></span> <span class='ocrx_word' id='word_1_205' title='bbox 2562 1791 2960 1846; x_wconf 84' lang='lat' dir='ltr'><strong>conveniantur</strong></span> <span class='ocrx_word' id='word_1_206' title='bbox 2987 1809 3001 1844; x_wconf 92' lang='lat'><strong>:</strong></span> <span class='ocrx_word' id='word_1_207' title='bbox 3042 1800 3097 1845; x_wconf 88' lang='lat' dir='ltr'><strong>et</strong></span> <span class='ocrx_word' id='word_1_208' title='bbox 3127 1790 3515 1846; x_wconf 81' lang='lat' dir='ltr'><strong>Constantino-</strong></span> 
     </span>
    </p>
   </div>
   <div class='ocr_carea' id='block_1_32' title="bbox 219 1878 1814 1956">
    <p class='ocr_par' dir='ltr' id='par_1_32' title="bbox 219 1878 1814 1956">
     <span class='ocr_line' id='line_1_32' title="bbox 219 1878 1814 1956; baseline -0.006 -16"><span class='ocrx_word' id='word_1_209' title='bbox 219 1885 279 1940; x_wconf 68' lang='grc' dir='ltr'><strong>δὲ</strong></span> <span class='ocrx_word' id='word_1_210' title='bbox 310 1884 717 1956; x_wconf 74' lang='grc' dir='ltr'><strong>εὑρισκόμενοι,</strong></span> <span class='ocrx_word' id='word_1_211' title='bbox 751 1881 904 1954; x_wconf 79' lang='grc' dir='ltr'><strong>παρὰ</strong></span> <span class='ocrx_word' id='word_1_212' title='bbox 935 1881 1120 1952; x_wconf 86' lang='grc' dir='ltr'><strong>μόνοις</strong></span> <span class='ocrx_word' id='word_1_213' title='bbox 1149 1882 1267 1944; x_wconf 87' lang='grc' dir='ltr'><strong>τοῖς</strong></span> <span class='ocrx_word' id='word_1_214' title='bbox 1293 1878 1560 1951; x_wconf 78' lang='grc' dir='ltr'><strong>ἐπάρχοις</strong></span> <span class='ocrx_word' id='word_1_215' title='bbox 1590 1878 1814 1948; x_wconf 83' lang='grc' dir='ltr'><strong>ἐνάγον-</strong></span> 
     </span>
    </p>
   </div>
   <div class='ocr_carea' id='block_1_33' title="bbox 219 1966 1819 2045">
    <p class='ocr_par' dir='ltr' id='par_1_33' title="bbox 219 1966 1819 2045">
     <span class='ocr_line' id='line_1_33' title="bbox 219 1966 1819 2045; baseline -0.006 -16"><span class='ocrx_word' id='word_1_216' title='bbox 219 1993 337 2041; x_wconf 91' lang='grc' dir='ltr'><strong>ται,</strong></span> <span class='ocrx_word' id='word_1_217' title='bbox 370 1974 501 2027; x_wconf 74' lang='grc' dir='ltr'><strong>ἔνθα</strong></span> <span class='ocrx_word' id='word_1_218' title='bbox 526 1975 621 2027; x_wconf 85' lang='grc' dir='ltr'><strong>καί</strong></span> <span class='ocrx_word' id='word_1_219' title='bbox 653 1975 687 2045; x_wconf 85' lang='grc' dir='ltr'><strong>ή</strong></span> <span class='ocrx_word' id='word_1_220' title='bbox 734 1971 871 2044; x_wconf 79' lang='grc' dir='ltr'><strong>τιμὴ</strong></span> <span class='ocrx_word' id='word_1_221' title='bbox 899 1971 1088 2034; x_wconf 79' lang='grc' dir='ltr'><strong>αὐτοῖς</strong></span> <span class='ocrx_word' id='word_1_222' title='bbox 1133 1969 1499 2040; x_wconf 81' lang='grc' dir='ltr'><strong>φυλάττεται,</strong></span> <span class='ocrx_word' id='word_1_223' title='bbox 1544 1966 1644 2022; x_wconf 76' lang='grc' dir='ltr'><strong>καὶ</strong></span> <span class='ocrx_word' id='word_1_224' title='bbox 1689 1985 1819 2021; x_wconf 83' lang='grc' dir='ltr'><strong>συν-</strong></span> 
     </span>
    </p>
   </div>
   <div class='ocr_carea' id='block_1_34' title="bbox 224 2064 1820 2142">
    <p class='ocr_par' dir='ltr' id='par_1_34' title="bbox 224 2064 1820 2142">
     <span class='ocr_line' id='line_1_34' title="bbox 224 2064 1820 2142; baseline -0.003 -18"><span class='ocrx_word' id='word_1_225' title='bbox 224 2068 468 2142; x_wconf 77' lang='grc' dir='ltr'><strong>ηγόρους</strong></span> <span class='ocrx_word' id='word_1_226' title='bbox 489 2068 877 2140; x_wconf 87' lang='grc' dir='ltr'><strong>λαμϐάνουσιν·</strong></span> <span class='ocrx_word' id='word_1_227' title='bbox 899 2068 960 2121; x_wconf 88' lang='grc' dir='ltr'><strong>ἐν</strong></span> <span class='ocrx_word' id='word_1_228' title='bbox 986 2064 1044 2120; x_wconf 85' lang='grc' dir='ltr'><strong>δὲ</strong></span> <span class='ocrx_word' id='word_1_229' title='bbox 1060 2067 1177 2129; x_wconf 84' lang='grc' dir='ltr'><strong>ταῖς</strong></span> <span class='ocrx_word' id='word_1_230' title='bbox 1200 2064 1493 2137; x_wconf 90' lang='grc' dir='ltr'><strong>ἐπαρχίαις</strong></span> <span class='ocrx_word' id='word_1_231' title='bbox 1516 2064 1659 2137; x_wconf 81' lang='grc' dir='ltr'><strong>ὑπὲρ</strong></span> <span class='ocrx_word' id='word_1_232' title='bbox 1675 2064 1820 2119; x_wconf 84' lang='grc' dir='ltr'><strong>ἰδίων</strong></span> 
     </span>
    </p>
   </div>
   <div class='ocr_carea' id='block_1_35' title="bbox 232 2156 1818 2235">
    <p class='ocr_par' dir='ltr' id='par_1_35' title="bbox 232 2156 1818 2235">
     <span class='ocr_line' id='line_1_35' title="bbox 232 2156 1818 2235; baseline -0.003 -19"><span class='ocrx_word' id='word_1_233' title='bbox 232 2163 580 2235; x_wconf 82' lang='grc' dir='ltr'><strong>πραγμάτων</strong></span> <span class='ocrx_word' id='word_1_234' title='bbox 628 2160 986 2232; x_wconf 87' lang='grc' dir='ltr'><strong>ἐναγόμενοι,</strong></span> <span class='ocrx_word' id='word_1_235' title='bbox 1039 2159 1235 2231; x_wconf 84' lang='grc' dir='ltr'><strong>μόνους</strong></span> <span class='ocrx_word' id='word_1_236' title='bbox 1269 2158 1395 2222; x_wconf 84' lang='grc' dir='ltr'><strong>τοὺς</strong></span> <span class='ocrx_word' id='word_1_237' title='bbox 1438 2156 1818 2229; x_wconf 80' lang='grc' dir='ltr'><strong>οἰκονόμουςῆ</strong></span> 
     </span>
    </p>
   </div>
   <div class='ocr_carea' id='block_1_36' title="bbox 217 2252 1819 2330">
    <p class='ocr_par' dir='ltr' id='par_1_36' title="bbox 217 2252 1819 2330">
     <span class='ocr_line' id='line_1_36' title="bbox 217 2252 1819 2330; baseline -0.004 -17"><span class='ocrx_word' id='word_1_238' title='bbox 217 2259 352 2322; x_wconf 79' lang='grc' dir='ltr'><strong>τοὺς</strong></span> <span class='ocrx_word' id='word_1_239' title='bbox 378 2257 865 2330; x_wconf 85' lang='grc' dir='ltr'><strong>ἐκκλησιεκδίκους</strong></span> <span class='ocrx_word' id='word_1_240' title='bbox 915 2256 1152 2311; x_wconf 83' lang='grc' dir='ltr'><strong>διδόασιν</strong></span> <span class='ocrx_word' id='word_1_241' title='bbox 1201 2254 1511 2325; x_wconf 86' lang='grc' dir='ltr'><strong>ἐγγυητάς·</strong></span> <span class='ocrx_word' id='word_1_242' title='bbox 1566 2252 1722 2324; x_wconf 74' lang='grc' dir='ltr'><strong>παρὰ</strong></span> <span class='ocrx_word' id='word_1_243' title='bbox 1762 2252 1819 2307; x_wconf 83' lang='grc' dir='ltr'><strong>δὲ</strong></span> 
     </span>
    </p>
   </div>
   <div class='ocr_carea' id='block_1_37' title="bbox 220 2346 1819 2422">
    <p class='ocr_par' dir='ltr' id='par_1_37' title="bbox 220 2346 1819 2422">
     <span class='ocr_line' id='line_1_37' title="bbox 220 2346 1819 2422; baseline -0.004 -16"><span class='ocrx_word' id='word_1_244' title='bbox 220 2355 341 2416; x_wconf 86' lang='grc' dir='ltr'><strong>τοῖς</strong></span> <span class='ocrx_word' id='word_1_245' title='bbox 376 2350 645 2422; x_wconf 78' lang='grc' dir='ltr'><strong>ὑπάρχοις</strong></span> <span class='ocrx_word' id='word_1_246' title='bbox 690 2350 1055 2422; x_wconf 77' lang='grc' dir='ltr'><strong>χρηματικῶς</strong></span> <span class='ocrx_word' id='word_1_247' title='bbox 1088 2348 1440 2418; x_wconf 87' lang='grc' dir='ltr'><strong>ἐναγόμενοι,</strong></span> <span class='ocrx_word' id='word_1_248' title='bbox 1482 2346 1517 2419; x_wconf 77' lang='grc' dir='ltr'>ἢ</span> <span class='ocrx_word' id='word_1_249' title='bbox 1555 2346 1819 2418; x_wconf 83' lang='grc' dir='ltr'><strong>ἀλλήλους</strong></span> 
     </span>
    </p>
   </div>
   <div class='ocr_carea' id='block_1_38' title="bbox 219 2434 1820 2517">
    <p class='ocr_par' dir='ltr' id='par_1_38' title="bbox 219 2434 1820 2517">
     <span class='ocr_line' id='line_1_38' title="bbox 219 2434 1820 2517; baseline -0.005 -18"><span class='ocrx_word' id='word_1_250' title='bbox 219 2446 561 2516; x_wconf 83' lang='grc' dir='ltr'><strong>ἐγγυῶνται,</strong></span> <span class='ocrx_word' id='word_1_251' title='bbox 594 2444 628 2517; x_wconf 72' lang='grc' dir='ltr'><strong>ἢ</strong></span> <span class='ocrx_word' id='word_1_252' title='bbox 662 2442 1032 2514; x_wconf 81' lang='grc' dir='ltr'><strong>ἐνυποθήκους</strong></span> <span class='ocrx_word' id='word_1_253' title='bbox 1060 2441 1307 2496; x_wconf 80' lang='grc' dir='ltr'><strong>ποιοῦσιν</strong></span> <span class='ocrx_word' id='word_1_254' title='bbox 1336 2440 1648 2512; x_wconf 79' lang='grc' dir='ltr'><strong>ὁμολογίας·</strong></span> <span class='ocrx_word' id='word_1_255' title='bbox 1677 2434 1820 2513; x_wconf 81' lang='grc' dir='ltr'><strong>ὑπὲρ</strong></span> 
     </span>
    </p>
   </div>
   <div class='ocr_carea' id='block_1_39' title="bbox 214 2532 1817 2607">
    <p class='ocr_par' dir='ltr' id='par_1_39' title="bbox 214 2532 1817 2607">
     <span class='ocr_line' id='line_1_39' title="bbox 214 2532 1817 2607; baseline -0.004 -16"><span class='ocrx_word' id='word_1_256' title='bbox 214 2539 277 2591; x_wconf 78' lang='grc' dir='ltr'><strong>δὲ</strong></span> <span class='ocrx_word' id='word_1_257' title='bbox 304 2541 418 2590; x_wconf 87' lang='grc' dir='ltr'><strong>τῶν</strong></span> <span class='ocrx_word' id='word_1_258' title='bbox 447 2535 942 2607; x_wconf 87' lang='grc' dir='ltr'><strong>ἐκκλησιαστικῶν,</strong></span> <span class='ocrx_word' id='word_1_259' title='bbox 983 2534 1145 2605; x_wconf 84' lang='grc' dir='ltr'><strong>μόνος</strong></span> <span class='ocrx_word' id='word_1_260' title='bbox 1175 2534 1203 2588; x_wconf 97' lang='lat'><strong>6</strong></span> <span class='ocrx_word' id='word_1_261' title='bbox 1226 2533 1509 2604; x_wconf 78' lang='grc' dir='ltr'><strong>οἰκονόμος</strong></span> <span class='ocrx_word' id='word_1_262' title='bbox 1538 2532 1817 2602; x_wconf 86' lang='grc' dir='ltr'><strong>ἐνάγεται,</strong></span> 
     </span>
    </p>
   </div>
   <div class='ocr_carea' id='block_1_40' title="bbox 214 2624 1820 2699">
    <p class='ocr_par' dir='ltr' id='par_1_40' title="bbox 214 2624 1820 2699">
     <span class='ocr_line' id='line_1_40' title="bbox 214 2624 1820 2699; baseline -0.003 -17"><span class='ocrx_word' id='word_1_263' title='bbox 214 2630 278 2682; x_wconf 77' lang='grc' dir='ltr'><strong>ὃν</strong></span> <span class='ocrx_word' id='word_1_264' title='bbox 311 2628 424 2699; x_wconf 83' lang='grc' dir='ltr'><strong>χρὴ</strong></span> <span class='ocrx_word' id='word_1_265' title='bbox 454 2627 603 2699; x_wconf 81' lang='grc' dir='ltr'><strong>παρὰ</strong></span> <span class='ocrx_word' id='word_1_266' title='bbox 628 2627 724 2680; x_wconf 68' lang='grc' dir='ltr'><strong>τοῦ</strong></span> <span class='ocrx_word' id='word_1_267' title='bbox 756 2626 1059 2680; x_wconf 86' lang='grc' dir='ltr'><strong>ἐπισκόπου</strong></span> <span class='ocrx_word' id='word_1_268' title='bbox 1088 2624 1369 2695; x_wconf 83' lang='grc' dir='ltr'><strong>γίνεσθαι,</strong></span> <span class='ocrx_word' id='word_1_269' title='bbox 1393 2624 1490 2678; x_wconf 70' lang='grc' dir='ltr'><strong>καὶ</strong></span> <span class='ocrx_word' id='word_1_270' title='bbox 1513 2624 1697 2678; x_wconf 86' lang='grc' dir='ltr'><strong>δίδωσι</strong></span> <span class='ocrx_word' id='word_1_271' title='bbox 1726 2624 1820 2677; x_wconf 81' lang='grc' dir='ltr'><strong>τὸν</strong></span> 
     </span>
    </p>
   </div>
   <div class='ocr_carea' id='block_1_41' title="bbox 214 2716 1818 2792">
    <p class='ocr_par' dir='ltr' id='par_1_41' title="bbox 214 2716 1818 2792">
     <span class='ocr_line' id='line_1_41' title="bbox 214 2716 1818 2792; baseline -0.004 -17"><span class='ocrx_word' id='word_1_272' title='bbox 214 2720 671 2792; x_wconf 69' lang='grc' dir='ltr'><strong>ἐκκλησιέκδικον</strong></span> <span class='ocrx_word' id='word_1_273' title='bbox 698 2718 994 2790; x_wconf 81' lang='grc' dir='ltr'><strong>ἐγγυητήν·</strong></span> <span class='ocrx_word' id='word_1_274' title='bbox 1038 2717 1133 2771; x_wconf 77' lang='grc' dir='ltr'><strong>καὶ</strong></span> <span class='ocrx_word' id='word_1_275' title='bbox 1168 2718 1227 2771; x_wconf 86' lang='grc' dir='ltr'><strong>ἐν</strong></span> <span class='ocrx_word' id='word_1_276' title='bbox 1255 2717 1355 2789; x_wconf 82' lang='grc' dir='ltr'><strong>μὲν</strong></span> <span class='ocrx_word' id='word_1_277' title='bbox 1381 2719 1495 2781; x_wconf 85' lang='grc' dir='ltr'><strong>τοῖς</strong></span> <span class='ocrx_word' id='word_1_278' title='bbox 1520 2717 1707 2789; x_wconf 83' lang='grc' dir='ltr'><strong>ἦττοσι</strong></span> <span class='ocrx_word' id='word_1_279' title='bbox 1738 2716 1818 2770; x_wconf 91' lang='grc' dir='ltr'><strong>δι-</strong></span> 
     </span>
    </p>
   </div>
   <div class='ocr_carea' id='block_1_42' title="bbox 214 2808 1820 2885">
    <p class='ocr_par' dir='ltr' id='par_1_42' title="bbox 214 2808 1820 2885">
     <span class='ocr_line' id='line_1_42' title="bbox 214 2808 1820 2885; baseline -0.003 -18"><span class='ocrx_word' id='word_1_280' title='bbox 214 2813 579 2883; x_wconf 82' lang='grc' dir='ltr'><strong>καστηρίοις,</strong></span> <span class='ocrx_word' id='word_1_281' title='bbox 619 2811 761 2885; x_wconf 79' lang='grc' dir='ltr'><strong>ὑπὲρ</strong></span> <span class='ocrx_word' id='word_1_282' title='bbox 794 2811 1159 2883; x_wconf 85' lang='grc' dir='ltr'><strong>ὑπομνήσεως</strong></span> <span class='ocrx_word' id='word_1_283' title='bbox 1190 2808 1426 2863; x_wconf 90' lang='grc' dir='ltr'><strong>διδόασιν</strong></span> <span class='ocrx_word' id='word_1_284' title='bbox 1454 2808 1503 2863; x_wconf 84' lang='grc' dir='ltr'><strong>οἰ</strong></span> <span class='ocrx_word' id='word_1_285' title='bbox 1528 2809 1820 2862; x_wconf 84' lang='grc' dir='ltr'><strong>ἐπίσκοποι</strong></span> 
     </span>
    </p>
   </div>
   <div class='ocr_carea' id='block_1_43' title="bbox 214 2900 1822 2978">
    <p class='ocr_par' dir='ltr' id='par_1_43' title="bbox 214 2900 1822 2978">
     <span class='ocr_line' id='line_1_43' title="bbox 214 2900 1822 2978; baseline -0.004 -16"><span class='ocrx_word' id='word_1_286' title='bbox 214 2906 320 2962; x_wconf 79' lang='grc' dir='ltr'><strong>καὶ</strong></span> <span class='ocrx_word' id='word_1_287' title='bbox 352 2906 403 2960; x_wconf 89' lang='grc' dir='ltr'><strong>οί</strong></span> <span class='ocrx_word' id='word_1_288' title='bbox 432 2904 689 2978; x_wconf 74' lang='grc' dir='ltr'><strong>κληρικοὶ</strong></span> <span class='ocrx_word' id='word_1_289' title='bbox 730 2906 843 2967; x_wconf 79' lang='grc' dir='ltr'><strong>τοῖς</strong></span> <span class='ocrx_word' id='word_1_290' title='bbox 870 2903 1226 2967; x_wconf 80' lang='grc' dir='ltr'><strong>ἐκϐιϐασταῖς</strong></span> <span class='ocrx_word' id='word_1_291' title='bbox 1254 2902 1316 2958; x_wconf 84' lang='grc' dir='ltr'><strong>οὐ</strong></span> <span class='ocrx_word' id='word_1_292' title='bbox 1351 2900 1517 2956; x_wconf 82' lang='grc' dir='ltr'><strong>πλέον</strong></span> <span class='ocrx_word' id='word_1_293' title='bbox 1543 2900 1638 2955; x_wconf 84' lang='grc' dir='ltr'><strong>τοῦ</strong></span> <span class='ocrx_word' id='word_1_294' title='bbox 1668 2902 1822 2973; x_wconf 86' lang='grc' dir='ltr'><strong>νομί-</strong></span> 
     </span>
    </p>
   </div>
   <div class='ocr_carea' id='block_1_44' title="bbox 216 2993 1821 3069">
    <p class='ocr_par' dir='ltr' id='par_1_44' title="bbox 216 2993 1821 3069">
     <span class='ocr_line' id='line_1_44' title="bbox 216 2993 1821 3069; baseline -0.003 -18"><span class='ocrx_word' id='word_1_295' title='bbox 216 3013 457 3069; x_wconf 83' lang='grc' dir='ltr'><strong>σματος·</strong></span> <span class='ocrx_word' id='word_1_296' title='bbox 493 2999 542 3051; x_wconf 87' lang='grc' dir='ltr'><strong>εἰ</strong></span> <span class='ocrx_word' id='word_1_297' title='bbox 574 2997 631 3051; x_wconf 82' lang='grc' dir='ltr'><strong>δέ</strong></span> <span class='ocrx_word' id='word_1_298' title='bbox 677 2996 746 3051; x_wconf 89' lang='grc' dir='ltr'><strong>δι’</strong></span> <span class='ocrx_word' id='word_1_299' title='bbox 778 2995 1108 3052; x_wconf 83' lang='grc' dir='ltr'><strong>ἐκϐιϐαστοῦ</strong></span> <span class='ocrx_word' id='word_1_300' title='bbox 1135 2996 1246 3049; x_wconf 89' lang='grc' dir='ltr'><strong>τῶν</strong></span> <span class='ocrx_word' id='word_1_301' title='bbox 1288 2994 1556 3066; x_wconf 83' lang='grc' dir='ltr'><strong>ὑπάρχων</strong></span> <span class='ocrx_word' id='word_1_302' title='bbox 1583 2994 1701 3048; x_wconf 71' lang='grc' dir='ltr'><strong>ἀπὸ</strong></span> <span class='ocrx_word' id='word_1_303' title='bbox 1716 2993 1821 3067; x_wconf 77' lang='grc' dir='ltr'><strong>ψή-</strong></span> 
     </span>
    </p>
   </div>
   <div class='ocr_carea' id='block_1_45' title="bbox 214 3082 1817 3162">
    <p class='ocr_par' dir='ltr' id='par_1_45' title="bbox 214 3082 1817 3162">
     <span class='ocr_line' id='line_1_45' title="bbox 214 3082 1817 3162; baseline -0.004 -17"><span class='ocrx_word' id='word_1_304' title='bbox 214 3109 329 3162; x_wconf 81' lang='grc' dir='ltr'><strong>φου</strong></span> <span class='ocrx_word' id='word_1_305' title='bbox 362 3090 541 3145; x_wconf 74' lang='grc' dir='ltr'><strong>αὐτῶν</strong></span> <span class='ocrx_word' id='word_1_306' title='bbox 577 3087 1003 3162; x_wconf 82' lang='grc' dir='ltr'><strong>ὑπομνησθῶσιν</strong></span> <span class='ocrx_word' id='word_1_307' title='bbox 1044 3090 1103 3142; x_wconf 89' lang='grc' dir='ltr'><strong>ἐν</strong></span> <span class='ocrx_word' id='word_1_308' title='bbox 1145 3088 1436 3159; x_wconf 85' lang='grc' dir='ltr'><strong>ἐπαρχίαις</strong></span> <span class='ocrx_word' id='word_1_309' title='bbox 1466 3087 1526 3141; x_wconf 84' lang='grc' dir='ltr'><strong>οὑ</strong></span> <span class='ocrx_word' id='word_1_310' title='bbox 1558 3085 1722 3139; x_wconf 81' lang='grc' dir='ltr'><strong>πλέον</strong></span> <span class='ocrx_word' id='word_1_311' title='bbox 1772 3082 1817 3156; x_wconf 86' lang='grc' dir='ltr'><strong>β’</strong></span> 
     </span>
    </p>
   </div>
   <div class='ocr_carea' id='block_1_46' title="bbox 1843 1846 1893 1906">
    <p class='ocr_par' dir='ltr' id='par_1_46' title="bbox 1843 1846 1893 1906">
     <span class='ocr_line' id='line_1_46' title="bbox 1843 1846 1893 1906; baseline 0 0"><span class='ocrx_word' id='word_1_312' title='bbox 1843 1846 1893 1906; x_wconf 90' lang='grc' dir='ltr'><strong>Β</strong></span> 
     </span>
    </p>
   </div>
   <div class='ocr_carea' id='block_1_47' title="bbox 1922 1882 3515 1955">
    <p class='ocr_par' dir='ltr' id='par_1_47' title="bbox 1922 1882 3515 1955">
     <span class='ocr_line' id='line_1_47' title="bbox 1922 1882 3515 1955; baseline -0.002 -17"><span class='ocrx_word' id='word_1_313' title='bbox 1922 1885 2029 1955; x_wconf 91' lang='lat' dir='ltr'><strong>poli</strong></span> <span class='ocrx_word' id='word_1_314' title='bbox 2062 1884 2263 1953; x_wconf 85' lang='lat' dir='ltr'><strong>reperti</strong></span> <span class='ocrx_word' id='word_1_315' title='bbox 2286 1925 2301 1949; x_wconf 95' lang='lat'><strong>,</strong></span> <span class='ocrx_word' id='word_1_316' title='bbox 2333 1884 2478 1954; x_wconf 78' lang='lat' dir='ltr'><strong>apud</strong></span> <span class='ocrx_word' id='word_1_317' title='bbox 2514 1884 2803 1955; x_wconf 66' lang='lat' dir='ltr'><strong>praefectos</strong></span> <span class='ocrx_word' id='word_1_318' title='bbox 2837 1883 3105 1937; x_wconf 92' lang='lat' dir='ltr'><strong>duntaxat</strong></span> <span class='ocrx_word' id='word_1_319' title='bbox 3151 1882 3360 1952; x_wconf 86' lang='lat' dir='ltr'><strong>judicio</strong></span> <span class='ocrx_word' id='word_1_320' title='bbox 3391 1882 3515 1951; x_wconf 87' lang='lat' dir='ltr'><strong>pul-</strong></span> 
     </span>
    </p>
   </div>
   <div class='ocr_carea' id='block_1_48' title="bbox 1921 1974 3513 2045">
    <p class='ocr_par' dir='ltr' id='par_1_48' title="bbox 1921 1974 3513 2045">
     <span class='ocr_line' id='line_1_48' title="bbox 1921 1974 3513 2045; baseline -0.001 -14"><span class='ocrx_word' id='word_1_321' title='bbox 1921 1980 2156 2040; x_wconf 72' lang='lat' dir='ltr'><strong>sentur,i</strong></span> <span class='ocrx_word' id='word_1_322' title='bbox 2182 1974 2273 2030; x_wconf 90' lang='lat' dir='ltr'><strong>ubi</strong></span> <span class='ocrx_word' id='word_1_323' title='bbox 2314 1983 2369 2030; x_wconf 91' lang='lat' dir='ltr'><strong>et</strong></span> <span class='ocrx_word' id='word_1_324' title='bbox 2419 1975 2598 2028; x_wconf 91' lang='lat' dir='ltr'><strong>honor</strong></span> <span class='ocrx_word' id='word_1_325' title='bbox 2648 1975 2781 2045; x_wconf 87' lang='lat' dir='ltr'><strong>ipsis</strong></span> <span class='ocrx_word' id='word_1_326' title='bbox 2817 1985 3089 2040; x_wconf 85' lang='lat' dir='ltr'><strong>servetur,</strong></span> <span class='ocrx_word' id='word_1_327' title='bbox 3120 1984 3175 2030; x_wconf 89' lang='lat' dir='ltr'><strong>et</strong></span> <span class='ocrx_word' id='word_1_328' title='bbox 3218 1975 3513 2030; x_wconf 87' lang='lat' dir='ltr'><strong>advocatos</strong></span> 
     </span>
    </p>
   </div>
   <div class='ocr_carea' id='block_1_49' title="bbox 1921 2064 3512 2136">
    <p class='ocr_par' dir='ltr' id='par_1_49' title="bbox 1921 2064 3512 2136">
     <span class='ocr_line' id='line_1_49' title="bbox 1921 2064 3512 2136; baseline -0.001 -16"><span class='ocrx_word' id='word_1_329' title='bbox 1921 2065 2215 2136; x_wconf 63' lang='lat' dir='ltr'><strong>accipiant.</strong></span> <span class='ocrx_word' id='word_1_330' title='bbox 2259 2064 2317 2120; x_wconf 85' lang='lat' dir='ltr'><strong>Si</strong></span> <span class='ocrx_word' id='word_1_331' title='bbox 2356 2080 2489 2120; x_wconf 90' lang='lat' dir='ltr'><strong>vero</strong></span> <span class='ocrx_word' id='word_1_332' title='bbox 2518 2065 2573 2119; x_wconf 86' lang='lat' dir='ltr'><strong>in</strong></span> <span class='ocrx_word' id='word_1_333' title='bbox 2616 2065 2918 2135; x_wconf 81' lang='lat' dir='ltr'><strong>provinciis</strong></span> <span class='ocrx_word' id='word_1_334' title='bbox 2949 2064 3020 2119; x_wconf 91' lang='lat' dir='ltr'><strong>ob</strong></span> <span class='ocrx_word' id='word_1_335' title='bbox 3056 2066 3311 2135; x_wconf 81' lang='lat' dir='ltr'><strong>proprias</strong></span> <span class='ocrx_word' id='word_1_336' title='bbox 3340 2080 3428 2119; x_wconf 92' lang='lat' dir='ltr'><strong>res</strong></span> <span class='ocrx_word' id='word_1_337' title='bbox 3455 2066 3512 2119; x_wconf 88' lang='lat' dir='ltr'><strong>iu</strong></span> 
     </span>
    </p>
   </div>
   <div class='ocr_carea' id='block_1_50' title="bbox 1916 2158 3511 2229">
    <p class='ocr_par' dir='ltr' id='par_1_50' title="bbox 1916 2158 3511 2229">
     <span class='ocr_line' id='line_1_50' title="bbox 1916 2158 3511 2229; baseline -0.001 -16"><span class='ocrx_word' id='word_1_338' title='bbox 1916 2159 2011 2229; x_wconf 86' lang='lat' dir='ltr'><strong>jus</strong></span> <span class='ocrx_word' id='word_1_339' title='bbox 2038 2166 2325 2221; x_wconf 87' lang='lat' dir='ltr'><strong>vocentur,</strong></span> <span class='ocrx_word' id='word_1_340' title='bbox 2359 2172 2679 2214; x_wconf 70' lang='lat' dir='ltr'><strong>mconomos</strong></span> <span class='ocrx_word' id='word_1_341' title='bbox 2714 2160 2982 2212; x_wconf 75' lang='lat' dir='ltr'><strong>duntaxat</strong></span> <span class='ocrx_word' id='word_1_342' title='bbox 3005 2167 3098 2211; x_wconf 89' lang='lat' dir='ltr'><strong>aut</strong></span> <span class='ocrx_word' id='word_1_343' title='bbox 3136 2159 3384 2213; x_wconf 75' lang='lat' dir='ltr'><strong>ecclesia:</strong></span> <span class='ocrx_word' id='word_1_344' title='bbox 3411 2158 3511 2212; x_wconf 59' lang='lat' dir='ltr'><strong>de-</strong></span> 
     </span>
    </p>
   </div>
   <div class='ocr_carea' id='block_1_51' title="bbox 1922 2249 3510 2320">
    <p class='ocr_par' dir='ltr' id='par_1_51' title="bbox 1922 2249 3510 2320">
     <span class='ocr_line' id='line_1_51' title="bbox 1922 2249 3510 2320; baseline -0.002 -14"><span class='ocrx_word' id='word_1_345' title='bbox 1922 2252 2169 2307; x_wconf 73' lang='lat' dir='ltr'><strong>tonsores</strong></span> <span class='ocrx_word' id='word_1_346' title='bbox 2199 2249 2556 2320; x_wconf 79' lang='lat' dir='ltr'><strong>ﬁdeiussores</strong></span> <span class='ocrx_word' id='word_1_347' title='bbox 2604 2252 2779 2308; x_wconf 82' lang='lat' dir='ltr'><strong>deut:</strong></span> <span class='ocrx_word' id='word_1_348' title='bbox 2821 2251 2965 2320; x_wconf 82' lang='lat' dir='ltr'><strong>apud</strong></span> <span class='ocrx_word' id='word_1_349' title='bbox 3006 2250 3293 2320; x_wconf 68' lang='lat' dir='ltr'><strong>praefectos</strong></span> <span class='ocrx_word' id='word_1_350' title='bbox 3325 2260 3510 2305; x_wconf 83' lang='lat' dir='ltr'><strong>autem</strong></span> 
     </span>
    </p>
   </div>
   <div class='ocr_carea' id='block_1_52' title="bbox 1920 2340 3514 2412">
    <p class='ocr_par' dir='ltr' id='par_1_52' title="bbox 1920 2340 3514 2412">
     <span class='ocr_line' id='line_1_52' title="bbox 1920 2340 3514 2412; baseline -0.003 -13"><span class='ocrx_word' id='word_1_351' title='bbox 1920 2343 1987 2399; x_wconf 89' lang='lat' dir='ltr'><strong>de</strong></span> <span class='ocrx_word' id='word_1_352' title='bbox 2020 2342 2186 2398; x_wconf 84' lang='lat' dir='ltr'><strong>rebus</strong></span> <span class='ocrx_word' id='word_1_353' title='bbox 2236 2340 2575 2412; x_wconf 87' lang='lat' dir='ltr'><strong>pecuniariis</strong></span> <span class='ocrx_word' id='word_1_354' title='bbox 2629 2344 2908 2407; x_wconf 87' lang='lat' dir='ltr'><strong>conventi,</strong></span> <span class='ocrx_word' id='word_1_355' title='bbox 2944 2352 3037 2397; x_wconf 89' lang='lat' dir='ltr'><strong>aut</strong></span> <span class='ocrx_word' id='word_1_356' title='bbox 3091 2343 3329 2397; x_wconf 84' lang='lat' dir='ltr'><strong>vicarias</strong></span> <span class='ocrx_word' id='word_1_357' title='bbox 3381 2342 3514 2396; x_wconf 82' lang='lat' dir='ltr'><strong>lide-</strong></span> 
     </span>
    </p>
   </div>
   <div class='ocr_carea' id='block_1_53' title="bbox 1914 2433 3511 2509">
    <p class='ocr_par' dir='ltr' id='par_1_53' title="bbox 1914 2433 3511 2509">
     <span class='ocr_line' id='line_1_53' title="bbox 1914 2433 3511 2509; baseline -0.002 -17"><span class='ocrx_word' id='word_1_358' title='bbox 1914 2437 2195 2509; x_wconf 89' lang='lat' dir='ltr'><strong>jussiones</strong></span> <span class='ocrx_word' id='word_1_359' title='bbox 2249 2444 2534 2508; x_wconf 63' lang='lat' dir='ltr'><strong>praestent,</strong></span> <span class='ocrx_word' id='word_1_360' title='bbox 2591 2444 2686 2490; x_wconf 88' lang='lat' dir='ltr'><strong>aut</strong></span> <span class='ocrx_word' id='word_1_361' title='bbox 2747 2434 2851 2491; x_wconf 88' lang='lat' dir='ltr'><strong>sub</strong></span> <span class='ocrx_word' id='word_1_362' title='bbox 2906 2433 3226 2491; x_wconf 80' lang='lat' dir='ltr'><strong>facultatum</strong></span> <span class='ocrx_word' id='word_1_363' title='bbox 3282 2450 3511 2491; x_wconf 90' lang='lat' dir='ltr'><strong>suarum</strong></span> 
     </span>
    </p>
   </div>
   <div class='ocr_carea' id='block_1_54' title="bbox 1923 2526 3511 2600">
    <p class='ocr_par' dir='ltr' id='par_1_54' title="bbox 1923 2526 3511 2600">
     <span class='ocr_line' id='line_1_54' title="bbox 1923 2526 3511 2600; baseline -0.001 -17"><span class='ocrx_word' id='word_1_364' title='bbox 1923 2528 2257 2599; x_wconf 82' lang='lat' dir='ltr'><strong>obligatione</strong></span> <span class='ocrx_word' id='word_1_365' title='bbox 2280 2529 2564 2584; x_wconf 89' lang='lat' dir='ltr'><strong>cautiones</strong></span> <span class='ocrx_word' id='word_1_366' title='bbox 2607 2527 2832 2583; x_wconf 79' lang='lat' dir='ltr'><strong>faciant.</strong></span> <span class='ocrx_word' id='word_1_367' title='bbox 2866 2526 3070 2600; x_wconf 86' lang='lat' dir='ltr'><strong>[Quod]</strong></span> <span class='ocrx_word' id='word_1_368' title='bbox 3124 2531 3192 2583; x_wconf 88' lang='lat' dir='ltr'><strong>de</strong></span> <span class='ocrx_word' id='word_1_369' title='bbox 3244 2527 3511 2583; x_wconf 87' lang='lat' dir='ltr'><strong>ecclesia-</strong></span> 
     </span>
    </p>
   </div>
   <div class='ocr_carea' id='block_1_55' title="bbox 1925 2618 3509 2693">
    <p class='ocr_par' dir='ltr' id='par_1_55' title="bbox 1925 2618 3509 2693">
     <span class='ocr_line' id='line_1_55' title="bbox 1925 2618 3509 2693; baseline -0.002 -16"><span class='ocrx_word' id='word_1_370' title='bbox 1925 2621 2079 2677; x_wconf 90' lang='lat' dir='ltr'><strong>sticis</strong></span> <span class='ocrx_word' id='word_1_371' title='bbox 2116 2618 2327 2693; x_wconf 88' lang='lat' dir='ltr'><strong>[rebus]</strong></span> <span class='ocrx_word' id='word_1_372' title='bbox 2363 2620 2515 2677; x_wconf 90' lang='lat' dir='ltr'><strong>solus</strong></span> <span class='ocrx_word' id='word_1_373' title='bbox 2548 2622 2873 2676; x_wconf 72' lang='lat' dir='ltr'><strong>&#39;mconomus</strong></span> <span class='ocrx_word' id='word_1_374' title='bbox 2907 2620 3289 2685; x_wconf 85' lang='lat' dir='ltr'><strong>conveniatur,</strong></span> <span class='ocrx_word' id='word_1_375' title='bbox 3342 2635 3509 2689; x_wconf 88' lang='lat' dir='ltr'><strong>quem</strong></span> 
     </span>
    </p>
   </div>
   <div class='ocr_carea' id='block_1_56' title="bbox 1920 2712 3515 2786">
    <p class='ocr_par' dir='ltr' id='par_1_56' title="bbox 1920 2712 3515 2786">
     <span class='ocr_line' id='line_1_56' title="bbox 1920 2712 3515 2786; baseline -0.002 -17"><span class='ocrx_word' id='word_1_376' title='bbox 1920 2715 1989 2769; x_wconf 86' lang='lat' dir='ltr'><strong>ab</strong></span> <span class='ocrx_word' id='word_1_377' title='bbox 2018 2714 2279 2785; x_wconf 84' lang='lat' dir='ltr'><strong>episcopo</strong></span> <span class='ocrx_word' id='word_1_378' title='bbox 2322 2714 2567 2769; x_wconf 88' lang='lat' dir='ltr'><strong>ordinari</strong></span> <span class='ocrx_word' id='word_1_379' title='bbox 2620 2722 2857 2784; x_wconf 88' lang='lat' dir='ltr'><strong>oportet,</strong></span> <span class='ocrx_word' id='word_1_380' title='bbox 2894 2723 3059 2784; x_wconf 90' lang='lat' dir='ltr'><strong>atque</strong></span> <span class='ocrx_word' id='word_1_381' title='bbox 3088 2712 3226 2786; x_wconf 70' lang='lat' dir='ltr'><strong>[ille]</strong></span> <span class='ocrx_word' id='word_1_382' title='bbox 3256 2712 3515 2768; x_wconf 67' lang='lat' dir='ltr'><strong>Ecclesiae</strong></span> 
     </span>
    </p>
   </div>
   <div class='ocr_carea' id='block_1_57' title="bbox 1920 2804 3512 2878">
    <p class='ocr_par' dir='ltr' id='par_1_57' title="bbox 1920 2804 3512 2878">
     <span class='ocr_line' id='line_1_57' title="bbox 1920 2804 3512 2878; baseline -0.001 -17"><span class='ocrx_word' id='word_1_383' title='bbox 1920 2805 2264 2862; x_wconf 81' lang='lat' dir='ltr'><strong>defensorem</strong></span> <span class='ocrx_word' id='word_1_384' title='bbox 2295 2806 2677 2877; x_wconf 83' lang='lat' dir='ltr'><strong>lidejussorem</strong></span> <span class='ocrx_word' id='word_1_385' title='bbox 2709 2807 2969 2874; x_wconf 67' lang='lat' dir='ltr'><strong>prtebeat.</strong></span> <span class='ocrx_word' id='word_1_386' title='bbox 2997 2804 3200 2878; x_wconf 84' lang='lat' dir='ltr'><strong>[Quod]</strong></span> <span class='ocrx_word' id='word_1_387' title='bbox 3238 2806 3291 2859; x_wconf 91' lang='lat' dir='ltr'><strong>in</strong></span> <span class='ocrx_word' id='word_1_388' title='bbox 3326 2806 3512 2859; x_wconf 89' lang='lat' dir='ltr'><strong>mino-</strong></span> 
     </span>
    </p>
   </div>
   <div class='ocr_carea' id='block_1_58' title="bbox 1923 2897 3516 2970">
    <p class='ocr_par' dir='ltr' id='par_1_58' title="bbox 1923 2897 3516 2970">
     <span class='ocr_line' id='line_1_58' title="bbox 1923 2897 3516 2970; baseline -0.001 -17"><span class='ocrx_word' id='word_1_389' title='bbox 1923 2900 2078 2955; x_wconf 91' lang='lat' dir='ltr'><strong>ribus</strong></span> <span class='ocrx_word' id='word_1_390' title='bbox 2106 2898 2336 2969; x_wconf 90' lang='lat' dir='ltr'><strong>judiciis</strong></span> <span class='ocrx_word' id='word_1_391' title='bbox 2388 2899 2630 2970; x_wconf 88' lang='lat' dir='ltr'><strong>episcopi</strong></span> <span class='ocrx_word' id='word_1_392' title='bbox 2694 2908 2749 2953; x_wconf 89' lang='lat' dir='ltr'><strong>et</strong></span> <span class='ocrx_word' id='word_1_393' title='bbox 2805 2898 2990 2954; x_wconf 89' lang='lat' dir='ltr'><strong>clerici</strong></span> <span class='ocrx_word' id='word_1_394' title='bbox 3048 2914 3148 2968; x_wconf 92' lang='lat' dir='ltr'><strong>pro</strong></span> <span class='ocrx_word' id='word_1_395' title='bbox 3212 2897 3516 2952; x_wconf 78' lang='lat' dir='ltr'><strong>monitione</strong></span> 
     </span>
    </p>
   </div>
   <div class='ocr_carea' id='block_1_59' title="bbox 1921 2990 3512 3061">
    <p class='ocr_par' dir='ltr' id='par_1_59' title="bbox 1921 2990 3512 3061">
     <span class='ocr_line' id='line_1_59' title="bbox 1921 2990 3512 3061; baseline -0.001 -15"><span class='ocrx_word' id='word_1_396' title='bbox 1921 2991 2341 3047; x_wconf 89' lang='lat' dir='ltr'><strong>exsecutoribus</strong></span> <span class='ocrx_word' id='word_1_397' title='bbox 2408 3007 2515 3046; x_wconf 91' lang='lat' dir='ltr'><strong>non</strong></span> <span class='ocrx_word' id='word_1_398' title='bbox 2580 2991 2819 3061; x_wconf 90' lang='lat' dir='ltr'><strong>amplius</strong></span> <span class='ocrx_word' id='word_1_399' title='bbox 2896 2990 3076 3046; x_wconf 89' lang='lat' dir='ltr'><strong>solido</strong></span> <span class='ocrx_word' id='word_1_400' title='bbox 3135 2990 3512 3060; x_wconf 78' lang='lat' dir='ltr'><strong>sportularum</strong></span> 
     </span>
    </p>
   </div>
   <div class='ocr_carea' id='block_1_60' title="bbox 1922 3083 3509 3156">
    <p class='ocr_par' dir='ltr' id='par_1_60' title="bbox 1922 3083 3509 3156">
     <span class='ocr_line' id='line_1_60' title="bbox 1922 3083 3509 3156; baseline -0.001 -17"><span class='ocrx_word' id='word_1_401' title='bbox 1922 3084 2146 3140; x_wconf 89' lang='lat' dir='ltr'><strong>nomine</strong></span> <span class='ocrx_word' id='word_1_402' title='bbox 2174 3085 2330 3140; x_wconf 88' lang='lat' dir='ltr'><strong>dent.</strong></span> <span class='ocrx_word' id='word_1_403' title='bbox 2361 3083 2417 3139; x_wconf 90' lang='lat' dir='ltr'><strong>Si</strong></span> <span class='ocrx_word' id='word_1_404' title='bbox 2449 3100 2578 3140; x_wconf 89' lang='lat' dir='ltr'><strong>vero</strong></span> <span class='ocrx_word' id='word_1_405' title='bbox 2608 3085 2678 3140; x_wconf 88' lang='lat' dir='ltr'><strong>ab</strong></span> <span class='ocrx_word' id='word_1_406' title='bbox 2709 3083 3089 3156; x_wconf 72' lang='lat' dir='ltr'><strong>praefectorum</strong></span> <span class='ocrx_word' id='word_1_407' title='bbox 3128 3099 3195 3139; x_wconf 83' lang='lat' dir='ltr'><strong>ex</strong></span> <span class='ocrx_word' id='word_1_408' title='bbox 3241 3085 3509 3155; x_wconf 81' lang='lat' dir='ltr'><strong>sententia</strong></span> 
     </span>
    </p>
   </div>
   <div class='ocr_carea' id='block_1_61' title="bbox 212 3175 1835 3261">
    <p class='ocr_par' dir='ltr' id='par_1_61' title="bbox 212 3175 1820 3255">
     <span class='ocr_line' id='line_1_61' title="bbox 212 3175 1820 3255; baseline -0.006 -16"><span class='ocrx_word' id='word_1_409' title='bbox 212 3184 540 3255; x_wconf 67' lang='grc' dir='ltr'><strong>νομίσματα</strong></span> <span class='ocrx_word' id='word_1_410' title='bbox 557 3182 792 3237; x_wconf 87' lang='grc' dir='ltr'><strong>διδόασιν</strong></span> <span class='ocrx_word' id='word_1_411' title='bbox 816 3180 957 3251; x_wconf 82' lang='grc' dir='ltr'><strong>ὑπὲρ</strong></span> <span class='ocrx_word' id='word_1_412' title='bbox 974 3178 1341 3251; x_wconf 82' lang='grc' dir='ltr'><strong>σπορτούλων.</strong></span> <span class='ocrx_word' id='word_1_413' title='bbox 1360 3179 1447 3231; x_wconf 85' lang='grc' dir='ltr'><strong>Ἐν</strong></span> <span class='ocrx_word' id='word_1_414' title='bbox 1471 3177 1750 3249; x_wconf 80' lang='grc' dir='ltr'><strong>Βυζαντίῳ</strong></span> <span class='ocrx_word' id='word_1_415' title='bbox 1763 3175 1820 3230; x_wconf 82' lang='grc' dir='ltr'>δὲ</span> 
     </span>
    </p>
   </div>
   <div class='ocr_carea' id='block_1_62' title="bbox 1924 3175 3512 3261">
    <p class='ocr_par' dir='ltr' id='par_1_62' title="bbox 1927 3175 3512 3247">
     <span class='ocr_line' id='line_1_62' title="bbox 1927 3175 3512 3247; baseline 0 -16"><span class='ocrx_word' id='word_1_416' title='bbox 1927 3178 2169 3247; x_wconf 89' lang='lat' dir='ltr'><strong>ipsorum</strong></span> <span class='ocrx_word' id='word_1_417' title='bbox 2226 3178 2631 3232; x_wconf 87' lang='lat' dir='ltr'><strong>admoneantur</strong></span> <span class='ocrx_word' id='word_1_418' title='bbox 2675 3178 2728 3231; x_wconf 92' lang='lat' dir='ltr'><strong>in</strong></span> <span class='ocrx_word' id='word_1_419' title='bbox 2782 3176 3085 3246; x_wconf 89' lang='lat' dir='ltr'><strong>provincia,</strong></span> <span class='ocrx_word' id='word_1_420' title='bbox 3124 3192 3231 3231; x_wconf 91' lang='lat' dir='ltr'><strong>non</strong></span> <span class='ocrx_word' id='word_1_421' title='bbox 3274 3175 3512 3246; x_wconf 86' lang='lat' dir='ltr'><strong>amplius</strong></span> 
     </span>
    </p>
   </div>
   <div class='ocr_carea' id='block_1_63' title="bbox 212 3265 1814 3341">
    <p class='ocr_par' dir='ltr' id='par_1_63' title="bbox 212 3265 1814 3341">
     <span class='ocr_line' id='line_1_63' title="bbox 212 3265 1814 3341; baseline -0.003 -16"><span class='ocrx_word' id='word_1_422' title='bbox 212 3271 543 3341; x_wconf 72' lang='grc' dir='ltr'><strong>νομίσματα</strong></span> <span class='ocrx_word' id='word_1_423' title='bbox 559 3269 777 3324; x_wconf 87' lang='grc' dir='ltr'><strong>δίδωσιν</strong></span> <span class='ocrx_word' id='word_1_424' title='bbox 804 3271 831 3323; x_wconf 92' lang='lat'><strong>6</strong></span> <span class='ocrx_word' id='word_1_425' title='bbox 847 3268 1103 3334; x_wconf 81' lang='grc' dir='ltr'><strong>ἐξωτικδς</strong></span> <span class='ocrx_word' id='word_1_426' title='bbox 1117 3267 1375 3340; x_wconf 72' lang='grc' dir='ltr'><strong>κληρικὸς</strong></span> <span class='ocrx_word' id='word_1_427' title='bbox 1391 3268 1530 3339; x_wconf 83' lang='grc' dir='ltr'><strong>ὑπὲρ</strong></span> <span class='ocrx_word' id='word_1_428' title='bbox 1547 3265 1814 3337; x_wconf 78' lang='grc' dir='ltr'><strong>σπορτού-</strong></span> 
     </span>
    </p>
   </div>
   <div class='ocr_carea' id='block_1_64' title="bbox 217 3360 1818 3435">
    <p class='ocr_par' dir='ltr' id='par_1_64' title="bbox 217 3360 1818 3435">
     <span class='ocr_line' id='line_1_64' title="bbox 217 3360 1818 3435; baseline -0.001 -18"><span class='ocrx_word' id='word_1_429' title='bbox 217 3365 359 3417; x_wconf 75' lang='grc' dir='ltr'><strong>λων·</strong></span> <span class='ocrx_word' id='word_1_430' title='bbox 375 3363 462 3433; x_wconf 84' lang='grc' dir='ltr'><strong>ἐφ’</strong></span> <span class='ocrx_word' id='word_1_431' title='bbox 475 3363 775 3435; x_wconf 78' lang='grc' dir='ltr'><strong>όσῃδήποτε</strong></span> <span class='ocrx_word' id='word_1_432' title='bbox 807 3365 1065 3434; x_wconf 84' lang='grc' dir='ltr'><strong>ποσότητι</strong></span> <span class='ocrx_word' id='word_1_433' title='bbox 1090 3364 1419 3433; x_wconf 87' lang='grc' dir='ltr'><strong>ἐναγόμενος</strong></span> <span class='ocrx_word' id='word_1_434' title='bbox 1436 3363 1464 3415; x_wconf 88' lang='grc' dir='ltr'><strong>ὁ</strong></span> <span class='ocrx_word' id='word_1_435' title='bbox 1488 3360 1818 3432; x_wconf 82' lang='grc' dir='ltr'><strong>ἐκϐιϐαστὴς</strong></span> 
     </span>
    </p>
   </div>
   <div class='ocr_carea' id='block_1_65' title="bbox 213 3453 1816 3527">
    <p class='ocr_par' dir='ltr' id='par_1_65' title="bbox 213 3453 1816 3527">
     <span class='ocr_line' id='line_1_65' title="bbox 213 3453 1816 3527; baseline -0.003 -16"><span class='ocrx_word' id='word_1_436' title='bbox 213 3455 543 3527; x_wconf 76' lang='grc' dir='ltr'><strong>οἱονδήποτε</strong></span> <span class='ocrx_word' id='word_1_437' title='bbox 567 3455 828 3527; x_wconf 83' lang='grc' dir='ltr'><strong>κληρικδν</strong></span> <span class='ocrx_word' id='word_1_438' title='bbox 853 3454 1138 3527; x_wconf 31' lang='grc' dir='ltr'><strong>ὑϐρίζωνζῆ</strong></span> <span class='ocrx_word' id='word_1_439' title='bbox 1158 3454 1421 3520; x_wconf 86' lang='grc' dir='ltr'><strong>σκύλλων,</strong></span> <span class='ocrx_word' id='word_1_440' title='bbox 1440 3453 1816 3519; x_wconf 86' lang='grc' dir='ltr'><strong>άποζὼννυται</strong></span> 
     </span>
    </p>
   </div>
   <div class='ocr_carea' id='block_1_66' title="bbox 214 3543 1818 3619">
    <p class='ocr_par' dir='ltr' id='par_1_66' title="bbox 214 3543 1818 3619">
     <span class='ocr_line' id='line_1_66' title="bbox 214 3543 1818 3619; baseline -0.004 -18"><span class='ocrx_word' id='word_1_441' title='bbox 214 3547 319 3601; x_wconf 78' lang='grc' dir='ltr'><strong>καὶ</strong></span> <span class='ocrx_word' id='word_1_442' title='bbox 345 3546 591 3619; x_wconf 83' lang='grc' dir='ltr'><strong>ἐσχάτως</strong></span> <span class='ocrx_word' id='word_1_443' title='bbox 620 3548 966 3618; x_wconf 81' lang='grc' dir='ltr'><strong>τιμωρεῖται.</strong></span> <span class='ocrx_word' id='word_1_444' title='bbox 998 3545 1061 3599; x_wconf 83' lang='grc' dir='ltr'><strong>Εἰ</strong></span> <span class='ocrx_word' id='word_1_445' title='bbox 1086 3546 1145 3599; x_wconf 81' lang='grc' dir='ltr'><strong>δέ</strong></span> <span class='ocrx_word' id='word_1_446' title='bbox 1174 3563 1317 3607; x_wconf 87' lang='grc' dir='ltr'><strong>τινες</strong></span> <span class='ocrx_word' id='word_1_447' title='bbox 1348 3545 1590 3615; x_wconf 77' lang='grc' dir='ltr'><strong>φανῶσιν</strong></span> <span class='ocrx_word' id='word_1_448' title='bbox 1614 3543 1818 3607; x_wconf 78' lang='grc' dir='ltr'><strong>ἀδίκως</strong></span> 
     </span>
    </p>
   </div>
   <div class='ocr_carea' id='block_1_67' title="bbox 212 3634 1816 3707">
    <p class='ocr_par' dir='ltr' id='par_1_67' title="bbox 212 3634 1816 3707">
     <span class='ocr_line' id='line_1_67' title="bbox 212 3634 1816 3707; baseline -0.002 -15"><span class='ocrx_word' id='word_1_449' title='bbox 212 3638 414 3702; x_wconf 75' lang='grc' dir='ltr'><strong>αὐτοῖς</strong></span> <span class='ocrx_word' id='word_1_450' title='bbox 442 3636 767 3707; x_wconf 77' lang='grc' dir='ltr'><strong>ἐνάγοντες,</strong></span> <span class='ocrx_word' id='word_1_451' title='bbox 794 3636 1030 3690; x_wconf 86' lang='grc' dir='ltr'><strong>διδόασιν</strong></span> <span class='ocrx_word' id='word_1_452' title='bbox 1077 3634 1263 3699; x_wconf 78' lang='grc' dir='ltr'><strong>αὐτοῖς</strong></span> <span class='ocrx_word' id='word_1_453' title='bbox 1304 3635 1487 3699; x_wconf 90' lang='grc' dir='ltr'><strong>πάσας</strong></span> <span class='ocrx_word' id='word_1_454' title='bbox 1530 3634 1631 3699; x_wconf 84' lang='grc' dir='ltr'><strong>τὰς</strong></span> <span class='ocrx_word' id='word_1_455' title='bbox 1671 3636 1816 3689; x_wconf 80' lang='grc' dir='ltr'><strong>κατὰ</strong></span> 
     </span>
    </p>
   </div>
   <div class='ocr_carea' id='block_1_68' title="bbox 214 3726 1813 3802">
    <p class='ocr_par' dir='ltr' id='par_1_68' title="bbox 214 3726 1813 3802">
     <span class='ocr_line' id='line_1_68' title="bbox 214 3726 1813 3802; baseline -0.001 -18"><span class='ocrx_word' id='word_1_456' title='bbox 214 3731 504 3802; x_wconf 76' lang='grc' dir='ltr'><strong>πρόφασιν</strong></span> <span class='ocrx_word' id='word_1_457' title='bbox 538 3729 722 3784; x_wconf 74' lang='grc' dir='ltr'><strong>αὐτῶν</strong></span> <span class='ocrx_word' id='word_1_458' title='bbox 751 3731 815 3783; x_wconf 86' lang='grc' dir='ltr'><strong>ἐκ</strong></span> <span class='ocrx_word' id='word_1_459' title='bbox 845 3726 1137 3800; x_wconf 86' lang='grc' dir='ltr'><strong>προοιμίου</strong></span> <span class='ocrx_word' id='word_1_460' title='bbox 1173 3726 1272 3798; x_wconf 75' lang='grc' dir='ltr'><strong>τῆς</strong></span> <span class='ocrx_word' id='word_1_461' title='bbox 1312 3726 1469 3799; x_wconf 81' lang='grc' dir='ltr'><strong>δίκης</strong></span> <span class='ocrx_word' id='word_1_462' title='bbox 1511 3743 1813 3799; x_wconf 80' lang='grc' dir='ltr'><strong>προσγενο-</strong></span> 
     </span>
    </p>
   </div>
   <div class='ocr_carea' id='block_1_69' title="bbox 217 3821 905 3896">
    <p class='ocr_par' dir='ltr' id='par_1_69' title="bbox 217 3821 905 3896">
     <span class='ocr_line' id='line_1_69' title="bbox 217 3821 905 3896; baseline -0.001 -20"><span class='ocrx_word' id='word_1_463' title='bbox 217 3822 399 3896; x_wconf 52' lang='lat' dir='ltr'><strong>ulva;</strong></span> <span class='ocrx_word' id='word_1_464' title='bbox 430 3823 611 3887; x_wconf 72' lang='grc' dir='ltr'><strong>αὐτοῖς</strong></span> <span class='ocrx_word' id='word_1_465' title='bbox 640 3821 905 3886; x_wconf 75' lang='grc' dir='ltr'><strong>δαπάνας.</strong></span> 
     </span>
    </p>
   </div>
   <div class='ocr_carea' id='block_1_70' title="bbox 248 3982 293 4013">
    <p class='ocr_par' dir='ltr' id='par_1_70' title="bbox 248 3982 293 4013">
     <span class='ocr_line' id='line_1_70' title="bbox 248 3982 293 4013; baseline 0 -21"><span class='ocrx_word' id='word_1_466' title='bbox 248 3982 293 4013; x_wconf 54' lang='grc' dir='ltr'><em>ί</em></span> 
     </span>
    </p>
   </div>
   <div class='ocr_carea' id='block_1_71' title="bbox 307 4086 1817 4161">
    <p class='ocr_par' dir='ltr' id='par_1_71' title="bbox 307 4086 1817 4161">
     <span class='ocr_line' id='line_1_71' title="bbox 307 4086 1817 4161; baseline -0.001 -16"><span class='ocrx_word' id='word_1_467' title='bbox 307 4090 383 4145; x_wconf 68' lang='grc' dir='ltr'><strong>’Β</strong></span> <span class='ocrx_word' id='word_1_468' title='bbox 411 4090 469 4144; x_wconf 75' lang='grc' dir='ltr'><strong>δέ</strong></span> <span class='ocrx_word' id='word_1_469' title='bbox 513 4095 556 4143; x_wconf 83' lang='grc' dir='ltr'><strong>ν’</strong></span> <span class='ocrx_word' id='word_1_470' title='bbox 601 4088 743 4143; x_wconf 79' lang='grc' dir='ltr'><strong>διᾶτ.</strong></span> <span class='ocrx_word' id='word_1_471' title='bbox 788 4087 883 4143; x_wconf 81' lang='grc' dir='ltr'><strong>τοῦ</strong></span> <span class='ocrx_word' id='word_1_472' title='bbox 936 4087 1103 4145; x_wconf 81' lang='grc' dir='ltr'><strong>αὑτοῦ</strong></span> <span class='ocrx_word' id='word_1_473' title='bbox 1149 4087 1256 4143; x_wconf 79' lang='grc' dir='ltr'><strong>τίτ.</strong></span> <span class='ocrx_word' id='word_1_474' title='bbox 1302 4086 1489 4161; x_wconf 72' lang='grc' dir='ltr'><strong>φησὶν.</strong></span> <span class='ocrx_word' id='word_1_475' title='bbox 1526 4090 1609 4145; x_wconf 83' lang='grc' dir='ltr'><strong>ὅτι</strong></span> <span class='ocrx_word' id='word_1_476' title='bbox 1637 4091 1732 4144; x_wconf 73' lang='grc' dir='ltr'><strong>καὶ</strong></span> <span class='ocrx_word' id='word_1_477' title='bbox 1765 4091 1817 4144; x_wconf 77' lang='grc' dir='ltr'><strong>οι</strong></span> 
     </span>
    </p>
   </div>
   <div class='ocr_carea' id='block_1_72' title="bbox 215 4181 1812 4256">
    <p class='ocr_par' dir='ltr' id='par_1_72' title="bbox 215 4181 1812 4256">
     <span class='ocr_line' id='line_1_72' title="bbox 215 4181 1812 4256; baseline -0.001 -15"><span class='ocrx_word' id='word_1_478' title='bbox 215 4183 483 4255; x_wconf 69' lang='grc' dir='ltr'><strong>κληρικοὶ</strong></span> <span class='ocrx_word' id='word_1_479' title='bbox 525 4182 704 4248; x_wconf 88' lang='grc' dir='ltr'><strong>καλῶς</strong></span> <span class='ocrx_word' id='word_1_480' title='bbox 741 4183 801 4237; x_wconf 85' lang='grc' dir='ltr'><strong>ἐν</strong></span> <span class='ocrx_word' id='word_1_481' title='bbox 851 4181 1203 4254; x_wconf 86' lang='grc' dir='ltr'><strong>συμϐολαίοις</strong></span> <span class='ocrx_word' id='word_1_482' title='bbox 1244 4182 1576 4251; x_wconf 85' lang='grc' dir='ltr'><strong>άπολέγουσι</strong></span> <span class='ocrx_word' id='word_1_483' title='bbox 1605 4185 1673 4256; x_wconf 74' lang='grc' dir='ltr'><strong>τῇ</strong></span> <span class='ocrx_word' id='word_1_484' title='bbox 1716 4184 1812 4239; x_wconf 79' lang='grc' dir='ltr'><strong>τοῦ</strong></span> 
     </span>
    </p>
   </div>
   <div class='ocr_carea' id='block_1_73' title="bbox 218 4275 1814 4351">
    <p class='ocr_par' dir='ltr' id='par_1_73' title="bbox 218 4275 1814 4351">
     <span class='ocr_line' id='line_1_73' title="bbox 218 4275 1814 4351; baseline -0.001 -19"><span class='ocrx_word' id='word_1_485' title='bbox 218 4279 398 4351; x_wconf 80' lang='grc' dir='ltr'><strong>φόρου</strong></span> <span class='ocrx_word' id='word_1_486' title='bbox 438 4278 760 4351; x_wconf 67' lang='grc' dir='ltr'><strong>ἀπογραφῇ·</strong></span> <span class='ocrx_word' id='word_1_487' title='bbox 807 4276 1040 4347; x_wconf 87' lang='grc' dir='ltr'><strong>γενικῶς</strong></span> <span class='ocrx_word' id='word_1_488' title='bbox 1077 4275 1433 4349; x_wconf 79' lang='grc' dir='ltr'><strong>γάρ”.ἐξεστιν</strong></span> <span class='ocrx_word' id='word_1_489' title='bbox 1460 4278 1678 4350; x_wconf 80' lang='grc' dir='ltr'><strong>ἑκάστῳ</strong></span> <span class='ocrx_word' id='word_1_490' title='bbox 1706 4279 1814 4332; x_wconf 87' lang='grc' dir='ltr'><strong>τῶν</strong></span> 
     </span>
    </p>
   </div>
   <div class='ocr_carea' id='block_1_74' title="bbox 218 4369 1812 4444">
    <p class='ocr_par' dir='ltr' id='par_1_74' title="bbox 218 4369 1812 4444">
     <span class='ocr_line' id='line_1_74' title="bbox 218 4369 1812 4444; baseline 0 -19"><span class='ocrx_word' id='word_1_491' title='bbox 218 4373 372 4441; x_wconf 73' lang='grc' dir='ltr'><strong>ὑπὲρ</strong></span> <span class='ocrx_word' id='word_1_492' title='bbox 396 4371 588 4426; x_wconf 79' lang='grc' dir='ltr'><strong>ἑαυτοῦ</strong></span> <span class='ocrx_word' id='word_1_493' title='bbox 615 4372 999 4442; x_wconf 81' lang='grc' dir='ltr'><strong>καταφρονεῖ-ν·</strong></span> <span class='ocrx_word' id='word_1_494' title='bbox 1032 4369 1127 4425; x_wconf 74' lang='grc' dir='ltr'><strong>καὶ</strong></span> <span class='ocrx_word' id='word_1_495' title='bbox 1150 4370 1289 4425; x_wconf 87' lang='grc' dir='ltr'><strong>διάτ.</strong></span> <span class='ocrx_word' id='word_1_496' title='bbox 1316 4370 1363 4444; x_wconf 84' lang='grc' dir='ltr'><strong>β’</strong></span> <span class='ocrx_word' id='word_1_497' title='bbox 1409 4371 1503 4426; x_wconf 82' lang='grc' dir='ltr'><strong>τοῦ</strong></span> <span class='ocrx_word' id='word_1_498' title='bbox 1524 4372 1573 4425; x_wconf 61' lang='grc' dir='ltr'><strong>δ’</strong></span> <span class='ocrx_word' id='word_1_499' title='bbox 1591 4372 1697 4426; x_wconf 89' lang='grc' dir='ltr'><strong>τίτ.</strong></span> <span class='ocrx_word' id='word_1_500' title='bbox 1718 4370 1812 4425; x_wconf 82' lang='grc' dir='ltr'><strong>τοῦ</strong></span> 
     </span>
    </p>
   </div>
   <div class='ocr_carea' id='block_1_75' title="bbox 216 4463 1813 4537">
    <p class='ocr_par' dir='ltr' id='par_1_75' title="bbox 216 4463 1813 4537">
     <span class='ocr_line' id='line_1_75' title="bbox 216 4463 1813 4537; baseline -0.001 -17"><span class='ocrx_word' id='word_1_501' title='bbox 216 4465 395 4520; x_wconf 79' lang='grc' dir='ltr'><strong>αὑτοῦ</strong></span> <span class='ocrx_word' id='word_1_502' title='bbox 449 4465 588 4535; x_wconf 81' lang='grc' dir='ltr'><strong>βιϐλ.</strong></span> <span class='ocrx_word' id='word_1_503' title='bbox 638 4465 721 4518; x_wconf 85' lang='grc' dir='ltr'><strong>ὃτι</strong></span> <span class='ocrx_word' id='word_1_504' title='bbox 767 4464 865 4518; x_wconf 87' lang='grc' dir='ltr'><strong>ἐὰν</strong></span> <span class='ocrx_word' id='word_1_505' title='bbox 912 4464 1020 4536; x_wconf 84' lang='grc' dir='ltr'><strong>πρὸ</strong></span> <span class='ocrx_word' id='word_1_506' title='bbox 1066 4463 1277 4528; x_wconf 83' lang='grc' dir='ltr'><strong>τελείας</strong></span> <span class='ocrx_word' id='word_1_507' title='bbox 1319 4464 1503 4534; x_wconf 78' lang='grc' dir='ltr'><strong>ψήφου</strong></span> <span class='ocrx_word' id='word_1_508' title='bbox 1551 4463 1813 4537; x_wconf 81' lang='grc' dir='ltr'><strong>κληρικὺς</strong></span> 
     </span>
    </p>
   </div>
   <div class='ocr_carea' id='block_1_76' title="bbox 1923 3270 3511 3343">
    <p class='ocr_par' dir='ltr' id='par_1_76' title="bbox 1923 3270 3511 3343">
     <span class='ocr_line' id='line_1_76' title="bbox 1923 3270 3511 3343; baseline -0.003 -15"><span class='ocrx_word' id='word_1_509' title='bbox 1923 3272 2140 3329; x_wconf 74' lang='lat' dir='ltr'><strong>duobus</strong></span> <span class='ocrx_word' id='word_1_510' title='bbox 2170 3272 2361 3328; x_wconf 79' lang='lat' dir='ltr'><strong>solidis</strong></span> <span class='ocrx_word' id='word_1_511' title='bbox 2395 3274 2693 3343; x_wconf 64' lang='lat' dir='ltr'><strong>prmheant.</strong></span> <span class='ocrx_word' id='word_1_512' title='bbox 2746 3270 2996 3343; x_wconf 86' lang='lat' dir='ltr'><strong>Byzantii</strong></span> <span class='ocrx_word' id='word_1_513' title='bbox 3038 3281 3218 3327; x_wconf 86' lang='lat' dir='ltr'><strong>autem</strong></span> <span class='ocrx_word' id='word_1_514' title='bbox 3269 3271 3511 3342; x_wconf 77' lang='lat' dir='ltr'><strong>peregri-</strong></span> 
     </span>
    </p>
   </div>
   <div class='ocr_carea' id='block_1_77' title="bbox 1923 3364 3507 3436">
    <p class='ocr_par' dir='ltr' id='par_1_77' title="bbox 1923 3364 3507 3436">
     <span class='ocr_line' id='line_1_77' title="bbox 1923 3364 3507 3436; baseline -0.002 -15"><span class='ocrx_word' id='word_1_515' title='bbox 1923 3382 2031 3422; x_wconf 91' lang='lat' dir='ltr'><strong>nus</strong></span> <span class='ocrx_word' id='word_1_516' title='bbox 2080 3365 2312 3421; x_wconf 73' lang='lat' dir='ltr'><strong>cleﬁcus</strong></span> <span class='ocrx_word' id='word_1_517' title='bbox 2369 3365 2744 3436; x_wconf 87' lang='lat' dir='ltr'><strong>sportularum</strong></span> <span class='ocrx_word' id='word_1_518' title='bbox 2796 3365 2971 3433; x_wconf 78' lang='lat' dir='ltr'><strong>gratia</strong></span> <span class='ocrx_word' id='word_1_519' title='bbox 3006 3374 3117 3419; x_wconf 87' lang='lat' dir='ltr'><strong>tres</strong></span> <span class='ocrx_word' id='word_1_520' title='bbox 3158 3379 3354 3418; x_wconf 87' lang='lat' dir='ltr'><strong>aureos</strong></span> <span class='ocrx_word' id='word_1_521' title='bbox 3395 3364 3507 3425; x_wconf 86' lang='lat' dir='ltr'><strong>det.</strong></span> 
     </span>
    </p>
   </div>
   <div class='ocr_carea' id='block_1_78' title="bbox 1925 3454 3512 3530">
    <p class='ocr_par' dir='ltr' id='par_1_78' title="bbox 1925 3454 3512 3530">
     <span class='ocr_line' id='line_1_78' title="bbox 1925 3454 3512 3530; baseline -0.003 -15"><span class='ocrx_word' id='word_1_522' title='bbox 1925 3460 1996 3515; x_wconf 92' lang='lat' dir='ltr'><strong>ob</strong></span> <span class='ocrx_word' id='word_1_523' title='bbox 2012 3468 2497 3529; x_wconf 84' lang='lat' dir='ltr'><strong>quantamcunque</strong></span> <span class='ocrx_word' id='word_1_524' title='bbox 2521 3454 2809 3530; x_wconf 58' lang='lat' dir='ltr'><strong>[summae]</strong></span> <span class='ocrx_word' id='word_1_525' title='bbox 2825 3456 3012 3525; x_wconf 80' lang='lat' dir='ltr'><strong>quanti</strong></span> <span class='ocrx_word' id='word_1_526' title='bbox 3022 3464 3186 3510; x_wconf 87' lang='lat' dir='ltr'><strong>tatem</strong></span> <span class='ocrx_word' id='word_1_527' title='bbox 3208 3464 3512 3511; x_wconf 84' lang='lat' dir='ltr'><strong>conventus</strong></span> 
     </span>
    </p>
   </div>
   <div class='ocr_carea' id='block_1_79' title="bbox 1924 3546 3512 3623">
    <p class='ocr_par' dir='ltr' id='par_1_79' title="bbox 1924 3546 3512 3623">
     <span class='ocr_line' id='line_1_79' title="bbox 1924 3546 3512 3623; baseline -0.004 -18"><span class='ocrx_word' id='word_1_528' title='bbox 1924 3549 2109 3607; x_wconf 89' lang='lat' dir='ltr'><strong>fuerit.</strong></span> <span class='ocrx_word' id='word_1_529' title='bbox 2144 3548 2354 3623; x_wconf 66' lang='lat' dir='ltr'><strong>[Quod]</strong></span> <span class='ocrx_word' id='word_1_530' title='bbox 2379 3557 2692 3610; x_wconf 80' lang='lat' dir='ltr'><strong>exsecutor,</strong></span> <span class='ocrx_word' id='word_1_531' title='bbox 2716 3550 2808 3617; x_wconf 88' lang='lat' dir='ltr'><strong>qui</strong></span> <span class='ocrx_word' id='word_1_532' title='bbox 2844 3546 3377 3618; x_wconf 81' lang='lat' dir='ltr'><strong>cujusmodieuuque</strong></span> <span class='ocrx_word' id='word_1_533' title='bbox 3401 3546 3512 3600; x_wconf 78' lang='lat' dir='ltr'><strong>cle-</strong></span> 
     </span>
    </p>
   </div>
   <div class='ocr_carea' id='block_1_80' title="bbox 1922 3639 3517 3707">
    <p class='ocr_par' dir='ltr' id='par_1_80' title="bbox 1922 3639 3517 3707">
     <span class='ocr_line' id='line_1_80' title="bbox 1922 3639 3517 3707; baseline -0.006 -6"><span class='ocrx_word' id='word_1_534' title='bbox 1922 3645 2100 3700; x_wconf 91' lang='lat' dir='ltr'><strong>ricum</strong></span> <span class='ocrx_word' id='word_1_535' title='bbox 2130 3642 2480 3699; x_wconf 84' lang='lat' dir='ltr'><strong>contumeliis</strong></span> <span class='ocrx_word' id='word_1_536' title='bbox 2514 3641 2776 3704; x_wconf 77' lang='lat' dir='ltr'><strong>affecerit,</strong></span> <span class='ocrx_word' id='word_1_537' title='bbox 2820 3652 2916 3698; x_wconf 87' lang='lat' dir='ltr'><strong>aut</strong></span> <span class='ocrx_word' id='word_1_538' title='bbox 2947 3640 3249 3703; x_wconf 79' lang='lat' dir='ltr'><strong>vexaverit,</strong></span> <span class='ocrx_word' id='word_1_539' title='bbox 3289 3639 3517 3707; x_wconf 64' lang='lat' dir='ltr'><strong>cingulo</strong></span> 
     </span>
    </p>
   </div>
   <div class='ocr_carea' id='block_1_81' title="bbox 1920 3729 3507 3808">
    <p class='ocr_par' dir='ltr' id='par_1_81' title="bbox 1920 3729 3507 3808">
     <span class='ocr_line' id='line_1_81' title="bbox 1920 3729 3507 3808; baseline -0.004 -19"><span class='ocrx_word' id='word_1_540' title='bbox 1920 3740 2188 3808; x_wconf 82' lang='lat' dir='ltr'><strong>privetur,</strong></span> <span class='ocrx_word' id='word_1_541' title='bbox 2225 3744 2279 3790; x_wconf 90' lang='lat' dir='ltr'><strong>et</strong></span> <span class='ocrx_word' id='word_1_542' title='bbox 2313 3749 2571 3804; x_wconf 85' lang='lat' dir='ltr'><strong>supremo</strong></span> <span class='ocrx_word' id='word_1_543' title='bbox 2621 3734 2891 3805; x_wconf 76' lang='lat' dir='ltr'><strong>supplicio</strong></span> <span class='ocrx_word' id='word_1_544' title='bbox 2922 3731 3171 3790; x_wconf 83' lang='lat' dir='ltr'><strong>feriatur.</strong></span> <span class='ocrx_word' id='word_1_545' title='bbox 3202 3729 3379 3803; x_wconf 86' lang='lat' dir='ltr'><strong>[Quod</strong></span> <span class='ocrx_word' id='word_1_546' title='bbox 3410 3730 3507 3784; x_wconf 63' lang='lat' dir='ltr'><strong>de»</strong></span> 
     </span>
    </p>
   </div>
   <div class='ocr_carea' id='block_1_82' title="bbox 1920 3823 3519 3902">
    <p class='ocr_par' dir='ltr' id='par_1_82' title="bbox 1920 3823 3519 3902">
     <span class='ocr_line' id='line_1_82' title="bbox 1920 3823 3519 3902; baseline -0.006 -16"><span class='ocrx_word' id='word_1_547' title='bbox 1920 3829 2118 3902; x_wconf 79' lang='lat' dir='ltr'><strong>uique].</strong></span> <span class='ocrx_word' id='word_1_548' title='bbox 2141 3829 2187 3884; x_wconf 91' lang='lat' dir='ltr'><strong>si</strong></span> <span class='ocrx_word' id='word_1_549' title='bbox 2222 3829 2313 3898; x_wconf 91' lang='lat' dir='ltr'><strong>qui</strong></span> <span class='ocrx_word' id='word_1_550' title='bbox 2367 3828 2489 3883; x_wconf 90' lang='lat' dir='ltr'><strong>sine</strong></span> <span class='ocrx_word' id='word_1_551' title='bbox 2550 3826 2699 3897; x_wconf 88' lang='lat' dir='ltr'><strong>justa</strong></span> <span class='ocrx_word' id='word_1_552' title='bbox 2764 3841 2932 3882; x_wconf 87' lang='lat' dir='ltr'><strong>causa</strong></span> <span class='ocrx_word' id='word_1_553' title='bbox 2996 3826 3143 3895; x_wconf 89' lang='lat' dir='ltr'><strong>ipsos</strong></span> <span class='ocrx_word' id='word_1_554' title='bbox 3198 3823 3519 3879; x_wconf 77' lang='lat' dir='ltr'><strong>Iacessiisse</strong></span> 
     </span>
    </p>
   </div>
   <div class='ocr_carea' id='block_1_83' title="bbox 1919 3919 3509 3996">
    <p class='ocr_par' dir='ltr' id='par_1_83' title="bbox 1919 3919 3509 3996">
     <span class='ocr_line' id='line_1_83' title="bbox 1919 3919 3509 3996; baseline -0.004 -20"><span class='ocrx_word' id='word_1_555' title='bbox 1919 3923 2225 3989; x_wconf 81' lang='lat' dir='ltr'><strong>videantur,</strong></span> <span class='ocrx_word' id='word_1_556' title='bbox 2253 3919 2378 3996; x_wconf 74' lang='lat' dir='ltr'><strong>[illi]</strong></span> <span class='ocrx_word' id='word_1_557' title='bbox 2419 3920 2554 3991; x_wconf 86' lang='lat' dir='ltr'><strong>ipsis</strong></span> <span class='ocrx_word' id='word_1_558' title='bbox 2583 3934 2776 3975; x_wconf 90' lang='lat' dir='ltr'><strong>omnes</strong></span> <span class='ocrx_word' id='word_1_559' title='bbox 2825 3933 3118 3989; x_wconf 76' lang='lat' dir='ltr'><strong>expensas,</strong></span> <span class='ocrx_word' id='word_1_560' title='bbox 3164 3931 3302 3987; x_wconf 89' lang='lat' dir='ltr'><strong>quas</strong></span> <span class='ocrx_word' id='word_1_561' title='bbox 3345 3930 3509 3971; x_wconf 86' lang='lat' dir='ltr'><strong>occa-</strong></span> 
     </span>
    </p>
   </div>
   <div class='ocr_carea' id='block_1_84' title="bbox 1918 4008 3432 4073">
    <p class='ocr_par' dir='ltr' id='par_1_84' title="bbox 1918 4008 3432 4073">
     <span class='ocr_line' id='line_1_84' title="bbox 1918 4008 3432 4073; baseline -0.003 -7"><span class='ocrx_word' id='word_1_562' title='bbox 1918 4013 2074 4067; x_wconf 88' lang='lat' dir='ltr'><strong>sione</strong></span> <span class='ocrx_word' id='word_1_563' title='bbox 2103 4011 2321 4069; x_wconf 91' lang='lat' dir='ltr'><strong>illorum</strong></span> <span class='ocrx_word' id='word_1_564' title='bbox 2353 4011 2423 4066; x_wconf 87' lang='lat' dir='ltr'><strong>ab</strong></span> <span class='ocrx_word' id='word_1_565' title='bbox 2460 4009 2688 4065; x_wconf 84' lang='lat' dir='ltr'><strong>exordio</strong></span> <span class='ocrx_word' id='word_1_566' title='bbox 2714 4010 2826 4065; x_wconf 90' lang='lat' dir='ltr'><strong>litis</strong></span> <span class='ocrx_word' id='word_1_567' title='bbox 2856 4008 3149 4073; x_wconf 88' lang='lat' dir='ltr'><strong>subierint,</strong></span> <span class='ocrx_word' id='word_1_568' title='bbox 3182 4008 3432 4062; x_wconf 91' lang='lat' dir='ltr'><strong>reddant.</strong></span> 
     </span>
    </p>
   </div>
   <div class='ocr_carea' id='block_1_85' title="bbox 1989 4100 3500 4174">
    <p class='ocr_par' dir='ltr' id='par_1_85' title="bbox 1989 4100 3500 4174">
     <span class='ocr_line' id='line_1_85' title="bbox 1989 4100 3500 4174; baseline -0.004 -12"><span class='ocrx_word' id='word_1_569' title='bbox 1989 4106 2207 4163; x_wconf 74' lang='lat' dir='ltr'><strong>Textus.</strong></span> <span class='ocrx_word' id='word_1_570' title='bbox 2244 4107 2440 4162; x_wconf 71' lang='lat' dir='ltr'><strong>Const.</strong></span> <span class='ocrx_word' id='word_1_571' title='bbox 2472 4105 2561 4171; x_wconf 85' lang='lat'><strong>50,</strong></span> <span class='ocrx_word' id='word_1_572' title='bbox 2590 4103 2834 4174; x_wconf 90' lang='lat' dir='ltr'><strong>ejusdem</strong></span> <span class='ocrx_word' id='word_1_573' title='bbox 2883 4103 2969 4158; x_wconf 86' lang='lat' dir='ltr'><strong>tit.</strong></span> <span class='ocrx_word' id='word_1_574' title='bbox 3014 4102 3166 4168; x_wconf 87' lang='lat' dir='ltr'><strong>dicit,</strong></span> <span class='ocrx_word' id='word_1_575' title='bbox 3199 4101 3344 4172; x_wconf 91' lang='lat' dir='ltr'><strong>quod</strong></span> <span class='ocrx_word' id='word_1_576' title='bbox 3385 4100 3500 4157; x_wconf 85' lang='lat' dir='ltr'><strong>cle-</strong></span> 
     </span>
    </p>
   </div>
   <div class='ocr_carea' id='block_1_86' title="bbox 1919 4194 3510 4268">
    <p class='ocr_par' dir='ltr' id='par_1_86' title="bbox 1919 4194 3510 4268">
     <span class='ocr_line' id='line_1_86' title="bbox 1919 4194 3510 4268; baseline -0.004 -12"><span class='ocrx_word' id='word_1_577' title='bbox 1919 4200 2018 4257; x_wconf 84' lang='lat' dir='ltr'><strong>rici</strong></span> <span class='ocrx_word' id='word_1_578' title='bbox 2046 4211 2191 4256; x_wconf 83' lang='lat' dir='ltr'><strong>recte</strong></span> <span class='ocrx_word' id='word_1_579' title='bbox 2222 4202 2275 4255; x_wconf 91' lang='lat' dir='ltr'><strong>iu</strong></span> <span class='ocrx_word' id='word_1_580' title='bbox 2311 4198 2696 4255; x_wconf 86' lang='lat' dir='ltr'><strong>instrumentis</strong></span> <span class='ocrx_word' id='word_1_581' title='bbox 2723 4196 2825 4252; x_wconf 81' lang='lat' dir='ltr'><strong>fori</strong></span> <span class='ocrx_word' id='word_1_582' title='bbox 2862 4194 3261 4268; x_wconf 61' lang='lat' dir='ltr'><strong>praescriptioni</strong></span> <span class='ocrx_word' id='word_1_583' title='bbox 3294 4211 3510 4251; x_wconf 82' lang='lat' dir='ltr'><strong>renun-</strong></span> 
     </span>
    </p>
   </div>
   <div class='ocr_carea' id='block_1_87' title="bbox 1917 4288 3513 4357">
    <p class='ocr_par' dir='ltr' id='par_1_87' title="bbox 1917 4288 3513 4357">
     <span class='ocr_line' id='line_1_87' title="bbox 1917 4288 3513 4357; baseline -0.006 -9"><span class='ocrx_word' id='word_1_584' title='bbox 1917 4293 2075 4348; x_wconf 91' lang='lat' dir='ltr'><strong>tient.</strong></span> <span class='ocrx_word' id='word_1_585' title='bbox 2105 4290 2447 4347; x_wconf 83' lang='lat' dir='ltr'><strong>Generaliter</strong></span> <span class='ocrx_word' id='word_1_586' title='bbox 2494 4291 2640 4345; x_wconf 91' lang='lat' dir='ltr'><strong>enim</strong></span> <span class='ocrx_word' id='word_1_587' title='bbox 2693 4291 2892 4357; x_wconf 88' lang='lat' dir='ltr'><strong>cuique</strong></span> <span class='ocrx_word' id='word_1_588' title='bbox 2942 4288 3070 4343; x_wconf 91' lang='lat' dir='ltr'><strong>licet</strong></span> <span class='ocrx_word' id='word_1_589' title='bbox 3128 4295 3513 4352; x_wconf 84' lang='lat' dir='ltr'><strong>contemnere,</strong></span> 
     </span>
    </p>
   </div>
   <div class='ocr_carea' id='block_1_88' title="bbox 1916 4378 3507 4456">
    <p class='ocr_par' dir='ltr' id='par_1_88' title="bbox 1916 4378 3507 4456">
     <span class='ocr_line' id='line_1_88' title="bbox 1916 4378 3507 4456; baseline -0.004 -18"><span class='ocrx_word' id='word_1_590' title='bbox 1916 4400 2039 4455; x_wconf 59' lang='lat' dir='ltr'><strong>quae</strong></span> <span class='ocrx_word' id='word_1_591' title='bbox 2069 4398 2168 4453; x_wconf 89' lang='lat' dir='ltr'><strong>pro</strong></span> <span class='ocrx_word' id='word_1_592' title='bbox 2194 4399 2252 4438; x_wconf 91' lang='lat' dir='ltr'><strong>se</strong></span> <span class='ocrx_word' id='word_1_593' title='bbox 2282 4382 2515 4456; x_wconf 86' lang='lat' dir='ltr'><strong>[indulta</strong></span> <span class='ocrx_word' id='word_1_594' title='bbox 2547 4379 2723 4451; x_wconf 91' lang='lat' dir='ltr'><strong>sunt].</strong></span> <span class='ocrx_word' id='word_1_595' title='bbox 2766 4381 2831 4434; x_wconf 68' lang='lat' dir='ltr'><strong>lit</strong></span> <span class='ocrx_word' id='word_1_596' title='bbox 2859 4389 3039 4435; x_wconf 92' lang='lat' dir='ltr'><strong>const.</strong></span> <span class='ocrx_word' id='word_1_597' title='bbox 3074 4379 3132 4442; x_wconf 78' lang='lat'><strong>2,</strong></span> <span class='ocrx_word' id='word_1_598' title='bbox 3164 4379 3252 4433; x_wconf 90' lang='lat' dir='ltr'><strong>tit.</strong></span> <span class='ocrx_word' id='word_1_599' title='bbox 3277 4379 3331 4443; x_wconf 75' lang='grc'><strong>4,</strong></span> <span class='ocrx_word' id='word_1_600' title='bbox 3358 4378 3507 4446; x_wconf 81' lang='lat' dir='ltr'><strong>ejus-</strong></span> 
     </span>
    </p>
   </div>
   <div class='ocr_carea' id='block_1_89' title="bbox 1916 4470 3509 4547">
    <p class='ocr_par' dir='ltr' id='par_1_89' title="bbox 1916 4470 3509 4547">
     <span class='ocr_line' id='line_1_89' title="bbox 1916 4470 3509 4547; baseline -0.006 -14"><span class='ocrx_word' id='word_1_601' title='bbox 1916 4477 2039 4533; x_wconf 88' lang='lat' dir='ltr'><strong>dem</strong></span> <span class='ocrx_word' id='word_1_602' title='bbox 2058 4476 2149 4532; x_wconf 90' lang='lat' dir='ltr'><strong>lib.</strong></span> <span class='ocrx_word' id='word_1_603' title='bbox 2174 4478 2321 4547; x_wconf 89' lang='lat' dir='ltr'><strong>quod</strong></span> <span class='ocrx_word' id='word_1_604' title='bbox 2352 4476 2394 4529; x_wconf 93' lang='lat' dir='ltr'><strong>si</strong></span> <span class='ocrx_word' id='word_1_605' title='bbox 2412 4485 2538 4529; x_wconf 84' lang='lat' dir='ltr'><strong>ante</strong></span> <span class='ocrx_word' id='word_1_606' title='bbox 2558 4473 2717 4528; x_wconf 85' lang='lat' dir='ltr'><strong>finem</strong></span> <span class='ocrx_word' id='word_1_607' title='bbox 2740 4473 3024 4528; x_wconf 67' lang='lat' dir='ltr'><strong>sententia:</strong></span> <span class='ocrx_word' id='word_1_608' title='bbox 3045 4470 3279 4527; x_wconf 88' lang='lat' dir='ltr'><strong>clericus</strong></span> <span class='ocrx_word' id='word_1_609' title='bbox 3308 4486 3509 4541; x_wconf 82' lang='lat' dir='ltr'><strong>provo-</strong></span> 
     </span>
    </p>
   </div>
   <div class='ocr_carea' id='block_1_90' title="bbox 219 4554 1835 4638">
    <p class='ocr_par' dir='ltr' id='par_1_90' title="bbox 219 4554 1812 4628">
     <span class='ocr_line' id='line_1_90' title="bbox 219 4554 1812 4628; baseline -0.002 -16"><span class='ocrx_word' id='word_1_610' title='bbox 219 4556 629 4628; x_wconf 79' lang='grc' dir='ltr'><strong>ἐκκαλέσηται,</strong></span> <span class='ocrx_word' id='word_1_611' title='bbox 674 4557 775 4625; x_wconf 79' lang='grc' dir='ltr'><strong>τήν</strong></span> <span class='ocrx_word' id='word_1_612' title='bbox 817 4556 1131 4626; x_wconf 79' lang='grc' dir='ltr'><strong>ὡρισμένην</strong></span> <span class='ocrx_word' id='word_1_613' title='bbox 1174 4558 1240 4610; x_wconf 89' lang='grc' dir='ltr'><strong>ἐκ</strong></span> <span class='ocrx_word' id='word_1_614' title='bbox 1276 4554 1372 4609; x_wconf 78' lang='grc' dir='ltr'><strong>τοῦ</strong></span> <span class='ocrx_word' id='word_1_615' title='bbox 1412 4556 1581 4625; x_wconf 88' lang='grc' dir='ltr'><strong>νόμου</strong></span> <span class='ocrx_word' id='word_1_616' title='bbox 1620 4558 1812 4628; x_wconf 81' lang='grc' dir='ltr'><strong>ποινὴν</strong></span> 
     </span>
    </p>
   </div>
   <div class='ocr_carea' id='block_1_91' title="bbox 1924 4554 3517 4638">
    <p class='ocr_par' dir='ltr' id='par_1_91' title="bbox 1924 4561 3517 4638">
     <span class='ocr_line' id='line_1_91' title="bbox 1924 4561 3517 4638; baseline -0.005 -14"><span class='ocrx_word' id='word_1_617' title='bbox 1924 4570 2145 4633; x_wconf 86' lang='lat' dir='ltr'><strong>caverit,</strong></span> <span class='ocrx_word' id='word_1_618' title='bbox 2165 4572 2392 4623; x_wconf 88' lang='lat' dir='ltr'><strong>multam</strong></span> <span class='ocrx_word' id='word_1_619' title='bbox 2424 4565 2993 4638; x_wconf 60' lang='lat' dir='ltr'><strong>amquinquaginla</strong></span> <span class='ocrx_word' id='word_1_620' title='bbox 3012 4564 3274 4620; x_wconf 89' lang='lat' dir='ltr'><strong>librarum</strong></span> <span class='ocrx_word' id='word_1_621' title='bbox 3294 4561 3517 4634; x_wconf 67' lang='lat' dir='ltr'><strong>argenti</strong></span> 
     </span>
    </p>
   </div>
   <div class='ocr_carea' id='block_1_92' title="bbox 222 4645 1819 4718">
    <p class='ocr_par' dir='ltr' id='par_1_92' title="bbox 222 4645 1819 4718">
     <span class='ocr_line' id='line_1_92' title="bbox 222 4645 1819 4718; baseline -0.001 -17"><span class='ocrx_word' id='word_1_622' title='bbox 222 4646 374 4702; x_wconf 70' lang='grc' dir='ltr'><strong>κατὰ</strong></span> <span class='ocrx_word' id='word_1_623' title='bbox 414 4647 521 4699; x_wconf 85' lang='grc' dir='ltr'><strong>τῶν</strong></span> <span class='ocrx_word' id='word_1_624' title='bbox 556 4646 731 4699; x_wconf 79' lang='grc' dir='ltr'><strong>ἄλλων</strong></span> <span class='ocrx_word' id='word_1_625' title='bbox 775 4645 884 4698; x_wconf 89' lang='grc' dir='ltr'><strong>τῶν</strong></span> <span class='ocrx_word' id='word_1_626' title='bbox 911 4652 953 4699; x_wconf 64' lang='grc' dir='ltr'><strong>ν(</strong></span> <span class='ocrx_word' id='word_1_627' title='bbox 999 4645 1266 4715; x_wconf 82' lang='grc' dir='ltr'><strong>ἀργυρίου</strong></span> <span class='ocrx_word' id='word_1_628' title='bbox 1304 4646 1525 4718; x_wconf 87' lang='grc' dir='ltr'><strong>λιτρῶν,</strong></span> <span class='ocrx_word' id='word_1_629' title='bbox 1555 4648 1583 4700; x_wconf 92' lang='lat'><strong>6</strong></span> <span class='ocrx_word' id='word_1_630' title='bbox 1619 4646 1819 4717; x_wconf 79' lang='grc' dir='ltr'><strong>φίσκος</strong></span> 
     </span>
    </p>
   </div>
   <div class='ocr_carea' id='block_1_93' title="bbox 221 4737 1815 4811">
    <p class='ocr_par' dir='ltr' id='par_1_93' title="bbox 221 4737 1815 4811">
     <span class='ocr_line' id='line_1_93' title="bbox 221 4737 1815 4811; baseline -0.001 -16"><span class='ocrx_word' id='word_1_631' title='bbox 221 4742 286 4795; x_wconf 79' lang='grc' dir='ltr'><strong>οὐ</strong></span> <span class='ocrx_word' id='word_1_632' title='bbox 333 4739 600 4809; x_wconf 86' lang='grc' dir='ltr'><strong>λαμϐάνει</strong></span> <span class='ocrx_word' id='word_1_633' title='bbox 635 4739 768 4810; x_wconf 87' lang='grc' dir='ltr'><strong>παρ’</strong></span> <span class='ocrx_word' id='word_1_634' title='bbox 797 4737 987 4805; x_wconf 76' lang='grc' dir='ltr'><strong>αὑτοῦ,</strong></span> <span class='ocrx_word' id='word_1_635' title='bbox 1021 4738 1156 4791; x_wconf 78' lang='grc' dir='ltr'><strong>ἀλλὰ</strong></span> <span class='ocrx_word' id='word_1_636' title='bbox 1188 4740 1299 4802; x_wconf 82' lang='grc' dir='ltr'><strong>τοῖς</strong></span> <span class='ocrx_word' id='word_1_637' title='bbox 1335 4739 1530 4811; x_wconf 83' lang='grc' dir='ltr'><strong>πένησι</strong></span> <span class='ocrx_word' id='word_1_638' title='bbox 1564 4738 1815 4809; x_wconf 79' lang='grc' dir='ltr'><strong>διανέμε-</strong></span> 
     </span>
    </p>
   </div>
   <div class='ocr_carea' id='block_1_94' title="bbox 222 4827 1815 4903">
    <p class='ocr_par' dir='ltr' id='par_1_94' title="bbox 222 4827 1815 4903">
     <span class='ocr_line' id='line_1_94' title="bbox 222 4827 1815 4903; baseline 0 -18"><span class='ocrx_word' id='word_1_639' title='bbox 222 4847 343 4885; x_wconf 81' lang='grc' dir='ltr'><strong>ται·</strong></span> <span class='ocrx_word' id='word_1_640' title='bbox 374 4833 409 4902; x_wconf 90' lang='grc' dir='ltr'><strong>ή</strong></span> <span class='ocrx_word' id='word_1_641' title='bbox 436 4830 491 4883; x_wconf 88' lang='grc' dir='ltr'><strong>δέ</strong></span> <span class='ocrx_word' id='word_1_642' title='bbox 513 4829 556 4895; x_wconf 85' lang='grc' dir='ltr'><strong>ζ’</strong></span> <span class='ocrx_word' id='word_1_643' title='bbox 578 4828 718 4884; x_wconf 86' lang='grc' dir='ltr'><strong>διάτ.</strong></span> <span class='ocrx_word' id='word_1_644' title='bbox 747 4827 843 4883; x_wconf 82' lang='grc' dir='ltr'><strong>τοῦ</strong></span> <span class='ocrx_word' id='word_1_645' title='bbox 866 4828 1032 4882; x_wconf 81' lang='grc' dir='ltr'><strong>αὑτοῦ</strong></span> <span class='ocrx_word' id='word_1_646' title='bbox 1056 4829 1169 4888; x_wconf 88' lang='grc' dir='ltr'><strong>τίτ.</strong></span> <span class='ocrx_word' id='word_1_647' title='bbox 1191 4830 1381 4900; x_wconf 78' lang='grc' dir='ltr'><strong>φησὶν,</strong></span> <span class='ocrx_word' id='word_1_648' title='bbox 1409 4830 1495 4885; x_wconf 83' lang='grc' dir='ltr'><strong>ὅτι</strong></span> <span class='ocrx_word' id='word_1_649' title='bbox 1516 4830 1609 4884; x_wconf 71' lang='grc' dir='ltr'><strong>ἐπὶ</strong></span> <span class='ocrx_word' id='word_1_650' title='bbox 1637 4831 1815 4903; x_wconf 89' lang='grc' dir='ltr'><strong>μόνων</strong></span> 
     </span>
    </p>
   </div>
   <div class='ocr_carea' id='block_1_95' title="bbox 225 4920 1816 4995">
    <p class='ocr_par' dir='ltr' id='par_1_95' title="bbox 225 4920 1816 4995">
     <span class='ocr_line' id='line_1_95' title="bbox 225 4920 1816 4995; baseline 0.001 -20"><span class='ocrx_word' id='word_1_651' title='bbox 225 4921 598 4995; x_wconf 79' lang='grc' dir='ltr'><strong>χρηματικῶν</strong></span> <span class='ocrx_word' id='word_1_652' title='bbox 627 4920 833 4994; x_wconf 77' lang='grc' dir='ltr'><strong>μεταξὺ</strong></span> <span class='ocrx_word' id='word_1_653' title='bbox 858 4921 1276 4986; x_wconf 83' lang='grc' dir='ltr'><strong>συναινούντων,</strong></span> <span class='ocrx_word' id='word_1_654' title='bbox 1309 4922 1370 4975; x_wconf 87' lang='grc' dir='ltr'><strong>οὑ</strong></span> <span class='ocrx_word' id='word_1_655' title='bbox 1396 4923 1504 4993; x_wconf 85' lang='grc' dir='ltr'><strong>μὴν</strong></span> <span class='ocrx_word' id='word_1_656' title='bbox 1527 4920 1622 4976; x_wconf 78' lang='grc' dir='ltr'><strong>καὶ</strong></span> <span class='ocrx_word' id='word_1_657' title='bbox 1654 4923 1816 4977; x_wconf 81' lang='grc' dir='ltr'><strong>άκόν-</strong></span> 
     </span>
    </p>
   </div>
   <div class='ocr_carea' id='block_1_96' title="bbox 222 5012 1816 5087">
    <p class='ocr_par' dir='ltr' id='par_1_96' title="bbox 222 5012 1816 5087">
     <span class='ocr_line' id='line_1_96' title="bbox 222 5012 1816 5087; baseline 0.001 -19"><span class='ocrx_word' id='word_1_658' title='bbox 222 5032 360 5077; x_wconf 85' lang='grc' dir='ltr'><strong>των,</strong></span> <span class='ocrx_word' id='word_1_659' title='bbox 402 5014 636 5085; x_wconf 77' lang='grc' dir='ltr'><strong>ἰσχυρῶς</strong></span> <span class='ocrx_word' id='word_1_660' title='bbox 664 5013 692 5066; x_wconf 90' lang='lat'><strong>6</strong></span> <span class='ocrx_word' id='word_1_661' title='bbox 720 5013 1019 5077; x_wconf 84' lang='grc' dir='ltr'><strong>ἐπίσκοπος</strong></span> <span class='ocrx_word' id='word_1_662' title='bbox 1060 5012 1271 5078; x_wconf 76' lang='grc' dir='ltr'><strong>δικάζει</strong></span> <span class='ocrx_word' id='word_1_663' title='bbox 1290 5029 1305 5046; x_wconf 80' lang='grc' dir='ltr'><strong><em>ο</em></strong></span> <span class='ocrx_word' id='word_1_664' title='bbox 1346 5014 1440 5067; x_wconf 78' lang='grc' dir='ltr'><strong>καὶ</strong></span> <span class='ocrx_word' id='word_1_665' title='bbox 1480 5014 1624 5069; x_wconf 82' lang='grc' dir='ltr'><strong>διάτ.</strong></span> <span class='ocrx_word' id='word_1_666' title='bbox 1654 5020 1707 5087; x_wconf 81' lang='grc' dir='ltr'><strong>η’</strong></span> <span class='ocrx_word' id='word_1_667' title='bbox 1733 5015 1816 5069; x_wconf 81' lang='grc' dir='ltr'><strong>ὅτι</strong></span> 
     </span>
    </p>
   </div>
   <div class='ocr_carea' id='block_1_97' title="bbox 224 5106 1819 5182">
    <p class='ocr_par' dir='ltr' id='par_1_97' title="bbox 224 5106 1819 5182">
     <span class='ocr_line' id='line_1_97' title="bbox 224 5106 1819 5182; baseline 0 -21"><span class='ocrx_word' id='word_1_668' title='bbox 224 5112 259 5182; x_wconf 80' lang='grc' dir='ltr'><strong>ή</strong></span> <span class='ocrx_word' id='word_1_669' title='bbox 295 5107 407 5163; x_wconf 89' lang='grc' dir='ltr'><strong>τῶν</strong></span> <span class='ocrx_word' id='word_1_670' title='bbox 443 5108 763 5162; x_wconf 80' lang='grc' dir='ltr'><strong>ἐπισκόπων</strong></span> <span class='ocrx_word' id='word_1_671' title='bbox 786 5107 963 5179; x_wconf 76' lang='grc' dir='ltr'><strong>ψῆφος</strong></span> <span class='ocrx_word' id='word_1_672' title='bbox 999 5106 1238 5180; x_wconf 72' lang='grc' dir='ltr'><strong>ἔρρωται</strong></span> <span class='ocrx_word' id='word_1_673' title='bbox 1266 5107 1469 5178; x_wconf 68' lang='grc' dir='ltr'><strong>μεταξὺ</strong></span> <span class='ocrx_word' id='word_1_674' title='bbox 1499 5108 1610 5162; x_wconf 90' lang='grc' dir='ltr'><strong>τῶν</strong></span> <span class='ocrx_word' id='word_1_675' title='bbox 1636 5107 1819 5161; x_wconf 83' lang='grc' dir='ltr'><strong>ἐπιλέ-</strong></span> 
     </span>
    </p>
   </div>
   <div class='ocr_carea' id='block_1_98' title="bbox 228 5197 1822 5273">
    <p class='ocr_par' dir='ltr' id='par_1_98' title="bbox 228 5197 1822 5273">
     <span class='ocr_line' id='line_1_98' title="bbox 228 5197 1822 5273; baseline 0.001 -20"><span class='ocrx_word' id='word_1_676' title='bbox 228 5200 480 5269; x_wconf 76' lang='grc' dir='ltr'><strong>ξαμένων</strong></span> <span class='ocrx_word' id='word_1_677' title='bbox 519 5201 751 5267; x_wconf 75' lang='grc' dir='ltr'><strong>αὐτοὺς,</strong></span> <span class='ocrx_word' id='word_1_678' title='bbox 781 5200 878 5255; x_wconf 74' lang='grc' dir='ltr'><strong>καὶ</strong></span> <span class='ocrx_word' id='word_1_679' title='bbox 917 5200 1061 5253; x_wconf 78' lang='grc' dir='ltr'><strong>ἔοικε</strong></span> <span class='ocrx_word' id='word_1_680' title='bbox 1102 5200 1222 5263; x_wconf 78' lang='grc' dir='ltr'><strong>ταῖς</strong></span> <span class='ocrx_word' id='word_1_681' title='bbox 1252 5197 1455 5272; x_wconf 74' lang='grc' dir='ltr'><strong>ψήφοις</strong></span> <span class='ocrx_word' id='word_1_682' title='bbox 1495 5199 1605 5254; x_wconf 90' lang='grc' dir='ltr'><strong>τῶν</strong></span> <span class='ocrx_word' id='word_1_683' title='bbox 1639 5201 1822 5273; x_wconf 79' lang='grc' dir='ltr'><strong>ὑπάρ-</strong></span> 
     </span>
    </p>
   </div>
   <div class='ocr_carea' id='block_1_99' title="bbox 228 5284 1818 5363">
    <p class='ocr_par' dir='ltr' id='par_1_99' title="bbox 228 5284 1818 5363">
     <span class='ocr_line' id='line_1_99' title="bbox 228 5284 1818 5363; baseline -0.004 -13"><span class='ocrx_word' id='word_1_684' title='bbox 228 5310 368 5362; x_wconf 80' lang='grc' dir='ltr'><strong>χων,</strong></span> <span class='ocrx_word' id='word_1_685' title='bbox 411 5292 505 5360; x_wconf 81' lang='grc' dir='ltr'><strong>ἀφ’</strong></span> <span class='ocrx_word' id='word_1_686' title='bbox 544 5284 619 5344; x_wconf 84' lang='grc' dir='ltr'><strong>ῶν</strong></span> <span class='ocrx_word' id='word_1_687' title='bbox 663 5290 1015 5345; x_wconf 83' lang='grc' dir='ltr'><strong>ἐκκαλεῖσθαι</strong></span> <span class='ocrx_word' id='word_1_688' title='bbox 1043 5291 1144 5346; x_wconf 83' lang='grc' dir='ltr'><strong>οὑκ</strong></span> <span class='ocrx_word' id='word_1_689' title='bbox 1174 5291 1372 5357; x_wconf 77' lang='grc' dir='ltr'><strong>ἔξεστι·</strong></span> <span class='ocrx_word' id='word_1_690' title='bbox 1403 5292 1499 5345; x_wconf 78' lang='grc' dir='ltr'><strong>καὶ</strong></span> <span class='ocrx_word' id='word_1_691' title='bbox 1528 5292 1669 5348; x_wconf 87' lang='grc' dir='ltr'><strong>διάτ.</strong></span> <span class='ocrx_word' id='word_1_692' title='bbox 1724 5300 1818 5363; x_wconf 87' lang='grc' dir='ltr'><strong>ιγ’,</strong></span> 
     </span>
    </p>
   </div>
   <div class='ocr_carea' id='block_1_100' title="bbox 230 5382 1819 5456">
    <p class='ocr_par' dir='ltr' id='par_1_100' title="bbox 230 5382 1819 5456">
     <span class='ocr_line' id='line_1_100' title="bbox 230 5382 1819 5456; baseline 0 -17"><span class='ocrx_word' id='word_1_693' title='bbox 230 5385 318 5439; x_wconf 80' lang='grc' dir='ltr'><strong>ὅτι</strong></span> <span class='ocrx_word' id='word_1_694' title='bbox 360 5382 681 5455; x_wconf 81' lang='grc' dir='ltr'><strong>βουλόμενος</strong></span> <span class='ocrx_word' id='word_1_695' title='bbox 717 5383 749 5436; x_wconf 91' lang='lat'><strong>6</strong></span> <span class='ocrx_word' id='word_1_696' title='bbox 790 5383 1024 5451; x_wconf 87' lang='grc' dir='ltr'><strong>ἐνάγων,</strong></span> <span class='ocrx_word' id='word_1_697' title='bbox 1051 5383 1114 5437; x_wconf 90' lang='grc' dir='ltr'><strong>οὑ</strong></span> <span class='ocrx_word' id='word_1_698' title='bbox 1143 5384 1251 5456; x_wconf 80' lang='grc' dir='ltr'><strong>μὴν</strong></span> <span class='ocrx_word' id='word_1_699' title='bbox 1290 5385 1386 5438; x_wconf 70' lang='grc' dir='ltr'><strong>καὶ</strong></span> <span class='ocrx_word' id='word_1_700' title='bbox 1430 5386 1602 5450; x_wconf 77' lang='grc' dir='ltr'><strong>ἄκων,</strong></span> <span class='ocrx_word' id='word_1_701' title='bbox 1634 5384 1819 5454; x_wconf 85' lang='grc' dir='ltr'><strong>ἐνάγει</strong></span> 
     </span>
    </p>
   </div>
   <div class='ocr_carea' id='block_1_101' title="bbox 233 5473 1821 5549">
    <p class='ocr_par' dir='ltr' id='par_1_101' title="bbox 233 5473 1821 5549">
     <span class='ocr_line' id='line_1_101' title="bbox 233 5473 1821 5549; baseline 0.001 -20"><span class='ocrx_word' id='word_1_702' title='bbox 233 5473 393 5546; x_wconf 76' lang='grc' dir='ltr'><strong>παρὰ</strong></span> <span class='ocrx_word' id='word_1_703' title='bbox 429 5473 507 5545; x_wconf 81' lang='grc' dir='ltr'><strong>τῷ</strong></span> <span class='ocrx_word' id='word_1_704' title='bbox 545 5474 963 5546; x_wconf 81' lang='grc' dir='ltr'><strong>άρχιεπισκόπῳ</strong></span> <span class='ocrx_word' id='word_1_705' title='bbox 995 5476 1619 5541; x_wconf 84' lang='grc' dir='ltr'><strong>Κωνσταντινουπὸλεως</strong></span> <span class='ocrx_word' id='word_1_706' title='bbox 1645 5476 1722 5549; x_wconf 82' lang='grc' dir='ltr'><strong>τῷ</strong></span> <span class='ocrx_word' id='word_1_707' title='bbox 1744 5478 1821 5531; x_wconf 84' lang='lat' dir='ltr'><strong>ol-</strong></span> 
     </span>
    </p>
   </div>
   <div class='ocr_carea' id='block_1_102' title="bbox 235 5566 1821 5640">
    <p class='ocr_par' dir='ltr' id='par_1_102' title="bbox 235 5566 1821 5640">
     <span class='ocr_line' id='line_1_102' title="bbox 235 5566 1821 5640; baseline 0.001 -20"><span class='ocrx_word' id='word_1_708' title='bbox 235 5566 479 5637; x_wconf 88' lang='grc' dir='ltr'><strong>κονόμῳ,</strong></span> <span class='ocrx_word' id='word_1_709' title='bbox 509 5566 603 5618; x_wconf 84' lang='grc' dir='ltr'><strong>καὶ</strong></span> <span class='ocrx_word' id='word_1_710' title='bbox 644 5568 757 5630; x_wconf 78' lang='grc' dir='ltr'><strong>τοῖς</strong></span> <span class='ocrx_word' id='word_1_711' title='bbox 781 5566 963 5629; x_wconf 78' lang='grc' dir='ltr'><strong>ἄλλοις</strong></span> <span class='ocrx_word' id='word_1_712' title='bbox 989 5566 1154 5620; x_wconf 82' lang='grc' dir='ltr'><strong>αὑτοῦ</strong></span> <span class='ocrx_word' id='word_1_713' title='bbox 1193 5567 1476 5640; x_wconf 83' lang='grc' dir='ltr'><strong>κληρικοῖς</strong></span> <span class='ocrx_word' id='word_1_714' title='bbox 1495 5608 1511 5633; x_wconf 84' lang='grc'><strong>,</strong></span> <span class='ocrx_word' id='word_1_715' title='bbox 1541 5569 1654 5623; x_wconf 87' lang='grc' dir='ltr'><strong>είτε</strong></span> <span class='ocrx_word' id='word_1_716' title='bbox 1686 5570 1821 5640; x_wconf 80' lang='grc' dir='ltr'><strong>πρὸς</strong></span> 
     </span>
    </p>
   </div>
   <div class='ocr_carea' id='block_1_103' title="bbox 237 5660 1821 5735">
    <p class='ocr_par' dir='ltr' id='par_1_103' title="bbox 237 5660 1821 5735">
     <span class='ocr_line' id='line_1_103' title="bbox 237 5660 1821 5735; baseline 0.003 -20"><span class='ocrx_word' id='word_1_717' title='bbox 237 5660 438 5725; x_wconf 78' lang='grc' dir='ltr'><strong>αὐτοὺς</strong></span> <span class='ocrx_word' id='word_1_718' title='bbox 468 5661 578 5714; x_wconf 73' lang='grc' dir='ltr'><strong>εἴτε</strong></span> <span class='ocrx_word' id='word_1_719' title='bbox 602 5660 739 5731; x_wconf 81' lang='grc' dir='ltr'><strong>πρὸς</strong></span> <span class='ocrx_word' id='word_1_720' title='bbox 757 5660 854 5731; x_wconf 84' lang='grc' dir='ltr'><strong>τὴν</strong></span> <span class='ocrx_word' id='word_1_721' title='bbox 888 5660 1186 5730; x_wconf 85' lang='grc' dir='ltr'><strong>ἐκκλησίαν</strong></span> <span class='ocrx_word' id='word_1_722' title='bbox 1210 5662 1344 5732; x_wconf 74' lang='grc' dir='ltr'><strong>ἔχει·</strong></span> <span class='ocrx_word' id='word_1_723' title='bbox 1370 5661 1467 5715; x_wconf 64' lang='grc' dir='ltr'><strong>καὶ⁵</strong></span> <span class='ocrx_word' id='word_1_724' title='bbox 1490 5663 1523 5735; x_wconf 88' lang='grc' dir='ltr'><strong>ἡ</strong></span> <span class='ocrx_word' id='word_1_725' title='bbox 1547 5662 1821 5730; x_wconf 72' lang='grc' dir='ltr'><strong>κθ”διάτ.,</strong></span> 
     </span>
    </p>
   </div>
   <div class='ocr_carea' id='block_1_104' title="bbox 239 5752 1823 5829">
    <p class='ocr_par' dir='ltr' id='par_1_104' title="bbox 239 5752 1823 5829">
     <span class='ocr_line' id='line_1_104' title="bbox 239 5752 1823 5829; baseline 0.001 -21"><span class='ocrx_word' id='word_1_726' title='bbox 239 5756 322 5808; x_wconf 77' lang='grc' dir='ltr'><strong>ὅτι</strong></span> <span class='ocrx_word' id='word_1_727' title='bbox 355 5752 542 5824; x_wconf 74' lang='grc' dir='ltr'><strong>μηδεὶς</strong></span> <span class='ocrx_word' id='word_1_728' title='bbox 585 5754 651 5807; x_wconf 83' lang='grc' dir='ltr'><strong>ἐκ</strong></span> <span class='ocrx_word' id='word_1_729' title='bbox 695 5752 918 5825; x_wconf 82' lang='grc' dir='ltr'><strong>πρώτης</strong></span> <span class='ocrx_word' id='word_1_730' title='bbox 958 5754 1527 5827; x_wconf 70' lang='grc' dir='ltr'><strong>αίτιάσθωξκληρικὸν</strong></span> <span class='ocrx_word' id='word_1_731' title='bbox 1552 5757 1707 5829; x_wconf 78' lang='grc' dir='ltr'><strong>παρὰ</strong></span> <span class='ocrx_word' id='word_1_732' title='bbox 1744 5755 1823 5828; x_wconf 83' lang='grc' dir='ltr'><strong>τῷ</strong></span> 
     </span>
    </p>
   </div>
   <div class='ocr_carea' id='block_1_105' title="bbox 243 5844 1824 5919">
    <p class='ocr_par' dir='ltr' id='par_1_105' title="bbox 243 5844 1824 5919">
     <span class='ocr_line' id='line_1_105' title="bbox 243 5844 1824 5919; baseline 0.001 -17"><span class='ocrx_word' id='word_1_733' title='bbox 243 5847 595 5919; x_wconf 71' lang='grc' dir='ltr'><strong>πατριάρχῃ,</strong></span> <span class='ocrx_word' id='word_1_734' title='bbox 622 5844 759 5903; x_wconf 78' lang='grc' dir='ltr'><strong>ἀλλὰ</strong></span> <span class='ocrx_word' id='word_1_735' title='bbox 798 5846 948 5918; x_wconf 76' lang='grc' dir='ltr'><strong>παρὰ</strong></span> <span class='ocrx_word' id='word_1_736' title='bbox 987 5846 1066 5918; x_wconf 80' lang='grc' dir='ltr'><strong>τῷ</strong></span> <span class='ocrx_word' id='word_1_737' title='bbox 1104 5847 1393 5918; x_wconf 81' lang='grc' dir='ltr'><strong>ἐπισκόπῳ</strong></span> <span class='ocrx_word' id='word_1_738' title='bbox 1434 5848 1635 5903; x_wconf 78' lang='grc' dir='ltr'><strong>αὑτοῦ·</strong></span> <span class='ocrx_word' id='word_1_739' title='bbox 1683 5848 1734 5901; x_wconf 85' lang='grc' dir='ltr'><strong>εἰ</strong></span> <span class='ocrx_word' id='word_1_740' title='bbox 1764 5848 1824 5903; x_wconf 74' lang='grc' dir='ltr'><strong>δὲ</strong></span> 
     </span>
    </p>
   </div>
   <div class='ocr_carea' id='block_1_106' title="bbox 1924 4653 3519 4726">
    <p class='ocr_par' dir='ltr' id='par_1_106' title="bbox 1924 4653 3519 4726">
     <span class='ocr_line' id='line_1_106' title="bbox 1924 4653 3519 4726; baseline -0.004 -10"><span class='ocrx_word' id='word_1_741' title='bbox 1924 4663 1980 4716; x_wconf 87' lang='lat' dir='ltr'><strong>in</strong></span> <span class='ocrx_word' id='word_1_742' title='bbox 2031 4660 2135 4715; x_wconf 91' lang='lat' dir='ltr'><strong>hoc</strong></span> <span class='ocrx_word' id='word_1_743' title='bbox 2178 4659 2442 4715; x_wconf 79' lang='lat' dir='ltr'><strong>adversus</strong></span> <span class='ocrx_word' id='word_1_744' title='bbox 2486 4658 2625 4713; x_wconf 90' lang='lat' dir='ltr'><strong>alios</strong></span> <span class='ocrx_word' id='word_1_745' title='bbox 2667 4660 3045 4721; x_wconf 76' lang='lat' dir='ltr'><strong>constitutam,</strong></span> <span class='ocrx_word' id='word_1_746' title='bbox 3075 4656 3144 4710; x_wconf 90' lang='lat' dir='ltr'><strong>ab</strong></span> <span class='ocrx_word' id='word_1_747' title='bbox 3178 4657 3295 4726; x_wconf 90' lang='lat' dir='ltr'><strong>ipso</strong></span> <span class='ocrx_word' id='word_1_748' title='bbox 3335 4653 3519 4710; x_wconf 80' lang='lat' dir='ltr'><strong>fiscus-</strong></span> 
     </span>
    </p>
   </div>
   <div class='ocr_carea' id='block_1_107' title="bbox 1923 4747 3516 4823">
    <p class='ocr_par' dir='ltr' id='par_1_107' title="bbox 1923 4747 3516 4823">
     <span class='ocr_line' id='line_1_107' title="bbox 1923 4747 3516 4823; baseline -0.004 -16"><span class='ocrx_word' id='word_1_749' title='bbox 1923 4768 2033 4807; x_wconf 89' lang='lat' dir='ltr'><strong>non</strong></span> <span class='ocrx_word' id='word_1_750' title='bbox 2067 4752 2323 4823; x_wconf 80' lang='lat' dir='ltr'><strong>accipiat,</strong></span> <span class='ocrx_word' id='word_1_751' title='bbox 2354 4751 2448 4807; x_wconf 92' lang='lat' dir='ltr'><strong>sed</strong></span> <span class='ocrx_word' id='word_1_752' title='bbox 2480 4750 2811 4820; x_wconf 81' lang='lat' dir='ltr'><strong>pauperibus</strong></span> <span class='ocrx_word' id='word_1_753' title='bbox 2848 4758 3056 4818; x_wconf 83' lang='lat' dir='ltr'><strong>eroget.</strong></span> <span class='ocrx_word' id='word_1_754' title='bbox 3094 4747 3284 4802; x_wconf 88' lang='lat' dir='ltr'><strong>Const.</strong></span> <span class='ocrx_word' id='word_1_755' title='bbox 3317 4754 3516 4802; x_wconf 85' lang='lat' dir='ltr'><strong>autem-</strong></span> 
     </span>
    </p>
   </div>
   <div class='ocr_carea' id='block_1_108' title="bbox 1924 4837 3517 4915">
    <p class='ocr_par' dir='ltr' id='par_1_108' title="bbox 1924 4837 3517 4915">
     <span class='ocr_line' id='line_1_108' title="bbox 1924 4837 3517 4915; baseline -0.004 -15"><span class='ocrx_word' id='word_1_756' title='bbox 1924 4845 1975 4908; x_wconf 86' lang='lat'><strong>7,</strong></span> <span class='ocrx_word' id='word_1_757' title='bbox 1994 4844 2238 4915; x_wconf 90' lang='lat' dir='ltr'><strong>ejusdem</strong></span> <span class='ocrx_word' id='word_1_758' title='bbox 2257 4844 2341 4898; x_wconf 93' lang='lat' dir='ltr'><strong>tit.</strong></span> <span class='ocrx_word' id='word_1_759' title='bbox 2368 4841 2516 4913; x_wconf 89' lang='lat' dir='ltr'><strong>quod</strong></span> <span class='ocrx_word' id='word_1_760' title='bbox 2540 4844 2593 4896; x_wconf 90' lang='lat' dir='ltr'><strong>in</strong></span> <span class='ocrx_word' id='word_1_761' title='bbox 2626 4840 2955 4912; x_wconf 85' lang='lat' dir='ltr'><strong>pecuniariis</strong></span> <span class='ocrx_word' id='word_1_762' title='bbox 2982 4839 3249 4894; x_wconf 67' lang='lat' dir='ltr'><strong>duntaxat</strong></span> <span class='ocrx_word' id='word_1_763' title='bbox 3271 4837 3517 4912; x_wconf 50' lang='lat' dir='ltr'><strong>[causls‘k</strong></span> 
     </span>
    </p>
   </div>
   <div class='ocr_carea' id='block_1_109' title="bbox 1925 4930 3507 5001">
    <p class='ocr_par' dir='ltr' id='par_1_109' title="bbox 1925 4930 3507 5001">
     <span class='ocr_line' id='line_1_109' title="bbox 1925 4930 3507 5001; baseline -0.003 -9"><span class='ocrx_word' id='word_1_764' title='bbox 1925 4938 2066 4992; x_wconf 91' lang='lat' dir='ltr'><strong>inter</strong></span> <span class='ocrx_word' id='word_1_765' title='bbox 2095 4933 2522 5001; x_wconf 80' lang='lat' dir='ltr'><strong>consentientes,</strong></span> <span class='ocrx_word' id='word_1_766' title='bbox 2556 4948 2662 4988; x_wconf 91' lang='lat' dir='ltr'><strong>non</strong></span> <span class='ocrx_word' id='word_1_767' title='bbox 2703 4943 2885 4989; x_wconf 89' lang='lat' dir='ltr'><strong>autem</strong></span> <span class='ocrx_word' id='word_1_768' title='bbox 2938 4933 3104 4990; x_wconf 79' lang='lat' dir='ltr'><strong>etiam</strong></span> <span class='ocrx_word' id='word_1_769' title='bbox 3151 4932 3353 4988; x_wconf 88' lang='lat' dir='ltr'><strong>invitos</strong></span> <span class='ocrx_word' id='word_1_770' title='bbox 3388 4930 3507 4987; x_wconf 74' lang='lat' dir='ltr'><strong>clli-</strong></span> 
     </span>
    </p>
   </div>
   <div class='ocr_carea' id='block_1_110' title="bbox 1924 5024 3513 5101">
    <p class='ocr_par' dir='ltr' id='par_1_110' title="bbox 1924 5024 3513 5101">
     <span class='ocr_line' id='line_1_110' title="bbox 1924 5024 3513 5101; baseline -0.006 -15"><span class='ocrx_word' id='word_1_771' title='bbox 1924 5030 2126 5086; x_wconf 89' lang='lat' dir='ltr'><strong>caciter</strong></span> <span class='ocrx_word' id='word_1_772' title='bbox 2152 5029 2446 5099; x_wconf 82' lang='lat' dir='ltr'><strong>episcopus</strong></span> <span class='ocrx_word' id='word_1_773' title='bbox 2469 5026 2700 5099; x_wconf 78' lang='lat' dir='ltr'><strong>iudicet.</strong></span> <span class='ocrx_word' id='word_1_774' title='bbox 2724 5025 2790 5081; x_wconf 84' lang='lat' dir='ltr'><strong>Et</strong></span> <span class='ocrx_word' id='word_1_775' title='bbox 2814 5035 2996 5083; x_wconf 90' lang='lat' dir='ltr'><strong>const.</strong></span> <span class='ocrx_word' id='word_1_776' title='bbox 3024 5026 3249 5101; x_wconf 12' lang='lat' dir='ltr'><strong>8,vquod</strong></span> <span class='ocrx_word' id='word_1_777' title='bbox 3288 5024 3513 5095; x_wconf 82' lang='lat' dir='ltr'><strong>cpisco-</strong></span> 
     </span>
    </p>
   </div>
   <div class='ocr_carea' id='block_1_111' title="bbox 1924 5116 3513 5195">
    <p class='ocr_par' dir='ltr' id='par_1_111' title="bbox 1924 5116 3513 5195">
     <span class='ocr_line' id='line_1_111' title="bbox 1924 5116 3513 5195; baseline -0.004 -17"><span class='ocrx_word' id='word_1_778' title='bbox 1924 5138 2119 5195; x_wconf 88' lang='lat' dir='ltr'><strong>porum</strong></span> <span class='ocrx_word' id='word_1_779' title='bbox 2149 5121 2422 5190; x_wconf 89' lang='lat' dir='ltr'><strong>judicium</strong></span> <span class='ocrx_word' id='word_1_780' title='bbox 2468 5130 2648 5176; x_wconf 85' lang='lat' dir='ltr'><strong>ratum</strong></span> <span class='ocrx_word' id='word_1_781' title='bbox 2696 5121 2769 5176; x_wconf 91' lang='lat' dir='ltr'><strong>sit</strong></span> <span class='ocrx_word' id='word_1_782' title='bbox 2800 5120 2942 5176; x_wconf 89' lang='lat' dir='ltr'><strong>inter</strong></span> <span class='ocrx_word' id='word_1_783' title='bbox 2974 5135 3069 5174; x_wconf 92' lang='lat' dir='ltr'><strong>eos</strong></span> <span class='ocrx_word' id='word_1_784' title='bbox 3100 5119 3201 5190; x_wconf 84' lang='lat' dir='ltr'><strong>qui.</strong></span> <span class='ocrx_word' id='word_1_785' title='bbox 3222 5119 3368 5186; x_wconf 77' lang='lat' dir='ltr'><strong>ipsos</strong></span> <span class='ocrx_word' id='word_1_786' title='bbox 3397 5116 3513 5172; x_wconf 63' lang='lat' dir='ltr'><strong>cleo</strong></span> 
     </span>
    </p>
   </div>
   <div class='ocr_carea' id='block_1_112' title="bbox 1925 5204 3520 5283">
    <p class='ocr_par' dir='ltr' id='par_1_112' title="bbox 1925 5204 3520 5283">
     <span class='ocr_line' id='line_1_112' title="bbox 1925 5204 3520 5283; baseline -0.005 -17"><span class='ocrx_word' id='word_1_787' title='bbox 1925 5211 2125 5283; x_wconf 81' lang='lat' dir='ltr'><strong>gerint,</strong></span> <span class='ocrx_word' id='word_1_788' title='bbox 2159 5226 2224 5266; x_wconf 92' lang='lat' dir='ltr'><strong>ac</strong></span> <span class='ocrx_word' id='word_1_789' title='bbox 2253 5210 2435 5265; x_wconf 91' lang='lat' dir='ltr'><strong>simile</strong></span> <span class='ocrx_word' id='word_1_790' title='bbox 2460 5210 2534 5266; x_wconf 90' lang='lat' dir='ltr'><strong>sit</strong></span> <span class='ocrx_word' id='word_1_791' title='bbox 2569 5208 2948 5281; x_wconf 55' lang='lat' dir='ltr'><strong>praefectorum</strong></span> <span class='ocrx_word' id='word_1_792' title='bbox 2984 5208 3356 5277; x_wconf 52' lang='lat' dir='ltr'><strong>sententiisra-</strong></span> <span class='ocrx_word' id='word_1_793' title='bbox 3382 5204 3520 5277; x_wconf 65' lang='lat' dir='ltr'><strong>qui-</strong></span> 
     </span>
    </p>
   </div>
   <div class='ocr_carea' id='block_1_113' title="bbox 1925 5298 3513 5373">
    <p class='ocr_par' dir='ltr' id='par_1_113' title="bbox 1925 5298 3513 5373">
     <span class='ocr_line' id='line_1_113' title="bbox 1925 5298 3513 5373; baseline -0.003 -16"><span class='ocrx_word' id='word_1_794' title='bbox 1925 5304 2029 5358; x_wconf 90' lang='lat' dir='ltr'><strong>bus</strong></span> <span class='ocrx_word' id='word_1_795' title='bbox 2063 5316 2366 5373; x_wconf 80' lang='lat' dir='ltr'><strong>provocare</strong></span> <span class='ocrx_word' id='word_1_796' title='bbox 2396 5315 2506 5357; x_wconf 90' lang='lat' dir='ltr'><strong>non</strong></span> <span class='ocrx_word' id='word_1_797' title='bbox 2545 5300 2697 5355; x_wconf 89' lang='lat' dir='ltr'><strong>licet.</strong></span> <span class='ocrx_word' id='word_1_798' title='bbox 2724 5299 2789 5355; x_wconf 85' lang='lat' dir='ltr'><strong>Et</strong></span> <span class='ocrx_word' id='word_1_799' title='bbox 2833 5310 3011 5355; x_wconf 90' lang='lat' dir='ltr'><strong>const.</strong></span> <span class='ocrx_word' id='word_1_800' title='bbox 3051 5298 3313 5369; x_wconf 79' lang='lat' dir='ltr'><strong>l5,.quod</strong></span> <span class='ocrx_word' id='word_1_801' title='bbox 3355 5306 3513 5353; x_wconf 81' lang='lat' dir='ltr'><strong>actor</strong></span> 
     </span>
    </p>
   </div>
   <div class='ocr_carea' id='block_1_114' title="bbox 1926 5391 3521 5461">
    <p class='ocr_par' dir='ltr' id='par_1_114' title="bbox 1926 5391 3521 5461">
     <span class='ocr_line' id='line_1_114' title="bbox 1926 5391 3521 5461; baseline -0.001 -14"><span class='ocrx_word' id='word_1_802' title='bbox 1926 5393 2139 5460; x_wconf 84' lang='lat' dir='ltr'><strong>volens,</strong></span> <span class='ocrx_word' id='word_1_803' title='bbox 2164 5400 2219 5447; x_wconf 87' lang='lat' dir='ltr'><strong>at</strong></span> <span class='ocrx_word' id='word_1_804' title='bbox 2251 5407 2362 5448; x_wconf 80' lang='lat' dir='ltr'><strong>non</strong></span> <span class='ocrx_word' id='word_1_805' title='bbox 2395 5394 2557 5448; x_wconf 87' lang='lat' dir='ltr'><strong>etiam</strong></span> <span class='ocrx_word' id='word_1_806' title='bbox 2586 5392 2814 5455; x_wconf 86' lang='lat' dir='ltr'><strong>invitus,</strong></span> <span class='ocrx_word' id='word_1_807' title='bbox 2847 5391 2988 5460; x_wconf 86' lang='lat' dir='ltr'><strong>apud</strong></span> <span class='ocrx_word' id='word_1_808' title='bbox 3019 5393 3335 5461; x_wconf 69' lang='lat' dir='ltr'><strong>episcopum</strong></span> <span class='ocrx_word' id='word_1_809' title='bbox 3360 5392 3521 5447; x_wconf 77' lang='lat' dir='ltr'><strong>Con-</strong></span> 
     </span>
    </p>
   </div>
   <div class='ocr_carea' id='block_1_115' title="bbox 1928 5484 3519 5556">
    <p class='ocr_par' dir='ltr' id='par_1_115' title="bbox 1928 5484 3519 5556">
     <span class='ocr_line' id='line_1_115' title="bbox 1928 5484 3519 5556; baseline 0.001 -17"><span class='ocrx_word' id='word_1_810' title='bbox 1928 5484 2315 5556; x_wconf 84' lang='lat' dir='ltr'><strong>stautinopolis</strong></span> <span class='ocrx_word' id='word_1_811' title='bbox 2345 5484 2440 5540; x_wconf 92' lang='lat' dir='ltr'><strong>lite</strong></span> <span class='ocrx_word' id='word_1_812' title='bbox 2477 5486 2656 5555; x_wconf 84' lang='lat' dir='ltr'><strong>pulset</strong></span> <span class='ocrx_word' id='word_1_813' title='bbox 2684 5498 3056 5549; x_wconf 73' lang='lat' dir='ltr'><strong>mconomum,</strong></span> <span class='ocrx_word' id='word_1_814' title='bbox 3097 5492 3191 5537; x_wconf 90' lang='lat' dir='ltr'><strong>aut</strong></span> <span class='ocrx_word' id='word_1_815' title='bbox 3228 5485 3364 5538; x_wconf 82' lang='lat' dir='ltr'><strong>alios</strong></span> <span class='ocrx_word' id='word_1_816' title='bbox 3388 5484 3519 5553; x_wconf 80' lang='lat' dir='ltr'><strong>ejus</strong></span> 
     </span>
    </p>
   </div>
   <div class='ocr_carea' id='block_1_116' title="bbox 1928 5562 3509 5643">
    <p class='ocr_par' dir='ltr' id='par_1_116' title="bbox 1928 5562 3509 5643">
     <span class='ocr_line' id='line_1_116' title="bbox 1928 5562 3509 5643; baseline -0.002 -14"><span class='ocrx_word' id='word_1_817' title='bbox 1928 5574 2180 5636; x_wconf 84' lang='lat' dir='ltr'><strong>clericos,</strong></span> <span class='ocrx_word' id='word_1_818' title='bbox 2214 5574 2331 5630; x_wconf 82' lang='lat' dir='ltr'><strong>sive</strong></span> <span class='ocrx_word' id='word_1_819' title='bbox 2361 5572 2626 5629; x_wconf 91' lang='lat' dir='ltr'><strong>adversus</strong></span> <span class='ocrx_word' id='word_1_820' title='bbox 2656 5572 2827 5643; x_wconf 86' lang='lat' dir='ltr'><strong>ipsos,</strong></span> <span class='ocrx_word' id='word_1_821' title='bbox 2860 5562 2976 5628; x_wconf 81' lang='lat' dir='ltr'><strong>sive</strong></span> <span class='ocrx_word' id='word_1_822' title='bbox 3026 5572 3290 5627; x_wconf 88' lang='lat' dir='ltr'><strong>adversus</strong></span> <span class='ocrx_word' id='word_1_823' title='bbox 3321 5570 3509 5627; x_wconf 82' lang='lat' dir='ltr'><strong>Eccle-</strong></span> 
     </span>
    </p>
   </div>
   <div class='ocr_carea' id='block_1_117' title="bbox 1928 5661 3523 5738">
    <p class='ocr_par' dir='ltr' id='par_1_117' title="bbox 1928 5661 3523 5738">
     <span class='ocr_line' id='line_1_117' title="bbox 1928 5661 3523 5738; baseline -0.003 -17"><span class='ocrx_word' id='word_1_824' title='bbox 1928 5667 2067 5722; x_wconf 88' lang='lat' dir='ltr'><strong>siam</strong></span> <span class='ocrx_word' id='word_1_825' title='bbox 2100 5664 2423 5738; x_wconf 83' lang='lat' dir='ltr'><strong>[actionem]</strong></span> <span class='ocrx_word' id='word_1_826' title='bbox 2454 5664 2668 5719; x_wconf 86' lang='lat' dir='ltr'><strong>habeat.</strong></span> <span class='ocrx_word' id='word_1_827' title='bbox 2696 5662 2760 5718; x_wconf 86' lang='lat' dir='ltr'><strong>Et</strong></span> <span class='ocrx_word' id='word_1_828' title='bbox 2779 5664 3116 5730; x_wconf 74' lang='lat' dir='ltr'><strong>29,.constit.</strong></span> <span class='ocrx_word' id='word_1_829' title='bbox 3140 5661 3307 5717; x_wconf 81' lang='lat' dir='ltr'><strong>Nemo</strong></span> <span class='ocrx_word' id='word_1_830' title='bbox 3334 5664 3523 5732; x_wconf 76' lang='lat' dir='ltr'><strong>prima</strong></span> 
     </span>
    </p>
   </div>
   <div class='ocr_carea' id='block_1_118' title="bbox 1931 5754 3512 5829">
    <p class='ocr_par' dir='ltr' id='par_1_118' title="bbox 1931 5754 3512 5829">
     <span class='ocr_line' id='line_1_118' title="bbox 1931 5754 3512 5829; baseline -0.003 -18"><span class='ocrx_word' id='word_1_831' title='bbox 1931 5759 2049 5813; x_wconf 89' lang='lat' dir='ltr'><strong>vice</strong></span> <span class='ocrx_word' id='word_1_832' title='bbox 2082 5757 2225 5829; x_wconf 89' lang='lat' dir='ltr'><strong>apud</strong></span> <span class='ocrx_word' id='word_1_833' title='bbox 2257 5756 2644 5828; x_wconf 88' lang='lat' dir='ltr'><strong>patriarcham,</strong></span> <span class='ocrx_word' id='word_1_834' title='bbox 2693 5756 2786 5813; x_wconf 90' lang='lat' dir='ltr'><strong>sed</strong></span> <span class='ocrx_word' id='word_1_835' title='bbox 2821 5757 3146 5827; x_wconf 76' lang='lat' dir='ltr'><strong>episcopum</strong></span> <span class='ocrx_word' id='word_1_836' title='bbox 3182 5754 3512 5809; x_wconf 67' lang='lat' dir='ltr'><strong>suum.~cle~</strong></span> 
     </span>
    </p>
   </div>
   <div class='ocr_carea' id='block_1_119' title="bbox 1931 5844 3515 5919">
    <p class='ocr_par' dir='ltr' id='par_1_119' title="bbox 1931 5844 3515 5919">
     <span class='ocr_line' id='line_1_119' title="bbox 1931 5844 3515 5919; baseline -0.005 -13"><span class='ocrx_word' id='word_1_837' title='bbox 1931 5851 2109 5906; x_wconf 88' lang='lat' dir='ltr'><strong>ricum</strong></span> <span class='ocrx_word' id='word_1_838' title='bbox 2142 5848 2514 5918; x_wconf 47' lang='lat' dir='ltr'><strong>accusatossi</strong></span> <span class='ocrx_word' id='word_1_839' title='bbox 2564 5859 3058 5919; x_wconf 36' lang='lat' dir='ltr'><strong>vero,suspectum</strong></span> <span class='ocrx_word' id='word_1_840' title='bbox 3100 5846 3251 5902; x_wconf 88' lang='lat' dir='ltr'><strong>illum</strong></span> <span class='ocrx_word' id='word_1_841' title='bbox 3288 5844 3515 5913; x_wconf 56' lang='lat' dir='ltr'><strong>haheat,</strong></span> 
     </span>
    </p>
   </div>
  </div>
