  <div class='ocr_page' id='page_1' title='image "/cluster/home/n/w/nwhite01/storage/ocr_20150623/104/hvd.32044018872853/361.png"; bbox 0 0 3874 6296; ppageno 0'>
   <div class='ocr_carea' id='block_1_1' title="bbox 549 322 653 388">
    <p class='ocr_par' dir='ltr' id='par_1_1' title="bbox 549 322 653 388">
     <span class='ocr_line' id='line_1_1' title="bbox 549 322 653 388; baseline -0.019 -1"><span class='ocrx_word' id='word_1_1' title='bbox 549 322 653 388; x_wconf 74' lang='lat' dir='ltr'><strong>7H</strong></span> 
     </span>
    </p>
   </div>
   <div class='ocr_carea' id='block_1_2' title="bbox 1673 290 2620 387">
    <p class='ocr_par' dir='ltr' id='par_1_2' title="bbox 1673 290 2620 387">
     <span class='ocr_line' id='line_1_2' title="bbox 1673 290 2620 387; baseline 0.005 -5"><span class='ocrx_word' id='word_1_2' title='bbox 1673 290 1931 383; x_wconf 73' lang='lat' dir='ltr'><strong>mem</strong></span> <span class='ocrx_word' id='word_1_3' title='bbox 1967 321 2471 385; x_wconf 66' lang='lat' dir='ltr'><strong>PATRIARCHE</strong></span> <span class='ocrx_word' id='word_1_4' title='bbox 2508 326 2620 387; x_wconf 89' lang='lat' dir='ltr'><strong>CP.</strong></span> 
     </span>
    </p>
   </div>
   <div class='ocr_carea' id='block_1_3' title="bbox 3664 345 3747 412">
    <p class='ocr_par' dir='ltr' id='par_1_3' title="bbox 3664 345 3747 412">
     <span class='ocr_line' id='line_1_3' title="bbox 3664 345 3747 412; baseline 0.072 -6"><span class='ocrx_word' id='word_1_5' title='bbox 3664 345 3747 412; x_wconf 72' lang='lat' dir='ltr'><strong>7i!</strong></span> 
     </span>
    </p>
   </div>
   <div class='ocr_carea' id='block_1_4' title="bbox 558 433 2111 523">
    <p class='ocr_par' dir='ltr' id='par_1_4' title="bbox 558 433 2111 511">
     <span class='ocr_line' id='line_1_4' title="bbox 558 433 2111 511; baseline -0.006 -14"><span class='ocrx_word' id='word_1_6' title='bbox 558 439 701 511; x_wconf 80' lang='lat' dir='ltr'><strong>apud</strong></span> <span class='ocrx_word' id='word_1_7' title='bbox 728 435 1228 509; x_wconf 91' lang='lat' dir='ltr'><strong>metropolitanum.</strong></span> <span class='ocrx_word' id='word_1_8' title='bbox 1255 433 1358 503; x_wconf 85' lang='lat' dir='ltr'><strong>Qui</strong></span> <span class='ocrx_word' id='word_1_9' title='bbox 1391 434 1435 490; x_wconf 88' lang='lat' dir='ltr'><strong>si</strong></span> <span class='ocrx_word' id='word_1_10' title='bbox 1467 449 1685 505; x_wconf 89' lang='lat' dir='ltr'><strong>quoque</strong></span> <span class='ocrx_word' id='word_1_11' title='bbox 1715 444 2001 503; x_wconf 88' lang='lat' dir='ltr'><strong>suspectus</strong></span> <span class='ocrx_word' id='word_1_12' title='bbox 2030 434 2111 488; x_wconf 83' lang='lat' dir='ltr'><strong>sit.</strong></span> 
     </span>
    </p>
   </div>
   <div class='ocr_carea' id='block_1_5' title="bbox 2215 433 3749 523">
    <p class='ocr_par' dir='ltr' id='par_1_5' title="bbox 2229 434 3749 523">
     <span class='ocr_line' id='line_1_5' title="bbox 2229 434 3749 523; baseline 0.014 -36"><span class='ocrx_word' id='word_1_13' title='bbox 2229 434 2366 505; x_wconf 78' lang='grc' dir='ltr'>πρὸς</span> <span class='ocrx_word' id='word_1_14' title='bbox 2380 435 2545 489; x_wconf 81' lang='grc' dir='ltr'>αὐτὸν</span> <span class='ocrx_word' id='word_1_15' title='bbox 2567 434 2823 502; x_wconf 79' lang='grc' dir='ltr'><strong>ὑπόπτως</strong></span> <span class='ocrx_word' id='word_1_16' title='bbox 2842 436 3141 508; x_wconf 81' lang='grc' dir='ltr'>ἐχει,παρὰ</span> <span class='ocrx_word' id='word_1_17' title='bbox 3159 439 3240 510; x_wconf 82' lang='grc' dir='ltr'>τῷ</span> <span class='ocrx_word' id='word_1_18' title='bbox 3259 444 3623 523; x_wconf 80' lang='grc' dir='ltr'>μητροπολίτῃ.</span> <span class='ocrx_word' id='word_1_19' title='bbox 3640 454 3690 508; x_wconf 81' lang='lat' dir='ltr'><strong>Et</strong></span> <span class='ocrx_word' id='word_1_20' title='bbox 3705 462 3749 514; x_wconf 72' lang='grc' dir='ltr'>δὲ</span> 
     </span>
    </p>
   </div>
   <div class='ocr_carea' id='block_1_6' title="bbox 553 526 2123 605">
    <p class='ocr_par' dir='ltr' id='par_1_6' title="bbox 553 526 2123 605">
     <span class='ocr_line' id='line_1_6' title="bbox 553 526 2123 605; baseline -0.003 -19"><span class='ocrx_word' id='word_1_21' title='bbox 553 537 766 605; x_wconf 91' lang='lat' dir='ltr'><strong>oportet</strong></span> <span class='ocrx_word' id='word_1_22' title='bbox 787 544 914 584; x_wconf 90' lang='lat' dir='ltr'><strong>cum</strong></span> <span class='ocrx_word' id='word_1_23' title='bbox 958 528 1051 582; x_wconf 92' lang='lat' dir='ltr'><strong>illo</strong></span> <span class='ocrx_word' id='word_1_24' title='bbox 1083 527 1331 595; x_wconf 90' lang='lat' dir='ltr'><strong>judicare</strong></span> <span class='ocrx_word' id='word_1_25' title='bbox 1375 527 1499 581; x_wconf 91' lang='lat' dir='ltr'><strong>loco</strong></span> <span class='ocrx_word' id='word_1_26' title='bbox 1548 527 1716 581; x_wconf 84' lang='lat' dir='ltr'><strong>totius</strong></span> <span class='ocrx_word' id='word_1_27' title='bbox 1772 526 1964 597; x_wconf 82' lang='lat' dir='ltr'><strong>synodi</strong></span> <span class='ocrx_word' id='word_1_28' title='bbox 2012 537 2123 582; x_wconf 86' lang='lat' dir='ltr'><strong>tres</strong></span> 
     </span>
    </p>
   </div>
   <div class='ocr_carea' id='block_1_7' title="bbox 550 618 2123 689">
    <p class='ocr_par' dir='ltr' id='par_1_7' title="bbox 550 618 2123 689">
     <span class='ocr_line' id='line_1_7' title="bbox 550 618 2123 689; baseline -0.006 -6"><span class='ocrx_word' id='word_1_29' title='bbox 550 627 859 683; x_wconf 84' lang='lat' dir='ltr'><strong>secundum</strong></span> <span class='ocrx_word' id='word_1_30' title='bbox 907 622 1273 678; x_wconf 82' lang='lat' dir='ltr'><strong>ordinationis</strong></span> <span class='ocrx_word' id='word_1_31' title='bbox 1312 620 1558 674; x_wconf 84' lang='lat' dir='ltr'><strong>ordinem</strong></span> <span class='ocrx_word' id='word_1_32' title='bbox 1604 618 1910 689; x_wconf 88' lang='lat' dir='ltr'><strong>primores:</strong></span> <span class='ocrx_word' id='word_1_33' title='bbox 1965 626 2019 675; x_wconf 90' lang='lat' dir='ltr'><strong>et</strong></span> <span class='ocrx_word' id='word_1_34' title='bbox 2076 618 2123 674; x_wconf 91' lang='lat' dir='ltr'><strong>si</strong></span> 
     </span>
    </p>
   </div>
   <div class='ocr_carea' id='block_1_8' title="bbox 547 709 2123 791">
    <p class='ocr_par' dir='ltr' id='par_1_8' title="bbox 547 709 2123 791">
     <span class='ocr_line' id='line_1_8' title="bbox 547 709 2123 791; baseline -0.007 -16"><span class='ocrx_word' id='word_1_35' title='bbox 547 718 811 791; x_wconf 74' lang='lat' dir='ltr'><strong>judicatis</strong></span> <span class='ocrx_word' id='word_1_36' title='bbox 850 731 958 771; x_wconf 91' lang='lat' dir='ltr'><strong>non</strong></span> <span class='ocrx_word' id='word_1_37' title='bbox 984 714 1387 784; x_wconf 86' lang='lat' dir='ltr'><strong>acquiescatur,</strong></span> <span class='ocrx_word' id='word_1_38' title='bbox 1424 709 1617 783; x_wconf 88' lang='lat' dir='ltr'><strong>[illius]</strong></span> <span class='ocrx_word' id='word_1_39' title='bbox 1654 720 1858 765; x_wconf 89' lang='lat' dir='ltr'><strong>tractus</strong></span> <span class='ocrx_word' id='word_1_40' title='bbox 1891 711 2123 780; x_wconf 78' lang='lat' dir='ltr'><strong>patriar-</strong></span> 
     </span>
    </p>
   </div>
   <div class='ocr_carea' id='block_1_9' title="bbox 546 802 2124 876">
    <p class='ocr_par' dir='ltr' id='par_1_9' title="bbox 546 802 2124 876">
     <span class='ocr_line' id='line_1_9' title="bbox 546 802 2124 876; baseline -0.008 -8"><span class='ocrx_word' id='word_1_41' title='bbox 546 815 708 868; x_wconf 89' lang='lat' dir='ltr'><strong>cham</strong></span> <span class='ocrx_word' id='word_1_42' title='bbox 744 810 1023 874; x_wconf 84' lang='lat' dir='ltr'><strong>advocari,</strong></span> <span class='ocrx_word' id='word_1_43' title='bbox 1056 818 1217 876; x_wconf 89' lang='lat' dir='ltr'><strong>atque</strong></span> <span class='ocrx_word' id='word_1_44' title='bbox 1256 817 1511 874; x_wconf 79' lang='lat' dir='ltr'><strong>tanquam</strong></span> <span class='ocrx_word' id='word_1_45' title='bbox 1561 804 1679 874; x_wconf 84' lang='lat' dir='ltr'><strong>ipse</strong></span> <span class='ocrx_word' id='word_1_46' title='bbox 1711 803 1781 858; x_wconf 85' lang='lat' dir='ltr'><strong>ab</strong></span> <span class='ocrx_word' id='word_1_47' title='bbox 1814 802 1971 857; x_wconf 87' lang='lat' dir='ltr'><strong>initio</strong></span> <span class='ocrx_word' id='word_1_48' title='bbox 1993 818 2124 858; x_wconf 87' lang='lat' dir='ltr'><strong>cau-</strong></span> 
     </span>
    </p>
   </div>
   <div class='ocr_carea' id='block_1_10' title="bbox 537 893 2119 974">
    <p class='ocr_par' dir='ltr' id='par_1_10' title="bbox 537 893 2119 974">
     <span class='ocr_line' id='line_1_10' title="bbox 537 893 2119 974; baseline -0.008 -14"><span class='ocrx_word' id='word_1_49' title='bbox 537 900 670 960; x_wconf 78' lang='lat' dir='ltr'><strong>sam</strong></span> <span class='ocrx_word' id='word_1_50' title='bbox 712 902 1079 974; x_wconf 79' lang='lat' dir='ltr'><strong>cognovisset,</strong></span> <span class='ocrx_word' id='word_1_51' title='bbox 1121 899 1240 968; x_wconf 84' lang='lat' dir='ltr'><strong>ejus</strong></span> <span class='ocrx_word' id='word_1_52' title='bbox 1273 896 1533 967; x_wconf 87' lang='lat' dir='ltr'><strong>judicatis</strong></span> <span class='ocrx_word' id='word_1_53' title='bbox 1586 896 1969 965; x_wconf 83' lang='lat' dir='ltr'><strong>obtemperari.</strong></span> <span class='ocrx_word' id='word_1_54' title='bbox 2002 893 2119 947; x_wconf 87' lang='lat' dir='ltr'><strong>Non</strong></span> 
     </span>
    </p>
   </div>
   <div class='ocr_carea' id='block_1_11' title="bbox 547 986 2122 1065">
    <p class='ocr_par' dir='ltr' id='par_1_11' title="bbox 547 986 2122 1065">
     <span class='ocr_line' id='line_1_11' title="bbox 547 986 2122 1065; baseline -0.008 -13"><span class='ocrx_word' id='word_1_55' title='bbox 547 998 692 1052; x_wconf 88' lang='lat' dir='ltr'><strong>enim</strong></span> <span class='ocrx_word' id='word_1_56' title='bbox 717 993 1148 1065; x_wconf 83' lang='lat' dir='ltr'><strong>patriarcharum</strong></span> <span class='ocrx_word' id='word_1_57' title='bbox 1182 989 1465 1061; x_wconf 63' lang='lat' dir='ltr'><strong>sententia:</strong></span> <span class='ocrx_word' id='word_1_58' title='bbox 1512 988 1953 1058; x_wconf 88' lang='lat' dir='ltr'><strong>provocationem</strong></span> <span class='ocrx_word' id='word_1_59' title='bbox 1984 986 2122 1040; x_wconf 81' lang='lat' dir='ltr'><strong>reci-</strong></span> 
     </span>
    </p>
   </div>
   <div class='ocr_carea' id='block_1_12' title="bbox 548 1076 2123 1156">
    <p class='ocr_par' dir='ltr' id='par_1_12' title="bbox 548 1076 2123 1156">
     <span class='ocr_line' id='line_1_12' title="bbox 548 1076 2123 1156; baseline -0.01 -14"><span class='ocrx_word' id='word_1_60' title='bbox 548 1087 725 1156; x_wconf 86' lang='lat' dir='ltr'><strong>piunt.</strong></span> <span class='ocrx_word' id='word_1_61' title='bbox 771 1085 915 1140; x_wconf 93' lang='lat' dir='ltr'><strong>Idem</strong></span> <span class='ocrx_word' id='word_1_62' title='bbox 954 1084 1119 1137; x_wconf 89' lang='lat' dir='ltr'><strong>etiam</strong></span> <span class='ocrx_word' id='word_1_63' title='bbox 1150 1081 1215 1135; x_wconf 87' lang='lat' dir='ltr'><strong>de</strong></span> <span class='ocrx_word' id='word_1_64' title='bbox 1244 1080 1312 1134; x_wconf 90' lang='lat' dir='ltr'><strong>iis</strong></span> <span class='ocrx_word' id='word_1_65' title='bbox 1350 1079 1444 1148; x_wconf 88' lang='lat' dir='ltr'><strong>qui</strong></span> <span class='ocrx_word' id='word_1_66' title='bbox 1474 1080 1765 1149; x_wconf 87' lang='lat' dir='ltr'><strong>episcopos</strong></span> <span class='ocrx_word' id='word_1_67' title='bbox 1812 1077 1867 1131; x_wconf 89' lang='lat' dir='ltr'><strong>in</strong></span> <span class='ocrx_word' id='word_1_68' title='bbox 1895 1076 1989 1146; x_wconf 82' lang='lat' dir='ltr'><strong>jus</strong></span> <span class='ocrx_word' id='word_1_69' title='bbox 2026 1090 2123 1129; x_wconf 78' lang='lat' dir='ltr'><strong>vo-</strong></span> 
     </span>
    </p>
   </div>
   <div class='ocr_carea' id='block_1_13' title="bbox 547 1170 1181 1248">
    <p class='ocr_par' dir='ltr' id='par_1_13' title="bbox 547 1170 1181 1248">
     <span class='ocr_line' id='line_1_13' title="bbox 547 1170 1181 1248; baseline -0.013 -15"><span class='ocrx_word' id='word_1_70' title='bbox 547 1185 675 1233; x_wconf 86' lang='lat' dir='ltr'><strong>cant</strong></span> <span class='ocrx_word' id='word_1_71' title='bbox 708 1174 1018 1248; x_wconf 88' lang='lat' dir='ltr'><strong>[dicendum</strong></span> <span class='ocrx_word' id='word_1_72' title='bbox 1053 1170 1181 1244; x_wconf 89' lang='lat' dir='ltr'><strong>est].</strong></span> 
     </span>
    </p>
   </div>
   <div class='ocr_carea' id='block_1_14' title="bbox 618 1260 2120 1333">
    <p class='ocr_par' dir='ltr' id='par_1_14' title="bbox 618 1260 2120 1333">
     <span class='ocr_line' id='line_1_14' title="bbox 618 1260 2120 1333; baseline -0.006 -11"><span class='ocrx_word' id='word_1_73' title='bbox 618 1267 771 1322; x_wconf 78' lang='lat' dir='ltr'><strong>Licet</strong></span> <span class='ocrx_word' id='word_1_74' title='bbox 801 1274 983 1319; x_wconf 86' lang='lat' dir='ltr'><strong>autem</strong></span> <span class='ocrx_word' id='word_1_75' title='bbox 1012 1278 1042 1317; x_wconf 92' lang='lat' dir='ltr'><strong>a</strong></span> <span class='ocrx_word' id='word_1_76' title='bbox 1072 1261 1380 1333; x_wconf 83' lang='lat' dir='ltr'><strong>patriarcha</strong></span> <span class='ocrx_word' id='word_1_77' title='bbox 1426 1269 1633 1333; x_wconf 89' lang='lat' dir='ltr'><strong>petere,</strong></span> <span class='ocrx_word' id='word_1_78' title='bbox 1664 1269 1724 1316; x_wconf 90' lang='lat' dir='ltr'><strong>ut</strong></span> <span class='ocrx_word' id='word_1_79' title='bbox 1763 1275 1859 1330; x_wconf 89' lang='lat' dir='ltr'><strong>per</strong></span> <span class='ocrx_word' id='word_1_80' title='bbox 1905 1260 2120 1313; x_wconf 84' lang='lat' dir='ltr'><strong>litteras</strong></span> 
     </span>
    </p>
   </div>
   <div class='ocr_carea' id='block_1_15' title="bbox 546 1347 2117 1423">
    <p class='ocr_par' dir='ltr' id='par_1_15' title="bbox 546 1347 2117 1423">
     <span class='ocr_line' id='line_1_15' title="bbox 546 1347 2117 1423; baseline -0.006 -10"><span class='ocrx_word' id='word_1_81' title='bbox 546 1373 678 1413; x_wconf 87' lang='lat' dir='ltr'><strong>suas</strong></span> <span class='ocrx_word' id='word_1_82' title='bbox 703 1355 1131 1413; x_wconf 88' lang='lat' dir='ltr'><strong>controversiam</strong></span> <span class='ocrx_word' id='word_1_83' title='bbox 1170 1355 1443 1423; x_wconf 88' lang='lat' dir='ltr'><strong>episcopis</strong></span> <span class='ocrx_word' id='word_1_84' title='bbox 1486 1353 1840 1417; x_wconf 85' lang='lat' dir='ltr'><strong>transmittat,</strong></span> <span class='ocrx_word' id='word_1_85' title='bbox 1879 1360 1933 1406; x_wconf 90' lang='lat' dir='ltr'><strong>et</strong></span> <span class='ocrx_word' id='word_1_86' title='bbox 1979 1347 2117 1422; x_wconf 90' lang='lat' dir='ltr'><strong>[ille]</strong></span> 
     </span>
    </p>
   </div>
   <div class='ocr_carea' id='block_1_16' title="bbox 545 1444 2119 1520">
    <p class='ocr_par' dir='ltr' id='par_1_16' title="bbox 545 1444 2119 1520">
     <span class='ocr_line' id='line_1_16' title="bbox 545 1444 2119 1520; baseline -0.004 -15"><span class='ocrx_word' id='word_1_87' title='bbox 545 1466 643 1519; x_wconf 89' lang='lat' dir='ltr'><strong>pro</strong></span> <span class='ocrx_word' id='word_1_88' title='bbox 673 1450 937 1520; x_wconf 91' lang='lat' dir='ltr'><strong>sportulis</strong></span> <span class='ocrx_word' id='word_1_89' title='bbox 968 1465 1076 1502; x_wconf 86' lang='lat' dir='ltr'><strong>non</strong></span> <span class='ocrx_word' id='word_1_90' title='bbox 1111 1450 1233 1519; x_wconf 90' lang='lat' dir='ltr'><strong>plus</strong></span> <span class='ocrx_word' id='word_1_91' title='bbox 1256 1462 1421 1518; x_wconf 87' lang='lat' dir='ltr'><strong>quam</strong></span> <span class='ocrx_word' id='word_1_92' title='bbox 1454 1456 1691 1518; x_wconf 85' lang='lat' dir='ltr'><strong>quatuor</strong></span> <span class='ocrx_word' id='word_1_93' title='bbox 1719 1445 1948 1515; x_wconf 80' lang='lat' dir='ltr'><strong>siliquas</strong></span> <span class='ocrx_word' id='word_1_94' title='bbox 1972 1463 1986 1499; x_wconf 91' lang='lat'><strong>:</strong></span> <span class='ocrx_word' id='word_1_95' title='bbox 2006 1444 2119 1498; x_wconf 84' lang='lat' dir='ltr'><strong>cle-</strong></span> 
     </span>
    </p>
   </div>
   <div class='ocr_carea' id='block_1_17' title="bbox 544 1536 2115 1613">
    <p class='ocr_par' dir='ltr' id='par_1_17' title="bbox 544 1536 2115 1613">
     <span class='ocr_line' id='line_1_17' title="bbox 544 1536 2115 1613; baseline -0.005 -17"><span class='ocrx_word' id='word_1_96' title='bbox 544 1542 694 1597; x_wconf 85' lang='lat' dir='ltr'><strong>ricus</strong></span> <span class='ocrx_word' id='word_1_97' title='bbox 725 1539 906 1613; x_wconf 87' lang='lat' dir='ltr'><strong>[vero]</strong></span> <span class='ocrx_word' id='word_1_98' title='bbox 928 1540 1022 1610; x_wconf 93' lang='lat' dir='ltr'><strong>qui</strong></span> <span class='ocrx_word' id='word_1_99' title='bbox 1045 1555 1075 1594; x_wconf 91' lang='lat' dir='ltr'><strong>a</strong></span> <span class='ocrx_word' id='word_1_100' title='bbox 1094 1540 1404 1611; x_wconf 89' lang='lat' dir='ltr'><strong>patriarcha</strong></span> <span class='ocrx_word' id='word_1_101' title='bbox 1418 1540 1586 1593; x_wconf 90' lang='lat' dir='ltr'><strong>autad</strong></span> <span class='ocrx_word' id='word_1_102' title='bbox 1612 1536 2115 1604; x_wconf 81' lang='lat' dir='ltr'><strong>metropolitanum,</strong></span> 
     </span>
    </p>
   </div>
   <div class='ocr_carea' id='block_1_18' title="bbox 541 1628 2117 1703">
    <p class='ocr_par' dir='ltr' id='par_1_18' title="bbox 541 1628 2117 1703">
     <span class='ocr_line' id='line_1_18' title="bbox 541 1628 2117 1703; baseline -0.006 -14"><span class='ocrx_word' id='word_1_103' title='bbox 541 1643 639 1689; x_wconf 89' lang='lat' dir='ltr'><strong>aut</strong></span> <span class='ocrx_word' id='word_1_104' title='bbox 668 1633 759 1687; x_wconf 90' lang='lat' dir='ltr'><strong>ubi</strong></span> <span class='ocrx_word' id='word_1_105' title='bbox 799 1634 1092 1703; x_wconf 85' lang='lat' dir='ltr'><strong>episcOpus</strong></span> <span class='ocrx_word' id='word_1_106' title='bbox 1133 1631 1412 1701; x_wconf 87' lang='lat' dir='ltr'><strong>delegatus</strong></span> <span class='ocrx_word' id='word_1_107' title='bbox 1465 1628 1650 1693; x_wconf 79' lang='lat' dir='ltr'><strong>fuerit,</strong></span> <span class='ocrx_word' id='word_1_108' title='bbox 1704 1628 1959 1693; x_wconf 86' lang='lat' dir='ltr'><strong>mittitur,</strong></span> <span class='ocrx_word' id='word_1_109' title='bbox 2006 1642 2117 1681; x_wconf 89' lang='lat' dir='ltr'><strong>non</strong></span> 
     </span>
    </p>
   </div>
   <div class='ocr_carea' id='block_1_19' title="bbox 542 1719 2115 1798">
    <p class='ocr_par' dir='ltr' id='par_1_19' title="bbox 542 1719 2115 1798">
     <span class='ocr_line' id='line_1_19' title="bbox 542 1719 2115 1798; baseline -0.005 -17"><span class='ocrx_word' id='word_1_110' title='bbox 542 1728 667 1798; x_wconf 87' lang='lat' dir='ltr'><strong>plus</strong></span> <span class='ocrx_word' id='word_1_111' title='bbox 694 1742 857 1797; x_wconf 89' lang='lat' dir='ltr'><strong>quam</strong></span> <span class='ocrx_word' id='word_1_112' title='bbox 882 1740 977 1780; x_wconf 79' lang='lat' dir='ltr'><strong>sex</strong></span> <span class='ocrx_word' id='word_1_113' title='bbox 1009 1724 1213 1779; x_wconf 91' lang='lat' dir='ltr'><strong>solidos</strong></span> <span class='ocrx_word' id='word_1_114' title='bbox 1237 1722 1471 1792; x_wconf 86' lang='lat' dir='ltr'><strong>accipit:</strong></span> <span class='ocrx_word' id='word_1_115' title='bbox 1508 1719 1718 1793; x_wconf 87' lang='lat' dir='ltr'><strong>[idque]</strong></span> <span class='ocrx_word' id='word_1_116' title='bbox 1750 1720 1805 1774; x_wconf 88' lang='lat' dir='ltr'><strong>in</strong></span> <span class='ocrx_word' id='word_1_117' title='bbox 1836 1719 2115 1789; x_wconf 88' lang='lat' dir='ltr'><strong>cujusmo-</strong></span> 
     </span>
    </p>
   </div>
   <div class='ocr_carea' id='block_1_20' title="bbox 2224 526 3752 614">
    <p class='ocr_par' dir='ltr' id='par_1_20' title="bbox 2224 526 3752 614">
     <span class='ocr_line' id='line_1_20' title="bbox 2224 526 3752 614; baseline 0.012 -35"><span class='ocrx_word' id='word_1_118' title='bbox 2224 527 2475 590; x_wconf 80' lang='grc' dir='ltr'>κάκεῖνος</span> <span class='ocrx_word' id='word_1_119' title='bbox 2533 526 2776 591; x_wconf 76' lang='grc' dir='ltr'>ὕποπτός</span> <span class='ocrx_word' id='word_1_120' title='bbox 2826 530 2980 593; x_wconf 87' lang='grc' dir='ltr'>ἐστι,</span> <span class='ocrx_word' id='word_1_121' title='bbox 3036 530 3118 584; x_wconf 77' lang='grc' dir='ltr'>δεῖ</span> <span class='ocrx_word' id='word_1_122' title='bbox 3167 533 3497 597; x_wconf 75' lang='grc' dir='ltr'><strong>συνδικάζειν</strong></span> <span class='ocrx_word' id='word_1_123' title='bbox 3539 541 3667 614; x_wconf 84' lang='grc' dir='ltr'><strong>αὑτῷ</strong></span> <span class='ocrx_word' id='word_1_124' title='bbox 3701 550 3752 603; x_wconf 84' lang='grc' dir='ltr'>ὲκ</span> 
     </span>
    </p>
   </div>
   <div class='ocr_carea' id='block_1_21' title="bbox 2224 618 3753 705">
    <p class='ocr_par' dir='ltr' id='par_1_21' title="bbox 2224 618 3753 705">
     <span class='ocr_line' id='line_1_21' title="bbox 2224 618 3753 705; baseline 0.012 -34"><span class='ocrx_word' id='word_1_125' title='bbox 2224 618 2516 688; x_wconf 80' lang='grc' dir='ltr'><strong>προσώπου</strong></span> <span class='ocrx_word' id='word_1_126' title='bbox 2557 621 2655 690; x_wconf 80' lang='grc' dir='ltr'>τῆς</span> <span class='ocrx_word' id='word_1_127' title='bbox 2695 619 2823 691; x_wconf 85' lang='grc' dir='ltr'><strong>ὅλης</strong></span> <span class='ocrx_word' id='word_1_128' title='bbox 2873 622 3092 677; x_wconf 80' lang='grc' dir='ltr'><strong>συνόδου</strong></span> <span class='ocrx_word' id='word_1_129' title='bbox 3141 627 3293 696; x_wconf 85' lang='grc' dir='ltr'><strong>τρεῖς</strong></span> <span class='ocrx_word' id='word_1_130' title='bbox 3346 628 3468 691; x_wconf 79' lang='grc' dir='ltr'>τοὺς</span> <span class='ocrx_word' id='word_1_131' title='bbox 3512 633 3638 686; x_wconf 86' lang='grc' dir='ltr'>κατὰ</span> <span class='ocrx_word' id='word_1_132' title='bbox 3674 638 3753 705; x_wconf 76' lang='grc' dir='ltr'>τὴν</span> 
     </span>
    </p>
   </div>
   <div class='ocr_carea' id='block_1_22' title="bbox 2221 708 3755 797">
    <p class='ocr_par' dir='ltr' id='par_1_22' title="bbox 2221 708 3755 797">
     <span class='ocr_line' id='line_1_22' title="bbox 2221 708 3755 797; baseline 0.011 -35"><span class='ocrx_word' id='word_1_133' title='bbox 2221 708 2374 774; x_wconf 81' lang='grc' dir='ltr'>τάξιν</span> <span class='ocrx_word' id='word_1_134' title='bbox 2403 710 2502 780; x_wconf 81' lang='grc' dir='ltr'><strong>τῆς</strong></span> <span class='ocrx_word' id='word_1_135' title='bbox 2525 712 2860 783; x_wconf 83' lang='grc' dir='ltr'><strong>χειροτονίας</strong></span> <span class='ocrx_word' id='word_1_136' title='bbox 2884 717 3292 784; x_wconf 58' lang='grc' dir='ltr'>πρωτεύοντας</span> <span class='ocrx_word' id='word_1_137' title='bbox 3340 719 3435 769; x_wconf 73' lang='grc' dir='ltr'><strong>καὶ</strong></span> <span class='ocrx_word' id='word_1_138' title='bbox 3460 719 3506 771; x_wconf 80' lang='grc' dir='ltr'><strong>εί</strong></span> <span class='ocrx_word' id='word_1_139' title='bbox 3537 721 3603 792; x_wconf 79' lang='grc' dir='ltr'>μὴ</span> <span class='ocrx_word' id='word_1_140' title='bbox 3629 741 3755 797; x_wconf 79' lang='grc' dir='ltr'>στερ-</span> 
     </span>
    </p>
   </div>
   <div class='ocr_carea' id='block_1_23' title="bbox 2220 801 3755 888">
    <p class='ocr_par' dir='ltr' id='par_1_23' title="bbox 2220 801 3755 888">
     <span class='ocr_line' id='line_1_23' title="bbox 2220 801 3755 888; baseline 0.013 -35"><span class='ocrx_word' id='word_1_141' title='bbox 2220 802 2323 871; x_wconf 81' lang='grc' dir='ltr'><strong>χθῇ</strong></span> <span class='ocrx_word' id='word_1_142' title='bbox 2365 801 2434 854; x_wconf 82' lang='grc' dir='ltr'><strong>τά</strong></span> <span class='ocrx_word' id='word_1_143' title='bbox 2464 803 2793 874; x_wconf 86' lang='grc' dir='ltr'>κεκριμένα,</span> <span class='ocrx_word' id='word_1_144' title='bbox 2830 805 2920 858; x_wconf 79' lang='grc' dir='ltr'>τὸν</span> <span class='ocrx_word' id='word_1_145' title='bbox 2962 808 3056 876; x_wconf 82' lang='grc' dir='ltr'>τῆς</span> <span class='ocrx_word' id='word_1_146' title='bbox 3098 808 3419 878; x_wconf 78' lang='grc' dir='ltr'><strong>διοικήσεως</strong></span> <span class='ocrx_word' id='word_1_147' title='bbox 3457 817 3755 888; x_wconf 73' lang='grc' dir='ltr'>πατριάρχην</span> 
     </span>
    </p>
   </div>
   <div class='ocr_carea' id='block_1_24' title="bbox 2221 892 3756 977">
    <p class='ocr_par' dir='ltr' id='par_1_24' title="bbox 2221 892 3756 977">
     <span class='ocr_line' id='line_1_24' title="bbox 2221 892 3756 977; baseline 0.007 -34"><span class='ocrx_word' id='word_1_148' title='bbox 2221 892 2617 959; x_wconf 84' lang='grc' dir='ltr'>ἐπικαλεῖσθαι,</span> <span class='ocrx_word' id='word_1_149' title='bbox 2648 895 2744 947; x_wconf 77' lang='grc' dir='ltr'>καὶ</span> <span class='ocrx_word' id='word_1_150' title='bbox 2772 898 2883 959; x_wconf 85' lang='grc' dir='ltr'>τοῖς</span> <span class='ocrx_word' id='word_1_151' title='bbox 2904 898 3035 977; x_wconf 70' lang='grc' dir='ltr'>παρ’</span> <span class='ocrx_word' id='word_1_152' title='bbox 3060 898 3227 952; x_wconf 76' lang='grc' dir='ltr'>αὑτοῦ</span> <span class='ocrx_word' id='word_1_153' title='bbox 3259 902 3592 971; x_wconf 81' lang='grc' dir='ltr'><strong>κεκριμένοις</strong></span> <span class='ocrx_word' id='word_1_154' title='bbox 3614 908 3756 977; x_wconf 78' lang='grc' dir='ltr'>ἐμμέ.</span> 
     </span>
    </p>
   </div>
   <div class='ocr_carea' id='block_1_25' title="bbox 2220 970 3755 1073">
    <p class='ocr_par' dir='ltr' id='par_1_25' title="bbox 2220 970 3755 1073">
     <span class='ocr_line' id='line_1_25' title="bbox 2220 970 3755 1073; baseline 0.009 -36"><span class='ocrx_word' id='word_1_155' title='bbox 2220 1000 2352 1049; x_wconf 85' lang='grc' dir='ltr'>νειν,</span> <span class='ocrx_word' id='word_1_156' title='bbox 2384 985 2459 1048; x_wconf 82' lang='grc' dir='ltr'><strong>ὡς</strong></span> <span class='ocrx_word' id='word_1_157' title='bbox 2505 986 2572 1038; x_wconf 82' lang='grc' dir='ltr'><strong>ἂν</strong></span> <span class='ocrx_word' id='word_1_158' title='bbox 2617 987 2667 1039; x_wconf 85' lang='grc' dir='ltr'><strong>εί</strong></span> <span class='ocrx_word' id='word_1_159' title='bbox 2695 987 2753 1054; x_wconf 79' lang='grc' dir='ltr'><strong>ἐξ</strong></span> <span class='ocrx_word' id='word_1_160' title='bbox 2795 988 2973 1058; x_wconf 85' lang='grc' dir='ltr'>ἀρχῆς</span> <span class='ocrx_word' id='word_1_161' title='bbox 3002 970 3173 1054; x_wconf 53' lang='grc' dir='ltr'>αὐτὸς</span> <span class='ocrx_word' id='word_1_162' title='bbox 3216 991 3485 1047; x_wconf 84' lang='grc' dir='ltr'>ἐδίκασεν·</span> <span class='ocrx_word' id='word_1_163' title='bbox 3517 970 3755 1073; x_wconf 34' lang='grc' dir='ltr'>οὑδὲ-γὰρ</span> 
     </span>
    </p>
   </div>
   <div class='ocr_carea' id='block_1_26' title="bbox 2218 1074 3757 1152">
    <p class='ocr_par' dir='ltr' id='par_1_26' title="bbox 2218 1074 3757 1152">
     <span class='ocr_line' id='line_1_26' title="bbox 2218 1074 3757 1152; baseline 0.01 -23"><span class='ocrx_word' id='word_1_164' title='bbox 2218 1074 2575 1129; x_wconf 79' lang='grc' dir='ltr'>ἐκκαλοῦνται</span> <span class='ocrx_word' id='word_1_165' title='bbox 2602 1077 2660 1131; x_wconf 81' lang='grc' dir='ltr'>αἱ</span> <span class='ocrx_word' id='word_1_166' title='bbox 2693 1078 2803 1131; x_wconf 83' lang='grc' dir='ltr'><strong>τῶν</strong></span> <span class='ocrx_word' id='word_1_167' title='bbox 2830 1080 3186 1151; x_wconf 87' lang='grc' dir='ltr'>πατριαρχῶν</span> <span class='ocrx_word' id='word_1_168' title='bbox 3218 1080 3411 1152; x_wconf 78' lang='grc' dir='ltr'>ψῆφοι·</span> <span class='ocrx_word' id='word_1_169' title='bbox 3440 1083 3499 1137; x_wconf 81' lang='grc' dir='ltr'>τὸ</span> <span class='ocrx_word' id='word_1_170' title='bbox 3536 1087 3654 1140; x_wconf 71' lang='grc' dir='ltr'>αὐτὸ</span> <span class='ocrx_word' id='word_1_171' title='bbox 3679 1093 3757 1146; x_wconf 74' lang='grc' dir='ltr'>καὶ</span> 
     </span>
    </p>
   </div>
   <div class='ocr_carea' id='block_1_27' title="bbox 2219 1167 3341 1241">
    <p class='ocr_par' dir='ltr' id='par_1_27' title="bbox 2219 1167 3341 1241">
     <span class='ocr_line' id='line_1_27' title="bbox 2219 1167 3341 1241; baseline 0.01 -24"><span class='ocrx_word' id='word_1_172' title='bbox 2219 1168 2348 1237; x_wconf 75' lang='grc' dir='ltr'>περὶ</span> <span class='ocrx_word' id='word_1_173' title='bbox 2379 1167 2487 1220; x_wconf 84' lang='grc' dir='ltr'><strong>τῶν</strong></span> <span class='ocrx_word' id='word_1_174' title='bbox 2518 1171 2628 1231; x_wconf 85' lang='grc' dir='ltr'>τοῖς</span> <span class='ocrx_word' id='word_1_175' title='bbox 2656 1170 2979 1235; x_wconf 77' lang='grc' dir='ltr'>ἐπισκόποις</span> <span class='ocrx_word' id='word_1_176' title='bbox 3012 1172 3341 1241; x_wconf 82' lang='grc' dir='ltr'>ἐναγόντων.</span> 
     </span>
    </p>
   </div>
   <div class='ocr_carea' id='block_1_28' title="bbox 2296 1258 3759 1343">
    <p class='ocr_par' dir='ltr' id='par_1_28' title="bbox 2296 1258 3759 1343">
     <span class='ocr_line' id='line_1_28' title="bbox 2296 1258 3759 1343; baseline 0.012 -34"><span class='ocrx_word' id='word_1_177' title='bbox 2296 1258 2511 1323; x_wconf 77' lang='grc' dir='ltr'>Ἔξεστι</span> <span class='ocrx_word' id='word_1_178' title='bbox 2543 1260 2600 1313; x_wconf 83' lang='grc' dir='ltr'>δὲ</span> <span class='ocrx_word' id='word_1_179' title='bbox 2632 1263 2785 1331; x_wconf 84' lang='grc' dir='ltr'><strong>παρά</strong></span> <span class='ocrx_word' id='word_1_180' title='bbox 2814 1261 2894 1330; x_wconf 84' lang='grc' dir='ltr'>τῷ</span> <span class='ocrx_word' id='word_1_181' title='bbox 2930 1265 3241 1335; x_wconf 84' lang='grc' dir='ltr'>πατριάρχῃ</span> <span class='ocrx_word' id='word_1_182' title='bbox 3287 1267 3594 1335; x_wconf 81' lang='grc' dir='ltr'>αἰτιᾶσθαι,</span> <span class='ocrx_word' id='word_1_183' title='bbox 3625 1271 3696 1341; x_wconf 85' lang='grc' dir='ltr'><strong>ἐφ’</strong></span> <span class='ocrx_word' id='word_1_184' title='bbox 3723 1267 3759 1343; x_wconf 77' lang='grc' dir='ltr'><strong>ᾧ</strong></span> 
     </span>
    </p>
   </div>
   <div class='ocr_carea' id='block_1_29' title="bbox 2216 1347 3758 1431">
    <p class='ocr_par' dir='ltr' id='par_1_29' title="bbox 2216 1347 3758 1431">
     <span class='ocr_line' id='line_1_29' title="bbox 2216 1347 3758 1431; baseline 0.01 -30"><span class='ocrx_word' id='word_1_185' title='bbox 2216 1347 2303 1402; x_wconf 72' lang='grc' dir='ltr'><strong>διὰ</strong></span> <span class='ocrx_word' id='word_1_186' title='bbox 2345 1351 2689 1420; x_wconf 83' lang='grc' dir='ltr'>γραμμάτων</span> <span class='ocrx_word' id='word_1_187' title='bbox 2738 1352 2902 1405; x_wconf 77' lang='grc' dir='ltr'>αὐτοῦ</span> <span class='ocrx_word' id='word_1_188' title='bbox 2942 1351 3040 1424; x_wconf 72' lang='grc' dir='ltr'>τὴν</span> <span class='ocrx_word' id='word_1_189' title='bbox 3089 1355 3347 1408; x_wconf 81' lang='grc' dir='ltr'>ὑπόθεσιν</span> <span class='ocrx_word' id='word_1_190' title='bbox 3386 1360 3650 1431; x_wconf 83' lang='grc' dir='ltr'>ἐπισκόπῳ</span> <span class='ocrx_word' id='word_1_191' title='bbox 3671 1382 3758 1416; x_wconf 89' lang='grc' dir='ltr'>πα-</span> 
     </span>
    </p>
   </div>
   <div class='ocr_carea' id='block_1_30' title="bbox 2222 1441 3760 1526">
    <p class='ocr_par' dir='ltr' id='par_1_30' title="bbox 2222 1441 3760 1526">
     <span class='ocr_line' id='line_1_30' title="bbox 2222 1441 3760 1526; baseline 0.008 -33"><span class='ocrx_word' id='word_1_192' title='bbox 2222 1441 2631 1512; x_wconf 80' lang='grc' dir='ltr'>ραπεμφθῆναι·</span> <span class='ocrx_word' id='word_1_193' title='bbox 2664 1446 2759 1496; x_wconf 74' lang='grc' dir='ltr'>καὶ</span> <span class='ocrx_word' id='word_1_194' title='bbox 2780 1448 2842 1497; x_wconf 85' lang='grc' dir='ltr'><strong>οὑ</strong></span> <span class='ocrx_word' id='word_1_195' title='bbox 2874 1444 3035 1497; x_wconf 83' lang='grc' dir='ltr'>πλέον</span> <span class='ocrx_word' id='word_1_196' title='bbox 3054 1447 3341 1517; x_wconf 81' lang='grc' dir='ltr'>τεσσάρων</span> <span class='ocrx_word' id='word_1_197' title='bbox 3362 1452 3621 1520; x_wconf 77' lang='grc' dir='ltr'>κερατίων</span> <span class='ocrx_word' id='word_1_198' title='bbox 3644 1453 3760 1526; x_wconf 83' lang='grc' dir='ltr'>ὑπὲρ</span> 
     </span>
    </p>
   </div>
   <div class='ocr_carea' id='block_1_31' title="bbox 2219 1534 3762 1615">
    <p class='ocr_par' dir='ltr' id='par_1_31' title="bbox 2219 1534 3762 1615">
     <span class='ocr_line' id='line_1_31' title="bbox 2219 1534 3762 1615; baseline 0.008 -32"><span class='ocrx_word' id='word_1_199' title='bbox 2219 1534 2562 1602; x_wconf 79' lang='grc' dir='ltr'>σπορτούλων</span> <span class='ocrx_word' id='word_1_200' title='bbox 2601 1534 2869 1605; x_wconf 90' lang='grc' dir='ltr'>λαμϐάνει</span> <span class='ocrx_word' id='word_1_201' title='bbox 2898 1537 2927 1589; x_wconf 99' lang='lat'><strong>6</strong></span> <span class='ocrx_word' id='word_1_202' title='bbox 2973 1535 3127 1607; x_wconf 87' lang='grc' dir='ltr'><strong>παρά</strong></span> <span class='ocrx_word' id='word_1_203' title='bbox 3165 1540 3504 1610; x_wconf 84' lang='grc' dir='ltr'>πατριάρχου</span> <span class='ocrx_word' id='word_1_204' title='bbox 3532 1542 3564 1612; x_wconf 81' lang='grc' dir='ltr'>ἢ</span> <span class='ocrx_word' id='word_1_205' title='bbox 3595 1562 3762 1615; x_wconf 72' lang='grc' dir='ltr'>μητρο.</span> 
     </span>
    </p>
   </div>
   <div class='ocr_carea' id='block_1_32' title="bbox 2217 1623 3761 1701">
    <p class='ocr_par' dir='ltr' id='par_1_32' title="bbox 2217 1623 3761 1701">
     <span class='ocr_line' id='line_1_32' title="bbox 2217 1623 3761 1701; baseline 0.008 -26"><span class='ocrx_word' id='word_1_206' title='bbox 2217 1623 2434 1677; x_wconf 85' lang='grc' dir='ltr'>πολίτου</span> <span class='ocrx_word' id='word_1_207' title='bbox 2465 1625 2820 1696; x_wconf 86' lang='grc' dir='ltr'>πεμπόμενος</span> <span class='ocrx_word' id='word_1_208' title='bbox 2867 1626 3149 1698; x_wconf 79' lang='grc' dir='ltr'>κληρικόςο</span> <span class='ocrx_word' id='word_1_209' title='bbox 3192 1629 3224 1699; x_wconf 84' lang='grc' dir='ltr'>ἢ</span> <span class='ocrx_word' id='word_1_210' title='bbox 3262 1629 3391 1683; x_wconf 76' lang='grc' dir='ltr'>ἔνθα</span> <span class='ocrx_word' id='word_1_211' title='bbox 3440 1633 3468 1684; x_wconf 88' lang='lat'><strong>6</strong></span> <span class='ocrx_word' id='word_1_212' title='bbox 3500 1632 3761 1701; x_wconf 74' lang='grc' dir='ltr'>ἐπίσκοπος</span> 
     </span>
    </p>
   </div>
   <div class='ocr_carea' id='block_1_33' title="bbox 2215 1702 3761 1797">
    <p class='ocr_par' dir='ltr' id='par_1_33' title="bbox 2215 1702 3761 1797">
     <span class='ocr_line' id='line_1_33' title="bbox 2215 1702 3761 1797; baseline 0.009 -28"><span class='ocrx_word' id='word_1_213' title='bbox 2215 1717 2244 1769; x_wconf 92' lang='lat'><strong>6</strong></span> <span class='ocrx_word' id='word_1_214' title='bbox 2281 1702 2551 1787; x_wconf 78' lang='grc' dir='ltr'>πεμφθεὶς</span> <span class='ocrx_word' id='word_1_215' title='bbox 2582 1718 2668 1790; x_wconf 82' lang='grc' dir='ltr'><strong>είη</strong></span> <span class='ocrx_word' id='word_1_216' title='bbox 2693 1757 2708 1783; x_wconf 95' lang='grc'><strong>,</strong></span> <span class='ocrx_word' id='word_1_217' title='bbox 2739 1719 2801 1772; x_wconf 84' lang='grc' dir='ltr'><strong>οὐ</strong></span> <span class='ocrx_word' id='word_1_218' title='bbox 2831 1720 2993 1773; x_wconf 81' lang='grc' dir='ltr'>πλέον</span> <span class='ocrx_word' id='word_1_219' title='bbox 3023 1721 3132 1775; x_wconf 85' lang='grc' dir='ltr'>τῶν</span> <span class='ocrx_word' id='word_1_220' title='bbox 3170 1721 3230 1787; x_wconf 81' lang='grc' dir='ltr'>ἐξ</span> <span class='ocrx_word' id='word_1_221' title='bbox 3260 1722 3366 1778; x_wconf 85' lang='grc' dir='ltr'>λιτ.</span> <span class='ocrx_word' id='word_1_222' title='bbox 3396 1725 3482 1793; x_wconf 85' lang='grc' dir='ltr'><strong>ἐφ’</strong></span> <span class='ocrx_word' id='word_1_223' title='bbox 3509 1726 3761 1797; x_wconf 75' lang='grc' dir='ltr'>οίαδήποτε</span> 
     </span>
    </p>
   </div>
   <div class='ocr_carea' id='block_1_34' title="bbox 541 1798 2111 1888">
    <p class='ocr_par' dir='ltr' id='par_1_34' title="bbox 541 1812 2111 1888">
     <span class='ocr_line' id='line_1_34' title="bbox 541 1812 2111 1888; baseline -0.007 -15"><span class='ocrx_word' id='word_1_224' title='bbox 541 1819 816 1888; x_wconf 87' lang='lat' dir='ltr'><strong>dicuuquc</strong></span> <span class='ocrx_word' id='word_1_225' title='bbox 845 1832 1010 1872; x_wconf 87' lang='lat' dir='ltr'><strong>causa</strong></span> <span class='ocrx_word' id='word_1_226' title='bbox 1032 1825 1087 1869; x_wconf 85' lang='lat' dir='ltr'><strong>et</strong></span> <span class='ocrx_word' id='word_1_227' title='bbox 1116 1812 1391 1887; x_wconf 60' lang='lat' dir='ltr'><strong>[summai]</strong></span> <span class='ocrx_word' id='word_1_228' title='bbox 1421 1813 1744 1884; x_wconf 89' lang='lat' dir='ltr'><strong>quantitate.</strong></span> <span class='ocrx_word' id='word_1_229' title='bbox 1763 1812 1927 1865; x_wconf 87' lang='lat' dir='ltr'><strong>Audit</strong></span> <span class='ocrx_word' id='word_1_230' title='bbox 1954 1812 2111 1865; x_wconf 87' lang='lat' dir='ltr'><strong>etiam</strong></span> 
     </span>
    </p>
   </div>
   <div class='ocr_carea' id='block_1_35' title="bbox 2215 1798 3759 1888">
    <p class='ocr_par' dir='ltr' id='par_1_35' title="bbox 2219 1807 3759 1887">
     <span class='ocr_line' id='line_1_35' title="bbox 2219 1807 3759 1887; baseline 0.006 -28"><span class='ocrx_word' id='word_1_231' title='bbox 2219 1807 2433 1877; x_wconf 81' lang='grc' dir='ltr'>αἰτίᾳῆ</span> <span class='ocrx_word' id='word_1_232' title='bbox 2487 1810 2769 1881; x_wconf 82' lang='grc' dir='ltr'>ποσότητι.</span> <span class='ocrx_word' id='word_1_233' title='bbox 2814 1809 2874 1863; x_wconf 89' lang='lat'><strong>&#39;0</strong></span> <span class='ocrx_word' id='word_1_234' title='bbox 2917 1810 2973 1863; x_wconf 85' lang='grc' dir='ltr'>δὲ</span> <span class='ocrx_word' id='word_1_235' title='bbox 3007 1812 3353 1883; x_wconf 85' lang='grc' dir='ltr'>πατριάρχης</span> <span class='ocrx_word' id='word_1_236' title='bbox 3398 1815 3653 1885; x_wconf 80' lang='grc' dir='ltr'>ἀκροᾶται</span> <span class='ocrx_word' id='word_1_237' title='bbox 3678 1817 3759 1887; x_wconf 83' lang='grc' dir='ltr'>τῆς</span> 
     </span>
    </p>
   </div>
   <div class='ocr_carea' id='block_1_36' title="bbox 542 1904 2118 1982">
    <p class='ocr_par' dir='ltr' id='par_1_36' title="bbox 542 1904 2118 1982">
     <span class='ocr_line' id='line_1_36' title="bbox 542 1904 2118 1982; baseline -0.006 -17"><span class='ocrx_word' id='word_1_238' title='bbox 542 1910 852 1982; x_wconf 82' lang='lat' dir='ltr'><strong>patriarcha</strong></span> <span class='ocrx_word' id='word_1_239' title='bbox 882 1908 1298 1979; x_wconf 85' lang='lat' dir='ltr'><strong>provocationes</strong></span> <span class='ocrx_word' id='word_1_240' title='bbox 1335 1904 1451 1977; x_wconf 88' lang='lat' dir='ltr'><strong>[ab]</strong></span> <span class='ocrx_word' id='word_1_241' title='bbox 1483 1905 1753 1975; x_wconf 68' lang='lat' dir='ltr'><strong>episr:0pis</strong></span> <span class='ocrx_word' id='word_1_242' title='bbox 1786 1913 1876 1957; x_wconf 91' lang='lat' dir='ltr'><strong>aut</strong></span> <span class='ocrx_word' id='word_1_243' title='bbox 1911 1911 2118 1956; x_wconf 71' lang='lat' dir='ltr'><strong>metro~</strong></span> 
     </span>
    </p>
   </div>
   <div class='ocr_carea' id='block_1_37' title="bbox 544 1992 2117 2072">
    <p class='ocr_par' dir='ltr' id='par_1_37' title="bbox 544 1992 2117 2072">
     <span class='ocr_line' id='line_1_37' title="bbox 544 1992 2117 2072; baseline -0.004 -16"><span class='ocrx_word' id='word_1_244' title='bbox 544 2002 823 2072; x_wconf 89' lang='lat' dir='ltr'><strong>politanis,</strong></span> <span class='ocrx_word' id='word_1_245' title='bbox 841 2003 935 2071; x_wconf 90' lang='lat' dir='ltr'><strong>qui</strong></span> <span class='ocrx_word' id='word_1_246' title='bbox 956 2016 1023 2055; x_wconf 78' lang='lat' dir='ltr'><strong>ex</strong></span> <span class='ocrx_word' id='word_1_247' title='bbox 1048 1998 1220 2069; x_wconf 90' lang='lat' dir='ltr'><strong>ipsius</strong></span> <span class='ocrx_word' id='word_1_248' title='bbox 1246 1998 1503 2053; x_wconf 88' lang='lat' dir='ltr'><strong>mandato</strong></span> <span class='ocrx_word' id='word_1_249' title='bbox 1517 1996 1854 2065; x_wconf 84' lang='lat' dir='ltr'><strong>judicarunt,</strong></span> <span class='ocrx_word' id='word_1_250' title='bbox 1876 1992 2117 2067; x_wconf 79' lang='lat' dir='ltr'><strong>[factas].</strong></span> 
     </span>
    </p>
   </div>
   <div class='ocr_carea' id='block_1_38' title="bbox 542 2089 2117 2163">
    <p class='ocr_par' dir='ltr' id='par_1_38' title="bbox 542 2089 2117 2163">
     <span class='ocr_line' id='line_1_38' title="bbox 542 2089 2117 2163; baseline -0.005 -14"><span class='ocrx_word' id='word_1_251' title='bbox 542 2096 648 2163; x_wconf 86' lang='lat' dir='ltr'><strong>Qui</strong></span> <span class='ocrx_word' id='word_1_252' title='bbox 675 2110 802 2150; x_wconf 86' lang='lat' dir='ltr'><strong>vero</strong></span> <span class='ocrx_word' id='word_1_253' title='bbox 823 2103 1015 2149; x_wconf 88' lang='lat' dir='ltr'><strong>contra</strong></span> <span class='ocrx_word' id='word_1_254' title='bbox 1044 2093 1160 2146; x_wconf 68' lang='lat' dir='ltr'><strong>haec</strong></span> <span class='ocrx_word' id='word_1_255' title='bbox 1200 2091 1411 2153; x_wconf 84' lang='lat' dir='ltr'><strong>fecerit,</strong></span> <span class='ocrx_word' id='word_1_256' title='bbox 1437 2090 1581 2160; x_wconf 91' lang='lat' dir='ltr'><strong>quod</strong></span> <span class='ocrx_word' id='word_1_257' title='bbox 1613 2089 1843 2154; x_wconf 85' lang='lat' dir='ltr'><strong>amplius</strong></span> <span class='ocrx_word' id='word_1_258' title='bbox 1868 2097 2117 2142; x_wconf 85' lang='lat' dir='ltr'><strong>exactum</strong></span> 
     </span>
    </p>
   </div>
   <div class='ocr_carea' id='block_1_39' title="bbox 541 2180 2121 2260">
    <p class='ocr_par' dir='ltr' id='par_1_39' title="bbox 541 2180 2121 2260">
     <span class='ocr_line' id='line_1_39' title="bbox 541 2180 2121 2260; baseline -0.008 -15"><span class='ocrx_word' id='word_1_259' title='bbox 541 2198 646 2253; x_wconf 88' lang='lat' dir='ltr'><strong>est,</strong></span> <span class='ocrx_word' id='word_1_260' title='bbox 674 2186 839 2260; x_wconf 89' lang='lat' dir='ltr'><strong>[ejus]</strong></span> <span class='ocrx_word' id='word_1_261' title='bbox 864 2187 1090 2256; x_wconf 89' lang='lat' dir='ltr'><strong>duplum</strong></span> <span class='ocrx_word' id='word_1_262' title='bbox 1118 2184 1231 2248; x_wconf 89' lang='lat' dir='ltr'><strong>dat,</strong></span> <span class='ocrx_word' id='word_1_263' title='bbox 1250 2183 1409 2255; x_wconf 65' lang='grc'><strong>24],</strong></span> <span class='ocrx_word' id='word_1_264' title='bbox 1437 2184 1660 2253; x_wconf 78' lang='lat' dir='ltr'><strong>hzecque</strong></span> <span class='ocrx_word' id='word_1_265' title='bbox 1681 2180 1806 2254; x_wconf 89' lang='lat' dir='ltr'><strong>[illi]</strong></span> <span class='ocrx_word' id='word_1_266' title='bbox 1831 2195 1861 2234; x_wconf 90' lang='lat' dir='ltr'><strong>a</strong></span> <span class='ocrx_word' id='word_1_267' title='bbox 1888 2182 2121 2250; x_wconf 77' lang='lat' dir='ltr'><strong>patriar-</strong></span> 
     </span>
    </p>
   </div>
   <div class='ocr_carea' id='block_1_40' title="bbox 542 2271 2115 2349">
    <p class='ocr_par' dir='ltr' id='par_1_40' title="bbox 542 2271 2115 2349">
     <span class='ocr_line' id='line_1_40' title="bbox 542 2271 2115 2349; baseline -0.008 -12"><span class='ocrx_word' id='word_1_268' title='bbox 542 2283 647 2337; x_wconf 86' lang='lat' dir='ltr'><strong>cha</strong></span> <span class='ocrx_word' id='word_1_269' title='bbox 678 2292 773 2335; x_wconf 88' lang='lat' dir='ltr'><strong>aut</strong></span> <span class='ocrx_word' id='word_1_270' title='bbox 792 2278 1212 2349; x_wconf 89' lang='lat' dir='ltr'><strong>metropolitano</strong></span> <span class='ocrx_word' id='word_1_271' title='bbox 1234 2275 1607 2330; x_wconf 86' lang='lat' dir='ltr'><strong>ecclesiastica</strong></span> <span class='ocrx_word' id='word_1_272' title='bbox 1633 2288 1793 2344; x_wconf 63' lang='lat' dir='ltr'><strong>poena</strong></span> <span class='ocrx_word' id='word_1_273' title='bbox 1830 2271 2115 2339; x_wconf 84' lang='lat' dir='ltr'><strong>inﬂigitur,</strong></span> 
     </span>
    </p>
   </div>
   <div class='ocr_carea' id='block_1_41' title="bbox 542 2357 2169 2434">
    <p class='ocr_par' dir='ltr' id='par_1_41' title="bbox 542 2357 2169 2434">
     <span class='ocr_line' id='line_1_41' title="bbox 542 2357 2169 2434; baseline -0.008 -7"><span class='ocrx_word' id='word_1_274' title='bbox 542 2382 604 2427; x_wconf 89' lang='lat' dir='ltr'><strong>ut</strong></span> <span class='ocrx_word' id='word_1_275' title='bbox 640 2381 793 2427; x_wconf 84' lang='lat' dir='ltr'><strong>extra</strong></span> <span class='ocrx_word' id='word_1_276' title='bbox 823 2367 1227 2425; x_wconf 87' lang='lat' dir='ltr'><strong>ecclesiasticos</strong></span> <span class='ocrx_word' id='word_1_277' title='bbox 1261 2364 1539 2434; x_wconf 86' lang='lat' dir='ltr'><strong>catalogos</strong></span> <span class='ocrx_word' id='word_1_278' title='bbox 1592 2363 1867 2434; x_wconf 87' lang='lat' dir='ltr'><strong>ejiciatur.</strong></span> <span class='ocrx_word' id='word_1_279' title='bbox 1893 2357 2115 2434; x_wconf 87' lang='lat' dir='ltr'><strong>[Atque]</strong></span> <span class='ocrx_word' id='word_1_280' title='bbox 2160 2420 2169 2429; x_wconf 26' lang='grc' dir='ltr'><strong>κ</strong></span> 
     </span>
    </p>
   </div>
   <div class='ocr_carea' id='block_1_42' title="bbox 540 2456 2115 2534">
    <p class='ocr_par' dir='ltr' id='par_1_42' title="bbox 540 2456 2115 2534">
     <span class='ocr_line' id='line_1_42' title="bbox 540 2456 2115 2534; baseline -0.007 -14"><span class='ocrx_word' id='word_1_281' title='bbox 540 2465 660 2521; x_wconf 64' lang='lat' dir='ltr'><strong>hac</strong></span> <span class='ocrx_word' id='word_1_282' title='bbox 710 2462 956 2534; x_wconf 85' lang='lat' dir='ltr'><strong>quidem,</strong></span> <span class='ocrx_word' id='word_1_283' title='bbox 1008 2459 1231 2531; x_wconf 89' lang='lat' dir='ltr'><strong>quando</strong></span> <span class='ocrx_word' id='word_1_284' title='bbox 1265 2457 1642 2514; x_wconf 87' lang='lat' dir='ltr'><strong>controversia</strong></span> <span class='ocrx_word' id='word_1_285' title='bbox 1685 2456 2115 2511; x_wconf 88' lang='lat' dir='ltr'><strong>ecclesiasticum</strong></span> 
     </span>
    </p>
   </div>
   <div class='ocr_carea' id='block_1_43' title="bbox 539 2550 2118 2619">
    <p class='ocr_par' dir='ltr' id='par_1_43' title="bbox 539 2550 2118 2619">
     <span class='ocr_line' id='line_1_43' title="bbox 539 2550 2118 2619; baseline -0.009 -5"><span class='ocrx_word' id='word_1_286' title='bbox 539 2567 743 2614; x_wconf 85' lang='lat' dir='ltr'><strong>statum</strong></span> <span class='ocrx_word' id='word_1_287' title='bbox 778 2555 1085 2611; x_wconf 89' lang='lat' dir='ltr'><strong>concernit.</strong></span> <span class='ocrx_word' id='word_1_288' title='bbox 1110 2552 1181 2606; x_wconf 84' lang='lat' dir='ltr'><strong>At</strong></span> <span class='ocrx_word' id='word_1_289' title='bbox 1208 2551 1253 2607; x_wconf 88' lang='lat' dir='ltr'><strong>si</strong></span> <span class='ocrx_word' id='word_1_290' title='bbox 1278 2550 1458 2605; x_wconf 86' lang='lat' dir='ltr'><strong>civilis</strong></span> <span class='ocrx_word' id='word_1_291' title='bbox 1487 2550 1580 2615; x_wconf 88' lang='lat' dir='ltr'><strong>sit,</strong></span> <span class='ocrx_word' id='word_1_292' title='bbox 1626 2563 1735 2603; x_wconf 91' lang='lat' dir='ltr'><strong>non</strong></span> <span class='ocrx_word' id='word_1_293' title='bbox 1771 2550 1982 2619; x_wconf 87' lang='lat' dir='ltr'><strong>cogitur</strong></span> <span class='ocrx_word' id='word_1_294' title='bbox 2028 2562 2118 2601; x_wconf 83' lang='lat' dir='ltr'><strong>ac-</strong></span> 
     </span>
    </p>
   </div>
   <div class='ocr_carea' id='block_1_44' title="bbox 540 2639 2115 2711">
    <p class='ocr_par' dir='ltr' id='par_1_44' title="bbox 540 2639 2115 2711">
     <span class='ocr_line' id='line_1_44' title="bbox 540 2639 2115 2711; baseline -0.008 -3"><span class='ocrx_word' id='word_1_295' title='bbox 540 2662 628 2709; x_wconf 90' lang='lat' dir='ltr'><strong>tor</strong></span> <span class='ocrx_word' id='word_1_296' title='bbox 657 2660 752 2706; x_wconf 88' lang='lat' dir='ltr'><strong>aut</strong></span> <span class='ocrx_word' id='word_1_297' title='bbox 773 2657 1064 2706; x_wconf 85' lang='lat' dir='ltr'><strong>accusator</strong></span> <span class='ocrx_word' id='word_1_298' title='bbox 1092 2647 1207 2701; x_wconf 85' lang='lat' dir='ltr'><strong>haec</strong></span> <span class='ocrx_word' id='word_1_299' title='bbox 1225 2643 1541 2699; x_wconf 89' lang='lat' dir='ltr'><strong>custodire:</strong></span> <span class='ocrx_word' id='word_1_300' title='bbox 1563 2642 1658 2697; x_wconf 90' lang='lat' dir='ltr'><strong>sed</strong></span> <span class='ocrx_word' id='word_1_301' title='bbox 1681 2642 1826 2711; x_wconf 87' lang='lat' dir='ltr'><strong>apud</strong></span> <span class='ocrx_word' id='word_1_302' title='bbox 1856 2639 2115 2711; x_wconf 66' lang='lat' dir='ltr'><strong>praesides</strong></span> 
     </span>
    </p>
   </div>
   <div class='ocr_carea' id='block_1_45' title="bbox 540 2732 2114 2812">
    <p class='ocr_par' dir='ltr' id='par_1_45' title="bbox 540 2732 2114 2812">
     <span class='ocr_line' id='line_1_45' title="bbox 540 2732 2114 2812; baseline -0.008 -14"><span class='ocrx_word' id='word_1_303' title='bbox 540 2742 823 2798; x_wconf 64' lang='lat' dir='ltr'><strong>movendae</strong></span> <span class='ocrx_word' id='word_1_304' title='bbox 844 2736 1121 2812; x_wconf 82' lang='lat' dir='ltr'><strong>[actionis]</strong></span> <span class='ocrx_word' id='word_1_305' title='bbox 1150 2735 1466 2791; x_wconf 79' lang='lat' dir='ltr'><strong>facultatem</strong></span> <span class='ocrx_word' id='word_1_306' title='bbox 1499 2733 1683 2788; x_wconf 85' lang='lat' dir='ltr'><strong>habet.</strong></span> <span class='ocrx_word' id='word_1_307' title='bbox 1714 2732 1905 2787; x_wconf 90' lang='lat' dir='ltr'><strong>Const.</strong></span> <span class='ocrx_word' id='word_1_308' title='bbox 1933 2740 2114 2786; x_wconf 90' lang='lat' dir='ltr'><strong>autem</strong></span> 
     </span>
    </p>
   </div>
   <div class='ocr_carea' id='block_1_46' title="bbox 536 2822 2115 2902">
    <p class='ocr_par' dir='ltr' id='par_1_46' title="bbox 536 2822 2115 2902">
     <span class='ocr_line' id='line_1_46' title="bbox 536 2822 2115 2902; baseline -0.008 -12"><span class='ocrx_word' id='word_1_309' title='bbox 536 2836 596 2898; x_wconf 73' lang='grc'>4,</span> <span class='ocrx_word' id='word_1_310' title='bbox 623 2833 870 2902; x_wconf 83' lang='lat' dir='ltr'><strong>ejusdem</strong></span> <span class='ocrx_word' id='word_1_311' title='bbox 916 2830 1003 2885; x_wconf 92' lang='lat' dir='ltr'><strong>tit.</strong></span> <span class='ocrx_word' id='word_1_312' title='bbox 1055 2827 1400 2883; x_wconf 80' lang='lat' dir='ltr'><strong>Novellarum</strong></span> <span class='ocrx_word' id='word_1_313' title='bbox 1447 2825 1560 2880; x_wconf 84' lang='lat' dir='ltr'><strong>ait:</strong></span> <span class='ocrx_word' id='word_1_314' title='bbox 1598 2822 1655 2878; x_wconf 93' lang='lat' dir='ltr'><strong>Si</strong></span> <span class='ocrx_word' id='word_1_315' title='bbox 1687 2823 1810 2893; x_wconf 90' lang='lat' dir='ltr'><strong>quis</strong></span> <span class='ocrx_word' id='word_1_316' title='bbox 1852 2822 2115 2877; x_wconf 89' lang='lat' dir='ltr'><strong>adversus</strong></span> 
     </span>
    </p>
   </div>
   <div class='ocr_carea' id='block_1_47' title="bbox 538 2913 2112 2987">
    <p class='ocr_par' dir='ltr' id='par_1_47' title="bbox 538 2913 2112 2987">
     <span class='ocr_line' id='line_1_47' title="bbox 538 2913 2112 2987; baseline -0.01 -8"><span class='ocrx_word' id='word_1_317' title='bbox 538 2925 801 2980; x_wconf 84' lang='lat' dir='ltr'><strong>clericum</strong></span> <span class='ocrx_word' id='word_1_318' title='bbox 836 2919 1109 2975; x_wconf 87' lang='lat' dir='ltr'><strong>actionem</strong></span> <span class='ocrx_word' id='word_1_319' title='bbox 1136 2915 1512 2987; x_wconf 86' lang='lat' dir='ltr'><strong>pecuniariam</strong></span> <span class='ocrx_word' id='word_1_320' title='bbox 1545 2914 1761 2977; x_wconf 89' lang='lat' dir='ltr'><strong>habeat,</strong></span> <span class='ocrx_word' id='word_1_321' title='bbox 1797 2913 2112 2982; x_wconf 78' lang='lat' dir='ltr'><strong>episcopum</strong></span> 
     </span>
    </p>
   </div>
   <div class='ocr_carea' id='block_1_48' title="bbox 537 3004 2114 3085">
    <p class='ocr_par' dir='ltr' id='par_1_48' title="bbox 537 3004 2114 3085">
     <span class='ocr_line' id='line_1_48' title="bbox 537 3004 2114 3085; baseline -0.01 -13"><span class='ocrx_word' id='word_1_322' title='bbox 537 3016 643 3071; x_wconf 90' lang='lat' dir='ltr'><strong>sub</strong></span> <span class='ocrx_word' id='word_1_323' title='bbox 675 3029 785 3085; x_wconf 89' lang='lat' dir='ltr'><strong>quo</strong></span> <span class='ocrx_word' id='word_1_324' title='bbox 808 3012 899 3067; x_wconf 90' lang='lat' dir='ltr'><strong>ille</strong></span> <span class='ocrx_word' id='word_1_325' title='bbox 935 3019 1214 3073; x_wconf 90' lang='lat' dir='ltr'><strong>censetur,</strong></span> <span class='ocrx_word' id='word_1_326' title='bbox 1247 3007 1607 3076; x_wconf 80' lang='lat' dir='ltr'><strong>interpellata.</strong></span> <span class='ocrx_word' id='word_1_327' title='bbox 1650 3004 1698 3060; x_wconf 91' lang='lat' dir='ltr'><strong>ls</strong></span> <span class='ocrx_word' id='word_1_328' title='bbox 1736 3019 1844 3058; x_wconf 92' lang='lat' dir='ltr'><strong>non</strong></span> <span class='ocrx_word' id='word_1_329' title='bbox 1875 3004 2114 3058; x_wconf 89' lang='lat' dir='ltr'><strong>interve-</strong></span> 
     </span>
    </p>
   </div>
   <div class='ocr_carea' id='block_1_49' title="bbox 536 3096 2115 3175">
    <p class='ocr_par' dir='ltr' id='par_1_49' title="bbox 536 3096 2115 3175">
     <span class='ocr_line' id='line_1_49' title="bbox 536 3096 2115 3175; baseline -0.01 -10"><span class='ocrx_word' id='word_1_330' title='bbox 536 3100 722 3165; x_wconf 87' lang='lat' dir='ltr'><strong>niente</strong></span> <span class='ocrx_word' id='word_1_331' title='bbox 760 3108 1033 3175; x_wconf 88' lang='lat' dir='ltr'><strong>scriptura</strong></span> <span class='ocrx_word' id='word_1_332' title='bbox 1066 3103 1200 3157; x_wconf 89' lang='lat' dir='ltr'><strong>citra</strong></span> <span class='ocrx_word' id='word_1_333' title='bbox 1234 3096 1423 3173; x_wconf 88' lang='lat' dir='ltr'><strong>[ullos]</strong></span> <span class='ocrx_word' id='word_1_334' title='bbox 1464 3106 1716 3169; x_wconf 87' lang='lat' dir='ltr'><strong>sumptus</strong></span> <span class='ocrx_word' id='word_1_335' title='bbox 1742 3097 2019 3167; x_wconf 85' lang='lat' dir='ltr'><strong>judicalo.</strong></span> <span class='ocrx_word' id='word_1_336' title='bbox 2048 3096 2115 3150; x_wconf 86' lang='lat' dir='ltr'><strong>Et</strong></span> 
     </span>
    </p>
   </div>
   <div class='ocr_carea' id='block_1_50' title="bbox 2218 1899 3763 1974">
    <p class='ocr_par' dir='ltr' id='par_1_50' title="bbox 2218 1899 3763 1974">
     <span class='ocr_line' id='line_1_50' title="bbox 2218 1899 3763 1974; baseline 0.006 -24"><span class='ocrx_word' id='word_1_337' title='bbox 2218 1899 2515 1969; x_wconf 78' lang='grc' dir='ltr'>ἐκκλησίας</span> <span class='ocrx_word' id='word_1_338' title='bbox 2577 1903 2780 1958; x_wconf 84' lang='grc' dir='ltr'>τούτων</span> <span class='ocrx_word' id='word_1_339' title='bbox 2811 1902 2869 1969; x_wconf 80' lang='grc' dir='ltr'>ἐξ</span> <span class='ocrx_word' id='word_1_340' title='bbox 2911 1903 3216 1974; x_wconf 73' lang='grc' dir='ltr'>ἐπιτροπῆς</span> <span class='ocrx_word' id='word_1_341' title='bbox 3263 1904 3431 1959; x_wconf 76' lang='grc' dir='ltr'>αὐτοῦ</span> <span class='ocrx_word' id='word_1_342' title='bbox 3462 1906 3763 1961; x_wconf 72' lang='grc' dir='ltr'>δικασάντων</span> 
     </span>
    </p>
   </div>
   <div class='ocr_carea' id='block_1_51' title="bbox 2217 1988 3759 2065">
    <p class='ocr_par' dir='ltr' id='par_1_51' title="bbox 2217 1988 3759 2065">
     <span class='ocr_line' id='line_1_51' title="bbox 2217 1988 3759 2065; baseline 0.006 -24"><span class='ocrx_word' id='word_1_343' title='bbox 2217 1988 2597 2062; x_wconf 79' lang='grc' dir='ltr'>ἐπισκόπωνῆ</span> <span class='ocrx_word' id='word_1_344' title='bbox 2636 1992 3070 2063; x_wconf 72' lang='grc' dir='ltr'>μητροπολιτῶνο</span> <span class='ocrx_word' id='word_1_345' title='bbox 3124 1996 3153 2048; x_wconf 90' lang='lat'><strong>6</strong></span> <span class='ocrx_word' id='word_1_346' title='bbox 3200 1994 3352 2065; x_wconf 77' lang='grc' dir='ltr'>παρὰ</span> <span class='ocrx_word' id='word_1_347' title='bbox 3400 1996 3572 2051; x_wconf 73' lang='grc' dir='ltr'>ταῦτα</span> <span class='ocrx_word' id='word_1_348' title='bbox 3602 1999 3759 2061; x_wconf 82' lang='grc' dir='ltr'>ποιῶν,</span> 
     </span>
    </p>
   </div>
   <div class='ocr_carea' id='block_1_52' title="bbox 2216 2075 3762 2159">
    <p class='ocr_par' dir='ltr' id='par_1_52' title="bbox 2216 2075 3762 2159">
     <span class='ocr_line' id='line_1_52' title="bbox 2216 2075 3762 2159; baseline 0.008 -30"><span class='ocrx_word' id='word_1_349' title='bbox 2216 2075 2437 2131; x_wconf 79' lang='grc' dir='ltr'>διπλοῦν</span> <span class='ocrx_word' id='word_1_350' title='bbox 2479 2079 2667 2132; x_wconf 87' lang='grc' dir='ltr'>δίδωσι</span> <span class='ocrx_word' id='word_1_351' title='bbox 2699 2080 2761 2132; x_wconf 84' lang='grc' dir='ltr'>τὸ</span> <span class='ocrx_word' id='word_1_352' title='bbox 2806 2081 3215 2154; x_wconf 79' lang='grc' dir='ltr'>ὑπερπραχθέν,</span> <span class='ocrx_word' id='word_1_353' title='bbox 3254 2086 3349 2137; x_wconf 74' lang='grc' dir='ltr'>καὶ</span> <span class='ocrx_word' id='word_1_354' title='bbox 3390 2085 3596 2154; x_wconf 88' lang='grc' dir='ltr'>γίνεται</span> <span class='ocrx_word' id='word_1_355' title='bbox 3638 2090 3762 2159; x_wconf 76' lang='grc' dir='ltr'>παρὰ</span> 
     </span>
    </p>
   </div>
   <div class='ocr_carea' id='block_1_53' title="bbox 2215 2166 3761 2249">
    <p class='ocr_par' dir='ltr' id='par_1_53' title="bbox 2215 2166 3761 2249">
     <span class='ocr_line' id='line_1_53' title="bbox 2215 2166 3761 2249; baseline 0.007 -29"><span class='ocrx_word' id='word_1_356' title='bbox 2215 2166 2315 2221; x_wconf 80' lang='grc' dir='ltr'>τοῦ</span> <span class='ocrx_word' id='word_1_357' title='bbox 2346 2170 2685 2241; x_wconf 83' lang='grc' dir='ltr'>πατριάρχου</span> <span class='ocrx_word' id='word_1_358' title='bbox 2719 2171 2751 2243; x_wconf 79' lang='grc' dir='ltr'>ἢ</span> <span class='ocrx_word' id='word_1_359' title='bbox 2799 2171 2893 2225; x_wconf 80' lang='grc' dir='ltr'>τοῦ</span> <span class='ocrx_word' id='word_1_360' title='bbox 2930 2174 3324 2246; x_wconf 87' lang='grc' dir='ltr'>μητροπολίτου</span> <span class='ocrx_word' id='word_1_361' title='bbox 3361 2177 3469 2229; x_wconf 78' lang='grc' dir='ltr'><strong>ὑπὸ</strong></span> <span class='ocrx_word' id='word_1_362' title='bbox 3507 2178 3761 2249; x_wconf 83' lang='grc' dir='ltr'>ἐκκλησια-</span> 
     </span>
    </p>
   </div>
   <div class='ocr_carea' id='block_1_54' title="bbox 2219 2260 3763 2340">
    <p class='ocr_par' dir='ltr' id='par_1_54' title="bbox 2219 2260 3763 2340">
     <span class='ocr_line' id='line_1_54' title="bbox 2219 2260 3763 2340; baseline 0.009 -29"><span class='ocrx_word' id='word_1_363' title='bbox 2219 2260 2402 2312; x_wconf 70' lang='grc' dir='ltr'>στικὸν</span> <span class='ocrx_word' id='word_1_364' title='bbox 2426 2261 2722 2332; x_wconf 87' lang='grc' dir='ltr'>ἐπιτίμιον,</span> <span class='ocrx_word' id='word_1_365' title='bbox 2754 2264 3153 2336; x_wconf 85' lang='grc' dir='ltr'>ἐκϐαλλόμενος</span> <span class='ocrx_word' id='word_1_366' title='bbox 3182 2268 3293 2321; x_wconf 86' lang='grc' dir='ltr'><strong>τῶν</strong></span> <span class='ocrx_word' id='word_1_367' title='bbox 3323 2269 3763 2340; x_wconf 79' lang='grc' dir='ltr'>ἐκκλησιαστικῶν</span> 
     </span>
    </p>
   </div>
   <div class='ocr_carea' id='block_1_55' title="bbox 2217 2350 3762 2433">
    <p class='ocr_par' dir='ltr' id='par_1_55' title="bbox 2217 2350 3762 2433">
     <span class='ocr_line' id='line_1_55' title="bbox 2217 2350 3762 2433; baseline 0.008 -30"><span class='ocrx_word' id='word_1_368' title='bbox 2217 2350 2550 2421; x_wconf 77' lang='grc' dir='ltr'><strong>καταλόγων⁹</strong></span> <span class='ocrx_word' id='word_1_369' title='bbox 2586 2353 2762 2409; x_wconf 84' lang='grc' dir='ltr'>ταῦτα</span> <span class='ocrx_word' id='word_1_370' title='bbox 2817 2355 2917 2427; x_wconf 82' lang='grc' dir='ltr'><strong>μὲν</strong></span> <span class='ocrx_word' id='word_1_371' title='bbox 2965 2356 3094 2410; x_wconf 78' lang='grc' dir='ltr'>ἔνθα</span> <span class='ocrx_word' id='word_1_372' title='bbox 3150 2360 3285 2429; x_wconf 73' lang='grc' dir='ltr'>πρὸς</span> <span class='ocrx_word' id='word_1_373' title='bbox 3332 2360 3762 2433; x_wconf 78' lang='grc' dir='ltr'>ἐκκλησιαστικὴν</span> 
     </span>
    </p>
   </div>
   <div class='ocr_carea' id='block_1_56' title="bbox 2216 2441 3762 2525">
    <p class='ocr_par' dir='ltr' id='par_1_56' title="bbox 2216 2441 3762 2525">
     <span class='ocr_line' id='line_1_56' title="bbox 2216 2441 3762 2525; baseline 0.009 -33"><span class='ocrx_word' id='word_1_374' title='bbox 2216 2442 2317 2513; x_wconf 82' lang='grc' dir='ltr'><strong>ὁρᾷ</strong></span> <span class='ocrx_word' id='word_1_375' title='bbox 2346 2441 2407 2494; x_wconf 83' lang='grc' dir='ltr'><strong>τὸ</strong></span> <span class='ocrx_word' id='word_1_376' title='bbox 2454 2444 2690 2513; x_wconf 80' lang='grc' dir='ltr'>πρᾶγμα</span> <span class='ocrx_word' id='word_1_377' title='bbox 2723 2446 3092 2500; x_wconf 89' lang='grc' dir='ltr'>κατάστασιν·</span> <span class='ocrx_word' id='word_1_378' title='bbox 3146 2450 3195 2502; x_wconf 82' lang='grc' dir='ltr'><strong>εί</strong></span> <span class='ocrx_word' id='word_1_379' title='bbox 3226 2451 3282 2503; x_wconf 81' lang='grc' dir='ltr'>δὲ</span> <span class='ocrx_word' id='word_1_380' title='bbox 3339 2450 3591 2522; x_wconf 78' lang='grc' dir='ltr'>πολιτικὴ</span> <span class='ocrx_word' id='word_1_381' title='bbox 3636 2455 3709 2525; x_wconf 87' lang='grc' dir='ltr'><strong>είη</strong></span> <span class='ocrx_word' id='word_1_382' title='bbox 3737 2455 3762 2521; x_wconf 82' lang='grc' dir='ltr'>ἡ</span> 
     </span>
    </p>
   </div>
   <div class='ocr_carea' id='block_1_57' title="bbox 2217 2533 3765 2616">
    <p class='ocr_par' dir='ltr' id='par_1_57' title="bbox 2217 2533 3765 2616">
     <span class='ocr_line' id='line_1_57' title="bbox 2217 2533 3765 2616; baseline 0.008 -30"><span class='ocrx_word' id='word_1_383' title='bbox 2217 2533 2632 2607; x_wconf 75' lang='grc' dir='ltr'>ἀμφισϐήτησις</span> <span class='ocrx_word' id='word_1_384' title='bbox 2654 2576 2669 2602; x_wconf 91' lang='grc'><strong>,</strong></span> <span class='ocrx_word' id='word_1_385' title='bbox 2717 2536 2818 2589; x_wconf 80' lang='grc' dir='ltr'><strong>οὑκ</strong></span> <span class='ocrx_word' id='word_1_386' title='bbox 2849 2538 3216 2607; x_wconf 81' lang='grc' dir='ltr'>ἀναγκάζεται</span> <span class='ocrx_word' id='word_1_387' title='bbox 3243 2543 3270 2595; x_wconf 90' lang='lat'><strong>6</strong></span> <span class='ocrx_word' id='word_1_388' title='bbox 3306 2543 3519 2611; x_wconf 88' lang='grc' dir='ltr'>ἐνάγων</span> <span class='ocrx_word' id='word_1_389' title='bbox 3545 2544 3579 2616; x_wconf 74' lang='grc' dir='ltr'><strong>ἢ</strong></span> <span class='ocrx_word' id='word_1_390' title='bbox 3603 2545 3629 2597; x_wconf 87' lang='grc' dir='ltr'>ὁ</span> <span class='ocrx_word' id='word_1_391' title='bbox 3658 2564 3765 2599; x_wconf 84' lang='grc' dir='ltr'>κατ-</span> 
     </span>
    </p>
   </div>
   <div class='ocr_carea' id='block_1_58' title="bbox 2217 2625 3763 2709">
    <p class='ocr_par' dir='ltr' id='par_1_58' title="bbox 2217 2625 3763 2709">
     <span class='ocr_line' id='line_1_58' title="bbox 2217 2625 3763 2709; baseline 0.01 -33"><span class='ocrx_word' id='word_1_392' title='bbox 2217 2625 2438 2697; x_wconf 83' lang='grc' dir='ltr'>ηγορῶν</span> <span class='ocrx_word' id='word_1_393' title='bbox 2482 2626 2657 2681; x_wconf 79' lang='grc' dir='ltr'>ταῦτα</span> <span class='ocrx_word' id='word_1_394' title='bbox 2711 2628 3021 2697; x_wconf 81' lang='grc' dir='ltr'>φυλάττειν,</span> <span class='ocrx_word' id='word_1_395' title='bbox 3078 2629 3192 2684; x_wconf 84' lang='grc' dir='ltr'>ἀλλ’</span> <span class='ocrx_word' id='word_1_396' title='bbox 3246 2632 3433 2687; x_wconf 77' lang='grc' dir='ltr'>ἄδειαν</span> <span class='ocrx_word' id='word_1_397' title='bbox 3486 2636 3596 2705; x_wconf 76' lang='grc' dir='ltr'>ἔχει</span> <span class='ocrx_word' id='word_1_398' title='bbox 3642 2637 3763 2709; x_wconf 70' lang='grc' dir='ltr'>παρὰ</span> 
     </span>
    </p>
   </div>
   <div class='ocr_carea' id='block_1_59' title="bbox 2216 2716 3762 2791">
    <p class='ocr_par' dir='ltr' id='par_1_59' title="bbox 2216 2716 3762 2791">
     <span class='ocr_line' id='line_1_59' title="bbox 2216 2716 3762 2791; baseline 0.009 -22"><span class='ocrx_word' id='word_1_399' title='bbox 2216 2719 2331 2781; x_wconf 86' lang='grc' dir='ltr'>τοῖς</span> <span class='ocrx_word' id='word_1_400' title='bbox 2366 2716 2597 2789; x_wconf 79' lang='grc' dir='ltr'>ἄρχουσι</span> <span class='ocrx_word' id='word_1_401' title='bbox 2626 2723 2818 2773; x_wconf 86' lang='grc' dir='ltr'>κινεῖν·</span> <span class='ocrx_word' id='word_1_402' title='bbox 2849 2723 2883 2791; x_wconf 74' lang='grc' dir='ltr'>ἠ</span> <span class='ocrx_word' id='word_1_403' title='bbox 2917 2722 2973 2776; x_wconf 84' lang='grc' dir='ltr'>δὲ</span> <span class='ocrx_word' id='word_1_404' title='bbox 2999 2723 3140 2779; x_wconf 89' lang='grc' dir='ltr'>διάτ.</span> <span class='ocrx_word' id='word_1_405' title='bbox 3172 2720 3214 2778; x_wconf 88' lang='grc' dir='ltr'>δ’</span> <span class='ocrx_word' id='word_1_406' title='bbox 3236 2725 3330 2778; x_wconf 78' lang='grc' dir='ltr'>τοῦ</span> <span class='ocrx_word' id='word_1_407' title='bbox 3363 2728 3533 2781; x_wconf 77' lang='grc' dir='ltr'>αὐτοῦ</span> <span class='ocrx_word' id='word_1_408' title='bbox 3558 2727 3650 2782; x_wconf 86' lang='grc' dir='ltr'>τίτ.</span> <span class='ocrx_word' id='word_1_409' title='bbox 3677 2730 3762 2783; x_wconf 80' lang='grc' dir='ltr'>τῶν</span> 
     </span>
    </p>
   </div>
   <div class='ocr_carea' id='block_1_60' title="bbox 2216 2810 3763 2892">
    <p class='ocr_par' dir='ltr' id='par_1_60' title="bbox 2216 2810 3763 2892">
     <span class='ocr_line' id='line_1_60' title="bbox 2216 2810 3763 2892; baseline 0.005 -27"><span class='ocrx_word' id='word_1_410' title='bbox 2216 2810 2444 2883; x_wconf 83' lang='grc' dir='ltr'>Νεαρῶν</span> <span class='ocrx_word' id='word_1_411' title='bbox 2489 2827 2680 2881; x_wconf 85' lang='grc' dir='ltr'>φησιν,</span> <span class='ocrx_word' id='word_1_412' title='bbox 2727 2812 2812 2866; x_wconf 79' lang='grc' dir='ltr'>ὅτι</span> <span class='ocrx_word' id='word_1_413' title='bbox 2851 2812 2947 2867; x_wconf 91' lang='grc' dir='ltr'><strong>ἐάν</strong></span> <span class='ocrx_word' id='word_1_414' title='bbox 2994 2832 3077 2879; x_wconf 88' lang='grc' dir='ltr'><strong>τις</strong></span> <span class='ocrx_word' id='word_1_415' title='bbox 3108 2814 3206 2888; x_wconf 77' lang='grc' dir='ltr'><strong>ἔχῃ</strong></span> <span class='ocrx_word' id='word_1_416' title='bbox 3253 2816 3415 2889; x_wconf 84' lang='grc' dir='ltr'>δίκην</span> <span class='ocrx_word' id='word_1_417' title='bbox 3451 2823 3763 2892; x_wconf 59' lang='grc' dir='ltr'>χρηματιστὴν</span> 
     </span>
    </p>
   </div>
   <div class='ocr_carea' id='block_1_61' title="bbox 2214 2902 3765 2982">
    <p class='ocr_par' dir='ltr' id='par_1_61' title="bbox 2214 2902 3765 2982">
     <span class='ocr_line' id='line_1_61' title="bbox 2214 2902 3765 2982; baseline 0.008 -28"><span class='ocrx_word' id='word_1_418' title='bbox 2214 2902 2351 2974; x_wconf 78' lang='grc' dir='ltr'>πρὸς</span> <span class='ocrx_word' id='word_1_419' title='bbox 2394 2902 2675 2974; x_wconf 79' lang='grc' dir='ltr'>κληρικδν,</span> <span class='ocrx_word' id='word_1_420' title='bbox 2726 2905 3102 2975; x_wconf 82' lang='grc' dir='ltr'>ἐντυγχανέτω</span> <span class='ocrx_word' id='word_1_421' title='bbox 3147 2905 3226 2978; x_wconf 80' lang='grc' dir='ltr'>τῷ</span> <span class='ocrx_word' id='word_1_422' title='bbox 3273 2910 3559 2982; x_wconf 87' lang='grc' dir='ltr'>ἐπισκόπῳ</span> <span class='ocrx_word' id='word_1_423' title='bbox 3603 2910 3681 2980; x_wconf 77' lang='grc' dir='ltr'>ὑφ’</span> <span class='ocrx_word' id='word_1_424' title='bbox 3719 2915 3765 2965; x_wconf 76' lang='grc' dir='ltr'>ὃν</span> 
     </span>
    </p>
   </div>
   <div class='ocr_carea' id='block_1_62' title="bbox 2213 2994 3763 3074">
    <p class='ocr_par' dir='ltr' id='par_1_62' title="bbox 2213 2994 3763 3074">
     <span class='ocr_line' id='line_1_62' title="bbox 2213 2994 3763 3074; baseline 0.007 -27"><span class='ocrx_word' id='word_1_425' title='bbox 2213 2994 2359 3047; x_wconf 87' lang='grc' dir='ltr'>τελεί</span> <span class='ocrx_word' id='word_1_426' title='bbox 2384 2997 2411 3049; x_wconf 90' lang='lat'><strong>6</strong></span> <span class='ocrx_word' id='word_1_427' title='bbox 2448 2996 2799 3065; x_wconf 88' lang='grc' dir='ltr'>ἐναγόμενος,</span> <span class='ocrx_word' id='word_1_428' title='bbox 2836 2998 2932 3051; x_wconf 75' lang='grc' dir='ltr'>καὶ</span> <span class='ocrx_word' id='word_1_429' title='bbox 2964 2999 3227 3070; x_wconf 70' lang='grc' dir='ltr'>ἀγράφως</span> <span class='ocrx_word' id='word_1_430' title='bbox 3256 3002 3497 3072; x_wconf 81' lang='grc' dir='ltr'>κρινέτω</span> <span class='ocrx_word' id='word_1_431' title='bbox 3524 3004 3763 3074; x_wconf 78' lang='grc' dir='ltr'>ἀζημίως·</span> 
     </span>
    </p>
   </div>
   <div class='ocr_carea' id='block_1_63' title="bbox 2215 3084 3761 3164">
    <p class='ocr_par' dir='ltr' id='par_1_63' title="bbox 2215 3084 3761 3164">
     <span class='ocr_line' id='line_1_63' title="bbox 2215 3084 3761 3164; baseline 0.008 -29"><span class='ocrx_word' id='word_1_432' title='bbox 2215 3085 2310 3136; x_wconf 78' lang='grc' dir='ltr'><strong>καὶ</strong></span> <span class='ocrx_word' id='word_1_433' title='bbox 2341 3085 2387 3137; x_wconf 83' lang='grc' dir='ltr'>εἰ</span> <span class='ocrx_word' id='word_1_434' title='bbox 2425 3084 2705 3155; x_wconf 86' lang='grc' dir='ltr'>βούλονται</span> <span class='ocrx_word' id='word_1_435' title='bbox 2733 3085 2805 3139; x_wconf 90' lang='grc' dir='ltr'><strong>τά</strong></span> <span class='ocrx_word' id='word_1_436' title='bbox 2842 3086 3006 3159; x_wconf 81' lang='grc' dir='ltr'>μέρη,</span> <span class='ocrx_word' id='word_1_437' title='bbox 3044 3088 3257 3156; x_wconf 87' lang='grc' dir='ltr'>γίνεται</span> <span class='ocrx_word' id='word_1_438' title='bbox 3288 3091 3472 3162; x_wconf 73' lang='grc' dir='ltr'>ψῆφος</span> <span class='ocrx_word' id='word_1_439' title='bbox 3500 3094 3761 3164; x_wconf 61' lang='grc' dir='ltr'>ἔγγραφος.</span> 
     </span>
    </p>
   </div>
   <div class='ocr_carea' id='block_1_64' title="bbox 538 3161 2111 3271">
    <p class='ocr_par' dir='ltr' id='par_1_64' title="bbox 538 3161 2111 3271">
     <span class='ocr_line' id='line_1_64' title="bbox 538 3161 2111 3271; baseline -0.009 -13"><span class='ocrx_word' id='word_1_440' title='bbox 538 3201 587 3258; x_wconf 88' lang='lat' dir='ltr'><strong>si</strong></span> <span class='ocrx_word' id='word_1_441' title='bbox 620 3209 804 3271; x_wconf 87' lang='lat' dir='ltr'><strong>partes</strong></span> <span class='ocrx_word' id='word_1_442' title='bbox 831 3161 1019 3262; x_wconf 73' lang='lat' dir='ltr'><strong>velint,</strong></span> <span class='ocrx_word' id='word_1_443' title='bbox 1053 3161 1323 3251; x_wconf 45' lang='lat' dir='ltr'><strong>semen-tia</strong></span> <span class='ocrx_word' id='word_1_444' title='bbox 1359 3161 1422 3246; x_wconf 65' lang='lat' dir='ltr'><strong>iri</strong></span> <span class='ocrx_word' id='word_1_445' title='bbox 1446 3193 1658 3247; x_wconf 85' lang='lat' dir='ltr'><strong>litteras</strong></span> <span class='ocrx_word' id='word_1_446' title='bbox 1714 3190 1968 3245; x_wconf 80' lang='lat' dir='ltr'><strong>refertur.</strong></span> <span class='ocrx_word' id='word_1_447' title='bbox 2007 3188 2111 3244; x_wconf 85' lang='lat' dir='ltr'><strong>Ve-</strong></span> 
     </span>
    </p>
   </div>
   <div class='ocr_carea' id='block_1_65' title="bbox 2215 3161 3765 3271">
    <p class='ocr_par' dir='ltr' id='par_1_65' title="bbox 2216 3161 3765 3256">
     <span class='ocr_line' id='line_1_65' title="bbox 2216 3161 3765 3256; baseline 0.008 -30"><span class='ocrx_word' id='word_1_448' title='bbox 2216 3175 2276 3227; x_wconf 84' lang='grc' dir='ltr'>Εί</span> <span class='ocrx_word' id='word_1_449' title='bbox 2304 3174 2361 3226; x_wconf 90' lang='grc' dir='ltr'><strong>δέ</strong></span> <span class='ocrx_word' id='word_1_450' title='bbox 2389 3175 2532 3228; x_wconf 88' lang='grc' dir='ltr'>κατά</span> <span class='ocrx_word' id='word_1_451' title='bbox 2553 3192 2674 3229; x_wconf 91' lang='grc' dir='ltr'>τινα</span> <span class='ocrx_word' id='word_1_452' title='bbox 2701 3177 2975 3247; x_wconf 80' lang='grc' dir='ltr'>πρόφασιν</span> <span class='ocrx_word' id='word_1_453' title='bbox 2995 3179 3054 3231; x_wconf 82' lang='grc' dir='ltr'>οὐ</span> <span class='ocrx_word' id='word_1_454' title='bbox 3082 3161 3518 3253; x_wconf 79' lang='grc' dir='ltr'>δύναταιτεμεῖν</span> <span class='ocrx_word' id='word_1_455' title='bbox 3655 3161 3765 3239; x_wconf 66' lang='lat' dir='ltr'><strong>6nd-</strong></span> 
     </span>
    </p>
   </div>
   <div class='ocr_carea' id='block_1_66' title="bbox 538 3288 2115 3364">
    <p class='ocr_par' dir='ltr' id='par_1_66' title="bbox 538 3288 2115 3364">
     <span class='ocr_line' id='line_1_66' title="bbox 538 3288 2115 3364; baseline -0.006 -14"><span class='ocrx_word' id='word_1_456' title='bbox 538 3312 660 3351; x_wconf 89' lang='lat' dir='ltr'><strong>rum</strong></span> <span class='ocrx_word' id='word_1_457' title='bbox 706 3295 753 3349; x_wconf 88' lang='lat' dir='ltr'><strong>si</strong></span> <span class='ocrx_word' id='word_1_458' title='bbox 787 3301 1007 3364; x_wconf 89' lang='lat' dir='ltr'><strong>propter</strong></span> <span class='ocrx_word' id='word_1_459' title='bbox 1039 3292 1279 3362; x_wconf 85' lang='lat' dir='ltr'><strong>aliquam</strong></span> <span class='ocrx_word' id='word_1_460' title='bbox 1311 3304 1536 3345; x_wconf 89' lang='lat' dir='ltr'><strong>causam</strong></span> <span class='ocrx_word' id='word_1_461' title='bbox 1571 3288 1862 3359; x_wconf 89' lang='lat' dir='ltr'><strong>episcopus</strong></span> <span class='ocrx_word' id='word_1_462' title='bbox 1892 3298 2115 3345; x_wconf 92' lang='lat' dir='ltr'><strong>contro-</strong></span> 
     </span>
    </p>
   </div>
   <div class='ocr_carea' id='block_1_67' title="bbox 536 3369 2112 3453">
    <p class='ocr_par' dir='ltr' id='par_1_67' title="bbox 536 3369 2112 3453">
     <span class='ocr_line' id='line_1_67' title="bbox 536 3369 2112 3453; baseline -0.003 -12"><span class='ocrx_word' id='word_1_463' title='bbox 536 3369 771 3442; x_wconf 81' lang='lat' dir='ltr'><strong>versiam</strong></span> <span class='ocrx_word' id='word_1_464' title='bbox 802 3384 1055 3439; x_wconf 88' lang='lat' dir='ltr'><strong>decidere</strong></span> <span class='ocrx_word' id='word_1_465' title='bbox 1083 3398 1190 3437; x_wconf 90' lang='lat' dir='ltr'><strong>non</strong></span> <span class='ocrx_word' id='word_1_466' title='bbox 1228 3384 1443 3453; x_wconf 87' lang='lat' dir='ltr'><strong>possit,</strong></span> <span class='ocrx_word' id='word_1_467' title='bbox 1477 3389 1608 3437; x_wconf 89' lang='lat' dir='ltr'><strong>tunc</strong></span> <span class='ocrx_word' id='word_1_468' title='bbox 1642 3383 1872 3438; x_wconf 90' lang='lat' dir='ltr'><strong>servatis</strong></span> <span class='ocrx_word' id='word_1_469' title='bbox 1896 3382 2112 3437; x_wconf 88' lang='lat' dir='ltr'><strong>clericis</strong></span> 
     </span>
    </p>
   </div>
   <div class='ocr_carea' id='block_1_68' title="bbox 536 3474 2116 3553">
    <p class='ocr_par' dir='ltr' id='par_1_68' title="bbox 536 3474 2116 3553">
     <span class='ocr_line' id='line_1_68' title="bbox 536 3474 2116 3553; baseline -0.003 -19"><span class='ocrx_word' id='word_1_470' title='bbox 536 3477 702 3553; x_wconf 85' lang='lat' dir='ltr'><strong>[suis]</strong></span> <span class='ocrx_word' id='word_1_471' title='bbox 741 3477 1041 3549; x_wconf 75' lang='lat' dir='ltr'><strong>privilegiis</strong></span> <span class='ocrx_word' id='word_1_472' title='bbox 1085 3475 1229 3546; x_wconf 90' lang='lat' dir='ltr'><strong>apud</strong></span> <span class='ocrx_word' id='word_1_473' title='bbox 1281 3474 1520 3548; x_wconf 81' lang='lat' dir='ltr'><strong>[civiles]</strong></span> <span class='ocrx_word' id='word_1_474' title='bbox 1554 3475 1908 3545; x_wconf 82' lang='lat' dir='ltr'><strong>magistratus</strong></span> <span class='ocrx_word' id='word_1_475' title='bbox 1942 3474 2008 3529; x_wconf 90' lang='lat' dir='ltr'><strong>lis</strong></span> <span class='ocrx_word' id='word_1_476' title='bbox 2039 3477 2116 3529; x_wconf 91' lang='lat' dir='ltr'><strong>in-</strong></span> 
     </span>
    </p>
   </div>
   <div class='ocr_carea' id='block_1_69' title="bbox 534 3568 2113 3639">
    <p class='ocr_par' dir='ltr' id='par_1_69' title="bbox 534 3568 2113 3639">
     <span class='ocr_line' id='line_1_69' title="bbox 534 3568 2113 3639; baseline -0.003 -10"><span class='ocrx_word' id='word_1_477' title='bbox 534 3574 805 3630; x_wconf 88' lang='lat' dir='ltr'><strong>stituitur.</strong></span> <span class='ocrx_word' id='word_1_478' title='bbox 844 3570 915 3626; x_wconf 87' lang='lat' dir='ltr'><strong>At</strong></span> <span class='ocrx_word' id='word_1_479' title='bbox 962 3571 1008 3626; x_wconf 93' lang='lat' dir='ltr'><strong>si</strong></span> <span class='ocrx_word' id='word_1_480' title='bbox 1067 3571 1133 3626; x_wconf 91' lang='lat' dir='ltr'><strong>de</strong></span> <span class='ocrx_word' id='word_1_481' title='bbox 1189 3569 1515 3626; x_wconf 91' lang='lat' dir='ltr'><strong>criminibus</strong></span> <span class='ocrx_word' id='word_1_482' title='bbox 1562 3578 1861 3639; x_wconf 66' lang='lat' dir='ltr'><strong>quaeratur,</strong></span> <span class='ocrx_word' id='word_1_483' title='bbox 1901 3578 1955 3623; x_wconf 91' lang='lat' dir='ltr'><strong>et</strong></span> <span class='ocrx_word' id='word_1_484' title='bbox 2004 3568 2113 3624; x_wconf 89' lang='lat' dir='ltr'><strong>illis</strong></span> 
     </span>
    </p>
   </div>
   <div class='ocr_carea' id='block_1_70' title="bbox 534 3659 2110 3736">
    <p class='ocr_par' dir='ltr' id='par_1_70' title="bbox 534 3659 2110 3736">
     <span class='ocr_line' id='line_1_70' title="bbox 534 3659 2110 3736; baseline -0.003 -16"><span class='ocrx_word' id='word_1_485' title='bbox 534 3667 755 3736; x_wconf 87' lang='lat' dir='ltr'><strong>quidem</strong></span> <span class='ocrx_word' id='word_1_486' title='bbox 787 3662 1060 3729; x_wconf 84' lang='lat' dir='ltr'><strong>civilibus,</strong></span> <span class='ocrx_word' id='word_1_487' title='bbox 1086 3659 1319 3733; x_wconf 90' lang='lat' dir='ltr'><strong>[civiles]</strong></span> <span class='ocrx_word' id='word_1_488' title='bbox 1360 3661 1713 3730; x_wconf 85' lang='lat' dir='ltr'><strong>magistratus</strong></span> <span class='ocrx_word' id='word_1_489' title='bbox 1762 3669 1818 3715; x_wconf 92' lang='lat' dir='ltr'><strong>et</strong></span> <span class='ocrx_word' id='word_1_490' title='bbox 1866 3660 2110 3732; x_wconf 85' lang='lat' dir='ltr'><strong>Byzantii</strong></span> 
     </span>
    </p>
   </div>
   <div class='ocr_carea' id='block_1_71' title="bbox 532 3749 2111 3824">
    <p class='ocr_par' dir='ltr' id='par_1_71' title="bbox 532 3749 2111 3824">
     <span class='ocr_line' id='line_1_71' title="bbox 532 3749 2111 3824; baseline -0.003 -13"><span class='ocrx_word' id='word_1_491' title='bbox 532 3762 589 3811; x_wconf 88' lang='lat' dir='ltr'><strong>et</strong></span> <span class='ocrx_word' id='word_1_492' title='bbox 623 3755 676 3808; x_wconf 90' lang='lat' dir='ltr'><strong>in</strong></span> <span class='ocrx_word' id='word_1_493' title='bbox 708 3752 1005 3823; x_wconf 82' lang='lat' dir='ltr'><strong>provinciis</strong></span> <span class='ocrx_word' id='word_1_494' title='bbox 1035 3752 1320 3822; x_wconf 90' lang='lat' dir='ltr'><strong>judicant:</strong></span> <span class='ocrx_word' id='word_1_495' title='bbox 1349 3750 1435 3823; x_wconf 90' lang='lat' dir='ltr'><strong>[ut</strong></span> <span class='ocrx_word' id='word_1_496' title='bbox 1473 3749 1676 3824; x_wconf 92' lang='lat' dir='ltr'><strong>tamen]</strong></span> <span class='ocrx_word' id='word_1_497' title='bbox 1708 3752 1776 3807; x_wconf 91' lang='lat' dir='ltr'><strong>lis</strong></span> <span class='ocrx_word' id='word_1_498' title='bbox 1828 3760 1951 3820; x_wconf 86' lang='lat' dir='ltr'><strong>post</strong></span> <span class='ocrx_word' id='word_1_499' title='bbox 1974 3767 2111 3806; x_wconf 86' lang='lat' dir='ltr'><strong>con-</strong></span> 
     </span>
    </p>
   </div>
   <div class='ocr_carea' id='block_1_72' title="bbox 536 3842 2110 3903">
    <p class='ocr_par' dir='ltr' id='par_1_72' title="bbox 536 3842 2110 3903">
     <span class='ocr_line' id='line_1_72' title="bbox 536 3842 2110 3903; baseline -0.004 0"><span class='ocrx_word' id='word_1_500' title='bbox 536 3847 878 3903; x_wconf 81' lang='lat' dir='ltr'><strong>testationem</strong></span> <span class='ocrx_word' id='word_1_501' title='bbox 924 3845 1065 3901; x_wconf 91' lang='lat' dir='ltr'><strong>duos</strong></span> <span class='ocrx_word' id='word_1_502' title='bbox 1109 3859 1328 3899; x_wconf 90' lang='lat' dir='ltr'><strong>menses</strong></span> <span class='ocrx_word' id='word_1_503' title='bbox 1374 3858 1483 3897; x_wconf 90' lang='lat' dir='ltr'><strong>non</strong></span> <span class='ocrx_word' id='word_1_504' title='bbox 1525 3844 1893 3898; x_wconf 89' lang='lat' dir='ltr'><strong>transcendat.</strong></span> <span class='ocrx_word' id='word_1_505' title='bbox 1942 3844 2009 3897; x_wconf 83' lang='lat' dir='ltr'><strong>Et</strong></span> <span class='ocrx_word' id='word_1_506' title='bbox 2061 3842 2110 3898; x_wconf 89' lang='lat' dir='ltr'><strong>si</strong></span> 
     </span>
    </p>
   </div>
   <div class='ocr_carea' id='block_1_73' title="bbox 534 3933 2110 4007">
    <p class='ocr_par' dir='ltr' id='par_1_73' title="bbox 534 3933 2110 4007">
     <span class='ocr_line' id='line_1_73' title="bbox 534 3933 2110 4007; baseline -0.005 -13"><span class='ocrx_word' id='word_1_507' title='bbox 534 3939 765 3994; x_wconf 84' lang='lat' dir='ltr'><strong>clericus</strong></span> <span class='ocrx_word' id='word_1_508' title='bbox 794 3952 956 4007; x_wconf 69' lang='lat' dir='ltr'><strong>paena</strong></span> <span class='ocrx_word' id='word_1_509' title='bbox 1018 3936 1216 4007; x_wconf 86' lang='lat' dir='ltr'><strong>dignus</strong></span> <span class='ocrx_word' id='word_1_510' title='bbox 1277 3934 1443 4007; x_wconf 84' lang='lat' dir='ltr'><strong>[esse]</strong></span> <span class='ocrx_word' id='word_1_511' title='bbox 1498 3934 1764 3999; x_wconf 86' lang='lat' dir='ltr'><strong>videatur,</strong></span> <span class='ocrx_word' id='word_1_512' title='bbox 1812 3933 1967 4003; x_wconf 88' lang='lat' dir='ltr'><strong>prius</strong></span> <span class='ocrx_word' id='word_1_513' title='bbox 2012 3948 2110 4004; x_wconf 90' lang='lat' dir='ltr'><strong>per</strong></span> 
     </span>
    </p>
   </div>
   <div class='ocr_carea' id='block_1_74' title="bbox 533 4026 2109 4100">
    <p class='ocr_par' dir='ltr' id='par_1_74' title="bbox 533 4026 2109 4100">
     <span class='ocr_line' id='line_1_74' title="bbox 533 4026 2109 4100; baseline -0.003 -15"><span class='ocrx_word' id='word_1_514' title='bbox 533 4032 849 4100; x_wconf 73' lang='lat' dir='ltr'><strong>episcopum</strong></span> <span class='ocrx_word' id='word_1_515' title='bbox 890 4043 1048 4083; x_wconf 89' lang='lat' dir='ltr'><strong>sacra</strong></span> <span class='ocrx_word' id='word_1_516' title='bbox 1077 4028 1342 4098; x_wconf 79' lang='lat' dir='ltr'><strong>dignitate</strong></span> <span class='ocrx_word' id='word_1_517' title='bbox 1374 4028 1633 4093; x_wconf 88' lang='lat' dir='ltr'><strong>nudatur,</strong></span> <span class='ocrx_word' id='word_1_518' title='bbox 1660 4041 1723 4081; x_wconf 89' lang='lat' dir='ltr'><strong>ac</strong></span> <span class='ocrx_word' id='word_1_519' title='bbox 1754 4026 1951 4081; x_wconf 87' lang='lat' dir='ltr'><strong>deinde</strong></span> <span class='ocrx_word' id='word_1_520' title='bbox 1976 4026 2109 4098; x_wconf 87' lang='lat' dir='ltr'><strong>legis</strong></span> 
     </span>
    </p>
   </div>
   <div class='ocr_carea' id='block_1_75' title="bbox 534 4118 2106 4190">
    <p class='ocr_par' dir='ltr' id='par_1_75' title="bbox 534 4118 2106 4190">
     <span class='ocr_line' id='line_1_75' title="bbox 534 4118 2106 4190; baseline -0.004 -12"><span class='ocrx_word' id='word_1_521' title='bbox 534 4122 792 4179; x_wconf 87' lang='lat' dir='ltr'><strong>manibus</strong></span> <span class='ocrx_word' id='word_1_522' title='bbox 831 4120 1144 4190; x_wconf 82' lang='lat' dir='ltr'><strong>subjicitur.</strong></span> <span class='ocrx_word' id='word_1_523' title='bbox 1179 4118 1324 4175; x_wconf 88' lang='lat' dir='ltr'><strong>Sane</strong></span> <span class='ocrx_word' id='word_1_524' title='bbox 1371 4120 1418 4174; x_wconf 88' lang='lat' dir='ltr'><strong>si</strong></span> <span class='ocrx_word' id='word_1_525' title='bbox 1462 4120 1723 4174; x_wconf 87' lang='lat' dir='ltr'><strong>delictum</strong></span> <span class='ocrx_word' id='word_1_526' title='bbox 1773 4118 2106 4174; x_wconf 85' lang='lat' dir='ltr'><strong>ecclesiasti-</strong></span> 
     </span>
    </p>
   </div>
   <div class='ocr_carea' id='block_1_76' title="bbox 533 4212 2109 4283">
    <p class='ocr_par' dir='ltr' id='par_1_76' title="bbox 533 4212 2109 4283">
     <span class='ocr_line' id='line_1_76' title="bbox 533 4212 2109 4283; baseline -0.001 -13"><span class='ocrx_word' id='word_1_527' title='bbox 533 4230 658 4270; x_wconf 91' lang='lat' dir='ltr'><strong>cum</strong></span> <span class='ocrx_word' id='word_1_528' title='bbox 698 4214 793 4281; x_wconf 91' lang='lat' dir='ltr'><strong>sit,</strong></span> <span class='ocrx_word' id='word_1_529' title='bbox 825 4212 1129 4269; x_wconf 84' lang='lat' dir='ltr'><strong>secundum</strong></span> <span class='ocrx_word' id='word_1_530' title='bbox 1157 4227 1417 4281; x_wconf 83' lang='lat' dir='ltr'><strong>canones,</strong></span> <span class='ocrx_word' id='word_1_531' title='bbox 1449 4227 1589 4283; x_wconf 92' lang='lat' dir='ltr'><strong>quos</strong></span> <span class='ocrx_word' id='word_1_532' title='bbox 1634 4213 1778 4282; x_wconf 83' lang='lat' dir='ltr'><strong>leges</strong></span> <span class='ocrx_word' id='word_1_533' title='bbox 1813 4213 1978 4267; x_wconf 88' lang='lat' dir='ltr'><strong>etiam</strong></span> <span class='ocrx_word' id='word_1_534' title='bbox 2018 4228 2109 4268; x_wconf 85' lang='lat' dir='ltr'><strong>se-</strong></span> 
     </span>
    </p>
   </div>
   <div class='ocr_carea' id='block_1_77' title="bbox 531 4307 2104 4383">
    <p class='ocr_par' dir='ltr' id='par_1_77' title="bbox 531 4307 2104 4383">
     <span class='ocr_line' id='line_1_77' title="bbox 531 4307 2104 4383; baseline 0.001 -20"><span class='ocrx_word' id='word_1_535' title='bbox 531 4318 801 4377; x_wconf 90' lang='lat' dir='ltr'><strong>quuntur,</strong></span> <span class='ocrx_word' id='word_1_536' title='bbox 829 4307 1396 4379; x_wconf 86' lang='lat' dir='ltr'><strong>episcopusjudicato,</strong></span> <span class='ocrx_word' id='word_1_537' title='bbox 1419 4323 1519 4363; x_wconf 84' lang='lat' dir='ltr'><strong>nec</strong></span> <span class='ocrx_word' id='word_1_538' title='bbox 1543 4309 1839 4379; x_wconf 81' lang='lat' dir='ltr'><strong>cognitioni</strong></span> <span class='ocrx_word' id='word_1_539' title='bbox 1867 4308 2104 4383; x_wconf 84' lang='lat' dir='ltr'><strong>[civiles]</strong></span> 
     </span>
    </p>
   </div>
   <div class='ocr_carea' id='block_1_78' title="bbox 533 4396 2101 4471">
    <p class='ocr_par' dir='ltr' id='par_1_78' title="bbox 533 4396 2101 4471">
     <span class='ocr_line' id='line_1_78' title="bbox 533 4396 2101 4471; baseline -0.001 -16"><span class='ocrx_word' id='word_1_540' title='bbox 533 4400 883 4470; x_wconf 80' lang='lat' dir='ltr'><strong>magistratus</strong></span> <span class='ocrx_word' id='word_1_541' title='bbox 913 4396 1021 4471; x_wconf 89' lang='lat' dir='ltr'><strong>[se]</strong></span> <span class='ocrx_word' id='word_1_542' title='bbox 1048 4399 1414 4453; x_wconf 90' lang='lat' dir='ltr'><strong>immiscento.</strong></span> <span class='ocrx_word' id='word_1_543' title='bbox 1438 4399 1506 4452; x_wconf 86' lang='lat' dir='ltr'><strong>Et</strong></span> <span class='ocrx_word' id='word_1_544' title='bbox 1530 4406 1707 4453; x_wconf 90' lang='lat' dir='ltr'><strong>coust.</strong></span> <span class='ocrx_word' id='word_1_545' title='bbox 1741 4399 1828 4461; x_wconf 86' lang='grc'><strong>15,</strong></span> <span class='ocrx_word' id='word_1_546' title='bbox 1858 4398 2101 4468; x_wconf 76' lang='lat' dir='ltr'><strong>ejusdem</strong></span> 
     </span>
    </p>
   </div>
   <div class='ocr_carea' id='block_1_79' title="bbox 534 4491 2179 4573">
    <p class='ocr_par' dir='ltr' id='par_1_79' title="bbox 534 4491 2179 4573">
     <span class='ocr_line' id='line_1_79' title="bbox 534 4491 2179 4573; baseline 0.001 -27"><span class='ocrx_word' id='word_1_547' title='bbox 534 4495 619 4547; x_wconf 87' lang='lat' dir='ltr'><strong>tit.</strong></span> <span class='ocrx_word' id='word_1_548' title='bbox 648 4493 751 4559; x_wconf 88' lang='lat' dir='ltr'><strong>Qui</strong></span> <span class='ocrx_word' id='word_1_549' title='bbox 787 4491 1006 4563; x_wconf 84' lang='lat' dir='ltr'><strong>(inquit)</strong></span> <span class='ocrx_word' id='word_1_550' title='bbox 1035 4492 1295 4546; x_wconf 80' lang='lat' dir='ltr'><strong>adversus</strong></span> <span class='ocrx_word' id='word_1_551' title='bbox 1344 4491 1675 4547; x_wconf 87' lang='lat' dir='ltr'><strong>monachum</strong></span> <span class='ocrx_word' id='word_1_552' title='bbox 1721 4494 1979 4564; x_wconf 90' lang='lat' dir='ltr'><strong>aliquem,</strong></span> <span class='ocrx_word' id='word_1_553' title='bbox 2010 4503 2104 4548; x_wconf 88' lang='lat' dir='ltr'><strong>aut</strong></span> <span class='ocrx_word' id='word_1_554' title='bbox 2136 4518 2179 4573; x_wconf 74' lang='grc' dir='ltr'><strong>ο</strong></span> 
     </span>
    </p>
   </div>
   <div class='ocr_carea' id='block_1_80' title="bbox 532 4585 2107 4655">
    <p class='ocr_par' dir='ltr' id='par_1_80' title="bbox 532 4585 2107 4655">
     <span class='ocr_line' id='line_1_80' title="bbox 532 4585 2107 4655; baseline 0.004 -15"><span class='ocrx_word' id='word_1_555' title='bbox 532 4594 908 4640; x_wconf 84' lang='lat' dir='ltr'><strong>consecratam</strong></span> <span class='ocrx_word' id='word_1_556' title='bbox 958 4585 1245 4655; x_wconf 80' lang='lat' dir='ltr'><strong>virginem,</strong></span> <span class='ocrx_word' id='word_1_557' title='bbox 1303 4593 1398 4638; x_wconf 89' lang='lat' dir='ltr'><strong>aut</strong></span> <span class='ocrx_word' id='word_1_558' title='bbox 1451 4585 1737 4640; x_wconf 90' lang='lat' dir='ltr'><strong>mulierem</strong></span> <span class='ocrx_word' id='word_1_559' title='bbox 1771 4591 2107 4646; x_wconf 88' lang='lat' dir='ltr'><strong>monasterio</strong></span> 
     </span>
    </p>
   </div>
   <div class='ocr_carea' id='block_1_81' title="bbox 530 4673 2101 4748">
    <p class='ocr_par' dir='ltr' id='par_1_81' title="bbox 530 4673 2101 4748">
     <span class='ocr_line' id='line_1_81' title="bbox 530 4673 2101 4748; baseline 0.002 -16"><span class='ocrx_word' id='word_1_560' title='bbox 530 4679 921 4746; x_wconf 86' lang='lat' dir='ltr'><strong>mancipatam,</strong></span> <span class='ocrx_word' id='word_1_561' title='bbox 960 4673 1281 4748; x_wconf 90' lang='lat' dir='ltr'><strong>[actionem]</strong></span> <span class='ocrx_word' id='word_1_562' title='bbox 1344 4674 1543 4731; x_wconf 89' lang='lat' dir='ltr'><strong>habet:</strong></span> <span class='ocrx_word' id='word_1_563' title='bbox 1597 4677 1840 4747; x_wconf 90' lang='lat' dir='ltr'><strong>ipsorum</strong></span> <span class='ocrx_word' id='word_1_564' title='bbox 1894 4679 2101 4748; x_wconf 87' lang='lat' dir='ltr'><strong>cpisco-</strong></span> 
     </span>
    </p>
   </div>
   <div class='ocr_carea' id='block_1_82' title="bbox 531 4770 2105 4845">
    <p class='ocr_par' dir='ltr' id='par_1_82' title="bbox 531 4770 2105 4845">
     <span class='ocr_line' id='line_1_82' title="bbox 531 4770 2105 4845; baseline 0.004 -21"><span class='ocrx_word' id='word_1_565' title='bbox 531 4786 660 4842; x_wconf 90' lang='lat' dir='ltr'><strong>pum</strong></span> <span class='ocrx_word' id='word_1_566' title='bbox 692 4770 956 4824; x_wconf 90' lang='lat' dir='ltr'><strong>accedito.</strong></span> <span class='ocrx_word' id='word_1_567' title='bbox 980 4770 1029 4824; x_wconf 92' lang='lat' dir='ltr'><strong>ls</strong></span> <span class='ocrx_word' id='word_1_568' title='bbox 1054 4784 1184 4823; x_wconf 84' lang='lat' dir='ltr'><strong>vero</strong></span> <span class='ocrx_word' id='word_1_569' title='bbox 1220 4770 1371 4824; x_wconf 90' lang='lat' dir='ltr'><strong>illum</strong></span> <span class='ocrx_word' id='word_1_570' title='bbox 1401 4782 1495 4824; x_wconf 91' lang='lat' dir='ltr'><strong>aut</strong></span> <span class='ocrx_word' id='word_1_571' title='bbox 1516 4771 1661 4826; x_wconf 92' lang='lat' dir='ltr'><strong>illam</strong></span> <span class='ocrx_word' id='word_1_572' title='bbox 1696 4788 1792 4844; x_wconf 90' lang='lat' dir='ltr'><strong>per</strong></span> <span class='ocrx_word' id='word_1_573' title='bbox 1820 4775 2105 4845; x_wconf 66' lang='lat' dir='ltr'><strong>praesules,</strong></span> 
     </span>
    </p>
   </div>
   <div class='ocr_carea' id='block_1_83' title="bbox 531 4861 2108 4936">
    <p class='ocr_par' dir='ltr' id='par_1_83' title="bbox 531 4861 2108 4936">
     <span class='ocr_line' id='line_1_83' title="bbox 531 4861 2108 4936; baseline 0.002 -18"><span class='ocrx_word' id='word_1_574' title='bbox 531 4863 938 4933; x_wconf 78' lang='lat' dir='ltr'><strong>apocrisiarius,</strong></span> <span class='ocrx_word' id='word_1_575' title='bbox 998 4861 1203 4918; x_wconf 89' lang='lat' dir='ltr'><strong>aliosve</strong></span> <span class='ocrx_word' id='word_1_576' title='bbox 1257 4861 1555 4936; x_wconf 91' lang='lat' dir='ltr'><strong>[homines]</strong></span> <span class='ocrx_word' id='word_1_577' title='bbox 1616 4865 1816 4935; x_wconf 88' lang='lat' dir='ltr'><strong>probos</strong></span> <span class='ocrx_word' id='word_1_578' title='bbox 1880 4866 2108 4921; x_wconf 88' lang='lat' dir='ltr'><strong>honeste</strong></span> 
     </span>
    </p>
   </div>
   <div class='ocr_carea' id='block_1_84' title="bbox 531 4953 2103 5030">
    <p class='ocr_par' dir='ltr' id='par_1_84' title="bbox 531 4953 2103 5030">
     <span class='ocr_line' id='line_1_84' title="bbox 531 4953 2103 5030; baseline 0.003 -21"><span class='ocrx_word' id='word_1_579' title='bbox 531 4955 837 5026; x_wconf 86' lang='lat' dir='ltr'><strong>perducito,</strong></span> <span class='ocrx_word' id='word_1_580' title='bbox 871 4953 1144 5027; x_wconf 86' lang='lat' dir='ltr'><strong>[causam]</strong></span> <span class='ocrx_word' id='word_1_581' title='bbox 1188 4971 1297 5025; x_wconf 87' lang='lat' dir='ltr'><strong>que</strong></span> <span class='ocrx_word' id='word_1_582' title='bbox 1329 4956 1694 5012; x_wconf 90' lang='lat' dir='ltr'><strong>considerato.</strong></span> <span class='ocrx_word' id='word_1_583' title='bbox 1737 4956 1842 5024; x_wconf 90' lang='lat' dir='ltr'><strong>Qui</strong></span> <span class='ocrx_word' id='word_1_584' title='bbox 1879 4956 2103 5030; x_wconf 84' lang='lat' dir='ltr'><strong>[civilis]</strong></span> 
     </span>
    </p>
   </div>
   <div class='ocr_carea' id='block_1_85' title="bbox 532 5043 2103 5117">
    <p class='ocr_par' dir='ltr' id='par_1_85' title="bbox 532 5043 2103 5117">
     <span class='ocr_line' id='line_1_85' title="bbox 532 5043 2103 5117; baseline 0 -14"><span class='ocrx_word' id='word_1_585' title='bbox 532 5046 885 5116; x_wconf 84' lang='lat' dir='ltr'><strong>magistratus</strong></span> <span class='ocrx_word' id='word_1_586' title='bbox 911 5044 1062 5117; x_wconf 90' lang='lat' dir='ltr'><strong>[huic</strong></span> <span class='ocrx_word' id='word_1_587' title='bbox 1093 5043 1197 5114; x_wconf 91' lang='lat' dir='ltr'><strong>rei]</strong></span> <span class='ocrx_word' id='word_1_588' title='bbox 1220 5061 1278 5100; x_wconf 93' lang='lat' dir='ltr'><strong>se</strong></span> <span class='ocrx_word' id='word_1_589' title='bbox 1319 5046 1625 5101; x_wconf 91' lang='lat' dir='ltr'><strong>immiscere</strong></span> <span class='ocrx_word' id='word_1_590' title='bbox 1661 5049 1967 5114; x_wconf 89' lang='lat' dir='ltr'><strong>tentaverit,</strong></span> <span class='ocrx_word' id='word_1_591' title='bbox 1997 5064 2103 5103; x_wconf 91' lang='lat' dir='ltr'><strong>non</strong></span> 
     </span>
    </p>
   </div>
   <div class='ocr_carea' id='block_1_86' title="bbox 528 5139 2104 5202">
    <p class='ocr_par' dir='ltr' id='par_1_86' title="bbox 528 5139 2104 5202">
     <span class='ocr_line' id='line_1_86' title="bbox 528 5139 2104 5202; baseline 0.004 -8"><span class='ocrx_word' id='word_1_592' title='bbox 528 5139 854 5202; x_wconf 74' lang='lat' dir='ltr'><strong>admittitur,</strong></span> <span class='ocrx_word' id='word_1_593' title='bbox 884 5148 940 5193; x_wconf 91' lang='lat' dir='ltr'><strong>et</strong></span> <span class='ocrx_word' id='word_1_594' title='bbox 969 5155 1075 5193; x_wconf 89' lang='lat' dir='ltr'><strong>una</strong></span> <span class='ocrx_word' id='word_1_595' title='bbox 1104 5155 1227 5194; x_wconf 91' lang='lat' dir='ltr'><strong>cum</strong></span> <span class='ocrx_word' id='word_1_596' title='bbox 1288 5142 1513 5197; x_wconf 88' lang='lat' dir='ltr'><strong>cohorte</strong></span> <span class='ocrx_word' id='word_1_597' title='bbox 1568 5157 1667 5197; x_wconf 88' lang='lat' dir='ltr'><strong>sua</strong></span> <span class='ocrx_word' id='word_1_598' title='bbox 1711 5144 1895 5199; x_wconf 92' lang='lat' dir='ltr'><strong>decem</strong></span> <span class='ocrx_word' id='word_1_599' title='bbox 1948 5144 2104 5200; x_wconf 87' lang='lat' dir='ltr'><strong>libris</strong></span> 
     </span>
    </p>
   </div>
   <div class='ocr_carea' id='block_1_87' title="bbox 530 5228 2102 5305">
    <p class='ocr_par' dir='ltr' id='par_1_87' title="bbox 530 5228 2102 5305">
     <span class='ocr_line' id='line_1_87' title="bbox 530 5228 2102 5305; baseline 0.009 -24"><span class='ocrx_word' id='word_1_600' title='bbox 530 5228 697 5303; x_wconf 84' lang='lat' dir='ltr'><strong>[auri]</strong></span> <span class='ocrx_word' id='word_1_601' title='bbox 736 5232 867 5284; x_wconf 81' lang='lat' dir='ltr'><strong>ﬁsco</strong></span> <span class='ocrx_word' id='word_1_602' title='bbox 897 5229 1242 5305; x_wconf 80' lang='lat' dir='ltr'><strong>[inferendis]</strong></span> <span class='ocrx_word' id='word_1_603' title='bbox 1276 5235 1557 5290; x_wconf 88' lang='lat' dir='ltr'><strong>multatur.</strong></span> <span class='ocrx_word' id='word_1_604' title='bbox 1580 5234 1946 5294; x_wconf 80' lang='lat' dir='ltr'><strong>Exsecutores</strong></span> <span class='ocrx_word' id='word_1_605' title='bbox 1971 5254 2102 5295; x_wconf 91' lang='lat' dir='ltr'><strong>vero</strong></span> 
     </span>
    </p>
   </div>
   <div class='ocr_carea' id='block_1_88' title="bbox 528 5323 2102 5402">
    <p class='ocr_par' dir='ltr' id='par_1_88' title="bbox 528 5323 2102 5402">
     <span class='ocr_line' id='line_1_88' title="bbox 528 5323 2102 5402; baseline 0.006 -25"><span class='ocrx_word' id='word_1_606' title='bbox 528 5324 582 5377; x_wconf 91' lang='lat' dir='ltr'><strong>in</strong></span> <span class='ocrx_word' id='word_1_607' title='bbox 614 5323 886 5377; x_wconf 84' lang='lat' dir='ltr'><strong>cancellos</strong></span> <span class='ocrx_word' id='word_1_608' title='bbox 920 5324 1292 5391; x_wconf 86' lang='lat' dir='ltr'><strong>includuntur,</strong></span> <span class='ocrx_word' id='word_1_609' title='bbox 1321 5336 1375 5380; x_wconf 90' lang='lat' dir='ltr'><strong>et</strong></span> <span class='ocrx_word' id='word_1_610' title='bbox 1403 5342 1501 5397; x_wconf 89' lang='lat' dir='ltr'><strong>pro</strong></span> <span class='ocrx_word' id='word_1_611' title='bbox 1529 5329 1723 5384; x_wconf 88' lang='lat' dir='ltr'><strong>merito</strong></span> <span class='ocrx_word' id='word_1_612' title='bbox 1750 5330 1911 5402; x_wconf 69' lang='grc'><strong>242</strong></span> <span class='ocrx_word' id='word_1_613' title='bbox 1937 5333 2102 5387; x_wconf 74' lang='lat' dir='ltr'><strong>casti~</strong></span> 
     </span>
    </p>
   </div>
   <div class='ocr_carea' id='block_1_89' title="bbox 526 5420 2099 5492">
    <p class='ocr_par' dir='ltr' id='par_1_89' title="bbox 526 5420 2099 5492">
     <span class='ocr_line' id='line_1_89' title="bbox 526 5420 2099 5492; baseline 0.01 -26"><span class='ocrx_word' id='word_1_614' title='bbox 526 5424 745 5485; x_wconf 87' lang='lat' dir='ltr'><strong>gantur,</strong></span> <span class='ocrx_word' id='word_1_615' title='bbox 785 5424 949 5486; x_wconf 88' lang='lat' dir='ltr'><strong>atque</strong></span> <span class='ocrx_word' id='word_1_616' title='bbox 982 5432 1078 5486; x_wconf 88' lang='lat' dir='ltr'><strong>per</strong></span> <span class='ocrx_word' id='word_1_617' title='bbox 1119 5420 1402 5488; x_wconf 89' lang='lat' dir='ltr'><strong>episcopos</strong></span> <span class='ocrx_word' id='word_1_618' title='bbox 1428 5420 1513 5489; x_wconf 43' lang='lat' dir='ltr'><strong>.de</strong></span> <span class='ocrx_word' id='word_1_619' title='bbox 1553 5422 1767 5492; x_wconf 91' lang='lat' dir='ltr'><strong>reliquo</strong></span> <span class='ocrx_word' id='word_1_620' title='bbox 1810 5437 2099 5481; x_wconf 78' lang='lat' dir='ltr'><strong>exsecuto-</strong></span> 
     </span>
    </p>
   </div>
   <div class='ocr_carea' id='block_1_90' title="bbox 527 5505 1432 5579">
    <p class='ocr_par' dir='ltr' id='par_1_90' title="bbox 527 5505 1432 5579">
     <span class='ocr_line' id='line_1_90' title="bbox 527 5505 1432 5579; baseline 0.007 -20"><span class='ocrx_word' id='word_1_621' title='bbox 527 5520 647 5559; x_wconf 91' lang='lat' dir='ltr'><strong>rum</strong></span> <span class='ocrx_word' id='word_1_622' title='bbox 676 5505 853 5561; x_wconf 83' lang='lat' dir='ltr'><strong>o-liicio</strong></span> <span class='ocrx_word' id='word_1_623' title='bbox 880 5508 1028 5579; x_wconf 78' lang='lat' dir='ltr'><strong>fungi</strong></span> <span class='ocrx_word' id='word_1_624' title='bbox 1058 5511 1432 5579; x_wconf 78' lang='lat' dir='ltr'><strong>prohibentur.</strong></span> 
     </span>
    </p>
   </div>
   <div class='ocr_carea' id='block_1_91' title="bbox 598 5594 2100 5683">
    <p class='ocr_par' dir='ltr' id='par_1_91' title="bbox 598 5594 2100 5683">
     <span class='ocr_line' id='line_1_91' title="bbox 598 5594 2100 5683; baseline 0.012 -32"><span class='ocrx_word' id='word_1_625' title='bbox 598 5594 757 5653; x_wconf 89' lang='lat' dir='ltr'><strong>Scias</strong></span> <span class='ocrx_word' id='word_1_626' title='bbox 803 5614 947 5663; x_wconf 87' lang='lat' dir='ltr'><strong>vero,</strong></span> <span class='ocrx_word' id='word_1_627' title='bbox 991 5601 1137 5670; x_wconf 90' lang='lat' dir='ltr'><strong>quod</strong></span> <span class='ocrx_word' id='word_1_628' title='bbox 1167 5611 1344 5657; x_wconf 89' lang='lat' dir='ltr'><strong>const.</strong></span> <span class='ocrx_word' id='word_1_629' title='bbox 1393 5604 1450 5669; x_wconf 80' lang='lat'><strong>2,</strong></span> <span class='ocrx_word' id='word_1_630' title='bbox 1483 5603 1726 5673; x_wconf 89' lang='lat' dir='ltr'><strong>ejusdem</strong></span> <span class='ocrx_word' id='word_1_631' title='bbox 1768 5609 1850 5664; x_wconf 91' lang='lat' dir='ltr'><strong>tit.</strong></span> <span class='ocrx_word' id='word_1_632' title='bbox 1890 5611 1941 5679; x_wconf 82' lang='grc'>1,</span> <span class='ocrx_word' id='word_1_633' title='bbox 1974 5628 2100 5683; x_wconf 64' lang='lat' dir='ltr'><strong>quae</strong></span> 
     </span>
    </p>
   </div>
   <div class='ocr_carea' id='block_1_92' title="bbox 527 5687 2100 5773">
    <p class='ocr_par' dir='ltr' id='par_1_92' title="bbox 527 5687 2100 5773">
     <span class='ocr_line' id='line_1_92' title="bbox 527 5687 2100 5773; baseline 0.013 -30"><span class='ocrx_word' id='word_1_634' title='bbox 527 5687 721 5744; x_wconf 81' lang='lat' dir='ltr'><strong>harum</strong></span> <span class='ocrx_word' id='word_1_635' title='bbox 758 5692 1003 5746; x_wconf 88' lang='lat' dir='ltr'><strong>omnium</strong></span> <span class='ocrx_word' id='word_1_636' title='bbox 1038 5693 1374 5748; x_wconf 86' lang='lat' dir='ltr'><strong>validissima</strong></span> <span class='ocrx_word' id='word_1_637' title='bbox 1407 5705 1512 5763; x_wconf 88' lang='lat' dir='ltr'><strong>est,</strong></span> <span class='ocrx_word' id='word_1_638' title='bbox 1542 5708 1728 5768; x_wconf 88' lang='lat' dir='ltr'><strong>utpote</strong></span> <span class='ocrx_word' id='word_1_639' title='bbox 1756 5718 1879 5772; x_wconf 64' lang='lat' dir='ltr'><strong>qua:</strong></span> <span class='ocrx_word' id='word_1_640' title='bbox 1910 5717 2100 5773; x_wconf 86' lang='lat' dir='ltr'><strong>poste-</strong></span> 
     </span>
    </p>
   </div>
   <div class='ocr_carea' id='block_1_93' title="bbox 526 5779 2096 5870">
    <p class='ocr_par' dir='ltr' id='par_1_93' title="bbox 526 5779 2096 5870">
     <span class='ocr_line' id='line_1_93' title="bbox 526 5779 2096 5870; baseline 0.011 -32"><span class='ocrx_word' id='word_1_641' title='bbox 526 5779 644 5838; x_wconf 83' lang='lat' dir='ltr'><strong>rius</strong></span> <span class='ocrx_word' id='word_1_642' title='bbox 672 5789 793 5837; x_wconf 85' lang='lat' dir='ltr'><strong>nata</strong></span> <span class='ocrx_word' id='word_1_643' title='bbox 822 5781 914 5849; x_wconf 85' lang='lat' dir='ltr'><strong>sit,</strong></span> <span class='ocrx_word' id='word_1_644' title='bbox 944 5782 1090 5839; x_wconf 86' lang='lat' dir='ltr'><strong>dicat</strong></span> <span class='ocrx_word' id='word_1_645' title='bbox 1118 5799 1139 5841; x_wconf 56' lang='lat'><strong>.1</strong></span> <span class='ocrx_word' id='word_1_646' title='bbox 1169 5781 1227 5839; x_wconf 87' lang='lat' dir='ltr'><strong>Si</strong></span> <span class='ocrx_word' id='word_1_647' title='bbox 1258 5785 1381 5856; x_wconf 92' lang='lat' dir='ltr'><strong>quis</strong></span> <span class='ocrx_word' id='word_1_648' title='bbox 1415 5788 1731 5859; x_wconf 86' lang='lat' dir='ltr'><strong>episcopum</strong></span> <span class='ocrx_word' id='word_1_649' title='bbox 1775 5804 1870 5870; x_wconf 78' lang='lat' dir='ltr'><strong>aut</strong></span> <span class='ocrx_word' id='word_1_650' title='bbox 1900 5798 2096 5855; x_wconf 53' lang='lat' dir='ltr'><strong>cieri.-</strong></span> 
     </span>
    </p>
   </div>
   <div class='ocr_carea' id='block_1_94' title="bbox 2214 3264 3762 3345">
    <p class='ocr_par' dir='ltr' id='par_1_94' title="bbox 2214 3264 3762 3345">
     <span class='ocr_line' id='line_1_94' title="bbox 2214 3264 3762 3345; baseline 0.008 -30"><span class='ocrx_word' id='word_1_651' title='bbox 2214 3264 2360 3316; x_wconf 87' lang='grc' dir='ltr'>οεσιν</span> <span class='ocrx_word' id='word_1_652' title='bbox 2385 3265 2413 3317; x_wconf 89' lang='lat'><strong>6</strong></span> <span class='ocrx_word' id='word_1_653' title='bbox 2445 3264 2765 3330; x_wconf 87' lang='grc' dir='ltr'>ἐπίσκοπος,</span> <span class='ocrx_word' id='word_1_654' title='bbox 2812 3268 2932 3321; x_wconf 88' lang='grc' dir='ltr'>τότε</span> <span class='ocrx_word' id='word_1_655' title='bbox 2969 3268 3121 3340; x_wconf 85' lang='grc' dir='ltr'>παρὰ</span> <span class='ocrx_word' id='word_1_656' title='bbox 3168 3273 3281 3334; x_wconf 80' lang='grc' dir='ltr'>τοῖς</span> <span class='ocrx_word' id='word_1_657' title='bbox 3314 3273 3576 3343; x_wconf 84' lang='grc' dir='ltr'>ἄρχουσιν</span> <span class='ocrx_word' id='word_1_658' title='bbox 3606 3277 3635 3343; x_wconf 81' lang='grc' dir='ltr'>ἡ</span> <span class='ocrx_word' id='word_1_659' title='bbox 3664 3276 3762 3345; x_wconf 84' lang='grc' dir='ltr'>δίκη</span> 
     </span>
    </p>
   </div>
   <div class='ocr_carea' id='block_1_95' title="bbox 2211 3353 3765 3437">
    <p class='ocr_par' dir='ltr' id='par_1_95' title="bbox 2211 3353 3765 3437">
     <span class='ocr_line' id='line_1_95' title="bbox 2211 3353 3765 3437; baseline 0.008 -30"><span class='ocrx_word' id='word_1_660' title='bbox 2211 3353 2451 3424; x_wconf 83' lang='grc' dir='ltr'>λέγεται,</span> <span class='ocrx_word' id='word_1_661' title='bbox 2513 3357 2937 3429; x_wconf 81' lang='grc' dir='ltr'>φυλαττομένων</span> <span class='ocrx_word' id='word_1_662' title='bbox 2981 3363 3090 3424; x_wconf 86' lang='grc' dir='ltr'>τοῖς</span> <span class='ocrx_word' id='word_1_663' title='bbox 3145 3361 3434 3434; x_wconf 87' lang='grc' dir='ltr'>κληρικοίς</span> <span class='ocrx_word' id='word_1_664' title='bbox 3458 3366 3565 3418; x_wconf 80' lang='grc' dir='ltr'><strong>τῶν</strong></span> <span class='ocrx_word' id='word_1_665' title='bbox 3607 3385 3765 3437; x_wconf 85' lang='grc' dir='ltr'>προνο-</span> 
     </span>
    </p>
   </div>
   <div class='ocr_carea' id='block_1_96' title="bbox 2214 3450 3761 3528">
    <p class='ocr_par' dir='ltr' id='par_1_96' title="bbox 2214 3450 3761 3528">
     <span class='ocr_line' id='line_1_96' title="bbox 2214 3450 3761 3528; baseline 0.008 -28"><span class='ocrx_word' id='word_1_666' title='bbox 2214 3452 2373 3519; x_wconf 87' lang='grc' dir='ltr'>μίων.</span> <span class='ocrx_word' id='word_1_667' title='bbox 2404 3450 2465 3503; x_wconf 78' lang='lat' dir='ltr'><strong>Ei</strong></span> <span class='ocrx_word' id='word_1_668' title='bbox 2498 3451 2555 3504; x_wconf 86' lang='grc' dir='ltr'><strong>δὲ</strong></span> <span class='ocrx_word' id='word_1_669' title='bbox 2585 3451 2713 3521; x_wconf 75' lang='grc' dir='ltr'>περὶ</span> <span class='ocrx_word' id='word_1_670' title='bbox 2738 3453 3104 3523; x_wconf 85' lang='grc' dir='ltr'>ἐγκλημάτων</span> <span class='ocrx_word' id='word_1_671' title='bbox 3145 3457 3414 3527; x_wconf 76' lang='grc' dir='ltr'>ζητεῖται,</span> <span class='ocrx_word' id='word_1_672' title='bbox 3444 3461 3491 3511; x_wconf 84' lang='grc' dir='ltr'><strong>εί</strong></span> <span class='ocrx_word' id='word_1_673' title='bbox 3520 3460 3614 3528; x_wconf 84' lang='grc' dir='ltr'>μὲν</span> <span class='ocrx_word' id='word_1_674' title='bbox 3640 3459 3761 3512; x_wconf 82' lang='grc' dir='ltr'>πολι-</span> 
     </span>
    </p>
   </div>
   <div class='ocr_carea' id='block_1_97' title="bbox 2209 3538 3764 3619">
    <p class='ocr_par' dir='ltr' id='par_1_97' title="bbox 2209 3538 3764 3619">
     <span class='ocr_line' id='line_1_97' title="bbox 2209 3538 3764 3619; baseline 0.007 -29"><span class='ocrx_word' id='word_1_675' title='bbox 2209 3538 2398 3603; x_wconf 84' lang='grc' dir='ltr'>τικῶν,</span> <span class='ocrx_word' id='word_1_676' title='bbox 2432 3539 2483 3591; x_wconf 80' lang='grc' dir='ltr'><strong>οἱ</strong></span> <span class='ocrx_word' id='word_1_677' title='bbox 2512 3539 2771 3610; x_wconf 79' lang='grc' dir='ltr'>ἄρχοντες</span> <span class='ocrx_word' id='word_1_678' title='bbox 2812 3542 3123 3607; x_wconf 81' lang='grc' dir='ltr'>δικάζουσιν</span> <span class='ocrx_word' id='word_1_679' title='bbox 3156 3545 3214 3597; x_wconf 89' lang='grc' dir='ltr'><strong>ἐν</strong></span> <span class='ocrx_word' id='word_1_680' title='bbox 3257 3546 3335 3616; x_wconf 83' lang='grc' dir='ltr'>τῷ</span> <span class='ocrx_word' id='word_1_681' title='bbox 3392 3546 3663 3619; x_wconf 77' lang='grc' dir='ltr'>Βυζαντίῳ</span> <span class='ocrx_word' id='word_1_682' title='bbox 3689 3550 3764 3601; x_wconf 68' lang='grc' dir='ltr'><strong>καὶ</strong></span> 
     </span>
    </p>
   </div>
   <div class='ocr_carea' id='block_1_98' title="bbox 2209 3630 3761 3709">
    <p class='ocr_par' dir='ltr' id='par_1_98' title="bbox 2209 3630 3761 3709">
     <span class='ocr_line' id='line_1_98' title="bbox 2209 3630 3761 3709; baseline 0.006 -26"><span class='ocrx_word' id='word_1_683' title='bbox 2209 3633 2328 3694; x_wconf 84' lang='grc' dir='ltr'>ταῖς</span> <span class='ocrx_word' id='word_1_684' title='bbox 2372 3630 2700 3701; x_wconf 85' lang='grc' dir='ltr'>ἐπαρχίαις,</span> <span class='ocrx_word' id='word_1_685' title='bbox 2744 3633 2842 3703; x_wconf 83' lang='grc' dir='ltr'>τῆς</span> <span class='ocrx_word' id='word_1_686' title='bbox 2889 3634 3043 3705; x_wconf 90' lang='grc' dir='ltr'>δίκης</span> <span class='ocrx_word' id='word_1_687' title='bbox 3093 3635 3233 3705; x_wconf 74' lang='grc' dir='ltr'>μετὰ</span> <span class='ocrx_word' id='word_1_688' title='bbox 3287 3638 3656 3709; x_wconf 79' lang='grc' dir='ltr'>προκάταρξιν</span> <span class='ocrx_word' id='word_1_689' title='bbox 3700 3641 3761 3708; x_wconf 81' lang='grc' dir='ltr'>μὴ</span> 
     </span>
    </p>
   </div>
   <div class='ocr_carea' id='block_1_99' title="bbox 2210 3721 3759 3801">
    <p class='ocr_par' dir='ltr' id='par_1_99' title="bbox 2210 3721 3759 3801">
     <span class='ocr_line' id='line_1_99' title="bbox 2210 3721 3759 3801; baseline 0.005 -27"><span class='ocrx_word' id='word_1_690' title='bbox 2210 3721 2644 3793; x_wconf 74' lang='grc' dir='ltr'>ὑπερϐαινούσης</span> <span class='ocrx_word' id='word_1_691' title='bbox 2688 3723 2783 3776; x_wconf 79' lang='grc' dir='ltr'>δύο</span> <span class='ocrx_word' id='word_1_692' title='bbox 2831 3725 3039 3795; x_wconf 75' lang='grc' dir='ltr'><strong>μῆνας⁸</strong></span> <span class='ocrx_word' id='word_1_693' title='bbox 3095 3730 3191 3779; x_wconf 78' lang='grc' dir='ltr'><strong>καὶ</strong></span> <span class='ocrx_word' id='word_1_694' title='bbox 3242 3728 3336 3780; x_wconf 71' lang='grc' dir='ltr'>ἐὰν</span> <span class='ocrx_word' id='word_1_695' title='bbox 3393 3734 3537 3801; x_wconf 83' lang='grc' dir='ltr'>φανῇ</span> <span class='ocrx_word' id='word_1_696' title='bbox 3598 3732 3759 3801; x_wconf 80' lang='grc' dir='ltr'>ποινῆς</span> 
     </span>
    </p>
   </div>
   <div class='ocr_carea' id='block_1_100' title="bbox 2208 3813 3763 3888">
    <p class='ocr_par' dir='ltr' id='par_1_100' title="bbox 2208 3813 3763 3888">
     <span class='ocr_line' id='line_1_100' title="bbox 2208 3813 3763 3888; baseline 0.003 -20"><span class='ocrx_word' id='word_1_697' title='bbox 2208 3814 2357 3878; x_wconf 77' lang='grc' dir='ltr'>ἄξιος</span> <span class='ocrx_word' id='word_1_698' title='bbox 2386 3814 2415 3866; x_wconf 91' lang='lat'><strong>6</strong></span> <span class='ocrx_word' id='word_1_699' title='bbox 2458 3813 2718 3885; x_wconf 78' lang='grc' dir='ltr'>κληρικὸς</span> <span class='ocrx_word' id='word_1_700' title='bbox 2744 3855 2761 3881; x_wconf 90' lang='grc'><strong>,</strong></span> <span class='ocrx_word' id='word_1_701' title='bbox 2796 3817 3063 3888; x_wconf 90' lang='grc' dir='ltr'>πρότερον</span> <span class='ocrx_word' id='word_1_702' title='bbox 3094 3818 3423 3888; x_wconf 81' lang='grc' dir='ltr'>γυμνούσθω</span> <span class='ocrx_word' id='word_1_703' title='bbox 3446 3820 3533 3875; x_wconf 84' lang='grc' dir='ltr'><strong>διά</strong></span> <span class='ocrx_word' id='word_1_704' title='bbox 3556 3822 3643 3875; x_wconf 85' lang='grc' dir='ltr'>τοῦ</span> <span class='ocrx_word' id='word_1_705' title='bbox 3668 3823 3763 3874; x_wconf 81' lang='grc' dir='ltr'>ἐπιο</span> 
     </span>
    </p>
   </div>
   <div class='ocr_carea' id='block_1_101' title="bbox 2210 3904 3761 3977">
    <p class='ocr_par' dir='ltr' id='par_1_101' title="bbox 2210 3904 3761 3977">
     <span class='ocr_line' id='line_1_101' title="bbox 2210 3904 3761 3977; baseline 0.005 -19"><span class='ocrx_word' id='word_1_706' title='bbox 2210 3905 2415 3959; x_wconf 88' lang='grc' dir='ltr'>σκόπου</span> <span class='ocrx_word' id='word_1_707' title='bbox 2466 3904 2566 3974; x_wconf 84' lang='grc' dir='ltr'>τῆς</span> <span class='ocrx_word' id='word_1_708' title='bbox 2627 3905 2909 3977; x_wconf 79' lang='grc' dir='ltr'>ἱερατικῆς</span> <span class='ocrx_word' id='word_1_709' title='bbox 2956 3908 3132 3974; x_wconf 80' lang='grc' dir='ltr'>ἀξίας,</span> <span class='ocrx_word' id='word_1_710' title='bbox 3172 3911 3267 3963; x_wconf 74' lang='grc' dir='ltr'><strong>καὶ</strong></span> <span class='ocrx_word' id='word_1_711' title='bbox 3309 3910 3487 3974; x_wconf 81' lang='grc' dir='ltr'>οὕτως</span> <span class='ocrx_word' id='word_1_712' title='bbox 3542 3913 3641 3966; x_wconf 78' lang='grc' dir='ltr'><strong>ὑπὸ</strong></span> <span class='ocrx_word' id='word_1_713' title='bbox 3683 3913 3761 3975; x_wconf 72' lang='grc' dir='ltr'>τὰς</span> 
     </span>
    </p>
   </div>
   <div class='ocr_carea' id='block_1_102' title="bbox 2207 3995 3760 4073">
    <p class='ocr_par' dir='ltr' id='par_1_102' title="bbox 2207 3995 3760 4073">
     <span class='ocr_line' id='line_1_102' title="bbox 2207 3995 3760 4073; baseline 0.005 -26"><span class='ocrx_word' id='word_1_714' title='bbox 2207 3998 2397 4067; x_wconf 87' lang='grc' dir='ltr'>χεῖρας</span> <span class='ocrx_word' id='word_1_715' title='bbox 2435 3995 2672 4064; x_wconf 85' lang='grc' dir='ltr'>γινέσθω</span> <span class='ocrx_word' id='word_1_716' title='bbox 2699 3995 2793 4049; x_wconf 83' lang='grc' dir='ltr'>τοῦ</span> <span class='ocrx_word' id='word_1_717' title='bbox 2837 3998 3026 4068; x_wconf 78' lang='grc' dir='ltr'>νόμουο</span> <span class='ocrx_word' id='word_1_718' title='bbox 3059 4000 3108 4052; x_wconf 80' lang='grc' dir='ltr'><strong>εί</strong></span> <span class='ocrx_word' id='word_1_719' title='bbox 3152 3999 3209 4053; x_wconf 85' lang='grc' dir='ltr'>δὲ</span> <span class='ocrx_word' id='word_1_720' title='bbox 3242 4000 3303 4053; x_wconf 84' lang='grc' dir='ltr'>τὸ</span> <span class='ocrx_word' id='word_1_721' title='bbox 3334 4001 3641 4073; x_wconf 84' lang='grc' dir='ltr'>ἁμάρτημα</span> <span class='ocrx_word' id='word_1_722' title='bbox 3684 4007 3760 4056; x_wconf 85' lang='grc' dir='ltr'><strong>ὲκ-</strong></span> 
     </span>
    </p>
   </div>
   <div class='ocr_carea' id='block_1_103' title="bbox 2207 4085 3761 4161">
    <p class='ocr_par' dir='ltr' id='par_1_103' title="bbox 2207 4085 3761 4161">
     <span class='ocr_line' id='line_1_103' title="bbox 2207 4085 3761 4161; baseline 0.006 -23"><span class='ocrx_word' id='word_1_723' title='bbox 2207 4085 2593 4154; x_wconf 86' lang='grc' dir='ltr'>κλησιαστικόν</span> <span class='ocrx_word' id='word_1_724' title='bbox 2626 4086 2794 4149; x_wconf 87' lang='grc' dir='ltr'>ἐστιν,</span> <span class='ocrx_word' id='word_1_725' title='bbox 2825 4089 2853 4141; x_wconf 92' lang='lat'><strong>6</strong></span> <span class='ocrx_word' id='word_1_726' title='bbox 2887 4087 3181 4153; x_wconf 79' lang='grc' dir='ltr'>ἐπίσκοπος</span> <span class='ocrx_word' id='word_1_727' title='bbox 3224 4095 3463 4161; x_wconf 83' lang='grc' dir='ltr'>κρινέτω</span> <span class='ocrx_word' id='word_1_728' title='bbox 3493 4095 3622 4147; x_wconf 75' lang='grc' dir='ltr'>κατὰ</span> <span class='ocrx_word' id='word_1_729' title='bbox 3659 4095 3761 4156; x_wconf 77' lang='grc' dir='ltr'>τοὺς</span> 
     </span>
    </p>
   </div>
   <div class='ocr_carea' id='block_1_104' title="bbox 2207 4172 3762 4258">
    <p class='ocr_par' dir='ltr' id='par_1_104' title="bbox 2207 4172 3762 4258">
     <span class='ocr_line' id='line_1_104' title="bbox 2207 4172 3762 4258; baseline 0.005 -28"><span class='ocrx_word' id='word_1_730' title='bbox 2207 4177 2435 4239; x_wconf 85' lang='grc' dir='ltr'>κανόνας</span> <span class='ocrx_word' id='word_1_731' title='bbox 2461 4221 2477 4244; x_wconf 90' lang='grc'><strong>,</strong></span> <span class='ocrx_word' id='word_1_732' title='bbox 2509 4172 2703 4231; x_wconf 73' lang='grc' dir='ltr'>οἷστισι</span> <span class='ocrx_word' id='word_1_733' title='bbox 2732 4181 2826 4232; x_wconf 74' lang='grc' dir='ltr'><strong>καὶ</strong></span> <span class='ocrx_word' id='word_1_734' title='bbox 2870 4180 2919 4232; x_wconf 79' lang='grc' dir='ltr'>οἱ</span> <span class='ocrx_word' id='word_1_735' title='bbox 2964 4181 3116 4250; x_wconf 84' lang='grc' dir='ltr'>νόμοι</span> <span class='ocrx_word' id='word_1_736' title='bbox 3146 4183 3396 4242; x_wconf 77' lang='grc' dir='ltr'>ἕπονται.</span> <span class='ocrx_word' id='word_1_737' title='bbox 3429 4187 3537 4239; x_wconf 77' lang='grc' dir='ltr'><strong>Καὶ</strong></span> <span class='ocrx_word' id='word_1_738' title='bbox 3570 4187 3638 4258; x_wconf 81' lang='grc' dir='ltr'>μὴ</span> <span class='ocrx_word' id='word_1_739' title='bbox 3665 4188 3762 4239; x_wconf 80' lang='grc' dir='ltr'>ἐπι-</span> 
     </span>
    </p>
   </div>
   <div class='ocr_carea' id='block_1_105' title="bbox 2208 4269 3759 4350">
    <p class='ocr_par' dir='ltr' id='par_1_105' title="bbox 2208 4269 3759 4350">
     <span class='ocr_line' id='line_1_105' title="bbox 2208 4269 3759 4350; baseline 0.01 -30"><span class='ocrx_word' id='word_1_740' title='bbox 2208 4269 2635 4323; x_wconf 88' lang='grc' dir='ltr'>κοινωνείτωσαν</span> <span class='ocrx_word' id='word_1_741' title='bbox 2660 4270 2709 4324; x_wconf 77' lang='grc' dir='ltr'>οἱ</span> <span class='ocrx_word' id='word_1_742' title='bbox 2732 4271 2987 4343; x_wconf 79' lang='grc' dir='ltr'>ἄρχοντες</span> <span class='ocrx_word' id='word_1_743' title='bbox 3016 4277 3081 4347; x_wconf 82' lang='grc' dir='ltr'>τῇ</span> <span class='ocrx_word' id='word_1_744' title='bbox 3108 4274 3358 4347; x_wconf 75' lang='grc' dir='ltr'>ζητήσειο</span> <span class='ocrx_word' id='word_1_745' title='bbox 3388 4281 3486 4334; x_wconf 72' lang='grc' dir='ltr'><strong>καὶ</strong></span> <span class='ocrx_word' id='word_1_746' title='bbox 3513 4283 3543 4350; x_wconf 81' lang='grc' dir='ltr'>ἡ</span> <span class='ocrx_word' id='word_1_747' title='bbox 3570 4286 3625 4333; x_wconf 82' lang='grc' dir='ltr'>ιε’</span> <span class='ocrx_word' id='word_1_748' title='bbox 3644 4280 3759 4336; x_wconf 79' lang='grc' dir='ltr'>διάτ.</span> 
     </span>
    </p>
   </div>
   <div class='ocr_carea' id='block_1_106' title="bbox 2205 4355 3760 4439">
    <p class='ocr_par' dir='ltr' id='par_1_106' title="bbox 2205 4355 3760 4439">
     <span class='ocr_line' id='line_1_106' title="bbox 2205 4355 3760 4439; baseline 0.009 -31"><span class='ocrx_word' id='word_1_749' title='bbox 2205 4355 2300 4409; x_wconf 82' lang='grc' dir='ltr'><strong>τοῦ</strong></span> <span class='ocrx_word' id='word_1_750' title='bbox 2349 4358 2515 4411; x_wconf 79' lang='grc' dir='ltr'>αὑτοῦ</span> <span class='ocrx_word' id='word_1_751' title='bbox 2546 4360 2668 4426; x_wconf 76' lang='grc' dir='ltr'>τίτ.</span> <span class='ocrx_word' id='word_1_752' title='bbox 2699 4362 2886 4432; x_wconf 77' lang='grc' dir='ltr'>φησὶν,</span> <span class='ocrx_word' id='word_1_753' title='bbox 2927 4362 3010 4417; x_wconf 83' lang='grc' dir='ltr'>ὅτι</span> <span class='ocrx_word' id='word_1_754' title='bbox 3059 4367 3087 4417; x_wconf 89' lang='grc' dir='ltr'><strong><em>ὁ</em></strong></span> <span class='ocrx_word' id='word_1_755' title='bbox 3140 4366 3280 4437; x_wconf 77' lang='grc' dir='ltr'>ἔχων</span> <span class='ocrx_word' id='word_1_756' title='bbox 3333 4370 3474 4439; x_wconf 83' lang='grc' dir='ltr'>πρός</span> <span class='ocrx_word' id='word_1_757' title='bbox 3526 4388 3637 4424; x_wconf 88' lang='grc' dir='ltr'>τινα</span> <span class='ocrx_word' id='word_1_758' title='bbox 3672 4371 3760 4423; x_wconf 83' lang='grc' dir='ltr'>τῶν</span> 
     </span>
    </p>
   </div>
   <div class='ocr_carea' id='block_1_107' title="bbox 2205 4447 3757 4528">
    <p class='ocr_par' dir='ltr' id='par_1_107' title="bbox 2205 4447 3757 4528">
     <span class='ocr_line' id='line_1_107' title="bbox 2205 4447 3757 4528; baseline 0.008 -28"><span class='ocrx_word' id='word_1_759' title='bbox 2205 4447 2537 4521; x_wconf 79' lang='grc' dir='ltr'>ἀσκητῶν,ἢ</span> <span class='ocrx_word' id='word_1_760' title='bbox 2574 4449 2857 4522; x_wconf 81' lang='grc' dir='ltr'>παρθένων</span> <span class='ocrx_word' id='word_1_761' title='bbox 2878 4455 3211 4525; x_wconf 86' lang='grc' dir='ltr'>ἱερωμένων,</span> <span class='ocrx_word' id='word_1_762' title='bbox 3243 4458 3275 4520; x_wconf 83' lang='grc' dir='ltr'>ἢ</span> <span class='ocrx_word' id='word_1_763' title='bbox 3307 4463 3585 4528; x_wconf 81' lang='grc' dir='ltr'>γυναικῶν</span> <span class='ocrx_word' id='word_1_764' title='bbox 3607 4463 3757 4515; x_wconf 78' lang='grc' dir='ltr'>οὐσῶν</span> 
     </span>
    </p>
   </div>
   <div class='ocr_carea' id='block_1_108' title="bbox 2211 4541 3759 4624">
    <p class='ocr_par' dir='ltr' id='par_1_108' title="bbox 2211 4541 3759 4624">
     <span class='ocr_line' id='line_1_108' title="bbox 2211 4541 3759 4624; baseline 0.011 -33"><span class='ocrx_word' id='word_1_765' title='bbox 2211 4542 2267 4593; x_wconf 86' lang='grc' dir='ltr'><strong>ἐν</strong></span> <span class='ocrx_word' id='word_1_766' title='bbox 2301 4541 2705 4612; x_wconf 85' lang='grc' dir='ltr'>μοναστηρίοις,</span> <span class='ocrx_word' id='word_1_767' title='bbox 2734 4542 2811 4614; x_wconf 83' lang='grc' dir='ltr'>τῷ</span> <span class='ocrx_word' id='word_1_768' title='bbox 2829 4545 3110 4617; x_wconf 86' lang='grc' dir='ltr'>ἐπισκόπῳ</span> <span class='ocrx_word' id='word_1_769' title='bbox 3142 4549 3322 4602; x_wconf 78' lang='grc' dir='ltr'>αὐτῶν</span> <span class='ocrx_word' id='word_1_770' title='bbox 3352 4554 3613 4624; x_wconf 86' lang='grc' dir='ltr'>προσίτω.</span> <span class='ocrx_word' id='word_1_771' title='bbox 3640 4553 3691 4607; x_wconf 85' lang='grc'><strong>’0</strong></span> <span class='ocrx_word' id='word_1_772' title='bbox 3715 4554 3759 4606; x_wconf 82' lang='grc' dir='ltr'>δὲ</span> 
     </span>
    </p>
   </div>
   <div class='ocr_carea' id='block_1_109' title="bbox 2212 4631 3758 4713">
    <p class='ocr_par' dir='ltr' id='par_1_109' title="bbox 2212 4631 3758 4713">
     <span class='ocr_line' id='line_1_109' title="bbox 2212 4631 3758 4713; baseline 0.01 -31"><span class='ocrx_word' id='word_1_773' title='bbox 2212 4631 2349 4699; x_wconf 83' lang='grc' dir='ltr'><strong>μετά</strong></span> <span class='ocrx_word' id='word_1_774' title='bbox 2384 4634 2713 4705; x_wconf 88' lang='grc' dir='ltr'>σεμνότητος</span> <span class='ocrx_word' id='word_1_775' title='bbox 2756 4636 2919 4689; x_wconf 84' lang='grc' dir='ltr'>αὑτὸν</span> <span class='ocrx_word' id='word_1_776' title='bbox 2971 4639 3003 4708; x_wconf 86' lang='grc' dir='ltr'>ἢ</span> <span class='ocrx_word' id='word_1_777' title='bbox 3055 4639 3224 4711; x_wconf 81' lang='grc' dir='ltr'>αὐτὴν</span> <span class='ocrx_word' id='word_1_778' title='bbox 3262 4643 3523 4713; x_wconf 83' lang='grc' dir='ltr'>ἀγαγέτω</span> <span class='ocrx_word' id='word_1_779' title='bbox 3564 4648 3642 4700; x_wconf 84' lang='grc' dir='ltr'><strong>διά</strong></span> <span class='ocrx_word' id='word_1_780' title='bbox 3670 4646 3758 4699; x_wconf 84' lang='grc' dir='ltr'><strong>τῶν</strong></span> 
     </span>
    </p>
   </div>
   <div class='ocr_carea' id='block_1_110' title="bbox 2209 4723 3759 4807">
    <p class='ocr_par' dir='ltr' id='par_1_110' title="bbox 2209 4723 3759 4807">
     <span class='ocr_line' id='line_1_110' title="bbox 2209 4723 3759 4807; baseline 0.006 -27"><span class='ocrx_word' id='word_1_781' title='bbox 2209 4723 2546 4805; x_wconf 65' lang='grc' dir='ltr'>ἡγουμένων,</span> <span class='ocrx_word' id='word_1_782' title='bbox 2595 4727 2629 4797; x_wconf 83' lang='grc' dir='ltr'>ἦ</span> <span class='ocrx_word' id='word_1_783' title='bbox 2661 4728 2768 4780; x_wconf 83' lang='grc' dir='ltr'><strong>τῶν</strong></span> <span class='ocrx_word' id='word_1_784' title='bbox 2811 4730 3273 4803; x_wconf 83' lang='grc' dir='ltr'>ἀποκρισιαρίων,</span> <span class='ocrx_word' id='word_1_785' title='bbox 3308 4736 3340 4807; x_wconf 82' lang='grc' dir='ltr'><strong>ἥ</strong></span> <span class='ocrx_word' id='word_1_786' title='bbox 3378 4738 3583 4807; x_wconf 82' lang='grc' dir='ltr'>ἐτέρων</span> <span class='ocrx_word' id='word_1_787' title='bbox 3615 4742 3759 4792; x_wconf 86' lang='grc' dir='ltr'>ἐπιει-</span> 
     </span>
    </p>
   </div>
   <div class='ocr_carea' id='block_1_111' title="bbox 2206 4815 3756 4900">
    <p class='ocr_par' dir='ltr' id='par_1_111' title="bbox 2206 4815 3756 4900">
     <span class='ocr_line' id='line_1_111' title="bbox 2206 4815 3756 4900; baseline 0.01 -35"><span class='ocrx_word' id='word_1_788' title='bbox 2206 4815 2339 4879; x_wconf 86' lang='grc' dir='ltr'>κῶς,</span> <span class='ocrx_word' id='word_1_789' title='bbox 2369 4816 2464 4867; x_wconf 73' lang='grc' dir='ltr'><strong>καὶ</strong></span> <span class='ocrx_word' id='word_1_790' title='bbox 2492 4816 2784 4871; x_wconf 72' lang='grc' dir='ltr'>σκοπείτω*</span> <span class='ocrx_word' id='word_1_791' title='bbox 2821 4818 3008 4890; x_wconf 79' lang='grc' dir='ltr'>ἄρχων</span> <span class='ocrx_word' id='word_1_792' title='bbox 3036 4821 3093 4875; x_wconf 84' lang='grc' dir='ltr'><strong>δέ</strong></span> <span class='ocrx_word' id='word_1_793' title='bbox 3123 4824 3467 4895; x_wconf 85' lang='grc' dir='ltr'>πειρώμενος</span> <span class='ocrx_word' id='word_1_794' title='bbox 3500 4830 3756 4900; x_wconf 81' lang='grc' dir='ltr'>παρεμϐα-</span> 
     </span>
    </p>
   </div>
   <div class='ocr_carea' id='block_1_112' title="bbox 2206 4908 3758 4991">
    <p class='ocr_par' dir='ltr' id='par_1_112' title="bbox 2206 4908 3758 4991">
     <span class='ocr_line' id='line_1_112' title="bbox 2206 4908 3758 4991; baseline 0.008 -32"><span class='ocrx_word' id='word_1_795' title='bbox 2206 4908 2315 4961; x_wconf 77' lang='grc' dir='ltr'>λεῖν</span> <span class='ocrx_word' id='word_1_796' title='bbox 2344 4909 2559 4977; x_wconf 80' lang='grc' dir='ltr'>ἑαυτὸν,</span> <span class='ocrx_word' id='word_1_797' title='bbox 2602 4910 2904 4982; x_wconf 85' lang='grc' dir='ltr'>διαδέχεται</span> <span class='ocrx_word' id='word_1_798' title='bbox 2947 4915 3041 4967; x_wconf 80' lang='grc' dir='ltr'>καὶ</span> <span class='ocrx_word' id='word_1_799' title='bbox 3085 4915 3379 4986; x_wconf 78' lang='grc' dir='ltr'>ζημιοῦται</span> <span class='ocrx_word' id='word_1_800' title='bbox 3422 4920 3500 4991; x_wconf 83' lang='grc' dir='ltr'>τῷ</span> <span class='ocrx_word' id='word_1_801' title='bbox 3545 4924 3704 4991; x_wconf 83' lang='grc' dir='ltr'>φίσκῳ</span> <span class='ocrx_word' id='word_1_802' title='bbox 3733 4926 3758 4971; x_wconf 90' lang='grc' dir='ltr'>ι’</span> 
     </span>
    </p>
   </div>
   <div class='ocr_carea' id='block_1_113' title="bbox 2205 5000 3756 5081">
    <p class='ocr_par' dir='ltr' id='par_1_113' title="bbox 2205 5000 3756 5081">
     <span class='ocr_line' id='line_1_113' title="bbox 2205 5000 3756 5081; baseline 0.006 -29"><span class='ocrx_word' id='word_1_803' title='bbox 2205 5000 2413 5073; x_wconf 81' lang='grc' dir='ltr'>λίτρας,</span> <span class='ocrx_word' id='word_1_804' title='bbox 2437 5003 2553 5072; x_wconf 74' lang='grc' dir='ltr'><strong>ἅμα</strong></span> <span class='ocrx_word' id='word_1_805' title='bbox 2568 5004 2631 5074; x_wconf 84' lang='grc' dir='ltr'>τῇ</span> <span class='ocrx_word' id='word_1_806' title='bbox 2650 5003 2814 5057; x_wconf 76' lang='grc' dir='ltr'>αὑτοῦ</span> <span class='ocrx_word' id='word_1_807' title='bbox 2837 5004 3007 5069; x_wconf 67' lang='grc' dir='ltr'>τάξειο</span> <span class='ocrx_word' id='word_1_808' title='bbox 3026 5007 3075 5059; x_wconf 82' lang='grc' dir='ltr'><strong>οί</strong></span> <span class='ocrx_word' id='word_1_809' title='bbox 3097 5007 3155 5061; x_wconf 84' lang='grc' dir='ltr'><strong>δὲ</strong></span> <span class='ocrx_word' id='word_1_810' title='bbox 3180 5009 3505 5064; x_wconf 77' lang='grc' dir='ltr'>ὲκϐιϐασταὶ</span> <span class='ocrx_word' id='word_1_811' title='bbox 3522 5011 3756 5081; x_wconf 84' lang='grc' dir='ltr'>ἐγκλεὶον-</span> 
     </span>
    </p>
   </div>
   <div class='ocr_carea' id='block_1_114' title="bbox 2205 5092 3754 5173">
    <p class='ocr_par' dir='ltr' id='par_1_114' title="bbox 2205 5092 3754 5173">
     <span class='ocr_line' id='line_1_114' title="bbox 2205 5092 3754 5173; baseline 0.007 -29"><span class='ocrx_word' id='word_1_812' title='bbox 2205 5109 2294 5145; x_wconf 91' lang='grc' dir='ltr'><strong>ται</strong></span> <span class='ocrx_word' id='word_1_813' title='bbox 2345 5095 2426 5156; x_wconf 83' lang='grc' dir='ltr'><strong>είς</strong></span> <span class='ocrx_word' id='word_1_814' title='bbox 2463 5092 2523 5146; x_wconf 83' lang='grc' dir='ltr'><strong>τὸ</strong></span> <span class='ocrx_word' id='word_1_815' title='bbox 2576 5094 2899 5163; x_wconf 87' lang='grc' dir='ltr'>κάγκελλον,</span> <span class='ocrx_word' id='word_1_816' title='bbox 2950 5099 3044 5150; x_wconf 79' lang='grc' dir='ltr'>καὶ</span> <span class='ocrx_word' id='word_1_817' title='bbox 3085 5102 3474 5172; x_wconf 85' lang='grc' dir='ltr'>προσηκόντως</span> <span class='ocrx_word' id='word_1_818' title='bbox 3520 5104 3754 5173; x_wconf 74' lang='grc' dir='ltr'>σωφρονί-</span> 
     </span>
    </p>
   </div>
   <div class='ocr_carea' id='block_1_115' title="bbox 2206 5186 3753 5255">
    <p class='ocr_par' dir='ltr' id='par_1_115' title="bbox 2206 5186 3753 5255">
     <span class='ocr_line' id='line_1_115' title="bbox 2206 5186 3753 5255; baseline 0.007 -15"><span class='ocrx_word' id='word_1_819' title='bbox 2206 5186 2408 5255; x_wconf 88' lang='grc' dir='ltr'>ζονται,</span> <span class='ocrx_word' id='word_1_820' title='bbox 2443 5191 2537 5244; x_wconf 71' lang='grc' dir='ltr'><strong>καὶ</strong></span> <span class='ocrx_word' id='word_1_821' title='bbox 2559 5190 2647 5245; x_wconf 80' lang='grc' dir='ltr'><strong>διὰ</strong></span> <span class='ocrx_word' id='word_1_822' title='bbox 2669 5189 2778 5246; x_wconf 85' lang='grc' dir='ltr'><strong>τῶν</strong></span> <span class='ocrx_word' id='word_1_823' title='bbox 2805 5191 3121 5251; x_wconf 89' lang='grc' dir='ltr'>ἐπισκόπων</span> <span class='ocrx_word' id='word_1_824' title='bbox 3146 5197 3448 5254; x_wconf 81' lang='grc' dir='ltr'>κωλύονται</span> <span class='ocrx_word' id='word_1_825' title='bbox 3474 5200 3566 5255; x_wconf 83' lang='grc' dir='ltr'>τοῦ</span> <span class='ocrx_word' id='word_1_826' title='bbox 3593 5198 3753 5253; x_wconf 83' lang='grc' dir='ltr'>λοιποῦ</span> 
     </span>
    </p>
   </div>
   <div class='ocr_carea' id='block_1_116' title="bbox 2205 5279 2541 5345">
    <p class='ocr_par' dir='ltr' id='par_1_116' title="bbox 2205 5279 2541 5345">
     <span class='ocr_line' id='line_1_116' title="bbox 2205 5279 2541 5345; baseline 0.015 -13"><span class='ocrx_word' id='word_1_827' title='bbox 2205 5279 2541 5345; x_wconf 83' lang='grc' dir='ltr'>ἐκϐιϐάζειν.</span> 
     </span>
    </p>
   </div>
   <div class='ocr_carea' id='block_1_117' title="bbox 2269 5624 3748 5704">
    <p class='ocr_par' dir='ltr' id='par_1_117' title="bbox 2269 5624 3748 5704">
     <span class='ocr_line' id='line_1_117' title="bbox 2269 5624 3748 5704; baseline 0.011 -27"><span class='ocrx_word' id='word_1_828' title='bbox 2269 5624 2509 5681; x_wconf 81' lang='grc' dir='ltr'>Γίνωσκε</span> <span class='ocrx_word' id='word_1_829' title='bbox 2543 5627 2600 5683; x_wconf 82' lang='grc' dir='ltr'>δὲ</span> <span class='ocrx_word' id='word_1_830' title='bbox 2620 5670 2635 5696; x_wconf 98' lang='grc'><strong>,</strong></span> <span class='ocrx_word' id='word_1_831' title='bbox 2666 5630 2749 5686; x_wconf 80' lang='grc' dir='ltr'>ὅτι</span> <span class='ocrx_word' id='word_1_832' title='bbox 2790 5633 2823 5703; x_wconf 83' lang='grc' dir='ltr'>ἠ</span> <span class='ocrx_word' id='word_1_833' title='bbox 2858 5631 2905 5704; x_wconf 84' lang='grc' dir='ltr'><strong>β’</strong></span> <span class='ocrx_word' id='word_1_834' title='bbox 2930 5633 3071 5689; x_wconf 91' lang='grc' dir='ltr'>διάτ.</span> <span class='ocrx_word' id='word_1_835' title='bbox 3120 5634 3216 5690; x_wconf 82' lang='grc' dir='ltr'>τοῦ</span> <span class='ocrx_word' id='word_1_836' title='bbox 3248 5637 3408 5692; x_wconf 83' lang='grc' dir='ltr'>αὐτοῦ</span> <span class='ocrx_word' id='word_1_837' title='bbox 3439 5646 3489 5692; x_wconf 89' lang='grc' dir='ltr'>α’</span> <span class='ocrx_word' id='word_1_838' title='bbox 3516 5644 3615 5697; x_wconf 79' lang='grc' dir='ltr'>τῐτ.</span> <span class='ocrx_word' id='word_1_839' title='bbox 3644 5636 3748 5693; x_wconf 81' lang='grc' dir='ltr'>τού-</span> 
     </span>
    </p>
   </div>
   <div class='ocr_carea' id='block_1_118' title="bbox 2197 5720 3742 5801">
    <p class='ocr_par' dir='ltr' id='par_1_118' title="bbox 2197 5720 3742 5801">
     <span class='ocr_line' id='line_1_118' title="bbox 2197 5720 3742 5801; baseline 0.011 -32"><span class='ocrx_word' id='word_1_840' title='bbox 2197 5734 2305 5770; x_wconf 86' lang='grc' dir='ltr'><strong>των</strong></span> <span class='ocrx_word' id='word_1_841' title='bbox 2336 5720 2525 5773; x_wconf 82' lang='grc' dir='ltr'>πασῶν</span> <span class='ocrx_word' id='word_1_842' title='bbox 2557 5723 2877 5794; x_wconf 80' lang='grc' dir='ltr'>ίσχυροτέρα</span> <span class='ocrx_word' id='word_1_843' title='bbox 2907 5725 3062 5791; x_wconf 79' lang='grc' dir='ltr'>οὖσα,</span> <span class='ocrx_word' id='word_1_844' title='bbox 3088 5728 3164 5792; x_wconf 87' lang='grc' dir='ltr'>ὼς</span> <span class='ocrx_word' id='word_1_845' title='bbox 3194 5730 3285 5783; x_wconf 80' lang='grc' dir='ltr'><strong>καὶ</strong></span> <span class='ocrx_word' id='word_1_846' title='bbox 3317 5732 3742 5801; x_wconf 77' lang='grc' dir='ltr'>μεταγενεστέρα,</span> 
     </span>
    </p>
   </div>
   <div class='ocr_carea' id='block_1_119' title="bbox 2199 5808 3741 5894">
    <p class='ocr_par' dir='ltr' id='par_1_119' title="bbox 2199 5808 3741 5894">
     <span class='ocr_line' id='line_1_119' title="bbox 2199 5808 3741 5894; baseline 0.01 -35"><span class='ocrx_word' id='word_1_847' title='bbox 2199 5808 2462 5879; x_wconf 66' lang='grc' dir='ltr'>φησὶν,ῧτι</span> <span class='ocrx_word' id='word_1_848' title='bbox 2488 5812 2613 5868; x_wconf 78' lang='grc' dir='ltr'><strong>Ἐάν</strong></span> <span class='ocrx_word' id='word_1_849' title='bbox 2636 5831 2720 5880; x_wconf 90' lang='grc' dir='ltr'><strong>τις</strong></span> <span class='ocrx_word' id='word_1_850' title='bbox 2750 5817 2844 5870; x_wconf 84' lang='grc' dir='ltr'>τοῦ</span> <span class='ocrx_word' id='word_1_851' title='bbox 2880 5818 3164 5889; x_wconf 85' lang='grc' dir='ltr'>μέλλοντος</span> <span class='ocrx_word' id='word_1_852' title='bbox 3197 5825 3609 5894; x_wconf 82' lang='grc' dir='ltr'>χειροτονεῖσθαι</span> <span class='ocrx_word' id='word_1_853' title='bbox 3636 5825 3741 5877; x_wconf 79' lang='grc' dir='ltr'>ἐπι-</span> 
     </span>
    </p>
   </div>
  </div>
