4012 6432
93 409 191 474 713
904 400 1302 461 SYNTAGMA
1349 398 1740 459 CANONUM.
1803 425 1873 433 —-
1920 399 2066 461 TlT.
2122 401 2227 474 1x,
2279 400 2437 462 CAP.
2473 402 2525 463 ι.
3234 406 3339 471 714

95 521 282 575 σκόπου
320 517 354 589 ἢ
385 513 650 589 κληρικοῦ
684 515 1036 586 κατηγορήσῃ
1080 514 1170 567 ἐπὶ
1197 511 1351 584 αἰτίᾳ
1375 511 1656 584 δυναμένῃ

1757 525 1881 566 cum
1913 512 2006 581 qui
2034 512 2373 569 ordinandus
2406 521 2513 579 cst,
2555 513 2623 571 de
2651 528 2817 571 causa
2851 514 3185 592 [quapiam],
3212 535 3334 593 quae

71 610 220 684 Σκατά
247 611 376 672 τοῦς
414 608 611 677 νόμους
643 607 675 679 ἢ
705 607 833 670 τοὺς
862 605 1093 668 κανόνας
1125 603 1415 675 ἐμποδίσαι
1449 605 1514 674 τῇ
1548 619 1655 673 χει-

1768 605 2073 661 secundum
2111 605 2258 677 leges
2290 615 2386 662 aut
2422 622 2663 664 canones
2712 608 3117 667 ordinationem
3166 613 3339 684 impe-

71 679 75 693 ’
94 701 328 773 ροτονίᾳ,
364 697 646 769 ἐπεχέσθω
679 696 848 767 αῦτη,
884 698 978 750 καὶ
1025 698 1054 749 6
1093 694 1302 764 μέλλων
1331 696 1655 765 χειροτονεῖν

1764 696 1882 753 dire
1916 698 2112 766 possit,
2147 706 2388 763 accuset,
2438 698 2557 768 ipsa
2606 700 2958 770 suspenditor
2988 722 3001 757 :
3036 713 3091 758 et
3116 703 3210 774 qui
3245 679 3339 760 or-

91 790 382 857 ἐξεταζέτω
412 791 510 860 τήν
544 790 743 852 αἰτίαν,
793 788 1061 860 παρόντος
1090 787 1183 841 καὶ
1216 785 1521 850 ἐπεξιόντος
1565 783 1656 838 τοῦ

1762 787 2051 845 dinaturus
2106 797 2226 843 erat
2272 796 2543 859 prasente
2587 801 2907 847 accusatore
2956 809 3023 849 ac
3069 793 3338 865 judicium

92 886 410 954 κατηγόρου,
445 882 478 953 ἢ
509 881 949 951 ἀναϐαλλομένου
999 878 1094 933 ἐπὶ
1124 882 1274 950 τρεῖς
1317 880 1491 950 μῆνας
1521 877 1662 947 πλη-

1762 889 2013 951 urgente,
2066 889 2163 935 aut
2201 881 2267 935 ad
2304 888 2413 936 tres
2465 897 2683 939 menses
2722 887 3124 941 accusationem
3165 888 3342 943 adim-

94 975 254 1045 ρῶςαι
285 974 386 1046 τὴν
424 973 783 1044 κατηγορίαν·
833 971 929 1024 καὶ
962 972 1010 1024 εί
1043 968 1141 1042 μέν
1176 969 1467 1034 ἀνεύθυνος
1496 971 1660 1040 φανῇ,

1770 972 1922 1042 plere
1953 971 2256 1037 dill'ercnte,
2280 987 2503 1028 causam
2528 975 2840 1031 examinato
2873 994 2886 1031 :
2919 975 3018 1051 [et]
3052 978 3097 1033 si
3121 978 3340 1050 quidem

94 1067 515 1139 χειροτονείσθω·
558 1067 605 1119 εί
642 1064 699 1119 δὲ
736 1063 1071 1130 ὑπεύθυνος,
1105 1061 1498 1134 ἐμποδιζέσθω·
1548 1063 1576 1115 6
1608 1060 1665 1114 δὲ

1769 1062 1907 1139 [ille]
1945 1064 2134 1120 insons
2172 1064 2508 1135 apparuerit,
2557 1066 2883 1124 ordinator:
2918 1069 2965 1125 si
3010 1087 3143 1126 vero
3190 1087 3341 1137 sons,

92 1161 391 1230 κατήγορος
435 1157 509 1229 μὴ
556 1155 843 1222 ἀποδείξας
896 1156 929 1226 ἢ
970 1151 1290 1223 ἀποφυγὼν,
1340 1151 1664 1207 ἐκϐάλλεται

1766 1151 2073 1222 impeditor.
2125 1156 2426 1210 Accusator
2482 1164 2661 1211 autem
2710 1159 2803 1228 qui
2858 1156 3341 1231 [criminationem]

92 1256 176 1324 τῆς
204 1254 474 1323 ἐπαρχίας
501 1251 559 1302 ἐν
654 1251 810 1302 οἰκεῖ·
838 1246 937 1318 τῆς
964 1247 1019 1301 δέ
1049 1245 1380 1317 χειροτονίας
1405 1244 1511 1316 πρὸ
1571 1244 1665 1309 ἐξ·

1767 1260 1874 1299 non
1903 1247 2214 1314 probaverit
2260 1256 2357 1301 aut
2404 1246 2728 1317 deseruerit,
2789 1250 3006 1320 ejicitur
3062 1253 3342 1320 provincia

96 1344 324 1405 ετὰσεως
357 1341 649 1412 γενομένης
672 1382 687 1404 ,
722 1339 750 1392 6
786 1338 886 1409 μὲν
907 1337 1307 1409 χειροτονηθεὶς
1350 1335 1663 1402 ἐξωθεῖται·

1767 1336 1821 1389 in
1854 1348 1961 1405 qua
1984 1336 2218 1391 habitat.
2253 1338 2410 1404 Quod
2447 1339 2492 1395 si
2518 1339 2795 1396 ordinatio
2824 1351 2949 1396 ante
2982 1343 3342 1397 examinatio-

95 1438 119 1488 6
143 1434 195 1487 δὲ
219 1432 632 1504 χειροτονήσας,
663 1431 758 1483 ἐπί
792 1427 1036 1483 ἐνιαυτὸν
1060 1427 1160 1496 τῆς
1185 1424 1529 1496 λειτουργίας
1560 1442 1667 1494 χω-

1768 1442 1891 1482 nem
1919 1429 2029 1492 liat,
2060 1429 2343 1487 ordinatus
2371 1428 2729 1505 [sacerdotio]
2749 1433 3070 1504 expellitur:
3095 1434 3189 1505 qui
3220 1451 3346 1490 vero

97 1526 335 1597 ρίζεται,
382 1522 476 1576 καὶ
516 1523 666 1575 πᾶσα
715 1521 749 1591 ή
795 1519 951 1573 οὐσία
999 1517 1164 1572 αὐτοῦ
1216 1520 1282 1589 τῇ
1335 1518 1456 1571 κατ’
1506 1517 1668 1571 αὑτὸν

1769 1518 2064 1582 ordinavit,
2101 1519 2167 1572 ad
2203 1534 2409 1574 annum
2445 1536 2475 1576 a
2515 1520 2822 1577 ministerio
2864 1531 3102 1588 arcetur,
3137 1524 3346 1578 omnis-

107 1616 399 1687 Ἐκκλησία
438 1613 865 1685 προσκυροῦται·
907 1608 977 1664 τὰ
1019 1608 1159 1665 αύτά
1206 1624 1340 1680 φησι
1388 1609 1481 1662 καὶ
1516 1610 1549 1679 ή
1601 1605 1667 1671 ιζ’

1770 1623 1881 1677 que
1947 1608 2067 1679 ejus
2122 1610 2432 1666 substantia
2493 1611 2671 1682 ipsius
2726 1614 2969 1669 ecclesiae
3024 1615 3346 1685 applicatur.

95 1710 221 1764 διάτ.
248 1707 348 1762 τοῦ
380 1704 546 1761 αὐτοῦ
584 1706 690 1760 τίτ.
734 1705 796 1758 ού
841 1703 1002 1774 μόνον
1045 1702 1138 1756 ἐπ’(¹
1174 1700 1515 1772 χειροτονίας
1544 1702 1665 1753 ἐπι-

1770 1697 1976 1753 Eadem
2029 1717 2253 1772 quoque
2305 1704 2439 1758 dicit
2494 1713 2676 1761 const.
2727 1704 2795 1758 l7
2848 1706 3096 1776 ejusdem
3139 1707 3221 1760 tit.
3276 1705 3352 1778 [et

96 1803 307 1857 σκόπων
329 1802 425 1857 καὶ
453 1798 750 1870 κληρικῶν,
776 1794 915 1850 ἀλλὰ
938 1795 1031 1848 καλ⁸
1055 1794 1395 1865 ἡγουμένων·
1421 1792 1670 1847 διαλλάτ-

1774 1789 2021 1862 quidem]
2059 1808 2167 1847 non
2198 1794 2376 1848 solum
2415 1794 2483 1850 de
2512 1796 3115 1867 ordinationeepiscopi
3152 1808 3207 1853 et
3243 1799 3352 1853 cle-

95 1912 166 1947 τει
196 1894 252 1947 δὲ
294 1860 671 1961 λέγουσαξῦτι,
709 1860 766 1941 ’ὸ
790 1860 1209 1956 κατήγοροςήμήτ
1230 1881 1519 1947 ἀποδείξας
1552 1881 1667 1936 ἀλλ’

1774 1882 1896 1948 rici,
1926 1898 2118 1937 verum
2165 1885 2329 1939 etiam
2370 1887 2619 1955 praesulis
2649 1889 2989 1944 monasterii.
3028 1889 3215 1944 Variat
3260 1906 3351 1944 au-

97 1986 351 2050 ἁποστὰς,
374 1985 423 2037 εί
446 1983 544 2053 μὲν
561 1978 820 2051 κληρικός
843 1979 1015 2040 ἐστιν,
1037 1974 1319 2039 ἐξωθεῖται
1340 1971 1435 2026 τοῦ
1459 1972 1669 2044 βαθμοῦ

1778 1983 1885 2028 tem
1914 1974 2124 2042 dicens,
2156 1976 2302 2046 quod
2329 1986 2617 2033 accusator
2659 1979 2753 2048 qui
2786 1977 3041 2051 [crimen]
3075 1995 3182 2035 non
3213 1994 3345 2051 pro-

98 2076 275 2130 αὑτοῦ·
298 2076 346 2128 εί
371 2074 429 2128 δέ
458 2071 665 2137 λαῖκὸς,
702 2068 1120 2141 σωφρονίζεται·
1154 2066 1248 2120 καὶ
1276 2067 1358 2119 ὅτι
1380 2064 1672 2134 γινομένης

1776 2063 2005 2130 baverlt,
2041 2065 2137 2120 sed
2178 2067 2468 2133 destiterit,
2519 2070 2566 2125 si
2617 2069 2849 2125 clericus
2883 2070 2975 2135 sit,
3029 2086 3131 2125 suo
3181 2070 3354 2143 gradu

98 2168 186 2238 τῆς
208 2170 555 2237 χειροτονίας
591 2161 699 2231 πρὸ
720 2159 1069 2232 ζητήσεως,ὁ
1096 2156 1481 2228 χειροτονήσας
1510 2154 1605 2208 καὶ
1644 2157 1673 2208 6

1776 2154 2081 2223 depellatur
2115 2157 2204 2211 :si
2235 2157 2432 2225 laicus,
2463 2159 2780 2229 castigetur.
2812 2158 2877 2215 Et
2912 2161 3081 2231 quod,
3116 2163 3163 2217 si
3206 2162 3356 2218 ordi-

99 2255 486 2331 χειροτονηθεὶς
510 2255 606 2325 τῆς
641 2251 939 2323 ἱερωσύνης
972 2248 1321 2314 ἐξωθοῦνται.
1342 2246 1408 2299 Ἡ
1434 2244 1491 2297 δέ
1533 2245 1672 2313 αὑτὴ

1776 2246 1928 2300 natio
1981 2254 2110 2301 ante
2147 2246 2556 2318 inquisitionem
2593 2249 2706 2319 ﬁat,
2755 2259 2868 2305 tam
2924 2254 3019 2323 qui
3058 2254 3352 2320 ordinavit,

99 2349 227 2405 διάτ.
250 2346 346 2402 τοῦ
382 2347 427 2402 α“
455 2346 562 2399 τίτ.
583 2342 691 2397 τῶν
711 2341 938 2411 Νεαρῶν
954 2355 1139 2410 φησιν,
1159 2338 1263 2401 ὅτι,
1281 2336 1338 2390 '0
1359 2334 1497 2407 ἔχων
1518 2335 1674 2405 δίκην

1778 2353 1944 2407 quam
2001 2341 2094 2408 qui
2149 2341 2434 2399 ordinatus
2494 2356 2620 2415 est,
2673 2346 2980 2403 sacerdotio
3030 2347 3355 2417 depellatur.

103 2441 230 2513 πρὸς
266 2436 547 2510 κληρικὸν,
577 2436 612 2509 ἢ
658 2434 1029 2495 διακόνισσαν,
1073 2430 1108 2501 ἢ
1145 2428 1400 2505 μοναχὸν,
1431 2428 1465 2500 ἢ
1512 2426 1675 2497 μονά-

1779 2425 1983 2482 Eadem
2017 2437 2196 2485 const.
2245 2430 2322 2495 Ξ,
2375 2432 2458 2486 tit.
2519 2434 2546 2488 l
2593 2433 2945 2490 Novellarum
2999 2436 3133 2490 dicit
3179 2453 3191 2489 :
3254 2434 3358 2502 Qui

105 2546 305 2603 στριαν,
345 2529 380 2600 ἢ
415 2529 737 2599 ἀσκήτριαν,
770 2522 849 2596 τῷ
882 2520 1168 2591 ἐπισκόπῳ
1204 2517 1368 2572 αὑτοῦ
1407 2517 1671 2588 προσίτω,

1778 2527 1967 2572 contra
2009 2518 2294 2587 clericum,
2332 2521 2417 2576 vel
2459 2522 2849 2591 diaconissam,
2881 2526 2967 2581 vel
3004 2525 3357 2593 monachum,

104 2624 343 2683 κάκεῖνος
373 2618 628 2692 κρινέτω·
662 2618 757 2670 καὶ
793 2614 889 2669 ἐὰν
914 2610 1253 2683 ἐφησυχάση
1274 2610 1439 2681 μέρος
1480 2609 1673 2662 ἑκάτε-

1777 2609 1865 2665 vel
1912 2612 2292 2680 monastriam,
2342 2614 2425 2670 vel
2481 2616 2793 2682 aseetriam,
2864 2616 3133 2673 actionem
3176 2617 3356 2683 habet,

109 2732 209 2785 ρον,
240 2715 271 2767 6
303 2710 636 2782 ἐκδιδασμδς
668 2707 757 2763 διὰ
804 2706 897 2762 τοῦ
931 2705 1193 2778 ἄρχοντος
1227 2702 1483 2772 γινέσθω.
1526 2703 1588 2755 Et
1617 2702 1675 2756 δέ

1781 2699 2001 2757 illorum
2031 2704 2346 2774 episcopum
2384 2705 2532 2761 adito
2569 2726 2582 2761 :
2616 2717 2781 2778 atque
2825 2708 2872 2763 is
2900 2708 3144 2778 judicato
3173 2725 3191 2765 :
3222 2719 3276 2764 et
3312 2711 3359 2765 si

106 2826 181 2871 τις
206 2805 314 2859 τῶν
341 2801 710 2873 δικαζομένων
748 2798 879 2853 εῐσω
901 2796 1034 2851 δέκα
1068 2792 1296 2867 ἡμερῶν
1331 2793 1575 2849 ἀντείποι
1601 2832 1615 2857 ,
1647 2794 1676 2846 6

1782 2802 2011 2863 utraque
2046 2810 2175 2864 pars
2223 2796 2579 2866 acquieverit,
2611 2799 2891 2854 exsecutio
2929 2814 3025 2868 per
3072 2799 3361 2870 magistra-

107 2897 205 2952 τῶν
229 2898 413 2951 τόπων
440 2894 623 2966 ἄρχων
650 2889 950 2956 ἐξεταζέτω
978 2887 1042 2941 τὸ
1089 2889 1322 2959 πρᾶγμα
1340 2928 1355 2951 ,
1388 2884 1484 2939 καὶ
1522 2883 1556 2955 ἢ
1589 2883 1679 2954 βε-

1782 2891 1898 2937 tum
1938 2884 2234 2954 peragitor.
2280 2884 2440 2952 Quod
2475 2888 2522 2943 si
2552 2889 2677 2958 quis
2723 2889 3059 2959 litigatorum
3094 2891 3234 2945 intra
3268 2889 3360 2946 de-

111 2989 332 3043 ὁαιούτω
357 2988 457 3058 τὴν
488 2985 666 3056 ψῆφον
703 2982 799 3037 καὶ
842 2977 1214 3045 ἐκϐιὸαξέτω,
1259 2978 1337 3050 μὴ
1375 2976 1678 3048 δυναμένου

1784 2986 1900 3027 cem
1927 2974 2044 3030 dies
2072 2975 2381 3049 [judicatis]
2407 2980 2764 3047 contradicat,
2806 2980 3051 3037 locorum
3082 2982 3366 3053 magistra-

111 3080 194 3135 τοῦ
235 3077 487 3145 δεύτερον
531 3074 621 3129 ἐπὶ
661 3071 838 3145 τούτῳ
881 3070 1238 3143 ἡττηθέντος,
1291 3067 1676 3122 ἐκκαλεῖσθαι·

1785 3076 1873 3121 tus
1913 3069 2195 3138 negotium
2240 3073 2557 3128 examinato
2607 3091 2620 3127 :
2678 3082 2733 3128 et
2780 3072 2851 3145 [si
2893 3074 3364 3145 rectejudicatum

113 3172 358 3234 ἐναντίως
385 3169 443 3223 δέ
465 3167 541 3240 τῷ
568 3166 853 3236 ἐπισκόπῳ
878 3162 974 3216 τοῦ
998 3159 1678 3271 ἄρχοντοκςεψηφιζομένουὶ,

1785 3174 1911 3215 esse
1934 3159 2132 3233 videat]
2161 3202 2176 3228 ,
2209 3165 2534 3219 sententiam
2560 3165 2883 3221 conﬁrmato
2912 3175 2966 3222 et
2996 3167 3315 3237 exsequitor
3348 3183 3362 3221 :

1787 3251 2146 3271 -.-βψς
2545 3257 2556 3270 .
2648 3257 2663 3271 .
2822 3258 2886 3271 .-
3011 3256 3034 3271 ..
3134 3258 3168 3271 .-
3230 3256 3249 3271 τ

112 3269 142 3334 ή
168 3264 259 3319 τοῦ
288 3263 549 3335 ἄρχοντος
575 3258 757 3328 ψῆφος
787 3254 1072 3309 ὑπόκειται
1118 3251 1390 3321 ἐκκλήτῳ,
1421 3250 1515 3304 καὶ
1542 3249 1681 3304 κατὰ

1786 3251 1947 3323 243
1978 3269 2154 3324 neque
2182 3254 2276 3324 qui
2306 3255 2505 3311 iterum
2542 3257 2599 3315 in
2648 3257 2755 3313 hoc
2784 3258 2962 3313 victus
3007 3256 3195 3324 l‘ucrit,
3229 3256 3365 3330 [am-

114 3350 197 3404 τδν
224 3349 385 3419 νόμον
432 3346 760 3416 ἀναφέρεται
806 3342 902 3396 καὶ
945 3340 1282 3408 ἐξετάζεται·
1333 3340 1428 3393 ἐὰν
1470 3338 1528 3392 δέ
1574 3338 1683 3393 ἀπὸ

1786 3345 1953 3417 plius]
1984 3348 2314 3415 provocandi
2362 3359 2688 3420 potestatem
2722 3350 2943 3407 habeto.
2995 3349 3053 3407 Si
3084 3366 3216 3408 vero
3250 3366 3370 3407 ma-

116 3440 408 3504 κελεύσεως
473 3436 509 3508 ἦ
558 3433 908 3506 προστάξεως
958 3432 1155 3502 δικάσῃ
1200 3433 1231 3486 6
1280 3431 1614 3497 ἐπίσκοπος,
1647 3433 1682 3504 ή

1786 3438 2047 3507 gisu‘atus
2079 3441 2359 3496 contrario
2389 3443 2572 3510 modo,
2608 3452 2773 3513 atque
2806 3444 3120 3514 episcopus,
3141 3444 3367 3515 judicet,

118 3534 368 3604 ἐκκλητος
398 3530 497 3602 τὴν
527 3528 707 3599 ψῆφον
743 3521 910 3581 αὑτοῦ
961 3523 1055 3577 ἐπὶ
1086 3524 1178 3577 τὸν
1228 3523 1684 3596 παραπέμψαντα

1787 3529 2141 3599 magistratus
2185 3534 2455 3588 sententia
2502 3534 2879 3604 provocationi
2925 3536 3163 3592 obnoxia
3194 3544 3356 3591 esto.

118 3626 209 3695 τὴν
236 3624 490 3678 ὑπόθεσιν
516 3621 797 3690 ἀναφέρει.

1786 3629 1951 3691 atque
2004 3625 2309 3681 secundum
2356 3627 2530 3697 legem
2576 3626 2844 3693 refertor,
2902 3636 2957 3683 et
3007 3630 3368 3693 examinator,

121 3717 279 3772 Plane
304 3716 347 3771 si
376 3731 439 3770 ex
463 3713 713 3786 jussione
739 3718 834 3766 aut
858 3707 1116 3765 mandato
1137 3708 1429 3781 episcopus
1485 3707 1714 3780 judicet,
1754 3717 2071 3782 provocatio
2140 3719 2467 3774 sententiam
2498 3720 2618 3791 ejus
2653 3719 2721 3775 ad
2764 3735 2890 3776 eum
2919 3720 3014 3791 qui
3058 3731 3375 3778 controver-

119 3809 255 3866 siam
286 3807 570 3879 delegavit,
610 3803 828 3859 referto.

194 3901 320 3955 Ἐὰν
343 3901 595 3971 ἔγκλημα
621 3897 835 3968 κινῆται
866 3895 1010 3951 κατά
1040 3913 1185 3961 τινος
1214 3895 1325 3949 τῶν
1354 3897 1473 3968 είρη
1484 3896 1686 3967 μένων,

1866 3896 1984 3972 [At]
2033 3899 2077 3954 si
2115 3899 2321 3956 crimen
2369 3909 2562 3957 contra
2603 3902 2873 3959 dictorum
2906 3904 3214 3976 quempiam
3261 3921 3379 3965 mo-

125 3993 169 4045 εἱ
202 3992 294 4062 μὲν
336 3989 485 4062 παρὰ
524 3987 807 4058 ἐπισκόπῳ
832 3987 928 4041 καὶ
970 3984 1120 4058 εὖροι
1150 3986 1247 4059 τὴν
1279 3986 1561 4057 ἀλήθειαν,
1598 3988 1691 4040 ἐκ-

1794 4000 2003 4059 veatur,
2034 3992 2081 4047 si
2123 3991 2342 4063 quidem
2380 3992 2525 4065 apud
2579 3995 2938 4066 episcopum,
2982 3994 3191 4069 [is]que
3240 4001 3378 4053 veri-

126 4088 356 4143 suum
381 4088 545 4143 αὐτὸν
567 4085 662 4140 τοῦ
687 4082 920 4157 βαθμοῦ·
951 4085 1045 4139 καὶ
1066 4085 1370 4154 τηνικαῦτα
1394 4086 1422 4138 6
1452 4086 1693 4156 πρόσφοο

1795 4092 1963 4139 tatem
2003 4084 2396 4155 deprehendat,
2427 4088 2598 4159 gradu
2632 4087 2817 4159 ipsum
2844 4088 3066 4159 dejicito
3103 4107 3118 4145 :
3150 4105 3214 4145 ac
3248 4099 3378 4147 tunc

130 4197 223 4249 ρος
249 4180 493 4249 δικαστὴς
516 4176 679 4232 αὑτὸν
706 4175 1001 4247 συνεχέτω,
1026 4175 1118 4229 καὶ
1144 4174 1242 4246 τὴν
1260 4174 1417 4245 δίκην
1447 4176 1695 4247 νομίμως

1798 4184 2116 4245 competens
2143 4176 2314 4246 judex
2349 4169 2473 4233 eum
2522 4179 2988 4249 comprehendito,
3038 4188 3093 4234 et
3138 4178 3377 4251 legitime

132 4270 401 4337 ἐξετάζων,
432 4267 723 4323 ἐπι-τιθέτω
746 4267 882 4338 αὐτῇ
911 4265 1105 4337 πέρας·
1136 4268 1189 4321 εί
1208 4265 1266 4318 δὲ
1295 4264 1512 4334 πρῶτον
1541 4267 1694 4338 παρά

1799 4281 2023 4322 causam
2076 4269 2398 4325 examinans
2449 4270 2530 4325 illi
2581 4271 2744 4325 linem
2803 4271 3088 4341 imponito.
3145 4270 3201 4326 Si
3250 4287 3377 4327 vero

131 4362 208 4431 τῷ
231 4362 439 4432 ἄρχοντι
484 4360 681 4430 κινηθῇ
724 4359 821 4411 καὶ
860 4354 1184 4427 ἀποδειχθῇ,
1234 4355 1585 4427 φανερούσθω
1624 4358 1694 4410 τὰ

1803 4360 2040 4427 primum
2077 4361 2221 4430 apud
2259 4360 2522 4434 [civilem]
2551 4363 2927 4431 magistratum
2963 4361 3216 4435 [crimen]
3254 4380 3376 4419 mo-

136 4452 483 4522 ύπομνήματα
510 4450 591 4522 τῷ
619 4449 923 4519 ἐπισκόπῳ·
956 4448 1050 4500 καὶ
1078 4448 1126 4500 εἰ
1157 4446 1217 4511 ἐξ
1243 4446 1424 4500 αὐτῶν
1458 4442 1611 4517 εὖροι
1639 4446 1700 4499 τὸ

1892 4464 1922 4502 n
1957 4461 2120 4519 atque
2158 4452 2571 4522 comprobatum
2602 4452 2789 4517 fuerit,
2838 4453 3094 4524 episcopo
3127 4466 3377 4511 actorum
3458 4488 3476 4505 υ

137 4544 528 4615 πλημμέλημα,
572 4540 851 4612 χωριζέτω
884 4538 1045 4593 αὑτὸν
1076 4538 1171 4591 τοῦ
1223 4537 1435 4609 βαθμοῦ
1461 4579 1476 4605 ,
1527 4538 1623 4592 καὶ
1669 4540 1698 4591 6

1804 4549 2150 4596 monumenta
2184 4543 2550 4598 exhibentor:
2603 4544 2697 4613 qui
2742 4544 2790 4598 si
2835 4559 2923 4599 ex
2953 4545 3062 4600 illis
3115 4524 3376 4603 delictum

142 4635 381 4707 δικαστής
425 4632 735 4706 ἐπιφερέτω
771 4630 920 4701 αὐτῷ
952 4631 1181 4701 νόμιμον
1225 4630 1539 4700 ἐκδίκησιν·
1567 4631 1616 4684 εί
1644 4630 1701 4684 δέ

1804 4629 2196 4699 deprehendat,
2237 4646 2389 4686 reum
2424 4648 2455 4687 a
2484 4633 2655 4704 gradu
2689 4643 2965 4703 separato,
3008 4651 3072 4691 ac
3100 4637 3177 4691 illi
3216 4638 3378 4706 iudex

141 4743 201 4794 γε
230 4726 297 4798 μή
323 4726 535 4797 νομίσοι
566 4726 595 4777 6
624 4723 943 4788 ἐπίσκοπος,
978 4721 1054 4792 μὴ
1083 4720 1308 4783 δικαίως
1340 4719 1602 4791 συστῆναι
1632 4720 1703 4775 τά

1803 4717 2101 4789 legitimam
2152 4719 2447 4776 vindictam
2483 4720 2703 4777 inferto.
2746 4722 2946 4779 Verum
2990 4725 3038 4781 si
3086 4727 3376 4798 episcopus

143 4820 488 4889 πεπραγμένα
510 4856 527 4884 ,
556 4814 790 4886 γινέσθω
827 4814 856 4866 6
902 4812 1306 4883 κατηγορηθεὶς
1336 4810 1442 4865 ὑπὸ
1469 4813 1702 4884 νόμιμον

1804 4811 2079 4880 putaverit
2129 4821 2249 4866 acta
2308 4827 2420 4867 non
2468 4813 2619 4883 juste
2677 4816 3008 4881 constitisse,
3063 4828 3376 4883 accusatus,

144 4911 441 4978 ἀσφάλειαν,
466 4910 545 4982 μὴ
569 4905 941 4976 ἐξωθούμενος
962 4905 1056 4959 τοῦ
1083 4904 1213 4958 ίδίου
1241 4902 1472 4975 βαθμοῦ,
1503 4904 1609 4969 ἕως
1636 4904 1703 4959 ἂν

1803 4901 1977 4957 donec
2000 4901 2353 4971 imperatoria
2399 4903 2661 4972 majestas
2690 4905 2759 4959 ab
2804 4906 3066 4977 episcopo
3095 4916 3150 4961 et
3192 4908 3379 4977 judice

146 5001 179 5070 ή
206 5001 432 5071 βασιλεία
459 5003 563 5073 τῆς
587 5002 898 5065 ὑποθέσεως
928 5000 986 5053 ἐν
1013 4998 1217 5069 εἰδήσει
1248 4996 1338 5051 διὰ
1364 4997 1460 5050 τοῦ
1482 4997 1705 5050 ἐπισκό-

1803 4994 1871 5050 de
1901 5009 2065 5050 causa
2096 4994 2297 5050 certior
2329 4994 2494 5059 facta,
2523 4996 2671 5066 quod
2713 4997 2923 5066 justum
2955 4997 3061 5067 ipsi
3087 4998 3378 5063 videbitur,

146 5110 240 5146 που
266 5095 355 5148 καὶ
393 5095 488 5149 τοῦ
520 5095 784 5166 ἄρχοντος
816 5090 1075 5162 γινομένη
1095 5130 1110 5154 ,
1147 5087 1383 5162 κελεύσῃ
1419 5087 1481 5140 τὸ
1512 5088 1701 5157 φαινό-

1801 5088 1992 5157 jubeat
2027 5107 2040 5143 :
2102 5103 2131 5142 a
2165 5102 2269 5143 suo
2301 5089 2474 5160 gradu
2509 5103 2619 5143 non
2658 5090 2942 5159 depulsus,
2998 5091 3100 5146 sub
3140 5091 3382 5162 legitima

150 5203 291 5254 μενον
321 5189 479 5259 αὐτῇ·
518 5188 614 5241 ἐάν
641 5188 671 5239 6
708 5186 1007 5247 ἐπίσκοπος
1058 5180 1419 5252 ὑπερτίθηται
1463 5179 1558 5232 ἐπὶ
1589 5181 1703 5243 τοῖς

1805 5179 2160 5249 lidejussione
2182 5181 2551 5239 constituitor.
2577 5180 2859 5255 [Proinde]
2888 5182 2934 5237 si
2967 5182 3020 5237 in
3049 5183 3380 5252 pecuniariis

148 5280 483 5347 χρηματικοῖς
502 5277 745 5344 δικάσαι,
768 5277 953 5333 ἄδειαν
979 5276 1094 5347 ἔχει
1123 5277 1152 5328 6
1175 5276 1387 5345 ἐνάγων
1418 5277 1705 5347 προσιέναι

1803 5271 2028 5341 judiciis
2054 5270 2347 5343 [judicare]
2366 5273 2654 5342 cpiscopus
2680 5272 2914 5335 differat,
2942 5281 3095 5327 actor
3120 5270 3382 5344 [civilem]

146 5365 217 5434 τῷ
238 5367 465 5438 ἄρχοντι·
497 5371 525 5423 6
549 5368 607 5422 δὲ
633 5367 899 5432 αἰτιαθεὶς
927 5369 989 5422 οὐ
1020 5368 1237 5422 δίδωσιν
1262 5367 1560 5437 ἐγγυητὴν,
1588 5366 1703 5421 ἀλλ’

1809 5363 2189 5431 magistratum
2225 5364 2460 5420 adeundi
2506 5363 2819 5419 liacultatcm
2851 5363 3088 5430 habeto;
3125 5380 3252 5419 reus
3287 5379 3386 5419 au-

147 5456 413 5528 ὀμολογίαν
439 5461 587 5511 ποιεῖ
606 5457 941 5529 ἐνυπόθηκον
963 5458 1091 5512 ἀνευ
1117 5458 1303 5529 ὅρκου·
1336 5459 1430 5511 ἐπὶ
1465 5456 1564 5526 μὲν
1593 5459 1706 5520 τοῖς

1808 5462 1916 5509 tem
1949 5455 2325 5525 lidejussorem
2349 5470 2458 5512 non
2487 5457 2636 5521 dato,
2662 5456 2755 5511 sed
2785 5455 2995 5524 absque
3028 5454 3387 5525 jurejurando

150 5547 573 5620 ἐγκληματικοῖς,
607 5550 713 5604 ὑπὸ
743 5551 843 5617 τήν
875 5551 1105 5621 νόμιμον
1149 5550 1448 5621 ἀσφάλειαν
1486 5550 1547 5603 τὸ
1573 5567 1706 5603 κατ-

1809 5548 2215 5618 pignoratitiam
2269 5548 2580 5602 cantionem
2636 5546 2824 5601 facito.
2889 5545 2948 5599 ln
3012 5544 3387 5599 criminalibus

148 5639 491 5709 ηγορούμενον
521 5640 815 5711 πρόσωπον
857 5641 1088 5710 γίνεται·
1138 5642 1233 5695 ἐπὶ
1268 5642 1324 5695 δέ
1372 5644 1485 5704 τοῖς
1509 5641 1707 5712 ἐκκλη-

1810 5653 1943 5695 vero
1976 5637 2079 5693 sub
2105 5637 2348 5709 legitima
2379 5638 2639 5693 cautione
2670 5649 2905 5705 persona
2927 5649 3050 5705 qua“:
3072 5644 3386 5697 accusatur,

155 5732 449 5796 σιαστικοῖς,
487 5731 516 5784 6
560 5730 859 5794 ἐπίσκοπος
886 5731 1029 5786 κατά
1060 5733 1186 5797 τοὺς
1227 5732 1458 5795 κανόνας
1493 5732 1706 5796 σκοπεῖ,

1808 5726 2177 5784 constituitor.
2225 5723 2284 5780 ln
2320 5724 2706 5795 ecclesiasticis
2728 5733 2908 5780 autem
2960 5723 3249 5793 episcOpus
3289 5721 3389 5792 [ci-

153 5817 234 5871 τοῦ
260 5821 503 5893 ἄρχοντος
530 5824 799 5894 μηδεμίαν
824 5823 1037 5895 ἔχοντος
1068 5823 1380 5896 μετουσίαν.

1811 5819 1927 5892 vili]
1952 5820 2273 5892 magistratu
2301 5819 2508 5876 nullam
2541 5818 2980 5876 communionem
3002 5815 3261 5879 habente,
3294 5828 3383 5870 sc-

412 5917 687 5978 Pnnon.
743 5914 861 5977 Gn.
910 5912 1070 5979 CIV.
2914 5908 2991 5968 23
