4012 6452
671 460 774 525 715

1865 457 2124 519 ΡΙΙΟΊῚΙ
2168 456 2362 516 ΡΑΤῘὶ
2375 455 2670 516 ῐΑΙῖΟΗᾹΞ
2695 455 2804 518 CP.
3774 468 3849 532 πθ

667 573 909 630 cundum
929 583 1169 627 canones
1199 566 1516 638 dijudicato.
1548 565 1798 637 Episcopi
1823 568 2068 638 ejusdem
2117 582 2216 638 syn

2426 563 2749 620 Ἐπίσκοποι
2768 567 2865 638 τῆς
2891 541 3058 634 α’ὑτῆς
3083 567 3302 621 συνόδου
3326 566 3459 638 πρὸς
3495 568 3725 640 ἀλλήλους
3745 578 3855 645 ἔχων.
3954 577 3955 590 ‘

666 666 756 721 odi
788 667 929 720 inter
957 678 1017 718 se
1048 661 1368 735 [actionem]
1415 660 1680 716 habentes
1703 698 1718 723 ,
1756 661 1898 730 apud
1935 659 2249 728 metropoli-

669 769 857 813 tanum
901 771 1062 813 suum
1109 762 1163 810 et
1214 754 1352 808 alios
1407 753 1652 824 ejusdem
1709 752 1902 824 synodi
1955 751 2246 821 episcenos

668 851 916 920 litiganto
949 857 1044 902 :et
1068 848 1173 902 nisi
1205 855 1434 916 utraque
1459 861 1585 914 pars
1619 841 1925 917 [judicalis]
1970 841 2134 914 244
2163 839 2248 895 in-

667 939 848 1004 sistat,
898 938 1141 1007 ipsorum
1192 936 1503 1006 patriarcha
1558 931 1828 1008 [causam]
1882 933 2244 1002 cognoscito:

668 1043 732 1084 ac
770 1026 908 1082 nulli
942 1025 1347 1081 contradicendi
1381 1025 1488 1079 illis
1523 1040 1645 1094 qum
1689 1024 1758 1078 ab
1783 1024 1876 1077 illo
1908 1031 2244 1084 statuuntur,

666 1126 908 1189 potestas
930 1126 1067 1173 esto.
1090 1115 1147 1171 Si
1178 1116 1412 1172 clericus
1446 1115 1709 1170 adversus
1743 1115 2060 1184 episcopum
2083 1129 2244 1170 suum

665 1210 937 1265 actionem
959 1223 1180 1264 movere
1206 1207 1358 1273 velit,
1394 1208 1534 1262 idem
1567 1216 1706 1262 esto.
1733 1205 1870 1261 Cum
1897 1215 2076 1260 autem
2112 1220 2244 1260 con-

666 1313 746 1357 tra
802 1301 1282 1371 metropolitanum
1341 1298 1710 1370 interpellatio
1764 1297 2098 1361 instituitur,
2151 1311 2245 1366 pa-

665 1393 902 1449 triarcha
940 1393 1111 1463 ipsius
1151 1391 1402 1446 similiter
1447 1391 1789 1461 cognoscito.
1828 1388 2132 1459 Episcopus
2177 1389 2244 1441 li-

662 1486 840 1556 tigans
875 1500 1051 1555 neque
1084 1484 1466 1553 lidejussiones
1517 1483 1666 1549 dato,
1718 1496 1897 1551 neque
1936 1481 2240 1535 confessio-

660 1593 784 1631 nem
826 1576 1009 1631 facito.
1040 1575 1366 1637 (Eeonomi,
1410 1574 1820 1645 ptochotrophi,
1847 1572 2151 1628 nosocomi.
2190 1581 2242 1626 et

659 1668 866 1724 similes
892 1683 991 1722 suo
1036 1667 1295 1737 episcopo
1338 1666 1653 1723 subsunto:
1701 1675 1756 1722 et
1789 1666 1936 1736 quod
1970 1665 2119 1734 ipsos
2155 1665 2242 1719 de-

658 1759 789 1814 bere
821 1758 1077 1828 patuerit,
1111 1757 1449 1826 exiguntor:
1496 1772 1673 1826 neque
1722 1766 1850 1810 ante
1895 1757 2239 1810 exactionem

657 1849 731 1906 ad
782 1850 929 1904 aliud
979 1849 1246 1919 judicium
1281 1848 1571 1904 recedendi
1605 1856 1932 1919 potestatem
1979 1847 2235 1902 habento.

655 1941 729 1994 At
756 1940 801 1995 si
833 1950 952 2010 post
988 1938 1328 1994 exactionem
1359 1938 1563 2008 injuria
1607 1953 1667 1993 se
1713 1915 1940 1992 allectos
1968 1951 2090 1992 esse
2118 1936 2233 1989 exi-

655 2025 1016 2088 stim’averint,
1052 2025 1098 2081 si
1127 2025 1346 2096 quidem
1379 2025 1674 2096 episcopus
1699 2025 1990 2095 judicavit,
2021 2033 2232 2078 metro-

650 2116 930 2187 .politanus
965 2114 1128 2188 [rem]
1170 2117 1534 2181 examinatozz
1587 2116 1636 2171 si
1684 2131 1814 2172 vero
1864 2114 2236 2186 metropolita-

649 2224 790 2273 -nus,
833 2209 1144 2278 patriarcha
1193 2209 1533 2280 cognoscito.
1574 2207 1730 2275 Quod
1782 2209 1828 2264 si
1879 2209 2002 2278 quis
2041 2206 2236 2278 praedi-

643 2308 871 2354 :ctorum
916 2309 1041 2355 ante
1071 2301 1348 2356 rationum
1381 2299 1778 2357 coniectionem
1805 2309 1859 2355 et
1885 2300 2230 2354 exactionem

643 2399 902 2446 mortuus
933 2389 1115 2457 fuerit,
1145 2389 1388 2446 haeredes
1427 2390 1547 2460 ejus
1576 2390 1795 2445 obnoxii
1831 2396 2012 2444 sunto.

723 2483 938 2540 Textus.
971 2481 1232 2538 Similiter
1258 2483 1349 2537 lib.
1381 2498 1418 2548 ι,
1451 2490 1629 2538 const.
1654 2482 1743 2545 4i,
1764 2496 1886 2552 quae
1915 2481 1992 2534 ait
2031 2498 2044 2534 :
2077 2479 2233 2548 Quod

650 2589 978 2646 unoquoque
1017 2588 1162 2629 anno
1204 2585 1522 2628 tecononnus
1573 2572 1838 2626 rationem
1883 2569 2233 2624 administra-

650 2668 818 2724 tionis
847 2683 960 2724 sua:
993 2667 1180 2722 reddat
1218 2666 1498 2735 episcopo.
1530 2662 1762 2720 Constit.
1793 2679 1922 2717 vero
1946 2663 2035 2729 24,
2068 2665 2150 2716 tit.
2177 2663 2232 2726 ἓ,

647 2760 890 2830 ejusdem
922 2759 1046 2814 libri
1068 2757 1218 2822 dicit,
1248 2757 1391 2828 quod
1413 2771 1728 2812 ceconomos
1754 2756 1904 2811 urbis
1925 2757 2236 2810 Constant-

650 2851 975 2922 nopolitanaa
1000 2849 1252 2920 singulis,
1280 2857 1375 2903 aut
1403 2862 1676 2918 summum
1708 2847 1928 2902 alternis
1957 2846 2234 2900 mensibus

648 2943 792 3014 apud
820 2941 1062 2997 arcarios
1087 2941 1326 2996 rationes
1355 2938 1624 2994 conﬁcere
1649 2947 1931 3008 oporteat,
1965 2937 2234 3006 alioquive

648 3035 1040 3107 periclitentur.

719 3124 821 3192 Qui
878 3125 1169 3194 episcopus
1225 3130 1319 3176 aut
1365 3121 1594 3176 clericus
1649 3137 1715 3174 cx
1774 3119 2046 3190 provincia
2091 3120 2228 3176 Ceno

648 3215 1000 3285 stantinopoli
1042 3214 1109 3268 ab
1161 3212 1488 3268 adversariis
1544 3211 1837 3276 invenitur,
1902 3211 2042 3282 apud
2096 3227 2234 3283 pra:-

651 3307 912 3374 torjorum
953 3303 1235 3375 pratfectos
1284 3301 1662 3368 solummodo,
1714 3310 1807 3356 aut
1855 3316 1976 3356 eum
2013 3301 2107 3373 qui
2162 3302 2232 3358 ab

647 3399 992 3468 imperatoria
1027 3396 1309 3466 majestate
1348 3393 1454 3467 [ad
1497 3393 1634 3467 hoc]
1693 3393 2029 3464 designatur,
2091 3393 2228 3467 [se]

653 3493 947 3546 tuebitur:
1006 3498 1162 3545 extra
1210 3504 1377 3559 quam
1435 3488 1478 3543 si
1541 3487 1594 3541 in
1629 3486 1903 3557 provincia
1932 3486 2000 3541 lis
2048 3497 2225 3557 erepta

546 3604 552 3610 ’
646 3581 830 3647 fuerit,
866 3590 996 3636 tunc
1029 3579 1184 3634 enim
1247 3578 1361 3633 illic
1411 3577 1688 3647 impletur.
1735 3576 1998 3646 Religiosi
2046 3578 2225 3632 eccle-

645 3673 847 3727 siarum
892 3669 1233 3741 apocrisiarii
1268 3683 1368 3739 pro
1391 3669 1660 3738 episcopis
1705 3676 1799 3722 aut
1844 3667 2059 3722 clericis
2091 3683 2221 3737 pro.

640 3773 763 3835 pter
790 3763 1064 3833 publicum
1095 3761 1438 3831 privatumve
1463 3759 1706 3815 debitum
1740 3773 1848 3813 non
1879 3759 2221 3812 conveniun-

641 3865 730 3911 tur
769 3865 884 3936 aut.
913 3855 1208 3924 exiguntur
1238 3871 1252 3906 :
1287 3852 1392 3906 nisi
1427 3851 1472 3906 si
1509 3867 1574 3905 ex
1618 3849 1890 3904 mandatis
1931 3849 2209 3919 episcopo-

640 3961 764 4000 rum
803 3952 900 3999 aut
940 3957 1354 4000 mconomorum
1401 3941 1613 4011 aliquos
1661 3939 1812 4013 [ipsi]
1867 3941 2212 3996 conveniant.

641 4036 796 4092 Tunc
822 4036 967 4091 enim
1013 4035 1082 4090 ab
1113 4033 1303 4089 iisdem
1350 4031 1428 4104 [et
1474 4031 1563 4103 iis]
1604 4033 1736 4088 solis
1773 4034 2013 4087 actiones
2042 4033 2216 4088 susci-

639 4127 815 4198 piunt.
853 4123 1005 4198 [Sed]
1047 4124 1149 4179 etsi
1185 4123 1316 4178 dum
1361 4122 1438 4195 [in
1472 4121 1702 4194 judicio]
1763 4125 2122 4191 respondent,
2156 4139 2216 4178 se

637 4219 905 4273 obnoxios
934 4215 1288 4279 reddiderint,
1337 4212 1550 4288 [etiam]
1599 4212 1761 4284 245
1793 4212 1919 4268 inde
1959 4213 2218 4269 exsisten-

637 4321 719 4367 tes
739 4311 987 4366 actiones
1016 4308 1314 4379 excipiunt.
1365 4307 1618 4377 EpiscOpi
1663 4315 1717 4360 et
1743 4305 1928 4359 clerici
1962 4321 2060 4375 per
2093 4321 2215 4360 cau-

636 4417 752 4458 sam
809 4400 1094 4471 legationls
1136 4407 1243 4470 [aut
1280 4398 1640 4454 ordinationis
1693 4410 1920 4466 peregre
1971 4407 2213 4466 agentes,

557 4505 564 4512 ‘
639 4509 750 4549 non
782 4494 1186 4548 conveniuntur
1226 4493 1403 4546 donec
1449 4489 1651 4544 reversi
1701 4487 1946 4542 fuerint:
1993 4485 2076 4558 [ut
2127 4497 2210 4543 ta-

2351 674 2464 721 τες,
2501 658 2653 729 παρὰ
2677 657 2755 729 τῷ
2789 659 3163 732 μητροπολίτῃ
3204 661 3402 722 αὑτῶν,
3441 662 3530 714 καὶ
3564 664 3744 734 ἑτέροις
3766 670 3856 723 ἐπιδ

2353 749 2578 812 σκόποις
2629 749 2729 819 τῆς
2771 751 2942 821 αὑτῆς
2992 750 3211 804 συνόδου
3257 749 3586 815 δικάζονταιο
3613 755 3697 808 καὶ
3729 760 3769 812 εἰ
3804 761 3857 832 μὴ

2354 840 2519 911 μέρος
2549 841 2810 913 ἑκάτερον
2860 843 3112 914 ἐμμένοι,
3143 846 3170 896 6
3203 844 3544 915 πατριάρχης
3584 848 3737 901 αὑτῶν
3765 869 3856 904 σκο-

2351 935 2462 993 πεῖ,
2496 933 2707 997 οὐδενος
2737 937 2848 997 τοῖς
2882 937 3011 1006 παρ’
3043 935 3208 988 αὑτοῦ
3239 937 3594 1006 τυπουμένοις
3621 939 3857 1009 δυναμένου

2349 1023 2672 1092 ἀντιλέγειν’
2703 1024 2762 1076 τδ
2788 1024 2917 1078 αὑτό
2944 1028 3062 1078 ἐστι
3097 1025 3204 1079 κᾶν
3233 1025 3491 1095 κληρικὸς
3525 1028 3655 1080 κατά
3679 1031 3754 1082 τοῦ
3777 1034 3859 1084 ἑτι.

2351 1116 2552 1168 σκόπου
2582 1115 2748 1169 αὑτοῦ
2784 1117 3090 1188 προσέλθοι·
3125 1117 3529 1188 προσελεύσεως
3562 1119 3614 1171 δὲ
3638 1122 3754 1172 κατᾶ
3785 1140 3860 1191 μη·
3954 1151 3955 1198 ξ

2347 1208 2666 1279 τροπολίτου
2701 1211 3027 1280 γινομένης,
3067 1212 3095 1263 6
3142 1210 3487 1281 πατριάρχης
3535 1211 3684 1264 αὑτοῦ
3712 1214 3860 1283 ὁμοίως
3954 1249 3955 1254 η

2348 1301 2559 1354 σκοπεῖ·
2597 1301 2892 1365 ἐπίσκοπος
2925 1302 3298 1372 δικαζόμενος,
3328 1303 3452 1356 οὑτε
3478 1302 3670 1372 ἐγγύας
3697 1303 3859 1358 δίδωσιν

2345 1391 2470 1446 οὔτε
2508 1393 2800 1464 ὁμολογίαν
2834 1397 2995 1448 ποιεῖ’
3029 1396 3077 1446 οί
3113 1394 3387 1464 οἰκονόμοι
3422 1397 3519 1447 καὶ
3552 1398 3860 1467 πτωχοτρόφοι

2345 1486 2437 1538 καὶ
2461 1487 2743 1556 νοσοκόμοι
2779 1486 2872 1540 καὶ
2893 1487 2942 1538 οἰ
2970 1484 3202 1538 τοιοῦτοι
3231 1484 3310 1556 τῷ
3337 1487 3452 1557 ἰδίῳ
3475 1488 3740 1556 ἐπισκόπῳ

2344 1585 2573 1630 κεινταιο
2603 1576 2696 1629 καὶ
2729 1576 2790 1628 τὸ
2810 1576 3138 1646 φαινόμενον
3173 1577 3483 1646 ἐποφείλειν
3514 1577 3716 1641 αὑτοὺς,
3743 1581 3860 1631 ἁπτι-

2341 1667 2590 1733 τοῦνται,
2642 1668 2716 1738 μὴ
2777 1668 3066 1734 δυνάμενοι
3117 1668 3224 1740 πρὸ
3278 1669 3377 1738 τῆς
3418 1670 3774 1738 ἀπαιτήσεως,
3807 1674 3862 1732 εἰς

2341 1758 2471 1813 ἄλλο
2509 1759 2862 1830 δικαστήριον
2899 1761 3228 1831 ἀναχωρεῖν,
3280 1761 3416 1814 ἀλλά
3466 1764 3601 1831 μετά
3630 1763 3718 1831 τὴν
3741 1763 3860 1815 ἀπαί-

2339 1867 2497 1920 τησιν
2536 1850 2630 1903 ἐὰν
2686 1851 2953 1921 νομίσωσι
3004 1851 3327 1922 βεόλάιρίίαι⁹
3376 1855 3426 1906 εἰ
3481 1855 3580 1924 μὲν
3627 1855 3861 1916 ἐπίσκοπός

2341 1941 2486 1994 ἐστιν
2521 1942 2549 1992 6
2584 1939 2793 2012 κρίνας,
2825 1943 2852 1994 6
2889 1943 3292 2013 μητροπολίτης
3321 1945 3589 2011 ἐξετάζειο
3635 1949 3680 1998 εἰ
3707 1946 3754 1998 δὲ
3789 1965 3863 2015 μη.

2339 2030 2663 2102 τροπολίτης
2692 2031 2923 2104 ἔκρινεν,
2955 2033 2984 2084 ὁ
3016 2036 3362 2106 πατριάρχης
3391 2040 3621 2090 σκοπεῖ·
3651 2038 3762 2091 εἰδὲ
3789 2040 3860 2106 πρὸ

2339 2122 2441 2192 τῆς
2469 2122 2576 2175 τῶν
2627 2123 2903 2194 λογισμῶν
2958 2127 3232 2198 ποιήσεως
3286 2129 3383 2182 καὶ
3445 2127 3544 2200 τῆς
3577 2130 3861 2199 ἀπαιτήσεως

2339 2215 2656 2286 τελευτήσει
2691 2233 2773 2281 τις
2803 2217 2908 2270 τῶν
2946 2221 3274 2290 εἰρημένων,
3307 2223 3356 2274 οἰ
3387 2220 3708 2292 κληρονόμοι
3739 2222 3860 2275 αὑτοῦ

2343 2308 2685 2364 ὑπόκεινται.

2425 2489 2657 2560 Ὁμοίως
2693 2489 2834 2560 βιὸλ.
2887 2497 2934 2544 α’
2967 2490 3070 2545 τξτ.
3116 2490 3164 2544 α’
3195 2490 3335 2545 διάτ.
3377 2491 3492 2562 μα’,
3540 2494 3656 2565 ἥτις
3714 2495 3854 2561 φησιν,

2342 2581 2448 2644 ὅτι,
2479 2579 2626 2634 Κατ’
2662 2581 2911 2635 ἐνιαυτὸν
2941 2582 2970 2634 6
2999 2582 3281 2650 οἰκονόμος
3319 2581 3410 2635 τὸν
3442 2582 3600 2652 λόγον
3627 2581 3715 2650 τῆς
3740 2580 3860 2634 αὐτοῦ

2341 2669 2657 2739 διοικήσεως
2685 2669 3041 2739 παρατίθεται
3074 2669 3150 2738 τῷ
3174 2671 3484 2743 ἐπισκόπῳ·
3511 2675 3544 2743 ή
3576 2672 3630 2725 δὲ
3663 2671 3734 2742 κβ¹
3758 2669 3859 2724 διάτ.

2340 2759 2434 2812 τοῦ
2474 2759 2516 2828 β’
2549 2759 2654 2814 τίτ.
2683 2758 2776 2812 τοῦ
2807 2760 2971 2814 αὑτοῦ
3007 2761 3148 2831 βιὸλ.
3183 2761 3353 2832 λέγει,
3382 2765 3468 2817 ὅτι
3505 2767 3596 2818 Δεῖ
3619 2764 3732 2827 τοὺς
3755 2765 3861 2815 οἰκο-

2341 2848 2538 2915 νόμους
2574 2848 3202 2914 Κωνσταντινουπόλεως
3232 2891 3246 2917 ,
3278 2854 3419 2906 κατά
3465 2854 3611 2925 μῆνα
3649 2853 3680 2924 ἢ
3711 2852 3762 2925 τί)
3785 2852 3861 2920 μήθ

2341 2956 2524 2992 κιστον
2553 2939 2693 3011 ὑπὲρ
2727 2939 2822 2993 δύο
2843 2981 2858 3007 ,
2907 2941 3212 3009 λογοποιεῖν
3263 2943 3397 3015 πρὸς
3422 2946 3554 3009 τοὺς
3583 2944 3861 3016 ἀρκαρίους,

2341 3031 2465 3085 ἐπεὶ
2496 3032 2896 3086 κινδυνεύουσιν
2930 3033 2989 3098 ἐξ
3023 3035 3314 3106 ἐπαρχίας.

2424 3125 2514 3179 Ἐν
2544 3126 3114 3180 Κωνσταντινουπόὶει
3146 3128 3539 3198 εὑρισκόμενος
3565 3124 3862 3193 ἐπίσκοποςῆ

2342 3215 2600 3288 κληρικὺς
2631 3219 2741 3281 τοῖς
2773 3215 3026 3286 ὲνάγουσι
3051 3259 3066 3283 ,
3097 3218 3247 3288 παρά
3279 3219 3422 3290 μόνῳ
3454 3218 3534 3291 τῷ
3565 3219 3768 3290 ἐπάρχῳ
3788 3215 3865 3268 τῶν

2338 3309 2711 3380 πραιτωρίων,
2741 3309 2774 3380 ἢ
2800 3309 2877 3382 τῷ
2903 3309 3054 3381 παρὰ
3076 3311 3175 3382 τῆς
3203 3311 3485 3381 βασιλείας
3518 3310 3861 3381 ἅφοριζομένῳ,

2336 3399 2715 3468 ἀπολογεῖται’
2767 3402 2817 3454 εἰ
2853 3402 2926 3472 μὴ
2959 3403 3052 3455 ἐπὶ
3101 3401 3283 3473 χώρας
3317 3402 3496 3474 ήρχθη
3549 3405 3581 3475 ή
3624 3400 3861 3461 ὑπόθεσις,

2331 3493 2452 3544 τότε
2469 3491 2577 3561 γὰρ
2601 3491 2716 3544 ἐκεῖ
2738 3491 3059 3562 πληροῦται·
3085 3493 3134 3546 οἰ
3163 3492 3273 3546 τῶν
3306 3492 3644 3564 Ἐκκλησιῶν
3667 3489 3863 3548 εὐλαϐεῖς

2330 3583 2774 3655 ἀποκρισιάριοι,
2819 3585 2920 3637 οὑκ
2959 3585 3245 3654 ἐνάγονται
3294 3585 3326 3657 ἢ
3365 3585 3719 3640 ἀπαιτοῦνται
3761 3581 3862 3648 ὑπὲρ

2328 3674 2438 3726 τῶν
2473 3674 2788 3728 ἐπισκόπων
2819 3675 2850 3746 ἦ
2881 3675 2990 3730 τῶν
3041 3676 3400 3746 Ἐκκλησιῶν,
3442 3677 3610 3749 χάριν
3654 3671 3862 3745 δημοσίου
3954 3727 3955 3749 ξ

2327 3765 2361 3836 ἦ
2399 3766 2668 3820 ἰδιωτικοῦ
2701 3767 2895 3838 χρέους
2921 3809 2938 3834 ,
2979 3770 3028 3822 εἰ
3073 3768 3150 3840 μὴ
3183 3769 3242 3836 ἐξ
3274 3768 3512 3823 ἐντολῶν
3551 3767 3654 3821 τῶν
3683 3762 3860 3818 ἐπισκό-

2329 3875 2447 3910 πων
2477 3858 2509 3929 ἢ
2541 3858 2650 3912 τῶν
2677 3861 2979 3930 οἰκονόμων
3023 3861 3276 3929 ἐνάγαυσί
3319 3878 3394 3914 τιο
3426 3860 3555 3914 τότε
3589 3858 3692 3932 γὰρ
3725 3856 3859 3927 μόνων

2325 3948 2506 4002 αὑτῶν
2529 3952 2629 4013 τὰς
2667 3950 2956 4020 ἐναγωγάς
2983 3951 3356 4022 ὑποδέχονται’
3405 3953 3456 4006 εἰ
3487 3953 3545 4006 δὲ
3575 3953 3664 4005 καὶ
3690 3947 3861 4016 ἐνόχους

2322 4041 2549 4106 ἐαυτοὺς
2581 4044 3018 4114 καταστήσουσιν
3048 4045 3106 4096 ἐν
3132 4044 3208 4116 τῷ
3253 4047 3428 4098 ποιεῖν
3465 4044 3566 4108 τὰς
3593 4039 3861 4109 ἀποκρίσεις

2321 4131 2564 4203 δέχονται
2601 4134 2699 4196 τάς
2748 4134 2875 4207 περὶ
2916 4135 3123 4189 τούτων
3164 4136 3476 4205 ἐναγωγάςο
3527 4135 3579 4188 οἱ
3624 4133 3859 4186 ἐπίσκοποι

2319 4226 2413 4279 καὶ
2460 4228 2508 4278 οἰ
2543 4227 2794 4297 κληρικοὶ
2826 4227 2914 4281 διὰ
2969 4228 3264 4299 πρεσόείαν
3312 4230 3344 4301 ἢ
3398 4227 3725 4300 χειροτονίαν
3755 4223 3857 4276 ἀπο-

2315 4315 2637 4385 δημοῦντες,
2674 4318 2775 4371 οὑκ
2827 4319 3113 4386 ἐνάγονται
3161 4320 3355 4392 μέχρις
3395 4319 3465 4373 ἂν
3507 4313 3855 4387 ὑποστρέψωσι,

2320 4406 2395 4478 μὴ
2433 4406 2823 4479 βλαπτομένων
2858 4409 2966 4462 τῶν
3011 4409 3246 4481 ἐχόντων
3289 4411 3489 4474 αὑτοὺς
3535 4407 3853 4481 ὑπευθύνους.

2316 4476 2390 4550 ἐκ
2406 4497 2504 4567 τῆς
2534 4476 2712 4552 αὑτων
2735 4476 3074 4570 ἀπολείψεως
3096 4500 3226 4570 περὶ
3249 4501 3476 4572 χρονίαν
3506 4476 3852 4571 παραγΡαῷήΨ

634 4586 784 4658 men]
817 4585 909 4656 qui
959 4587 1104 4656 ipsos
1136 4585 1404 4641 obnoxios
1435 4585 1668 4650 habent,
1711 4599 1778 4639 ex
1839 4584 2085 4639 absentia
2149 4588 2390 4657 ipsorum
2433 4595 2580 4651 circa
2633 4595 2779 4668 longi
2822 4596 3084 4666 temporis
3132 4596 3598 4667 praescriptionem
3651 4607 3748 4648 non
3791 4587 3854 4642 ι»

633 4682 852 4737 dantur.

704 4772 1006 4826 Citationcs
1059 4775 1224 4839 atque
1278 4769 1664 4824 exsecutiones
1718 4768 1957 4832 clericis,
2027 4785 2208 4822 mona-

2385 4774 2452 4825 Αἰ
2479 4773 2814 4844 ὑπομνήσεις
2847 4773 2940 4826 καὶ
2963 4772 3012 4825 οἱ
3030 4771 3354 4844 ἐκϐιϐασμοὶ
3379 4773 3521 4843 μετὰ
3537 4772 3692 4842 τιμῆς
3714 4783 3848 4840 xpos-

633 4863 772 4928 chis,
822 4862 1071 4919 ascetriis
1130 4861 1455 4924 etascetis,
1507 4859 1562 4913 in
1615 4859 1946 4928 pecuniariis
2009 4858 2215 4930 [causis

632 4955 772 5030 sive]
804 4954 1037 5027 publicis
1079 4950 1241 5026 [sive]
1278 4951 1504 5022 privatis
1536 4959 1850 5005 reverenter
1883 4949 2208 5006 inferuntur.

629 5047 789 5104 Nulla
820 5045 1120 5103 monastria
1154 5045 1234 5098 vel
1276 5042 1514 5098 ascetria
1552 5056 1584 5097 e
1621 5044 1955 5098 monasterio
1998 5044 2211 5099 abstra-

629 5141 774 5195 hitor
804 5158 816 5194 :
847 5139 939 5194 sed
974 5152 1069 5208 per
1099 5147 1513 5206 procuratorem
1541 5148 1762 5188 causam
1796 5135 1983 5189 dicito.
2025 5134 2209 5190 Mona-

550 5275 561 5297 ,
628 5234 766 5287 chus
810 5229 1059 5301 proprias
1089 5237 1184 5282 aut
1223 5225 1540 5281 monasterii
1577 5224 1824 5299 [causas]
1857 5228 1972 5283 sive
2004 5244 2098 5298 per
2125 5244 2206 5292 se,

541 5307 546 5311 ’
630 5325 744 5378 sive
786 5338 882 5393 per
926 5327 1339 5390 procuratorem
1397 5317 1527 5388 agit.
1591 5317 1647 5372 Si
1707 5333 1834 5375 vero
1864 5328 2051 5374 contra
2093 5319 2207 5374 hzcc

628 5415 742 5482 ﬁat,
789 5412 953 5481 judex
987 5409 1206 5482 cingulo
1251 5408 1582 5471 denudatur,
1641 5419 1693 5465 ct
1747 5409 1988 5480 quinque
2032 5410 2206 5467 libras

625 5504 768 5580 [auri
787 5503 952 5560 rebus
974 5500 1257 5575 principis]
1294 5499 1520 5571 privatis
1548 5503 1639 5554 dat
1667 5519 1681 5555 :
1711 5511 1998 5557 exsecutor
2023 5512 2202 5557 autem

624 5599 911 5653 tormentis
936 5597 1205 5660 subditur,
1234 5603 1288 5648 et
1317 5593 1368 5647 in
1410 5592 1664 5648 exsilium
1705 5594 1968 5647 mittitur:
1996 5592 2202 5666 [idque]

626 5707 758 5745 cura
793 5688 1052 5760 episcopi,
1087 5690 1178 5758 qui
1209 5686 1372 5740 etiam
1395 5687 1712 5756 magistratu
1739 5685 1999 5740 ultionem
2035 5684 2203 5756 [irro-

625 5779 776 5853 garc]
807 5779 1104 5844 diﬂ‘erente,
1135 5776 1216 5854 [id
1247 5777 1314 5832 ad
1348 5775 1670 5856 principem]
1707 5777 1895 5832 refert.
1925 5776 2033 5832 Pro
2062 5777 2202 5832 cita-

625 5873 772 5929 tione
801 5872 1116 5944 pecuniaria
1145 5871 1229 5926 vel
1267 5868 1539 5927 criminali
1589 5867 1905 5939 hujusmodi
1953 5885 2202 5942 persona:

2319 4863 2640 4932 αγέσθωσαν
2696 4866 2808 4928 τοῖς
2845 4865 3127 4936 κληρικοῖς
3163 4863 3258 4918 καὶ
3293 4867 3552 4935 μοναχοῖς
3600 4863 3682 4916 καὶ
3713 4861 3852 4927 am.

2316 4955 2496 5026 τρίαις
2530 4955 2623 5009 καὶ
2647 4956 3026 5028 ἀσκητηρίοις,
3081 4957 3173 5009 ἐπὶ
3208 4958 3318 5019 τοῖς
3348 4957 3703 5027 χρηματικοῖς
3738 4951 3849 5004 ἰδιω-

2314 5048 2486 5109 τικοῖς
2524 5047 2620 5101 καὶ
2651 5047 2929 5119 δημοσίοις
2953 5062 2966 5076 °
3038 5047 3132 5101 καὶ
3165 5049 3464 5118 μονάστρια
3500 5047 3599 5116 μὲν
3648 5045 3676 5114 ἢ
3711 5041 3848 5107 ὰσκήο

2314 5153 2441 5206 τρια
2467 5136 2560 5188 τοῦ
2604 5139 2972 5208 μοναστηρίου
3007 5136 3083 5208 μὴ
3117 5137 3457 5206 ἀφελκέσθω,
3481 5135 3617 5190 ἀλλά
3642 5135 3702 5188 δι’
3725 5133 3843 5184 ἐντο-

2314 5229 2448 5292 λέως
2473 5228 2743 5299 κρινέσθω
2772 5243 2785 5257 ⁶
2818 5231 2846 5282 6
2869 5228 2925 5281 δὲ
2956 5230 3189 5299 μοναχὸς
3224 5228 3320 5292 τὰς
3375 5228 3510 5290 ἰδίας
3559 5227 3591 5297 ἢ
3640 5225 3729 5288 τάς
3773 5218 3845 5272 τοῦ

2314 5321 2697 5391 μοναστηρίου,
2737 5318 2846 5374 εἴτε
2875 5319 2940 5372 δι’
2961 5319 3156 5372 ἑαυτοῦ
3182 5320 3289 5372 εἴτε
3326 5318 3393 5371 δι’
3414 5317 3662 5379 ἐντολέως
3696 5312 3844 5366 Θέλει’

2309 5413 2358 5464 εἰ
2387 5412 2445 5466 δὲ
2477 5415 2627 5484 παρά
2652 5413 2825 5467 ταῦτα
2859 5413 3106 5482 γένηται,
3153 5413 3181 5465 6
3208 5412 3461 5481 δικαστὴς
3491 5407 3842 5474 ἀποζὼννυται,

2311 5503 2405 5557 καὶ
2436 5511 2476 5556 ε’
2498 5505 2685 5575 λίτρας
2719 5508 2831 5567 τοῖς
2861 5503 3149 5575 πριϐἀτοις
3191 5503 3374 5556 δίδωσι
3409 5518 3422 5534 ο
3477 5503 3570 5556 καὶ
3599 5501 3625 5552 ὁ
3654 5494 3840 5552 ὲκόιὸα·

2313 5595 2444 5665 στὴς
2487 5594 2836 5665 βασανίζεται
2898 5594 2992 5647 καὶ
3053 5593 3358 5664 ὲξορίζεται
3396 5592 3616 5662 προνοίᾳ
3649 5587 3842 5642 τοῦέπι·

2313 5687 2535 5750 σκόπου,
2566 5688 2710 5750 ὅστις
2767 5688 2858 5740 καὶ
2893 5687 3178 5757 ἀναφέρει,
3224 5687 3316 5740 τοῦ
3375 5685 3626 5754 ἄρχοντος
3658 5682 3840 5749 ὑπερτι-

2311 5780 2538 5850 θεμένου
2569 5780 2667 5851 τὴν
2719 5779 2998 5849 ἐκδίκησιν
3031 5795 3044 5808 ⁸
3084 5780 3223 5847 ὑπὲρ
3281 5777 3337 5831 δὲ
3378 5779 3741 5847 ὑπομνήσεως,
3787 5765 3843 5818 τά

2309 5869 2535 5924 τοιαὸτοι
2597 5870 2866 5940 πρόσωπα
2928 5868 3280 5942 χρηματικῆς
3333 5870 3365 5940 ἢ
3419 5859 3836 5938 ἐκκλησιαπικῆς
