4012 6426
136 451 245 516 717

997 448 1394 509 SYNTAGMA
1440 446 1827 508 CANONUM.
1860 472 1931 482 —
1968 448 2115 507 TIT.
2144 448 2249 521 IX,
2290 449 2446 508 CAP.
2490 449 2571 507 II-

3302 446 3406 513 728

143 566 354 629 αἰτίας,
387 563 444 616 ἔν
477 578 534 615 τε
588 560 1152 614 Κωνσταντινουπόλει
1212 559 1307 611 καὶ
1366 559 1724 628 ὁπουδήποτε,

1836 556 2318 630 Constantinopoli,
2350 569 2515 631 atque
2546 560 2913 631 alibieuuquc,
2956 577 3061 617 non
3095 561 3232 617 ultra
3270 579 3404 632 qua-

143 660 205 711 οὐ
232 658 405 710 πλέον
434 655 476 709 δ’
498 652 766 724 κερατίων
807 653 1042 706 διδόασιν
1066 668 1080 681 ·
1108 653 1157 704 εί
1184 651 1242 705 δὲ
1272 650 1413 704 κατὰ
1447 650 1730 721 βασιλικὴν

144 748 429 808 κέλευτιν,
458 746 490 816 ἢ
526 742 677 814 παρὰ
712 742 968 813 ἄρχοντος
997 743 1031 812 ἡ
1055 743 1425 822 πατριάρχου,
1459 742 1625 812 σταλῇ
1647 742 1732 806 τίς

145 840 227 901 είς
245 838 564 907 ὑπόμνησιν
605 835 807 897 αὐτῶν,
862 835 922 887 οὐ
952 833 1110 886 πλέον
1142 833 1368 905 λήψεται
1432 834 1546 896 ἐνὸς
1575 834 1731 903 νομί-

149 946 364 999 σματος
394 942 409 956 ⁸
441 927 565 979 εἰδὲ
606 926 774 979 πολλά
811 924 1035 978 τοιαῦτα
1080 926 1350 994 πρόσωπα
1384 925 1479 978 ἐπὶ
1514 925 1613 995 μιᾷ
1642 924 1733 977 καὶ

146 1019 212 1087 τῇ
248 1018 391 1087 αὐτῇ
422 1016 571 1087 αἰτίᾳ
598 1015 1040 1086 ὑπομνησθῶσιν,
1075 1017 1194 1080 ἑνὸς
1236 1016 1397 1086 μόνου
1429 1016 1725 1089 προσώπου

147 1107 388 1160 διδόασιν
424 1124 439 1139 ο
494 1109 791 1170 ἐπίσκοπος
820 1108 960 1176 ὑπὲρ
1010 1106 1120 1159 τῶν
1183 1108 1328 1160 ἰδίων
1384 1109 1727 1178 πραγμάτιον

151 1198 486 1267 ἐναγόμενος
516 1198 698 1250 δίδωσι
759 1197 1085 1267 σπόρτουλα,
1121 1196 1259 1266 ὑπὲρ
1281 1197 1336 1256 δὲ
1375 1198 1474 1268 τῆς
1503 1198 1733 1266 Ἐκκλη-

156 1289 279 1351 σίας
342 1288 508 1342 αὐτοῦ
543 1290 616 1359 μὴ
672 1289 955 1359 όχλείσθω,
991 1289 1105 1342 ἀλλ’
1130 1292 1157 1342 6
1207 1289 1489 1359 οἰκονόμος
1518 1290 1549 1360 ἦ
1585 1293 1613 1343 6
1642 1292 1733 1344 ἐπὶ

152 1382 331 1450 τούτῳ
363 1380 798 1450 προϐαλλόμενος
830 1398 845 1412 ο
873 1382 901 1434 6
940 1381 995 1433 δὲ
1022 1380 1172 1450 παρὰ
1208 1379 1379 1433 ταῦτα
1428 1381 1733 1452 σπόρτουλα

153 1470 358 1536 λαϐὼν,
383 1471 445 1523 τὸ
473 1471 695 1525 διπλοῦν
722 1472 1032 1537 ἀναδίδωσι,
1067 1472 1161 1523 καὶ
1185 1471 1288 1525 ὑπὸ
1320 1472 1607 1543 στρατείαν
1636 1472 1733 1543 μὲν

157 1561 231 1616 ὢν
248 1560 654 1629 ἀποζώννυται,
700 1564 961 1635 κληρικὸς
989 1564 1047 1617 δὲ
1080 1563 1421 1634 καθαιρεῖται
1444 1580 1458 1595 ο
1510 1564 1733 1617 ἐπίσκο-

156 1670 257 1717 πος
313 1654 438 1708 οὔτε
494 1656 585 1708 ἐπὶ
616 1658 932 1725 χρηματικῇ
987 1655 1111 1708 οὔτε
1161 1655 1537 1727 ἐγκληματικῇ
1585 1656 1730 1727 δίκῃ,

155 1746 325 1816 χωρὶς
353 1746 655 1809 κελεύσεως
687 1746 993 1817 βασιλικῆς,
1026 1747 1267 1815 διάγεται
1294 1747 1325 1817 ἢ
1360 1749 1687 1819 παρίσταται
1716 1765 1729 1778 °

156 1837 184 1888 6
218 1837 277 1889 δὲ
309 1838 461 1907 παρὰ
488 1837 658 1891 ταῦτα
715 1837 1026 1909 προστάξας
1057 1839 1347 1908 ἐγγράφως
1375 1838 1408 1909 ἢ
1450 1838 1730 1908 ἀγράφως,

158 1926 557 1993 ἁποξώννυται,
586 1929 680 1983 καὶ⁵
712 1926 759 1981 κ’
796 1930 983 1999 λίτρας
1019 1930 1308 2000 ζημιοῦται
1347 1932 1414 1999 τῇ
1440 1929 1734 2000 Ἐκκλησία

154 2018 246 2071 τοῦ
282 2019 603 2085 ἐπισκόπου,
637 2021 729 2073 καὶ
754 2023 781 2074 6
808 2020 1136 2091 ἐκὸιῦαστὴς
1176 2019 1573 2085 ἀποζώννυται,
1639 2020 1734 2074 καὶ

159 2110 590 2180 βασανιζόμενος
650 2112 948 2182 ἐξορίζεται
985 2128 1000 2143 ·
1061 2113 1153 2165 καὶ
1207 2114 1240 2183 ἡ
1277 2111 1339 2176 ιζ’
1375 2112 1514 2167 διάτ.
1564 2110 1659 2165 τοῦ
1686 2130 1736 2165 αν

155 2202 262 2258 τίτ.
312 2203 422 2256 τῶν
448 2202 679 2275 Νεαρῶν
734 2221 903 2273 φησιν
930 2243 945 2267 ,
988 2204 1092 2268 ὅτι,
1124 2204 1458 2257 Ἐπισκόπου
1496 2220 1733 2272 κατηγοο

160 2294 450 2365 ρουμένου,
481 2295 509 2347 6
540 2295 940 2366 μητροπολίτης
969 2295 1145 2366 κρίνει
1178 2310 1192 2325 ο
1238 2296 1288 2347 εί
1311 2295 1369 2348 δὲ
1400 2295 1734 2365 μητροπολί-

155 2401 256 2456 της
289 2389 694 2457 κατηγορεῖται,
725 2389 752 2439 6
775 2387 1120 2458 πατριάρχης
1148 2386 1310 2441 αὑτοῦ
1340 2389 1534 2439 σκοπεῖ
1562 2404 1576 2418 ο
1603 2387 1651 2438 εί
1678 2386 1735 2439 δέ

157 2477 419 2547 κληρικδς
442 2477 475 2547 ἢ
510 2478 761 2548 μοναχὸς,
791 2479 819 2530 6
844 2478 1144 2541 ἐπίσκοπος
1179 2477 1345 2531 αὐτοῦ
1373 2494 1389 2510 ο
1418 2478 1510 2531 καὶ
1538 2479 1565 2531 6
1584 2478 1737 2530 πταί-

161 2583 276 2632 σας,
328 2569 628 2632 κανονικιῖκ
660 2569 1051 2639 σωφρονίζεται
1084 2571 1161 2642 τῷ
1217 2570 1448 2641 κρίματι
1510 2569 1603 2622 τοῦ
1651 2569 1736 2633 ἐξ·

162 2659 449 2723 ετὰζοντος
474 2674 488 2689 °
522 2662 554 2732 ὴ
590 2660 646 2713 δὲ
675 2663 801 2731 περὶ
842 2662 1231 2732 τοποτηρητῶν
1263 2660 1338 2732 ρλ¹
1361 2662 1529 2733 νεαρὰ
1564 2661 1731 2728 λέγει,

159 2752 240 2803 ὅτι
300 2752 623 2822 μονάστρια,
671 2751 759 2805 διὰ
811 2751 1068 2822 οὐδεμίαν
1113 2751 1358 2822 ἀγωγὴν,
1394 2753 1458 2805 ἐκ
1477 2751 1569 2804 τοῦ
1603 2752 1732 2804 ἰδίου

164 2860 406 2916 μοναστη
415 2843 530 2915 ρίου
552 2842 790 2897 ἕλκεται.

232 3125 482 3178 ΚΕΦΔΛ.
513 3122 659 3179 B'.-—
676 3125 862 3179 Πόσοι
879 3124 979 3179 καί
1004 3125 1163 3191 τινες
1182 3126 1738 3195 καταμαρτυροῦσιν

155 3217 510 3270 ἐπισκόπων
532 3217 569 3284 ἢ
604 3216 905 3284 κληριλιῶν
928 3233 946 3279 ;

602 3310 966 3363 Λποστόλων
992 3308 1190 3362 κανὼν
1224 3315 1318 3364 σε’.

246 3403 340 3459 οε’.
364 3402 457 3464 Εἰς
475 3402 887 3473 μαρτυρίαντὴν
910 3396 1051 3452 κατὰ
1076 3400 1401 3464 ἐπισκόπου,
1464 3401 1738 3472 αἱρετικὸν

158 3487 240 3556 μὴ
264 3487 676 3557 προσδέχεσθαι,
702 3488 837 3541 ἀλλὰ
868 3488 942 3558 μὴ
971 3488 1028 3541 δὲ
1071 3489 1260 3544 πιστὸν
1286 3491 1383 3544 ἕνα
1418 3508 1432 3523 ·
1462 3491 1562 3545 ἐπὶ
1593 3495 1737 3548 στό-

150 3593 345 3647 ματος
389 3578 496 3649 γὰρ
548 3578 657 3632 δύο
708 3579 746 3648 ἣ
796 3577 973 3646 τριῶν
1000 3582 1326 3650 μαρτύρων
1373 3583 1740 3652 σταθήσεται

154 3668 288 3726 πᾶν
307 3666 495 3739 ῥῆμα.

305 3762 577 3818 Συνόὸου
611 3763 1028 3834 Καρθαγέννης
1055 3764 1252 3818 κανὼν
1283 3771 1330 3817 κ’
1354 3765 1428 3818 νϐ’
1462 3765 1596 3836 ρλα’.

228 3852 376 3919 Περὶ
405 3854 822 3923 πρεσϐυτέρων
845 3855 946 3909 καὶ
985 3854 1289 3923 κληρικῶν
1308 3856 1741 3925 κατηγορουμέ-

156 3962 285 3999 νων
290 3986 306 4000 ο

230 4033 308 4092 κ’.
345 4033 471 4088 Ἐὰν
499 4036 554 4089 δὲ
581 4037 939 4108 πρεσϐύτεροι
972 4038 1011 4114 *ἢ
1037 4039 1269 4093 διάκονοι
1300 4040 1736 4112 ωτηγορηθῶσι,

158 4149 214 4185 κ.
256 4149 313 4185 τ.
348 4132 400 4185 λ.

230 4223 377 4292 Περὶ
425 4222 531 4277 τοῦ
586 4225 930 4292 κληρικοὺς.
988 4225 1164 4294 χάριν
1211 4224 1584 4295 διαγνώσεως
1629 4225 1740 4293 τῆς

154 4315 385 4379 οἰκείας
414 4312 612 4368 αὐτῶν
638 4315 907 4383 κρίσεως,
940 4317 1026 4387 μὴ
1063 4316 1497 4387 ἀναγκάζεσθαι
1559 4316 1741 4385 δημο-

152 4410 309 4472 σίως
321 4406 661 4475 μαρτυρεῖν.

220 4493 329 4551 νθ’.
358 4499 451 4549 Δεῖ
496 4498 710 4569 αἰτῆσαι
736 4496 815 4551 ἔτι
847 4496 951 4569 μὴν
991 4498 1076 4552 ἵνα
1099 4498 1278 4568 ὁρίσαι
1308 4496 1734 4563 καταξεώσωσιν,

1833 659 1958 702 tuor
1985 650 2212 719 siliquas
2239 650 2391 705 dant.
2437 649 2589 715 Quod
2623 651 2667 705 si
2710 652 2831 720 quis
2869 652 3129 720 imperiali
3156 652 3404 722 jussione

1832 747 1925 793 aut
1948 755 1978 794 a
2010 741 2353 811 magistratu,
2384 750 2476 794 aut
2505 757 2535 795 a
2566 742 2872 809 patriarcha
2910 742 2975 797 ad
3007 744 3253 798 citaudos
3283 744 3403 799 illos

1832 832 2033 888 missus
2086 832 2267 897 fuerit,
2324 850 2430 887 non
2489 835 2627 887 ultra
2681 851 2850 888 unum
2914 836 3148 891 solidum
3204 837 3400 907 capiet.

1833 924 1973 990 Quin
2000 926 2043 980 si
2083 926 2266 980 multae
2308 926 2613 980 istiusmodi
2648 941 2893 996 personae
2940 929 2994 982 in
3029 943 3136 981 una
3186 929 3405 983 eadem-

1832 1028 1938 1082 que
1974 1029 2138 1070 causa
2173 1016 2427 1082 citentur,
2478 1014 2643 1069 unius
2698 1025 2905 1070 tantum
2945 1032 3187 1083 persona:
3226 1019 3406 1091 [spor-

1833 1105 1999 1177 tulas]
2047 1107 2199 1161 dant.
2236 1105 2536 1175 Episcopus
2586 1122 2769 1161 rerum
2819 1122 3042 1161 suarum
3088 1109 3307 1163 nomine
3349 1110 3404 1163 in

1829 1195 1919 1264 jus
1959 1205 2208 1263 vocatus,
2259 1198 2351 1251 dat
2386 1198 2660 1267 sportulas
2692 1215 2705 1251 :
2742 1198 2833 1251 sed
2868 1214 2964 1267 pro
3014 1200 3177 1253 rebus
3216 1195 3406 1255 Eccle-

1833 1287 1929 1340 siae
1954 1304 2066 1342 suae
2118 1303 2186 1343 ne
2238 1288 2569 1359 inquietatur
2600 1286 2889 1361 [quidem],
2928 1290 3021 1342 sed
3059 1305 3402 1357 (economus,

1833 1381 1997 1449 quive
2038 1381 2102 1434 ad
2147 1382 2199 1436 id
2252 1382 2567 1451 designatus
2603 1390 2705 1435 est.
2738 1378 2843 1446 Qui
2884 1394 3014 1435 vero
3062 1389 3250 1435 contra
3291 1369 3406 1437 haec

1834 1468 2108 1536 Sportulas
2141 1472 2365 1539 ceperit,
2399 1470 2623 1539 duplum
2677 1470 2891 1523 reddit:
2931 1479 2983 1523 et
3019 1470 3063 1525 si
3115 1470 3166 1525 in
3210 1471 3405 1526 militia

1834 1558 2137 1632 [quapiam]
2166 1561 2258 1627 sit,
2290 1561 2507 1629 cingulo
2536 1561 2779 1628 privatur
2814 1575 2829 1613 :
2868 1558 2915 1613 si
2958 1559 3211 1628 clericus,
3240 1559 3410 1630 depo-

1834 1652 2002 1708 nitur.
2038 1653 2340 1724 Episcopus
2370 1668 2546 1723 neque
2582 1662 2802 1721 propter
2825 1653 3193 1721 pecuniariam
3230 1669 3406 1723 neque

1834 1754 2057 1814 propter
2112 1745 2446 1799 criminalem
2499 1760 2757 1810 causam,
2814 1743 2952 1798 citra
2998 1745 3403 1814 imperatoriam

1833 1834 2176 1903 jussionem,
2207 1837 2425 1890 ducitur
2460 1844 2554 1889 aut
2603 1834 2839 1889 sistitur.
2887 1835 2991 1901 Qui
3039 1852 3169 1890 vero
3217 1845 3405 1891 contra

1767 1905 1806 1958 Β
1839 1926 1939 1979 hoc
1968 1936 2059 1981 aut
2092 1943 2187 1996 per
2222 1929 2544 1998 scripturam
2577 1936 2672 1979 aut
2708 1926 2845 1979 citra
2871 1928 3200 1998 scripturam
3228 1928 3408 1997 jusse—

1839 2019 1927 2082 rit,
1955 2020 2117 2091 246
2146 2029 2198 2075 et
2228 2022 2445 2091 cingulo
2471 2024 2754 2091 spoliatur,
2799 2032 2853 2078 et
2888 2021 3076 2092 viginti
3112 2020 3267 2075 libris
3294 2018 3402 2074 Ec-

1837 2108 2019 2162 clesia:
2053 2110 2293 2178 episcopi
2334 2109 2720 2183 [applicaudis]
2762 2113 3070 2167 multatur:
3118 2120 3410 2165 exsecutor

1838 2210 2018 2255 autem
2074 2202 2295 2272 cingulo
2342 2204 2670 2270 denudatur,
2723 2215 2777 2260 et
2813 2206 3102 2261 tormentis
3156 2205 3410 2260 subditus

1836 2293 2343 2362 exsularejubetur.
2384 2293 2450 2349 Et
2481 2304 2653 2351 const.
2695 2296 2782 2362 17,
2822 2297 2905 2351 tit.
2963 2296 2989 2348 1
3020 2294 3405 2350 Novellarum:

1837 2381 1972 2437 Cum
2002 2384 2289 2454 episcopus
2330 2386 2551 2459 [inquit]
2592 2396 2906 2453 accusatur,
2958 2387 3411 2456 metropolitanus

1834 2475 2065 2545 judicat.
2102 2475 2158 2531 Si
2194 2494 2323 2534 vero
2368 2482 2824 2550 metropolitanus
2871 2488 3185 2545 accusetur,
3236 2477 3410 2549 ipsius

1838 2566 2150 2635 patriarcha
2181 2571 2485 2639 cognoscit.
2553 2570 2658 2624 Sed
2706 2570 2752 2625 si
2790 2569 3026 2625 clericus
3073 2577 3169 2623 aut
3216 2584 3410 2623 mona-

1838 2660 1998 2725 chus,
2030 2660 2150 2729 ejus
2183 2662 2492 2732 episcopus.
2539 2662 2643 2729 Qui
2674 2671 2851 2717 autem
2894 2662 3156 2732 deliquit,
3200 2662 3409 2732 judicio

1838 2751 1956 2820 ejus
2001 2753 2095 2823 qui
2158 2753 2428 2827 [causam]
2468 2756 2768 2821 examinat,
2821 2756 3121 2811 secundum
3170 2770 3408 2809 canones

1839 2845 2156 2916 castigatur.
2200 2846 2374 2903 Porro
2420 2848 2633 2902 novella
2690 2848 2812 2912 154,
2865 2849 2931 2903 de
2991 2848 3212 2902 vieariis
3256 2848 3407 2909 dicit,

1840 2938 1982 3007 quod
2013 2940 2315 2995 monastria
2356 2956 2451 3010 per
2477 2942 2681 2995 nullam
2711 2942 2980 2995 actionem
3012 2956 3042 2994 e
3081 2955 3181 2994 suo
3210 2956 3408 2994 mona-

1842 3030 2011 3085 sterio
2054 3032 2322 3086 trahatur.

1912 3148 2062 3204 CAP.
2106 3150 2169 3205 Il.
2202 3182 2271 3192 —
2294 3151 2433 3217 Quot
2488 3151 2567 3206 vel
2605 3152 2823 3222 quinam
2854 3152 3021 3206 dicere
3054 3153 3411 3205 testimonium

1764 3238 1808 3299 C
1840 3250 2031 3311 queant
2057 3241 2308 3297 adversus
2338 3243 2606 3311 episcOpos
2641 3251 2733 3295 aut
2766 3242 3001 3295 clericos.

2261 3336 2635 3401 Apostolorum
2662 3351 2828 3388 canon
2863 3334 2951 3387 75.

1913 3425 1981 3480 75
2003 3423 2135 3497 [74].
2170 3428 2228 3479 In
2261 3427 2633 3481 testimonium
2655 3427 2918 3481 adversus
2941 3424 3256 3494 episcopum
3298 3425 3410 3479 hai-

1843 3519 2046 3572 reticus
2087 3533 2173 3573 ue.
2191 3517 2553 3584 admittatur;
2591 3518 2686 3573 sed
2722 3533 2823 3573 nec
2848 3534 2988 3573 unus
3018 3519 3168 3571 solus
3202 3515 3409 3569 ﬁdelis;

1840 3608 1909 3664 In
1940 3626 2029 3664 ore
2062 3611 2204 3664 enim
2231 3610 2456 3663 duorum
2496 3608 2575 3664 vel
2626 3609 2788 3663 trium
2820 3610 3029 3663 testium
3075 3607 3233 3662 stabit
3262 3621 3412 3660 cuine

1839 3701 2072 3755 verbum.

1910 3792 2134 3847 Concilii
2167 3793 2606 3865 Carthaginensis
2639 3809 2863 3847 canones
2889 3792 2979 3860 20,
3012 3790 3099 3854 59,
3139 3791 3264 3844 151.

1914 3882 1991 3936 De
2010 3884 2326 3955 presbyteris
2352 3894 2401 3938 et
2434 3883 2637 3938 clericis
2666 3883 2948 3936 accusatis.

1911 4062 2000 4118 20.
2038 4060 2094 4116 Si
2120 4059 2425 4132 presbyteri
2456 4070 2511 4115 et
2541 4058 2777 4122 diaconi,
2815 4066 2923 4122 etc,
2964 4068 3019 4111 ut
3058 4074 3177 4127 pag.
3221 4057 3348 4113 706.

1908 4238 1973 4293 Ut
2004 4238 2181 4292 clerici
2202 4237 2265 4291 de
2291 4237 2478 4301 iudicii
2509 4237 2591 4289 sui
2618 4236 2914 4305 cognitione
2936 4251 3040 4289 non
3078 4245 3334 4304 cogantur
3359 4234 3409 4285 in

1840 4331 2046 4401 publica
2071 4330 2241 4384 dicere
2274 4330 2629 4383 testimonium
2666 4327 2801 4397 (91).

1912 4513 1999 4568 59.
2052 4513 2343 4567 Petendum
2368 4512 2415 4545 ²⁰
2447 4512 2612 4566 etiam
2640 4551 2655 4577 ,
2709 4520 2768 4565 ut
2806 4520 3045 4567 statuere
3099 4510 3421 4583 dignentur,’

152 4592 301 4645 ὥστε
348 4591 445 4644 ἐάν
497 4609 641 4655 τινες
687 4594 744 4644 ὲν
809 4592 1102 4662 Ἐκκλησία
1171 4593 1493 4662 οἱανδήποτε
1549 4592 1729 4644 αἰτίαν

1840 4615 1899 4659 ut
1929 4604 1972 4657 si
2013 4605 2107 4673 qui
2138 4602 2275 4658 forte
2311 4604 2365 4657 in
2411 4601 2641 4657 ecclesia
2689 4601 2988 4671 quamlibet
3028 4616 3247 4656 causam
3287 4601 3412 4670 jure

152 4681 504 4752 ἀποστολικῷ
529 4680 722 4751 δικαίῳ
751 4680 829 4751 τῷ
856 4683 976 4743 ταῖς
1007 4680 1355 4751 Ἐκκλησίαις
1398 4680 1731 4749 ἐπικειμένῳ

153 4775 436 4846 γυμνάσαι
467 4772 753 4843 θελήσωσι,
787 4773 877 4825 καὶ
914 4773 1041 4836 ἴσως
1071 4775 1102 4842 ὴ
1127 4773 1268 4842 τομὴ
1296 4773 1402 4825 τῶν
1453 4772 1730 4842 κληρικῶν

153 4867 230 4937 τῷ
257 4866 345 4921 ἐνὶ
373 4866 530 4936 μέρει
558 4866 845 4936 ἁπαρέσοι.
882 4864 956 4935 μὴ
980 4863 1176 4928 ἐξεῖναι
1214 4864 1350 4934 πρὸς
1381 4865 1730 4934 δικαστήριον

155 4959 234 5023 είς
274 4956 584 5028 μαρτυρίαν
614 4956 1000 5026 προκαλεῖσθαι
1046 4956 1136 5008 τὸν
1179 4956 1440 5027 κληρικὸν
1499 4958 1727 5021 ἐκεῖνον,

154 5048 247 5103 τὸν
319 5048 582 5118 πρότερον
613 5047 672 5099 τὸ
721 5048 849 5099 αὐτὸ
894 5049 1129 5118 πρᾶγμα
1180 5048 1596 5119 σκοπήσανταῆ
1638 5050 1733 5101 καὶ

162 5138 523 5206 σκοπουμένῳ
554 5138 935 5208 παρατυχόντα
966 5158 980 5171 ο
1011 5140 1103 5192 καὶ
1152 5140 1236 5192 ἵνα
1294 5138 1427 5209 μηδέ
1459 5138 1735 5210 προσώπῳ

160 5229 239 5293 τίς
291 5229 588 5299 προσήκων
646 5230 1106 5300 ὲκκλησιαστικῷ,
1149 5231 1404 5301 ἐναχοείη
1464 5231 1593 5300 περὶ
1640 5231 1735 5284 τοῦ

159 5320 402 5389 ὀφείλειν
432 5325 748 5392 μαρτυρεῖν.

334 5410 508 5477 Τίνας
532 5410 627 5465 δεῖ
644 5412 1081 5481 προσδέχεσθαι
1109 5414 1195 5477 εὶς
1220 5413 1573 5481 μαρτυρίαν.

231 5502 376 5573 pla’.
396 5502 689 5574 Μάρτυρας
704 5504 761 5555 δὲ
782 5503 914 5573 πρὸς
935 5506 1234 5575 μαρτυρίαν
1259 5506 1335 5575 μὴ
1348 5506 1734 5577 προσδέχεσθαι

231 5678 283 5710 ’⁸
305 5678 472 5734 Cone.
506 5677 758 5750 Carthag.
785 5697 836 5748 ν,
865 5697 985 5751 cap.
1020 5683 1103 5738 15.
1138 5681 1303 5737 Afric.
1334 5696 1386 5739 c.
1418 5682 1468 5736 6.

1840 4697 2136 4766 apostolico
2201 4696 2445 4751 ecclesiis
2501 4694 2760 4763 imposito
2812 4709 2971 4764 agere
3002 4694 3304 4755 voluerint,
3359 4703 3414 4747 ct

1836 4788 2069 4843 fortasse
2093 4788 2334 4842 decisum
2373 4786 2495 4859 [ms.
2526 4782 2752 4857 decisio]
2776 4785 3095 4841 clericorum
3127 4786 3219 4839 uni
3273 4786 3412 4855 parti

1853 4876 2227 4946 displicuerit;
2274 4890 2379 4929 non
2438 4875 2596 4930 liceat
2648 4875 2904 4929 clericum
2956 4874 3007 4928 in
3048 4875 3307 4941 iudicium
3343 4878 3409 4929 ad

1838 4969 2211 5024 testimonium
2248 4968 2500 5023 devocari
2543 4966 2703 5038 247
2739 4983 2900 5033 eum,
2925 4969 3015 5036 qui
3052 4968 3300 5036 cognitor
3328 4969 3409 5021 vel

1840 5075 2083 5130 praesens
2133 5060 2337 5115 fuerit:
2369 5069 2423 5114 et
2467 5059 2588 5132 [ηις.
2628 5062 2711 5128 ut]
2738 5060 2883 5113 nulla
2935 5059 3001 5113 ad
3035 5058 3407 5114 testimonium

1836 5153 2125 5209 dicendum
2185 5152 2535 5208 ecclesiastici
2581 5154 2875 5223 cujuslibet
2923 5166 3156 5223 persona
3223 5150 3407 5220 pulse-

1839 5253 1946 5298 tur.

1904 5413 2007 5479 Qui
2034 5423 2101 5467 ad
2133 5416 2487 5468 testimonium
2515 5414 2846 5468 admittendi.

1921 5506 2040 5560 l5l.
2093 5505 2281 5562 Testes
2318 5516 2502 5562 autem
2561 5507 2625 5562 ad
2667 5505 3038 5561 testimonium
3075 5518 3182 5559 non
3217 5502 3413 5558 admit-

242 5840 471 5910 (91)Al.
528 5838 601 5894 De
665 5838 866 5894 clericis
935 5840 1002 5893 ad
1058 5840 1411 5894 testimonium
1480 5856 1579 5892 non
1607 5840 1899 5911 pulsandis.
