3874 6296
552 2136 555 2143 4

557 449 662 516 719

1744 435 2003 497 PIlOTII
2032 425 2532 494 ΡΛΤΗΙΑΒΟΗιΈ
2564 423 2673 485 CP.

3673 421 3755 485 7'20

564 563 758 621 tendos
788 561 858 625 “,
908 558 999 629 qui
1047 572 1147 614 nec
1199 556 1265 613 ad
1306 553 1710 611 accusationem
1752 551 1964 606 admitti
1999 566 2137 619 prae-

2288 546 2366 608 ιὺς
2397 540 2531 613 μηδὲ
2559 537 2693 610 πρὸς
2726 532 3059 604 κατηγορίαν
3119 528 3455 599 εἰσδεχθῆναι
3496 534 3758 601 παραγγελ.

562 654 704 725 cepti
755 660 904 716 sunt,
952 651 1037 705 vel
1083 649 1247 705 etiam
1295 661 1432 718 quos
1460 646 1593 716 ,ipse
1626 651 1917 699 accusator
1942 642 2009 696 de
2036 657 2134 697 sua

2288 634 2517 703 ίντας,ἢ
2554 633 2637 684 ἐτι
2676 631 2784 701 μὴν
2814 626 2908 691 οὒς
2954 622 3117 687 αὐτὸς
3142 622 3171 674 ό
3212 622 3508 691 κατήγορος
3550 618 3675 687 οἶκος
3713 628 3764 681 ἐκ

564 749 726 803 domo
753 742 1091 815 produxerit.
1127 740 1209 795 Ad
1237 738 1613 795 testimonium
1646 744 1827 791 autem
1856 735 1996 790 intra
2036 748 2137 788 an-

564 853 664 893 nos
704 835 773 889 M
805 835 980 889 aetatis
1012 848 1123 888 suae
1152 847 1262 886 non
1302 831 1679 886 admittantur.

639 928 856 982 Toxlus.
891 925 1090 992 Quales
1144 937 1265 978 esse
1305 930 1551 991 oporteat
1604 919 1696 989 qui
1743 919 1797 974 in
1829 918 2036 989 judicio
2060 928 2142 972 te-

570 1019 886 1077 stimouium
923 1017 1126 1079 dicunt,
1161 1014 1322 1068 docet
1359 1014 1441 1068 tit.
1468 1012 1520 1077 5,
1546 1011 1640 1065 lib.
1668 1027 1803 1077 xxn,
1843 1018 1897 1064 et
1942 1010 2026 1063 tit.
2052 1007 2143 1074 20,

2243 723 2337 776 τοῦ
2363 722 2495 774 ἰδίου
2526 717 2676 771 οἴκου
2701 712 3031 785 προκομίσει
3058 728 3074 742 ·
3119 707 3393 780 μαρτυρία
3422 706 3477 759 δὲ
3510 707 3644 772 ἐντὸς
3669 712 3761 764 κεί.

2249 832 2348 889 ρας
2368 810 2630 866 ἐνιαυτῶν
2652 808 2710 862 ιδ’
2743 807 2819 878 μὴ
2843 800 3223 875 προσδεχθείη.

2331 904 2580 964 Ὀποίους
2603 901 2683 955 δεῖ
2706 893 2845 952 εἶναι
2879 896 3004 958 τοὺς
3030 896 3087 947 ἐν
3117 892 3243 965 δίκῃ
3290 892 3688 964 μαρτυροῦντας,
3709 895 3771 949 δι.

2250 998 2436 1052 δάσκει
2465 997 2493 1049 ό
2515 993 2557 1047 ε’
2579 993 2686 1047 τίτ.
2717 989 2810 1045 τοῦ
2836 988 2919 1060 κβ¹
2947 986 3092 1058 βι6λ.
3121 984 3217 1037 καὶ
3235 983 3265 1037 ό
3298 989 3347 1035 κ’
3377 984 3479 1037 τίτ.
3528 984 3613 1037 τοῦ
3635 985 3668 1037 δ’
3692 987 3772 1041 τίτ.

566 1110 658 1165 lib.
694 1125 768 1174 tv,
798 1107 933 1162 Cod.
959 1116 1011 1160 ct
1040 1076 1248 1160 novella
1277 1103 1345 1158 90
1375 1104 1440 1159 de
1470 1102 1719 1158 testibus.
1751 1076 1941 1155 Const.
1964 1108 2146 1153 autem

2288 1088 2346 1142 οὗ
2374 1087 2504 1142 κώδ.
2534 1086 2630 1140 καὶ
2656 1086 2691 1156 ἡ
2719 1083 2848 1155 περὶ
2885 1078 3179 1153 μαρτύρων
3233 1076 3405 1146 νεαρὰ
3432 1092 3446 1106 ’
3477 1078 3509 1146 ἡ
3537 1076 3589 1129 δὲ
3610 1076 3777 1133 θ’διάτ.

567 1203 600 1257 9
652 1200 892 1271 ejusdem
923 1199 993 1251 20
1047 1198 1129 1251 tit.
1166 1197 1261 1261 ait,
1297 1196 1440 1265 quod
1505 1210 1647 1248 unus
1693 1193 1843 1247 solus
1895 1206 1999 1244 non
2053 1203 2149 1241 au-

570 1295 774 1357 diatur,
811 1290 1027 1346 etiamsi
1080 1289 1289 1343 honore
1329 1285 1663 1356 pl'mfnlgeat.
1711 1283 2009 1338 [hereticus
2049 1297 2150 1335 au-

569 1398 675 1441 tem
707 1382 934 1437 omnino
965 1390 1151 1435 contra
1182 1379 1549 1434 orthodoxum
1584 1391 1692 1429 non
1732 1375 1865 1429 dicit
1910 1374 2151 1428 testimo-

568 1479 743 1541 nium,
775 1474 882 1529 nisi
922 1482 1143 1543 pmpter
1166 1469 1425 1526 curialem
1459 1478 1664 1524 statum
1700 1466 2040 1521 orthodoxus
2097 1463 2151 1517 in

565 1570 658 1639 jus
688 1577 953 1622 vocetur:
990 1574 1050 1619 ut
1085 1562 1296 1635 [tradit]
1351 1562 1445 1617 lib.
1498 1577 1533 1626 ι.
1565 1559 1707 1614 Cod.
1756 1558 1839 1612 tit.
1885 1558 1939 1623 5,
1977 1565 2153 1613 const.

568 1662 662 1723 ‘25,
695 1668 749 1713 et
786 1654 1017 1721 novella,
1045 1655 1112 1708 de
1145 1652 1531 1708 decurionibus
1561 1659 1614 1705 et
1639 1649 2013 1705 cohortalibus
2044 1648 2156 1702 hae-

570 1750 780 1811 reticis,
813 1746 915 1812 45,
973 1759 1095 1815 qua:
1142 1743 1314 1799 relata
1372 1748 1457 1797 est
1516 1740 1659 1796 inter
1714 1740 1966 1811 paratitla
2012 1739 2094 1794 tit.
2126 1739 2160 1792 '5

570 1841 937 1895 Novellarum.

2259 1180 2354 1234 τοῦ
2378 1176 2546 1233 αὐτοῦ
2578 1177 2629 1230 κ’
2654 1176 2761 1231 τίτ.
2800 1175 2986 1245 φησὶν,
3010 1173 3091 1225 ὅτι
3126 1165 3207 1235 εἷς
3237 1169 3396 1241 μόνος
3422 1168 3517 1221 οὐκ
3546 1169 3778 1235 ἀκούεται,

2256 1273 2361 1328 κᾶν
2395 1271 2565 1343 μέγας
2593 1269 2675 1339 εἴη
2708 1264 3078 1336 ἀξιωματικός
3110 1279 3126 1293 ν
3180 1260 3454 1331 αἰρετικδς
3497 1259 3550 1312 δὲ
3594 1259 3780 1314 καθόλω

2257 1365 2317 1418 οὐ
2342 1361 2760 1434 καταμαρτυρεῖ
2791 1356 3096 1429 όρΘοδόξου,
3129 1354 3177 1406 εἱ
3207 1353 3282 1423 μὴ
3306 1353 3433 1421 περὶ
3482 1350 3784 1420 βουλευτικῆς

2260 1456 2649 1515 καταστάσεως
2675 1454 2702 1505 ὁ
2732 1448 3009 1521 όρθόδοξος
3058 1447 3343 1513 ἐνάγηται,
3376 1443 3451 1506 ὡς
3486 1442 3618 1513 βιὸλ.
3645 1450 3687 1495 α’
3710 1444 3783 1497 τοῦ

2262 1547 2393 1602 κώδ.
2427 1546 2533 1599 τίτ.
2564 1545 2606 1597 ε’
2627 1543 2767 1598 διάτ.
2800 1546 2887 1594 κα⁹
2916 1538 3011 1593 καὶ
3039 1538 3096 1590 ἐν
3149 1539 3215 1607 τῇ
3251 1536 3380 1607 περὶ
3413 1535 3687 1606 βουλευτῶν
3717 1537 3787 1589 καί

2261 1636 2548 1703 ταξεωτῶν
2570 1633 2862 1705 αίρετικῶν
2923 1637 3004 1701 με’
3039 1630 3231 1700 νεαρᾷ,
3279 1626 3400 1697 ἥτις
3444 1630 3709 1699 ἀνήνεκται
3747 1630 3787 1680 ὲν

2263 1733 2375 1795 τοῖς
2399 1726 2749 1799 παρατίτλοις
2781 1722 2875 1778 τοῦ
2909 1728 2960 1793 γ’
2978 1722 3083 1789 τίτ.
3106 1721 3214 1775 τῶν
3239 1719 3488 1791 Νεαρῶν.

645 1930 801 1986 CAP.
840 1928 929 1983 Ill.
958 1958 1025 1979 τ-
1054 1924 1197 1992 Quid
1223 1940 1340 1979 vero
1363 1923 1410 1977 si
1438 1922 1554 1993 quis
1585 1922 1651 1974 de
1682 1918 1991 1974 criminibus
2016 1917 2154 1971 mul-

2331 1908 2578 1963 ΚΕΦΑΛ.
2617 1904 2693 1959 Γ’.
2715 1934 2784 1943 -
2825 1902 2970 1958 Ἐάν
3000 1918 3092 1967 τις
3111 1899 3211 1953 ἐπὶ
3235 1897 3491 1964 πολλοῖς
3506 1897 3791 1967 ἐγκλήμασι

576 2027 641 2078 tis
679 2024 927 2077 clericum
966 2035 1242 2083 accusans,
1275 2017 1505 2085 primunt
1550 2030 1615 2069 ex
1653 2014 1733 2067 his
1800 2013 2160 2067 demonstrare

574 2116 835 2189 nequeat?

891 2204 1119 2269 Concilii
1157 2197 1558 2269 Cathaginensis
1591 2211 1760 2248 canon
1792 2193 1913 2249 150.

626 2296 718 2354 'Ut
749 2300 839 2369 qui
893 2313 1055 2352 unum
1089 2295 1286 2348 crimen
1332 2306 1435 2344 non
1491 2287 1788 2357 probaverit
1832 2284 1899 2339 ad
1938 2284 2165 2338 alterum

578 2391 788 2445 admitti
824 2404 925 2442 non
959 2386 1163 2441 debeat.

646 2483 780 2537 Item
838 2480 1040 2551 placuit
1090 2484 1147 2530 ut
1198 2472 1665 2545 quotiescunque,
1725 2476 1872 2533 etc.,
1934 2475 1990 2520 ut
2045 2481 2164 2536 pag.

581 2576 702 2629 707.

645 2666 811 2738 2&8
862 2662 1014 2719 CAP.
1046 2660 1137 2716 IV.
1181 2691 1249 2701 —
1282 2659 1357 2714 De
1406 2659 1477 2712 iis
1504 2656 1593 2727 qui
1623 2654 1853 2725 propriis
1902 2665 2005 2704 non
2046 2647 2167 2702 obe-

584 2760 734 2813 diunt
766 2754 1043 2825 episcopis.
1082 2750 1148 2804 Et
1178 2751 1240 2804 de
1269 2748 1548 2819 epismpis,
1587 2746 1677 2815 qui
1697 2743 1964 2797 hominem
1987 2756 2019 2792 ιι
2046 2753 2170 2807 pro-

582 2851 698 2917 prio
755 2847 993 2917 episcopo
1043 2842 1255 2912 pulsum
1288 2838 1403 2907 [vel
1459 2834 1975 2890 excommunicatum
2034 2827 2171 2882 reci-

581 2942 753 3009 piunt.

959 3019 1185 3076 Concilii
1213 3014 1530 3070 Antiocheni
1561 3026 1738 3065 canon
1765 3011 1818 3065 6.

657 3118 713 3174 Si
768 3116 893 3187 quis
939 3131 969 3169 a
999 3113 1231 3186 proprio
1269 3111 1531 3181 eiuscopo
1582 3104 1692 3162 fuit
1733 3099 2176 3160 excommunica-

586 3224 695 3273 tus,
730 3227 797 3266 ne
843 3210 994 3280 prius
1048 3207 1117 3261 ab
1153 3205 1276 3260 aliis
1312 3201 1643 3272 suscipiatur
1669 3240 1684 3264 ,
1739 3212 1903 3268 quam
1953 3195 2174 3249 fuerita

591 3304 813 3375 proprio
841 3303 1100 3372 episcopo
1142 3304 1430 3365 susceptus
1450 3334 1465 3359 ,
1496 3293 1577 3349 vel
1599 3290 1743 3345 facta
1772 3289 1980 3360 synodo
2009 3299 2167 3341 acce-

597 3399 733 3451 dens
763 3409 826 3449 se
855 3390 1177 3454 defenderit,
1210 3395 1264 3442 et
1302 3398 1564 3455 persuasa
1614 3382 1825 3455 synodo
1853 3380 2014 3435 aliam
2046 3392 2169 3434 sen-

593 3485 824 3540 tentiam
868 3481 1133 3536 retulerit.
1185 3476 1331 3532 Idem
1363 3484 1543 3530 autem
1571 3474 1849 3529 decretum
1906 3470 2170 3525 adversus

590 3579 779 3643 laicos,
812 3584 866 3630 et
896 3573 1266 3645 presbyteros,
1301 3578 1354 3624 et
1375 3566 1658 3633 diaconos,
1693 3573 1749 3622 et
1785 3578 1881 3621 eos
1914 3563 2007 3635 qui
2042 3568 2172 3618 sunt

592 3672 645 3725 in
678 3667 808 3725 cleri
843 3666 1087 3735 catalogo
1116 3663 1455 3718 observetur.

656 3847 889 3903 (ἐσθιειίῆ
936 3842 1370 3914 Carthaginensis
1410 3854 1632 3895 canones
1672 3836 1739 3905 9,
1770 3836 1873 3902 29,
1918 3835 2015 3902 79,
2049 3834 2170 3889 152.

665 3940 742 3994 De
776 3939 858 3993 Itis
903 3939 993 4009 qui
1032 3937 1218 3992 merito
1250 3935 1548 4005 facinorum
1579 3946 1796 3987 suorum
1831 3928 1896 3983 ab
1940 3926 2175 3982 ecclesia:

595 4031 999 4102 congregatione
1030 4028 1321 4099 pelluntur.

674 4210 727 4265 9.
768 4207 1107 4279 Augustinus
1170 4204 1459 4275 episcopus
1481 4204 1565 4271 ",
1625 4202 1837 4273 legatus
1883 4198 2179 4269 provinciae

598 4299 897 4365 Numidiae,
933 4298 1071 4353 dixit
1109 4314 1124 4352 :
1162 4296 1275 4350 Hoc
1306 4303 1543 4350 statuere
1570 4289 1893 4362 dignamini,
1927 4297 1985 4344 ut
2008 4289 2054 4345 si
2085 4287 2177 4360 qui

598 4391 740 4445 forte
771 4390 967 4444 merito
997 4385 1301 4442 facinorum
1349 4398 1573 4439 suorum
1635 4382 1705 4435 ab
1761 4380 2007 4436 Ecclesia
2034 4380 2176 4451 pulsi

603 4482 735 4556 [ηις.
768 4478 1004 4552 expulsi]
1050 4484 1201 4544 sunt,
1233 4487 1288 4533 et
1321 4478 1435 4531 sive
1467 4475 1534 4530 ab
1589 4472 1772 4544 aliquo
1800 4472 2057 4542 episcopo
2096 4472 2179 4526 vel

603 4573 927 4644 presbytero
945 4571 1154 4627 fuerint
1180 4572 1235 4625 in
1260 4567 1702 4625 communionem
1728 4566 1991 4636 suscepti,
2013 4565 2178 4620 etiam
2212 4592 2259 4651 υ

604 4665 718 4735 ipse
751 4663 867 4735 pari
909 4677 1035 4718 cum
1093 4661 1173 4715 eis
1219 4659 1449 4714 crimine
1485 4664 1731 4712 teneatur
1764 4655 2034 4710 obnoxius
2060 4652 2174 4721 (92)

602 4754 932 4824 refugientes
966 4753 1078 4822 (95)
1113 4753 1198 4806 sui
1227 4749 1467 4820 episcopi
1500 4747 1744 4818 regulare
1769 4744 2063 4817 judicium.
2095 4744 2178 4797 Ab

614 4844 886 4900 universis
917 4842 1187 4913 episcopis
1218 4840 1422 4896 dictum
1456 4845 1541 4893 est
1575 4854 1591 4893 :
1627 4836 1895 4892 Omnibus
1925 4833 2121 4903 placet.

675 4933 733 4989 Si
768 4936 887 5005 quis
917 4934 1401 4987 excommunicatus
1439 4938 1561 4983 ante
1589 4925 1916 4981 audientiam
1940 4938 2177 4977 commu-

604 5026 782 5079 nicare
818 5024 1248 5095 prwsumpserit,
1289 5022 1398 5091 ipse
1431 5021 1485 5074 in
1528 5035 1582 5074 se
1623 5016 2017 5072 damnationem
2052 5028 2179 5083 pro-

608 5119 751 5173 tulit.

676 5210 766 5264 29.
810 5209 942 5264 Item
986 5208 1097 5279 (94)
1132 5205 1337 5278 placuit
1374 5205 1631 5261 universo
1679 5186 1935 5272 concilio,
1975 5213 2037 5259 ut
2082 5200 2177 5272 qui

526 5252 585 5282 λς,

679 5328 724 5358 ²¹
754 5325 924 5380 Cone.
957 5322 1144 5377 Carth.
1178 5336 1275 5387 vn,
1315 5334 1431 5389 cap.
1462 5320 1525 5388 4;
1557 5318 1724 5376 Afric.
1756 5334 1809 5375 c.
1835 5318 1925 5375 98.
2000 5318 2047 5350 “
2080 5316 2269 5372 Cartli.

684 5444 797 5517 (92)
827 5443 928 5517 ills.
967 5459 1010 5517 _¢
1056 5441 1157 5517 ipsi
1187 5438 1301 5517 pari
1328 5477 1343 5492 .
1374 5478 1389 5492 .
1424 5478 1439 5493 .
1475 5445 1807 5517 .‘teneanlur
1838 5435 2079 5517 obnosii.
2124 5453 2143 5487 ι

680 5506 792 5585 (⁷95)
826 5506 1257 5567 Burcbarduset
1280 5507 1392 5574 lvo,
1428 5507 1833 5579 refugientibus,
1869 5506 2185 5571 Gratianus,

609 5602 890 5640 reluctans.

923 5661 1116 5724 quaast.
1145 5652 1201 5718 3,
1229 5665 1350 5724 cap.
1376 5648 1432 5714 9,
1482 5649 1572 5703 ubi
1620 5647 1941 5724 citatursub
1967 5645 2189 5724 nomine

612 5716 829 5783 concilii
861 5716 1099 5779 Africani
1128 5739 1142 5777 :
1187 5716 1313 5776 'sed'
1348 5734 1455 5774 non
1489 5720 1757 5790 reperitur
1789 5718 1888 5774 nisi
1919 5720 1972 5772 in
2001 5716 2188 5790 codice

613 5814 913 5860 canonum,
961 5804 1015 5851 et
1058 5793 1292 5856 refertur
1320 5793 1373 5844 in
1433 5805 1465 5843 ν
1513 5786 1724 5859 synodo
1772 5790 2017 5860 sessione
2042 5787 2097 5860 '_7,
2133 5786 2187 5840 in

616 5871 777 5941 epist.
813 5857 988 5941 Vigilii
1039 5860 1425 5940 papae—Est
1470 5875 1502 5917 e
1545 5857 1782 5918 concilio
1837 5857 2188 5931 Hipponiore—

2261 1998 2544 2069 κληρικοῦ
2567 1995 3006 2066 κατηγορήσας,
3038 1992 3121 2063 μὴ
3147 1989 3438 2059 ἀποδείξῃ
3461 1988 3525 2043 τὸ
3558 1988 3794 2056 προτεθὲν

2261 2092 2496 2162 πρῶτον
2512 2090 2862 2159 κεφάλαιον.

2526 2181 2796 2235 Συνόδου
2820 2178 3239 2250 ΚαρθαγέὛ-νης
3259 2175 3463 2231 κανὼν
3496 2173 3587 2244 ρλ¹.

2338 2273 2475 2328 Ἵνα
2508 2275 2539 2326 ὁ
2572 2270 2707 2340 περί
2737 2270 2873 2336 ἐνὸς
2910 2270 3287 2339 ἐγκλήματος
3307 2264 3613 2328 ἀποδεῖξαι
3625 2261 3697 2332 μὴ
3719 2262 3793 2317 δυ-

2265 2367 2539 2436 νάμενος,
2590 2363 2743 2431 πρὸς
2768 2362 2974 2430 ἕτερον
2993 2361 3079 2433 μὴ
3105 2356 3409 2429 είσδεχθῇ.

2351 2457 2579 2527 Ὁμοίως
2615 2456 2811 2526 ἤρεσεν
2842 2454 2931 2509 ἵνα
2961 2452 3381 2524 όσακισδήποτε,
3412 2467 3473 2504 κ.
3503 2465 3553 2502 τ.
3572 2446 3620 2501 λ.

2340 2637 2594 2691 ΚΕΦΛΛ.
2658 2638 2732 2689 Δ’.
2763 2664 2832 2674 —-
2890 2633 3030 2703 Περὶ
3063 2631 3183 2687 τῶν
3224 2630 3312 2701 μὴ
3372 2630 3798 2699 πειθῳχούντων

2271 2729 2393 2796 τοῖς
2432 2728 2672 2794 οἰκείοις
2724 2726 3077 2791 ἐπισκόποις
3105 2739 3119 2752 ·
3190 2723 3287 2777 καὶ
3340 2722 3475 2790 περὶ
3514 2722 3799 2776 ἐπισκόπει)

2273 2817 2601 2886 δεχομένου
2636 2817 2743 2870 τὸν
2775 2813 2895 2870 ὑπὸ
2914 2813 3019 2867 τοῦ
3048 2809 3203 2866 ίδίου
3241 2812 3582 2866 ἐπισκόπου
3632 2811 3801 2878 ἐκϐλη-

2277 2909 2455 2968 θέντα
2492 2909 2530 2977 ἣ
2563 2908 2682 2963 ἀπὸ
2712 2905 3027 2970 κοινωνίας
3059 2906 3411 2974 γενόμενον.

2557 2999 2831 3054 Συνόδου
2866 2998 3233 3065 Ἀντιοχείας
3269 2995 3477 3049 κανὼν
3500 3002 3572 3060 ς’.

2347 3093 2419 3148 Εἴ
2436 3110 2520 3156 τις
2545 3090 2649 3145 ὑπὸ
2677 3090 2769 3144 τοῦ
2822 3090 2952 3143 ἰδίου
3006 3088 3306 3143 ἐπισκόπου
3358 3086 3705 3155 ἀκοινώνητος
3730 3084 3799 3151 γέ-

2278 3204 2424 3258 γονε,
2459 3184 2534 3256 μὴ
2564 3183 2829 3256 πρότερον
2852 3183 3015 3236 αὑτὸν
3072 3182 3202 3252 παρ’
3229 3180 3438 3250 ἐτέρων
3464 3178 3717 3249 δεχθῆναι,
3766 3178 3801 3229 εἰ

2280 3281 2355 3352 μὴ
2385 3281 2476 3333 ὑπ’
2512 3276 2678 3332 αὑτοῦ
2710 3275 3085 3349 παραδεχθείη
3120 3272 3216 3328 τοῦ
3269 3273 3405 3327 ἰδίου
3466 3268 3799 3336 ἐπισκόπου.ἦ

2273 3371 2494 3426 συνόδου
2525 3368 2826 3440 γενομένης
2853 3367 3172 3436 ἀπαντήσας
3215 3364 3615 3435 ἀπολογήσεται
3648 3377 3661 3392 °
3710 3360 3801 3413 πεί-

2274 3482 2375 3530 σας
2394 3482 2452 3516 τε
2480 3463 2579 3534 τὴν
2620 3461 2859 3528 σύνοδον,
2892 3458 3244 3523 καταδὲξοιτο
3264 3459 3462 3529 ἑτέραν
3493 3452 3803 3525 ἀπόφασινιὸ

2271 3555 2437 3620 αὐτὸς
2480 3555 2536 3608 δὲ
2559 3555 2683 3627 ὅρος
2726 3553 2820 3607 ἐπὶ
2858 3551 3064 3608 λαῖκῶν
3092 3551 3186 3605 καὶ
3215 3549 3602 3622 πρεσϐυτέρων
3624 3545 3805 3600 καὶδια-

2272 3647 2468 3712 κόνων,
2504 3644 2602 3698 καὶ
2634 3644 2855 3697 πάντων
2882 3641 2992 3697 τῶν
3021 3643 3081 3698 ἐν
3112 3641 3194 3714 τῷ
3230 3641 3425 3712 κλήρῳ
3489 3637 3805 3707 καταλεγομέ-

2274 3756 2381 3793 νων
2413 3737 2705 3809 κρατείτω.

2274 3827 2549 3883 Συνόδου
2581 3826 3001 3896 Καρθατέννης
3036 3822 3237 3879 κανὼν
3286 3822 3331 3876 θ’
3364 3822 3451 3878 κθ¹
3485 3822 3560 3894 ξβ¹
3589 3821 3657 3875 οϐ’
3701 3818 3805 3890 ρκβκ

2348 3919 2490 3989 Περὶ
2514 3918 2635 3973 τῶν
2667 3918 2796 3971 κατ’
2829 3918 3010 3981 ἀξίαν
3030 3916 3149 3969 τῶν
3173 3915 3412 3970 οἰκείων
3467 3911 3807 3983 ἀτοπημάτων

2274 4013 2346 4068 ἐκ
2395 4011 2501 4066 τοῦ
2559 4008 3070 4078 ἐκκλησιαστικοῦ
3131 4007 3449 4078 συλλόγου
3499 4002 3809 4073 excauare.

2277 4120 2420 4157 νων.

2354 4193 2419 4249 θ’.
2442 4194 2801 4262 Αὑγουστῖνος
2825 4191 3117 4255 ἐπίσκοπος
3138 4206 3338 4260 τοποτη
3348 4186 3524 4259 ρητὴς
3540 4187 3629 4257 τῆς
3642 4184 3812 4253 Νουμη·

2280 4286 2435 4356 δικῆς
2460 4285 2645 4356 χώρας
2675 4279 2851 4336 εἶπεν·
2876 4280 3049 4335 Τοῦτο
3080 4280 3259 4351 ὁρίσαι
3287 4277 3676 4347 καταξιώσατε,
3702 4274 3809 4326 ὥστε

2281 4378 2409 4441 τοὺς
2439 4377 2603 4444 ἀξίως
2627 4376 2736 4428 τῶν
2788 4373 3004 4428 οἰκείων
3032 4372 3396 4443 ἐγκλημάτων
3426 4372 3537 4427 ἀπὸ
3571 4374 3660 4441 τῆς
3718 4368 3813 4421 Ἐκ·

2284 4468 2513 4539 κλησίας
2539 4464 2886 4535 διωχθέντας,
2918 4464 3015 4515 ἐάν
3048 4479 3132 4524 τις
3170 4461 3474 4525 ἐπίσκοπος
3494 4460 3528 4530 ἢ
3558 4455 3812 4527 πρεσὸύτε-

2288 4577 2379 4630 ρος
2433 4557 2651 4626 δέξηται
2695 4557 2774 4620 εἰς
2828 4555 3134 4621 κοινωνίαν,
3184 4555 3278 4608 καὶ
3321 4556 3493 4617 αὐτὸς
3513 4555 3592 4606 ἔτι
3620 4553 3712 4621 μὴν
3756 4547 3815 4615 τῷ

2285 4652 2386 4722 ἴσῳ
2444 4649 2753 4719 ἐγκλήματι
2803 4647 3104 4711 ὑπεύθυνος
3158 4647 3409 4716 γένηται,
3462 4646 3577 4717 ἅμα
3603 4646 3701 4704 τοῖς
3742 4638 3813 4691 τοῦ

2285 4743 2489 4797 οἰκείου
2518 4740 2818 4795 ἐπισκόπου
2855 4740 2954 4811 τὴν
2983 4738 3275 4811 κανονικην
3304 4738 3488 4810 ψῆφον
3539 4731 3809 4805 ἀποφυγοῦ-

2286 4852 2389 4889 σιν.

2355 4926 2429 4979 ΕΖ
2460 4944 2551 4991 τις
2602 4926 2720 4981 ἀπὸ
2773 4925 3089 4990 κοινωνίας
3126 4921 3233 4988 ὢν,
3278 4923 3390 4991 πρὸ
3416 4920 3527 4976 τοῦ
3562 4913 3814 4979 ἀκουσθῆ-

2284 5033 2405 5083 rat,
2438 5017 2807 5086 κοινωνῆσαι
2855 5014 3172 5085 τολμήσω,
3223 5015 3409 5082 αὐτὸς
3465 5013 3593 5069 καθ’
3639 5005 3813 5065 ἑαυτοῦ

2284 5108 2401 5178 τὴν
2430 5108 2761 5176 καταδίκην
2783 5106 3142 5177 προήγαγεν.

2356 5198 2460 5255 κΘ’.
2498 5200 2729 5272 Ὀμοίως
2751 5201 2916 5271 ἤρεσε
2944 5199 3040 5252 σὺν
3072 5198 3222 5270 πάσῃ
3253 5201 3319 5271 τῇ
3363 5198 3585 5277 συνόδῳ,
3612 5195 3687 5248 ἵνα
3708 5193 3730 5245 ό
3750 5184 3815 5241 διὰ

2300 5333 2363 5383 ιι,
2391 5332 2511 5386 cap.
2539 5317 2592 5373 7.

2332 5433 2582 5514 iensintit.
2597 5436 2649 5514 ἕ)
2684 5435 2804 5514 (pro
2832 5436 3050 5514 quarto)
3093 5436 3232 5514 apud
3263 5433 3595 5514 Ferrandum
3620 5445 3723 5500 cap.

2324 5522 2354 5557 ιι
2386 5503 2570 5558 codice
2597 5504 2660 5558 P.
2697 5503 2908 5572 Pitliaai,
2938 5517 2991 5560 et
3020 5503 3073 5560 in
3107 5503 3435 5562 Collectione
3456 5516 3718 5572 canonum
3731 5512 3808 5549 ms.

2294 5574 2533 5646 collegii‘
2556 5573 2731 5630 Paris.
2765 5577 2872 5646 _sic
2897 5568 2916 5646 ί
2935 5577 3128 5646 legitur
3160 5596 3173 5631 ι
3213 5596 3231 5629 ι
3267 5576 3466 5639 Pierio,
3500 5585 3560 5646 et_
3577 5568 3810 5646 Ardebat?

2294 5637 2465 5699 coss:
2500 5642 2705 5700 Octavo
2750 5644 2865 5700 Cal.
2893 5637 3146 5702 Octbbris
3178 5647 3230 5701 in
3268 5637 3492 5700 Basilica
3541 5637 3807 5697 Leontina:

2293 5713 2506 5796 maeuii.
2555 5716 2809 5796 universo
2852 5718 3108 5796 concilio,
3156 5736 3175 5769 ι
3219 5715 3468 5796 ctua-ubi
3498 5712 3808 5796 Ιίὶρροξξῐιειξ

2293 5784 2517 5866 basilica
2553 5786 2936 5866 “designatur:
2987 5777 3165 5845 sedet
3190 5777 3440 5845 consules
3489 5777 3612 5839 anui
3634 5777 3743 5842 427,
3763 5778 3807 5826 ιιι

2292 5855 2515 5927 quidem
2548 5855 2699 5914 Fasti
2726 5864 2937 5913 notant.
