4012 6406
247 340 351 403 721

1077 336 1475 397 SYNTAGMA
1513 334 1898 396 CANONUM.
1929 360 1998 371 ·-
2022 336 2171 397 ΤΙΤ.
2209 336 2314 409 ΙΧ,
2353 334 2512 395 CAP.
2551 331 2743 393 III-V.

3388 324 3496 388 722

244 448 525 523 ρᾳθυμίαν
595 447 759 502 αὐτοῦ
825 448 933 502 ἀπὸ
987 450 1271 512 κοινωνίας
1338 449 1650 520 γενόμενος,
1706 450 1814 501 εἴτε

1940 449 2423 503 :xcommunicatus
2482 444 2645 499 fuerit
2696 458 2795 513 pro
2854 455 2956 496 suo
3020 439 3309 511 neglectu,
3375 439 3492 494 sive

241 542 566 607 ἐπίσκοπος,
625 540 736 592 εἴτε
788 540 1101 611 οίοσδήποτε
1144 541 1425 611 κληρικδς,
1482 540 1577 594 ἐὰν
1632 541 1691 594 ἐν
1743 542 1821 613 τῷ

237 632 424 705 καιρῷ
455 633 557 704 τῆς
593 632 986 702 ἀκοινωνησίας
1030 630 1219 699 αὐτοῦ,
1271 632 1377 705 πρὸ
1405 632 1499 685 τοῦ
1553 631 1822 703 ἀκουσθῆ-

235 743 357 790 ναι,
382 727 466 789 είς
498 726 786 780 κοινωνίαν
816 724 1097 795 τολμήσοι,
1144 724 1306 787 αὐτὸς
1334 725 1456 778 καθ’
1484 724 1683 779 ἐαυτοῦ
1723 724 1823 795 τὴν

232 816 425 887 ψῆφον
451 817 550 887 τῆς
581 817 876 887 καταδίκης
904 816 1275 888 ἐξενηνοχέναι
1299 818 1487 889 κριθῇ.
1577 817 1591 829 ⁶

426 907 566 974 Περὶ
588 907 708 961 τῶν
737 906 1285 977 καταδικαζομένων
1319 907 1644 977 κληρικῶν.

318 996 422 1068 ξβ¹,
449 999 685 1052 Κάκεῖνο
716 999 797 1052 δεῖ
824 1000 1043 1069 αίτῆσαι
1077 1000 1164 1053 ἵνα
1184 1000 1362 1068 ὁρίσαι
1392 999 1824 1068 καταξιώσωσιν,

235 1088 388 1143 ὥστε
447 1090 707 1163 κληρικὸν
753 1093 1081 1163 οἱασδήποτε
1123 1092 1291 1163 τιμῆς
1318 1092 1675 1163 τυγχάνοντα,
1730 1091 1826 1146 ἐπὶ

236 1181 545 1252 οίῳδήποτε
574 1181 883 1254 ἐγκλήματι
916 1185 985 1254 τῇ
1012 1182 1121 1236 τῶν
1166 1185 1482 1238 ἐπισκόπων
1508 1185 1689 1256 κρίσει
1719 1203 1822 1240 κα-

236 1272 661 1337 ταδικασθέντα,
697 1273 771 1344 μὴ
812 1271 1012 1336 ἐξεῖναι
1035 1271 1127 1325 τὸν
1162 1273 1344 1339 αὐτὸν,
1385 1274 1495 1326 εἴτε
1526 1275 1675 1344 παρὰ
1725 1276 1825 1346 τῆς

251 1363 591 1435 Ἐκκλησίας
649 1359 720 1436 ἧς
773 1364 1056 1436 ὑπῆρχεν,
1119 1364 1227 1418 είτε
1287 1364 1439 1436 παρὰ
1507 1365 1826 1435 οίουδήποτε

239 1456 562 1528 ἀνθρώπου,
624 1456 1009 1511 διεκδικεῖσθαι
1033 1472 1048 1488 °
1072 1456 1265 1527 ποινῆς
1301 1456 1392 1508 ἐπὶ
1437 1456 1613 1527 τούτῳ
1642 1473 1820 1526 παρα-

237 1548 521 1619 τεθείσης,
556 1538 758 1621 ζημίας
813 1550 1114 1620 χρημάτων
1145 1565 1205 1601 τε
1258 1549 1355 1603 καὶ
1411 1550 1580 1620 τιμῆς
1620 1564 1634 1577 ⁸
1673 1550 1823 1614 ὅπως

242 1641 388 1713 μηδὲ
447 1643 636 1711 κεῖραν
685 1641 822 1714 μηδὲ
871 1641 1033 1711 φύσιν
1090 1638 1468 1711 ἀπολογητέαν
1525 1636 1666 1696 εἶναι
1734 1658 1827 1695 κεο

238 1732 501 1786 λεύωσιν.

312 1822 415 1877 σθ’.
445 1822 584 1892 Περὶ
611 1823 731 1877 τῶν
750 1823 837 1894 μή
866 1827 1297 1895 φροντιζόντων
1322 1825 1623 1895 κληρωτῶν
1649 1825 1823 1893 ἐντὸς
1856 1811 1899 1866 Β

239 1913 529 1969 ἐνιαυτοῦ
558 1914 778 1984 πρᾶξαι
818 1917 886 1971 τὸ
918 1917 1075 1974 ἴδιον
1103 1917 1365 1989 πρᾶγμα.

320 2008 495 2062 Πάλιν
521 2008 727 2081 ὡρίσθη
755 2009 844 2063 ἵνα
864 2012 1053 2076 ὁσάκις
1101 2011 1378 2083 κληρικῶν
1433 2009 1823 2080 ἐλεγχθέντων,

240 2100 345 2155 καὶ
388 2100 777 2172 καταθεμένων
812 2106 934 2156 τινὰ
992 2103 1337 2174 ἐγκλήματα,
1378 2101 1490 2154 εἴτε
1520 2101 1609 2154 διὰ
1640 2101 1699 2153 τὸ
1726 2101 1827 2169 τῆς

254 2193 589 2264 Ἑκκλησίας
650 2194 871 2261 ὄνειδος,
922 2195 1031 2247 είτε
1058 2195 1145 2248 διὰ
1173 2196 1273 2266 τὴν
1308 2193 1718 2263 αἰδεσιμότητα,
1753 2187 1827 2245 ὧν

240 2284 408 2357 χάριν
422 2286 631 2349 τούτοις
646 2286 813 2355 φειδὼ
832 2286 1064 2355 γίνεται,
1085 2288 1195 2341 εἴτε
1227 2278 1314 2341 διὰ
1331 2289 1428 2360 τὴν
1448 2287 1683 2351 ἀλαζόνα
1716 2287 1825 2339 τῶν

240 2377 542 2447 αίρετικῶν
557 2378 648 2431 καὶ
676 2378 904 2433 ἐθνικῶν
921 2379 1325 2449 ἐπιγαυρίασιν,
1337 2380 1431 2434 ἐὰν
1444 2380 1521 2445 ὡς
1537 2380 1677 2444 είκὸς
1692 2382 1829 2434 ἐπα-

240 2469 584 2539 γωνίσασθαι
599 2469 679 2540 τῷ
699 2470 811 2542 ἰδίῳ
823 2472 1129 2543 πράγματι,
1151 2472 1247 2526 καὶ
1266 2472 1364 2543 τῆς
1380 2472 1518 2536 ίδίας
1535 2472 1829 2535 ἀϐλαϐείας

242 2560 536 2633 φροντίσαι
581 2559 903 2632 θελήσωσιν,
949 2561 1099 2625 ἐντὸς
1126 2561 1523 2632 ἀκοινωνησίας
1577 2562 1827 2614 ἐνιαυτοῦ

239 2655 407 2709 τοῦτο
436 2656 737 2726 ποιήσωσιν
762 2671 777 2685 ·
819 2654 913 2708 ἐὰν
934 2655 991 2709 δέ
1025 2655 1174 2718 ἐντὸς
1226 2654 1471 2710 ἐνιαυτοῦ
1505 2654 1564 2708 τὸ
1593 2655 1827 2724 πρᾶγμα

244 2748 432 2801 αὐτῶν
489 2748 734 2817 καθάραι
783 2750 1262 2818 καταφρονήσωσι,
1324 2746 1570 2818 μηδεμία
1624 2744 1831 2799 τούτων

243 2840 342 2895 τοῦ
373 2838 561 2893 λοιποῦ
594 2840 746 2910 φωνὴ
784 2838 1068 2903 παντελῶς
1101 2837 1479 2910 προσδεχθείη.

325 2933 448 2986 Ὅτι
469 2935 580 2987 οὐκ
627 2934 852 3001 ὀφείλει
886 2932 1004 2986 τῶν
1039 2930 1481 3001 ἐπιλεγομένων
1531 2926 1833 2983 δικαστῶν

267 3024 311 3091 ἠ
336 3025 536 3093 γνώμη
562 3022 1021 3090 ἐξουθενεῖσθαι.

327 3116 464 3186 ρκβ’.
490 3117 644 3169 Κατὰ
657 3116 713 3169 δέ
738 3116 848 3170 τῶν
867 3116 1133 3169 δικαστῶν
1149 3115 1256 3170 τῶν
1277 3115 1418 3169 κατὰ
1431 3116 1617 3190 κοινὴν
1646 3120 1832 3173 συναίο

248 3222 404 3281 νεσιν
430 3207 813 3276 ἐπιλεγέντων,
849 3207 924 3278 μὴ
954 3206 1152 3271 ἐξεῖναι
1183 3207 1554 3277 ἐκκαλεῖσθαι,
1589 3211 1736 3276 ὅστις
1773 3213 1831 3265 δέ

250 3300 456 3370 δήποτε
489 3298 832 3368 ἀποδειχθείη
858 3298 950 3352 διὰ
1001 3298 1326 3370 μονοτονίαν
1378 3302 1453 3374 μὴ
1501 3302 1678 3356 θέλειν
1726 3306 1837 3367 τοῖς

249 3392 538 3453 δικασταῖς
571 3392 936 3463 πειθαρχῆσαι
973 3410 987 3424 ⁸
1016 3393 1173 3447 τοῦτο
1196 3395 1483 3463 γινώσκων
1510 3397 1538 3449 ὁ
1566 3396 1666 3466 τῆς
1688 3395 1839 3466 πρώ-

252 3500 359 3557 της
406 3483 676 3553 καθέδρας
730 3484 1052 3549 ἐπίσκοπος,
1108 3485 1270 3539 δώσει
1320 3487 1646 3558 γράμματα,
1694 3485 1837 3540 ὥστε

258 3575 473 3646 μηδένα
521 3575 630 3629 τῶν
675 3575 997 3630 ἐπισκόπων
1040 3575 1191 3647 αὐτῷ
1240 3577 1586 3648 κοινωνῆσαι,
1614 3576 1720 3642 ἕως
1777 3569 1837 3631 οὗ

256 3668 553 3738 πειθαρχῇ.

335 3762 583 3816 ΚΕΦΛΛ.
610 3762 685 3817 E'.
723 3793 793 3803 —
819 3761 961 3832 Περὶ
995 3760 1181 3816 δικῶν
1201 3760 1550 3819 ἐπισκόπων
1575 3763 1674 3819 καί
1697 3767 1840 3835 κλη-

246 3852 462 3926 ρικῶν.

694 3947 751 4003 Ἀ
764 3948 1084 4004 ποστόλων
1107 3948 1308 4003 κανὼν
1331 3949 1425 4004 οδ’.

337 4034 398 4090 οδ
417 4075 432 4089 .
459 4037 786 4095 Ἐπίσκοπον
808 4038 1278 4113 κατηγορηθέντα,
1311 4056 1367 4095 κ.
1400 4056 1454 4092 τ.
1478 4037 1529 4091 λ.

497 4212 769 4268 Συνόδου
802 4214 1162 4282 Ἀντιοχείας
1187 4216 1391 4269 κανὼν
1419 4212 1476 4269 ιδ’
1512 4216 1594 4269 ιε’.

343 4299 426 4354 ιδ’.
452 4303 515 4356 EE
571 4320 657 4367 τις
687 4304 987 4369 ἐπίσκοπος
1014 4306 1106 4358 ἐπί
1130 4323 1270 4360 τισιν
1301 4306 1608 4378 ἐγκλήμασι
1638 4308 1833 4378 κρίνοι,

256 4394 453 4448 ἔπειτα
492 4396 731 4467 συμϐαίη
770 4399 897 4468 περὶ
948 4397 1116 4452 αὐτοῦ
1166 4398 1457 4468 διαφωνεῖν
1482 4402 1609 4465 τοὺς
1658 4402 1717 4454 ἐν
1768 4404 1836 4473 τῇ

1924 540 2229 610 episc0pus,
2256 540 2369 594 sive
2397 537 2621 607 quilibet
2644 534 2897 596 clericus,
2921 544 2973 587 et
2997 541 3241 601 tempore
3269 545 3493 585 excoma.

1925 632 2308 688 ntunicationis
2349 630 2512 701 249
2542 643 2655 684 sua;
2703 635 2829 682 ante
2860 625 3194 680 audientiam
3248 638 3493 678 commu-

1924 728 2143 783 nionem
2194 724 2649 795 praesumpserit,
2721 721 2838 791 ipse
2900 719 2952 772 in
3008 733 3067 774 se
3127 714 3494 773 damnationis

1919 820 2193 891 judicetur
2223 817 2519 887 protulisse
2552 813 2897 871 sententiam.

2352 910 2426 963 De
2457 908 2666 962 clericis
2698 905 2989 959 damnatis.

1988 1003 2078 1061 εει.
2110 1003 2177 1059 Et
2201 1003 2331 1058 illud
2348 1002 2393 1033 ³³
2422 999 2738 1071 petendum,
2790 1005 2849 1051 ut
2895 1003 3134 1050 statuere
3181 992 3493 1071 dignentur,

1928 1105 1987 1152 ut
2033 1096 2079 1151 si
2115 1096 2238 1165 quis
2269 1070 2569 1163 cujuslibet
2613 1087 2836 1142 honoris
2876 1085 3106 1140 clericus
3133 1070 3340 1152 judicio
3383 1079 3500 1149 epi-

1928 1202 2220 1257 scoporum
2256 1197 2584 1254 quocunque
2610 1181 2841 1236 crimine
2872 1176 3037 1232 fuerit
3057 1175 3497 1236 damnatus,non

1926 1277 2088 1334 liceat
2116 1293 2240 1333 eum
2275 1278 2390 1331 sive
2420 1275 2488 1329 ab
2518 1271 2775 1327 Ecclesiis
2808 1270 3006 1340 quibus
3032 1265 3263 1337 praefuit,
3311 1264 3426 1319 sive
3461 1279 3491 1317 a

1928 1368 2171 1438 quolibet
2200 1367 2420 1421 homine
2450 1362 2743 1426 defensari,
2774 1358 3087 1430 interposita
3104 1371 3263 1429 poena
3284 1354 3492 1416 damni,

1927 1459 2192 1531 pecunize,
2250 1466 2415 1526 atque
2461 1454 2724 1516 honoris,
2777 1466 2886 1521 quo
2930 1466 3029 1505 nec
3071 1459 3287 1505 aetatem
3317 1486 3332 1513 ,
3397 1461 3501 1502 nec

1929 1566 2116 1609 sexum
2144 1548 2514 1606 excusandum
2537 1560 2658 1602 esse
2688 1544 3022 1615 praecipiant.

2001 1851 2080 1906 De
2107 1849 2312 1905 clericis
2348 1847 2439 1920 qui
2496 1848 2640 1901 intra
2681 1859 2881 1899 annum
2911 1856 3125 1897 causam
3155 1856 3306 1894 suam
3347 1854 3499 1910 agere

1930 1959 2034 1996 non
2078 1941 2440 2010 procurarint.

2001 2032 2089 2087 79.
2127 2029 2340 2085 Rursus
2388 2029 2747 2086 constitutum
2797 2027 2942 2097 est,"
2976 2025 3113 2097 (95),
3170 2032 3231 2078 ut
3286 2021 3502 2092 quoties

1928 2125 2140 2180 clericis
2170 2123 2437 2179 convictis
2493 2136 2547 2178 et
2601 2120 2874 2177 confessis
2921 2121 2976 2175 in
3022 2119 3207 2188 aliquo
3244 2115 3496 2178 crimine,

1930 2216 2012 2271 vel
2043 2226 2262 2285 propter
2301 2228 2514 2279 eorum,
2548 2227 2782 2282 quorum
2842 2209 3183 2266 verecundiae
3239 2206 3499 2277 parcitur,

1928 2307 2012 2362 vel
2056 2314 2274 2376 propter
2313 2303 2570 2360 Ecclesiae
2607 2301 2986 2372 opprobrium,
3032 2309 3126 2355 aut
3174 2300 3525 2354 insolentem.

1930 2396 2341 2449 insultationem
2395 2392 2778 2448 haereticorum
2848 2400 3012 2460 atque
3071 2389 3400 2460 gentilium,
3457 2388 3502 2442 si

1931 2488 2071 2543 forte
2098 2502 2277 2543 causae
2325 2501 2440 2542 suae
2473 2484 2668 2540 adesse
2694 2483 2988 2549 voluerint,
3024 2491 3079 2536 et
3132 2481 3500 2536 innocentiam

1930 2595 2087 2633 suam
2136 2594 2406 2644 asserere,
2457 2579 2599 2632 intra
2649 2591 2853 2630 annum
2915 2572 3507 2629 excommunicationis

1933 2672 2035 2725 hoc
2077 2671 2318 2725 faciant:
2351 2670 2394 2725 si
2428 2684 2556 2725 vero
2604 2668 2748 2723 intra
2800 2682 3004 2721 annum
3077 2679 3301 2721 causam
3347 2678 3517 2725 suam

1930 2780 2165 2837 purgare
2211 2764 2661 2835 contempserint,
2704 2762 2854 2818 nulla
2906 2775 3098 2816 eorum
3146 2773 3251 2815 vox
3319 2764 3527 2829 postea,

1933 2859 2150 2928 penitus
2176 2858 2449 2912 audiatur.

2022 2949 2175 3016 Quod
2233 2950 2516 3005 electorum
2560 2947 2806 3019 judicum
2857 2947 3115 3003 sententia
3168 2943 3343 3015 sperni
3403 2957 3521 2999 now

1934 3041 2139 3096 debeat.
2418 3094 2425 3099 .

2046 3134 2169 3188 122.
2219 3133 2266 3187 A
2311 3132 2589 3204 judicibus
2642 3139 2823 3188 autem
2876 3131 2959 3197 ’⁸,
3008 3144 3148 3200 quos
3202 3126 3512 3186 communis

1938 3240 2237 3283 consensus
2275 3224 2517 3295 elegerit,
2551 3238 2659 3278 non
2708 3223 2867 3278 liceat
2898 3237 3212 3292 provocare.
3248 3221 3317 3276 Et
3354 3220 3510 3291 quis-

1937 3318 2061 3390 quis
2122 3326 2447 3388 provocatus
2499 3324 2744 3386 repertus
2792 3315 2955 3370 fuerit
2982 3330 3078 3385 per
3107 3312 3510 3373 contumaciam

1939 3410 2081 3465 nolle
2113 3410 2488 3478 obtemperare
2521 3407 2821 3477 judicibus,
2854 3421 2975 3460 cum
3010 3405 3115 3459 hoc
3149 3405 3341 3474 primae
3367 3403 3512 3459 sedis

1937 3504 2192 3574 episcopo
2222 3501 2386 3556 fuerit
2414 3501 2728 3570 probatum,
2764 3498 2854 3552 det
2890 3497 3120 3560 litteras,
3160 3508 3218 3550 ut
3250 3495 3434 3551 nullus
3463 3496 3511 3550 ei

1939 3592 2309 3650 communicet
2341 3592 2747 3662 episcoporum,
2777 3588 2948 3647 donec
2974 3587 3336 3657 obtemperet.

2010 3768 2195 3841 250.
2245 3767 2399 3824 CAP.
2431 3765 2500 3821 Υ.
2548 3796 2619 3808 —-
2641 3765 2719 3821 De
2744 3764 3105 3835 episcoporum
3131 3771 3179 3818 et
3204 3760 3516 3817 clericorum

1934 3861 2178 3934 judicit's.

2386 3951 2759 4020 Apostolorum
2786 3967 2954 4005 canon
2980 3949 3068 4005 74.

1927 4039 1990 4096 74
2013 4040 2159 4116 [πμ]
2186 4040 2569 4114 Episcopuma
2589 4043 2722 4098 viris
2752 4043 2878 4107 fide,
2899 4050 3028 4109 t-tc.,
3057 4050 3111 4095 ut
3139 4055 3263 4111 pag.
3284 4038 3411 4098 698.

2199 4220 2428 4285 Concilii
2455 4222 2765 4279 Antiocheni
2802 4239 3026 4277 canones
3057 4222 3144 4287 M,
3177 4223 3267 4277 15.

2012 4316 2099 4370 M.
2126 4316 2186 4372 Si
2210 4317 2334 4388 quis
2359 4317 2650 4387 episcopus
2667 4318 2738 4371 ob
2760 4316 2941 4385 aliqua
2959 4316 3187 4370 crimina
3214 4316 3513 4386 judicetur,

1941 4407 2135 4462 deinde
2174 4409 2456 4478 contingat
2492 4408 2800 4477 episcopos,
2842 4407 2936 4476 qui
2965 4416 3093 4462 sunt
3126 4407 3179 4460 in
3213 4407 3513 4477 provincia,

257 4486 505 4558 ἐπαρχίᾳ
567 4488 918 4556 ἐπισκόπους,
962 4489 1074 4543 τῶν
1110 4489 1209 4559 μὲν
1262 4490 1438 4543 ἀθῶον
1465 4490 1626 4545 αὐτὸν
1650 4493 1831 4562 κρινό-

1941 4499 2008 4554 de
2037 4514 2102 4553 eo
2125 4498 2433 4562 dissentire,
2480 4499 2588 4553 illis
2640 4497 2861 4568 quidem
2894 4513 3041 4563 eum,
3088 4497 3156 4552 de
3202 4512 3310 4567 quo
3343 4496 3519 4551 fertur

261 4593 428 4648 μενον
456 4580 885 4648 ἀποφαινόντων,
919 4581 1028 4634 τῶν
1057 4581 1115 4634 δέ
1166 4580 1368 4651 ἔνοχον,
1399 4582 1537 4653 ὑπὲρ
1590 4584 1836 4639 ἀπαλλα-

256 4672 367 4739 γῆς
424 4671 602 4739 πάσης
659 4672 1124 4744 ἀμφισϐητήσεως
1153 4673 1313 4741 ,ἔδοξε
1348 4677 1415 4745 τῇ
1472 4675 1604 4746 ἁγίᾳ
1636 4675 1836 4747 συνόδῳ

257 4763 355 4815 τὸν
398 4763 496 4833 τῆς
532 4764 919 4835 μητροπόλεως
980 4766 1303 4831 ἐπίσκοπον,
1350 4766 1458 4819 ἀπὸ
1483 4768 1581 4837 τῆς
1612 4767 1835 4837 πλησιο-

255 4853 440 4925 χώρου
468 4857 737 4927 ἐπαρχίας
767 4857 1192 4927 μετακαλεῖσθαι
1240 4857 1460 4929 ἐτέρους
1517 4858 1671 4923 τινὰς
1708 4861 1834 4923 τοὺς

256 4948 818 5018 ἐπικρινοῦνταςηκαὶ
852 4950 952 5027 τὴν
998 4949 1411 5023 ἀμφισϐήτησιν
1455 4951 1830 5018 διαλύσοντας,

264 5037 366 5092 τοῦ
418 5038 713 5109 βεϐαιῶσαι
756 5044 852 5096 σὺν
882 5044 995 5106 τοῖς
1023 5044 1088 5096 ἐκ
1122 5045 1217 5114 τῆς
1249 5043 1516 5114 ἐπαρχίας
1566 5042 1628 5100 τὸ
1686 5060 1820 5115 παρ-

256 5132 568 5203 ιστάμενον.

333 5227 486 5280 ιεέ.Εῐ
498 5229 579 5291 τῖς
599 5226 895 5292 ἐπίσκοπος
918 5229 1010 5284 ἐπί
1034 5245 1174 5282 τισιν
1192 5228 1496 5300 ἐγκλήμασι
1526 5246 1835 5302 κατηγορη⁶

256 5317 399 5382 θεὶς,
457 5319 669 5391 κριθείη
705 5321 810 5375 ὑπὸ
843 5321 1058 5375 πάντων
1083 5320 1193 5375 τῶν
1229 5323 1288 5374 ἐν
1332 5324 1400 5393 τῇ
1430 5322 1672 5393 ἐπαρχίᾳ
1701 5321 1826 5374 ἐπι-

1944 4588 2247 4652 scntentia,
2284 4588 2626 4643 innocentem
2674 4587 3192 4655 prouuntiantibus,
3246 4588 3331 4642 his
3389 4602 3518 4642 vero

1944 4693 2098 4733 reum
2137 4695 2151 4732 :
2187 4693 2282 4747 pro
2331 4686 2445 4732 tota
2486 4679 2864 4747 componenda
2914 4680 3287 4734 controversia
3336 4679 3516 4734 visum

1942 4780 2026 4825 est
2057 4778 2257 4825 sancta:
2282 4769 2511 4841 synodo,
2550 4778 2608 4823 ut
2630 4770 3085 4839 metropolitanus
3128 4770 3421 4841 episcopus
3449 4785 3517 4825 ex

1943 4862 2248 4933 propinqua
2278 4861 2557 4932 provincia
2587 4862 2725 4916 alios
2773 4872 2965 4917 evocet
3015 4861 3364 4932 judicaturos
3390 4902 3406 4928 ,
3464 4868 3521 4914 et

1942 4955 2377 5015 controversiam
2428 4954 2751 5020 decisuros,
2807 4964 2861 5010 et
2907 4970 3031 5014 cum
3084 4954 3512 5026 provincialibus

1943 5048 2087 5118 quod
2120 5047 2407 5118 probatum
2457 5046 2642 5113 fuerit,
2675 5048 2981 5102 confirmet.

2014 5225 2103 5280 15.
2146 5222 2203 5278 Si
2241 5223 2366 5294 quis
2388 5224 2680 5294 episcopus
2706 5223 3014 5293 aliquorum
3038 5222 3333 5277 criminum
3354 5238 3521 5280 accu-

1936 5329 2108 5383 satus,
2144 5315 2309 5372 fuerit
2336 5316 2404 5371 ab
2442 5316 2698 5372 omnibus
2728 5316 3024 5387 provincia:
3070 5316 3345 5388 episcopis
3380 5330 3518 5372 con-

334 5430 383 5463 ¹³
410 5429 583 5509 gone.
601 5431 1004 5509 gartliaggap.
1030 5435 1096 5503 2;
1131 5434 1304 5492 Afric.
1331 5451 1382 5491 c.
1410 5435 1500 5491 29.
1577 5436 1626 5468 "
1653 5434 1824 5492 Cone.
1853 5434 2109 5509 Carthag.
2137 5452 2190 5504 v,
2223 5450 2275 5491 c.
2307 5435 2403 5505 l2;
2450 5435 2617 5492 Afric.
2654 5452 2703 5492 c.
2755 5435 2843 5492 46.
2919 5436 2967 5470 ’⁸
2996 5434 3164 5491 Cone.
3198 5434 3423 5493 Milevit.
3452 5453 3513 5501 ιι,

262 5515 393 5572 cap.
420 5503 525 5567 24;
557 5503 731 5560 Afric.
763 5519 813 5559 c.
849 5506 938 5561 89.

339 5618 1213 5703 (95)_Qon§ule‘H‘incma‘rumuin
1270 5628 1431 5703 epist.
1465 5625 1553 5693 54,
1607 5638 1739 5703 tom.
1770 5626 1832 5690 ll,

260 5689 1216 5779 νοεῖ-βξῆςαρξινιιιιιιευῐῖθιιρθιοιί
1270 5689 1363 5779 111),
1413 5715 1469 5760 v,
1493 5689 1613 5779 cap.
1649 5699 1747 5779 .57,
1781 5708 1836 5752 et

261 5761 363 5817 lib.
393 5775 487 5830 vn,
520 5775 639 5832 cap.
691 5762 801 5820 45:
839 5782 857 5815 ι
896 5763 1238 5821 Manifestum
1283 5777 1366 5825 est
1418 5761 1662 5826 confiteri
1711 5761 1838 5825 eum

1946 5627 2013 5682 de
2034 5627 2284 5693 crimine,
2306 5628 2398 5698 qui
2430 5629 2640 5684 indulto
2663 5638 2717 5683 et
2738 5629 2987 5699 delegato
3014 5627 3220 5699 judicio
3247 5630 3515 5699 purgandi

1948 5714 2005 5751 se
2069 5700 2361 5754 occasione
2416 5716 2522 5753 non
2590 5700 2781 5754 utitur.
2818 5719 2835 5751 ι
2881 5701 3009 5758 Item
3060 5700 3372 5764 Gratianus,
3428 5701 3515 5766 10,

1946 5768 2031 5834 Ill,
2058 5779 2250 5838 quazst.
2287 5770 2340 5837 9,
2375 5771 2745 5839 Deccrnimus,
2780 5781 2883 5825 etc.
