3874 6296
554 257 665 320 723·
1704 267 1967 325 PHOTEI
2008 266 2084 324 PA

2198 267 2513 330 iIARCH/E
2535 271 2646 331 ΟΡ.
3645 288 3728 353 ’χοι

555 373 864 436 demnatus,
893 379 947 428 et
983 386 1174 428 omnes
1204 387 1368 428 unam
1403 375 1832 430 consentientem
1860 377 2085 432 adversu

2225 381 2467 445 σκόπων.
2493 381 2696 444 πάντες
2737 398 2796 434 τε
2852 383 3132 454 σύμφωνω
3170 385 3300 455 μίαν
3337 390 3450 442 κατ’
3478 393 3623 450 “gms
3667 403 3735 468 ξ’

555 480 678 519 eum
731 465 1055 520 sententiam
1104 467 1364 533 tulerint,
1419 467 1467 522 is
1503 482 1570 521 ne
1618 469 1850 537 amplius
1881 469 1950 522 ab
1997 469 2085 523 alii

2229 470 2502 538 ενέγκοιεν
2532 471 2737 542 ψῆφον,
2767 470 2954 526 τοῦτον
2980 473 3178 544 μηκέτι
3205 476 3333 546 παρ’
3350 479 3540 549 ἐτέροις
3564 465 3739 553 δικὰζέ-

551 556 846 626 judicetur,
875 559 966 614 sed
997 560 1290 630 provinciae
1317 560 1694 630 episcoporum
1725 561 1880 617 ﬁrma
1906 577 2081 618 mane:

2231 559 2377 626 σθαι,
2421 560 2556 614 ἀλλὰ
2596 561 2776 632 μένειν
2825 561 3052 630 βεϐαίαν
3094 565 3194 635 τὴν
3239 566 3518 638 σύμφωνον
3545 575 3636 629 τῶν
3670 584 3741 636 ἐπὶ

556 649 848 704 sententia.

2229 650 2330 721 τῆς
2362 651 2628 722 ἐπαρχίας
2667 654 2984 708 ἐπισκόπων
3010 655 3302 724 ἀπόφασιν.

766 738 996 794 Concilii
1027 740 1463 796 Chalcedonensis
1504 758 1671 796 canon
1729 744 1783 809 9,
1818 744 1908 797 17.

2461 743 2732 799 Συνόδου
2764 746 3150 814 Χαλκηδόνος
3178 750 3376 804 κανὼν
3400 753 3441 806 θ’
3475 756 3551 819 ιζ’.

628 827 680 881 9.
713 826 771 882 Si
811 831 934 899 quis
959 831 1189 886 clericus
1214 832 1374 886 habet
1409 848 1528 884 cum
1559 833 1758 887 clerico
1789 833 1959 897 litem,
1990 842 2120 898 etc.,

2301 834 2366 888 θ’.
2398 835 2466 889 Et
2511 853 2594 899 τις
2630 837 2888 907 κληρικός
2941 838 3078 912 πρὸς
3118 841 3372 912 κληρικδν
3405 849 3616 917 πρᾶγμα
3641 852 3746 922 ἔχειν

556 929 613 972 ιιι
651 935 774 990 pag.
810 921 932 976 702.

2230 941 2285 978 κ.
2314 942 2363 979 τ.
2394 926 2445 980 1.
3452 913 3459 914 ί
3525 913 3560 917 η
3666 913 3689 924 ”

628 1014 715 1068 17.
773 1012 904 1080 Qua:
952 1023 1080 1070 sunt
1129 1015 1182 1070 in
1229 1031 1553 1088 unaquaque
1586 1017 1865 1088 provincia
1914 1015 2124 1072 rurales

2301 1013 2386 1073 ιζ’.
2415 1016 2524 1080 Τὰς
2545 1017 2666 1072 καθ’
2694 1019 2931 1085 ἐκᾶστην
2966 1019 3296 1092 Ἐκκλησίαν
3351 1023 3648 1094 ἀγροικικὰς
3671 1051 3751 1087 πα.

559 1105 866 1175 parochias,
903 1116 1110 1170 etc.,ut
1134 1123 1256 1177 pag.
1293 1107 1418 1163 650.

1187 1124 1256 1177 lg.
1293 1107 1418 1163 650.
2236 1109 2467 1178 ροικίας,
2497 1127 2552 1164 κ.
2584 1128 2636 1166 τ.
2667 1111 2717 1163 λ.

772 1196 998 1259 Concilii
1031 1197 1367 1254 Sardicensis
1404 1216 1628 1255 canones
1664 1201 1718 1264 5,
1743 1199 1797 1265 5,
1823 1199 1909 1254 Η.

2474 1201 2744 1256 Συνόδου
2764 1201 3062 1272 Σαρδικῆς
3088 1206 3290 1260 κανὼν
3317 1213 3364 1274 γ’
3385 1213 3425 1260 ε’
3460 1209 3535 1265 ιδ’.

624 1287 677 1345 3.
716 1287 878 1345 Ositts
903 1290 1192 1361 episcopus
1209 1292 1348 1348 dixit
1375 1312 1389 1346 :
1433 1292 1546 1348 lloc
1572 1308 1790 1363 quoque
1817 1295 2125 1349 necessario

2300 1300 2374 1361 γ’.
2409 1295 2592 1354 Ὃσιος
2622 1294 2922 1360 ἐπίσκοπος
2945 1293 3097 1352 εἶπεν
3119 1313 3134 1329 ο
3182 1297 3500 1367 ’Λναγκαῖον
3530 1303 3755 1361 καὶτοῦτο

555 1389 640 1436 est
671 1382 1056 1452 adjiciendum,
1098 1393 1228 1450 etc.,
1254 1395 1310 1438 ut
1340 1403 1463 1456 pag.
1495 1385 1622 1440 471.

1340 1403 1463 1456 pag.
1495 1385 1622 1440 471.
2232 1383 2617 1455 προστεθῆναι,
2648 1401 2704 1438 κ.
2736 1402 2787 1439 τ.
2815 1386 2865 1440 1.

627 1473 680 1529 5.
706 1472 871 1530 Osius
898 1477 1187 1546 episcopus
1211 1477 1348 1532 dixit
1378 1488 1394 1532 ‘:
1426 1476 1660 1544 Placuit,
1702 1489 1762 1534 ut
1795 1477 1842 1534 si
1872 1478 1996 1550 quis
2015 1479 2127 1548 epi-

2298 1483 2360 1530 ε’.
2383 1477 2572 1541 "Octo;
2595 1477 2890 1542 ἐπισκοπος
2911 1474 3064 1533 εἶπεν
3087 1497 3102 1513 ·
3121 1479 3375 1552 Ἦρεσεν,
3395 1482 3480 1536 ῖνα
3498 1484 3549 1536 εἰ
3573 1502 3648 1549 τις
3666 1487 3757 1540 ἐπί-

555 1579 754 1634 scopus
780 1566 991 1621 delatus
1012 1564 1194 1633 luerit,
1229 1577 1360 1636 etc.,
1393 1577 1450 1620 ut
1479 1584 1602 1638 pag.
1626 1567 1753 1622 471.

1676 1567 1753 1621 il.
2233 1583 2432 1632 σκοπος
2458 1567 2875 1639 καταγγελθείη,
2907 1586 2962 1622 κ.
2991 1586 3044 1626 τ.
3068 1569 3118 1625 λ.
3200 1590 3206 1596 ·

624 1655 782 1726 251
863 1656 1279 1728 Responderunt
1312 1658 1548 1728 episcOpi
1583 1677 1596 1711 :
1651 1658 1783 1725 Quae
1822 1657 1962 1714 dicta
1997 1665 2154 1739 sunt.

2303 1658 2698 1729 Ἀπεκρίναντο
2736 1661 2784 1713 οἱ
2819 1661 3109 1714 ἐπίσκοποι
3137 1677 3151 1691 ·
3192 1664 3272 1718 Τὰ
3296 1664 3548 1736 λεχθέντα
3577 1669 3754 1739 ἧρεσεν.

553 1749 895 1819 placuerunt.
2147 1734 2196 1792 B

626 1841 716 1897 14.
755 1840 919 1898 Osius
961 1842 1248 1913 episcopus
1277 1843 1450 1898 dixit:
1485 1841 1637 1909 Quod
1685 1851 1864 1897 autem
1909 1856 1994 1896 me
2025 1855 2120 1894 un-

2280 1836 2361 1892 ιδ’.
2394 1837 2577 1900 "Octo;
2595 1836 2892 1902 ἐπίσκοπος
2903 1834 3042 1893 εἴπεο
3070 1840 3143 1895 Τὸ
3171 1840 3483 1896 δέέζπάντοτέ
3507 1861 3568 1913 με
3587 1845 3754 1912 κινοῦν,

552 1933 841 2002 dequaque
865 1941 1066 1998 movet,
1097 1933 1324 1988 reticere
1354 1948 1460 1988 non
1494 1933 1684 1987 debeo.
1727 1930 1784 1986 Si
1819 1931 2082 1985 inveniatu

2228 1932 2607 2002 itttoctwrrﬁaat
2633 1930 2732 1984 οὑκ
2753 1931 2952 1998 ὀφείλω
2990 1947 3005 1963 ο
3046 1933 3098 1986 εῖ
3121 1950 3207 1996 τις
3236 1935 3530 1999 ἐπίσκοπος
3549 1937 3758 2007 ὀξύχολος

552 2025 679 2092 quis
709 2023 1001 2094 episcopus
1043 2025 1110 2078 ad
1162 2024 1298 2078 iram
1350 2038 1652 2094 propensus
1693 2020 1856 2094 (quod
1901 2021 2080 2091 quidet

2229 2025 2543 2096 εὑρίσκοιτο,
2572 2025 2708 2094 ὅπερ
2748 2023 2848 2076 οὑκ
2877 2023 3079 2093 ὀφείλει
3105 2027 3163 2078 ἐν
3195 2027 3424 2098 τοιούτῳ
3452 2029 3595 2100 ἀνδρὶ
3638 2031 3759 2084 πολι-

549 2112 622 2170 ab
669 2114 938 2185 ejusmodi
995 2115 1217 2170 homine
1268 2115 1460 2169 abesse
1515 2113 1694 2184 debet)
1749 2122 1803 2168 et
1859 2113 2079 2167 adversu

2227 2112 2498 2172 τεὺεσθαι.
2525 2113 2620 2166 καὶ
2650 2112 2895 2182 τραχέως
2947 2114 3178 2187 ἀντικρὺ
3223 2117 3642 2190 πρεσϐυτέρουῆ
3665 2120 3757 2174 δια-

550 2201 923 2273 presbyterum
974 2203 1058 2258 vel
1103 2203 1392 2257 diaconum
1452 2202 1561 2257 cito
1617 2209 1943 2263 commotus,
1993 2216 2078 2254 eui

2230 2203 2386 2256 κόνου
2406 2201 2709 2271 ἐκϐληθεὶς,
2735 2199 2985 2254 ἐκϐαλεῖν
3008 2201 3330 2273 Ἑκκλησίας
3367 2205 3525 2259 αὑτὸν
3563 2206 3757 2279 θελήσοι,

551 2290 791 2347 Ecclesia
838 2294 1038 2359 ejicere
1075 2294 1340 2360 voluerit;
1391 2293 1786 2364 providendum
1829 2302 1912 2348 est
1965 2307 2030 2346 ne
2073 2291 2081 2344 i

2230 2293 2552 2364 προνοητέον
2584 2293 2718 2355 ἐστὶ,
2743 2291 2818 2362 μὴ
2852 2292 3046 2363 ἁθρόον
3075 2295 3167 2348 τὸν
3207 2296 3451 2350 τοιοῦτον
3487 2300 3759 2369 κατακρίνεε

547 2397 771 2454 repente
800 2387 1214 2450 condemnetur,
1246 2395 1301 2442 et
1339 2387 1725 2442 communione
1755 2386 2023 2455 privetur.

1860 2393 2023 2440 retur.
2224 2380 2371 2442 σθαι,
2403 2380 2496 2433 καὶ
2514 2380 2610 2450 τῆς
2640 2378 2924 2443 κοινωνίας
2949 2381 3390 2454 ἀποστερεῖσθαι.

616 2473 820 2532 Omnes
849 2477 1088 2547 episcopi
1137 2477 1396 2533 dixerunt
1428 2496 1442 2531 :
1478 2477 1580 2545 Qui
1613 2475 1847 2547 ejicitur.
1879 2485 2119 2547 potesta.

2290 2473 2496 2535 Πάντες
2533 2473 2819 2544 εἰρήκασιν
2849 2489 2862 2504 ⁸
2901 2474 2957 2528 Ὀ
2997 2475 3392 2546 ἐκϐαλλόμενος
3442 2477 3602 2548 ἐχέτω
3639 2480 3762 2546 ἐξον-

551 2575 656 2620 tem
703 2567 864 2622 habet
916 2567 1264 2636 confugiendi
1317 2568 1384 2623 ad
1437 2569 1751 2637 episcopum
1803 2567 2081 2636 metropoli

2230 2566 2341 2620 τίαν
2379 2567 2469 2618 ἐπὶ
2498 2565 2586 2618 τὸν
2612 2566 2911 2621 ἐπίσκοπον
2940 2567 3041 2636 τῆς
3100 2570 3512 2640 μητροπόλεως,
3536 2571 3642 2643 ἦτοι
3691 2573 3760 2627 τὸν

547 2658 793 2728 ejusdem
872 2661 1168 2730 provincia:
1227 2678 1241 2714 :
1297 2662 1344 2715 si
1420 2670 1601 2718 autem
1667 2657 2070 2728 metropolitani

2229 2658 2647 2730 μητροπολίτην,
2694 2663 3032 2729 καταφυγεῖν
3064 2677 3078 2691 ο
3112 2662 3161 2713 εί
3200 2661 3256 2714 δὲ
3288 2665 3316 2715 ὁ
3361 2663 3462 2732 τῆς
3521 2667 3759 2734 μητροπό-

551 2752 730 2820 abest,
777 2754 846 2809 ad
902 2756 1194 2810 tinitinium
1239 2756 1624 2822 concurrendi,
1674 2765 1728 2811 et
1775 2754 2002 2825 rOgandi
2057 2769 2081 2808 ι]

2229 2753 2358 2814 λεως
2388 2751 2636 2816 ἄπεστιν,
2672 2753 2764 2805 ἐπὶ
2783 2752 2872 2806 τὸν
2900 2752 3274 2823 πλησιόχωρον
3299 2755 3661 2826 κατατρέχειν,
3686 2757 3759 2809 καὶ

551 2862 713 2900 suum
754 2847 1035 2918 negotium
1077 2858 1331 2903 accurate
1354 2847 1718 2901 exatninetur.
1751 2843 1935 2915 Neque
1968 2846 2081 2900 enir

2230 2842 2410 2908 ἀξιοῦν
2464 2842 2553 2896 ἴνα
2599 2842 2735 2913 μετὰ
2794 2843 3102 2912 ἀκριϐείας,
3147 2842 3310 2896 αὑτοῦ
3375 2843 3676 2912 ἐξετάζηται
3716 2845 3760 2897 τὸ

551 2954 658 2992 non
699 2949 827 2994 sunt
865 2954 1026 2993 aures
1056 2938 1355 3008 prmbendm
1387 2938 1455 2993 iis
1488 2936 1581 3006 qui
1627 2947 1837 3007 rogant.
1867 2935 1961 2991 Ille
1993 2952 2081 3006 qut

2230 2935 2455 3004 πρᾶγμα
2483 2947 2497 2962 ⁶
2543 2934 2604 2986 οὑ
2661 2933 2766 3005 χρὴ
2821 2933 2929 3005 γὰρ
2963 2935 3035 3004 μὴ
3077 2935 3308 3004 ὑπέχειν
3342 2935 3444 2998 τὰς
3477 2934 3634 2996 ἀκοὰς
3674 2939 3760 2997 τοῖς

551 3045 660 3100 que
703 3030 1015 3099 episcopus,
1045 3030 1138 3098 qui
1179 3029 1303 3098 jure
1348 3029 1431 3083 vel
1481 3028 1680 3097 injuria
1726 3043 1848 3082 eum
1891 3027 2081 3097 expuli

2232 3025 2463 3092 αξιοῦσιν
2491 3043 2503 3055 ·
2544 3026 2748 3087 ἐκεῖνος
2778 3024 2833 3076 δὲ
2867 3028 2894 3078 ὀ
2941 3027 3260 3091 ἐπίσκοπος,
3295 3027 3323 3080 ὁ
3365 3026 3634 3096 δικαίωςῆ
3672 3026 3762 3078 ἀδί-

551 3137 710 3191 ιυηιιο
741 3121 925 3174 animo
959 3120 1098 3173 ferre
1137 3120 1294 3174 debet
1326 3128 1385 3174 ut
1434 3118 1511 3173 rei
1541 3117 1635 3172 iiat
1670 3119 2025 3182 examinatio,
2068 3137 2081 3173 ι

2232 3138 2337 3182 κως
2369 3117 2614 3171 ἐκϐαλὼν
2645 3118 2735 3170 τὸν
2769 3117 3034 3183 τοιοῦτον,
3071 3119 3334 3186 γενναίως
3369 3119 3553 3189 φέρειν
3577 3117 3762 3187 ὀφείλει,

551 3214 636 3266 vel
691 3211 810 3281 ejus
868 3211 1224 3264 conﬁrmetur
1282 3211 1594 3276 sententia,
1654 3211 1738 3265 vel
1795 3211 2081 3280 corrigatu‘

2233 3214 2313 3266 ἵνα
2359 3213 2393 3282 ἡ
2449 3211 2693 3278 ἐξέτασις
2727 3208 2819 3262 τοῦ
2861 3210 3182 3279 πράγματος
3230 3209 3482 3279 γένηται,
3523 3210 3610 3262 καὶ
3640 3209 3763 3278 i125-

551 3300 881 3370 Priusquam
941 3311 1120 3353 autem
1177 3299 1462 3370 diligenter
1517 3310 1572 3354 et
1640 3314 1708 3355 ex
1765 3301 1868 3355 llde
1915 3300 2081 3372 singul

2233 3303 2372 3376 ρωθῇ
2404 3301 2564 3355 αὐτοῦ
2601 3301 2956 3372 ὴὰπόφασις,
2984 3301 3015 3370 ἢ
3054 3300 3400 3372 διορθώσεως
3440 3301 3574 3371 τύχη
3607 3317 3618 3329 ·
3663 3300 3763 3370 πρὶν

553 3390 863 3446 examinata
909 3387 1130 3454 fuerint,
1163 3390 1257 3458 qui
1308 3391 1751 3444 communionem
1800 3405 1906 3444 non
1940 3391 2083 3445 habe

2234 3397 2281 3450 δὲ
2308 3393 2582 3467 ἐπιμελῶς
2611 3393 2818 3447 ἕκαστα
2843 3391 3124 3462 ἐξετασθῇ,
3161 3393 3188 3444 ό
3217 3391 3292 3462 μὴ
3318 3391 3462 3462 ἔχων
3493 3392 3585 3461 τὴν
3613 3408 3764 3443 κοινω-

555 3496 663 3536 non
696 3481 852 3535 debet
882 3487 1005 3534 ante
1040 3481 1116 3535 rei
1149 3483 1518 3550 cognitionem
1552 3483 1654 3536 sibi
1683 3483 2085 3538 communionet

2234 3487 2362 3552 νίαν,
2418 3484 2524 3554 πρὸ
2565 3486 2663 3552 τῆς
2712 3480 3054 3551 διαγνώσεως
3105 3481 3200 3535 τοὺ
3236 3483 3579 3554 πράγματος,
3623 3478 3764 3548 ἐαυτῷ

555 3587 834 3641 arrogare.
872 3571 930 3626 Si
979 3581 1160 3626 autem
1199 3572 1385 3627 clerici
1436 3572 1603 3642 aliqui
1640 3575 2018 3640 convenerint,
2074 3592 2085 3628 ι

2235 3578 2324 3633 οὑκ
2351 3578 2553 3646 ὀφείλει
2583 3575 2819 3628 ἐκδικεῖν
2841 3574 2940 3643 τὴν
2995 3574 3281 3628 κοινωνίαν
3315 3589 3330 3603 °
3373 3576 3469 3626 ἐὰν
3499 3575 3552 3626 δὲ
3584 3574 3765 3641 συνελη-

553 3665 674 3734 ejus
704 3665 1016 3734 superbiam
1047 3673 1102 3718 et
1137 3665 1505 3734 arrogantiam
1551 3665 1823 3725 viderint:
1858 3667 1986 3734 quia
2015 3683 2083 3722 no

2233 3669 2446 3732 λυθότες
2471 3668 2578 3721 τῶν
2601 3666 2878 3738 κληρικῶν
2905 3683 3046 3729 τινες
3085 3666 3344 3718 κατίδωσι
3378 3665 3478 3736 τὴν
3508 3664 3763 3734 ὑπεροψίαν

554 3757 809 3811 convenit
854 3756 1246 3810 contumeliam
1291 3755 1372 3809 vel
1426 3755 1682 3824 injustam
1729 3757 2084 3825 expostulatic

2235 3764 2321 3817 καὶ
2370 3761 2469 3831 τὴν
2514 3758 2833 3824 ἀλαζονείαν
2910 3757 3110 3823 αὑτοῦ,
3165 3758 3358 3828 ἐπειδὴ
3413 3759 3474 3810 οὑ
3533 3757 3765 3826 προσῆκόν

554 3864 679 3904 nem
714 3851 850 3918 pati,
885 3847 1261 3902 acerbioribus
1304 3855 1358 3900 et
1385 3845 1730 3914 gravioribus
1767 3846 1947 3901 verbis
1997 3859 2084 3900 eui

2235 3857 2376 3910 ἐστιν
2411 3854 2568 3924 ὓϐριν
2601 3853 2633 3923 ἦ
2673 3852 2880 3924 μέμψιν
2907 3852 3090 3907 ἄδικον
3111 3851 3433 3920 ὑπομένειν,
3469 3849 3765 3921 πικροτέροις

555 3941 758 3996 debent
795 3941 1090 4009 corrigere,
1125 3949 1185 3994 ιιι
1226 3940 1274 3994 ei
1307 3939 1401 4008 qui
1445 3938 1599 4008 jubet
1636 3953 1760 4007 quae
1788 3941 2001 4001 decent,
2045 3938 2085 3992 it

2236 3950 2320 4002 καὶ
2373 3945 2692 4017 βαρυτέροις
2749 3946 2990 4016 ῥήμασιν
3035 3944 3390 4016 ἐπιστρέφειν
3441 3944 3620 3997 τοῦτον
3650 3942 3766 4010 ὀφεί-

556 4032 801 4087 serviant
841 4039 895 4086 et
939 4031 1214 4086 obediant.
1259 4028 1412 4084 Sicut
1441 4028 1590 4084 enim
1635 4029 1793 4082 debet
1837 4029 2086 4098 episcopi:

2232 4041 2406 4094 λουσιν
2439 4055 2453 4070 ·
2495 4038 2582 4091 ἵνα
2606 4036 2683 4107 τῷ
2707 4037 2775 4090 τὰ
2797 4037 3074 4108 πρέποντα
3108 4036 3389 4089 κελεύοντι
3428 4035 3762 4107 ὑπηρετῶντσι

555 4123 822 4180 ministris
845 4123 1115 4180 sinceram
1135 4122 1479 4177 dilectionem
1498 4129 1552 4176 et
1574 4120 1826 4176 all‘ectum
1849 4121 2085 4190 prmbere

2235 4135 2319 4188 καὶ
2386 4133 2771 4187 ὑπακούωσιν·
2827 4133 3015 4204 ὥσπερ
3069 4134 3178 4204 γὰρ
3241 4137 3268 4186 ό
3336 4135 3628 4196 ἐπίσκοπος
3678 4134 3765 4194 τοῖς

555 4216 746 4270 eodem
779 4215 941 4271 modo
973 4225 1028 4270 et
1051 4214 1281 4285 subjebti
1313 4212 1510 4268 debent
1529 4212 1802 4282 episcopis
1839 4227 1949 4267 non
1979 4211 2085 4267 irati

2234 4226 2529 4298 ὑπηρέταις
2578 4224 2846 4295 εἰλικρινῆ
2896 4225 3098 4294 ὀφείλει
3168 4225 3266 4294 τὴν
3309 4227 3533 4296 ἀγάπην
3562 4224 3645 4277 καὶ
3688 4222 3764 4291 τὴν

554 4305 804 4362 duienter
834 4305 1199 4361 ministerium
1225 4313 1280 4360 et
1310 4302 1633 4374 obsequium
1664 4301 1944 4361 exhibere.

2231 4318 2463 4371 διάθεσιν
2492 4318 2775 4390 παρέχειν,
2814 4318 2904 4371 τὸν
2933 4317 3094 4370 αὐτὸν
3115 4318 3315 4388 τρόπον
3342 4321 3390 4371 οἱ
3434 4313 3761 4382 ὑποτεταγμέ-

2152 4420 2207 4479 D
2232 4427 2333 4474 VOt,
2369 4410 2570 4473 ἀδόλως
2595 4413 2708 4474 τοῖς
2739 4409 3056 4472 ἐπισκόποις
3081 4408 3149 4461 τὰ
3193 4409 3292 4478 τῆς
3326 4409 3621 4480 ὑπηρεσίας
3642 4408 3760 4458 ὲκτεο

2228 4504 2336 4556 λεῖν
2368 4503 2691 4570 ὀφείλουσιν.

623 4567 785 4638 252
827 4634 829 4636 η
865 4567 1092 4625 ϐαηεὶίίἱ
1147 4565 1574 4648 Carthaginensis
1631 4580 1853 4620 canones
1882 4564 1970 4628 15,
2031 4563 2122 4631 28,

2299 4563 2565 4649 Συνόὸου
2597 4593 3014 4663 Καρθαγέννης
3052 4593 3252 4648 κανὼν
3288 4594 3351 4647 ιε’
3376 4601 3462 4665 κη’
3481 4592 3562 4665 ρκ’
3584 4597 3703 4661 ρκα¹.

1185 4657 1308 4711 120.
1340 4657 1461 4711 121.

1191 4698 1308 4724 .--,
1346 4698 1461 4711 .-..

623 4749 701 4804 De
729 4750 947 4804 diversis
979 4749 1252 4804 ordinibus
1285 4747 1531 4804 Ecclesiae
1567 4749 1930 4815 servientibus,
1991 4759 2119 4818 etc.,

623 4749 701 4804 De
729 4750 947 4896 digeorsis
979 4749 1252 4804 ordinibus
1285 4749 1531 4804 Ecclesiae
1567 4749 1930 4815 servientibus,
1991 4759 2119 4818 etc.,
2294 4775 2430 4842 Περὶ
2454 4773 2994 4844 διαφόρωντάξεων
3014 4775 3087 4844 τῇ
3108 4749 3438 4844 Ἐκκλησίᾳ
3480 4774 3761 4830 δουλευου-

549 4852 608 4896 ut
638 4858 760 4897 pan.
861 4845 912 4897 5.
2225 4865 2352 4897 ινιτ...
2398 4883 2430 4897 ..
2487 4883 2519 4897 ..
2568 4865 2590 4897 ει

637 4858 760 4913 pag.
793 4858 912 4897 tua.

2223 4865 2371 4930 σῶν,
2398 4883 2452 4918 κ.
2487 4883 2538 4919 τ.
2568 4865 2620 4921 λ.

623 4939 712 4993 15.
742 4937 871 4991 Item
897 4937 1104 5008 placuit
1124 4947 1183 4992 ut
1209 4937 1459 5008 quisquis
1483 4936 1882 5006 episcoporum,
1907 4946 2038 5002 etc.,
2061 4947 2117 4991 ut

2298 4961 2384 5010 ιε’.
2419 4954 2649 5026 Ὁμοίως
2673 4955 2867 5026 ἤρεσεν
2895 4970 2907 4984 ·
2948 4955 3033 5008 ἵνα
3066 4955 3418 5027 ὀστισδήποτε
3444 4955 3549 5008 τῶν
3574 4948 3757 5005 ἐπισκό-

547 5047 670 5104 pag.
701 5031 823 5086 705.
951 5021 974 5038 ’

2221 5065 2359 5109 πων,
2397 5065 2450 5100 κ.
2480 5064 2530 5102 τ.
2567 5046 2616 5100 λ.

619 5123 944 5206 Presbyteri,
977 5122 1206 5185 diaconi,
1238 5122 1315 5205 uel
1353 5123 1552 5208 clerici,
1585 5124 1674 5208 qui
1706 5124 1761 5176 in
1786 5139 1972 5204 _causa
2021 5139 2118 5176 sua

2293 5140 2682 5208 Πρεσϐύτεροι
2703 5139 2798 5193 καί
2819 5138 3084 5196 διάκονοι
3101 5140 3199 5193 καὶ
3225 5140 3517 5206 κληρικοὶ,
3547 5142 3597 5192 οἱ
3613 5138 3671 5190 ἐν
3695 5131 3757 5208 τῷ

548 5197 616 5277 ad
637 5193 993 5275 transmarina
1023 5195 1322 5275 putaverint
1365 5193 1756 5263 appellandum,
1780 5195 1836 5246 in
1883 5209 2078 5246 comma

2224 5193 2355 5273 idle;
2375 5193 2675 5282 :{pdﬁtart
2709 5210 3007 5275 ἔκκλητον
3037 5193 3438 5279 ἠπαρέχονῖες,
3455 5193 3561 5282 {3:2
3587 5209 3648 5282 τὰ
3675 5193 3754 5282 πέ-

547 5275 754 5324 ιιιοηεηι
784 5275 994 5318 minime
1021 5275 1398 5333 suscrpiantur.

2227 5297 2337 5347 ραν
2361 5279 2466 5347 τῆς
2489 5275 2807 5348 θαλάσσης
2822 5282 2910 5344 εὶς
2937 5275 3254 5334 κοινωνίαν
3271 5280 3554 5349 μηδαμῶς
3577 5275 3757 5345 68106-

2226 5368 2334 5403 σιν.

617 5444 708 5498 28.
751 5445 880 5497 ltcm
922 5443 1125 5513 placuit
1156 5445 1200 5474 ³⁸
1233 5442 1366 5512 (96),
1399 5453 1456 5496 ιιι
1499 5442 1820 5512 presbyteri,
1876 5442 2112 5509 diaconi,

2295 5449 2398 5512 ut".
2451 5441 2675 5511 Ὀμοίως
2726 5441 2922 5512 ἤρεσεν
2953 5442 3037 5494 ἵνα
3084 5443 3133 5494 οἱ
3187 5441 3543 5512 πρεσϐύτεροι
3588 5437 3673 5492 καὶ
3717 5432 3755 5486 οἱ

619 5535 664 5565 ³⁸
703 5534 872 5589 Conc.
903 5534 1118 5590 Milevit.
1147 5551 1205 5600 ll,
1241 5538 1341 5589 sub
1375 5535 1557 5588 lnnoc.
1590 5551 1638 5588 c.
1672 5535 1760 5587 :22.

625 5625 735 5699 (96)
769 5625 980 5699 rlnnnit
1040 5627 1367 5685 llincmarus
1418 5629 1468 5681 in
1524 5644 1716 5697 opusc.
1763 5629 1836 5682 De
1881 5630 2107 5683 divortio
2185 5630 2340 5684 Loth.
2387 5639 2435 5682 et
2486 5628 2661 5682 Tl'hntb.
2713 5645 2835 5698 pag.
2895 5627 3000 5682 686
3033 5670 3047 5694 ,
3101 5631 3245 5684 hunc
3302 5643 3559 5684 canonem
3606 5624 3751 5696 primo

557 5698 728 5764 fuisse
765 5698 816 5752 in
846 5699 1078 5754 concilio
1117 5700 1460 5769 llipponcnsi
1497 5701 1796 5759 sancitun.
