4012 6400
134 318 221 381 ΤΞΞ

919 315 1317 375 SYNTAGMA
1351 316 1813 376 C;\NONU.\l.--
1848 321 1995 381 TlT.
2034 325 2137 397 1X,
2180 327 2336 387 CAP.
2379 328 2476 388 VI.

3261 334 3379 398 7‘26

134 436 366 494 διακειοη
403 430 498 484 καὶ
528 428 576 481 οἱ
620 426 793 480 λοιποὶ
828 424 1124 496 κατώτεροι
1178 426 1448 498 κληρικοὶ,
1491 429 1546 478 ἐν
1604 421 1691 488 αἷς

1803 430 1877 482 vel
1914 434 2093 486 etetrri
2122 434 2407 491 inferiores
2439 439 2645 506 clerici,
2683 442 2733 494 in
2771 444 2955 499 causis
2981 461 3118 514 quas
3161 447 3365 505 habue-

132 528 326 597 ἔχουσιν
362 522 582 585 αἰτίαις,
620 520 715 572 ἐὰν
745 518 813 570 τὰ
842 519 1165 589 δικαστήρια
1225 520 1547 589 μέμφωνται
1579 518 1685 571 τῶν

136 620 260 673 ίδίων
288 613 623 676 ἐπισκόπων,
651 612 700 664 οἱ
724 610 963 679 γείτονες
989 611 1276 664 ⁴ἐπίσκοποι
1305 612 1685 683 ἀκροάσωνται

136 710 313 769 αὐτῶν,
338 708 433 761 καὶ
477 706 612 776 μετὰ
650 705 1007 767 συναινέσεως
1034 703 1128 757 τοῦ
1176 703 1307 756 ἰδίου
1357 704 1684 767 ἐπισκόπου,

132 802 190 855 τὰ
210 800 407 871 μεταξὺ
440 797 618 852 αὐτῶν
660 796 915 850 διαθῶσιν
948 798 998 847 οἱ
1034 795 1501 866 προσκαλούμενοι
1555 797 1687 866 παρ’

132 890 290 946 αὐτῶν
350 890 640 943 ἐπίσκοποι
668 904 683 920 ’
720 890 768 942 εί
795 887 853 941 δὲ
888 888 1005 941 οιαὶ
1049 890 1177 957 περὶ
1208 886 1387 940 αὐτῶν
1423 886 1689 956 ἔκκλητον

133 982 369 1053 παρέχειν
391 982 693 1052 νομίσουσι,
727 980 801 1052 μὴ
824 980 1225 1033 ἐκκαλέσωνται
1255 980 1334 1043 εἰς
1384 978 1454 1032 τὰ
1509 978 1686 1048 πέραν

131 1077 215 1145 τῆς
269 1072 541 1140 θαλάσσης
600 1073 947 1142 δικαστήρια,
1002 1072 1136 1125 ἀλλὰ
1195 1072 1331 1144 πρὸς
1372 1076 1499 1138 τοὺς
1534 1091 1691 1146 πρω-

134 1166 361 1227 τευόντας
416 1163 529 1216 τῶν
588 1163 734 1216 ἰδίων
780 1161 1058 1234 ὲπαρχῶν,
1125 1163 1199 1227 ὡς
1253 1166 1346 1217 καὶ
1408 1167 1535 1236 περὶ
1579 1166 1688 1219 τῶν

134 1257 417 1310 ἐπισκόπων
454 1254 715 1319 πολλάκις
747 1254 981 1326 ὥρισται
1011 1271 1026 1285 ·
1057 1256 1105 1309 oi
1153 1256 1210 1309 δὲ
1264 1257 1399 1326 πρὸς
1430 1274 1688 1328 περαμα-

134 1349 239 1403 axi
266 1350 589 1417 δικαστήρια
614 1347 1085 1419 διεκκαλούμενοι,
1116 1351 1245 1420 παρ’
1279 1349 1493 1413 οὐδενὸς
1524 1352 1581 1403 ἐν
1621 1352 1686 1421 τῇ

145 1444 350 1511 Ἀφρικῇ
381 1439 645 1509 δεχοῶσιν
666 1443 745 1503 είς
770 1439 1081 1497 κοινωνίαν.

192 1534 320 1601 Περὶ
367 1534 487 1587 τῶν
543 1532 666 1597 τοῖς
710 1532 881 1597 λαοῖς
918 1532 1025 1599 οὓς
1083 1532 1432 1601 νομίζουσιν
1483 1534 1688 1600 αὐτοῖς

133 1626 355 1691 ἀνήκειν
417 1626 874 1680 ἐπιϐαλλόντων
913 1626 1072 1695 παρὰ
1137 1625 1379 1695 γνώμην
1407 1625 1523 1680 τῶν
1578 1629 1687 1680 αὺ-

136 1716 253 1782 τοὺς
281 1719 677 1789 κατεχόντων.

195 1809 287 1878 ρκ’.
336 1788 569 1879 Ὁμοίως
602 1809 798 1880 ἦρεσεν
838 1809 924 1863 ἵνα
954 1809 1257 1879 οἱοιδήποτε
1290 1808 1580 1863 ἐπίσκοποι
1619 1810 1689 1864 τὰ
1724 1788 1763 1842 Β

136 1900 657 1971 πληθηᾶνομίζουσι
702 1901 782 1972 τῷ
819 1901 993 1973 θρόνῳ
1054 1902 1233 1956 αὐτῶν
1301 1902 1552 1972 ἀνήκειν,
1613 1904 1687 1974 μὴ

136 1993 283 2056 οὕτως
310 1993 654 2064 ἀναζητῶσιν
684 1992 826 2046 ὥστε
851 1992 1026 2047 ἄλλων
1054 1994 1369 2047 ἐπισκόπων
1393 1995 1688 2067 κρινόντων

137 2083 267 2136 τοῦτο
289 2084 569 2153 πράττειν,
607 2084 722 2137 ἀλλ’
744 2085 850 2137 ὑπὸ
888 2085 1078 2156 ἐτέρου
1110 2086 1499 2155 κατεχομένοις
1527 2086 1690 2139 ἐπέλ-

138 2174 249 2226 θωσι
271 2177 375 2237 τοῖς
404 2175 580 2238 λαοῖς,
615 2175 722 2227 εἴτε
752 2176 1092 2245 θελήσουσιν,
1129 2174 1237 2227 εἴτε
1278 2174 1353 2245 μὴ
1377 2174 1685 2244 θελήσουσι,

136 2260 212 2312 τοῦ
255 2262 379 2314 ἰδίου
434 2263 765 2333 πράγματος
794 2263 891 2334 τὴν
928 2262 1131 2334 ζημίαν
1171 2265 1510 2334 ὑπομείνωσι
1548 2280 1561 2295 '
1596 2266 1690 2319 καὶ

138 2355 178 2404 οί
204 2356 541 2425 τινεσδήποτε
592 2355 748 2408 τοῦτο
778 2355 1060 2427 ἐποίησαν,
1091 2358 1139 2409 εί
1178 2356 1253 2427 μὴ
1287 2359 1320 2429 ἡ
1347 2358 1548 2428 μεταξὺ
1582 2362 1690 2414 τῶν

138 2448 422 2501 ἐπισκόπων
460 2448 775 2510 συνέλευσις
814 2447 1166 2520 ἐπερατώθη,
1207 2450 1321 2503 ἀλλ’
1351 2453 1533 2523 ἀκμὴν
1564 2455 1691 2525 περὶ

140 2539 217 2591 τοῦ
266 2541 422 2594 αὑτοῦ
478 2539 899 2609 φιλονεικοῦσιν,
951 2540 1158 2605 ἐκεῖνος
1213 2542 1423 2613 ἀποστῇ
1480 2544 1691 2599 ἐκεῖθεν

143 2633 247 2700 περὶ
273 2626 329 2683 οὗ
350 2632 614 2702 δειχθείη,
638 2634 719 2685 ὅτι
750 2632 1033 2703 παρεάσας
1057 2634 1184 2695 τοὺς
1202 2633 1693 2705 ἐκκλησιαστικοὺς

144 2724 371 2788 δικαστὰς
399 2726 592 2793 ἔφοδον
631 2727 855 2795 ἐποίησε
888 2742 902 2755 ·
936 2726 1031 2778 καὶ
1067 2726 1142 2795 μὴ
1194 2727 1385 2782 ἑαυτὸν
1413 2728 1496 2791 τίς
1530 2729 1692 2783 κολα-

143 2811 305 2881 κεύσῃ,
340 2815 387 2866 εἰ
448 2816 511 2866 ὲκ
548 2814 639 2866 τοῦ
690 2814 1065 2885 πρωτεύοντος
1089 2818 1393 2888 γράμματα
1424 2822 1554 2892 περὶ
1598 2821 1693 2875 τοῦ

145 2903 360 2971 κατέχειν
391 2904 609 2969 ἔλαϐεν,
648 2905 806 2970 ἀλλὰ,
834 2907 945 2959 εἴτε
975 2908 1279 2978 γράμματα
1301 2910 1417 2981 ἔχει
1442 2913 1552 2965 εἴτε
1593 2913 1694 2967 οὐκ

143 2993 256 3062 ἔχει,
285 2995 524 3049 συνέλθοι
563 2997 639 3066 τῷ
674 2998 978 3068 κατέχοντι,
1017 2998 1110 3053 καὶ
1142 3003 1270 3071 παρ’
1324 3003 1489 3056 αὑτοῦ
1513 3005 1695 3074 γράμο

1792 523 1923 584 rint,
1958 525 2004 577 si
2059 525 2125 580 de
2169 527 2395 597 judiciis
2461 532 2845 601 episcoporum
2912 553 3135 593 suorum
3187 543 3369 610 questi

1793 613 2041 684 iuerint,
2106 619 2275 675 vicini
2332 624 2573 694 episcopi
2635 642 2730 681 eos
2779 643 2900 683 cum
2957 646 3226 688 consensu
3284 636 3369 690 sui

1792 709 2029 780 episcopi
2061 714 2288 770 audiant
2319 726 2371 770 et
2404 717 2544 773 inter
2567 733 2663 774 eos
2687 720 2951 777 deliniant
3001 725 3160 780 asciti
3192 727 3260 781 ab
3286 728 3367 783 eis

1790 801 2033 873 episcopi
2067 823 2080 859 :
2118 807 2263 875 quod
2297 808 2343 861 si
2386 819 2439 863 et
2471 809 2541 864 ab
2573 810 2654 866 eis
2688 816 3098 881 provocandum
3141 827 3367 887 putave-

1791 893 1918 959 rint,
1968 913 2075 950 non
2115 908 2411 966 provocent
2462 901 2530 956 ad
2572 907 2939 962 transmarina
2992 908 3221 978 judicia,
3272 914 3364 966 sed

1791 982 1858 1037 ad
1898 984 2162 1053 primates
2191 1002 2419 1044 suarum
2456 991 2887 1062 provinciarum,
2920 1005 3013 1050 aut
3046 998 3111 1051 ad
3149 998 3369 1054 univer—

1791 1075 1903 1130 sale
1941 1078 2269 1145 concilium,
2306 1081 2450 1135 sicut
2506 1092 2560 1137 et
2608 1084 2675 1139 de
2724 1086 2996 1156 episcopis
3052 1089 3171 1161 (97)
3225 1107 3369 1160 sape

1792 1169 2148 1224 constitutum
2185 1181 2290 1226 est.
2329 1172 2411 1227 Ad
2446 1178 2812 1231 transmarina
2852 1190 3032 1234 autem
3069 1183 3160 1251 qui
3208 1193 3366 1254 puta-

1800 1262 1937 1315 verit
1969 1264 2370 1333 appellandum,
2410 1280 2439 1319 a
2471 1266 2620 1321 nullo
2651 1267 2792 1323 intra
2823 1271 3064 1328 Africam
3107 1276 3174 1330 ad
3213 1290 3368 1330 com-

1793 1352 2108 1405 munionem
2138 1353 2491 1422 suscipiatur.

1878 1553 1947 1606 De
1982 1554 2060 1607 his
2095 1556 2183 1622 qui
2219 1557 2271 1608 in
2297 1556 2492 1625 plebes,
2524 1573 2655 1627 quas
2688 1560 2756 1611 ad
2785 1575 2839 1611 se
2863 1560 3121 1628 pertinere
3155 1569 3365 1630 putant,

1793 1646 2115 1701 inconventis
2147 1648 2225 1699 Itis
2254 1666 2283 1701 a
2320 1647 2508 1717 quibus
2540 1660 2799 1715 tenentur,
2830 1652 3102 1705 irruerint.

1869 1821 1989 1878 19.0.
2039 1824 2170 1879 Item
2216 1824 2419 1894 placuit
2446 1824 2490 1855 "’
2525 1822 2674 1895 (98),
2706 1831 2765 1877 ut
2793 1823 3106 1893 quicunque
3133 1822 3372 1893 episcopi

1794 1918 2002 1988 plebes,
2040 1933 2178 1988 quas
2216 1917 2285 1972 ad
2323 1933 2477 1974 suam
2513 1917 2827 1973 cathedram
2858 1918 3172 1973 existiment
3200 1916 3373 1988 perti-

1794 2026 1945 2075 nere,
1984 2026 2092 2065 non
2138 2011 2209 2065 ita
2258 2021 2529 2081 repetunt,
2582 2018 2640 2064 ut
2683 2026 2877 2066 causas
2927 2026 3056 2066 suas
3097 2011 3372 2081 episcopis

1786 2102 2163 2172 iudicantibus
2227 2111 2423 2173 agant,
2473 2103 2565 2158 sed
2612 2103 2721 2157 alio
2771 2104 3035 2159 retinente
3083 2104 3372 2173 irruerint,

1791 2195 1906 2251 sive
1950 2196 2282 2259 volentibus,
2339 2194 2498 2265 253
2550 2195 2662 2250 sive
2718 2196 3027 2251 nolentibus
3090 2196 3372 2265 plebibus,

1792 2304 1971 2344 causae
2015 2304 2128 2346 sua:
2171 2289 2554 2343 detrimentum
2599 2289 2909 2358 patiantur,
2961 2298 3016 2343 et
3064 2291 3377 2360 quicunque

1790 2382 1900 2452 jam
1947 2381 2050 2437 hoc
2092 2381 2372 2449 fecerunt,
2418 2381 2463 2437 si
2512 2380 2756 2435 nondum
2795 2380 3052 2435 estinter
3090 2382 3376 2452 episc0pos

1795 2476 1947 2529 ﬁnita
2032 2474 2345 2539 contentio,
2415 2473 2509 2529 sed
2583 2473 2761 2529 adhuc
2839 2474 3215 2539 contendunt;
3288 2475 3379 2531 ille

1793 2567 1917 2622 inde
1954 2568 2237 2629 discedat,
2286 2581 2447 2637 quem
2488 2565 2792 2620 constiterit
2825 2564 3205 2635 prietermissis
3233 2565 3378 2636 judi-

1793 2660 1893 2713 ciis
1953 2658 2346 2713 ecclesiasticis
2420 2658 2665 2712 irruisse.
2738 2655 2846 2710 Nec
2914 2656 3016 2710 sibi
3085 2657 3378 2727 quisquam

1793 2749 2126 2815 blandiatur,
2169 2749 2215 2804 si
2259 2764 2288 2801 a
2328 2749 2587 2818 primale,
2621 2755 2683 2801 ut
2742 2748 2989 2811 retineat,
3019 2746 3228 2801 litteras
3276 2746 3377 2800 itu-

1793 2839 2054 2909 petrarit;
2090 2838 2183 2892 sed
2214 2838 2327 2893 sive
2360 2838 2553 2891 habeat
2583 2837 2788 2891 litteras
2810 2876 2825 2902 ,
2858 2836 2971 2890 sive
3007 2851 3116 2891 non
3162 2836 3376 2902 habeat,

1794 2930 2083 2983 conveniat
2110 2944 2234 2983 eum
2277 2928 2369 2998 qui
2416 2936 2597 2991 tenet,
2639 2939 2693 2981 et
2719 2926 2841 2995 ejus
2871 2927 3082 2981 litteras
3126 2926 3376 2996 accipiat,
3430 2958 3437 2963 -

1797 3032 1854 3074 ut
1889 3036 2013 3073 eum
2044 3030 2301 3089 appareat
2346 3020 2567 3089 pacilice
2610 3020 2850 3073 tenuisse
2892 3017 3189 3074 Ecclesiam
3223 3019 3288 3073 ad
3321 3036 3379 3075 se

148 3103 268 3153 ματα
318 3086 489 3151 λάϐοι,
538 3088 678 3142 ὥστε
735 3090 968 3161 φανῆναι
1019 3092 1208 3146 τοῦτον
1250 3095 1540 3165 εἰρηνικῶς
1595 3096 1693 3165 τὴν

1803 3086 2186 3183 pertinentem.
2239 3113 2296 3167 Si
2347 3086 2530 3167 autem
2590 3113 2678 3167 ille
2731 3113 2965 3183 aliquam
3023 3112 3378 3182 quaestionem

146 3178 268 3247 αὑτῴ
318 3181 625 3251 ἀνήκουσαν
647 3186 941 3253 κατασχεῖν
977 3183 1305 3256 Ἐκκλησίαν
1338 3203 1350 3216 ’
1394 3186 1489 3239 ἐὰν
1522 3188 1577 3240 δὲ
1599 3189 1699 3241 κά-

148 3270 296 3334 κεῖνός
346 3290 463 3326 τινα
499 3275 732 3344 ζήτησιν
772 3275 1152 3347 ἀντεπαγάγῃ,
1208 3277 1304 3330 καὶ
1336 3277 1472 3349 αὕτη
1526 3296 1699 3350 περα-

150 3362 269 3435 meq
307 3368 505 3434 μεταξὺ
541 3369 858 3420 ἐπισκόπων
886 3368 1204 3439 κρινόντων,
1238 3370 1346 3421 εἴτε
1376 3369 1468 3433 οὒς
1493 3374 1521 3424 ὁ
1547 3390 1699 3443 πρω-

148 3454 291 3507 τεύων
321 3457 485 3526 αὐτῆς
513 3456 613 3527 δῷ,
639 3458 746 3510 εἴτε
773 3457 867 3520 οὓς
889 3457 1239 3525 γειτνιῶντας
1289 3460 1435 3514 κατὰ
1454 3462 1699 3516 συναίνε-

150 3564 216 3599 σιν
236 3551 582 3619 ἐπιλέξονται.
1073 3551 1085 3562 ’

150 3644 265 3711 Περὶ
307 3644 420 3699 τῶν
475 3648 868 3773 ἀμελούντωέ
919 3648 1038 3728 τῶν
1088 3648 1291 3715 αὐτοῖς
1344 3650 1701 3718 ἀνηκόντων

867 3738 1009 3773 αων.

867 3738 1009 3773 ater.

209 3815 333 3877 pza'.
376 3810 617 3882 Ὁμοίως
650 3810 844 3881 ἤρεσεν
881 3812 967 3864 ῖνα
983 3812 1387 3883 οἱτινεσδήποτε
1417 3812 1698 3884 ἀμελοῦσι,

154 3914 193 3953 κ.
225 3916 269 3953 τ.
291 3902 336 3955 λ.

211 3994 279 4047 Τὰ
302 3996 584 4064 ὀφείλοντα
630 3999 687 4049 ὲν
729 3978 903 4068 τούτῳ
942 3997 1020 4067 τῷ
1056 4017 1179 4067 κεφ.
1234 4000 1699 4071 παραγραφῆναι,

160 4084 339 4153 συνῆψα
368 4090 487 4150 ταῖς
515 4090 910 4157 παραγραφαῖς
941 4088 1035 4140 τοῦ
1059 4088 1422 4159 προλαϐόντος
1448 4106 1571 4157 κεφ.
1602 4088 1694 4160 (q-

155 4174 244 4226 τῶν
274 4176 357 4230 οὖν
404 4180 535 4249 περὶ
576 4179 933 4249 χρηματικῶν
972 4180 1006 4252 ἢ
1052 4181 1477 4251 ἐγκληματικῶν
1515 4182 1702 4245 δικῶν,

158 4268 310 4321 ἐκεῖνα
330 4270 621 4341 ἀνάγνωθι.

215 4360 445 4417 ΚΕΦΑΛ.
487 4367 584 4432 ς’.
619 4395 687 4405 -
747 4366 887 4434 Περὶ
915 4366 1448 4435 ἁναψηλαφήσεως
1479 4366 1706 4435 ψήφων

160 4450 494 4513 ἐπισκόπων.

406 4547 677 4603 Συνόὸου
712 4549 1072 4616 ’Λντιοχειάς
1104 4548 1301 4602 κανὼν
1328 4556 1398 4613 ς’.

219 4636 362 4703 Εῖτις
384 4642 487 4694 ὑπὸ
502 4643 595 4696 τοῦ
623 4642 751 4696 ἰδίου
782 4642 1080 4695 ἐπισκόπου
1112 4642 1471 4712 ἀκοινώνητος
1492 4641 1703 4710 γέγονε,

164 4738 207 4780 κ.
230 4743 275 4781 τ.
302 4728 347 4786 λ.

347 4828 613 4881 Συνόδου
644 4826 929 4895 Σαρδιλίπῆς
979 4827 1180 4879 κανὼν
1208 4826 1254 4893 γ’
1283 4827 1324 4878 δ’
1354 4833 1393 4877 ε’
1421 4824 1498 4877 ιδ’.

220 4920 260 4981 γ’
285 4913 462 4982 "Uno;
510 4921 804 4981 ἐπίσκοπος
843 4916 995 4971 εἶπεν
1019 4935 1029 4945 ·
1054 4921 1379 4987 Ἀναγκαῖον
1411 4920 1504 4972 καὶ
1536 4919 1711 4983 τοῦτο,

169 5019 212 5055 κ.
242 5022 285 5057 τ.
314 5007 360 5059 λ.

225 5095 277 5151 δ’.
306 5100 613 5165 Γαυδέντιος
642 5104 934 5165 ἐπίσκοπος
958 5098 1128 5163 εἶπεν,
1152 5121 1203 5157 κ.
1232 5121 1281 5157 τ.
1306 5104 1355 5157 λ.

230 5196 279 5243 ε’.
309 5191 484 5255 "Octo;
514 5194 807 5257 ἐπίσκοπος
830 5190 1002 5247 εἶπεν·
1042 5195 1273 5264 ’Ἠρεσεν
1294 5195 1380 5247 ἵνα
1412 5196 1463 5247 εἴ
1487 5213 1568 5259 τις
1596 5196 1713 5249 ἐπί-

177 5291 346 5343 σκοτος
380 5282 797 5352 καταγγελθείη,
832 5302 885 5337 κ.
915 5302 966 5336 τ.
989 5284 1038 5339 λ.

237 5414 269 5443 ³⁷
303 5416 460 5473 Cone.
503 5418 869 5474 Milevitanum
904 5435 966 5486 ιι,
999 5435 1047 5473 c.
1085 5420 1193 5486 εἰς
1234 5421 1403 5477 Afric.
1434 5438 1484 5479 c.
1516 5422 1603 5477 87.

187 5624 194 5633 .
243 5556 341 5627 (ΕΠ)
364 5558 476 5613 Non
496 5572 619 5616 sunt
644 5563 756 5616 haec
777 5563 957 5625 verba,
978 5564 1109 5616 sicut
1132 5571 1180 5615 et
1199 5562 1261 5615 de
1276 5562 1554 5631 episcopis,
1577 5572 1707 5625 etc.,

187 5632 231 5676 in
274 5632 532 5695 can.1‘25,
564 5634 654 5701 qui
706 5634 770 5686 atl
807 5634 1031 5686 verbum
1071 5634 1194 5687 huic
1234 5634 1547 5687 simillimus
1592 5641 1708 5699 est;

189 5710 271 5773 nec
305 5701 444 5773 apud
497 5704 843 5757 (lrescouium
898 5704 977 5756 tit.
1029 5703 1157 5767 285,
1204 5704 1296 5758 sed
1359 5704 1427 5757 ab
1492 5703 1711 5756 Aurelio

190 5765 417 5839 llurthag.
466 5773 665 5841 adjecta
704 5774 870 5829 videri
905 5765 1153 5844 possunt,
1192 5788 1314 5829 cum
1359 5774 1505 5829 hunc
1550 5790 1707 5831 cauov

1801 3192 2081 3270 retulerit,
2114 3222 2210 3275 per
2236 3206 2521 3275 episcopos
2558 3204 2770 3274 judices
2805 3219 2968 3259 causa
2999 3204 3240 3267 ﬁniatur,
3266 3203 3382 3259 sive

1800 3315 1938 3371 quos
1971 3300 2051 3353 eis
2081 3300 2339 3368 primates
2380 3298 2648 3365 dederint,
2697 3299 2812 3353 sive
2862 3310 3001 3367 quos
3032 3295 3134 3367 ipsi
3176 3296 3392 3351 vicinos

1799 3404 1866 3445 ex
1891 3404 2161 3444 consensu
2196 3388 2509 3458 delegerint.

1879 3664 1949 3718 De
1983 3664 2061 3716 Itis
2093 3661 2183 3731 qui
2213 3659 2385 3731 plebes
2415 3658 2482 3710 ad
2517 3674 2569 3711 se
2601 3657 2915 3727 pertinentes
2950 3656 3234 3727 negligant.

1876 3824 1999 3877 i‘Zl.
2046 3823 2175 3875 ltem
2239 3818 2443 3887 placuit
2477 3828 2535 3871 ut
2567 3815 2881 3887 quicunque
2918 3814 3221 3886 negligant,
3245 3823 3378 3879 etc.,

1805 3930 1861 3971 ut
1890 3934 2053 3983 supra
2086 3932 2205 3984 pag.
2248 3912 2373 3966 679.

1876 4007 2040 4079 254
2098 4005 2230 4072 Qua:
2253 4006 2305 4059 in
2338 4004 2442 4058 hoc
2474 4002 2651 4071 capite
2690 3999 2940 4055 annotari
2986 3999 3218 4053 debeant
3246 4013 3382 4053 con-

1804 4102 1959 4172 junxi
1994 4097 2441 4153 annotatitmihus
2468 4092 2842 4164 prmcedentis.
2874 4092 2990 4147 Illic
3016 4092 3178 4161 igltur
3205 4092 3270 4145 de
3291 4105 3383 4158 pe-

1807 4193 2070 4249 cuniariis
2097 4199 2189 4245 aut
2247 4187 2680 4244 criminabilibus
2714 4184 2894 4240 causis
2941 4198 3213 4253 quarens,
3245 4183 3379 4253 lege.

1879 4374 2032 4428 CAP.
2090 4372 2178 4426 Vl.
2237 4400 2306 4413 μ·-
2338 4369 2412 4423 De
2445 4367 2684 4421 examine
2714 4365 3091 4419 sententiarum
3117 4364 3384 4433 episcopa-

1733 4477 1777 4531 D
1805 4467 1958 4526 lium.

2182 4550 2408 4607 Concilii
2445 4546 2755 4601 Antiocheni
2786 4562 2952 4599 canon
2976 4545 3028 4602 6.

1882 4651 1941 4705 Si
1980 4648 2105 4718 quis
2166 4661 2194 4698 a
2266 4641 2486 4712 preprio
2534 4638 2797 4708 episcopo
2852 4636 3382 4701 excommunicatus,

1820 4758 1950 4803 sic...
1982 4750 2035 4793 ut
2061 4755 2182 4808 pag.
2213 4735 2339 4789 719.

1982 4828 2205 4884 (Ioncilii
2231 4822 2564 4880 Sardicensis
2600 4835 2823 4873 canones
2853 4818 2907 4882 5,
2943 4818 2999 4883 4,
3042 4817 3096 4883 5,
3130 4817 3219 4871 14.

1888 4926 1941 4978 3.
1978 4921 2142 4975 Osius
2193 4917 2482 4986 episcopus
2511 4912 2691 4967 dixit:
2732 4911 2845 4965 Hoc
2879 4925 3096 4979 quoque
3134 4922 3391 4965 necessa-

1814 5019 1914 5081 rio,
1952 5024 2083 5076 etc.,
2118 5021 2173 5064 ut
2198 5026 2320 5078 pag.
2347 5007 2471 5061 471.

1881 5110 1932 5161 4.
1961 5101 2300 5159 Gaudentius
2328 5099 2618 5169 cpiscopus
2651 5096 2811 5161 dixit,
2846 5105 2975 5160 etc.,
3006 5107 3063 5149 ut
3094 5111 3215 5165 pag.
3257 5094 3382 5147 471.

1963 5198 2126 5253 Osius
2183 5194 2472 5262 episcopus
2548 5189 2686 5244 dixit
2720 5207 2733 5241 :
2768 5187 2997 5251 Placuit,
3056 5194 3119 5240 ut
3176 5189 3219 5239 si
3265 5185 3390 5255 quis

1812 5292 2099 5361 episcopus
2127 5286 2341 5342 delatus
2371 5284 2553 5347 fuerit,
2591 5292 2729 5345 etc.,
2768 5289 2822 5333 ut
2862 5296 2983 5349 pag.
3018 5278 3142 5334 471.

1818 5579 1941 5617 nem
1978 5578 2007 5616 a
2040 5562 2247 5631 synodo
2275 5558 2710 5631 conﬁrmandum
2752 5556 3028 5631 recitaret.

1891 5634 2001 5701 (98)
2033 5622 2340 5685 Ferrandus
2366 5646 2483 5697 cap.
2510 5628 2597 5701 25.
2627 5642 2689 5701 ex
2716 5642 2870 5680 conc.
2898 5626 3151 5701 Carthag.
3182 5624 3263 5701 tit.
3299 5622 3385 5701 i2:

1824 5694 2250 5759 undc'canones
2283 5702 2383 5755 118
2414 5694 2467 5752 et
2492 5699 2608 5760 ll‘J,
2639 5698 2688 5749 in
2720 5712 2883 5750 unum
2928 5694 3190 5750 conﬂasse
3231 5694 3395 5747 intel-

1826 5775 2011 5841 ligitur
2038 5792 2049 5827 :
2080 5773 2223 5843 quod
2248 5780 2299 5826 ct
2329 5769 2553 5825 inferius
2580 5769 2798 5830 patebit.
