3874 6296
609 281 714 347 727
1256 308 1263 313 ’
1733 292 1998 353 ΡΗΟΤΙΙ
2038 294 2139 353 ΡΑ¹

2257 293 2545 355 [ΑΒΕΗΕ
2583 296 2693 359 CP.
3702 309 3787 377 ἠδ

676 396 1099 469 Responderunt
1128 401 1372 474 episcopi
1409 424 1423 460 :
1455 402 1588 470 Quae
1614 403 1761 459 dicta
1807 415 1934 461 sunt
1955 406 2178 476 placue-

2372 410 2765 481 ’Δπεκρίναντο
2812 412 2861 464 οί
2902 410 3194 464 ἐπίσκοποι
3246 428 3260 443 ο
3306 410 3385 467 Τὰ
3426 412 3654 485 λεχθέντα
3692 425 3789 497 ιἦρε.

605 500 758 546 runt.

2292 516 2405 553 σεν.

676 584 767 639 14.
803 583 969 640 Osius
991 586 1280 656 episcopus
1305 586 1480 642 dixit:
1510 586 1663 653 Quod
1685 596 1865 644 autem
1895 602 1981 643 me
2012 587 2187 643 unde-

2363 594 2446 649 ιδ’.
2477 592 2663 659 Ὀσιος
2707 594 3001 658 ἐπίσκοπος
3032 589 3155 648 εἷπε
3178 611 3193 628 ο
3221 595 3297 650 Τὸ
3330 596 3385 649 δέ
3415 597 3625 655 πάντοτέ
3655 623 3708 674 με
3729 626 3793 661 κι.

606 691 824 746 quaque
851 686 1050 743 movet,
1084 687 1215 742 etc.,
1263 688 1319 733 ut
1348 695 1470 749 pag.
1513 678 1640 733 725.

1131 692 1215 742 Lc.,
1263 688 1319 733 ut
1348 695 1470 749 pag.
1513 678 1640 733 725.
2288 685 2429 748 νοῦν,
2446 704 2501 740 κ.
2532 703 2583 741 τ.
2611 685 2661 743 1.

607 765 834 823 Concilii
878 768 1581 896 Carthaginenziésica‘neoges
1607 771 1695 837 14,
1728 771 1815 837 15,
1853 769 1944 839 28,
1973 772 2064 839 79,
2093 772 2137 828 9!

2344 779 2615 837 Συνόδου
2650 778 3067 851 Καρθαγέννης
3088 779 3292 871 κανὼν
3319 781 3377 836 ιδ’
3400 789 3458 836 ιε’
3486 791 3567 856 κη’
3592 786 3654 840 οϐ’
3678 794 3753 856 tu;

2922 858 3040 896 nza'
3095 868 3228 896 οκε-

1358 878 1373 904 ,
1411 848 1536 896 125.
2735 848 2745 850 ⁷
2860 848 2869 851 ⁷
2922 858 3040 923 ρκα⁹
3092 848 3229 922 ρκέ.

680 928 749 983 Ut
776 932 838 985 de
866 931 1068 1003 Tripoli
1098 950 1234 988 unus
1273 936 1555 1005 episcOpus
1579 934 1637 989 in
1658 934 2004 1008 legationem,
2045 946 2181 1006 etc.,

2360 937 2541 1001 Ὥστε
2572 945 2692 1000 ἀπὸ
2726 945 3056 1015 Τριπόλεως
3080 944 3185 998 ἕνα
3214 943 3549 1001 ἐπίσκοπον
3565 950 3641 1015 εὶς
3662 967 3797 1007 τοπο-

600 1031 661 1079 ιιι
692 1041 816 1095 pag.
846 1025 970 1081 705.

2286 1038 2606 1103 τηρηονὰιν,
2627 1055 2681 1091 κ.
2704 1052 2758 1092 τ.
2784 1036 2832 1091 λ.

675 1117 765 1171 14.
803 1117 934 1172 ltem
964 1117 1169 1186 placuit
1192 1118 1262 1175 de
1290 1117 1522 1190 Tripoli,
1549 1128 1684 1185 etc.,
1710 1130 1769 1174 ut
1789 1138 1912 1193 pag.
1946 1122 2074 1177 254.

2360 1127 2444 1182 ιδ’.
2485 1128 2717 1198 Ὁμοίως
2738 1129 2934 1200 ἤρεσεν
2962 1128 3072 1183 ἀπὸ
3099 1127 3435 1200 Τριπόλεως,
3467 1147 3520 1184 κ.
3546 1148 3594 1186 τ.
3619 1132 3664 1187 λ.

680 1207 845 1278 255
882 1208 958 1263 De
981 1210 1204 1266 diversis
1230 1212 1503 1268 ordinibus
1534 1211 1792 1270 Ecclesia:
1817 1214 2181 1283 servientibus,

2355 1220 2492 1288 Περὶ
2517 1220 2814 1289 διαφόρων
2844 1220 3073 1286 τάξεων
3092 1220 3168 1291 τῇ
3186 1222 3516 1290 Ἐκκλησίᾳ
3541 1223 3804 1285 δουλευου-

600 1307 733 1366 etc.,
770 1309 829 1353 ut
865 1317 988 1371 pag.
1019 1302 1143 1357 705.

2284 1310 2446 1376 σῶν,
2480 1330 2534 1366 κ.
2565 1331 2618 1368 τ.
2650 1313 2699 1366 λ.

672 1390 761 1447 15.
796 1390 924 1448 Item
963 1395 1192 1465 placuit,
1229 1407 1290 1453 ut
1323 1400 1577 1471 quisquis
1604 1402 2008 1473 episcoporum,
2046 1411 2179 1469 etc.,

2167 1442 2179 1469 ,
2361 1404 2441 1461 ιε’.
2473 1406 2709 1477 Ὁμοίως
2730 1407 2949 1477 ἤρεσεν,
2983 1408 3070 1461 ἵνα
3098 1408 3481 1480 ὁστισδήποτε,
3511 1427 3561 1463 κ.
3585 1428 3629 1464 τ.
3655 1411 3697 1468 λ.

598 1491 657 1536 ιιι
688 1499 813 1555 pag.
851 1484 973 1541 705.

634 1573 943 1647 Presbyteri
970 1589 1018 1632 et
1040 1578 1256 1635 diaconi
1276 1583 1353 1637 vel
1380 1583 1581 1651 clerici,
1609 1593 1741 1648 etc.,
1768 1593 1827 1639 ut
1856 1602 1979 1657 pag.
2014 1586 2144 1642 232.

2357 1588 2756 1656 Πρεσϐύτεροι
2837 1589 2939 1642 καὶ
3009 1586 3276 1643 διάκονοι
3350 1589 3449 1643 καὶ
3542 1592 3802 1659 κληρικοὶ,

2286 1697 2342 1734 κ.
2380 1697 2431 1734 τ.
2468 1679 2520 1733 λ.
2700 1722 2703 1725 λ

664 1755 756 1811 28.
795 1756 928 1812 Item
968 1759 1174 1828 placuit
1204 1770 1263 1816 ut
1302 1764 1626 1835 presbyteri,
1658 1774 1788 1832 etc.,
1822 1777 1878 1821 ut
1900 1784 2023 1839 pag.
2048 1768 2174 1823 725.

2351 1781 2459 1845 κη’.
2500 1772 2732 1843 Ὁμοίως
2772 1774 2990 1847 ἤρεσεν,
3025 1774 3113 1829 ἵνα
3135 1776 3184 1829 oi
3209 1776 3587 1849 προσόύτεροι,
3627 1795 3674 1831 κ.
3704 1798 3744 1833 τ.
3770 1781 3803 1833 λ.

669 1846 746 1903 De
779 1849 987 1905 clericis
1026 1854 1116 1923 qui
1146 1854 1291 1908 intra
1320 1871 1521 1910 annum
1556 1874 1774 1912 causam
1809 1875 1965 1914 suam
2024 1875 2181 1929 agere

2351 1863 2489 1933 Περὶ
2536 1864 2657 1917 τῶν
2694 1846 2803 1932 μὴν
2830 1846 3267 1933 φροντιζόντων
3638 1906 3653 1933 ,
3678 1864 3807 1931 ἐντὸς

594 1952 699 1993 ιιοη
733 1952 1116 2007 procurarunt.

2283 1956 2565 2012 ἐνιαυτοῦ
2596 1955 2820 2026 πρᾶξαι
2851 1957 2919 2010 τὸ
2952 1958 3107 2011 ἴδιον
3134 1957 3395 2027 πρᾶγμα.

667 2031 752 2087 79.
780 2032 996 2090 Rursus
1028 2038 1409 2105 constitutum,
1431 2049 1563 2106 etc.,
1590 2050 1647 2094 ut
1670 2058 1791 2112 pag.
1821 2041 1948 2097 722.

1643 2051 1791 2112 ΐραθ.
1821 2041 1948 2097 722.
2350 2048 2447 2103 οθ’.
2481 2048 2653 2103 Πάλιν
2677 2048 2908 2119 ὡρίσθη,
2943 2066 2995 2103 κ.
3029 2066 3081 2105 τ.
3122 2049 3173 2104 λ.

702 2123 771 2181 Ut
811 2125 878 2180 ab
909 2126 1089 2182 electis
1126 2127 1401 2197 judicibus
1432 2148 1720 2200 provocare
1765 2149 1869 2188 non
1889 2134 2070 2189 liccat.

2351 2142 2477 2196 Ἵνα
2534 2140 2811 2210 αἱρετοὺς
2867 2140 3163 2207 δικαστὰς
3187 2141 3274 2212 μὴ
3304 2142 3452 2208 ἐξὸν
3473 2142 3564 2210 ein
3596 2141 3809 2197 ἐκκαλεῖ-

2280 2237 2444 2289 σθαι.

695 2319 785 2376 96.
833 2320 891 2377 Si
920 2332 1101 2379 autem
1164 2322 1329 2381 fuerit
1372 2334 1723 2397 provocatum
1754 2328 1823 2392 ’⁸,
1864 2328 2047 2399 eligat,
2084 2329 2177 2400 qui

2350 2327 2467 2391 ιιςι.
2515 2322 2645 2378 Ἐὰν
2677 2322 2734 2376 δὲ
2784 2320 3011 2393 γένηται
3056 2322 3339 2394 ἐκκλητος,
3377 2322 3472 2376 καὶ
3500 2322 3808 2395 ἐπιλέξηταιὸ

590 2414 989 2482 provocaverit,
1019 2413 1253 2485 judices.
1311 2428 1368 2473 et
1406 2433 1531 2474 cum
1578 2434 1644 2474 eo
1708 2429 1763 2475 et
1808 2420 1920 2489 ille,
1986 2431 2120 2478 cont

2280 2413 2719 2484 ἐκκαλεσάμενος
2743 2412 3023 2480 δικαστάς,
3038 2413 3132 2467 καὶ
3157 2414 3274 2484 μετ’
3296 2413 3463 2468 αὐτοῦ
3485 2414 3708 2479 κάκεῖνος
3723 2415 3810 2468 καθ’

590 2519 751 2573 quem
771 2506 1149 2574 provocaverit
1178 2547 1194 2575 ,
1225 2515 1284 2563 ut
1313 2507 1383 2564 ab
1410 2508 1542 2579 ipsis
1568 2509 1831 2582 deinceps
1859 2512 1992 2567 nulli
2018 2514 2120 2570 lice

2281 2499 2340 2560 οὗ
2369 2504 2754 2571 ἐξεκαλέσατο,
2782 2502 2878 2557 τοῦ
2906 2503 3097 2557 λοιποῦ
3128 2504 3271 2559 κατὰ
3300 2503 3507 2559 τούτων
3540 2505 3708 2575 μηδενὶ
3751 2505 3811 2569 ἑξ-

589 2611 908 2664 provocare.
1454 2638 1461 2657 ς

1454 2638 1461 2657 ς
2279 2595 2422 2648 έστω
2450 2593 2877 2649 ἐκκαλέσασθαι.

663 2687 820 2753 Quod
860 2689 1149 2745 electorum
1179 2692 1425 2763 judicum
1452 2696 1715 2751 sententia
1745 2698 1923 2766 sperni
1956 2715 2057 2754 non
2086 2700 2120 2753 ά

590 2775 730 2832 beat.

2348 2686 2478 2740 Ὀτι
2503 2688 2615 2740 οὐκ
2639 2687 2867 2756 ὀφείλει
2894 2688 3015 2741 τῶν
3037 2687 3481 2759 ἐπιλεγομένων
3506 2687 3808 2753 δικαστῶνὴ

2278 2778 2479 2841 γνώμη
2525 2779 2996 2841 ἐξουθενεῒσθαι.

623 2786 730 2832 eat.

2277 2786 2479 2835 ννώιιη
2525 2786 2995 2835 ἐξουθενεῖσθαι.

662 2794 730 2832 αι.

662 2869 761 2923 121
793 2868 969 2944 [122].
1008 2872 1342 2943 Ajudicibus
1368 2888 1577 2943 autem,
1601 2888 1737 2947 etc.,
1762 2891 1820 2935 ut
1845 2897 1970 2954 pag.
2010 2882 2137 2938 722.

2277 2794 2479 2851 γνωμῃ
2525 2794 2996 2841 εξουθενεισθαι.

2010 2882 2137 2938 722,
2352 2876 2491 2941 ρκα¹.
2527 2871 2685 2925 Κατὰ
2713 2871 2770 2924 δὲ
2799 2870 2910 2925 τῶν
2938 2871 3236 2939 δικαστῶν,
3263 2889 3318 2925 κ.
3346 2889 3401 2925 τ.
3432 2872 3485 2928 λ.

2052 2977 2084 2985 ι.
2357 2961 2486 2985 η--1
2542 2962 2958 2985 α--..ρ--.-ιΑ----
3001 2964 3091 2985 ,μμὶ
3140 2968 3331 2985 __I__-_,
3368 2964 3441 2985 Ρ.-
3513 2965 3534 2985 ιι

660 2962 826 3034 256
844 2964 919 3018 De
962 2968 1282 3038 presbyteris
1330 2980 1381 3024 et
1440 2971 1674 3040 clericis,
1697 2983 1755 3029 ut
1779 2991 1884 3030 non
1910 2977 2177 3047 appellent

660 3056 695 3077 ..-
732 3056 795 3077 ,Α
837 3054 1085 3077 ιαμ.--
1138 3074 1179 3077 η

2348 2961 2489 3029 Περὶ
2536 2962 2959 3032 πρεσϐυτέρων
2996 2964 3095 3019 καὶ
3134 2964 3464 3033 κληρικῶν,
3513 2965 3609 3017 ἵνα
3643 2964 3715 3034 μὴ
3738 2963 3808 3017 ἐκ·

590 3054 695 3108 nisi
724 3056 795 3108 ad
821 3054 1087 3125 Africana
1124 3060 1375 3117 concilia.

2276 3054 2596 3120 καλῶνται,
2643 3056 2697 3110 εὶ
2746 3055 2834 3125 μὴ
2881 3056 3034 3126 πρὸς
3083 3057 3194 3125 τὰς
3226 3057 3340 3127 τῆς
3387 3056 3659 3129 Ἀφρικῆς
3696 3072 3806 3112 συν.

2276 3144 2475 3201 όδουο.

661 3214 787 3270 125.
818 3212 951 3271 item
982 3216 1209 3287 placuit,
1237 3227 1299 3274 ut
1328 3221 1655 3293 presliyteri,
1688 3224 1926 3293 diaconi,
1961 3238 2089 3295 etc.,
2113 3238 2171 3283 ut

662 3322 716 3362 α.
761 3305 887 3362 725.

2273 3167 2419 3201 000v
2460 3186 2475 3202 ο

2348 3167 2480 3313 ρκὲ.
2500 3242 2734 3314 Ὁμοίως
2761 3243 2979 3315 ἤρεσεν,
3013 3242 3102 3297 ’ίνα
3139 3242 3534 3315 πρεσϐύτεροι,
3567 3262 3621 3299 κ.
3646 3263 3690 3299 τ.
3720 3245 3758 3296 λ.

629 3322 716 3361 aa.
762 3322 887 3361 120.

590 3321 716 3375 pag.
762 3321 887 3362 ηδ.
1606 3374 1611 3379 .

664 3396 882 3454 Τεπιιιε.
916 3398 1109 3457 Const.
1141 3401 1209 3469 8,
1238 3402 1323 3458 tit.
1358 3404 1414 3470 4,
1445 3404 1540 3462 lib.
1586 3422 1646 3473 ι,
1693 3409 1771 3464 ait
1793 3449 1808 3475 ,
1850 3412 1993 3481 quod
2041 3427 2120 3469 ser

2357 3420 2418 3475 Ἡ
2449 3428 2497 3493 η’
2522 3420 2765 3487 διάταξις
2797 3420 2894 3475 τοῦ
2938 3422 2981 3475 δ’
3011 3422 3117 3480 τίτ.
3168 3423 3264 3477 τοῦ
3295 3430 3344 3479 α’
3376 3424 3524 3493 βιὸλ.
3565 3425 3729 3496 φησὶν,
3749 3426 3806 3477 ὅτι

591 3489 774 3546 tentias
804 3492 1187 3563 episcoporum
1228 3494 1434 3553 similes
1484 3497 1594 3554 sint
1647 3503 1935 3557 sententiis
1979 3504 2121 3574 prum

2279 3514 2340 3566 Al
2359 3489 2480 3568 τῶν
2499 3514 2816 3568 ἐπισκόπων
2851 3514 3044 3585 ψῆφοι,
3089 3516 3212 3579 ταῖς
3242 3516 3353 3570 τῶν
3376 3489 3649 3589 ’ἐπάρχων
3670 3517 3809 3569 ἐοίκα-

586 3591 830 3649 ctorum,
850 3598 880 3639 a
897 3584 1097 3654 quibus
1120 3600 1418 3657 provocare
1438 3604 1547 3645 non
1578 3591 1724 3647 licet.
1751 3592 1817 3649 Et
1854 3596 2076 3651 constit.
2100 3596 2116 3649 ε

2280 3623 2380 3672 σιν,
2421 3606 2516 3676 ἀφ’
2564 3599 2639 3661 ὧν
2700 3607 3055 3662 ἐκκαλεῖσθαι
3113 3608 3217 3662 οὐκ
3272 3608 3458 3674 ἔξεστι
3495 3584 3652 3664 ’ν-καὶ
3697 3609 3810 3679 in?

584 3674 832 3744 ejusdem
869 3676 955 3732 tit.
990 3678 1159 3735 :Sive
1203 3680 1356 3736 solus
1377 3683 1854 3754 metropolitanus,
1890 3686 2005 3741 sive
2044 3702 2109 3741 cu

2278 3697 2412 3753 διάτ.
2444 3674 2538 3751 τοῦ
2565 3698 2733 3752 αὐτοῦ
2758 3698 2864 3753 τίτ.
2893 3739 2908 3764 ,
2937 3698 3019 3752 ὅτι
3065 3700 3190 3753 Εἴτε
3237 3699 3401 3769 μόνος
3440 3674 3808 3772 μητροπολίτης,

586 3769 797 3837 synodo
831 3781 933 3824 sua
964 3770 1207 3842 episcopi
1261 3782 1357 3829 aut
1387 3774 1572 3832 clerici
1621 3776 1895 3851 [causam]
1938 3777 2116 3848 judice

2276 3790 2387 3845 εἴτε
2436 3790 2575 3862 μετὰ
2604 3793 2703 3863 τῆς
2748 3791 2968 3846 συνόδου
3002 3792 3189 3858 αὑτοῦ,
3236 3769 3456 3847 δικάσει
3505 3769 3806 3862 ἐττισκόπῳῆ

583 3867 641 3915 et
690 3862 977 3917 sententiae
1026 3878 1134 3919 non
1178 3866 1576 3937 acquiescatur,
1631 3868 1796 3943 [ejus]
1830 3871 2052 3929 ditionis
2074 3888 2113 3943 p;

2277 3882 2520 3954 κληρικῷ
2556 3900 2568 3913 ·
2602 3862 2697 3937 καὶ
2717 3885 2765 3937 εἰ
2791 3883 2866 3956 μὴ
2912 3884 3145 3957 στερχθῇ
3178 3886 3247 3940 τὰ
3292 3887 3668 3958 τετυπωμένα,
3690 3888 3713 3938 ὁ
3736 3885 3807 3952 τῆς

585 3950 827 4006 triarcha
881 3954 1221 4022 cognoscit;
1254 3956 1540 4029 ipsiusque
1602 3959 1885 4030 judicatis,
1944 3963 2115 4032 perint

2276 3950 2593 4046 διοικήσεως
2636 3950 2983 4047 πατριάρχης
3012 3950 3242 4044 aito-nsi,
3294 3980 3392 4034 καὶ
3430 3950 3543 4045 τοῖς
3587 3980 3641 4044 ἐξ
3682 3977 3806 4033 αὖτοῦ

583 4050 750 4111 atque
801 4042 872 4098 ab
904 4043 1064 4099 initio
1104 4044 1406 4116 judicasset
1433 4092 1450 4118 ,
1503 4050 1803 4107 insistitur.
1835 4052 1882 4106 A
1930 4053 2113 4122 patria

2278 4042 2619 4136 κρινομένοις
2673 4042 3026 4137 ἐμμένονσιν,
3060 4069 3135 4134 ὡς
3168 4042 3237 4124 ἂν
3277 4072 3326 4124 εί
3357 4042 3535 4136 αὐτὸς*
3574 4042 3637 4135 ἐξῆ
3673 4070 3808 4139 ἀρχῆς

582 4131 811 4188 charum
844 4150 1085 4206 namque
1113 4139 1404 4196 sententiis
1454 4157 1566 4197 non
1624 4151 1981 4213 provocatur.
2021 4143 2111 4201 Ide

2278 4131 2522 4212 ἐδίκασεν
2554 4173 2569 4189 ⁶
2620 4159 2681 4211 οὑ
2707 4131 2833 4230 ’έὰρ
2864 4131 3224 4215 ἐκκαλοῦνται
3269 4164 3324 4216 αἱ
3368 4164 3481 4218 τῶν
3500 4131 3808 4233 ⁷’πατριαρὶιῖξν

579 4225 744 4281 etiam
801 4236 979 4284 const.
1018 4230 1097 4298 2,
1157 4231 1242 4287 tit.
1300 4233 1326 4287 1
1387 4231 1737 4289 Novellarum
1795 4233 2008 4309 [tradit]
2048 4253 2109 4307 qu

2277 4248 2473 4320 ψῆφοιο
2504 4251 2563 4305 τὸ
2586 4225 2836 4306 αὐτὸκαὶ
2863 4255 2894 4324 ὴ
2924 4252 2966 4324 β’
2997 4254 3137 4309 διάτ.
3167 4254 3261 4309 τοῦ
3291 4262 3341 4309 α’
3373 4258 3483 4312 τίτ.
3504 4225 3807 4323 τῶν-Νεαρὼν

578 4318 748 4377 dicit:
781 4320 937 4387 Quod
965 4323 1009 4379 si
1041 4324 1166 4395 quis
1203 4339 1396 4381 eorum
1431 4327 1526 4396 qui
1568 4329 1711 4398 apud
1739 4329 2027 4401 episcopos
2059 4332 2108 4387 lil

2457 4344 2644 4415 φησὶν,
2680 4344 2755 4409 ὡς
2801 4346 2856 4399 εἴ
2884 4318 2972 4411 τις
3000 4347 3109 4402 τῶν
3144 4351 3297 4422 παρὰ
3328 4351 3612 4419 ὲπισκὸπῳ
3638 4318 3808 4410 δικαζοι

576 4421 729 4483 gant,
760 4413 903 4469 intra
957 4415 1146 4472 decem
1182 4418 1300 4474 dies
1328 4417 1630 4493 [iudicatis]
1673 4423 2035 4492 contradicat,
2073 4426 2106 4480 lt

2276 4413 2478 4506 μένων,
2522 4413 2657 4492 εἴσω
2711 4437 2843 4493 δέκα
2894 4440 3119 4511 ἡμερῶν
3158 4413 3429 4508 ἀντείποι,
3474 4446 3503 4498 ὁ
3542 4413 3644 4497 των
3668 4441 3806 4493 τόπων

576 4521 768 4562 eorum
832 4510 1191 4590 magistratus
1243 4513 1525 4584 negodum
1573 4515 1939 4572 examinato:
1988 4528 2043 4573 et
2096 4517 2106 4591 |

2276 4528 2453 4598 ἅρχων
2500 4528 2800 4593 ἐξεταζέτω
2834 4531 2894 4584 τὸ
2929 4510 3197 4602 πρᾶγμα,
3226 4535 3319 4588 καὶ
3350 4535 3382 4606 ἦ
3425 4533 3709 4606 βεδαιούτω
3733 4530 3806 4599 τὴν

524 4648 530 4677 ι
576 4610 723 4657 recte
747 4602 1056 4672 judicatum
1082 4620 1206 4662 esse
1234 4605 1438 4679 videat]
1468 4609 1795 4663 sententiam
1838 4611 2054 4665 conﬁm

2274 4618 2440 4689 ψῆφον
2488 4622 2585 4674 καὶ
2622 4621 2981 4690 ἐκϐιὸαζέτω,
3025 4625 3100 4695 μὴ
3140 4602 3444 4697 δυναμένων
3476 4626 3569 4681 τοῦ
3601 4625 3804 4692 δεύτερον

518 4682 529 4709 ⁴
570 4700 627 4747 et
649 4696 999 4765 exsequitor:
1025 4712 1204 4768 neque
1219 4697 1313 4768 qui
1344 4697 1542 4753 iterum
1571 4698 1625 4752 in
1654 4699 1757 4754 hoc
1776 4700 1955 4756 victus
1975 4700 2048 4756 fut

2274 4682 2555 4781 τούτῳ
2588 4682 2912 4783 ἡττηθέντος
2951 4682 3305 4771 ἐκκαλεῖσθαι
3337 4735 3353 4749 ο
3391 4719 3647 4781 ἐναντίως
3669 4714 3716 4768 δὲ
3739 4682 3804 4782 ’τῷ

575 4782 860 4859 [amplius]
895 4787 1235 4858 provocandi
1266 4796 1590 4857 potestatem
1643 4790 1860 4847 habeto.
1919 4790 1975 4847 Si
2028 4808 2105 4849 vel

2272 4802 2546 4856 ἑπισκόπω
2566 4803 2661 4857 τοῦ
2684 4805 2945 4876 ἄρχοντος
2974 4807 3374 4880 ῷηφιζομένου,
3401 4813 3435 4881 ἡ
3469 4809 3562 4864 τοῦ
3590 4811 3802 4880 ἄρχοντος

571 4879 927 4949 magistratus
988 4880 1266 4936 contrario
1308 4882 1473 4938 modo
1514 4891 1680 4951 atque
1730 4885 2020 4955 episcopus
2062 4886 2101 4955 ji

2270 4891 2429 4962 ικῆφος
2449 4895 2734 4951 ὑπόκειται
2748 4899 3118 4971 ἐκκλήτῳ,καὶ
3132 4902 3275 4956 κατὰ
3292 4903 3383 4956 τὸν
3399 4903 3563 4974 νόμον
3581 4902 3800 4969 ἀναφέρε-

569 4967 736 5035 dicet,
784 4970 1143 5041 magistratus
1176 4972 1450 5027 sententia
1504 4975 1879 5043 provocationi
1912 4976 2092 5031 obnox

2270 5002 2341 5039 tat
2362 4988 2456 5040 καί
2473 4988 2803 5054 ἐξετάζεται·
2824 4992 2919 5045 ἐὰν
2935 4993 2991 5046 δὲ
3010 4994 3116 5046 ἀπὸ
3132 4995 3437 5060 κελεύσεως
3454 4995 3486 5067 ἦ
3505 4986 3800 5066 προστάξεως

566 5069 688 5116 esto
724 5080 738 5116 :
774 5070 939 5132 atque
969 5062 1273 5118 secundum
1312 5064 1486 5135 legem
1520 5066 1751 5122 refertor
1779 5078 1834 5121 et
1871 5070 2096 5124 examin.

2268 5076 2456 5153 δικάσῃ
2491 5082 2791 5148 ἐπίσκοπος
2814 5125 2828 5148 ,
2858 5087 2889 5155 ἡ
2930 5084 3195 5156 ἕκκλητος
3219 5087 3318 5158 τὴν
3345 5088 3527 5157 ψῆφον
3554 5083 3702 5139 αὖτοῦ
3730 5081 3798 5133 ἐπὶ

567 5162 674 5209 tor.
712 5153 981 5210 Caeterum
1053 5156 1097 5211 si
1140 5171 1204 5210 ex
1251 5157 1499 5225 jussiunc
1546 5169 1641 5215 aut
1709 5163 1969 5218 mandato
2039 5180 2097 5235 ep

2093 5167 2155 5219 ti-
2258 5171 2352 5225 τὸν
2392 5175 2838 5246 παραπέμψαντα
3004 5153 3623 5251 ὑποθεσιννὰναττέμπει.

567 5259 769 5315 scopus
810 5246 1042 5317 iudicet.
1071 5252 1391 5318 provocatio
1414 5253 1740 5308 sententiam
1769 5255 1890 5327 ejus
1934 5257 2000 5312 ad
2030 5273 2157 5313 cum

573 5337 666 5407 qui
700 5342 1136 5396 controversiam
1174 5343 1461 5415 delegavit,
1503 5344 1729 5402 referto.

633 5427 1131 5498 CAP.Vll.-—Quid
1150 5434 1197 5487 si
1215 5435 1483 5505 episcopus
1502 5451 1621 5489 cum
1634 5438 1936 5509 coepiscopo
1950 5449 2156 5495 contro-

2328 5446 2581 5501 ΚΕΦΑΛ.
2642 5448 2716 5500 z'.
2774 5478 2844 5489 —
2883 5449 3022 5502 Ἐὰν
3074 5450 3409 5515 ἐπίσκοπος
3476 5449 3626 5517 ἔχων
3676 5440 3794 5512 apte

566 5522 793 5575 vcrsiam
807 5525 1021 5590 habens,
1038 5543 1141 5581 non
1154 5527 1365 5597 judicio
1383 5530 1685 5596 contendat,
1709 5534 1799 5587 sed
1820 5551 1978 5590 manu
2001 5551 2096 5605 ago

2264 5540 2740 5608 συνεπίσκοπον,
2764 5539 2851 5611 μὴ
2875 5541 3216 5611 δικάσηται,
3252 5542 3411 5597 ἀλλὰ
3437 5539 3584 5610 χειρὶ
3608 5535 3794 5607 πράξηι·

638 5633 866 5691 Consilii
905 5637 1342 5713 Cartliaginensis
1376 5662 1543 5699 canon
1578 5645 1695 5702 120.

2498 5655 2766 5711 Συνόδου
2798 5657 3223 5727 Καρθαγέννης
3257 5656 3453 5712 κανὼν
3488 5652 3585 5727 ρκ’.

638 5748 680 5787 ⁸⁸
708 5750 873 5809 (Ione.
904 5754 1070 5812 Alric.
1097 5775 1145 5813 ς.
1178 5759 1266 5812 (55.
