3874 6296
156 325 234 391 729
834 307 1233 371 SYNTAGMA
1270 304 1657 371 CANONUM.
1678 330 1747 341 --
1778 305 1928 369 ΤΙΤ.
1962 307 2072 383 IX,
2111 308 2269 371 CAP.
2301 311 2556 373 VII-IX.

3220 318 3329 384 730

203 432 315 503 Περὶ
346 428 450 483 τῶν
500 422 619 489 τοῖς
668 419 839 486 λαοῖς
898 420 1006 483 οὓς
1054 415 1398 503 νομίζουσιν
1447 413 1644 503 αὐτοῖς

1828 414 1904 469 De
1921 416 2006 471 liis
2029 419 2119 487 qui
2140 419 2194 472 in
2225 417 2417 487 plebes,
2451 435 2582 489 quas
2631 417 2700 472 ad
2729 436 2784 473 se
2822 427 3015 486 putant
3050 422 3328 493 pertinere,

150 502 615 591 ἁγήκὲωκὲπιὸαλλ
625 512 812 566 όντων
836 508 994 577 παρὰ
1017 505 1259 576 γνώμην
1278 502 1398 558 τῶν
1423 502 1644 569 αὐτοὺς

150 614 474 683 κατεχόντων.

208 681 401 774 Ὁμοίως
424 697 629 767 ἤρεσεν,
658 690 745 745 ἵνα
768 687 1066 759 οίοιδήποτε
1092 685 1402 748 ἐπίσκοποι,
1430 701 1485 741 κ.
1510 700 1562 736 τ.
1590 681 1641 736 λ.

194 901 405 961 ΚΕΦΔΛ.
428 896 510 952 ﬂ'.
536 925 603 936 —
634 892 785 948 Πότε
820 890 1068 945 δύναται
1094 886 1428 951 ἐπίσκοπος
1456 881 1647 938 κινεῖν

146 997 395 1058 ὲπισκόπφ
415 987 569 1059 παρὰ
606 986 858 1056 ἄρχοντι
882 979 1185 1044 πολιτικῷ.

326 1170 583 1229 Συνόδου
609 1163 1029 1235 Καρθατέννης
1053 1155 1251 1212 κανὼν
1286 1155 1398 1227 μη’.

190 1271 299 1337 Περὶ
342 1245 871 1330 ἀναϐαπτῖονμὰτων
910 1254 1009 1309 καὶ
1064 1246 1559 1323 ἀναχειροτονιῶν
1603 1247 1643 1317 ἢ

137 1362 452 1438 μεταϐάσεως
474 1358 843 1412 ἐπισκόπων.

190 1455 260 1529 μη¹
287 1456 475 1509 Ἐκεῖνο
506 1452 563 1506 δὲ
601 1454 945 1522 ἀναφέρομεν
969 1446 1217 1502 ὲνταλθὲν
1241 1442 1394 1513 ἡμῖν,
1424 1456 1481 1491 κ.
1502 1453 1554 1489 τ.
1590 1434 1643 1489 λ.

186 1648 399 1703 ΚΕΦΛΛ.
426 1647 501 1699 8'.
541 1674 614 1685 —
631 1643 770 1713 Περὶ
792 1642 910 1697 τῶν
933 1642 1151 1708 ἀδίκως
1187 1636 1648 1707 ἐκϐαλλομένων

135 1739 418 1797 ἐπισκόπων
445 1736 543 1790 καί
582 1733 903 1803 κληρικῶν.
1278 1738 1305 1755 ”‘

294 1847 554 1904 Συνόδου
586 1844 888 1915 Σαρδικῆς
916 1842 1118 1898 κανὼν
1162 1841 1219 1895 ιδ’
1252 1846 1318 1910 ιη’
1345 1836 1429 1894 ιο’.

184 1941 231 1997 ιδ’
235 1942 416 2064 ,ὶοσιος
439 1940 738 2001 ἐπίσκοπος
765 1932 906 1989 εἷπε·
936 1935 1010 1987 Τὸ
1029 1934 1085 1987 δὲ
1114 1931 1341 1986 πάντοτέ
1358 1946 1425 2001 με
1440 1926 1645 1994 κινοῦν,

196 2031 240 2064 τ.
284 2049 300 2064 .

135 2031 173 2069 κ.
196 2031 240 2067 τ.
259 2031 300 2064 Α.

184 2103 252 2176 ιη’.
287 2105 460 2165 Ὀσιος
492 2101 791 2164 ἐπίσκοπος
842 2094 996 2152 εἶπεν
1022 2114 1037 2129 ’
1086 2095 1507 2157 ’Υποὸάλλοντος
1552 2092 1647 2146 καὶ

132 2197 197 2249 τοῦ
231 2193 436 2262 ἀδελφοῦ
483 2192 644 2262 ἡμῶν
699 2189 1018 2261 Ὀλυμπίου,
1070 2187 1164 2240 καὶ
1208 2186 1366 2239 τοῦτο
1397 2185 1594 2252 ἤρεσεν
1625 2197 1645 2215 ο

131 2290 192 2343 ίνα
222 2288 265 2340 εί
284 2305 354 2350 τις
385 2286 702 2348 ἐπίσκοπος,
734 2282 854 2353 βίαν
885 2280 1182 2349 ὑπομείνας
1210 2278 1409 2339 ἀδίκως
1446 2275 1647 2344 ὲκῆλη-

131 2378 234 2448 θείη,
260 2377 288 2447 ἢ
311 2376 391 2429 διὰ
416 2374 515 2446 τὴν
547 2376 880 2442 ὶπιστήμην,
914 2370 947 2440 ἢ
979 2369 1065 2423 διὰ
1084 2370 1185 2438 τὴν
1221 2365 1509 2437 ὁμολογίαν
1547 2365 1648 2434 τῆς

129 2470 364 2538 καθολικῆς
399 2464 751 2536 Ἐκκλησίας,
788 2464 823 2533 ἢ
847 2462 937 2515 διὰ
963 2461 1060 2532 τὴν
1090 2462 1185 2531 τῆς
1218 2457 1478 2528 ἀληθείας
1503 2456 1648 2509 ἔκδι-

129 2560 236 2624 κίαν,
260 2560 345 2612 καὶ
365 2557 581 2628 φεύγων
620 2556 710 2609 τὸν
743 2555 1006 2615 κίνδυνον,
1037 2551 1210 2614 eoeo;
1236 2550 1332 2603 καὶ
1361 2547 1647 2603 καθωσιω-

129 2656 249 2725 μένος
279 2652 366 2717 ὣν,
414 2653 493 2714 είς
537 2649 728 2720 ἑτέραν
785 2646 928 2699 ἔλθοι
986 2645 1178 2708 πόλιν,
1235 2642 1311 2714 μὴ
1356 2640 1647 2696 κωλυέσθω

128 2748 213 2799 ἐκεῖ
240 2745 321 2797 ἐπὶ
357 2742 612 2796 τοσοῦτον
643 2740 869 2808 διάγειν,
924 2738 1027 2799 ἕως
1062 2738 1126 2789 ἂν
1154 2733 1448 2803 ἐπανέλθῃ,
1488 2732 1522 2803 ἢ
1549 2734 1647 2803 τῆς

127 2837 289 2907 ὕϐρεως
309 2836 401 2905 τῆς
427 2832 802 2903 γεγενημένης
850 2827 999 2899 αὑτῷ
1037 2826 1361 2894 ἀπαλλαγὴν
1386 2822 1644 2893 εὑρέσθαι

125 2927 279 2999 δυνηθῇ
309 2943 321 2956 ·
340 2926 575 2997 σκληρὸν
609 2926 718 2995 γὰρ
735 2924 829 2977 καὶ¹
857 2921 1180 2993 βαρύτατον,
1216 2917 1435 2970 ἐλασίαν
1455 2916 1644 2969 ἄδικον

124 3020 531 3090 ὑπομεμενηκότα
566 3017 645 3089 μὴ
662 3013 1019 3086 ὑποδέχεσθαι
1052 3012 1141 3081 ὑφ’
1173 3008 1333 3079 ἡμῶν
1366 3026 1380 3039 ⁶
1414 3007 1641 3080 πλείστῃ

1754 506 2075 564 inconvenlis
2096 509 2177 564 his
2203 528 2235 564 a
2257 510 2448 582 quibus
2478 520 2717 565 tenentur
2737 512 3012 567 irruerint.

1825 682 1954 739 Item
1983 685 2209 755 placuit,
2247 695 2307 741 ut
2334 686 2648 757 quicunque
2673 685 2933 756 episcopi,
2958 695 3087 755 elc.,
3114 696 3169 740 ut
3202 703 3325 759 pag.

1756 773 1883 829 726.

1822 884 1983 955 257
2016 885 2170 942 CAP.
2204 888 2337 953 VIII,
2375 920 2444 928 —
2477 889 2838 953 Quandonam
2886 889 3042 943 liceat
3087 890 3328 960 episcopo

1757 978 2024 1030 actionem
2064 979 2333 1033 intendere
2366 991 2552 1034 contra
2575 982 2878 1051 episcopum
2927 982 3068 1051 apud
3122 982 3328 1036 civilem

1743 1066 1996 1136 judicent.
2590 1124 2597 1129 .

2040 1156 2264 1211 Concilii
2290 1156 2725 1227 Cartlmginensis
2755 1179 2921 1215 canon
2946 1162 3035 1215 48.

1821 1247 1900 1297 De
1914 1246 2423 1315 rebaptizationibus
2452 1260 2501 1305 et
2524 1255 3031 1319 reordinationibus,
3052 1254 3131 1308 vel
3152 1265 3328 1309 trans-

1754 1334 2042 1392 lationibus
2076 1340 2466 1409 episcoporum.

1824 1427 1959 1482 Illud
2020 1429 2202 1486 autem
2268 1433 2611 1504 suggerimus
2661 1436 3016 1496 mandatum.
3066 1448 3215 1505 etc.,
3265 1447 3323 1491 ut

1751 1534 1873 1589 pag.
1902 1519 2029 1574 559.

1823 1630 1981 1688 CAP.
2019 1632 2112 1687 1X.
2153 1664 2218 1676 —
2248 1634 2325 1690 De
2368 1636 2626 1708 episcopis
2665 1646 2713 1691 et
2758 1638 2961 1693 clericis
3014 1640 3190 1711 inique
3236 1657 3326 1695 ea:-

1752 1721 1940 1791 pulsis.

1927 1833 2154 1889 Concilii
2198 1834 2533 1893 Sardicensis
2573 1856 2795 1894 canones
2822 1839 2908 1907 M,
2948 1840 3033 1906 18,
3063 1841 3147 1897 l9.

1818 1924 1907 1979 Η.
1954 1924 2116 1983 Osius
2162 1929 2454 1999 episcopus
2501 1930 2677 1985 dixit:
2728 1931 2886 1997 Quod
2926 1942 3109 1987 autem
3157 1933 3326 1988 unde-

1745 2032 1962 2088 quaque
1997 2034 2082 2073 me
2109 2029 2312 2085 movet,
2339 2031 2469 2087 etc.,
2503 2031 2560 2075 nt
2581 2040 2703 2093 pag.
2738 2023 2863 2078 725.

1821 2109 1886 2164 18
1916 2109 2031 2183 [17]
2074 2109 2237 2167 Osius
2272 2113 2565 2183 episcopus
2613 2115 2791 2169 dixit:
2837 2114 3167 2186 Suggerente
3212 2114 3325 2169 fra-

1748 2209 1829 2256 tre
1860 2212 2050 2258 nostro
2080 2201 2351 2275 Olympio,
2382 2206 2486 2261 hoc
2523 2223 2743 2277 quoque
2769 2207 3006 2278 placuit;
3042 2218 3100 2262 ut
3129 2210 3171 2261 si
3201 2209 3325 2279 quis

1745 2293 2036 2364 episcopus
2072 2296 2182 2350 vim
2224 2312 2441 2367 passus,
2478 2299 2676 2368 injuste
2705 2298 2913 2369 ejectus
2952 2301 3043 2365 sit,
3073 2300 3155 2353 vel
3187 2316 3321 2370 pro-

1745 2398 1864 2455 pter
1888 2387 2197 2456 scientiam,
2226 2390 2311 2444 vel
2344 2401 2567 2461 pr0pter
2590 2392 2875 2447 catholicae
2905 2391 3161 2447 Ecclesiae
3193 2408 3325 2447 con-

1746 2474 2063 2541 fessionem,
2092 2478 2173 2532 vel
2202 2490 2426 2549 propter
2465 2480 2712 2536 veritatis
2736 2480 3132 2544 defensionem,
3160 2490 3212 2535 et
3238 2480 3324 2533 l'u-

1747 2568 1899 2636 giens
1944 2569 2270 2638 periculum,
2313 2571 2579 2627 innocens
2626 2572 2991 2627 exsecrationi
3041 2572 3324 2640 subjectus

1746 2656 1802 2711 in
1827 2658 1990 2713 aliam
2025 2660 2215 2715 urbem
2256 2662 2501 2727 venerit;
2540 2678 2607 2719 ne
2630 2664 2985 2733 prohibeatur
3012 2663 3180 2734 258
3204 2664 3319 2718 illic

1746 2748 1934 2802 tandiu
1974 2766 2153 2818 agere,
2215 2752 2388 2809 donec
2422 2766 2745 2821 revertatur,
2800 2756 2883 2811 vel
2939 2771 2969 2810 a
3025 2756 3169 2812 facta
3217 2756 3324 2812 sibi

1747 2838 1945 2910 injuria
1994 2844 2169 2913 possit
2213 2845 2588 2903 liberationem
2626 2848 2887 2904 invenire.
2922 2848 3127 2904 Durum
3167 2850 3316 2905 enim

1745 2940 1849 2999 est,
1872 2941 2036 3004 atque
2089 2938 2228 2993 adeo
2272 2940 2680 3009 gravissimum,
2736 2955 2861 2997 eum
2918 2942 3014 3013 qui
3060 2942 3321 3013 injustam

1746 3022 2068 3093 ejectionem
2101 3043 2295 3098 passus
2316 3037 2421 3095 est,
2447 3046 2476 3085 a
2510 3031 2668 3087 nobis
2691 3048 2799 3086 non
2835 3033 3064 3105 suscipi.
3091 3032 3141 3089 ls
3172 3034 3320 3087 enim

123 3112 205 3182 γὰρ
222 3109 579 3181 καλοκαγαθίᾳ
625 3107 720 3163 καὶ
751 3104 1137 3179 φιλοφρονήσει
1167 3098 1375 3171 ὀφείλει
1415 3101 1644 3173 παραδέ-

1762 3116 1915 3173 dcbet
1950 3129 1980 3173 a
2030 3121 2193 3178 nobis
2231 3122 2464 3193 plurima
2512 3123 2853 3181 humanitate
2878 3135 2946 3194 ,οι
2988 3098 3323 3197 benignitate

121 3203 267 3274 χεσθαι
289 3205 315 3257 6
338 3202 597 3266 τοιοῦτος.

269 3321 541 3384 Ἀπαντες
566 3319 879 3390 εἰρήκασιν
910 3319 1113 3391 Ἦρεσε
1142 3319 1240 3375 καὶ
1266 3316 1442 3375 τοῦτο.

170 3410 239 3466 ιϐ’.
270 3413 586 3475 Γαυδέντιος
645 3411 942 3474 ἐπίσκοπος
986 3406 1139 3464 εἶπεν
1180 3427 1195 3441 ⁸
1228 3408 1410 3475 Οἶδας,
1451 3407 1647 3478 ἀδελφὶ

128 3506 281 3571 ’Δέτιε,
331 3508 402 3572 ὡς
448 3506 513 3559 τδ
542 3504 845 3574 τηνικαῦτά
903 3522 1033 3558 ποτε
1078 3504 1515 3567 κατασταθέντος
1552 3519 1647 3555 σου

119 3602 384 3665 ἐπισκόπου,
414 3603 449 3671 ή
479 3601 672 3671 εἰρήνη
702 3599 886 3653 λοιπὸν
912 3594 1242 3668 ἑὸράϐευσεν
1263 3615 1276 3628 ·
1312 3599 1397 3650 ἵνα
1422 3597 1495 3667 μή
1528 3612 1647 3649 τινα

118 3693 298 3764 λείψανα
330 3695 601 3766 διχονοίας
627 3694 755 3764 περὶ
802 3692 914 3745 τῶν
943 3688 1413 3763 ὲκκλησιαστικῶν
1446 3690 1645 3742 ἐναπο-

120 3791 258 3862 μείνῃ.
284 3789 421 3854 ἔδοξε
443 3788 542 3841 καὶ
564 3789 691 3849 τοὺς
716 3785 866 3857 παρὰ
890 3784 1165 3840 Μουσαίου
1185 3778 1645 3844 κατασταθέντας,

117 3882 315 3945 καὶτοὺς
369 3882 525 3952 παρὰ
566 3877 922 3949 Εὐτυχιανοῦ,
980 3875 1169 3947 ἐπειδὴ
1195 3873 1376 3928 αὐτῶν
1420 3870 1645 3942 οὐδεμία

116 3974 226 4027 σιτία
245 3975 563 4044 εὑρίσκοιτο,
602 3972 806 4034 πάντας
841 3967 1221 4039 ὑποδεχθῆναι.

174 4088 223 4142 Ἦ
247 4089 322 4158 κγ’
354 4090 600 4155 διάταξις
654 4087 749 4141 τοῦ
786 4084 832 4155 γ’
859 4086 966 4139 τίτ.
990 4082 1084 4138 τοῦ
1114 4081 1159 4137 α’
1212 4079 1351 4152 etei.
1382 4076 1477 4131 τοῦ
1506 4076 1641 4133 κώδ.

113 4178 282 4251 δέχεται
300 4180 396 4252 τὴν
432 4183 658 4251 μνήμην
695 4176 1017 4240 Φλαὸιανοῦ,
1059 4174 1153 4229 καὶ
1189 4170 1438 4226 ὲκδάλλει
1471 4171 1647 4224 Εὐτυ-

113 4272 189 4341 χὲα
210 4288 223 4301 ·
250 4275 279 4343 ή
303 4273 356 4325 δὲ
378 4270 458 4342 λη’
480 4270 623 4324 διάτ.
654 4267 748 4322 τοῦ
781 4266 946 4322 αὐτοῦ
976 4265 1079 4319 τίτ.
1103 4263 1287 4333 φησιν,
1318 4261 1425 4326 ὅτι,
1456 4261 1533 4315 Οὐ
1566 4261 1647 4315 δεῖ

111 4360 206 4422 τοὺς
230 4361 555 4421 ἐπισκόπους
600 4358 696 4411 καὶ
748 4354 1062 4426 κληρικοὺς,
1112 4351 1444 4420 ἀναγκάζειν
1496 4352 1644 4413 τινάς

1748 3208 1946 3280 excipi.

1820 3323 2024 3381 Omnes
2054 3325 2312 3382 dixerunt
2343 3343 2357 3381 :
2393 3324 2508 3385 Hoc
2540 3329 2705 3385 etiam
2735 3330 2965 3402 placuit.

1821 3416 1887 3471 I9
1926 3417 2066 3489 [18].
2108 3418 2449 3477 Gaudentius
2493 3424 2783 3494 episcopus
2810 3426 2992 3480 dixit:
3026 3424 3168 3492 Scis,
3208 3425 3323 3481 fra-

1748 3512 1831 3559 ter
1858 3508 2033 3571 Aetie,
2070 3509 2217 3577 quod
2251 3518 2381 3565 tunc
2411 3526 2535 3565 cum
2558 3514 2848 3583 episcopus
2878 3515 3206 3569 constitutus
3237 3531 3317 3583 es,

1747 3612 1853 3667 pax
1900 3598 2158 3670 deinceps
2201 3602 2405 3672 viguit;
2454 3618 2520 3658 ne
2569 3604 2764 3673 aliqua:
2814 3606 3022 3661 dissidii
3072 3606 3319 3677 reliquiae

1748 3700 2086 3756 remaneant,
2133 3692 2311 3747 visum
2352 3702 2455 3758 est,
2506 3704 2566 3749 ut
2598 3697 2690 3766 qui
2735 3714 2764 3751 ιι
2805 3696 3009 3752 Μυεωο
3041 3706 3095 3753 et
3151 3698 3319 3770 Euty-

1745 3782 1944 3837 chiauo
1993 3783 2280 3839 constituti
2336 3794 2487 3851 sunt,
2527 3788 2658 3857 quia
2723 3790 2869 3844 nulla
2928 3805 3120 3846 eorum
3158 3792 3318 3863 culpa

1743 3871 2141 3942 inveniebatur,
2183 3890 2374 3933 omnes
2420 3879 2815 3950 suscipiantur.

1817 4073 2031 4129 Textus.
2064 4073 2253 4131 Const.
2283 4076 2373 4141 25,
2421 4079 2503 4131 tit.
2551 4079 2605 4142 5,
2638 4079 2734 4135 lib.
2770 4096 2784 4134 ι
2840 4079 2972 4135 Cod.
3013 4081 3143 4137 facit
3168 4098 3318 4137 men-

1746 4165 1944 4219 tionem
1976 4166 2246 4231 Flaviani,
2285 4179 2337 4223 et
2366 4168 2516 4238 ejicit
2547 4170 2924 4240 Eutychetem.
2954 4173 3186 4229 Constit.
3220 4190 3315 4229 ve-

1746 4274 1808 4313 ro
1834 4258 1902 4312 58
1954 4259 2200 4328 ejusdem
2235 4261 2317 4315 tit.
2346 4262 2423 4315 ait
2456 4303 2470 4327 ,
2504 4261 2659 4328 Quod
2688 4280 2796 4318 non
2830 4274 3079 4334 Oporteat
3102 4268 3315 4336 episco-

1745 4362 1846 4417 pos
1879 4356 1975 4402 aut
2004 4349 2233 4404 clericos
2263 4365 2457 4421 cogere
2487 4352 2724 4420 aliquos,
2754 4362 2813 4408 ut
2847 4354 3056 4410 fructus
3084 4357 3317 4411 oll'crant

111 4454 455 4521 καρποφορεῖν,
513 4449 548 4521 ἢ
574 4446 869 4518 άγγαρείας
918 4444 1139 4507 διδόναι,
1166 4443 1199 4514 ἢ
1228 4440 1576 4513 ἐπηρεάζειν,
1607 4441 1641 4511 ἢ

1762 4446 1840 4491 ιιιι
1890 4440 2142 4509 angarias
2192 4448 2447 4510 prmstent
2479 4459 2492 4495 :
2524 4442 2608 4496 vel
2655 4454 2941 4514 propterea
2988 4462 3203 4513 vexare,
3233 4448 3316 4502 vel

110 4542 365 4611 ἀφορίζειν,
405 4543 439 4612 ἢ
489 4538 926 4610 ἀναθεματίζειν,
970 4536 1003 4607 ἢ
1052 4536 1125 4606 μὴ
1160 4532 1465 4605 βαπτίζειν,
1495 4534 1528 4603 ἢ
1560 4531 1635 4603 μὴ

111 4630 269 4685 διδόναι
294 4633 579 4687 κοινωνίαν
606 4632 694 4685 διὰ
715 4630 909 4693 ταῦτα,
940 4628 1039 4681 κᾶν
1063 4626 1183 4689 ἔθος
1208 4626 1447 4680 τοιοῦτον
1484 4624 1641 4694 ἐκρά-

109 4736 257 4791 τησεν*
282 4723 310 4775 ὁ
327 4723 385 4777 δὲ
412 4719 1034 4794 παραϐαίνων,εὲπίπτει
1066 4717 1161 4787 τῆς
1191 4714 1521 4785 Ἐκκλησίας
1545 4713 1639 4767 καὶ

111 4814 182 4881 τῆς
204 4814 513 4887 διοικήσεως
563 4816 752 4885 αὐτῆς,
782 4814 876 4866 καὶ
894 4812 1075 4865 δίδωσι
1108 4809 1139 4864 ι’
1196 4810 1385 4882 λίτρας
1420 4827 1435 4841 ·
1466 4807 1642 4863 ταῦτα

110 4901 152 4955 δὲ
192 4911 370 4977 κρατεῖ
415 4910 477 4961 ἐν
532 4907 667 4977 μόνῃ
705 4908 770 4974 τῇ
814 4902 1168 4973 βασιλευούσῃ
1214 4902 1308 4955 καὶ
1346 4903 1411 4972 τῇ
1457 4898 1641 4970 ὲνορίᾳ

110 4995 264 5066 αὑτῆς,
297 5002 390 5053 καὶ
426 5004 542 5063 τοῖς
579 5000 837 5069 ἀνήκουσι
864 4997 1050 5059 τόποις
1085 4995 1498 5065 μητροπολίτου,
1537 4991 1641 5045 ὑπὸ

111 5090 181 5142 τοῦ
200 5096 531 5165 πατριάρχου
584 5088 1095 5161 χειροτονουμένοις,
1126 5090 1158 5159 ἢ
1184 5090 1293 5150 τοῖς
1327 5087 1387 5151 ἐξ
1419 5087 1641 5139 ἐκείνων

112 5186 371 5251 γινομένοις
416 5183 765 5243 ἐπισκόποις·
824 5182 920 5234 καὶ
961 5182 994 5250 ἡ
1030 5177 1089 5243 ις’
1137 5180 1274 5232 διάτ.
1305 5177 1399 5231 τοῦ
1439 5176 1490 5231 α’
1531 5179 1639 5231 τίτ.

112 5273 193 5326 τῶν
214 5276 435 5346 Νεαρῶν
482 5291 667 5345 φησιν,
701 5274 785 5326 ὅτι
834 5272 1128 5334 ἐπίσκοπος
1179 5270 1210 5339 ἢ
1248 5269 1641 5339 πρεσϐύτερος,

113 5368 245 5433 χωρὶς
281 5367 572 5436 κανυνικῆς
605 5364 802 5429 αἰτίας,
844 5362 1121 5433 ἀφορίζων
1162 5362 1284 5415 τινὰ
1320 5362 1417 5431 τῆς
1449 5379 1641 5415 κοινω-

113 5455 223 5521 νίας,
248 5458 508 5527 λυομένου
553 5457 647 5510 τοῦ
679 5455 958 5527 χωρισμοῦ
998 5455 1101 5507 ὑπὸ
1150 5453 1243 5506 τοῦ
1289 5454 1530 5523 μείζονος
1566 5454 1642 5505 ἱε-

116 5547 243 5615 ρέως,
268 5552 426 5615 αὐτὸς
472 5550 827 5618 ἀκοινώνητος
878 5548 1117 5617 γίνεται,
1160 5546 1242 5616 ἐφ’
1284 5546 1405 5599 ὅσον
1455 5547 1643 5615 χρόνον

116 5633 265 5705 ιερεὺς
293 5638 383 5707 ὑφ’
405 5640 467 5695 ὃν
490 5640 635 5695 τελεῖ
658 5638 876 5692 συνίδοι.

1739 4533 2235 4598 excommunicare,
2260 4534 2343 4587 vel
2378 4535 2725 4591 anathemate
2762 4538 2944 4605 ferire,
2988 4542 3071 4595 vel
3104 4541 3317 4596 Eucha-

1740 4622 1909 4676 ristia:
1956 4633 2359 4679 sacramentum
2414 4641 2520 4681 non
2562 4630 2888 4698 porrigere:
2932 4633 3146 4687 tametsi
3194 4649 3322 4687 coo-

1740 4711 2025 4766 suetudine
2059 4713 2109 4765 id
2155 4713 2467 4769 invaluerit.
2520 4715 3011 4788 Transgressorem
3044 4731 3224 4775 autem
3252 4722 3321 4776 ab

1740 4800 1979 4855 Ecclesia
2006 4801 2234 4871 ejusque
2255 4803 2721 4863 administratione
2740 4809 3010 4875 excidere,
3041 4825 3105 4864 ac
3131 4810 3317 4865 decem

1741 4892 1905 4947 libras
1932 4893 2083 4947 dare.
2121 4895 2299 4964 Atque
2328 4894 2444 4951 haec
2487 4898 2704 4966 quidem
2739 4900 2793 4954 in
2824 4901 2941 4956 sola
2983 4901 3127 4969 regia
3158 4903 3315 4965 urbe,

1740 4984 1969 5054 ejusque
2018 4986 2319 5051 territorio,
2365 4998 2419 5042 et
2452 4989 2586 5045 locis
2634 5002 2730 5045 aut
2762 4992 2829 5047 ad
2876 4994 3319 5061 metropolitanos

1744 5078 1836 5148 qui
1874 5094 1903 5131 a
1938 5080 2244 5148 patriarcha
2278 5080 2621 5147 ordinantur,
2657 5094 2751 5138 aut
2798 5085 2863 5139 ad
2902 5085 3187 5155 episcopos
3228 5088 3319 5155 qui

1744 5170 1812 5224 ab
1842 5169 1992 5223 hisce
2047 5168 2529 5243 [metropolitanis]
2580 5182 2859 5239 creantur,
2897 5175 3318 5244 pertinentibus,

1745 5262 2006 5320 obtinere.
2041 5262 2106 5316 Et
2151 5274 2329 5320 const.
2364 5266 2420 5329 2,
2468 5266 2550 5319 tit.
2585 5280 2602 5318 ι
2635 5264 2979 5321 Novellarum
3004 5268 3080 5323 ait
3110 5286 3124 5323 :
3165 5271 3320 5335 Quod

1746 5354 2034 5423 episcopus
2067 5363 2161 5408 aut
2192 5356 2492 5426 presbyter,
2525 5358 2618 5427 qui
2646 5359 2781 5412 citra
2814 5373 3035 5415 causam
3067 5361 3120 5415 in
3158 5376 3321 5416 cano-

1746 5448 1906 5499 nibus
1968 5449 2418 5514 comprehensam
2472 5464 2501 5502 a
2563 5450 2948 5506 communione
3009 5452 3319 5521 quempiam

1747 5547 2039 5606 segregat,
2084 5540 2318 5594 resoluta
2372 5541 2717 5610 separatione
2766 5558 2860 5611 per
2921 5543 3182 5613 majorem
3231 5560 3318 5598 sa-

1750 5635 2044 5696 ccrdotem,
2105 5632 2217 5701 ipse
2276 5644 2703 5704 quantocunque
2749 5644 2990 5706 tempore
3048 5636 3319 5691 sacerdoti

1754 5724 1839 5778 cui
1874 5726 2058 5779 subest
2083 5725 2251 5779 \‘iSlllll
2282 5725 2464 5790 fuerit,
2497 5743 2526 5781 a
2559 5728 2941 5785 communione
2984 5728 3315 5786 excludatur.
