3874 6296
549 264 648 333 7'll

1719 274 1946 335 ΡΗΟΤΙ
1953 273 1981 334 Ι
2020 272 2146 333 PA']

2263 272 2525 342 ARCHIE
2555 274 2666 336 (ΣΡ.
3700 286 3787 351 73?.

625 354 790 426 259
821 354 900 410 CA
914 355 975 412 P.
1007 357 1077 413 X.
1102 357 1265 413 -De
1296 364 1558 430 separatis
1587 374 1680 417 aut
1704 363 1871 433 pulsis
1901 361 2140 418 Ecclesia

2315 363 2567 418 ΚΕΦΑΛ.
2597 366 2655 417 l’.
2681 395 2750 406 —-
2776 363 2914 432 Περὶ
2943 363 3060 418 τῶν
3085 363 3520 436 ἀφοριζομένων
3543 369 3578 438 ἢ
3605 370 3786 431 616a,!-

555 445 630 498 νει
653 447 1039 502 communione.

779 554 1153 625 Apostolorum
1171 578 1394 618 canones
1423 563 1507 630 12,
1539 564 1628 630 l5,
1668 566 1759 628 52,
1799 569 1889 622 5|.

620 645 707 701 12.
771 646 826 702 Si
870 650 994 719 quis
1048 647 1128 683 ἐ*
1158 653 1389 709 clericus
1445 655 1527 709 vel
1567 656 1740 712 laicus
1779 667 2093 729 segregatus
2118 701 2133 726 ,

552 741 668 794 sive
747 757 870 796 non
903 743 1268 813 recipiendus,
1312 746 1619 812 discedens,
1699 750 1752 803 in
1793 751 1961 806 altera
2001 753 2136 809 urbe

551 841 804 901 receptus
876 833 1043 888 fuerit
1108 837 1316 908 absque
1364 838 1561 895 litteris
1619 843 2083 898 commendatitiis
2119 887 2132 911 ,

549 936 908 994 segregetur,
961 935 1013 982 et
1075 928 1168 998 qui
1243 931 1493 1002 exeipit,
1557 946 1612 987 et
1703 935 1795 1004 qui
1875 946 2138 1006 exceptus

548 1022 650 1069 est.

619 1129 707 1182 15.
742 1127 836 1184 Sin
867 1141 1046 1186 autem
1079 1140 1162 1188 est
1189 1147 1531 1207 segregatus,
1564 1137 1685 1209 ejus
1712 1140 2024 1196 intendatur
2054 1159 2138 1199 se-

558 1231 824 1292 gregatio.

620 1312 710 1366 3‘2.
741 1315 795 1367 Si
829 1315 954 1383 quis
983 1317 1264 1389 presbyter
1290 1320 1370 1374 Vel
1402 1322 1665 1379 diaconus
1695 1325 1762 1377 ab
1790 1325 2046 1396 episcopo
2069 1327 2139 1382 sit

549 1411 884 1471 segregatus,
919 1421 1024 1460 non
1055 1407 1214 1463 liceat
1244 1410 1333 1464 alii
1366 1427 1490 1465 eum
1520 1416 1822 1482 suscipere,
1848 1432 2011 1485 quam
2043 1418 2137 1487 qui

551 1491 726 1562 ipsum
755 1499 1057 1566 segregavit
1093 1517 1108 1554 :
1151 1501 1256 1555 nisi
1294 1501 1435 1558 forte
1470 1505 1539 1558 sit
1565 1516 1817 1562 mortuus
1845 1509 2138 1579 episcopus

551 1586 643 1656 qui
676 1588 857 1658 ipsum
895 1593 1226 1661 segregavit.

620 1771 708 1826 5t.
740 1773 797 1826 Si
843 1775 967 1843 quis
999 1776 1308 1846 episc0pus,
1359 1778 1662 1849 presbyter,
1713 1782 1796 1835 vel
1849 1781 2133 1849 diaconus,

553 1864 635 1918 vel
666 1866 891 1920 omnino
922 1882 984 1920 ex
1021 1869 1346 1923 sacerdotali
1372 1887 1621 1937 numero,
1648 1887 1678 1926 a
1709 1873 1932 1943 nuptiis,
1955 1875 2136 1929 carni-

555 1953 657 2009 bus
686 1963 739 2009 et
767 1955 916 2020 vino,
943 1973 1048 2010 non
1072 1968 1292 2028 propter
1309 1961 1778 2026 exercitationem,
1801 1965 1893 2018 sed
1917 1975 2138 2034 propter

555 2045 1008 2101 abominationem
1048 2049 1309 2112 abstinet,
1339 2052 1542 2106 olilitns
1573 2053 1719 2122 quod
1762 2054 1943 2110 omnia
1983 2057 2138 2112 valde

557 2138 718 2204 bona,
749 2149 800 2193 et
834 2141 961 2210 quia
997 2143 1358 2197 masculinum
1394 2154 1447 2198 et
1477 2143 1801 2199 femininum
1839 2145 1966 2202 fecit
1997 2147 2139 2206 Deus

558 2232 833 2286 hominem
862 2252 874 2286 :
911 2236 1004 2289 sed
1029 2235 1413 2306 blasphemans
1435 2239 1802 2293 calumniatur
1827 2241 2135 2310 opiﬁcium;

557 2325 640 2377 vel
666 2325 990 2396 corrigatur.
1021 2327 1104 2381 vel
1128 2327 1454 2396 deponatur,
1481 2340 1536 2384 et
1563 2346 1631 2384 ex
1667 2331 1915 2389 Ecclesia
1945 2333 2139 2405 ejicia-

560 2425 666 2470 tur.
702 2417 965 2472 Similiter
1006 2429 1059 2474 et
1093 2419 1287 2476 laicus.

753 2530 982 2586 Conrilii
1018 2533 1226 2589 Nimmi
1254 2554 1478 2591 canones
1502 2538 1555 2605 5,
1604 2538 1690 2601 12,
1730 2540 1818 2601 l3,
1849 2539 1938 2596 16.

630 2621 683 2675 5.
726 2621 799 2676 De
832 2622 899 2675 iis
927 2624 1021 2692 qui
1055 2639 1084 2678 a
1119 2630 1507 2684 communione
1535 2631 1806 2700 segregati
1837 2639 1986 2698 sunt,
2011 2643 2139 2700 etc.,

560 2727 615 2768 ut
648 2732 771 2785 pag.
812 2717 939 2771 674.

632 2832 722 2884 12.
763 2829 866 2896 Qui
899 2841 1080 2888 autem
1112 2849 1142 2888 a
1167 2835 1336 2903 gratia
1363 2838 1410 2868 "
1445 2837 1661 2906 quidem
1692 2840 1925 2905 evocati,
1951 2849 2006 2895 et
2030 2841 2143 2909 pri-

561 2940 709 2977 mum
751 2940 912 2979 suum
955 2926 1208 2981 ardorem
1235 2930 1618 2998 ostenderunt,
1649 2942 1704 2987 et
1733 2932 1952 3003 cingula
1979 2934 2146 3002 depo-

562 3025 813 3082 suerunt,
863 3029 1050 3087 postea
1079 3030 1257 3075 autem
1291 3029 1350 3075 ut
1382 3037 1546 3078 canes
1577 3024 1644 3077 ad
1688 3041 1848 3078 suum
1878 3027 2142 3080 vomitum

2237 453 2509 524 λομένων
2543 455 3028 524 τῆςἘκκλησίας
3060 456 3098 525 ἢ
3139 456 3250 525 τῆς
3275 459 3606 528 κοινωνίας.

2541 569 2921 622 Ἇποστόλων
2944 569 3148 622 κανὼν
3172 567 3237 638 ιβ’
3264 567 3331 638 ιγ’
3355 570 3435 640 λβ⁹
3450 570 3544 627 vd.

2314 657 2398 728 ιβ’.
2432 660 2497 713 El
2541 678 2624 722 τις
2666 660 2929 731 κληρικδς
2957 661 2989 732 ἦ
3018 662 3225 726 λαῖκδς,
3272 663 3652 734 ἀφωρισμένος
3695 669 3794 738 ἦτοι

2239 751 2483 816 ἄδεκτος,
2521 754 2773 807 ἀπελθὼν
2803 756 2860 807 ὲν
2889 755 2972 808 ἑτέ
2983 773 3053 826 ρσι
3084 753 3237 808 πόλει
3266 755 3453 826 δεχθῇ,
3491 757 3615 811 ἄνευ
3643 777 3795 830 γραμ-

2242 843 2428 911 μάτων
2455 845 3164 919 συστατικῶν,ἁφοριζέσθω
3191 848 3286 901 καλ⁵
3306 850 3334 900 6
3360 846 3646 918 δεξάμενος
3672 851 3753 905 καὶ
3775 855 3797 908 6

2238 938 2469 1008 δεχθείς.

2311 1136 2400 1207 ιγ’.
2433 1140 2492 1190 Ei
2537 1139 2592 1192 δὲ
2641 1140 3022 1212 ἀφωρισμένος
3052 1140 3162 1214 εἴη,
3198 1141 3562 1195 ἑπιτεινέσθω
3611 1143 3742 1214 αὐτῷ
3775 1149 3796 1199 6

2242 1229 2569 1299 ἀφορισμός.

2311 1320 2410 1390 λβ’.
2448 1322 2514 1374 Εί
2532 1339 2614 1384 τις
2647 1322 3072 1395 πρεσϐύτεροςῆ
3107 1320 3355 1387 διάκονος
3381 1323 3491 1376 ὑπὸ
3531 1326 3794 1380 ἐπισκόπου

2241 1413 2464 1481 γένηται
2492 1414 2550 1463 ὲν
2570 1411 2882 1482 ἀφορισμῷ,
2911 1413 3102 1466 τοῦτον
3134 1414 3210 1483 μή
3238 1413 3440 1478 ἐξεῖναι
3481 1414 3611 1484 παρ’
3638 1415 3793 1486 ἐτέρου

2238 1503 2490 1574 δεχθῆναι
2518 1504 2631 1556 ἀλλ’
2659 1503 2691 1574 ἢ
2724 1506 2874 1574 παρὰ
2899 1503 2994 1556 τοῦ
3034 1502 3396 1575 ἀφορίσαντος
3433 1502 3594 1558 αὐτόν
3616 1520 3629 1532 ·
3665 1507 3709 1557 εί
3737 1507 3796 1577 μὴ

2238 1597 2304 1651 ἂν
2333 1598 2474 1651 κατὰ
2501 1597 2803 1669 συγκυρίαν
2830 1597 3130 1668 τελευτήσῃ
3163 1597 3192 1650 6
3227 1598 3501 1669 ἀφορίσας
3524 1597 3676 1651 αὑτὸν
3699 1598 3796 1650 ἐπί-

2171 1730 2212 1784 B
2243 1707 2468 1753 σκοπος.

2312 1780 2410 1836 va’.
2442 1781 2508 1834 Εἴ
2536 1798 2619 1846 τις
2655 1780 2975 1846 ἐπίσκοπος,
3007 1781 3040 1852 ἦ
3069 1779 3471 1851 πρεσϐύτερος’
3505 1777 3537 1849 ἢ
3564 1778 3794 1845 adimo;

2244 1871 2439 1943 ἧὸλως
2489 1869 2583 1923 τοῦ
2635 1869 2934 1938 καταλόγου
2999 1869 3093 1923 τοῦ
3157 1868 3462 1940 ἱερατικοῦ,
3513 1869 3683 1937 γάμου
3723 1874 3796 1921 καὶ

2243 1963 2419 2032 κρεῶν
2459 1963 2552 2016 καί
2581 1957 2724 2015 οἷνου
2751 1963 2813 2015 οὐ
2860 1961 2926 2015 δι’
2964 1961 3217 2032 ἄσκησιν,
3266 1960 3406 2014 ἀλλὰ
3435 1959 3525 2013 διὰ
3552 1959 3795 2032 βδελυρίαν

2242 2056 2524 2126 ἀπέχεται,
2550 2057 2632 2110 ὅτι
2665 2055 2842 2108 πάντα
2871 2054 3013 2107 καλὰ
3033 2053 3152 2107 λίαν
3190 2053 3286 2106 καὶ
3304 2053 3388 2106 ὅτι
3415 2051 3584 2123 ἄρσεν
3611 2054 3696 2105 καὶ
3719 2053 3794 2121 θῆ-

2243 2146 2308 2200 λυ
2337 2147 2590 2213 ὲποιήσεν
2619 2148 2648 2199 6
2681 2146 2811 2210 Θεὸς
2849 2146 2938 2199 τὸν
2971 2145 3277 2217 ἄνθρωπον,
3317 2145 3461 2198 ἀλλὰ
3486 2143 3792 2215 βλασφημῶν

2244 2239 2514 2294 διαϐάλλει
2538 2239 2636 2310 τὴν
2654 2239 3036 2308 δημιουργίαν,
3070 2239 3102 2309 ἦ
3137 2237 3474 2309 διορθούσθω
3497 2236 3532 2307 ἢ
3561 2237 3797 2306 καθαιρείο

2248 2329 2359 2385 σθω
2389 2332 2483 2384 καὶ
2511 2333 2609 2402 τῆς
2625 2331 2948 2402 Ἐκκλησίας
2983 2330 3374 2385 ἀποδαλλέσθω
3402 2346 3417 2362 ’
3445 2329 3694 2393 ὡσαύτως
3727 2331 3797 2382 καὶ

2156 2443 2165 2451 ·
2247 2423 2455 2488 λαῖκός.

2454 2541 2732 2596 Sor-660v
2759 2541 3006 2606 Νικαίας
3029 2539 3230 2594 κανὼν
3253 2538 3294 2592 ε’
3323 2537 3393 2611 ιβ’
3431 2537 3501 2608 ιγ’
3536 2536 3650 2603 ις.’.

2319 2632 2381 2689 ε’.
2421 2635 2557 2706 Περὶ
2586 2633 2694 2688 τῶν
2725 2633 3105 2704 ἀκοινωνήτων
3131 2632 3474 2703 γενομένων,
3515 2650 3569 2686 κ.
3598 2649 3646 2687 τ.
3671 2634 3714 2687 λ.

2325 2833 2412 2905 ιβ’.
2445 2837 2506 2888 Ol
2536 2834 2592 2886 δὲ
2619 2832 3051 2906 προσκληθέντες
3075 2832 3174 2902 μὲν
3214 2832 3319 2886 ὑπὸ
3351 2833 3453 2903 τῆς
3481 2833 3704 2904 χάριτος,
3727 2835 3799 2886 καὶ

2249 2926 2348 2998 τὴν
2387 2925 2611 2997 πρώτην
2641 2926 2818 2996 ὁρμὴν
2846 2923 3232 2993 ἐνδειξάμενοι,
3261 2924 3358 2977 κοιλ⁸
3388 2925 3704 2995 ἀποθέμενοι
3723 2928 3799 2988 τὰς

2253 3013 2448 3078 ζώνας,
2483 3012 2622 3080 μετὰ
2645 3011 2701 3065 δὲ
2722 3012 2896 3067 ταῦτα
2919 3013 3012 3064 ἐπὶ
3037 3012 3127 3065 τὸν
3147 3013 3350 3066 οἰκεῖον
3384 3013 3579 3084 ἔμετον
3603 3015 3800 3085 ἀναδρα-

563 3112 770 3166 reversi
801 3122 951 3177 sunt,
996 3121 1054 3167 ut
1093 3115 1338 3168 nonnulli
1385 3116 1548 3169 etiam
1588 3118 1876 3187 pecuniam
1912 3118 2142 3188 profun-

2263 3105 2446 3175 μόντες
2471 3105 2545 3168 ὡς
2594 3105 2775 3169 κύνες,
2809 3105 2881 3167 ὥς
2923 3121 3073 3169 τινας
3135 3107 3229 3159 καὶ
3265 3107 3513 3177 ἀργύρια
3557 3107 3798 3177 προέσθαι,

562 3201 776 3266 derent,
833 3212 889 3256 et
935 3203 1216 3260 beneﬁciis
1267 3207 1532 3261 malitiam
1593 3220 2036 3278 assequerentur,
2087 3211 2139 3264 hi

2245 3197 2341 3250 καλ⁵
2373 3197 2703 3267 βενετςιικίοις
2763 3196 3108 3267 κατορθῶσαι
3158 3197 3218 3250 τὸ
3273 3198 3797 3268 ἀναστρατεύσασθαι,

565 3291 750 3346 decem
789 3293 948 3346 annis
977 3302 1394 3362 prosternamur
1448 3296 1745 3365 supplices,
1805 3297 1968 3351 etiam
2020 3307 2145 3366 post

2263 3285 2388 3343 ὦτοι
2426 3289 2556 3342 δέκα
2596 3289 2695 3360 ἔτη
2741 3290 3218 3354 ὑποπιπτέτωσαν,
3265 3291 3406 3360 μετὰ
3435 3292 3528 3344 τὸν
3583 3292 3673 3361 τῆς
3707 3309 3798 3359 τρι·

567 3385 786 3439 triennii
837 3386 1136 3441 auditionis
1171 3395 1404 3456 tempus.
1438 3388 1496 3441 ln
1530 3387 1616 3443 bis
1664 3397 1842 3443 autem
1889 3389 2146 3445 omnibus

2263 3379 2399 3444 ιτοῦς
2427 3380 2744 3451 ἀκροάσεως
2783 3382 2972 3452 χρόνον
3004 3397 3017 3410 '
3053 3383 3137 3449 ἐφ’
3155 3380 3326 3434 ἅπασι
3353 3381 3412 3435 δὲ
3441 3381 3642 3445 τούτοις
3668 3399 3781 3450 προσ

565 3478 880 3532 examinare
942 3479 1198 3533 convenit
1255 3480 1546 3534 consilium
1602 3489 1657 3534 et
1710 3481 1947 3550 speciem
1983 3481 2149 3553 2w

567 3569 924 3638 poenitentiae.
955 3568 1283 3641 Quicunque
1311 3571 1457 3625 enim
1491 3581 1544 3625 et
1577 3583 1748 3635 metu,
1780 3582 1835 3626 et
1865 3572 2146 3644 lacrymis,

569 3672 625 3718 et
673 3663 986 3729 tolerantia,
1031 3673 1085 3718 ct
1135 3664 1294 3720 bonis
1342 3665 1604 3734 operibus
1639 3666 2048 3720 conversionem
2095 3675 2152 3721 et

571 3768 735 3821 opere
781 3762 836 3807 et
871 3752 1059 3807 habitu
1106 3752 1423 3817 ostendunt,
1466 3752 1519 3806 hi
1578 3752 1803 3821 impleto
1855 3751 2150 3814 auditionis

570 3854 819 3914 tempore
866 3845 1012 3915 quod
1059 3845 1382 3914 praefinitum
1428 3854 1532 3910 est,
1593 3845 1792 3899 merito
1839 3843 2150 3898 orationum

571 3937 1016 3992 communionem
1047 3936 1347 3998 habebunt,
1382 3951 1504 3990 cum
1540 3951 1605 3992 eo
1634 3937 1779 4006 quod
1807 3936 1970 3991 liceat.
1987 3937 2151 3990 etiam

570 4028 829 4099 episcopo
870 4027 1167 4083 humanius
1207 4027 1414 4097 aliquid
1445 4026 1513 4081 de
1551 4028 1630 4081 eis
1665 4035 1907 4081 statuere
1925 4027 1992 4082 ³⁰.
2024 4025 2157 4092 Qui—

572 4134 794 4189 cunque
851 4129 1031 4174 autem
1088 4134 1196 4173 non
1250 4120 1386 4174 adeo
1439 4121 1676 4190 graviter
1733 4119 1996 4182 tulerunt,
2055 4133 2158 4173 nec

572 4211 805 4263 inultum
863 4227 961 4265 sua
1015 4211 1220 4266 referre
1267 4213 1675 4274 existimarunt,
1740 4211 1986 4281 satisque
2037 4227 2158 4268 esse

571 4311 836 4371 putarunt
901 4304 954 4357 in
1004 4305 1268 4360 ecclesias
1322 4306 1532 4375 ingredi
1597 4305 1662 4358 ad
1719 4305 2156 4371 Conversiouem,

577 4404 794 4466 tempus
830 4397 1056 4454 omnino
1087 4398 1371 4469 impleant.

648 4511 732 4564 l3;
773 4509 850 4565 De
891 4511 958 4566 iis
988 4511 1082 4581 qui
1133 4513 1403 4567 excedunt
1427 4513 1494 4579 “,
1525 4514 1748 4582 antiqua
1793 4522 1848 4566 et
1894 4513 2157 4568 canonica

576 4601 662 4656 lex
693 4618 839 4656 nunc
871 4619 1090 4673 quoque
1137 4605 1468 4670 servabitur,
1509 4614 1570 4660 ut
1600 4606 1646 4661 si
1681 4607 1806 4677 quis
1846 4607 1957 4662 vita
1991 4622 2155 4662 exce-

579 4693 692 4757 dat,
724 4692 918 4747 ultimo
945 4703 1000 4748 et
1034 4695 1273 4748 maxime
1316 4696 1628 4750 necessario
1657 4697 1857 4751 viatico
1887 4713 1955 4752 ne
1981 4698 2160 4766 prive-

581 4792 689 4837 tur.
723 4783 780 4837 Si
811 4794 993 4839 autem
1027 4785 1340 4855 deploratus
1367 4796 1420 4841 et
1447 4791 1894 4844 communionem
1938 4805 2160 4845 assecu-

582 4884 669 4930 tus
707 4891 903 4931 rursus
931 4878 984 4931 in
1017 4877 1172 4933 vivos
1208 4879 1413 4934 relatus
1454 4880 1526 4934 sit
1561 4896 1685 4936 cum
1734 4881 1800 4935 iis
1831 4882 1923 4951 qui
1955 4882 2161 4936 oratio-

583 4982 712 5020 num
780 4975 908 5020 sunt
972 4975 1182 5021 tantum
1255 4971 1656 5026 communionis
1721 4972 2035 5041 participes.
2102 4970 2160 5025 ln

585 5073 798 5110 summa
831 5068 1042 5120 autem,
1084 5061 1152 5112 de
1193 5061 1439 5128 quolibet
1477 5064 1775 5118 excellente
1814 5071 1868 5118 et
1898 5063 2158 5119 Euchari-

586 5151 703 5203 stiae
753 5150 1230 5220 participationem
1278 5163 1530 5221 peteme,
1583 5169 1708 5210 cum
1765 5155 2168 5211 examinatione

587 5242 917 5297 oblationem
953 5243 1252 5312 impertiat.

665 5420 746 5476 l6.
786 5421 1109 5495 Quicunque
1155 5435 1378 5491 temere,
1403 5435 1534 5492 etc.,
1568 5437 1622 5481 ut
1655 5441 1778 5497 pag.
1804 5426 1928 5482 549..

663 5598 887 5656 "*(Ian.
927 5606 1130 5660 Niczen.

1208 5607 1253 5680 ’γ’
1279 5606 1442 5680 Ncoc.
1476 5609 1544 5673 '5;
1593 5608 1766 5680 Ait-ir.
1805 5609 1900 5672 10;
1952 5606 2114 5680 Sirio.
2164 5609 2229 5675 5;
2269 5611 2454 5664 lnnoc.
2505 5611 2600 5680 l0;
2633 5611 2830 5668 Leonis
2863 5611 2953 5666 Ἡ.

2248 3475 2373 3545 ήκει
2426 3472 2699 3537 ἐξετάζειν
2762 3473 2861 3544 τὴν
2901 3472 3221 3544 προαίρεσιν
3277 3475 3366 3527 καὶ
3437 3475 3497 3527 τὸ
3566 3470 3690 3536 εἶδος
3729 3473 3802 3541 τῆς

2253 3564 2572 3632 μετανοίαςο
2637 3563 2751 3616 ὅσοι
2813 3562 2912 3632 μὲν
2962 3563 3072 3632 γὰρ
3119 3562 3268 3633 φόϐῳ
3314 3563 3416 3616 καὶ
3470 3564 3689 3634 δάκρυσι
3728 3563 3801 3616 καὶ

2254 3657 2497 3726 ὑπομονῇ
2530 3655 2626 3708 καὶ
2654 3654 3046 3724 ὰγαθοεργίαις
3065 3655 3164 3726 τὴν
3193 3643 3556 3726 ὲπιστροςρὴν,
3577 3656 3708 3724 ἔργῳ
3731 3654 3800 3706 καὶ

2253 3750 2315 3802 οὐ
2364 3751 2604 3818 σχήματι
2653 3748 3079 3814 ἐπιδείκνυνται,
3133 3741 3278 3801 οὗτοι
3325 3747 3700 3820 πληρώσαντες
3734 3746 3800 3798 τὸν

2254 3840 2447 3911 χρόνον
2481 3839 2572 3892 τὸν
2613 3839 2919 3909 ὡρισμένον
2961 3839 3057 3908 τῆς
3090 3839 3444 3909 ἀκροάσεως,
3484 3837 3692 3899 εἰκότως
3720 3836 3800 3886 τῶν

2256 3933 2431 4002 εὐχῶν
2463 3931 2876 4001 κοινωνήσουσι,
2913 3931 3053 4001 μετὰ
3078 3930 3172 3982 τοῦ
3211 3929 3414 3994 ἐξεῖναι
3445 3929 3524 4000 τῷ
3546 3928 3798 3995 ὲπισκόπῳ,

2258 4025 2354 4078 καὶ
2384 4023 2893 4094 φιλανθρωπότερον
2922 4040 2975 4076 τι
3013 4024 3141 4093 περὶ
3171 4023 3351 4076 αὐτῶν
3403 4021 3760 4093 βουλεύσασθαι
3786 4037 3797 4049 ·

2261 4116 2371 4170 ὅσοι
2396 4112 2450 4167 δὲ
2475 4111 2773 4183 ἁδιοφὸρως
2800 4113 3061 4182 ἤνεγκαν,
3087 4112 3257 4166 καὶτὸ
3282 4112 3473 4181 σχῆμα
3505 4111 3594 4165 τοῦ
3622 4110 3800 4165 εἰσιέναι

2261 4207 2341 4268 εἰς
2371 4205 2469 4276 τὴν
2516 4205 2812 4275 ἐκκλησίαν
2842 4205 3035 4275 ἀρκεῖν
3077 4206 3260 4266 αὐτοῖς
3288 4205 3564 4274 ἡγήσαντο
3589 4203 3705 4273 πρὸς
3726 4201 3800 4269 τὴν

2261 4299 2599 4371 ἐπιστροφὴν
2625 4339 2640 4366 ,
2668 4292 2812 4354 οὗτοι
2835 4297 3138 4364 ὲξάπαντος
3169 4296 3568 4367 πληρούτωσαν
3594 4295 3676 4349 τὸν
3701 4293 3798 4367 χρόα

2264 4409 2352 4446 νον
2359 4433 2372 4446 .

2337 4503 2427 4573 ιγ’.
2468 4504 2606 4574 ΙΙερλ⁵
2655 4503 2712 4557 δὲ
2747 4503 2853 4556 τῶν
2880 4502 3237 4568 ὲξοδευόντων
3261 4541 3276 4566 ,
3310 4501 3341 4554 ὁ
3373 4500 3598 4564 παλαιὸς
3623 4500 3702 4552 καὶ
3728 4515 3800 4549 κα-

2265 4598 2477 4661 νονικὸς
2524 4598 2685 4667 νόμος
2742 4596 3150 4667 φυλαχθήσεται
3204 4595 3300 4648 καὶ
3328 4595 3448 4658 νῦν,
3504 4592 3635 4646 ὥστε
3664 4591 3801 4650 εἴτις

2265 4693 2502 4761 ὲξοδεύοι
2524 4736 2538 4758 ,
2575 4690 2670 4745 τοῦ
2715 4691 3026 4744 τελευταίου
3059 4691 3152 4743 καὶ
3185 4689 3610 4756 ἀναγκαιοτάτου
3633 4683 3799 4754 ὲφοδίου

2265 4785 2456 4840 τοῦτον
2501 4785 2575 4856 μὴ
2616 4785 3042 4856 ἀποστερεῖσθαι
3075 4797 3087 4810 ·
3131 4784 3180 4836 εί
3228 4782 3285 4836 δὲ
3335 4779 3692 4850 ἀπογνωσθεὶς
3733 4775 3802 4828 καὶ

2267 4879 2555 4941 κοινωνίας
2585 4876 2788 4948 τυχὼν,
2827 4877 2965 4948 μετὰ
2990 4876 3098 4929 τῶν
3124 4874 3529 4929 κοινωνούντων
3560 4871 3651 4940 τῆς
3673 4867 3801 4937 εὐχῆς

2272 4970 2441 5040 μόνης
2471 4968 2635 5034 ἔστω,
2681 4969 2840 5039 ἄχρις
2869 4968 2937 5022 ἂν
2972 4967 3235 5038 πληρωθῇ
3266 4967 3294 5018 ὁ
3344 4965 3582 5036 ὁρισθεὶς
3612 4961 3701 5016 ὑπὸ
3728 4959 3802 5026 τῆς

2272 5062 2516 5133 μεγάλης
2560 5060 2777 5112 συνόδου
2809 5060 2995 5129 χρόνος
3019 5076 3035 5093 ο
3064 5059 3293 5112 καθόλου
3317 5058 3374 5111 δὲ
3411 5059 3507 5112 καὶ
3545 5055 3662 5128 περὶ
3695 5069 3800 5104 παν-ο

2269 5155 2361 5217 τὸς
2386 5151 2696 5206 οὑτινοσοῦν
2735 5151 3091 5216 ἐξοδεύοντος,
3129 5150 3404 5213 αἰτοῦντος
3439 5150 3534 5204 τοῦ
3563 5145 3800 5218 μετασχεῖν

2273 5244 2648 5316 εὐχαριστίας,
2690 5243 2718 5295 6
2765 5241 3062 5306 ἐπίσκοπος
3108 5241 3246 5312 μετὰ
3275 5239 3595 5312 δοκιμασίας
3628 5231 3800 5290 μεταδι-

2271 5339 2410 5393 δότω
2433 5339 2532 5408 τῆς
2562 5337 2901 5407 προσφορᾶς.

2349 5448 2410 5496 ις
2435 5472 2446 5484 .
2475 5432 2630 5484 Ὅσοι
2665 5429 3074 5500 ῥιψοκινδύνως,
3107 5447 3163 5484 κ.
3185 5447 3238 5484 τ.
3265 5431 3317 5486 λ.

3032 5611 3075 5642 ³⁰
3132 5610 3339 5665 Valent.
3368 5605 3451 5661 19.
3525 5607 3561 5639 ³³
3589 5600 3710 5659 Arel.
3739 5596 3790 5659 δι

598 5670 785 5729 Cattli.
825 5674 890 5742 7;
937 5674 1145 5732 Valent.
1179 5678 1284 5735 εκ
1328 5670 1646 5745 Ιιιηοοζξξιῂ
1686 5670 1909 5736 ϐωιρεῐ.
1949 5679 2055 5744 15;
2093 5670 2287 5735 Leonis
2317 5681 2406 5733 Ἡ.
