4012 6400
72 320 160 383 733

130 528 186 583 Εἰ
208 546 287 592 τις
315 527 422 580 ὑπὸ
460 527 554 581 τοῦ
610 527 740 581 ἰδίου
791 530 1094 584 ἐπισκόπου
1147 530 1505 604 ἀκοινώνητος
1535 549 1628 602 γε-

72 622 196 691 γόνε,
211 639 260 674 κ.
291 639 342 678 τ.
374 619 424 676 λ.

321 734 596 788 Συνόδου
637 732 990 800 Λαοδικείας
1020 734 1223 790 κανὼν
1243 735 1353 801 λς’.

133 849 244 902 Ὀτι
300 847 363 900 οὐ
415 847 502 901 δεῖ
557 848 867 922 ίερατικοὺς
909 847 942 920 ἢ
980 849 1293 920 κληρικοὺς.
1345 851 1552 922 μάγους
1593 851 1628 922 ἢ

75 940 332 1003 ἑπαοιδοίις
367 934 532 1003 εἶναι,
564 940 597 1010 ἦ
640 939 1075 1011 μαθηματικοὺς,
1105 943 1137 1010 ἢ
1177 942 1560 1012 ἀστρολόγους,
1595 942 1629 1013 ἦ

79 1035 231 1086 ποιεῖν
256 1032 324 1084 τὰ
357 1031 624 1101 λεγόμενα
651 1033 989 1104 φυλακτήρια
1008 1075 1021 1098 ,
1072 1033 1228 1088 ἅτινά
1274 1035 1389 1086 ἐστι
1420 1033 1631 1099 δεσμω-

78 1124 218 1192 τήρια
236 1119 343 1173 τῶν
374 1119 566 1190 ψυχῶν
598 1121 776 1174 αὐτῶν
795 1138 810 1154 ο
845 1123 969 1184 τοὺς
995 1121 1053 1174 δὲ
1088 1123 1409 1193 φοροῦντας,
1448 1123 1626 1193 ῥίπτε-

83 1212 186 1264 σθαι
211 1211 272 1263 ἐκ
291 1212 390 1279 τῆς
432 1211 765 1282 Ἐκκλησίας
793 1212 1180 1284 ἐκελεύσαμεν.

281 1412 560 1468 Συνόδου
593 1413 979 1481 Χαλκηδόνος
1008 1413 1208 1469 κανών
1233 1413 1276 1470 δ’
1313 1423 1412 1482 ις’.

141 1526 194 1584 δ’.
220 1529 276 1582 (li
305 1528 528 1598 ἀληθῶς
550 1529 642 1583 καὶ
672 1529 982 1601 εἰλικρινῶς
1007 1530 1096 1582 τὸν
1124 1533 1337 1604 μονήρη
1364 1533 1641 1604 μετιόντες

91 1619 202 1689 βίον,
220 1621 312 1689 τῆς
356 1620 750 1692 προσηκούσης
773 1621 1146 1685 ἀξιούσθωσαν
1189 1625 1358 1694 τιμῆς
1391 1639 1406 1655 ⁸
1452 1625 1638 1695 ἐπειδὴ

89 1709 136 1762 δέ
161 1725 292 1772 τινες
321 1709 398 1779 τῷ
435 1709 718 1780 μοναχικῷ
749 1710 1079 1781 κεχρημένοι
1131 1715 1502 1783 προσχήματι,
1543 1713 1642 1778 τάς

90 1818 137 1854 τε
171 1801 484 1869 Ἐκκλησίας
527 1801 622 1855 καὶ
652 1802 720 1854 τά
759 1802 1012 1855 πολιτικά
1040 1802 1461 1874 διαταράσσουσι
1504 1805 1643 1876 πρά-

92 1909 268 1960 γματα,
302 1893 612 1963 περιιόντες
635 1893 902 1963 διαφόρως
930 1895 987 1946 ἐν
1019 1896 1140 1957 ταῖς
1170 1893 1408 1960 πόλεσιν,
1442 1895 1502 1947 οὐ
1538 1894 1643 1966 μὴν

95 1982 205 2035 ἀλλά
227 1984 314 2036 καὶ
332 1984 678 2053 μοναατήρια
704 1985 960 2052 συνιστᾷν
978 1984 1190 2046 ἑαυτοῖς
1207 1983 1641 2054 ἐπιτηδεύοντες,

96 2069 216 2136 ἱδσξε
239 2069 433 2140 μηδένα
463 2071 564 2139 μὲν
585 2070 832 2142 μηδαμοῦ
852 2071 1174 2142 οἰκοδομεῖν,
1211 2074 1285 2143 μὴ
1311 2074 1366 2126 δὲ
1391 2076 1646 2145 συνιστᾷν

101 2165 426 2232 μοναστήριον
451 2162 484 2230 ἢ
519 2163 812 2232 εὐκτήριον
831 2157 976 2216 οἰκον
1000 2204 1015 2229 ,
1038 2165 1189 2234 παρά
1210 2163 1434 2235 γνώμην
1445 2165 1534 2217 τοῦ
1553 2167 1648 2233 τῆς

99 2253 273 2316 πόλεως
301 2255 628 2308 ἐπισκόπουο
667 2255 796 2318 τοὺς
829 2254 953 2308 καθ’
974 2256 1209 2327 ἑκάστην
1236 2256 1389 2310 πόλιν
1416 2258 1510 2310 καὶ
1539 2255 1648 2328 χὼ-

103 2363 182 2414 ραν
211 2346 528 2414 μονάζοντας
576 2346 943 2416 ὑποτετάχθαι
974 2346 1051 2417 τῷ
1096 2348 1401 2418 ἐπισκόπῳ,
1437 2348 1528 2400 καὶ
1553 2348 1651 2415 τὴν

101 2437 296 2508 ἡσυχίαν
317 2438 680 2506 ἀσπάζεσθαι,
724 2440 817 2493 καὶ
853 2440 1146 2510 προσέχειν
1177 2441 1314 2512 μόνη
1336 2443 1400 2512 τῇ
1427 2441 1651 2512 νηστείᾳ

104 2533 178 2584 καὶ
201 2535 258 2602 τῇ
285 2534 582 2601 προσευχῇ,
616 2531 672 2585 ἐν
698 2527 778 2595 οἷς
802 2531 989 2596 τόποις
1009 2531 1350 2597 ἀπετάξαντο
1371 2549 1620 2604 προσκαρ
1636 2561 1652 2570 -

113 2623 350 2693 περῶντες
375 2641 388 2654 ·
425 2627 565 2695 μήτε
587 2623 643 2677 δὲ
675 2623 1183 2694 ὲκκλησιαστικοῖς,
1216 2625 1353 2696 μήτε
1380 2624 1654 2694 βιωτικοῖς

111 2715 424 2785 παρενοχλεῖν
459 2716 785 2786 πράγμασιν
818 2715 851 2786 ἢ
887 2716 1282 2777 ἐπικοινωνεῖν,
1311 2715 1657 2784 καταλιμπά-

111 2823 264 2869 νοντας
293 2808 358 2860 τα
394 2808 503 2861 ἴδια
535 2807 900 2878 μοναστήρια,
937 2809 984 2860 εἰ
1016 2809 1088 2877 μή
1130 2824 1261 2859 ποτε
1287 2809 1393 2878 ἄρα
1436 2809 1659 2876 ἐπιτρα-

115 2901 236 2950 πεῐεν
265 2899 346 2952 διά
373 2901 565 2969 χρείαν
588 2899 892 2968 ἀναγκαίαν
927 2900 1031 2953 ὑπὸ
1060 2899 1154 2954 τοῦ
1180 2901 1278 2970 τῆς
1311 2901 1519 2963 πόλεως
1540 2903 1661 2954 ἐπι-

115 2989 285 3041 σκόπου
309 3006 322 3020 °
370 2991 580 3061 μηδένα
608 2990 664 3043 δὲ
699 2991 1095 3061 προσδέχεσθαι
1125 2993 1182 3044 ἐν
1234 2993 1346 3054 τοῖς
1391 3009 1662 3062 μοναστη-

856 323 1258 386 SYNTAGMA
1291 325 1680 388 CANONUM.
1705 350 1778 386 ——.
1801 305 1950 391 TIT.
1993 330 2096 404 IX,
2135 329 2295 393 CAP.
2336 327 2416 388 Χ.

327 431 590 491 εις-ἔδον
631 434 992 505 Ἀντιοχείας
1028 439 1227 494 κανὼν
1257 438 1330 504 ς’.
1643 447 1689 503 Α

3193 322 3299 388 734

2077 442 2300 498 Concilii
2334 442 2642 496 Antiocheni
2672 457 2841 495 canon
2876 439 2928 496 6.

1803 533 1859 587 Si
1912 533 2036 604 quis
2091 548 2118 586 a
2164 531 2658 601 proprioepiscow
2695 530 2854 584 fuerit
2915 531 3291 586 excommuni-

1728 633 1908 690 catus,
1936 633 2069 688 elc.,
2095 633 2150 677 nt
2181 639 2302 692 pag.
2331 621 2456 679 248.

2083 735 2314 791 Concilii
2343 735 2626 790 Laodiceni
2656 752 2826 788 canon
2859 736 2950 791 56.

1802 848 1956 918 Quod
2009 865 2118 903 non
2170 857 2383 918 oportet
2443 863 2539 902 eos
2603 849 2694 916 qui
2742 857 2868 902 sunt
2922 847 3164 913 sacrati,
3221 849 3306 902 vel

1731 945 1937 1011 clerici,
1983 959 2106 998 esse
2148 957 2358 1012 magos,
2402 942 2485 995 vel
2537 941 2928 1007 incantatores,
2965 924 3308 996 vcl‘mathe-

1735 1035 1984 1098 maticos,
2009 1033 2092 1088 vel
2121 1035 2447 1101 astrologos,
2470 1031 2551 1084 vel
2586 1031 2765 1084 facere
2799 1046 2861 1084 ea
2894 1047 3014 1100 quae
3048 1031 3306 1084 dicuntur

1733 1127 2006 1190 amuleta,
2070 1140 2190 1194 qua:
2243 1124 2460 1192 quidem
2519 1133 2648 1175 sunt
2694 1123 2936 1191 ipsarum
2995 1123 3305 1174 animarum

1733 1219 1948 1273 vincula
1999 1236 2012 1271 :
2070 1233 2164 1272 eos
2219 1223 2400 1271 autem
2461 1215 2554 1284 qui
2623 1215 2830 1279 ferunt,
2884 1213 3008 1282 ejici
3066 1209 3310 1267 Ecclesia

1731 1325 2023 1380 jUSSlmlIS.

1946 1419 2172 1473 Concilii
2202 1416 2644 1472 Chalcedonensis
2674 1432 2894 1470 canones
2922 1417 2974 1482 ἰ,
3007 1414 3094 1468 16.

1813 1538 1869 1592 4.
1899 1534 2002 1601 Qui
2031 1547 2159 1586 vere
2186 1539 2240 1586 et
2267 1531 2480 1586 sincere
2518 1529 2876 1584 monasticam
2913 1528 3082 1582 vitam
3119 1540 3312 1597 aggre-

1742 1630 1986 1689 diuntur,
2019 1624 2176 1694 261
2205 1623 2352 1692 digiti
2383 1620 2726 1676 convenienti
2755 1620 2964 1673 honore
2993 1618 3311 1672 habeantur.

1743 1717 2012 1786 Quoniam
2084 1724 2264 1768 autem
2343 1712 2593 1766 nonnulli
2668 1711 2992 1765 monachico
3052 1718 3317 1778 praetextu

1746 1820 1978 1875 utentes,
2018 1815 2072 1862 et
2102 1805 2393 1870 Erclesias,
2425 1814 2478 1858 et
2510 1803 2726 1873 negotia
2759 1801 2937 1856 civilia
2975 1801 3316 1870 perturbant,

1743 1913 1796 1959 et
1829 1911 2056 1961 temere,
2087 1899 2224 1953 citra
2259 1896 2425 1949 ullam
2457 1895 2790 1950 discriminis
2816 1893 3102 1958 rationem,
3133 1894 3186 1946 in
3224 1907 3317 1945 ur-

1747 1997 1904 2051 bibus
1952 1994 2474 2053 circumcursantes,
2515 1989 2816 2058 quinetiam
2850 1985 3185 2040 monasteria
3213 1983 3318 2039 sibi

1747 2090 2081 2144 constituere
2126 2083 2430 2145 studentes,
2471 2081 2653 2147 visum
2693 2087 2776 2134 est
2843 2079 3054 2133 nullum
3088 2091 3320 2146 usquam

1747 2178 2018 2233 :edilicare
2068 2191 2166 2230 nec
2204 2181 2526 2228 construere
2572 2186 2731 2240 posse
2773 2170 3189 2233 monasterium,
3237 2167 3320 2221 vel

1749 2265 2044 2320 oratoriam
2099 2263 2344 2318 domum.
2390 2268 2586 2328 praeter
2633 2259 2957 2312 sententiam
2993 2257 3164 2326 ipsius
3191 2255 3324 2310 civi-

1755 2361 1880 2415 tatis
1913 2357 2152 2428 episcopi
2188 2374 2201 2410 :
2239 2355 2537 2409 monachos
2563 2363 2771 2419 autem,
2803 2353 2895 2421 qui
2931 2363 3059 2406 sunt
3098 2351 3158 2404 in
3188 2366 3327 2405 una~

1753 2464 1966 2520 quaque
1994 2447 2218 2516 regione
2249 2452 2304 2498 et
2322 2443 2564 2506 civitate,
2588 2441 2845 2510 episcopo
2874 2439 3150 2507 subjectos
3179 2450 3322 2497 esse.

1753 2552 1806 2596 et
1836 2540 2073 2610 quietem
2106 2535 2380 2606 amplecti,
2417 2543 2470 2588 et
2517 2531 2618 2587 soli
2642 2532 2852 2601 jejunio
2883 2541 2937 2584 et
2967 2528 3201 2583 orationi
3231 2543 3328 2581 va-

1757 2650 1902 2695 rare,
1949 2632 2004 2686 in
2054 2629 2255 2700 quibus
2284 2625 2518 2680 ordinati
2562 2635 2692 2679 sunt
2740 2623 2872 2677 locis
2903 2620 3115 2675 fortiter
3143 2634 3327 2689 perse-

1757 2733 2032 2784 verantes,
2060 2737 2160 2776 nec
2205 2715 2615 2779 ecclesiasticis,
2647 2729 2748 2769 nec
2779 2713 3132 2768 saecularibus
3165 2724 3332 2781 nego-

1759 2817 1848 2870 tiis
1880 2829 1938 2870 se
1983 2812 2252 2884 ingerere,
2293 2808 2379 2863 vel
2407 2807 2838 2868 communicare,
2887 2805 3106 2874 propria
3159 2803 3326 2856 relin-

1761 2916 1987 2978 quentes
2045 2901 2419 2964 monastcria,
2459 2899 2565 2952 nisi
2627 2897 2958 2968 quandoque
3005 2909 3034 2948 a
3096 2892 3335 2948 civitatis

1763 3001 2019 3072 episcopo
2054 2998 2133 3052 eis
2184 2995 2510 3065 permissum
2555 2992 2760 3046 fuerit:
2809 2991 3017 3044 mullum
3060 2998 3239 3043 autem
3279 2989 3335 3041 in

121 3081 232 3148 ρίοις
262 3081 438 3134 δοῦλον
463 3083 557 3135 ἐπὶ
589 3081 666 3152 τῷ
690 3084 942 3152 μονάσαι,
968 3083 1117 3152 παρά
1151 3081 1377 3154 γνώμην
1402 3083 1496 3136 τοῦ
1531 3083 1659 3137 ἰδίου

1764 3089 2084 3148 monasterii
2114 3103 2330 3142 servum
2372 3085 2557 3150 recipi,
2592 3085 2658 3138 ad
2697 3085 2796 3137 hoc
2821 3095 2879 3136 ut
2911 3082 2983 3136 sit
3015 3080 3338 3142 monachus,

119 3171 364 3226 δεσπότου·
387 3175 478 3228 τὸν
496 3174 553 3227 δὲ
577 3174 987 3242 παραϐαίνοντα
1011 3173 1198 3226 τοῦτον
1228 3175 1257 3244 ἡ
1268 3175 1383 3242 μῶν
1409 3175 1499 3227 τὸν
1515 3175 1663 3246 ὅρον,

122 3261 364 3332 ὼρὲεαμεν
413 3264 782 3332 ἀκοινώνητον
839 3260 1000 3332 εἶναι,
1045 3265 1130 3318 ἴνα
1179 3265 1342 3336 μὴτὸ
1373 3266 1542 3335 ὄνομα
1573 3265 1665 3318 τοῦ

125 3359 234 3411 Θεοῦ
261 3359 644 3429 βλασφημῆται
673 3379 688 3392 ·
721 3362 810 3414 τὸν
859 3363 956 3430 μέν
994 3379 1076 3414 τοι
1111 3362 1406 3414 ἐπίσκοπον
1439 3362 1539 3430 τῆς
1573 3361 1670 3414 πό-

127 3449 255 3514 λεως.
283 3453 380 3523 χρὴ
403 3454 498 3526 τὴν
522 3453 751 3506 δέουσαν
784 3455 1036 3524 πρόνοιαν
1066 3453 1335 3508 ποιεῖσθαι
1355 3451 1464 3506 τῶν
1501 3470 1671 3523 μονα-

132 3544 352 3614 στηρίων.

189 3637 270 3702 ις’.
299 3640 568 3710 Παρθένον
603 3639 802 3710 ἑαυτὴν
831 3641 1122 3692 ἀναθεῖσαν
1157 3637 1235 3708 τῷ
1262 3639 1507 3710 Δεσπότῃ
1531 3638 1670 3709 Θεῷ,

135 3727 354 3795 ὡσαύτως
383 3733 437 3786 δὲ
468 3737 563 3786 καὶ
601 3733 922 3804 μονάζοντα,
950 3731 1024 3800 μὴ
1055 3731 1256 3797 ἐξεῖναι
1286 3730 1450 3802 γάμῳ
1503 3748 1675 3803 προσ-

136 3824 326 3892 ομιλεῖν·
351 3829 397 3879 εἰ
430 3827 486 3880 δέ
522 3844 584 3896 γε
615 3824 886 3894 εὑρεθεῖεν
920 3823 1075 3878 τοῦτο
1103 3823 1402 3888 ποιοῦντες,
1435 3823 1676 3876 ἔστωσαν

139 3917 449 3986 ἀκοινώνητοι
481 3934 496 3949 ⁶
547 3917 829 3988 ὼρίσαμεν
871 3915 928 3968 δὲ
959 3916 1102 3986 ἔχειν
1135 3914 1232 3981 τὴν
1261 3915 1547 3969 αὑθεντίαν
1581 3916 1678 3986 τῆς

143 4007 209 4059 ἐπ’
246 4014 410 4075 αὐτοῖς
450 4008 864 4080 φιλανθρωπίας
911 4006 1005 4060 τὸν
1048 4007 1189 4060 κατὰ
1235 4007 1398 4059 τόπον
1453 4005 1677 4060 ἐπίσκο-

147 4116 242 4158 πον,

381 4215 654 4270 Συνόδου
679 4213 978 4283 Σαρδικῆς
1005 4213 1205 4267 κανὼν
1233 4211 1302 4283 ιγ’
1330 4211 1407 4268 ιδ’.

206 4325 459 4393 ιγ’.”()σιος
497 4330 799 4391 ἐπίσκοπος
832 4322 952 4380 εἷπε
977 4343 991 4357 ο
1029 4327 1138 4380 Καὶ⁵
1164 4325 1324 4380 τοῦτο
1359 4328 1524 4380 πᾶσιν
1554 4327 1683 4399 ἀρε-

1769 3196 1965 3258 ιιι-αξιοι
2009 3183 2342 3238 voluntatem
2393 3179 2476 3232 sui
2537 3176 2766 3231 domini.
2823 3175 2959 3228 Eum
3010 3181 3190 3227 autem
3247 3168 3342 3240 qui

1769 3280 1910 3334 hanc
1960 3285 2205 3331 nostram
2251 3271 2626 3326 deﬁnitionem
2675 3265 3098 3336 transgreditur,
3147 3263 3343 3317 delini-

1771 3387 1892 3426 mus
1929 3384 2051 3424 esse
2103 3363 2660 3425 excommunicatum,
2708 3373 2778 3412 ne
2827 3373 3021 3434 nomen
3073 3355 3163 3409 Dei
3195 3354 3344 3408 blas-

1772 3465 2061 3533 phemetur
2094 3476 2107 3512 :
2141 3455 2380 3511 civitatis
2413 3461 2596 3507 autem
2637 3437 2950 3520 episcopum
2983 3454 3197 3516 oportet
3225 3459 3344 3498 eam

1773 3568 1936 3625 quam
1967 3567 2063 3621 par
2103 3557 2187 3604 est
2217 3545 2679 3602 monasteriorum
2707 3556 2896 3596 curam
2931 3554 3141 3610 gerere.

1847 3647 1934 3701 l6.
1982 3643 2274 3713 Virginem,
2333 3655 2456 3708 qua:
2512 3653 2572 3692 se
2609 3634 2839 3690 Domino
2892 3633 3004 3686 Deo
3037 3629 3350 3695 dedicavit,

1778 3737 2030 3794 similiter
2075 3743 2132 3788 et
2168 3733 2469 3787 monachds
2496 3743 2601 3782 non
2637 3727 2804 3780 licere
2837 3721 3190 3778 matrimonio
3214 3735 3348 3774 con-

1774 3829 1950 3901 jungi.
2006 3826 2102 3881 Sin
2151 3831 2332 3878 autem
2372 3823 2474 3876 hoc
2511 3819 2707 3874 iecisse
2739 3815 2943 3871 inventi
2976 3813 3206 3873 fuerint,
3242 3811 3354 3864 sint

1779 3914 2257 3976 excommunicati.
2318 3910 2685 3967 Ostendendaa
2738 3917 2919 3962 autem
2957 3907 3012 3960 in
3041 3920 3135 3958 eos
3158 3903 3353 3956 huma-

1781 4009 1970 4064 nitatis
1997 4004 2384 4060 auctoritatem
2434 4001 2636 4055 habere
2683 3999 2972 4054 statuimus
3033 3993 3352 4065 episcopum

1785 4101 1904 4170 ejus
1945 4095 2070 4151 loci.

2037 4207 2243 4266 Conciti
2279 4203 2607 4260 Sardiccnsis
2641 4215 2866 4254 canones
2895 4199 2979 4259 l5,
3021 4197 3108 4250 14.

1860 4327 1928 4380 l5
1993 4322 2158 4379 Osis
2190 4320 2477 4389 episc0pus
2507 4315 2643 4370 dixit
2671 4333 2686 4369 :
2722 4312 2833 4367 Hoc
2858 4325 3073 4382 quoque
3102 4309 3359 4364 omnibus

155 4418 288 4485 σάτω,
340 4423 421 4474 ἵνα
469 4422 580 4474 εἴτε
624 4420 890 4484 διάκονος,
924 4404 1036 4471 εἴτε
1083 4417 1540 4490 πρεσϐύτερος,ἢ
1591 4398 1683 4472 καί

1789 4416 1999 4487 placeat
2037 4432 2051 4468 :
2089 4421 2149 4466 ut
2198 4409 2244 4464 si
2285 4409 2549 4462 diaconus
2583 4404 2666 4457 vel
2717 4401 3014 4472 presbyter,
3066 4398 3148 4452 vel
3195 4398 3360 4451 etiam

1825 4508 1856 4512 --
1941 4506 1952 4512 -
2146 4503 2159 4512 -
2231 4501 2240 4510 .
2282 4500 2294 4512 .
2391 4500 2421 4512 .-
2571 4511 2576 4512 ,
3018 4501 3061 4512 _.
3099 4489 3160 4512 ,λ
3196 4489 3359 4512 _,,_,__

155 4524 221 4570 τις
248 4509 344 4563 τῶν
382 4511 659 4581 κληρικῶν
695 4507 1058 4577 ἀκοινώνητος
1106 4506 1354 4576 γένηται,
1401 4509 1496 4558 καὶ
1547 4506 1683 4576 πρὸς

157 4599 310 4671 ἕτερον
363 4604 659 4656 ἐπίσκοπον
717 4599 811 4654 τὸν
876 4599 1056 4652 εἰδότα
1121 4598 1284 4652 αὑτὸν
1343 4596 1684 4666 καταφύγοι,

161 4694 452 4757 γινώσκοντα
475 4691 908 4762 ἀποκεκινῆσθαι
934 4691 1096 4745 αὑτὸν
1117 4689 1218 4758 τῆς
1239 4689 1521 4752 κοινωνίας
1541 4689 1691 4758 παρά

161 4787 234 4838 τοῦ
259 4788 375 4842 ἰδίου
407 4789 726 4852 ἐπισκόπου,
750 4787 824 4857 μὴ
846 4785 1044 4856 χρῆναι
1069 4784 1147 4855 τῷ
1164 4783 1378 4852 ἀδελφῷ
1404 4781 1568 4835 αὐτοῦ
1598 4781 1694 4834 καὶ

166 4876 404 4950 ἑπισκόπῳ
419 4879 577 4950 ὓϐριν
605 4877 882 4943 ποιοῦντα,
917 4875 1174 4944 παρέχειν
1207 4873 1356 4944 αὐτῷ
1389 4873 1692 4926 κοινωνίαν·

166 4966 202 5017 εἰ
221 4967 269 5020 δέ
290 4970 447 5040 τολμή
457 4987 535 5024 σοι
561 4969 718 5022 τοῦτο
745 4969 967 5037 ποιῆσαι
989 4965 1320 5035 γινωσκέτω,
1338 4963 1696 5018 συνελθόντων

169 5059 458 5130 ἐπισκόπων,
484 5063 749 5133 ἀπολογίᾳ
783 5060 975 5116 ἑαυτὸν
1001 5058 1300 5112 ὑπεύθυνον
1347 5057 1699 5114 καθεστάναι.

225 5178 471 5245 Ἅπαντες
497 5184 546 5234 οἱ
583 5180 873 5233 ἐπίσκοποι
922 5173 1074 5228 εἷπον
1105 5189 1118 5203 ·
1148 5173 1296 5242 Αὕτη
1339 5173 1372 5243 ή
1403 5171 1582 5243 κρίσις
1606 5171 1699 5223 καὶ

177 5269 250 5335 τὴν
279 5275 482 5343 εἰρήνην
507 5273 738 5327 πάντοτε
765 5268 1102 5338 διαφυλάξει,
1139 5266 1233 5319 καὶ
1254 5265 1572 5335 διατηρήσει
1599 5264 1697 5334 τὴν

179 5361 356 5415 πάντων
387 5366 655 5433 ὀμόνηιαν.

237 5454 304 5507 ιδ.
328 5457 503 5521 "0m;
553 5459 844 5520 ἐπίσκοπος
869 5450 1029 5508 εἷπε-ο
1067 5453 1139 5504 Τὸ
1165 5451 1221 5504 δέ
1255 5449 1482 5504 πάντοτέ
1521 5466 1586 5520 με
1619 5467 1702 5502 κι-

184 5542 300 5611 νοῦν,
336 5566 386 5602 κ.
414 5567 463 5603 τ.
492 5550 544 5603 λ.

239 5638 421 5704 Πάντες
467 5645 745 5713 εἰρήκασιν
773 5642 865 5694 ’Ὁ
896 5638 1286 5708 ἐκϐαλλόμενος
1338 5632 1508 5704 ἐχετώ
1554 5633 1703 5699 ἐξου-

189 5730 364 5791 σία-Αν.
403 5752 448 5789 τ,
486 5735 535 5792 λ,

1790 4506 1987 4576 aliquis
2011 4519 2076 4558 ex
2114 4500 2328 4557 clericis
2359 4500 2428 4552 sit
2454 4496 2984 4555 excommunicatus,
3012 4501 3065 4544 et
3097 4489 3161 4542 ad
3194 4489 3362 4542 alium

1791 4599 2128 4668 episcopum,
2176 4592 2269 4662 qui
2330 4605 2454 4643 cum
2504 4587 2672 4650 novit,
2725 4584 3054 4653 confugerit,
3103 4583 3363 4638 scientem

1791 4707 1916 4746 eum
1965 4704 1994 4742 a
2041 4685 2259 4757 proprio
2309 4683 2566 4750 episcopo
2601 4693 2722 4733 esse
2772 4678 2934 4747 262
2982 4675 3369 4730 communione

1795 4791 2025 4843 motum,
2055 4792 2161 4831 non
2195 4784 2446 4843 oportere
2475 4770 2728 4839 episcopo
2769 4777 2824 4822 et
2866 4767 3022 4822 fratri
3075 4783 3178 4822 suo
3224 4767 3368 4836 injus

1797 4874 1933 4940 riam
1992 4869 2300 4930 facientem,
2353 4865 2401 4918 ei
2457 4862 2899 4918 communionem
2953 4860 3215 4932 praebere.
3273 4858 3370 4914 Sin

1799 4971 1978 5014 autem
2014 4956 2118 5010 hoc
2149 4954 2328 5008 facere
2359 4966 2526 5004 ausus
2570 4949 2753 5016 fuerit,
2788 4949 3070 5002 sciatcum
3103 4961 3374 5001 convene-

1800 5057 1909 5112 rint
1936 5049 2198 5122 episcopi,
2233 5047 2469 5116 seipsum
2499 5057 2719 5098 causam
2745 5057 2865 5096 esse
2897 5041 3194 5095 dicturum.

1872 5167 2074 5222 Omnes
2121 5158 2358 5230 episcopi
2407 5157 2702 5211 dixerunt:
2741 5154 2852 5209 lloe
2881 5155 3146 5225 judicium
3189 5165 3236 5206 et
3279 5167 3373 5220 pa-

1803 5274 1920 5314 cem
1953 5270 2128 5325 usque
2173 5249 2464 5313 custodiet,
2494 5256 2549 5303 et
2586 5248 2831 5300 omnium
2867 5245 3218 5301 concordiam
3256 5254 3375 5298 tue-

1807 5353 1974 5408 bitur.

1881 5441 1965 5496 M.
2010 5437 2174 5492 Osius
2231 5433 2536 5502 episc0pus'
2571 5429 2746 5486 dixit:
2810 5428 2963 5494 Quod
3015 5427 3233 5496 quidem
3291 5440 3378 5479 me

1807 5538 2167 5600 undequaque
2205 5533 2405 5586 movet,
2436 5531 2565 5585 etc.,
2596 5530 2654 5574 ut
2682 5538 2806 5591 pag.
2848 5519 2972 5573 79.5.

1888 5626 2091 5680 Omnes
2163 5619 2416 5672 dixerunt
2468 5632 2482 5668 :
2535 5613 2670 5692 Οιιὶχ
2705 5614 2924 5684 cjicitur
2955 5655 2971 5680 ,
3055 5618 3381 5682 potestatem

1821 5716 1995 5774 habet,
2028 5720 2156 5772 cita,
2204 5717 2255 5758 nt
2295 5722 2414 5773 pag.
2451 5701 2576 5755 7‘25.
