4012 6424
132 454 261 518 737

978 451 1379 512 SYNTAGMA
1414 449 1801 511 CANONUM.
1828 476 1895 487 --
1923 454 2068 516 TIT.
2109 457 2213 532 IX,
2248 458 2407 521 CAP.
2449 462 2556 522 XI.

3317 465 3427 531 738

147 564 570 620 Ἀποστόλων
601 545 802 617 κανὼν
842 578 868 615 ε
891 602 905 626 ,
949 568 1020 632 η’,
1055 560 1123 628 θ’,
1170 560 1222 627 ι’,
1264 560 1353 630 ιβ’,
1404 559 1492 628 ιγ’,
1528 566 1609 622 ιε’,
1647 565 1745 623 ις’,
1776 562 1799 620 1

1890 565 2224 633 .postolorum
2253 586 2478 625 canones
2503 570 2557 635 5,
2580 570 2636 639 8,
2664 571 2719 641 9,
2766 574 2852 639 10,
2880 575 2967 642 12,
3001 575 3199 641 15,15,
3226 577 3425 640 16,24o

213 655 341 722 κδ’,
371 657 483 723 λς’,
516 655 625 727 μγ,
661 661 764 725 με’,
800 652 910 725 μη’,
951 653 1044 719 νϐ’,
1087 658 1197 718 νς¹,
1237 651 1334 718 νζ’,
1382 649 1488 723 νη’,
1514 649 1611 718 νϐ’,
1654 649 1749 717 ξε’,

216 746 339 815 εξ,
369 747 435 812 ο’,
468 748 568 814 οα¹,
603 746 701 817 οβ’,
736 744 837 816 ογ’,
872 742 982 813 ος’,
1014 745 1117 800 πδ’.

213 847 315 896 ε’-
355 842 704 905 Ἐπίσκοπος,
751 841 785 912 ἢ
837 840 1225 913 πρεσϐύτερος,
1271 839 1602 911 ἢδιάκονος,
1651 842 1751 913 τὴν

132 934 366 988 ἑαυτοῦ
393 936 631 1002 γυναῖκα
661 932 735 1005 μὴ
765 933 1072 987 ἐκϐαλλέτω
1103 934 1373 1005 προφάσει
1422 934 1708 998 εὐλαϐείας
1729 950 1746 966 ο

132 1026 248 1080 ἐὰν
265 1026 335 1079 δὲ
349 1026 581 1097 ἐκϐάλῃ,
598 1025 958 1096 ἀφοριζέσθω·
974 1024 1249 1095 ἐπιμένων
1262 1026 1340 1090 δὲ,
1355 1025 1745 1097 καθαιρείσθω.

214 1122 306 1187 η’.
356 1117 427 1170 Et
452 1133 537 1179 τις
562 1117 877 1182 ἐπίσκοπος,
911 1116 945 1187 ἢ
981 1115 1369 1187 πρεσϐύτερος,
1401 1117 1435 1188 ἢ
1479 1117 1746 1182 διάκονος,

136 1225 204 1259 κ.
240 1225 306 1261 τ.
339 1208 393 1263 λ.

219 1300 300 1354 6⁸.
349 1300 567 1363 Πάντας
587 1300 714 1363 τοὺς
746 1299 1010 1363 εἰσιόντας
1036 1300 1279 1365 πιστοὺς,
1309 1317 1366 1353 κ.
1399 1318 1451 1355 τ.
1482 1299 1532 1353 λ.

220 1397 284 1445 ι’.
332 1392 403 1445 Et
426 1409 510 1455 τις
532 1391 880 1462 άκοινωνήτῳ
910 1390 1014 1445 κᾶν
1042 1393 1099 1444 ἐν
1132 1391 1265 1463 οἴκῳ
1292 1390 1626 1458 συνεύξεται,
1657 1383 1751 1446 οὗ·

136 1499 241 1546 τος
285 1482 664 1554 ἀῳριζέσθω.

220 1572 327 1642 ιβ’,
350 1580 447 1641 ιγ’.
466 1574 533 1627 Et
548 1590 629 1635 τις
652 1572 908 1645 κληρικὸς
931 1572 963 1644 ἢ
990 1572 1196 1639 λαῖκὸς,
1222 1573 1602 1645 ἀφωρισμένος
1631 1574 1749 1647 ἦτοι

138 1663 421 1729 ἇόεκτος,
462 1681 517 1718 κ.
552 1681 602 1717 τ.
634 1662 685 1717 λ.

221 1762 319 1809 ιε’.
365 1754 437 1808 EI
466 1773 551 1819 τις
595 1754 965 1826 πρεσϐύτερος
1007 1756 1041 1825 ἢ
1098 1754 1374 1822 διάκονος,
1417 1755 1452 1827 ἢ
1485 1755 1623 1820 ὅλως
1654 1755 1748 1810 τοῦ

140 1846 479 1915 καταλόγου
502 1848 607 1900 τῶν
635 1847 933 1919 κληρικῶν,
962 1864 1017 1900 κ.
1046 1864 1098 1900 τ.
1128 1847 1177 1901 λ.

1922 656 2012 720 56,
2055 658 2144 723 45,
2184 659 2274 725 15,
2302 660 2393 724 48,
2417 661 2507 729 54,
2540 662 2626 731 56,
2673 664 2765 731 57,
2798 665 2889 732 58,
2912 666 2981 723 59
3004 707 3021 736 ,
3054 666 3157 736 65,
3192 669 3279 736 66,
3334 670 3425 735 70,

1922 750 2014 816 71,
2053 751 2141 815 72,
2169 753 2260 820 75,
2299 754 2385 821 76,
2418 756 2510 812 84.

1924 841 1974 896 5.
2005 841 2306 914 Episcopus
2330 846 2429 917 (2),
2448 850 2533 904 vel
2561 851 2863 924 presbyter,
2890 853 2976 910 vel
2995 854 3261 914 diaconus
3289 873 3427 913 uxo-

1850 947 1965 987 rem
1990 948 2145 989 suam
2175 951 2243 990 ne
2270 937 2452 1007 ejiciat
2481 942 2759 1012 religionis
2791 954 3053 1015 praetextu
3079 964 3093 1014 ;
3131 948 3216 1003 sin
3244 958 3426 1004 autem

1848 1022 2073 1092 ejecerit
2098 1038 2129 1088 ,λ
2155 1038 2469 1097 segregetur
2498 1048 2512 1097 ;
2547 1044 2600 1087 et
2627 1033 2673 1086 si
2722 1044 3068 1102 perseveret,
3103 1037 3423 1105 deponatur.

1920 1113 1974 1169 8.
2001 1113 2057 1169 Si
2083 1117 2207 1186 quis
2232 1118 2542 1190 episcopus,
2562 1125 2844 1196 presbyter
2869 1125 2951 1180 vel
2968 1126 3256 1193 diaconus,
3289 1138 3428 1195 etc.,

1852 1212 1911 1257 ut
1946 1221 2070 1276 pag.
2109 1205 2231 1261 606.

1921 1292 1973 1349 9.
1995 1296 2319 1369 Quicunque
2334 1300 3078 1372 ﬁdelesingrediuntur,etc.,
3110 1312 3167 1357 ut
3196 1321 3253 1373 p.
3298 1304 3424 1360 606.

1920 1385 2011 1440 10.
2048 1384 2105 1442 Si
2165 1391 2289 1459 quis
2346 1408 2470 1447 cum
2512 1394 3014 1463 excommunicato,
3052 1395 3209 1452 veliu
3239 1398 3426 1461 domo,

1848 1490 1958 1529 una
1988 1491 2241 1546 precatus
2271 1482 2454 1550 fuerit,
2485 1485 2531 1539 is
2561 1497 2898 1555 segregetur.

1922 1567 2134 1635 12,13.
2185 1572 2243 1626 Si
2294 1577 2419 1645 quis
2464 1577 2699 1633 clericus
2742 1579 2826 1633 vel
2874 1580 3049 1635 laicus
3113 1590 3429 1651 segregatus

1850 1657 1964 1713 sive
2003 1676 2112 1715 non
2145 1663 2510 1733 recipiendus,
2544 1678 2673 1733 etc.,
2707 1678 2766 1722 ut
2797 1686 2921 1738 pag.
2955 1670 3079 1725 751.

1929 1757 2092 1829 265
2118 1760 2180 1814 15
2204 1757 2342 1831 [14].
2376 1758 2433 1815 Si
2454 1760 2579 1830 quis
2607 1758 2914 1832 presbﬂer,
2932 1758 3018 1815 vel
3043 1757 3326 1821 diaconus,
3348 1757 3433 1813 vel

1856 1851 2082 1904 omnino
2106 1867 2168 1905 ex
2199 1852 2523 1907 clericorum
2549 1853 2821 1923 catalogo,
2853 1860 2987 1917 etc.,
3012 1859 3069 1906 ut
3094 1868 3216 1921 pag.
3247 1849 3372 1905 658.

225 1946 341 2003 ις’.
384 1940 452 1992 Ei
482 1939 539 1994 δὲ
576 1940 604 1991 ὁ
637 1938 954 2003 ἐπίσκοπος,
994 1938 1125 2008 παρ’
1167 1932 1211 2006 ᾧ
1239 1938 1583 2006 τυγχάνουσι,
1622 1935 1750 2008 παρ’
1785 1924 1799 1982 Ι

1927 1941 1995 1996 16
2016 1941 2157 2013 [15].
2185 1943 2282 1999 Sin
2304 1944 2351 1976 ³³
2371 1953 2552 1999 autem
2583 1945 2873 2014 episcopus
2897 1945 3053 1999 nihili
3094 1944 3301 1998 faciens
3338 1942 3433 1995 ad-

138 2032 316 2086 ούδέν
352 2032 712 2102 λογισάμενος
733 2032 832 2103 τὴν
854 2033 974 2086 κατ’
997 2032 1178 2085 αὐτῶν
1202 2032 1512 2103 ὁρισθεῖσαν
1533 2029 1749 2100 ἀργίαν,

140 2124 380 2189 δέξεται
416 2125 616 2188 αὐτοὺς
643 2124 719 2189 ὡς
748 2124 1066 2196 κληρικοὺς,
1111 2122 1456 2195 άφοριζέσθω
1487 2122 1563 2186 ὼς
1602 2121 1751 2175 διδά-

1854 2040 2046 2081 versus
2073 2042 2168 2081 eos
2217 2025 2490 2080 decretam
2542 2040 2573 2079 a
2648 2039 2873 2080 munere
2927 2025 3428 2088 cessationem,eos

1853 2125 1916 2171 ut
1932 2117 2160 2171 clericos
2194 2118 2482 2185 receperit,
2515 2126 2828 2187 segregetur
2872 2125 2934 2172 ut
2971 2116 3326 2172 immodestia
3376 2124 3432 2171 et

1853 2206 2156 2263 insolentiae
2186 2207 2467 2277 magister.

1922 2299 1993 2353 24
2026 2296 2162 2368 [25].
2194 2296 2395 2351 Laicus
2418 2296 2511 2365 qui
2540 2295 2783 2366 seipsum
2810 2295 3104 2361 mutilavit,
3134 2294 3308 2349 tribus
3334 2309 3434 2349 an-

1852 2390 1939 2447 nis
1963 2398 2312 2462 segregetur;
2341 2399 2426 2445 est
2453 2390 2602 2444 enim
2634 2405 2749 2445 suae
2773 2388 2944 2459 ipsius
2972 2389 3097 2442 vita:
3122 2386 3433 2442 insidiator.

1922 2481 2173 2555 56,[55].
2228 2481 2287 2537 Si
2349 2481 2474 2552 quis
2521 2480 2808 2538 ordinatus
2850 2481 3165 2550 episcopus,
3193 2487 3325 2545 etc.,
3375 2485 3435 2532 ut

1853 2591 1977 2647 pag.
2009 2574 2132 2629 506.

226 2674 361 2739 μγθ.
422 2668 803 2735 ’Υποδιάκονος
860 2670 894 2741 ἢ
947 2670 1302 2741 ἁναγνώστης
1349 2672 1382 2743 ἢ
1430 2671 1641 2743 ψάλτης
1686 2673 1755 2727 τὰ

1925 2668 1996 2722 45
2025 2666 2163 2739 [42].
2202 2665 2649 2738 Hypodiaconus,
2680 2664 2765 2719 vel
2798 2663 2991 2729 lector,
3021 2662 3106 2718 vel
3138 2670 3334 2718 cantor
3360 2661 3439 2719 si-

146 2759 337 2829 ὅμοια
367 2758 561 2827 ποιῶν,
594 2760 629 2833 ἢ
664 2761 1023 2833 παυσάσθωῆ
1057 2762 1405 2833 ἀφοριζέσθω
1431 2779 1447 2795 ⁸
1494 2764 1756 2828 ὡσαύτως

1890 2758 2007 2813 milia
2049 2757 2278 2822 faciens,
2300 2757 2385 2812 vel
2433 2765 2635 2824 cesset,
2680 2755 2768 2811 vel
2794 2762 3126 2826 segregetur.
3161 2752 3354 2809 Itidem
3381 2760 3439 2808 et

148 2852 253 2905 καὶ
281 2852 506 2916 λαῖκός.

1890 2848 2050 2904 zicus.

231 2942 354 3014 με’.
408 2944 735 3009 Ἐπίσκοπος
778 2945 811 3016 ἢ
855 2944 1229 3017 πρεσϐύτερος
1275 2947 1309 3018 ἢ
1355 2947 1620 3016 διάκονος,
1670 2950 1757 3003 αί-

1927 2940 1998 2995 45
2050 2938 2189 3011 [44].
2228 2937 2532 3009 Episcopus
2563 2934 2649 2991 vel
2678 2935 2984 3008 presbyter,
3028 2935 3115 2992 vel
3140 2936 3437 2997 diaconus,

154 3035 419 3107 ρετικοίς
447 3036 837 3107 συνευξάμενος
870 3037 1051 3108 μόνον,
1084 3055 1138 3091 κ.
1167 3055 1220 3093 τ.
1248 3037 1299 3093 λ.

1890 3033 1952 3101 _ui
1975 3047 2101 3087 cum
2134 3030 2399 3085 haereticis
2426 3028 2514 3084 vel
2537 3027 2718 3084 solum
2746 3035 3129 3099 comprecatus
3172 3034 3279 3093 est,
3304 3034 3437 3089 etc.,

1859 3133 1919 3178 ut
1946 3140 2067 3193 pag.
2092 3123 2219 3177 610.

1935 3215 2166 3288 48[47].
2215 3214 2272 3270 Si
2325 3215 2449 3286 quis
2503 3216 2679 3272 laicus
2727 3230 2827 3273 sua
2861 3214 3038 3285 ejecta
3076 3227 3249 3269 uxore
3278 3210 3441 3267 aliam

1869 3312 2157 3383 acceperit,
2190 3311 2277 3366 vel
2308 3312 2378 3366 ab
2397 3311 2506 3367 alio
2524 3312 2783 3377 solutam,
2812 3318 3147 3383 segregetur.

143 2216 370 2280 σκαλος
404 2216 652 2283 ἀταξίας.
713 2275 719 2280 _
1462 2246 1482 2265 .

220 2309 341 2362 κδ’.
382 2308 585 2370 Λαῖκδς
615 2307 807 2362 ἐαυτὸν
834 2307 1256 2380 ἀκρωτηριάσας
1287 2305 1630 2379 ἀφοριζέσθω
1656 2304 1753 2377 ἐτη

140 2396 285 2467 τρία
308 2413 328 2426 ο
368 2395 656 2459 ἐπίϐουλος
686 2398 797 2467 γάρ
825 2397 942 2450 ἐστι
979 2397 1079 2467 τῆς
1109 2395 1300 2450 ἐαυτοῦ
1337 2397 1502 2468 ζωῆς.

222 2487 354 2552 λς’.
398 2488 469 2542 Εἰ
496 2508 580 2554 τις
605 2491 999 2564 χειροτονηθεὶς
1034 2492 1351 2558 ἐπίσκοπος,
1386 2510 1441 2548 κ.
1471 2509 1526 2548 τ.
1558 2492 1608 2550 λ.

237 3249 369 3315 μη’.
414 3242 484 3297 Et
508 3261 592 3308 τις
622 3243 807 3309 λαῖκὸς
848 3243 949 3317 τὴν
996 3238 1470 3312 ἐαυτοῦ”γυναῖκα
1515 3242 1760 3298 ἐκϐαλὼν
1789 3265 1830 3323 C

160 3335 379 3406 ἐτέραν
432 3333 609 3401 λάϐοι,
654 3335 688 3407 ἢ
744 3336 897 3407 παρὰ
941 3335 1103 3391 ἄλλου
1139 3335 1581 3408 ἀπολελυμένην,
1628 3338 1764 3406 ἀφο-

166 3426 450 3497 ριζέσθω.

240 3518 350 3572 νδ’.
381 3518 455 3572 Εἴ
470 3536 551 3582 τις
576 3518 834 3590 κληρικδς
857 3521 913 3575 ἐν
938 3520 1217 3591 καπηλείῳ
1242 3521 1523 3593 φωραθείη
1550 3520 1768 3585 ἐσθίων,

165 3606 555 3679 ἀφοριζέσθω,
581 3609 755 3680 πάρεξ
774 3610 867 3663 τοῦ
893 3613 952 3664 ἐν
976 3611 1278 3682 πανδοχείῳ
1304 3612 1361 3664 ἐν
1385 3611 1488 3683 ὁδῷ
1516 3612 1583 3665 δι’
1607 3612 1775 3682 ἀνάγ-

166 3716 283 3771 κην
325 3698 689 3763 καταλύοντος

1945 3520 2012 3574 54
2044 3518 2199 3591 [55]-
2223 3518 2281 3574 Si
2318 3519 2440 3588 quis
2492 3518 2726 3573 clericus
2763 3515 2818 3570 in
2860 3532 3107 3587 caupona
3156 3516 3450 3573 comedens

1870 3610 2249 3682 deprehensus
2287 3608 2474 3676 fuerit,
2507 3616 2838 3679 segregetur,
2882 3620 3246 3678 pra-terquam
3294 3608 3341 3663 si
3390 3608 3447 3662 in

1871 3704 2097 3776 publico
2122 3703 2427 3759 diversorio
2451 3702 2505 3757 in
2536 3702 2623 3756 via
2668 3710 2890 3773 propter
2936 3701 3314 3756 necessitatem
3363 3700 3452 3756 di-

1874 3802 2191 3955 γθὲἕῖζὸ]
2234 3880 2292 3935 Si
2326 3880 2450 3950 quis
2476 3878 2708 3935 clericus
2732 3878 3113 3949 presbyterum
3149 3876 3235 3933 vel
3268 3876 3453 3933 diaco-

1875 3990 2004 4030 num
2042 3973 2245 4041 injuria
2275 3970 2537 4037 aﬂ‘ecerit,
2570 3979 2911 4041 segregetur.

1952 4065 2018 4120 57
2058 4062 2198 4136 [56].
2241 4062 2458 4132 Siquis
2489 4062 2721 4118 clericus
2759 4062 3035 4127 claudum,
3067 4060 3153 4115 vel
3199 4059 3452 4123 surdum,

1875 4160 1961 4216 vel
1994 4175 2142 4225 eum,
2177 4157 2265 4213 cui
2302 4159 2533 4213 vitiosus
2570 4168 2656 4213 est
2699 4159 2969 4224 incessus,
3004 4155 3258 4219 irriserit,
3298 4169 3456 4226 sepa-

1877 4258 2055 4308 retur.
2092 4249 2363 4305 Similiter
2384 4258 2438 4304 et
2469 4250 2661 4305 laicus.

1952 4342 2021 4400 58
2052 4340 2191 4414 [57].
2243 4338 2548 4411 Episcopus
2581 4339 2669 4396 vel
2718 4339 3022 4410 presbyter,
3063 4334 3157 4405 qui
3194 4334 3325 4391 cleri
3370 4332 3456 4389 vel

1880 4435 2067 4508 populi
2095 4449 2284 4491 curam
2305 4447 2414 4487 non
2436 4432 2595 4502 gerit,
2625 4441 2756 4496 etc.,
2786 4442 2842 4486 ut
2861 4448 2984 4501 pag.
3008 4430 3137 4485 682.

1951 4529 2021 4584 59
2054 4526 2192 4599 [58].
2221 4525 2279 4581 Si
2323 4525 2447 4597 quis
2476 4524 2768 4595 episcopus
2792 4522 2879 4578 vel
2897 4520 3203 4591 presbyter,
3230 4524 3364 4581 etc.,
3395 4522 3454 4569 ιιι

1879 4639 2001 4695 pag.
2038 4622 2163 4677 674.

256 4726 359 4793 ξέ.
407 4728 472 4780 Et
514 4745 598 4793 τις
645 4728 901 4798 κληρικδς
950 4728 983 4800 ἢ
1018 4728 1204 4791 λαῖκδς
1247 4728 1479 4783 εἰσέλθοι
1521 4729 1602 4793 είς
1649 4738 1776 4783 συν-

1954 4716 2118 4787 266
2164 4714 2235 4770 65
2278 4711 2415 4786 [65].
2476 4711 2536 4766 Si
2572 4710 2699 4781 quis
2761 4708 2998 4764 clericus
3039 4707 3122 4762 vel
3170 4706 3345 4760 laicus
3401 4701 3455 4756 in

184 4821 422 4892 αγωγὴν
451 4820 715 4873 Ἰουδαίων
744 4821 777 4892 ἢ
808 4821 1099 4894 αἱρετικῶν
1127 4817 1547 4892 προσεύξασθαι,
1583 4819 1779 4874 καθαι-

1890 4804 2196 4861 Iudaeorum
2226 4806 2312 4860 vel
2346 4804 2721 4858 lizereticorum
2749 4813 3077 4871 synagogam
3100 4800 3355 4868 ingessus
3381 4800 3453 4851 sit

190 4913 403 4985 ρείσθω
432 4913 526 4965 καὶ
556 4912 915 4982 ἀφοριζέσθω.
1509 4905 1514 4909 ’

1890 4898 1953 4953 ad
1983 4897 2272 4963 orandum,
2307 4898 2614 4967 deponatur
2644 4905 2697 4949 et
2735 4901 3075 4967 segregetur.

1942 5000 2011 5055 67
2046 4997 2187 5071 [66].
2234 4997 2293 5052 Si
2345 4998 2470 5067 quis
2506 4995 2774 5067 virginem
2825 5011 2931 5049 non
2965 4994 3347 5064 desponsatam
3389 4993 3443 5046 vi

1871 5093 2036 5150 allata
2083 5092 2267 5156 liabet,
2312 5097 2665 5159 segregetur;
2698 5088 2748 5143 ei
2790 5097 2973 5143 autem
3006 5087 3165 5141 aliam
3201 5086 3447 5155 accipere

1870 5197 1980 5239 non
2025 5180 2211 5246 liceat,
2262 5178 2358 5235 sed
2400 5177 2548 5233 illam
2592 5177 2828 5233 retinere
2856 5191 3020 5246 quam
3070 5176 3251 5245 elegit,
3283 5174 3447 5229 etiam

1870 5274 1917 5330 si
1949 5287 2156 5344 pauper
2177 5271 2271 5328 sit.

1946 5364 2015 5420 70
2057 5362 2199 5437 [69].
2255 5363 2313 5419 Si
2360 5362 2486 5434 quis
2531 5362 2842 5433 episcopus,
2895 5360 2981 5416 vel
3022 5362 3319 5433 presbyter,
3366 5364 3450 5419 vel

1877 5458 2168 5521 diaconus,
2200 5457 2288 5512 vel
2313 5455 2540 5511 omnino
2569 5469 2635 5509 ex
2667 5455 2990 5510 clericorum
3016 5453 3284 5523 catalogo,
3306 5453 3452 5525 jeju-

1874 5559 1970 5608 nat
1995 5566 2120 5607 cum
2149 5549 2375 5613 Judmis,
2428 5547 2513 5603 vel
2550 5562 2672 5603 cum
2710 5546 2841 5617 ipsis
2867 5546 3037 5602 festos
3062 5547 3176 5600 dies
3206 5547 3337 5617 agit,
3372 5547 3455 5601 vel

1876 5646 1945 5701 ab
1977 5645 2115 5716 ipsis
2143 5643 2306 5699 xenia
2351 5641 2586 5711 accipit;
2613 5648 2691 5706 ut,
2724 5640 2875 5693 verbi
2910 5640 3105 5710 gratia,
3129 5655 3338 5710 azyma,
3373 5639 3459 5694 vel

1872 5737 2019 5793 aliud
2047 5736 2228 5808 quale,
2245 5735 2567 5804 deponatur.
2587 5732 2641 5787 Si
2671 5747 2799 5788 vero
2815 5732 2885 5787 sit
2910 5732 3102 5800 laicus,
3128 5739 3461 5804 segregetur.

246 3887 374 3945 νς’.
421 3880 488 3934 El
528 3898 610 3943 τις
640 3881 900 3952 κληρικδς
931 3880 1144 3953 ὑϐρίσει
1179 3881 1551 3956 πρεσϐύτερον
1587 3882 1622 3956 ἢ
1656 3882 1775 3938 διά·

173 3989 372 4034 κονον,
398 3971 764 4041 ἀφοριζέσθω.

248 4060 364 4126 νζν.
409 4061 476 4114 Εἴ
523 4078 606 4124 τις
638 4060 899 4132 κληρικὺς
937 4060 1107 4131 χωλὸν
1138 4060 1171 4130 ἢ
1204 4059 1384 4129 κωφὸν
1428 4059 1462 4132 ἢ
1510 4059 1709 4129 τυφλὸν
1738 4059 1773 4131 ἢ

176 4153 287 4217 τὰς
358 4152 543 4222 βάσεις
596 4151 980 4222 πεπληγμένον
1048 4150 1334 4221 χλευάσει,
1393 4149 1774 4221 ἀφοριζέσθωο

174 4243 460 4308 ὡσαύτως
487 4244 583 4298 καὶ
616 4244 820 4307 λαῖκός.

252 4342 369 4406 νην.
406 4335 733 4399 Ἐπίσκοπος
762 4337 795 4410 ἢ
822 4334 1195 4407 πρεσϐύτερος
1215 4334 1431 4406 ἀμελῶν
1453 4334 1545 4389 τοῦ
1572 4334 1775 4406 κλήρου

178 4426 217 4499 ἢ
250 4426 360 4481 τοῦ
388 4425 539 4491 λαοῦ,
566 4444 622 4480 κ.
654 4445 704 4482 τ.
739 4427 789 4482 λ.
920 4424 927 4431 ’
1634 4424 1637 4425 ⁷

256 4517 368 4574 VO’.
414 4517 482 4571 Εἴ
503 4535 587 4583 τις
615 4518 909 4584 ἐπίσκοπος
938 4518 971 4588 ἢ
998 4518 1389 4588 πρεσϐύτερος,
1433 4535 1489 4572 κ.
1522 4534 1577 4575 τ.
1614 4517 1665 4573 λ.

263 5004 367 5070 ξς.
433 5004 502 5057 Εἰ
554 5022 638 5068 τις
684 5004 953 5076 παρθένον
1012 5006 1386 5076 άμνήστευτον
1446 5004 1780 5077 βιασάμενος

189 5096 338 5167 ἔχει,
370 5094 715 5165 ἀφοριζέσθω
749 5114 762 5129 ο
816 5096 892 5168 μὴ
923 5096 1123 5163 ἐξεῖναι
1156 5096 1213 5151 δέ
1242 5097 1388 5168 αύτῷ
1415 5098 1606 5169 ἑτέραν
1635 5098 1778 5170 λαμ-

192 5189 409 5251 ϐάνειν,
450 5186 565 5239 ἀλλ’
590 5186 806 5259 ἐκείνην
836 5189 1087 5259 κατέχειν
1114 5190 1181 5259 ἢν
1210 5191 1304 5242 καὶ
1332 5188 1641 5260 ᾑρετίσατο,
1674 5189 1780 5247 κᾶν

191 5277 438 5351 πενιχρά
462 5279 727 5350 τυγχάνῃ.

269 5375 337 5424 ο’.
377 5369 444 5422 El
472 5386 558 5433 τις
587 5369 905 5439 ἐπίσκοπος,
949 5372 983 5442 ἢ
1018 5372 1406 5444 πρεσϐύτερος,
1449 5373 1483 5444 ἦ
1514 5374 1778 5443 διάκονος,

197 5460 235 5531 ἦ
266 5460 407 5525 ὅλως
436 5460 532 5514 τοῦ
559 5462 863 5532 καταλόγου
900 5462 1006 5517 τῶν
1038 5464 1335 5534 κληρικῶν,
1368 5465 1619 5533 νηστεύοι
1646 5466 1785 5536 μετὰ

209 5550 507 5620 Ἰουδαίων,
533 5555 567 5625 ἢ
598 5554 843 5624 ἐορτάζοι
875 5557 992 5624 μετ’
1009 5556 1263 5627 αὑτῶν,ἢ
1290 5556 1499 5626 δέχεται
1530 5559 1662 5628 παρ’
1684 5559 1783 5612 αύ-

198 5642 313 5696 τῶν
339 5642 409 5696 τὰ
439 5643 540 5713 τῆς
572 5644 764 5714 ἐορτῆς
796 5642 963 5709 ξένια,
998 5640 1111 5699 οἷον
1138 5646 1345 5716 ἄζυμα,
1392 5648 1425 5718 ἦ
1460 5665 1511 5701 τι
1549 5649 1781 5718 τοιοῦτο,

201 5732 609 5805 καθαιρείσθω’
647 5736 697 5788 εἰ
724 5734 784 5788 δέ
815 5735 1024 5803 λαῖκὸς,
1058 5737 1419 5808 ἀφοριζέσθω,

277 5895 326 5930 ³⁸
359 5895 534 5952 (Ione.
564 5893 683 5951 Nic.
730 5910 854 5951 can.
918 5896 1004 5951 16.

286 6050 363 6121 ’e)
389 6050 602 6107 Citatur
653 6065 685 6106 a
720 6061 908 6110 sancto
951 6052 1113 6125 Greg.
1177 6053 1270 6110 lib.
1316 6069 1388 6111 vn
1422 6054 1586 6127 ch.,
1616 6055 1775 6126 epist.
1801 6056 1888 6111 30.
