3874 6296
643 405 750 471 739

1807 406 2066 465 PHOTII
2102 402 2603 465 PATRIARCIIXE
2633 402 2740 462 ep.
3727 414 3807 477 τω

715 515 777 570 7l
815 511 954 587 [70].
984 511 1041 569 Si
1073 512 1200 583 quis
1227 511 1574 568 Christianus
1601 511 1779 566 oleum
1814 513 2044 576 deierat,
2079 520 2209 575 etc.,

2385 514 2484 562 οα’,
2527 507 2595 559 Ei.’
2621 523 2704 571 τις
2735 507 3057 577 Χριστιανὸς
3095 507 3271 560 ἔλαιον
3313 508 3600 578 ἀπενέγκοι,
3631 531 3676 570 κ.
3701 533 3742 572 τ.
3770 521 3807 576 λ.

643 617 704 663 ut
731 625 849 678 pag.
883 607 1006 661 65L

717 700 785 752 72
819 698 958 770 [71].
992 696 1048 751 Si
1084 697 1208 768 quis
1238 696 1492 758 clericus,
1528 696 1611 750 vel
1642 696 1813 750 laicus
1844 710 1873 748 ιι
1907 705 2095 750 sancta
2123 695 2226 751 Ec-

652 792 820 847 clesia
849 804 1034 845 ceram
1059 788 1144 843 vel
1174 788 1354 842 oleum
1383 785 1614 850 auferat,
1641 795 1977 858 segregetur.

719 971 788 1024 75
817 967 956 1040 [72].
981 967 1091 1022 Vas
1128 982 1378 1032 aureum,
1418 967 1500 1022 vel
1530 976 1875 1037 argenteum,
1911 968 1998 1024 vel
2042 971 2225 1024 velum

647 1062 1069 1124 sanctiﬁcatum,
1102 1068 1232 1124 etc.,
1260 1068 1318 1111 ut
1351 1076 1471 1128 pag.
1516 1059 1638 1115 575.

723 1152 788 1204 76
822 1149 958 1222 [75].
978 1148 1133 1214 Quod
1163 1164 1272 1202 non
1301 1158 1514 1219 oportet
1542 1151 1856 1221 episcopum
1888 1151 2066 1217 fratri,
2094 1162 2222 1218 ete.,

647 1257 704 1300 ut
733 1260 858 1314 pag.
894 1242 1022 1297 507.

714 1354 782 1407 84
819 1353 956 1425 [83].
1001 1354 1263 1425 Quisquis
1313 1369 1492 1423 regem
1545 1355 1630 1408 vel
1676 1357 1975 1425 principem
2027 1365 2225 1426 praeter

641 1447 732 1515 jus
788 1448 1118 1501 contumelia
1172 1449 1438 1514 aﬂ‘ecerit,
1494 1465 1682 1519 poenas
1732 1450 1898 1504 luat:
1951 1458 2004 1503 et
2058 1451 2102 1504 si
2151 1452 2224 1503 sit

645 1542 862 1609 quidem
891 1543 1146 1607 clericus,
1172 1543 1518 1613 deponatur:
1562 1543 1606 1597 si
1647 1560 1777 1598 vero
1809 1545 2002 1608 laicus,
2037 1560 2222 1613 segre-

645 1642 823 1702 getur.

645 1723 870 1780 Concilii
886 1725 1324 1782 Chalcedonensis
1359 1746 1424 1781 ea:
1444 1729 1646 1781 actione
1663 1729 1725 1780 de
1747 1727 1934 1782 Pltotio
1965 1727 2220 1795 Tyrorum

820 1801 1058 1864 episcotto
1086 1810 1134 1852 et
1167 1800 1447 1852 Eustathio
1482 1799 1758 1868 Berytensi
1795 1799 2054 1867 episcopo.

716 1987 768 2040 1.
792 1984 1307 2050 Magnificetttissinti
1343 1994 1396 2040 et
1438 1985 1813 2054 gloriosissimi
1841 1984 2110 2054 principes
2141 1983 2222 2037 di-

643 2088 890 2132 xerunt:
931 2075 1006 2131 De
1031 2076 1300 2146 episcopis
1335 2076 1495 2146 267
1536 2091 1565 2129 a
1603 2074 1795 2128 Pltotio
1814 2075 2222 2145 religiosissime

642 2165 899 2232 episeopo
944 2163 1211 2216 ordinatis
1258 2172 1311 2216 et
1354 2164 1423 2214 ab
1462 2161 1751 2215 Eustathio
1807 2161 2222 2231 religiosissituo

643 2255 904 2324 episcopo
937 2254 1202 2323 depositis
1233 2269 1297 2308 ac
1341 2262 1462 2321 post
1497 2254 1869 2322 episcopatum
1898 2253 2070 2322 jussis
2102 2267 2224 2308 esse

641 2347 990 2418 presbyteris,
1015 2345 1144 2415 quid
1178 2345 1391 2398 videtur
1421 2355 1626 2399 sanctae
1659 2344 1866 2414 synodo
1893 2343 1916 2394 ?

993 2542 1219 2598 Concilii
1241 2541 1517 2613 Ancyrani
1548 2556 1718 2594 canon
1762 2539 1844 2594 l8.

711 2651 768 2709 8.
808 2653 865 2708 Si
895 2653 1019 2723 quis
1058 2653 1338 2708 constituti
1370 2629 1634 2722 episcopi,
1663 2661 1770 2706 etc.
1799 2689 1813 2713 ,
1845 2660 1899 2703 ut
1934 2665 2057 2722 pug.
2097 2651 2222 2707 506.

921 2762 1148 2818 Concilii
1177 2762 1648 2818 Neoca'sareensis
1679 2780 1846 2816 canon
1874 2763 1925 2816 l.

715 2874 766 2926 Ι.
811 2874 1099 2944 Presbyter
1125 2873 1170 2927 si
1199 2889 1418 2928 uxorem
1465 2875 1700 2934 duxerit,
1732 2874 1921 2928 ordine
1949 2888 2051 2926 suo
2104 2886 2222 2926 mo-

646 2977 854 3020 veatur.
918 2966 974 3020 Si
1010 2976 1188 3020 autem
1243 2966 1542 3022 fornicatus
1567 2966 1750 3026 fuerit,
1793 2965 1873 3018 vel
1898 2965 2222 3018 adulterium

644 3060 1002 3125 commiserit,
1035 3061 1252 3128 penitus
1279 3060 1620 3122 extrudatur,
1655 3067 1709 3112 et
1746 3058 1812 3112 ad
1845 3055 2221 3126 paenitentiam

643 3153 968 3208 deducatur.

791 3244 982 3314 Cyritli
1023 3260 1088 3300 ea:
1115 3245 1344 3313 epistola
1364 3244 1436 3298 ad
1460 3243 1746 3307 Damnum,
1771 3258 1892 3314 cap.
1931 3243 1983 3304 l,
2013 3242 2069 3299 3.

718 3415 770 3470 l.
797 3416 1149 3487 Unthttmque
1176 3432 1266 3471 res
1288 3425 1497 3482 nostra,
1515 3426 1820 3486 etc.,usque
1839 3416 1906 3469 ad
1929 3425 1979 3470 te
2001 3416 2221 3482 salutat,

642 3520 698 3562 ut
728 3525 852 3578 pag.
881 3509 1008 3564 491.

711 3621 864 3676 CAP.
904 3621 1016 3676 ΧΙΙ.
1046 3648 1118 3660 --
1149 3619 1217 3674 Ut
1240 3622 1478 3692 quandiu
1497 3621 1770 3691 episcopus
1797 3637 1916 3674 cum
1959 3630 2222 3689 segregata

642 3728 674 3764 ο
703 3728 759 3764 se
783 3727 887 3764 non
912 3713 1288 3774 communicat,
1321 3728 1382 3765 ne
1420 3715 1595 3766 ueteri
1623 3712 1832 3782 quidem
1860 3712 2085 3781 episcopi
2103 3725 2221 3763 cum

641 3819 947 3876 segregante
987 3810 1395 3861 communicent.

945 3887 1166 3943 Cuncilii
1206 3889 1641 3960 Carthaginensis
1662 3906 1828 3943 canon
1861 3888 1984 3943 155.

717 3999 787 4055 Ut
843 4015 949 4052 non
1017 4009 1202 4054 temere
1251 4017 1562 4072 quemquam
1623 4001 1987 4055 communione
2054 3998 2223 4069 privet

641 4089 938 4156 cpiscopus.

714 4203 964 4270 Quandiu
1029 4204 1077 4236 “
1141 4207 1614 4260 exeommuuicato
1691 4218 1795 4256 non
1851 4199 2221 4257 communica-

641 4297 781 4349 verit
826 4312 962 4352 suus
1005 4297 1317 4367 episcopus,
1361 4298 1535 4353 eidem
1571 4298 1831 4367 episeopo
1861 4293 1930 4348 ab
1965 4294 2084 4348 aliis
2111 4308 2218 4348 non

641 4387 1080 4440 communicetur
1107 4388 1400 4456 episcopis,
1426 4386 1676 4456 ut;tuagis
1695 4391 1884 4438 caveat
1905 4383 2216 4453 episcopus,

641 4491 712 4530 ne
741 4475 888 4530 dicat
917 4478 970 4530 iu
999 4493 1348 4546 quemquam,
1383 4476 1529 4547 quod
1555 4476 1678 4530 aliis
1713 4473 2060 4530 documentis
2089 4487 2221 4526 eou-

639 4567 859 4622 vincere
887 4583 993 4622 non
1019 4578 1216 4636 potest.

711 4679 970 4734 Aurelius
1003 4679 1048 4711 ³⁸
1081 4681 1370 4749 episcopus
1402 4681 1536 4734 dixit
1566 4699 1578 4734 :
1611 4679 1772 4735 Juxta
1823 4690 2020 4735 statuta
2050 4682 2214 4737 totius

641 4771 857 4824 concilii
905 4775 1243 4842 congregati,
1291 4783 1343 4826 et
1370 4789 1501 4825 mea:
1553 4773 1946 4829 mediocritatis
1996 4787 2213 4830 senten-

641 4865 798 4929 tiam,
844 4863 1019 4933 placet
1069 4864 1249 4918 facere
1280 4880 1458 4916 rerum
1493 4865 1736 4918 omnium
1776 4869 2210 4932 conclusionem,

644 4956 891 5010 universi
939 4956 1153 5009 titulum
1204 4957 1490 5027 designati,
1538 4957 1702 5026 268
1741 4959 2012 5028 etdigesti
2051 4959 2213 5028 ltujus

641 5043 749 5098 diei
780 5053 1064 5100 tractatum
1093 5043 1348 5100 Ecclesia:
1376 5057 1524 5116 gesta
1564 5047 1862 5116 suscipiant
1888 5087 1902 5109 ,
1943 5064 2064 5116 quze
2087 5064 2214 5101 vero

643 5134 823 5190 adhuc
864 5151 1118 5206 expressa
1157 5152 1266 5192 non
1299 5148 1448 5203 sunt,
1483 5139 1569 5192 die
1610 5139 1858 5205 sequenti
1900 5154 1995 5207 per
2018 5140 2215 5195 fratres

645 5235 864 5280 nostros
894 5226 1216 5281 Faustinum
1253 5229 1593 5297 episc0pum,
1633 5226 1939 5297 Philippum
1976 5237 2032 5282 et
2063 5229 2215 5284 Asel-

643 5316 756 5369 lum
810 5317 1182 5386 presbyteros,
1234 5319 1530 5380 venerabili
1587 5319 1738 5374 fratri
1791 5329 1845 5375 et
1893 5323 2214 5394 cocpiseOpo

643 5417 836 5462 nostro
867 5408 1147 5466 Bonifacio
1181 5412 1560 5469 rescribemus.

714 5494 783 5550 Et
810 5491 1272 5568 subscripserunt.

713 5807 762 5842 ⁸⁸
790 5809 958 5866 Cone.
992 5809 1178 5866 Cat-th.
1218 5829 1314 5881 vn,
1347 5829 1392 5867 ρ.
1426 5813 1458 5866 5
1500 5831 1514 5882 ;
1549 5812 1717 5866 Ait-ir.
1765 5829 1814 5870 ο.
1847 5816 1936 5869 99.
2013 5814 2058 5846 ³⁵
2111 5814 2277 5870 Cone.

2394 687 2490 759 οβ’.
2536 689 2604 742 Εἴ
2619 706 2705 752 τις
2730 686 2992 758 κληρικὺς
3036 686 3067 756 ἢ
3096 685 3280 747 λαῖκὸς
3311 687 3415 740 ἀπὸ
3441 689 3532 758 τῆς
3555 691 3688 759 ἁγίας
3719 696 3808 750 Ἐκ.

2315 781 2556 852 ,κλησὶας
2589 781 2855 850 ἀφέληται
2899 779 3068 848 κηρὸν
3097 779 3130 850 ἢ
3166 779 3363 844 ἔλαιον,
3407 779 3725 850 ἀφοριζέςοω,
3749 790 3815 841 καὶ

2323 873 2384 926 τὸ
2413 873 2755 942 ὲπίπεμπτον
2791 869 3133 940 προστιθέτω
3168 870 3284 940 μεθ’
3317 863 3376 922 οὗ
3404 870 3600 926 ἔλαϐεν.

2393 968 2492 1029 ογθ.
2520 960 2719 1023 Σκεῦος
2743 957 2980 1030 χρυσοῦν
3002 959 3035 1030 ἢ
3057 959 3328 1030 ἀργυροῦν
3348 959 3636 1031 ἁγιασθὲνῆ
3656 962 3818 1035 ὀθόνην,

2325 1072 2380 1111 κ.
2406 1073 2456 1108 τ.
2489 1055 2540 1109 λ.

2395 1152 2501 1209 og’.
2575 1147 2698 1200 Ὀτι
2759 1146 2835 1218 μὴ
2890 1145 3000 1220 χρὴ
3051 1144 3146 1198 τὸν
3191 1143 3487 1196 ἐπίσκοπον
3533 1142 3602 1212 τῷ
3639 1144 3820 1217 ἀδελφῷ,

2324 1255 2379 1292 κ.
2419 1255 2470 1290 τ.
2513 1238 2563 1291 λ.

2395 1346 2489 1401 οδ’.
2532 1349 2631 1411 ’ος
2660 1364 2743 1411 τις
2786 1347 2998 1419 ὑϐρίσει
3048 1343 3270 1416 βασιλέα
3300 1345 3333 1414 ἢ
3369 1345 3592 1414 ἄρχοντα
3637 1347 3759 1416 παρᾶ
3780 1347 3822 1400 τὸ

2323 1439 2548 1504 δίκαιον,
2597 1439 2865 1509 τιμωρίαν
2913 1438 3178 1494 τιννύτω·
3237 1436 3333 1489 καὶ
3381 1439 3429 1488 εἰ
3477 1437 3568 1504 μὲν
3605 1438 3822 1509 κληρικὸς,

2324 1529 2722 1601 καθαιρείσθωο
2761 1531 2810 1582 εἰ
2840 1529 2896 1582 δὲ
2921 1529 3126 1592 λαῖκὺς,
3157 1527 3519 1598 ἀφοριζέσθω.

2323 1709 2593 1763 Συνόὃου
2629 1709 3018 1774 Χαλκηδόνος
3044 1711 3113 1772 ἐκ
3154 1709 3266 1776 τῆς
3306 1708 3569 1775 πράξεως
3609 1708 3702 1776 τῆς
3729 1711 3823 1775 περὶ

2393 1781 2618 1832 Φωτίου
2651 1780 2987 1833 ἐπισκόπου
3031 1782 3242 1849 Τύρου,
3272 1781 3369 1833 καὶ
3405 1782 3711 1833 Εὑσταθίου
3734 1781 3821 1832 ἐπι-

2252 1883 2293 1937 B
2393 1851 2630 1903 σκόπου
2661 1849 2958 1917 Βηρυτοῦ.

2391 1983 2461 2031 α’.
2507 1978 2569 2028 Οἱ
2606 1976 3188 2046 μεγαλοπρεπέστατοι
3218 1977 3310 2029 καλ⁵
3339 1975 3655 2040 ἐνδοξότατοι
3682 1977 3826 2046 ἄρχον-

2322 2086 2412 2132 τες
2439 2067 2610 2120 εἷπον·
2643 2071 2778 2138 Περὶ
2803 2069 2912 2120 τῶν
2941 2071 3253 2122 ἐπισκόπων
3283 2070 3395 2122 τῶν
3421 2069 3827 2138 χειροτονηθέντων

2325 2162 2424 2230 μὲν
2481 2163 2630 2231 παρὰ
2694 2163 2897 2215 Φωτίου
2955 2162 3049 2215 τοῦ
3104 2162 3502 2215 εὑλαϐεστάτου
3561 2164 3824 2226 ἐπισκόπου,

2322 2253 2765 2322 ἀποκινηθέντων
2801 2256 2857 2307 δὲ
2888 2257 3036 2325 παρὰ
3063 2254 3360 2307 Εὐσταθίου
3391 2253 3484 2306 τοῦ
3509 2252 3827 2306 εὐλαϐεστάτου

2323 2343 2646 2410 ἐπισκόπου,
2697 2351 2792 2398 καὶ
2827 2362 2965 2413 μετα
3005 2351 3106 2414 την
3150 2346 3458 2412 επισκοπὴν
3505 2342 3828 2395 κεΑευσΘεντων

2323 2429 2463 2488 εἶναι
2504 2436 2910 2506 πρεσϐυτέρων,
2941 2436 2994 2489 τί
3031 2435 3364 2507 παρίσταται
3409 2437 3475 2504 τῇ
3506 2435 3627 2505 ἁγία
3651 2435 3826 2504 συνόδῳ;

2631 2552 2902 2607 Συνόόου
2945 2553 3234 2622 Ἀγκύρας
3263 2551 3469 2606 κανὼν
3501 2557 3585 2621 ιη’.

2398 2665 2486 2730 ιη’.
2528 2659 2595 2714 Εἴ
2617 2679 2757 2726 τινες
2784 2664 3072 2716 ἐπίσκοποι
3104 2663 3559 2730 κατασταθέντες,
3599 2682 3646 2718 κ.
3671 2681 3714 2718 τ.
3741 2663 3777 2718 λ.

2560 2770 2830 2824 Συνόὃου
2855 2772 3317 2840 Νεοκαισαρειάς
3347 2771 3551 2824 κανὼν
3578 2778 3640 2826 α’.

2392 2883 2461 2931 α’.
2519 2877 2896 2949 Πρεσϐύτερος
2948 2879 3042 2932 ἐὰν
3095 2881 3288 2952 γήμῃ,
3338 2882 3441 2952 τῆς
3491 2882 3677 2946 τάξεως
3713 2882 3828 2933 αὑτὸν

2326 2969 2744 3039 μετατίθεσθαι·
2787 2973 2882 3024 ἐὰν
2907 2971 2964 3024 δὲ
2997 2972 3266 3044 πορνεύσῃ
3295 2975 3328 3044 ἢ
3369 2975 3641 3044 μοιχεύσῃ,
3669 2972 3829 3039 ἐξωθεῖ-

2323 3060 2447 3114 σθαι
2480 3062 2642 3117 αὐτὸν
2667 3062 2871 3128 τέλεον,
2917 3063 3013 3117 καὶ
3041 3065 3269 3134 ἄγεσθαι
3301 3068 3383 3129 εἰς
3417 3066 3700 3136 μετάνοιαν.

2416 3238 2720 3306 Ιιύρίλλου
2760 3241 2830 3294 ἐκ
2872 3241 2982 3309 τῆς
3028 3242 3178 3312 πρὸς
3205 3243 3443 3381 ἓόμνον
3479 3241 3770 3310 ἐπιστολῆς

2941 3329 3074 3380 κερ.
3117 3319 3165 3366 α’
3243 3319 3276 3365 ’.

2941 3329 3074 3380 κερ.
3117 3319 3165 3366 α’
3205 3319 3276 3380 τ’.

2395 3421 2466 3470 α’.
2510 3417 2754 3470 "Exacta.
2785 3419 2889 3472 τῶν
2933 3421 3056 3474 καθ’
3085 3423 3233 3492 ἡμᾶς
3267 3422 3625 3494 πραγμάτων,
3657 3438 3704 3476 κ.
3728 3438 3767 3474 τ.
3794 3418 3828 3475 λ.

2395 3624 2647 3678 ΚΕΦΑΛ.
2683 3626 2782 3679 lB'.
2803 3653 2872 3664 -—
2895 3627 3022 3679 Ὅτι
3049 3626 3140 3695 ἐφ’
3167 3626 3320 3680 ὅσον
3347 3630 3570 3697 χρόνον
3588 3631 3618 3683 ὀ
3641 3629 3828 3682 ἐπίσκο-

2323 3728 2438 3780 πος
2463 3717 2534 3768 οὺ
2559 3716 2836 3769 κοινωνεῖ
2858 3715 2934 3781 τῷ
2961 3719 3095 3785 παρ’
3117 3717 3304 3772 αὐτοῦ
3331 3719 3710 3787 ἀφορισθέντα,
3731 3720 3828 3772 οὔτε

2322 3805 2377 3857 οι
2404 3803 2581 3857 ἄλλοι
2606 3805 2926 3858 ἐπίσκοποι
2958 3807 3315 3861 κοινωνοῦσι
3344 3807 3428 3873 τῷ
3453 3809 3780 3877 ἀφορίσαντι.

2551 3895 2822 3950 Συνόδου
2853 3899 3275 3967 Καρθαγέννης
3311 3901 3515 3954 κανὼν
3551 3901 3670 3972 ρλγα

2396 4007 2521 4062 Ἵνα
2547 4009 2632 4078 μὴ
2657 4009 2735 4075 ὡς
2764 4011 2942 4080 ἐτύχε
2981 4012 3113 4078 τινὰ
3150 4013 3424 4083 στερήσῃ
3455 4014 3563 4082 τῆς
3585 4013 3828 4079 κοινωνίας

2324 4100 2358 4152 δ
2397 4099 2750 4168 ἐπίσκοπος.

2396 4212 2530 4284 ρλγ’.
2581 4216 2697 4285 Ἐφ’
2740 4216 2862 4268 ὅσον
2902 4215 2980 4287 τῷ
3031 4218 3400 4292 ἀφωρισμένῳ
3449 4223 3523 4294 μὴ
3571 4221 3828 4277 κοινωνεῖό

2322 4305 2453 4371 ἴδιος
2498 4309 2813 4374 ἐπίσκοπος,
2846 4311 2922 4382 τῷ
2963 4311 3108 4381 αὐτῷ
3141 4315 3430 4388 ἐπισκόπῳ
3477 4317 3618 4371 ἄλλοι
3649 4317 3710 4388 μὴ
3735 4331 3826 4383 συγ-

2321 4401 2719 4469 κοινωνήσωσιν
2751 4401 3038 4456 ἐπίσκοποι
3069 4417 3083 4432 ⁸
3138 4403 3278 4458 ὥστε
3311 4407 3512 4476 μᾶλλον
3541 4405 3825 4476 παραφυλάτ-

2322 4489 2509 4543 τεσθαι
2540 4490 2631 4543 τὸν
2659 4491 2957 4548 ἐπίσκοπον
3011 4495 3084 4566 μὴ
3131 4495 3311 4564 λέγειν
3361 4498 3504 4550 κατά
3543 4514 3690 4562 τινος,
3728 4498 3824 4564 ὅπερ

2320 4581 2658 4648 ἀποδείξεσιν
2685 4585 2900 4652 ἐλέγξαι
2933 4586 3064 4656 παρ’
3090 4587 3297 4658 ἑτέροις
3327 4589 3389 4641 οὐ
3415 4589 3645 4642 δύναται.

2391 4692 2656 4764 Αὐρήλιος
2688 4695 2981 4757 ἐπίσκοπος
3022 4691 3195 4748 εἶπεν·
3231 4698 3388 4750 Κατὰ
3421 4700 3489 4752 τὰ
3514 4697 3761 4769 ὁρισθέντα
3779 4697 3824 4764 τῇ

2319 4784 2512 4856 γνώμῃ
2545 4787 2723 4854 πάσης
2752 4787 2853 4854 τῆς
2887 4788 3364 4859 συναθροισθείσης
3409 4792 3620 4843 συνόδου
3659 4790 3734 4840 καὶ
3757 4787 3824 4853 τῆς

2320 4877 2460 4946 ἐμῆς
2489 4878 2854 4948 μετριότητος,
2901 4879 3122 4947 ἀρέσκει
3157 4881 3373 4934 πάντων
3421 4883 3525 4934 τῶν
3553 4879 3825 4951 πραγμάτων

2317 4969 2413 5021 τοῦ
2443 4969 2875 5040 προδηλωθέντος
2903 4971 3179 5035 ὁλοτελοῦς
3207 4972 3386 5026 τίτλου
3419 4975 3628 5044 ποιῆσαι
3657 4974 3705 5024 τὸ
3728 4987 3825 5036 συμ-

2321 5063 2600 5132 πέρασμα,
2647 5063 2742 5116 καὶ
2769 5063 2866 5133 τὴν
2907 5064 3199 5134 συζήτησιν
3226 5067 3320 5136 τῆς
3362 5066 3719 5127 διατυπώσεως
3755 5060 3826 5129 τῆς

2322 5152 2605 5223 παρούσης
2656 5154 2870 5224 ἡμέρας
2923 5156 2993 5206 τα
3038 5156 3469 5226 ἐκκλησιαστικὰ
3529 5151 3826 5226 πεπραγμένα

2321 5246 2668 5312 ἁναδὲξονται
2689 5265 2703 5275 ·
2733 5246 2903 5301 ἅτινα.
2922 5247 2978 5298 δὲ
3006 5248 3189 5317 ἀκμὴν
3225 5249 3323 5302 οὐκ
3353 5247 3823 5320 ὲπεξειργὰσθησαν,

2319 5340 2385 5409 τῇ
2417 5339 2544 5408 ἑξῆς
2571 5339 2753 5409 ἡμέρᾳι
2780 5338 2867 5392 διὰ
2894 5339 3006 5393 τῶν
3033 5340 3274 5410 ἀδελφῶν
3297 5340 3454 5412 ἡμῶν
3478 5340 3742 5394 Φαυστίνου
3760 5331 3826 5383 τοῦ

2322 5429 2642 5495 ἐπισκόπου,
2663 5423 2929 5484 Φιλιπτέου
2958 5433 3053 5486 καὶ
3071 5432 3323 5486 ’Λσέλλου
3353 5433 3461 5486 τῶν
3484 5428 3826 5503 πρεσϐυτέρων,

2320 5523 2398 5592 τῷ
2419 5521 2776 5593 προσκυνητῷ
2811 5522 3023 5595 ἀδελφῷ
3048 5525 3202 5596 ἡμῶν
3229 5526 3321 5580 καὶ
3344 5523 3701 5592 συνεπισκόπῳ
3721 5519 3829 5570 Βονι·

2323 5615 2495 5685 φατίῳ
2529 5613 2952 5686 ἀντιγράψομεν.

2320 5813 2482 5870 Afric.
2516 5830 2636 5885 cap.
2671 5815 2792 5870 100.
