4012 6414
185 433 279 495 741

891 433 1289 495 SYNTAGMA
1331 431 1718 492 CANONUM.
1747 459 1807 466 —
1833 432 1980 493 TIT.
2028 433 2131 500 IX,
2171 433 2330 492 CAP.
2373 433 2674 496 XII-XIV.

3348 442 3456 506 742

255 551 514 608 ΚΕΦΑΛ.
555 550 639 606 ιΓ.
664 579 733 590 --
765 553 949 606 Πόσοι
993 551 1315 603 ἐπίσκοποι
1371 547 1617 602 ποιοῦσι
1681 564 1758 600 κα

1943 548 2094 603 CAP.
2131 549 2267 604 XIII.
2295 551 2508 616 —Quot
2538 553 2771 621 episcopi
2822 554 3120 626 episcopum
3167 559 3455 625 deponunt.

179 639 462 708 θᾶίρεσιν
492 643 850 697 ἐπισκόπου.

176 731 462 788 Συνόδου
517 731 1212 796 Κωνσεαντινουπόλεως
1267 729 1379 799 τῆς
1433 731 1582 784 κατὰ
1629 730 1772 798 τοὺς

627 803 1000 868 ἐπισκόπους
1040 802 1096 856 Ἀ
1098 801 1332 871 ραϐιας.

261 896 590 969 ’Δραὸιανδς
636 897 935 958 ἐπίσκοπος
995 895 1267 965 Ἀγκύρας
1312 891 1505 949 εἶπεν·
1542 894 1618 948 Οὐ
1672 893 1772 964 τῆς

175 987 470 1057 παρούσης
498 987 662 1042 ἕνεκα
691 988 866 1058 δίκης,
901 987 1037 1041 ἀλλὰ
1065 985 1158 1040 τοῦ
1193 987 1393 1056 ἐφεξῆς
1425 986 1542 1056 βίου
1569 985 1774 1048 παντὸς

179 1079 443 1144 δεδοικὼς
476 1079 654 1142 τοῦτο,
684 1079 820 1146 ἀξιῶ
843 1079 944 1150 τὴν
975 1079 1136 1147 ἁγίαν
1169 1078 1385 1132 σύνοδον
1414 1079 1735 1151 διαλαλῆσαι
1754 1098 1769 1114 ·

175 1172 360 1238 ἔξεστι
397 1172 652 1240 γενέσθαι
679 1170 998 1242 καθαίρεσιν
1047 1171 1196 1242 παρὰ
1229 1170 1322 1224 δύο
1357 1172 1694 1237 ἐπισκόπων,
1735 1171 1768 1242 ἢ

175 1263 263 1326 ob;
289 1265 387 1317 καὶ
421 1265 559 1316 κατὰ
581 1265 811 1326 ἀπόντος
841 1262 1070 1329 ἔξεστιν,
1092 1263 1125 1333 ἦ
1151 1261 1245 1328 οὓς
1277 1262 1442 1316 υύδέν
1470 1264 1772 1335 πρόκριμαι

177 1356 319 1426 πρὸς
347 1356 448 1426 τὴν
475 1354 755 1425 παροῦσαν
799 1355 1074 1418 ὑπόθεσιν,
1109 1354 1320 1408 δέδοικα
1350 1354 1408 1408 δέ
1447 1355 1522 1427 μὴ
1563 1356 1628 1408 ἐκ
1663 1355 1771 1408 τῶν

177 1446 595 1516 ὑπομνημάτων
619 1444 822 1498 τούτων
839 1444 984 1507 τινὲς
999 1445 1129 1499 λαϐό
1137 1462 1287 1515 μενοι
1307 1445 1573 1512 ἐξουσίαν,
1590 1444 1773 1499 τοιαῦ-

174 1557 245 1593 τα
281 1539 663 1608 τολμήσωσιν·
695 1536 826 1602 ἀξιῶ
850 1536 994 1606 ὑμᾶς
1028 1535 1448 1607 ἀποκρίνασθαι.

247 1631 563 1699 Νεκτάριος
595 1628 891 1690 ἐπίσκοπος
935 1628 1560 1692 Κωνσταντινουπόλεως
1595 1624 1767 1683 εἶπεν·

188 1723 532 1788 Ἐπαινετῶς
582 1724 911 1792 εἰσηγήσατο
963 1723 992 1775 ὁ
1031 1721 1426 1785 εύλαϐἐστατος
1475 1723 1772 1788 ἐπίσκοπος

184 1814 516 1885 Ἀραϐιανός
545 1831 558 1844 ο
609 1815 670 1867 ού
709 1813 815 1885 μήν
847 1813 1154 1884 δυναμένης
1184 1813 1339 1884 δίκης
1372 1813 1766 1884 ἐξομοιοῦσθαι,

1946 723 2173 779 Concilii
2200 725 2779 795 Ccmstamiuopolitaui
2798 731 2861 784 de
2875 732 3132 802 episcopis
3151 733 3383 792 Arabian

1943 892 2252 956 Arabianus
2287 895 2512 964 Ancyrae
2539 893 2832 964 episcopus
2862 895 2999 951 dixit
3025 914 3038 950 ι
3070 895 3188 950 Non
3225 907 3452 969 propter

1873 984 1978 1040 hoc
2013 984 2306 1054 judicium.
2340 987 2433 1041 sed
2471 987 2538 1042 de
2584 997 2696 1042 tota
2739 989 2995 1058 deinceps
3040 991 3145 1043 \ita
3179 1001 3453 1054 metuens,

1874 1077 2036 1145 cupio
2077 1090 2320 1131 sanctam
2369 1080 2634 1149 synodum
2673 1080 2740 1134 de
2773 1081 2874 1135 hoc
2903 1090 3163 1147 statuere,
3196 1084 3392 1138 licetne
3423 1100 3454 1138 a

1873 1166 2090 1222 duobus
2120 1169 2393 1239 episcopis
2424 1170 2540 1224 fieri
2572 1171 2990 1240 dcpositionem,
3052 1191 3256 1237 annon.
3282 1185 3336 1231 et
3357 1179 3456 1230 ad-

1875 1275 2068 1316 versus
2097 1260 2375 1316 absentem
2421 1261 2562 1328 licet,
2593 1264 2820 1318 annon?
2863 1265 2943 1319 Ad
2976 1276 3298 1335 praesontem
3325 1267 3451 1336 qui-

1873 1351 1993 1404 dem
2031 1366 2249 1405 causam
2295 1352 2430 1406 nihil
2467 1362 2552 1408 est
2589 1355 2910 1426 pra-judicii.
2941 1357 3141 1411 Vereor
3172 1368 3352 1412 autem
3386 1375 3455 1413 ne

1880 1455 1946 1495 ex
1969 1441 2055 1495 his
2084 1442 2222 1497 actis
2258 1443 2425 1512 aliqui
2454 1453 2723 1512 potestate
2752 1458 2972 1517 accepta
3009 1449 3136 1502 talia
3167 1449 3400 1504 audeant
3436 1468 3451 1504 :

1872 1533 2034 1588 velim
2057 1549 2186 1602 ergo
2207 1549 2307 1589 vos
2329 1536 2682 1605 respondere.

1947 1623 2234 1680 Nectarius
2257 1627 2554 1698 episcopus
2587 1630 3235 1701 Constantinopolitanus
3263 1633 3400 1688 dixit
3437 1651 3452 1688 :

1873 1715 2242 1772 Laudabiliter
2288 1720 2472 1774 intulit
2501 1721 2952 1791 religiosissimus
2996 1724 3285 1793 cpiSCOpus
3316 1725 3455 1778 Ara-

1875 1809 2092 1865 bianus.
2122 1809 2226 1865 Sed
2258 1827 2383 1866 cum
2416 1828 2524 1868 non
2576 1815 2752 1882 possit
2786 1813 3054 1884 judicium
3087 1831 3364 1882 recusare,
3403 1817 3453 1871 id

172 1907 236 1959 τὺ
264 1905 540 1977 παρελθὸν
577 1906 652 1978 μὴ
693 1905 1141 1976 κατακρίναντες,
1187 1904 1248 1958 τὸ
1287 1904 1416 1976 ἑξῆς
1451 1906 1762 1975 ἀσφαλισώ-

1880 1902 2013 1972 quod
2065 1911 2147 1958 est
2178 1905 2516 1972 praeteritum
2563 1922 2672 1959 non
2718 1905 3171 1973 condemuantes,
3201 1908 3344 1975 quod
3373 1915 3458 1963 est

173 1995 348 2065 μεθα.

256 2086 586 2156 Ἀρασιανὸς
605 2085 904 2149 ἐπίσκοπος
926 2085 1202 2158 Ἀγκύρας
1227 2083 1369 2141 εἷπε·
1401 2087 1474 2141 Τὸ
1499 2087 1767 2160 παρελθὸν

169 2176 205 2244 ἡ
237 2175 353 2230 τῶν
387 2178 678 2249 μακαρίων
724 2180 986 2252 Πατέρων
1038 2181 1148 2233 τῶν
1191 2181 1248 2233 ἐν
1295 2181 1499 2251 Νικαίᾳ
1552 2179 1767 2244 σύνοδος

168 2271 521 2338 κατακρινεῖ,
567 2272 600 2340 ή
653 2269 950 2325 κελεύουσα
996 2271 1072 2344 μὴ
1114 2271 1372 2337 ἐλάττους
1414 2269 1552 2326 εἶναι
1600 2273 1766 2344 τριῶν

165 2362 303 2423 τοὺς
334 2361 800 2432 χειροτονοῦντας,
844 2363 919 2435 μὴ
948 2365 1005 2418 δέ
1051 2365 1286 2429 ἀπόντος
1328 2365 1723 2436 μητροπολίτου
1749 2382 1762 2396 ο

165 2453 264 2507 τοῦ
296 2453 356 2507 δὲ
389 2452 676 2523 μέλλοντος
703 2455 892 2510 ἕνεκεν
925 2456 1177 2522 δεδοικὼς
1204 2459 1336 2528 ἐγὼ,
1364 2458 1463 2528 τὴν
1493 2455 1761 2528 ἐρώτησιν

165 2546 526 2617 ἐποιησάμην
545 2563 561 2579 ο
607 2546 742 2612 ἀξιῶ
771 2546 864 2603 οὖν
899 2549 1043 2620 ὑμᾶς
1074 2549 1263 2620 σαφῶς
1291 2549 1632 2620 διαλαλῆσαι,
1667 2550 1762 2604 καὶ⁵

169 2632 318 2701 μήτε
349 2634 676 2704 ἠρτημένως
710 2637 848 2707 μήτε
877 2638 1215 2708 ἀμφιϐόλως,
1265 2638 1408 2693 ὥστε
1446 2640 1523 2712 μὴ
1566 2642 1765 2708 ἐξεῖναι

167 2722 278 2776 ὑπὸ
315 2723 413 2777 δύο
441 2724 744 2796 ἀνθρώπων
774 2731 911 2799 μήτε
943 2731 1366 2800 χειροτονεῖσθαι
1400 2734 1535 2803 μήτε
1566 2732 1764 2788 καθαι-

166 2814 391 2886 ρεῖσθαι
416 2817 709 2873 ἐπίσκοπον
737 2821 1048 2886 ἀκολούθως
1073 2825 1137 2893 τῇ
1169 2824 1226 2875 ἐν
1255 2823 1461 2895 Νικαίᾳ
1488 2825 1711 2896 συνόδῳ.

728 2913 838 2967 Καὶ
872 2914 1001 2982 μεθ’
1041 2914 1232 2984 ἕτερα.

238 3000 509 3069 Θεόφιλος
565 3004 975 3074 Ἀλεξανδρείας
1019 3002 1206 3060 εἶπενο
1276 3010 1398 3063 Ἐπὶ
1442 3011 1550 3065 τῶν
1597 3013 1767 3066 ἀπελ-

165 3091 402 3158 θόντων,
445 3095 506 3148 ού
547 3095 768 3150 δυνατὸν
808 3097 990 3168 ψῆφον
1029 3101 1282 3172 ἐκφέρειν
1313 3103 1764 3174 ἀγανακτήσεως,

163 3181 479 3255 ἐπειδήπερ
511 3185 585 3256 μή
620 3188 886 3258 παρόντες
914 3191 1351 3263 κατεκρίθησαν·
1383 3195 1432 3246 εί
1463 3196 1562 3264 μέν
1591 3197 1672 3250 τοί
1699 3214 1761 3265 γε

164 3276 304 3345 περὶ
333 3275 442 3328 τῶν
478 3277 779 3345 μελλόντων
811 3279 1135 3352 διασκοποίη
1163 3282 1270 3347 τίς,
1299 3283 1408 3337 τῶν
1435 3285 1761 3355 ὀφειλόντων

163 3367 446 3433 καθελεῖν,
500 3368 745 3438 φαίνεταί
799 3387 890 3442 μοι
949 3372 1024 3440 μὴ
1089 3375 1250 3443 μόνον
1303 3379 1453 3448 τρεῖς
1507 3382 1761 3449 παρεῖναι

163 3462 499 3530 προσήκειν,
534 3461 669 3515 ἀλλά
699 3463 794 3516 καὶ
839 3465 889 3516 εί
936 3465 1161 3520 δυνατὸν
1193 3469 1320 3532 τοὺς
1361 3470 1567 3534 πάντας
1595 3474 1762 3544 ἐπαρ-

161 3550 406 3620 χεώτας,
444 3552 532 3608 ἵνα
559 3557 625 3625 τῇ
661 3554 767 3607 τῶν
813 3555 1022 3610 πολλῶν
1054 3559 1255 3630 ψήφῳ,
1310 3561 1681 3635 ἀκριϐεστέρα
1726 3566 1758 3636 ἡ

164 3644 506 3714 κατάκρισις
536 3645 626 3699 τοῦ
677 3644 832 3713 ἀξίου
878 3649 978 3720 τῆς
1015 3650 1387 3723 καθαιρέσεως
1427 3655 1760 3728 δεικνυήται,

162 3734 447 3804 παρόντος
479 3738 572 3790 καὶ
606 3739 950 3810 κρινομένου.

239 3827 557 3899 Νεκτάριος
601 3831 896 3894 ἐπίσκοπος
942 3832 1566 3902 Κωνσταντινουπόλεως
1611 3835 1758 3894 εἷπε·

162 3918 442 3989 Νομίμων
471 3921 808 3992 είσηγήσεων
835 3923 926 3977 καὶ
953 3923 1238 3995 δογμάτων
1270 3934 1759 4001 πρυτανευομὲνων

163 4010 494 4076 ἀκόλουθον,
527 4013 585 4065 οὐ
613 4013 701 4066 διὰ
727 4013 1037 4084 προσώπων
1065 4018 1219 4082 τινὰς
1242 4020 1421 4084 αἰτίας
1444 4022 1513 4076 τὰ
1538 4025 1761 4082 τοιαῦτα

163 4103 597 4175 δογματίζεσθαι
617 4124 630 4138 ·
662 4109 1224 4181 τοιγαροῦνοκαθάπερ
1253 4115 1281 4165 ὁ
1310 4113 1610 4181 ἀγιώτατος
1639 4117 1760 4172 ἐπί-

95 4239 98 4241 _
166 4212 377 4258 σκοπος
414 4196 736 4268 ’Δραϐιανδς
769 4201 1121 4269 εἰσηγήσατο,
1143 4201 1211 4255 τὰ
1244 4204 1504 4274 μέλλοντα
1530 4207 1758 4277 ἀσφαλί-

168 4286 378 4341 σασθαι
433 4287 775 4357 βουλόμενος,
827 4291 1118 4357 ἀκόλουθος
1169 4294 1266 4347 καὶ
1305 4295 1752 4373 φιλάνθρωποςή

165 4377 267 4430 τοῦ
318 4378 625 4446 ἀγιωτόιτου
663 4381 967 4435 ἐπισκόπου
1015 4383 1276 4455 Θεοφίλου
1306 4386 1483 4457 ψῆφος
1518 4390 1756 4462 διορισα-

171 4468 342 4539 μένη,
384 4469 456 4539 μή
499 4470 696 4540 χρῆναι
743 4473 879 4542 πρὸς
913 4475 972 4526 τὸ
1013 4476 1138 4542 ἐξῆς
1180 4477 1252 4548 μή
1292 4477 1527 4550 δὲπαρά
1567 4483 1754 4554 τριῶν,

172 4559 252 4630 μή
287 4561 371 4613 τοί
405 4576 467 4627 γε
505 4561 655 4630 παρὰ
691 4561 805 4628 δύο,
850 4563 942 4616 τὸν
987 4565 1286 4620 ὑπεύθυνον
1332 4567 1757 4644 δοκιμαζόμενόν
1789 4603 1835 4662 D

169 4652 567 4723 καθαιρεῖσθαι
584 4670 598 4684 ’
635 4656 770 4709 ἀλλὰ
796 4658 904 4727 γὰρ
928 4659 1172 4723 πλείονος
1203 4662 1421 4714 συνόδου
1452 4663 1634 4736 ψήφῳ,
1665 4668 1758 4721 καὶ

169 4744 286 4797 τῶν
313 4745 417 4814 τῆς
440 4747 730 4818 ἐπαρχίας,
760 4750 942 4814 καθὼς
968 4752 1063 4804 καὶ
1092 4753 1140 4805 οί
1165 4754 1512 4808 ἀποστολικοὶ
1534 4758 1758 4823 κανόνες

169 4836 330 4906 διωρί
340 4854 521 4893 παντο.

241 4928 544 4992 Φλαὸιανὸς
590 4932 887 4997 ἐπίσκοπος
957 4934 1290 5006 Ἀντιοχείας
1344 4931 1519 4992 εἶπεν·
1579 4940 1757 5013 "Amp

171 5019 472 5074 κατέθεντο
496 5023 544 5074 oi
577 5023 706 5094 περὶ
733 5024 826 5078 τὸν
853 5025 1157 5093 ἁγιώτατον
1186 5029 1280 5080 καὶ
1309 5027 1605 5084 ὁσιώτατον
1635 5032 1757 5085 ἐπί-

175 5127 382 5163 σκοπον
412 5111 738 5184 Νεκτάριον,
768 5115 861 5167 καὶ
883 5116 974 5169 τὸν
1006 5114 1314 5184 ἁγιώτατον
1339 5119 1432 5172 καὶ⁹
1462 5120 1756 5176 ὁσιώτατον

173 5201 475 5256 ἐπίσκοπον
506 5203 764 5272 Θεόφιλον
798 5205 966 5277 δῆλα,
1010 5208 1104 5260 καὶ
1140 5208 1440 5280 στέργομεν
1473 5213 1674 5276 πάντες
1708 5216 1757 5267 οἱ

175 5291 648 5361 ἐκκλησιαστικοί.

249 5385 504 5440 ΚΕΦΑΔ.
539 5387 637 5441 IA'.
676 5417 750 5428 —-
790 5389 891 5443 Ἐκ
922 5389 1110 5442 ποίων
1141 5389 1346 5445 αἰτιῶν
1378 5393 1759 5462 καθαιρεῒται;

187 5476 568 5552 Ἀποστρλων
599 5481 803 5552 κανὼν
828 5479 897 5552 γέ,
931 5488 993 5548 ε’,
1029 5489 1102 5547 ς’,
1149 5483 1215 5548 ζ’,
1250 5490 1336 5547 ια’,
1380 5483 1485 5552 κγ’,
1524 5486 1620 5546 κε’,
1653 5486 1758 5550 κζ’,

247 5549 354 5624 κθῖν
407 5549 473 5624 )1"
525 5550 628 5614 λα’,
660 5551 752 5614 λεδ
808 5551 915 5624 μβοξ
964 5553 1064 5624 μκδπ
1120 5560 1222 5623 μέν
1259 5562 1378 5624 μςό
1418 5549 1525 5622 tli'.
1560 5557 1668 5624 μέγ’
1695 5549 1757 5623 ν’,

250 5618 353 5698 re."
385 5618 484 5698 vi"
515 5626 614 5698 νΥο
643 5627 736 5698 νει
769 5618 866 5698 v93
897 5618 1088 5692 ξ’.·ξβ’.
1121 5618 1230 5693 Er.
1259 5618 1356 5690 ξδ’.
1387 5618 1480 5690 te;
1515 5618 1622 5693 εξ,
1658 5618 1756 5698 ir;

250 5687 349 5754 ED',
377 5695 439 5752 θ’,
471 5687 581 5750 πα’,
609 5697 724 5758 πγ’,
753 5691 858 5743 πὸν.

248 5788 318 5848 γ’.
357 5780 424 5834 Εῐ
448 5798 529 5844 τις
560 5781 856 5847 ἐπίσκοπος
885 5783 918 5854 ἢ
955 5785 1326 5856 πρεσϐύτερος
1356 5789 1505 5860 παρὰ
1534 5789 1631 5861 τὴν
1667 5790 1760 5844 τοῦ

177 5872 386 5944 Κυρίου
411 5873 671 5941 διάταξιν,
698 5893 753 5929 κ.
783 5893 834 5931 τ.
865 5875 914 5931 λ.

1869 1996 2125 2066 deinceps
2154 1996 2421 2062 futurum,
2455 1997 2820 2054 stabiliamus.

1939 2085 2250 2141 Arabianus
2289 2085 2519 2158 Ancyrae
2560 2089 2849 2156 episc0pus
2873 2088 3010 2144 dixit
3039 2106 3052 2143 :
3085 2087 3142 2144 Id
3177 2088 3324 2160 quod
3375 2099 3458 2146 est

1868 2180 2238 2247 prateritum,
2290 2180 2608 2244 beatorum,
2663 2180 2754 2248 qui
2804 2177 3003 2235 Nicaeae
3041 2192 3451 2248 convenerunt,

1868 2271 2093 2326 damnat
2133 2270 2400 2340 synodus,
2419 2269 2620 2336 jubens
2653 2285 2761 2323 non
2791 2284 2912 2326 esse
2945 2271 3230 2340 pauciores
3270 2272 3448 2328 tribus

1867 2364 1960 2435 qui
2005 2362 2278 2427 ordinent,
2315 2378 2416 2417 nec
2453 2363 2678 2418 absente
2715 2363 3132 2432 metropolitano
3175 2379 3189 2416 :
3234 2364 3328 2418 sed
3386 2365 3456 2420 de

1867 2457 2049 2513 futuro
2094 2472 2194 2528 ego
2249 2465 2500 2512 metuens
2555 2456 2656 2511 feci
2711 2456 3220 2526 interrogationem.
3267 2455 3452 2511 Velim

1867 2565 1996 2620 ergo
2022 2565 2119 2604 vos
2153 2558 2336 2619 aperte
2365 2548 2598 2611 edicere,
2631 2558 2684 2601 et
2717 2563 2816 2602 nec
2837 2547 3002 2618 269
3035 2561 3322 2616 suspense,
3349 2562 3450 2602 nec

1868 2640 2053 2704 dubie,
2093 2649 2150 2695 ut
2189 2657 2218 2694 a
2251 2641 2470 2695 duobus
2529 2639 2874 2704 hominibus,
2915 2653 3015 2692 nec
3057 2638 3322 2704 ordinari,
3354 2653 3454 2694 nec

1866 2733 2065 2803 deponi
2091 2734 2409 2804 episcopum
2441 2733 2620 2792 liceat,
2640 2730 2870 2786 Niczenae
2893 2731 3102 2802 synodo
3125 2731 3456 2786 convenien-

1871 2831 1970 2879 ter.

2471 2911 2540 2965 Et
2566 2923 2681 2979 post
2719 2913 2850 2968 alia.

1933 3000 2266 3072 Theophilus
2316 3000 2606 3071 episcopus
2653 3000 2996 3056 Alexandriae
3032 3000 3171 3056 dixit
3205 2998 3455 3055 :Adver-

1868 3108 1964 3150 sus
1985 3108 2079 3149 eos
2108 3093 2199 3163 qui
2222 3103 2598 3158 excesserunt,
2626 3093 2741 3148 lieri
2773 3101 3086 3162 nonpotest
3114 3102 3175 3148 ut
3203 3093 3454 3165 indigna-

1870 3185 2036 3240 tionis
2083 3185 2354 3240 sententia
2398 3185 2636 3250 leratur,
2673 3188 2937 3256 quoniam
2987 3194 3289 3258 praesentes
3341 3201 3451 3242 non

1872 3275 2022 3331 luere
2069 3277 2438 3332 condemnati.
2481 3277 2586 3332 Sed
2634 3279 2679 3334 si
2716 3281 2839 3348 quis
2879 3279 2947 3334 de
2989 3280 3056 3334 iis
3082 3280 3177 3349 qui
3209 3280 3260 3334 in
3297 3279 3450 3334 lutu-

1870 3385 1989 3423 rum
2055 3369 2254 3424 debent
2298 3370 2551 3440 deponi,
2615 3372 2961 3436 consideret,
3028 3372 3163 3426 mihi
3237 3373 3446 3429 videtur

1869 3478 1978 3518 non
2003 3463 2182 3517 solum
2218 3472 2329 3518 tres
2353 3464 2553 3518 debere
2587 3465 2868 3527 accedere.
2895 3467 2989 3519 sed
3025 3467 3072 3520 si
3107 3463 3230 3520 ﬁeri
3252 3467 3448 3536 possit,

1869 3570 2060 3611 omnes
2089 3556 2481 3626 provinciales,
2507 3565 2566 3610 ut
2592 3557 2889 3611 multorum
2921 3558 3192 3612 sententia
3216 3572 3448 3612 accura-

1870 3648 1978 3702 tior
2016 3647 2395 3704 condemnatio
2433 3649 2688 3704 reddatur
2730 3649 2850 3720 ejus
2884 3651 2977 3720 qui
3011 3649 3208 3722 dignus
3238 3661 3322 3706 est
3353 3651 3449 3706 de—

1866 3738 2019 3808 poni,
2041 3738 2322 3806 prwsentis
2346 3746 2400 3792 et
2417 3736 2669 3806 judicati.

1943 3825 2233 3882 Nectarius
2277 3828 2566 3896 episcopus
2601 3828 3235 3900 Constanﬁnopolitanus
3265 3829 3444 3889 dixit:

1866 3918 2004 3975 Cum
2025 3920 2097 3975 de
2127 3919 2386 3991 legitimis
2425 3920 2692 3977 institutis
2737 3931 2791 3977 et
2823 3923 3054 3978 decretis
3077 3915 3451 3993 agitur,'eon-

1866 4027 2102 4082 sequens
2149 4021 2231 4066 est
2285 4027 2394 4067 non
2423 4022 2640 4083 propter
2692 4030 3050 4083 personarum
3099 4030 3294 4069 causas
3348 4014 3447 4070 ali-

1865 4120 2004 4175 quas
2031 4105 2156 4159 talia
2181 4105 2423 4160 decerni.
2453 4104 2843 4172 Quamobrem,
2875 4107 3015 4161 sicut
3036 4107 3447 4162 sanctissimum

1864 4199 2158 4268 episcopus
2189 4197 2505 4253 Arabianus
2532 4197 2740 4261 intulit,
2762 4197 2950 4252 volens
2976 4197 3152 4253 futura
3181 4199 3447 4266 stabilire,

1863 4299 2266 4358 consequenter
2292 4298 2345 4344 et
2377 4289 2614 4344 humane
2644 4289 2975 4343 sanctissimi
2998 4288 3237 4358 episcopi
3273 4287 3448 4344 Theo.

1863 4378 1998 4450 phili
2030 4379 2298 4434 sententia
2324 4379 2584 4444 decrevit,
2610 4395 2717 4434 non
2750 4379 2916 4434 licere
2938 4379 3320 4450 imposterum,
3345 4397 3448 4437 nec

1864 4487 1896 4527 a
1927 4473 2102 4527 tribus
2133 4472 2379 4542 quidem,
2435 4473 2635 4526 nedum
2672 4487 2702 4526 a
2746 4472 2984 4536 duobus,
3018 4488 3143 4528 eum
3185 4477 3278 4544 qui
3317 4490 3446 4547 reus

1862 4564 2228 4630 examinatur,
2261 4564 2457 4632 deponi
2487 4582 2498 4617 :
2527 4565 2620 4618 sed
2657 4563 2885 4634 majoris
2918 4565 3110 4635 synodi
3146 4573 3198 4620 et
3224 4567 3446 4635 provin-

1860 4657 1958 4710 ciae
1987 4658 2368 4726 episcoporum
2394 4655 2689 4721 sententia,
2709 4655 2852 4710 sicut
2876 4643 3162 4726 apostolici
3185 4655 3448 4712 deﬁniere

1859 4763 2119 4804 canones.

1929 4930 2224 4987 Flavianus
2247 4933 2542 5003 cpiscopus
2559 4934 2870 4990 Antiochia:
2905 4936 3044 4991 dixit
3071 4936 3237 5003 :Quac
3267 4951 3442 5004 expo-

1861 5034 2090 5079 suerunt
2129 5026 2516 5082 sanctissimus
2573 5027 2868 5097 episcopus
2907 5027 3194 5084 Nectarius
3233 5039 3286 5082 et
3322 5043 3444 5084 san-

1862 5117 2143 5172 ctissimus
2191 5116 2532 5186 Theophilus
2582 5119 2874 5188 episcopus
2901 5160 2916 5186 ,
2961 5131 3150 5190 aperta
3191 5131 3340 5176 sunt.
3373 5119 3443 5174 Et

1862 5223 2054 5263 omnes
2080 5209 2442 5266 ecclesiastici
2477 5210 2569 5265 hic
2601 5211 3034 5280 acquiescimus.

1932 5400 2096 5470 270
2117 5397 2274 5454 CAP.
2311 5397 2451 5453 XIV.
2483 5387 2696 5463 -ριιοί
2730 5397 2792 5452 ob
2818 5413 3007 5451 causas
3027 5396 3122 5467 ﬁat
3159 5396 3438 5466 depositio.

1863 5489 2236 5574 Apamiam
2273 5505 2519 5574 ειιοηρξν
2570 5487 2623 5574 .3:
2658 5485 2892 5574 519,3:
2929 5486 3018 5574 ‘3:
3050 5485 3144 5574 $.32
3346 5487 3440 5574 ἓῖν

1931 5562 2022 5624 29,
2055 5561 2143 5624 50,
2177 5561 2265 5625 51,
2303 5560 2393 5625 55,
2428 5559 2518 5622 42,
2557 5559 2648 5620 Μ,
2692 5559 2782 5614 45.
2813 5558 2904 5620 46,
2952 5559 3044 5620 47,
3075 5558 3165 5618 49,
3209 5557 3302 5615 50.
3347 5559 3438 5622 5i,

2283 5630 2373 5694 59,
2415 5632 2504 5694 60,
2538 5628 2624 5693 62,
2661 5628 2750 5694 65,
2781 5627 2871 5694 64,
2897 5627 2986 5695 65,
3015 5626 3104 5694 66,
3134 5627 3222 5692 68,
3249 5627 3438 5691 69,70,

1935 5796 1992 5848 5.
2049 5793 2104 5846 Si
2154 5792 2277 5861 quis
2321 5792 2631 5860 cpiscopus,
2671 5791 2751 5843 vel
2803 5790 3083 5859 presbyter
3115 5799 3307 5858 pra-ter
3331 5787 3440 5841 Do-

1866 5882 2000 5938 mini
2027 5882 2093 5939 de
2127 5882 2398 5940 sacriﬁcio
2435 5882 2865 5947 ordinationem,
2911 5891 3040 5949 etc.,
3069 5891 3124 5934 ιιι
3155 5895 3277 5948 pag.
3310 5878 3430 5936 ωε
