4012 6410
592 431 700 496 743
1225 464 1240 489 .
1759 412 2023 475 ΡΙΙΟΤΙΙ
2058 412 2176 473 PA'l

2230 408 2564 469 MARCIle
2594 407 2704 466 (ΣΡ.
3729 392 3814 455 7-H

669 545 721 601 5.
779 541 1105 612 Episcopus,
1136 537 1236 606 lvel
1270 536 1575 607 presbyter,
1620 531 1703 586 vel
1740 531 2006 585 diaconus
2038 542 2177 581 uxo-
2206 533 2253 590 Α

2227 533 2253 589 ι
2351 524 2412 576 ε’.
2454 521 2806 583 Ἐπίσκοπος,
2859 514 2892 584 ἢ
2937 510 3326 584 πρεσϐύτερος,
3375 506 3409 577 ἢ
3452 505 3688 568 διάκονος
3731 509 3811 573 τὴν

598 652 714 693 rem
740 650 894 692 suam
930 649 997 689 ne
1030 632 1241 702 rejiciat
1294 626 1581 697 religionis
1611 631 1880 695 praetextu
1913 638 1927 675 :
1964 621 2047 675 sin
2079 634 2179 673 au-

2283 615 2478 670 ἐαυτοῡ
2515 614 2748 683 γυναῖκα
2778 609 2855 680 μὴ
2882 604 3187 659 ἐκϐαλλὲτω
3220 601 3494 673 προφάσει
3538 597 3815 660 εύλαϐείαςυ

601 740 713 784 tem
746 726 989 797 eiecerit,
1030 731 1377 794 segregetur;
1418 728 1472 775 et
1501 718 1549 773 si
1578 724 1904 788 perseveret,
1936 713 2178 782 depona-

2282 710 2376 763 ἐὰν
2406 707 2463 760 δὲ
2502 706 2729 774 ἐκϐάλῃ,
2781 696 3123 770 ἀφοριζέσθω
3152 711 3167 727 ’
3226 693 3502 764 ἐπιμένων
3540 690 3617 755 δὲ,
3665 689 3823 742 καθαι-

605 831 694 877 ιυι·
721 795 818 879 (3i.
2283 799 2502 872 ρείσθω,
2535 815 2590 852 κ.
2620 814 2671 849 τ.
2703 795 2756 849 λ.

680 822 1165 980 :SfE’Episcopuswel
1191 902 1491 973 presbyter,
1508 900 1592 955 vel
1612 899 1875 952 diaconus
1892 896 2182 951 saeculares

2283 822 2502 872 ρεισυω,
2535 822 2590 852 κ.
2620 822 2671 849 τ.
2705 822 2756 849 Λ.

2354 898 2428 957 ς’.
2452 890 2803 951 Ἐπίσκοπος,
2834 885 2867 955 ἢ
2898 880 3287 953 πρεσϐύτερος,
3314 877 3347 948 ἢ
3373 876 3635 937 διάκονος,
3661 888 3824 941 κοσμι-

603 1018 767 1059 curas
800 968 906 1055 non
943 996 1212 1067 suscipiat
1245 1013 1258 1048 :
1291 968 1498 1064 alioqui
1521 994 1845 1062 deponatur.

2284 989 2387 1051 κάς
2416 985 2703 1059 φροντίδας
2738 983 2813 1054 μὴ
2851 976 3312 1050 ἁναλαμϐανέτω·
3359 975 3409 1026 ει
3442 972 3499 1025 δὲ
3531 970 3629 1041 μὴ,
3660 968 3824 1021 καθαι-

2287 1079 2504 1149 ρείσθω.

677 1180 726 1236 7.
766 1179 821 1233 Si
844 1182 964 1248 quis
992 1179 1305 1246 episcopus,
1336 1174 1417 1229 vel
1455 1172 1759 1243 presbyter,
1793 1169 2177 1231 veldiaconus,

2355 1171 2419 1237 ζ’.
2456 1171 2525 1225 El'
2551 1188 2634 1232 τις
2665 1168 2981 1232 ἐπίσκοπος,
3016 1165 3051 1233 ἦ
3085 1160 3475 1234 πρεσϐύτερος,
3516 1154 3551 1223 ἢ
3592 1153 3826 1215 διάκονος,

603 1285 819 1327 sacrum
840 1268 1060 1323 Pasclne
1088 1267 1229 1321 diem
1249 1274 1613 1319 antevernunt
1648 1262 2030 1332 aequinoctium
2057 1274 2180 1315 cum

2283 1267 2381 1337 τὴν
2408 1264 2568 1333 ἁγίαν
2597 1262 2689 1316 τοῦ
2726 1262 2918 1331 Πάσχα
2946 1260 3159 1329 ἡμέραν
3202 1254 3309 1327 πρὸ
3343 1251 3445 1321 τῆς
3478 1249 3696 1319 ἐαρινῆς
3731 1247 3828 1314 ἰση-

601 1362 803 1417 Judzeis
839 1359 1212 1424 celebraverit,
1252 1357 1573 1425 deponatur.
2288 1356 2479 1427 μερίας
2518 1354 2656 1424 μετὰ
2699 1353 2966 1407 Ἰουδαίων
3002 1347 3325 1409 ἐπιτελέσει,
3356 1339 3739 1410 καθαιρείσθω.

676 1456 762 1510 11.
817 1452 875 1508 Si
920 1453 1063 1522 quis,
1102 1467 1226 1505 cum
1278 1451 1350 1504 sit
1381 1448 1633 1513 clericus,
1683 1462 1791 1501 una
1841 1460 1963 1499 cum
2001 1458 2066 1498 eo
2088 1442 2182 1512 qui

2359 1453 2447 1501 ια’.
2486 1445 2553 1499 Ei
2577 1462 2660 1508 τις
2689 1442 3077 1513 καθῃρημένῳ,
3108 1437 3365 1507 κληρικδς
3388 1433 3484 1499 ὢν,
3512 1433 3587 1494 ὡς
3615 1427 3829 1500 κληρικῷ

603 1556 687 1601 est
714 1544 1017 1615 depositus,
1051 1540 1309 1605 oraverit,
1342 1542 1649 1610 deponatur
1676 1547 1731 1591 et
1765 1537 1899 1607 ipse.

1766 1537 1899 1607 ipse.
2288 1538 2621 1605 συνεύξεται,
2653 1532 3018 1604 καθαιρείσθω
3044 1532 3139 1583 καὶ
3168 1528 3350 1589 αὑτάς.

671 1639 744 1692 25
771 1612 906 1709 [22].
942 1634 1001 1688 Si
1038 1635 1160 1704 quis
1189 1648 1313 1688 cum
1346 1632 1417 1687 sit
1445 1632 1678 1686 clericus
1702 1630 1768 1696 ³⁸,
1802 1630 2041 1697 seipsum
2068 1642 2185 1680 mu-

2355 1634 2461 1696 κγθ.
2517 1627 2583 1678 Εἴ
2620 1642 2704 1687 τις
2752 1622 3011 1693 κληρικδς
3060 1620 3134 1674 ὢν
3190 1617 3380 1672 ἐαυτὸν
3433 1612 3830 1684 ἀκρωτηριάσει,

608 1707 876 1790 tilaverit,
909 1727 1212 1795 deponatur
1250 1740 1264 1777 :
1296 1732 1381 1778 est
1406 1723 1549 1777 enim
1592 1722 1677 1776 sui
1712 1719 2005 1774 homicida.

1879 1719 2005 1773 :ida.
2288 1719 2653 1791 καθαιρείσθω
2676 1735 2690 1749 ο
2724 1718 2918 1785 φονεὺς
2947 1716 3054 1783 γάρ
3080 1715 3227 1767 ἐστιν
3250 1707 3463 1763 ἑαυτοῦ.

676 1820 747 1873 9.5
779 1782 915 1890 [24].
960 1782 1284 1886 Episcopus,
1318 1814 1403 1868 vel
1432 1813 1732 1883 presbyter,
1783 1812 1861 1865 vel
1897 1811 2181 1872 diaconus,

2356 1782 2466 1866 κε’..
2497 1782 2848 1873 Ἐπίσκοπος,
2892 1808 2925 1877 ἢ
2960 1804 3349 1878 πρεσϐύτερος,
3390 1802 3423 1870 ἦ
3463 1782 3725 1862 διάκονος,
3759 1795 3833 1848 ἐπὶ

610 1888 1003 1971 fornicationis,
1052 1906 1135 1961 vel
1177 1903 1423 1975 perjurii,
1471 1902 1555 1956 vel
1584 1900 1716 1955 furti
1751 1899 2055 1963 convictus,
2086 1898 2182 1951 de-

2249 1895 2513 1978 ιπορνείᾳ
2554 1904 2588 1975 ἢ
2639 1903 2913 1972 ἐπιορκία,
2949 1900 2983 1971 ἢ
3020 1901 3193 1968 κλοπῇ
3247 1896 3409 1957 ἁλοὺς
3433 1935 3447 1957 ,
3497 1888 3833 1961 καθαιρείσθω

609 2011 864 2071 ponatur,
896 2009 951 2053 et
986 2013 1095 2052 non
1131 2004 1463 2068 segregetur.
1497 1994 1635 2050 Dicit
1676 1993 1820 2048 enim
1853 1989 2132 2061 Scriptura
2165 2007 2180 2043 :

2286 1999 2382 2053 καὶ
2416 1998 2489 2067 μὴ
2514 1993 2875 2065 ἀφοριζέσθω.
2924 1992 3087 2059 Λέγει
3116 1990 3223 2060 γὰρ
3253 1990 3287 2057 ἠ
3318 1986 3508 2058 Γραφή
3530 2001 3545 2015 ⁸
3609 1986 3723 2037 Οὐκ
3756 1982 3835 2035 ὲκ-

614 2091 736 2146 Νοιι
783 2090 1069 2145 vindicabis
1103 2090 1181 2144 bis
1225 2090 1279 2143 in
1314 2089 1541 2157 idipsum
1570 2088 1637 2140 ".
1682 2084 1940 2140 Similiter
1990 2082 2185 2153 reliqui

2287 2088 2557 2154 δικήσεις
2583 2085 2677 2150 εὶς
2697 2086 2793 2139 ἐπὶ
2822 2084 2889 2138 τὸ
2916 2085 3066 2139 αὑτό
3081 2099 3096 2112 ο
3126 2080 3387 2143 ὡσαύτως
3415 2078 3471 2130 δὲ
3498 2076 3592 2129 mi.
3618 2076 3666 2128 οί
3687 2073 3836 2126 λοιποὶ

611 2197 828 2254 quoque
867 2182 1071 2236 clerici.
1224 2181 1231 2186 ’

983 2182 1071 2236 lci.
1224 2181 1231 2186 ’
2288 2180 2561 2250 κληρικοί.

672 2274 740 2326 27
777 2272 890 2346 [‘26]
920 2273 1273 2343 Episcopum,
1302 2272 1385 2327 vel
1406 2270 1824 2342 ,presbyterum,
1869 2266 1955 2321 vel
2001 2266 2187 2320 diaco-

2359 2268 2465 2335 κζ’·
2512 2268 2862 2335 Ἐπίσκοπονν
2892 2266 2925 2337 ἦ
2969 2264 3360 2337 πρεσθύτερον.
3402 2263 3436 2333 ἦ
3470 2263 3731 2320 διάκονον,
3765 2255 3838 2309 τύ-

613 2381 766 2428 ιιιιιιι,
820 2366 914 2436 qui
952 2365 1205 2419 verberat
1254 2378 1351 2420 eos
1379 2363 1473 2434 qui
1510 2370 1757 2432 peccant,
1805 2358 1892 2415 vel
1942 2356 2189 2413 inﬁdeles

2290 2380 2492 2417 πτοντα
2506 2359 3176 2431 πιστοὺςὰμαρτάνοντας,
3221 2352 3254 2423 ᾖ
3303 2355 3563 2416 ἀπίστους
3576 2352 3838 2421 ἀδικήσαν-

610 2459 703 2527 qui
735 2457 987 2525 injuriam
1010 2456 1274 2522 fecerunt,
1296 2464 1350 2510 et
1376 2470 1469 2524 per
1483 2455 1597 2509 hzec
1613 2452 1728 2506 vult
1742 2449 2184 2521 perterrefacere,

2291 2473 2390 2519 τας
2437 2455 2528 2510 καὶ
2556 2454 2644 2508 διὰ
2676 2454 2931 2508 τοιούτων
2973 2451 3157 2521 φοϐεῖν
3189 2449 3461 2510 ἐθέλοντα,
3494 2440 3838 2513 καθαιρεῖσθαι

612 2549 811 2619 deponi
852 2550 1127 2617 jnbemus.
1178 2547 1445 2602 Dominus
1499 2547 1645 2602 enim
1686 2559 1788 2599 nos
1844 2555 2188 2611 nequaquam

2289 2548 2721 2618 προστάσσομεν·
2756 2545 2989 2615 οὐδαμοῦ
3004 2545 3111 2615 γάρ
3139 2546 3167 2597 ὁ
3195 2544 3399 2613 Κύριος
3424 2539 3581 2593 τοῦτο
3600 2538 3739 2606 ἡμᾶς
3755 2534 3839 2586 ἐδί-

614 2642 717 2697 boc
748 2642 933 2697 docuit
956 2660 970 2704 ς
996 2648 1187 2696 contra
1216 2648 1398 2696 autem
1451 2640 1566 2710 ipse
1610 2638 1925 2693 verberatus
1966 2648 2071 2688 non
2104 2648 2191 2687 re-

2290 2640 2446 2705 δαξε·
2498 2640 2804 2693 τούναντίον
2842 2639 2899 2692 δὲ
2946 2638 3109 2701 αὐτὸς
3134 2636 3487 2705 τυπτόμενος,
3520 2631 3621 2683 οὐκ
3647 2627 3838 2682 ἀντέπν-

613 2734 927 2803 percussit;
979 2733 1280 2789 maledictis
1328 2733 1618 2802 appetitus,
1657 2728 1945 2784 maledicta
1974 2742 2081 2782 non
2108 2741 2192 2780 re-

2293 2747 2429 2784 πτεο
2470 2732 2895 2803 λοιδορούμενος,
2929 2732 3029 2785 οὑκ
3072 2728 3459 2796 ἀντελοιδόρει’
3503 2724 3738 2791 πάσχων,
3762 2719 3840 2772 οὒκ

615 2827 776 2892 tulit;
805 2828 1037 2894 patiens,
1066 2843 1173 2881 non
1206 2827 1441 2883 minatus
1475 2836 1576 2880 est.

953 2842 1037 2894 ns,
1066 2843 1173 2881 non
1206 2827 1441 2883 minatus
1475 2836 1576 2880 est.
2294 2820 2530 2891 ἠπείλει.

684 2916 754 2970 29
787 2915 924 2987 [28].
966 2917 1019 2970 Si
1084 2918 1208 2987 quis
1258 2916 1548 2985 episcopus
1579 2930 1675 2985 per
1726 2913 2007 2985 pecunias,
2058 2920 2190 2977 etc.,

2142 2950 2190 2977 νο,
2370 2914 2476 2970 κθ’.
2517 2914 2583 2969 Et
2608 2931 2693 2977 τις
2721 2911 3017 2975 ἐπίσκοπος
3045 2911 3131 2964 διὰ
3161 2911 3481 2984 χρημάτων,
3518 2927 3574 2964 κ.
3599 2927 3650 2964 τ.
3678 2909 3726 2963 λ.

618 3007 776 3075 27].
822 3017 879 3059 ut
906 3024 1099 3077 supra,
1134 3024 1257 3077 pag.
1287 3007 1410 3061 515.

689 3098 778 3152 50.
806 3097 942 3170 [29].
972 3097 1027 3152 Si
1054 3114 1178 3169 quts
1193 3100 1481 3168 episcopus
1493 3096 1846 3155 saecularibus
1862 3092 2196 3165 principibus

2367 3100 2433 3154 1'.
2486 3098 2555 3152 Ei
2589 3114 2671 3160 τις
2715 3094 3013 3158 ἐπίσκοπος
3062 3094 3348 3162 κοσμικοῖς
3399 3089 3629 3162 ἄρχουσι
3664 3084 3839 3158 χρησά-

620 3205 776 3256 usus,
810 3199 941 3255 etc.,
968 3202 1020 3243 ιιι
1040 3206 1201 3260 supra
1231 3206 1356 3260 pag.
1400 3190 1528 3246 511.

1150 3207 1201 3243 ra
1231 3206 1356 3260 pag.
1400 3190 1528 3246 511.
2221 3237 2267 3299 C
2302 3206 2481 3261 μενος,
2510 3204 2566 3242 κ.
2597 3204 2648 3241 τ.
2684 3186 2734 3240 λ.

691 3282 753 3336 51
800 3280 940 3354 [30].
999 3280 1056 3335 Si
1109 3283 1232 3351 quis
1264 3283 1566 3353 presbyter,
1615 3290 1924 3350 contempto
1978 3270 2267 3349 proprio“

2254 3277 2267 3299 ⁴
2370 3283 2475 3337 λα’.
2516 3281 2583 3333 Ei.’
2619 3296 2704 3344 τις
2753 3277 3121 3349 πρεσϐύτερος
3153 3276 3574 3347 καταφρονήσας
3619 3272 3706 3328 τοῦ
3733 3270 3838 3326 ἰδίου

621 3374 899 3444 episcopo,
930 3374 1163 3429 seorsim
1210 3375 1681 3445 congregationem
1736 3372 1944 3439 fecerit,
1982 3382 2111 3436 etc.,
2144 3379 2199 3424 ut

1835 3373 1944 3439 :rit,
1982 3382 2111 3436 etc.,
2144 3379 2199 3424 ut
2302 3372 2625 3439 ἐπισκόπου,
2656 3370 2827 3441 χωρὶς
2860 3368 3164 3441 συναγάγῃ,
3201 3384 3256 3421 κ.
3286 3384 3332 3420 τ.
3370 3367 3419 3421 λ.

660 3484 742 3521 aa.
773 3466 897 3521 585.

660 3484 689 3519 a
731 3508 742 3521 .
773 3484 897 3521 οδο.

622 3484 656 3536 p
694 3484 782 3613 g5.
830 3557 966 3630 [54].
1001 3558 1305 3629 Episcopus
1351 3574 1418 3613 ne
1463 3558 1660 3613 audeat
1699 3565 1851 3613 extra
1888 3571 2018 3612 suos
2063 3554 2200 3610 lines

2373 3555 2467 3610 λε’.
2522 3556 2851 3609 Ἐπίσκοπον
2880 3552 2954 3624 μὴ
2979 3551 3182 3623 τολμᾷν
3213 3548 3318 3615 ἐξω
3345 3548 3455 3603 τῶν
3492 3546 3682 3601 ἐαυτοῦ
3707 3548 3837 3631 ϐρων,

622 3651 805 3709 facere
831 3653 1206 3707 ordinationes
1237 3653 1291 3706 in
1323 3652 1550 3707 urbibus
1589 3661 1643 3706 et
1686 3651 1838 3721 pagis
1862 3666 1969 3705 non
1995 3651 2045 3705 ei
2074 3651 2205 3705 sub-

2302 3650 2638 3721 χειροτονίας
2681 3648 2953 3701 ποιεῖσθαι
3000 3647 3080 3708 είς
3106 3645 3205 3709 τάς
3241 3644 3315 3715 μὴ
3344 3642 3699 3711 ὑποκειμένας
3723 3636 3838 3707 αὐτῷ

619 3744 802 3816 jectis.
838 3744 932 3798 Sin
956 3754 1137 3799 autem
1163 3743 1267 3799 hoc
1299 3743 1493 3799 iecisse
1523 3742 1807 3797 convictus
1836 3741 2018 3805 luerit,
2064 3756 2201 3810 pnn-

2306 3742 2489 3803 πόλεις
2515 3740 2611 3794 καὶ
2638 3738 2819 3810 χώρας
2841 3754 2856 3770 ο
2902 3738 2952 3790 εί
2981 3736 3037 3789 δέ
3071 3735 3354 3806 ἐλεγχθείη
3379 3733 3539 3787 τοῦτο
3567 3728 3836 3800 πεποιηκὼς

624 3848 706 3892 ter
745 3852 935 3891 eorum
983 3836 1303 3891 sententiam
1354 3836 1446 3904 qui
1494 3842 1681 3889 tenent
1735 3848 1904 3903 pagos
1954 3833 2077 3888 illos
2120 3834 2203 3887 vel

2305 3834 2462 3905 παρὰ
2484 3833 2582 3904 τὴν
2614 3831 2723 3885 τῶν
2750 3831 3086 3900 κατεχόντων
3118 3828 3217 3891 τὰς
3250 3827 3434 3884 πόλεις
3476 3826 3684 3887 ἐκείνας
3709 3824 3738 3894 ἢ
3764 3821 3836 3883 τὰς

627 3928 925 3997 civitatem,
964 3928 1270 3999 deponatur
1298 3936 1354 3983 et
1384 3928 1523 3999 ipse,
1573 3936 1627 3981 et
1658 3926 1695 3980 ii
1743 3941 1882 3997 quos
1911 3916 2201 3980 ordinavit.

2306 3926 2492 3997 χώρας
2519 3926 2766 3997 γνώμην,
2795 3922 3161 3995 καθαιρείσθω
3189 3920 3284 3975 καὶ
3317 3918 3479 3982 αὐτὸς
3504 3920 3599 3971 καὶ
3624 3916 3709 3980 οὓς
3726 3917 3836 3985 ἐχει-

2345 4019 2586 4074 οτόνησε.

701 4115 772 4170 42
789 4114 924 4191 [41].
958 4114 1259 4185 Episcopus
1288 4114 1353 4180 ³⁸,
1388 4112 1468 4168 vel
1490 4114 1790 4184 presbyter,
1815 4111 1898 4167 vel
1920 4110 2204 4176 diaconus,

2310 4036 2586 4092 ροτονησε.

2384 4112 2491 4183 μβ’.
2536 4111 2883 4175 Ἐπίσκοπος,
2926 4110 2959 4179 ἢ
2991 4106 3379 4177 πρεσϐύτερος,
3421 4105 3454 4175 ἢ
3487 4103 3736 4163 διάκονος,
3762 4097 3834 4150 κύ-

629 4208 761 4264 aleis
793 4190 852 4263 et
896 4205 1250 4262 ebrietatibus
1296 4218 1517 4271 vacans,
1565 4204 1650 4259 vel
1682 4212 1875 4269 cesset,
1928 4202 2011 4256 vel
2043 4201 2208 4271 depo-

2310 4202 2423 4265 ϐοις
2469 4200 2742 4273 σχολάζων
2775 4199 2871 4253 καὶ
2918 4198 3132 4269 μέθαις,
3178 4197 3211 4268 ἢ
3263 4194 3648 4263 παυσάσθω,ἢ
3688 4190 3836 4244 καθαι-

633 4309 814 4355 natur.

2314 4293 2528 4362 ρείσθω.

701 4417 771 4471 44
800 4414 937 4488 [45].
963 4413 1333 4485 Episcopus”,
1363 4411 1443 4466 vel
1476 4410 1778 4481 presbyter,
1804 4408 1886 4463 vel
1912 4408 2199 4472 diaconus,

2386 4406 2487 4478 μδ’.
2539 4404 2889 4468 Ἐπίσκοπος,
2936 4401 2969 4472 ἢ
3007 4399 3397 4472 πρεσϐύτερος,
3435 4399 3470 4465 ἢ
3500 4398 3743 4458 διάκονος,
3772 4391 3836 4444 τό·

632 4512 894 4582 pecunias
928 4517 1115 4563 mutuo
1137 4508 1291 4563 datas
1318 4521 1441 4563 cum
1466 4506 1654 4561 fenore
1686 4502 1933 4572 exigens,
1984 4502 2066 4555 vel
2086 4516 2207 4555 ces-

2251 4569 2278 4582 λ
2312 4517 2444 4561 κους
2488 4498 2733 4553 ἁπαιτῶν
2779 4495 2904 4558 τοὺς
2954 4491 3385 4562 δανειζομένους,
3424 4490 3457 4561 ἢ
3500 4480 3835 4549 παυσάσθω,ἢ

634 4569 741 4669 set,
775 4602 861 4658 vel
890 4602 1213 4669 deponatur.
1783 4569 1804 4572 ⁷

1119 4616 1213 4655 ω’.
1783 4569 1804 4572 ⁷
2238 4569 2284 4625 Ῐ)
2314 4586 2703 4659 καθαιρείσθω.

703 4661 775 4751 45
806 4692 918 4767 [44]
957 4661 1277 4762 Episcopus,
1321 4691 1405 4746 vel
1458 4689 1755 4759 presbyter,
1797 4688 1881 4742 vel
1922 4687 2208 4752 diaconus,

2388 4686 2490 4752 με’.
2540 4677 2890 4739 Ἐπίσκοπος,
2938 4673 2971 4745 ἢ
3015 4672 3406 4744 πρεσϐύτερος,
3438 4672 3472 4741 ἢ
3503 4669 3745 4730 διάκονος,
3772 4661 3836 4715 al-

633 4788 862 4857 quieutn
894 4784 1160 4838 haereticis
1184 4783 1267 4839 vel
1298 4783 1472 4837 solum
1503 4789 1890 4849 comprecatus
1929 4788 2032 4843 est,
2076 4786 2209 4844 etc.,

1863 4795 1890 4834 s
1929 4788 2032 4843 est,
2076 4786 2209 4844 etc.,
2314 4770 2547 4841 ρετικοῖς
2579 4765 2974 4836 συνευξάμενος
3009 4763 3188 4835 μόνον,
3222 4779 3276 4817 κ.
3307 4780 3357 4815 τ.
3397 4761 3445 4813 λ.

634 4883 691 4929 ιιι
724 4892 907 4946 supra,
929 4892 1050 4947 pag.
1092 4874 1215 4929 610.

705 4932 946 5039 46’[45]ί
972 4932 1321 5036 Episcopum,
1353 4964 1431 5019 vel
1458 4963 1857 5034 presbyterum,
1900 4960 1989 5031 qui
2033 4960 2211 5014 luere-

2388 4962 2505 5028 pg".
2543 4951 2892 5017 Ἐπίσκοπον,
2923 4951 2957 5022 ἢ
2991 4947 3378 5021 πρεσϐύτερον,
3414 4940 3693 5016 αἱρετικῶν
3718 4932 3835 4997 δεξα-

632 5062 868 5117 ticorum
891 5063 1246 5133 baptismum,
1280 5059 1364 5113 vel
1389 5057 1743 5119 sacriﬁcium,
1772 5065 1904 5122 etc.,
1929 5063 1984 5107 ut
2016 5068 2203 5122 supra,

1809 5065 1904 5122 lc.,
1929 5063 1984 5107 ut
2016 5068 2203 5122 supra,
2316 5052 2511 5123 μένους
2546 5049 2827 5121 βάπτισμα
2856 5045 2889 5116 ἢ
2918 5043 3131 5108 θυσίαν,
3166 5059 3219 5095 κ.
3256 5058 3308 5095 τ.
3338 5039 3393 5093 λ.

633 5172 757 5226 pag.
793 5155 916 5211 610.

706 5210 773 5302 4⁸7
804 5246 940 5320 [46].
971 5245 1291 5317 Episcopus,
1343 5244 1426 5298 vel
1475 5243 1778 5313 presbyter.
1808 5256 1932 5294 eum
1956 5238 2049 5309 qui
2082 5252 2208 5293 vere

2389 5232 2496 5304 μζ.
2523 5233 2850 5294 Ἐπίσκοπος
2868 5230 2902 5299 ἦ
2925 5225 3315 5299 πρεσϐύτερος,
3340 5221 3435 5276 τὸν
3463 5216 3597 5275 κατὰ
3620 5210 3827 5281 ἀλήθειαν

635 5319 1155 5409 habetbaptismum
1185 5347 1317 5405 etc.,
1350 5345 1407 5389 ut
1438 5350 1600 5404 supra
1628 5350 1750 5403 pag.
1778 5332 1904 5387 622.

1478 5350 1600 5404 upra
1628 5350 1750 5403 pag.
1778 5332 1904 5387 622.
2314 5327 2503 5398 ἔχοντα
2532 5323 2835 5394 βάπτισμα,
2859 5339 2913 5373 κ.
2936 5336 2990 5372 τ.
3014 5319 3062 5373 1.

705 5432 775 5487 49
808 5386 1002 5503 [4]rSi
1064 5386 1513 5500 qiiisvepiscopus'
1548 5386 1833 5497 presbyter
1872 5440 1937 5479 ex
1992 5419 2207 5477 Domini

2344 5386 2495 5488 "p.02
2532 5386 2601 5469 El!
2628 5432 2712 5478 τις
2740 5386 3055 5474 ’ἐπίσκοπος
3100 5417 3132 5480 ἡ
3169 5407 3554 5481 πρεσϐύτερος,
3599 5394 3721 5455 κατὰ
3753 5386 3825 5457 τὴν

635 5525 999 5590 ordinatione,
1025 5532 1157 5589 etc.,
1184 5531 1243 5576 ut
1267 5537 1446 5591 supra,
1469 5538 1593 5590 pag.
1629 5518 1757 5573 442.

1629 5518 1757 5573 442.
2314 5510 2408 5565 τοῦ
2440 5508 2647 5581 Κυρίου
2672 5506 2933 5575 διάταξιν,
2962 5524 3016 5561 κ.
3047 5522 3097 5559 τ.
3131 5503 3178 5556 λ.

705 5705 752 5738 ³⁸
778 5704 897 5760 Nic.
926 5717 1081 5759 conc.
1126 5717 1248 5757 can.
1276 5716 1312 5754 ι.
1389 5699 1430 5731 ³¹
1458 5697 1561 5754 Job
1592 5711 1787 5762 χχχιιι,
1816 5696 1901 5750 14.
1976 5693 2020 5725 ³³
2054 5691 2190 5747 Dist.
2226 5689 2289 5745 55

1153 5718 1248 5757 an.
1276 5716 1312 5754 ι.
1389 5699 1430 5731 ³¹
1458 5697 1561 5754 Job
1592 5711 1787 5762 χχχιιι,
1816 5696 1901 5750 14.
1976 5693 2020 5725 ³³
2054 5691 2190 5747 Dist.
2226 5689 2317 5745 55.
2392 5691 2437 5723 ²⁹
2474 5688 2612 5744 Dist.
2646 5686 2737 5742 47.

706 5862 803 5935 (3).
833 5863 1040 5922 Citatur
1070 5875 1101 5916 a
1129 5858 1188 5916 S.
1213 5858 1372 5929 Greg.
1399 5854 1491 5913 lib.
1545 5870 1618 5910 vn
1652 5852 1783 5925 Reg.
1814 5851 1976 5922 epist.
2002 5850 2094 5906 50.
