4012 6416
134 412 223 475 7ίό
854 405 1259 467 SYNTAGMA
1297 405 1954 467 CANONUM.—TIT.
1999 407 2107 482 IX,
2152 407 2308 469 CAP.
2351 408 2505 471 XIV.
3280 404 3388 468 746

190 530 247 579 ν’.
284 522 347 576 El'
368 538 451 586 τις
487 518 785 583 ἐπίσκοπος
817 519 850 591 ἢ
886 519 1282 593 πρεσϐύτερος,
1315 520 1390 591 μὴ
1417 520 1546 591 τρία
1585 519 1678 590 βα·
1717 526 1764 584 Α

1863 522 1931 577 50
1959 521 2097 596 [49].
2133 523 2189 579 Si
2221 526 2346 592 quis
2383 526 2676 595 cpiscopus
2695 522 2776 579 vel
2806 522 3111 595 presbyter,
3144 539 3250 581 non
3282 526 3390 580 tria

132 617 384 687 πτίσματα
413 614 543 685 μιᾶς
575 614 826 683 μυήσεως
854 613 1179 679 ἐπιτελέσει,
1218 631 1273 667 κ.
1301 630 1354 667 τ.
1388 612 1440 667 λ.

1803 615 1962 673 unius
1987 619 2227 691 mysterii
2268 620 2600 690 haptismata
2630 616 2941 690 perfecerit,
2975 626 3107 686 etc.,
3134 629 3191 673 ut
3223 635 3387 689 supra

1796 725 1914 781 pag.
1950 710 2055 766 442
2085 722 2138 767 et
2172 710 2297 766 615.

190 827 280 875 να’.
316 819 384 875 Et
406 839 491 884 τις
520 820 838 882 ἐπίσκοπος.
865 819 898 891 ἢ
932 818 1325 893 πρεσϐύτερος,
1361 818 1395 890 ἢ
1426 819 1693 886 διάκονος,

1871 825 1932 879 5t
1970 824 2114 899 [50].
2149 825 2205 881 Si
2238 827 2362 897 quis
2391 827 2710 899 episcopus,
2747 827 3057 900 presbyter,
3090 828 3175 884 vel
3206 828 3394 884 diaco-

135 910 311 981 ῆόλως
335 912 428 965 τοῦ
457 910 757 981 καταλόγου
784 910 878 964 τοῦ
910 911 1211 981 ἱερατικοῦ,
1246 913 1443 982 γάμου,
1470 928 1524 964 κ.
1558 927 1608 963 τ.
1642 910 1692 964 λ.

1806 933 1926 983 nus,
1958 919 2043 973 vel
2089 920 2317 974 omnino
2347 937 2413 976 ex
2449 921 2777 976 sacerdotali
2814 936 3064 987 numero,
3094 936 3127 977 a
3158 922 3390 993 nuptiis,

1800 1020 1931 1076 etc.,
1956 1022 2013 1066 ut
2040 1030 2202 1083 supra
2225 1030 2346 1085 pag.
2384 1014 2509 1070 73L

194 1100 283 1170 νβ’.
309 1100 376 1154 Et
399 1117 485 1165 τις
520 1099 818 1163 ἐπίσκοπος
846 1096 879 1169 ἦ
916 1096 1286 1171 πρεσϐύτερος
1317 1096 1409 1151 τὸν
1448 1097 1699 1166 ἐπιστρέ-

1873 1105 1942 1160 52
1972 1104 2106 1178 [51].
2137 1106 2196 1161 Si
2221 1108 2342 1178 quis
2357 1109 2669 1179 episcopus,
2696 1111 2979 1181 presbyter
3016 1108 3097 1165 vel
3124 1108 3389 1164 diaconus

140 1212 282 1263 φοντα
315 1192 420 1245 ἀπὸ
453 1192 733 1264 ἁμαρτίας
773 1191 834 1243 ού
866 1190 1247 1262 προσδέχεται,
1293 1189 1432 1244 ἀλλὰ
1460 1190 1700 1243 ἀποϐάλ-

1804 1210 1953 1259 eum,
1984 1196 2077 1265 qui
2110 1210 2142 1251 a
2220 1198 2422 1253 eccatis
2451 1201 2809 1266 convertitur,
2844 1215 2953 1255 non
2992 1199 3229 1269 recipit,
3294 1199 3388 1253 sed

140 1289 286 1351 λεται,
326 1285 718 1357 καθαιρείσθω,
763 1285 845 1338 ὅτι
876 1284 1036 1337 λυπεῖ
1066 1283 1301 1356 Χριστὸν
1332 1283 1425 1336 τὸν
1454 1283 1697 1336 είπόντα’

1815 1287 1972 1355 ejicit,
2007 1288 2333 1357 deponatur.
2359 1289 2629 1355 Quoniam
2670 1291 2947 1346 Christum
2984 1291 3234 1345 molestia
3284 1290 3399 1344 alli-

141 1381 276 1448 Χαρὰ
310 1380 532 1448 γίνεται
562 1378 632 1432 ἐν
658 1376 895 1447 οὐρανῷ
918 1378 1018 1432 ἐπὶ
1050 1377 1143 1431 ἐνὶ
1177 1373 1504 1447 ἁμαρτωλῷ
1520 1392 1701 1445 μετα-

1816 1379 1877 1434 :it
1901 1419 1915 1442 ,
1951 1379 2044 1449 qui
2076 1380 2212 1433 dixit
2242 1400 2255 1434 :
2290 1379 2562 1436 Gaudium
2590 1393 2667 1436 est
2719 1384 2773 1436 in
2812 1384 2940 1436 caelo
2986 1395 3199 1451 propter
3234 1398 3400 1436 unum

141 1472 375 1527 νοοῦντι.

1804 1478 2129 1539 peccatore»:
2159 1469 2519 1537 paenitentiam
2555 1482 2794 1539 agentem
2829 1470 2895 1525 ⁸ο.

199 1566 363 1635 νγ’.Εἱ⁷
384 1584 467 1630 τις
495 1565 794 1628 ἐπίσκοπος
813 1608 826 1631 ,
855 1565 888 1636 ἢ
933 1564 1323 1637 πρεσϐύτερος,
1359 1564 1392 1636 ἢ
1431 1564 1700 1628 διάκονος,

1876 1561 2039 1631 272
2058 1560 2125 1614 55
2154 1560 2287 1633 [5‘2].
2310 1560 2365 1615 Si
2396 1563 2833 1632 quiscpiscopus,
2863 1564 2946 1619 vel
2977 1564 3279 1636 presbyter,
3316 1563 3398 1619 vtl

144 1662 189 1713 ὲν
210 1662 316 1723 ταῖς
346 1659 585 1730 ἡμέραις
610 1659 717 1711 τῶν
746 1656 971 1729 ἑορτῶν,
996 1659 1055 1711 ού
1090 1655 1499 1726 μεταλαμϐάνει
1523 1656 1703 1725 κρεῶν

1816 1653 2071 1707 diaconus
2099 1654 2149 1707 in
2178 1654 2329 1709 festis
2354 1655 2546 1709 diebus
2576 1670 2794 1710 carnem
2836 1668 2889 1710 et
2935 1657 3121 1710 viuum
3156 1672 3261 1711 non
3306 1674 3400 1712 su-

144 1756 222 1807 καὶ
249 1753 401 1817 οίνου,
437 1750 864 1821 βδελυσσόμενος
896 1751 993 1802 καὶ
1031 1750 1091 1801 ού
1123 1748 1187 1801 δι’
1225 1748 1480 1817 ἄσκησιν,
1512 1744 1706 1799 καθαι-

1817 1746 1935 1810 mit,
1994 1746 2317 1807 abhorrens,
2373 1755 2425 1800 ct
2487 1762 2594 1800 non
2635 1757 2857 1817 propter
2895 1750 3345 1803 exercitationem
3383 1786 3398 1808 ,

150 1844 339 1915 ρείσθω,
383 1842 457 1906 ὡς
495 1841 1040 1912 κεκαυτηριασμένος
1074 1839 1170 1911 τὴν
1208 1839 1342 1892 ἰδίαν
1376 1835 1703 1909 συνείδησιν,

1821 1838 2134 1906 deponatur,
2197 1839 2379 1909 utqui
2441 1839 2640 1893 haheat
2702 1840 2963 1909 injustam
3011 1840 3405 1896 conscientiam

149 1936 225 1988 καὶ
246 1933 406 1997 αἴτιος
436 1931 739 1986 σκανδάλου
769 1931 983 1994 πολλοῖς
1007 1929 1311 2000 γινόμενος.

1740 1915 1783 1969 Β
1814 1932 2115 2003 propriam,
2177 1942 2227 1986 et
2263 1932 2331 1987 sit
2363 1932 2549 1986 multis
2582 1932 2906 1988 ollensionis
2933 1949 3122 1987 causa.

205 2024 286 2079 vs'.
323 2026 389 2079 Εἴ
416 2042 500 2088 τις
531 2022 795 2095 κληρικδς
834 2022 1049 2093 ύϐρίσει
1078 2021 1170 2074 τὸν
1212 2020 1535 2083 ἐπίσκοπον,
1571 2016 1708 2071 καθ-

1885 2023 1955 2077 55
1986 2021 2127 2095 [54].
2180 2023 2237 2076 Si
2284 2027 2410 2093 quis
2442 2024 2677 2080 clericus
2707 2026 3023 2095 episcopum
3075 2025 3409 2080 contumelia

151 2118 378 2191 αιρείσθω
399 2134 412 2147 ’
452 2118 747 2186 Ἄρχοντα
794 2115 905 2186 γὰρ
941 2114 1049 2169 τοῦ
1077 2113 1233 2168 λαοῦ
1262 2128 1381 2168 σου
1411 2113 1524 2166 οὐκ
1554 2109 1711 2179 ἐρεῖς

1831 2116 2080 2182 tﬂ‘ccerit,
2114 2117 2423 2186 deponatur
2458 2134 2471 2170 :
2500 2117 2740 2185 Priucipi
2771 2120 2911 2172 enim
2969 2120 3157 2189 populi
3201 2121 3279 2173 tui
3309 2136 3415 2173 ιιοιι

152 2208 339 2275 κακῶς.

1818 2208 2098 2261 maledices
2116 2208 2180 2261 “.

210 2303 295 2357 v0'.
335 2304 397 2357 El’
422 2320 506 2366 τις
538 2302 863 2366 ἐπίσκοπος,
908 2302 941 2372 ἢ
987 2300 1380 2373 πρεσϐύτερος,
1430 2297 1575 2363 τινος
1603 2296 1713 2351 τῶν

1890 2301 1957 2357 59
1985 2299 2125 2373 [58].
2155 2299 2209 2354 Si
2243 2301 2368 2371 quis
2392 2302 2685 2373 cpiscopus
2722 2303 2803 2357 vel
2836 2304 3142 2376 presbyter,
3170 2319 3296 2360 cum
3349 2303 3422 2359 sit

157 2396 402 2467 κληρικῶν
432 2395 650 2460 ἐνδεοῦς
682 2394 857 2459 ὄντος,
890 2411 946 2448 κ.
976 2412 1027 2447 τ.
1068 2394 1119 2447 λ.

1833 2394 2023 2462 aliquis
2050 2409 2113 2445 ex
2148 2393 2364 2448 clericis
2391 2408 2621 2463 egenus,
2655 2405 2786 2462 etc.,
2819 2406 2875 2449 ut
2933 2414 3098 2467 supra
3130 2414 3253 2469 pag.
3289 2398 3417 2451 674.

215 2483 267 2549 ξ’.
305 2483 367 2537 Εἰ
389 2501 471 2548 τις
499 2483 569 2538 τὰ
596 2484 1038 2553 ψευδεπίγραφοι,
1068 2500 1123 2538 κ.
1155 2500 1209 2538 τ.
1238 2482 1289 2536 λ.

1894 2482 1963 2538 60
1991 2482 2130 2557 [59].
2153 2484 2209 2539 Si
2243 2484 2370 2553 quis
2406 2483 2543 2539 falso
2567 2486 3037 2555 iuseriptos,etc.,
3065 2499 3122 2542 ut
3143 2504 3267 2559 pag.
3291 2489 3416 2545 590.

215 2574 300 2646 ξβ’.
336 2576 400 2629 Et
437 2594 522 2639 τις
556 2575 842 2646 κληρικὺς,
875 2575 966 2628 διὰ
1014 2574 1176 2644 φόϐον
1218 2572 1555 2645 ἀνθρώπινον
1584 2572 1720 2625 Ἰου-

1896 2578 1964 2631 62
1984 2576 2119 2650 [61].
2140 2578 2194 2632 Si
2218 2577 2343 2648 quis
2371 2578 2605 2633 clericus
2635 2590 2854 2649 propter
2874 2590 3073 2635 metum
3096 2582 3417 2647 humanum,

159 2668 364 2741 δαίουέῆ
400 2668 722 2739 Ἕλληνοςῆ
757 2668 1036 2740 αἱρετικοῦ
1072 2669 1390 2740 ἀρνήσεται,
1443 2669 1491 2719 εί
1526 2665 1623 2736 μὲν
1662 2665 1724 2717 τὸ

1843 2670 1911 2724 ιρι
1964 2669 2158 2735 Judaei,
2226 2670 2311 2724 vel
2341 2670 2538 2736 Graeci,
2590 2671 2673 2725 vel
2726 2672 2984 2737 lucretici,
3033 2675 3333 2743 negaverit,
3379 2675 3427 2727 si

161 2764 305 2832 ὄνομα
328 2762 417 2816 τοῦ
447 2760 714 2833 Χριστοῦ,
759 2759 1184 2814 ἀποϐαλλέσθω·
1238 2759 1287 2812 εί
1337 2757 1393 2811 δὲ
1448 2757 1510 2810 τὸ
1551 2756 1725 2826 ὄνομα

1841 2764 2049 2831 quidem
2108 2778 2305 2817 nomen
2335 2762 2560 2829 Christi,
2594 2764 2867 2833 ejiciatur,
2928 2764 2973 2819 si
3020 2772 3200 2819 autem
3228 2780 3425 2820 nomen

164 2852 237 2906 τοῦ
262 2852 533 2924 κληρικοῦ,
566 2850 975 2922 καθαιρείσθωο
1023 2849 1369 2920 μετανοήσας
1395 2846 1474 2911 δέ,
1504 2847 1578 2909 ὡς
1609 2846 1729 2899 λαῖ-

1848 2856 2036 2923 :leriei,
2077 2856 2383 2925 deponatur
2414 2855 2482 2909 δ’.
2522 2854 2905 2910 Ρωιιὶιειιιιιιιιι
2935 2867 3117 2911 autem
3152 2872 3339 2926 agens,
3372 2862 3432 2910 ut

169 2946 244 3011 κὸς
271 2947 525 3019 δεχθήτω.

1830 2950 2003 3005 laicus
2028 2948 2340 3018 recipiatur.

226 3038 313 3107 ξγ.
348 3039 409 3092 EE
430 3056 511 3103 τις
543 3036 927 3108 ἐπίσκοπος,ἦ
958 3035 1329 3108 πρεσϐύτερος
1352 3035 1426 3107 ,ἦ
1462 3034 1729 3100 διάκονος,

1906 3040 1977 3094 65
1996 3037 2133 3112 [(52].
2162 3037 2220 3093 Si
2248 3039 2372 3110 quis
2393 3038 2682 3109 episcopus
2706 3038 2787 3092 vel
2815 3036 3118 3109 presbyter,
3137 3036 3223 3092 vel
3246 3036 3434 3093 diaco-

171 3132 339 3202 ῆὸλως
374 3132 462 3186 τοῦ
498 3132 810 3201 καταλόγου
843 3131 939 3185 τοῦ
977 3130 1275 3202 ἱερατικοῦ,
1320 3130 1471 3211 φάγῃ
1499 3128 1640 3200 κρέα
1674 3130 1731 3182 ἐν

1844 3151 1963 3200 nus,
2034 3134 2119 3189 vel
2168 3133 2396 3187 omnino
2457 3148 2525 3189 ex
2556 3132 2880 3189 sacerdotali
2937 3132 3206 3203 catalogo,
3244 3148 3428 3187 come-

174 3225 331 3294 αἵματι
371 3226 546 3298 ψυχῆς
601 3225 789 3291 αὐτοῦ,
828 3225 862 3296 ἢ
910 3224 1269 3295 θηριάλωτον,
1318 3223 1351 3294 ἢ
1387 3223 1729 3294 θνησιμαίον,

1854 3227 1984 3281 ierit
2016 3240 2217 3280 carnes
2246 3225 2300 3278 in
2358 3224 2627 3294 sanguine
2673 3224 2872 3279 anima:
2899 3224 3168 3294 ipsorum,
3191 3223 3276 3278 vel
3305 3223 3438 3294 quid

175 3274 545 3391 καῖθαιρείσθθίοίἶ
575 3317 740 3371 τοῦτο
912 3318 940 3371 ὁ
964 3274 1128 3388 arduo;
1148 3274 1380 3371 ἀπείπεν
1401 3332 1416 3347 ο
1456 3274 1505 3369 ἐι
1535 3274 1590 3369 δέ
1616 3274 1731 3369 λαἰζΣ

1856 3274 1982 3281 ---η
2022 3274 2213 3280 ηπ---
2358 3274 2625 3294 --.πυ-η--
2675 3274 2869 3279 _---__---

1856 3318 2028 3374 tferis
2078 3324 2323 3387 captum,
2374 3316 2459 3371 vel
2510 3319 2882 3383 morticinum,
2942 3318 3267 3387 deponatur.
3326 3317 3440 3374 Hoc

176 3408 251 3474 κὸς
277 3410 374 3483 είη,
402 3410 769 3483 ἀφοριζέσθω.

1856 3414 1980 3468 :nim
2036 3412 2121 3466 lex
2143 3410 2425 3481 prohibuit
2486 3426 2500 3464 :
2551 3410 2597 3465 si
2667 3418 2846 3464 autem
2898 3410 2971 3464 sit
3019 3411 3212 3477 laicus,
3256 3427 3440 3482 segre-

1836 3512 2013 3575 getur.

234 3594 318 3661 ξδ’.
355 3595 419 3649 Εἴ
440 3612 521 3659 τις
552 3593 819 3666 κληρικὺς
850 3594 1047 3666 εὑρεθῇ
1082 3594 1181 3664 τὴν
1208 3590 1491 3663 Κυριακὴν
1522 3590 1735 3662 ἡμέραν

1910 3592 2137 3668 64ί65].
2158 3592 2217 3648 Si
2250 3594 2371 3665 quis
2392 3592 2624 3649 clericus
2649 3592 2904 3651 iuventus
2934 3595 3098 3651 fuerit
3131 3595 3219 3651 die
3257 3594 3442 3651 Domi-

181 3690 440 3759 νηστεύων,
493 3690 527 3760 ἢ
576 3688 643 3741 τὸ
688 3687 986 3755 Σάϐϐατόν,
1038 3686 1177 3758 πλὴν
1232 3685 1327 3739 τοῦ
1380 3685 1500 3750 ἐνὸς
1550 3685 1735 3756 μόνου,

1860 3689 2106 3758 ejunare,
2144 3688 2229 3743 vel
2270 3687 2533 3751 Sabbato,
2585 3698 2951 3758 praeterquam
3020 3706 3132 3745 uno
3171 3689 3311 3756 solo,
3346 3690 3443 3745 de—

182 3782 519 3854 καθαιρείσθω
538 3799 553 3813 ο
604 3782 655 3834 εί
684 3780 739 3833 δὲ
768 3782 977 3847 λαῖκὸς,
1012 3778 1379 3852 ἀφοριςὲσθω.

1840 3789 2114 3854 ponatur:
2136 3779 2220 3834 sin
2254 3788 2435 3833 autem
2463 3780 2658 3843 laicus,
2689 3790 3030 3853 segregetur.

241 3874 320 3942 ξεί.
358 3877 419 3932 Εί
457 3895 540 3941 τις
590 3876 856 3946 κληρικὸς
910 3874 943 3946 ἢ
978 3874 1166 3937 λαῖκὸς
1211 3871 1443 3926 εἰσέλθοι
1483 3870 1564 3935 είς
1608 3887 1739 3923 συν-

1914 3870 1983 3925 65
2012 3869 2145 3942 [63].
2172 3867 2229 3924 Si
2257 3886 2379 3941 quis
2401 3871 2633 3927 clericus
2656 3871 2736 3926 vel
2754 3873 2925 3929 laicus
2950 3874 3002 3928 in
3029 3871 3341 3928 Judmorum
3362 3873 3448 3928 vel

187 3970 377 4041 αγωγὴν
402 3971 673 4026 Ἰουδαίων
706 3971 737 4039 ἢ
776 3967 1070 4041 αίρετικῶν
1120 3963 1549 4037 προσεύξασθαι,
1599 3964 1741 4019 καθ-

1865 3964 1968 4018 ιὶεο
1999 3963 2375 4018 haereticorum
2416 3979 2744 4035 synagogam
2770 3965 3051 4037 ingressus
3090 3966 3161 4021 sit
3183 3966 3251 4021 ad
3286 3982 3449 4021 oran-

188 4060 411 4131 σιρείσθω
438 4064 530 4117 καὶ
557 4059 931 4133 ἁφοριζέσθω.

1845 4057 1998 4120 dum,
2035 4058 2340 4125 deponatur
2368 4066 2417 4111 et
2442 4066 2776 4128 segregetur.

248 4153 339 4220 εἶ’.
376 4156 439 4209 Ei
466 4174 549 4221 τις
577 4154 844 4226 κληρικὸς
892 4153 952 4205 ἐν
1004 4151 1151 4223 μάχῃ
1202 4149 1324 4206 τινὰ
1371 4148 1616 4221 κρούσει,
1649 4147 1746 4202 καὶ⁹

1918 4149 1987 4204 66
2023 4148 2157 4222 [64].
2184 4150 2241 4204 Si
2268 4150 2391 4220 quis
2422 4150 2655 4206 clericus
2707 4152 2789 4207 vel
2827 4152 2881 4207 in
2935 4167 3113 4223 pugna
3170 4155 3448 4226 pulsatum

193 4247 400 4303 ἀπὸτοῦ
446 4250 563 4312 ἐνὸς
611 4246 959 4316 κρούσματος
990 4245 1328 4309 ἀποκτείνει,
1375 4241 1746 4313 καθαιρείσθω

1870 4243 2085 4313 diquem
2124 4258 2234 4298 uno
2266 4244 2372 4297 ictu
2406 4244 2689 4309 occiderit,
2722 4245 3027 4315 deponatur
3048 4256 3266 4318 propter
3297 4264 3454 4304 suam

196 4338 269 4393 διὰ
292 4344 378 4412 τὴν
403 4343 735 4410 προπέτειαν
766 4338 934 4394 αὑτοῦ
960 4356 975 4371 ·
1027 4339 1123 4392 ἐὰν
1156 4338 1213 4391 δὲ
1246 4337 1430 4402 λαῖκὸς
1460 4332 1516 4408 ᾗ,
1554 4335 1748 4406 ἀφορι-

1868 4338 2251 4393 )roclivitatem
2280 4344 2335 4392 et
2387 4336 2787 4404 temeritatem;
2821 4336 2993 4394 laicus
3024 4354 3155 4395 vero
3192 4340 3237 4395 si
3268 4338 3452 4408 fuerit,

199 4430 365 4495 ζὲσθω.
448 4418 451 4419 ⁷

1852 4437 2194 4499 segregctur.

256 4527 345 4598 ἔτι.
381 4531 445 4585 Εἴ
460 4549 541 4597 τις
571 4530 896 4592 ἐπίσκοπος,
928 4526 962 4598 ἢ
998 4522 1390 4598 πρεσϐύτερος,
1420 4520 1453 4592 ἢ
1483 4520 1748 4584 διάκονος,

1924 4521 1992 4575 68
2027 4519 2164 4592 [67].
2197 4518 2254 4574 Si
2284 4520 2410 4590 quis
2441 4518 2731 4590 episcopus
2776 4519 2876 4591 (4),
2912 4521 2995 4576 vel
3024 4522 3322 4595 presbyter,
3366 4523 3451 4578 vel

201 4618 425 4695 δευτέραν
457 4624 792 4696 χειροτονίαν
817 4622 1033 4688 δέξεται
1075 4618 1227 4689 παρά
1258 4633 1425 4681 τινοςν
1470 4613 1752 4685 καθαιρεί·
1782 4632 1785 4690 ξ

1874 4613 2125 4669 liaconus
2158 4613 2455 4668 secundam
2496 4611 2901 4667 ordinationem
2945 4614 3015 4669 ab
3057 4615 3168 4669 alio
3199 4630 3458 4685 suscepe-

207 4709 299 4764 σθω
323 4716 407 4767 καὶ
436 4716 595 4781 αὐτὸς
629 4716 724 4770 καὶ
762 4716 791 4767 ὁ
836 4711 1222 4784 χειροτονήσας
1247 4724 1261 4737 ”
1314 4708 1364 4761 εἶ
1418 4708 1492 4778 μή
1541 4722 1604 4773 γε
1648 4704 1757 4776 ἄρει

1876 4704 1957 4768 rit,
2016 4704 2321 4773 deponatur
2355 4712 2409 4757 et
2448 4703 2563 4772 ipse
2590 4745 2603 4769 ,
2634 4703 2797 4775 273
2831 4712 2885 4758 et
2911 4706 3003 4774 qui
3030 4705 3325 4773 ordinavit,
3356 4705 3460 4759 nisi

209 4808 424 4878 συσταίη,
468 4810 547 4863 ὅτι
576 4809 731 4878 παρὰ
762 4807 1059 4879 αίρετικῶν
1088 4805 1203 4875 ἔχει
1240 4801 1339 4873 τὴν
1383 4799 1718 4871 χειροτονίαν
1743 4811 1758 4827 ⁸

1874 4796 2053 4867 utique
2076 4794 2401 4860 constiterit,
2452 4796 2595 4865 quod
2657 4797 2726 4849 ab
2762 4796 3035 4852 haereticis
3057 4798 3458 4853 ordinationem

208 4896 312 4961 τοὺς
332 4899 434 4973 γὰρ
465 4903 616 4974 παρὰ
640 4901 749 4955 τῶν
778 4898 1035 4953 τοιούτων
1078 4893 1558 4967 χειροτονηθέντας
1592 4892 1625 4963 ἢ
1667 4891 1761 4963 βα-

1878 4891 2087 4945 haheat.
2138 4887 2241 4955 Qui
2318 4888 2464 4942 enim
2510 4888 2579 4941 ab
2656 4889 2737 4944 eis
2794 4889 3054 4960 haptizati
3109 4899 3163 4944 ct
3224 4892 3462 4945 ordinati

214 4992 533 5061 maOévmg,
586 4993 713 5049 οὔτε
760 4994 1021 5058 πιστοὺς,
1083 4989 1207 5045 οὔτε
1270 4988 1564 5059 κληρικοὺς
1624 4982 1762 5039 εἶναι

1879 4991 2016 5047 sunt,
2077 4990 2139 5037 ut
2202 4979 2387 5035 ﬁdeles
2440 4980 2524 5034 vel
2580 4980 2764 5036 clerici
2829 4982 2979 5049 sint,
3046 4982 3164 5037 ﬁeri
3223 4999 3329 5039 non
3362 4998 3463 5054 po-

214 5080 423 5142 δυνατόν.
1867 5085 1966 5131 ῑθεί
1978 5115 1991 5128 ο

275 5176 357 5241 ξθ⁹.
384 5182 448 5235 Εἴ
476 5200 557 5247 τις
580 5182 900 5245 ἐπίσκοπος,
924 5178 958 5249 ἢ
991 5175 1362 5250 πρεσϐύτερος
1394 5218 1409 5241 ,
1435 5175 1468 5245 ἢ
1496 5173 1763 5238 διάκονος,

1938 5168 2005 5222 69
2034 5166 2172 5240 [68].
2227 5164 2285 5221 Si
2348 5166 2474 5236 quis
2524 5167 2836 5238 episcopus,
2888 5169 2975 5223 vel
3020 5169 3327 5241 presbyter,
3379 5170 3465 5225 vel

217 5264 244 5334 ἢ
268 5267 611 5341 ὑποδιακόνος,
642 5273 995 5343 ἁναγνώστης
1015 5272 1047 5342 ἢ
1065 5270 1298 5341 ψάλτης,
1319 5270 1419 5340 τὴν
1444 5267 1609 5336 ἁγίαν
1632 5267 1767 5319 Τεσ-

1883 5260 2136 5316 liaconus
2185 5260 2270 5314 vel
2329 5260 2726 5327 subdiaconus,
2780 5262 2951 5317 lector
2987 5263 3069 5317 vel
3110 5273 3303 5318 cantor
3335 5279 3467 5319 san-

223 5365 550 5435 σαρακοστὴν,
588 5382 643 5419 κ.
675 5381 728 5421 τ.
759 5363 811 5418 λ.

1884 5362 2009 5408 :lam
2036 5350 2260 5405 Pascha:
2277 5350 2429 5418 Quad
2440 5353 2929 5424 ragesimam,etc.,
2946 5364 3002 5408 ut
3018 5373 3181 5426 supra
3198 5373 3321 5429 pag.
3343 5357 3468 5413 653.

279 5450 332 5505 ο’.
364 5455 425 5507 Εἰ
447 5474 527 5519 τις
557 5458 873 5520 ἐπίσκοπος,
927 5454 961 5525 ἧ
989 5452 1383 5525 πρεσϐύτερος,
1426 5450 1459 5521 ἢ
1498 5452 1765 5512 διάκονος,

1940 5446 2011 5499 70
2037 5443 2176 5517 [69].
2203 5444 2260 5498 Si
2290 5444 2416 5513 quis
2444 5446 2759 5516 episcopus,
2793 5448 2874 5503 vel
2905 5448 3189 5517 diaconus,
3222 5452 3307 5506 vel
3345 5453 3473 5521 quis

224 5540 390 5609 ἦδλως
419 5549 509 5602 τοῦ
534 5550 833 5620 καταλόγου
862 5548 970 5603 τῶν
999 5546 1299 5618 κληρικῶν,
1328 5547 1583 5617 νηστεύοι
1636 5543 1777 5612 μετὲι

1892 5540 2113 5593 omnino
2154 5554 2221 5593 ex
2255 5539 2583 5593 clericorum
2626 5541 2897 5613 catalogo,
2935 5541 3149 5615 jejunat
3199 5560 3322 5600 cum
3378 5544 3476 5600 Ju-

236 5633 489 5705 σίουδαίων,
513 5660 565 5698 κ.
597 5661 647 5698 τ.
674 5643 725 5699 λ.

1891 5632 2022 5685 όςεὶε
2046 5640 2176 5695 etc.,
2212 5639 2268 5684 ut
2307 5647 2429 5701 pag.
2466 5630 2591 5689 758.

289 5751 327 5784 ⁸ο
356 5752 478 5812 Luc.
501 5775 567 5813 xv
588 5797 606 5827 ,
631 5761 683 5816 7.
778 5762 821 5794 δι
851 5762 971 5817 Act.
1015 5774 1168 5827 um,
1205 5758 1259 5813 5.
1327 5756 1370 5787 δ’
1396 5752 1516 5810 Nic.
1547 5768 1668 5808 can.
1706 5751 1789 5805 10.

309 5900 375 5971 Vt)
406 5902 717 5975 lntelligitur
748 5907 813 5961 de
841 5906 1300 5978 Cataphrygibus,
1353 5912 1415 5958 ut
1470 5915 1594 5971 cap.
1656 5898 1719 5951 l9
1747 5896 1961 5952 concil.
2016 5894 2132 5949 Nic.
2157 5903 2209 5949 et
2243 5894 2311 5951 95
2343 5906 2508 5952 scvtre
2542 5914 2678 5969 syno
2702 5898 2756 5953 li.

497 6000 762 6061 ιἈτιιοι.
802 6002 918 6060 Gn.
952 5998 1108 6061 CIV.

2956 5993 3034 6053 2’0
