4012 6456
543 393 647 457 747

1715 383 1977 444 ΡΙῘΟΤΙΙ
2005 384 2144 444 PAT

2252 382 2512 443 ARCIL‘E
2552 382 2661 442 (ΞΡ.
3719 376 3808 442 748

610 515 671 570 81
717 508 855 584 [80].
903 507 1148 564 Diximus
1203 521 1313 560 non
1369 509 1620 573 oportere
1673 501 2124 571 CplSCOIIUIII_\’Cl

2300 507 2413 556 πα’.
2441 499 2680 568 Εἴπομεν
2710 497 2792 551 ὅτι
2820 494 2895 566 μὴ
2923 494 3027 567 χρὴ
3057 495 3356 551 ἐπίσκοπον
3392 497 3426 568 ἢ
3466 497 3810 569 πρεσϐύτερον

542 603 926 674 presbyterum
969 599 1219 669 seipsum'
1243 596 1308 651 ad
1348 594 1596 666 publicas
1627 593 2134 648 administrationes

543 695 872 761 demittere,
929 691 1023 748 sed
1071 692 1125 746 in
1183 687 1575 746 ecclesiasticis
1623 687 1860 758 negotiis
1902 687 2132 742 versari.

542 789 639 843 Vel
670 802 800 857 ergo
831 786 904 840 ita
947 802 1056 841 nou
1095 783 1277 839 facere
1319 783 1733 852 persuadeatur,
1766 780 1850 836 vel
1893 780 2134 850 depona-

535 889 659 935 tur:
695 878 862 933 Nemo
885 877 1030 933 enim
1063 873 1451 946 potestduobus
1482 871 1710 927 dominis
1749 871 1942 926 servire
1956 869 2024 935 “,
2047 884 2136 924 se-

544 974 786 1030 cundum
815 969 1028 1024 Domini
1059 978 1408 1039 prarceptum.

615 1066 685 1120 85
724 1064 861 1138 [82].
905 1064 1241 1133 Episcopus,
1277 1061 1363 1115 vel
1405 1058 1727 1130 presbyter,
1755 1056 1840 1112 vel
1871 1056 2138 1112 diaconus

544 1161 811 1217 exercitui
832 1173 1056 1221 vacans,
1081 1167 1132 1211 et
1162 1161 1394 1224 utraque
1417 1152 1667 1207 obtinere
1693 1150 1901 1215 volens,
1935 1149 2137 1204 Roma-

546 1269 676 1308 num
719 1252 929 1308 scilicet
970 1249 1350 1319 magistratum
1379 1286 1394 1312 ,
1435 1252 1488 1299 et
1529 1241 1920 1298 sacerdotalem
1964 1240 2140 1295 admi-

547 1344 929 1400 nistrationem
952 1383 967 1408 ,
995 1343 1302 1411 deponatur
1333 1354 1346 1391 :
1379 1335 1511 1402 Qua:
1542 1343 1666 1390 sunt
1704 1335 1849 1389 enim
1884 1332 2138 1400 Ca'saris,

545 1437 748 1493 (Σανδανὶ
773 1454 789 1499 ;
821 1445 870 1490 et
904 1451 1020 1506 qua:
1042 1441 1164 1488 sunt
1197 1431 1316 1496 Dei,
1344 1429 1448 1484 Deo
1467 1429 1531 1482 ιι.

619 1530 709 1586 84.
749 1529 1014 1599 Quisquis
1040 1525 1245 1597 regem,
1271 1533 1400 1588 etc.,
1426 1534 1479 1576 ut
1511 1538 1633 1592 pag.
1655 1521 1782 1576 739.

822 1620 1054 1677 Concilii
1082 1617 1294 1671 Nicmni
1321 1631 1547 1669 canones
1570 1613 1747 1677 2,10,
1778 1612 1864 1666 17.

615 1713 673 1769 2.
733 1712 1006 1779 Quoniam
1081 1709 1288 1773 multa,
1348 1705 1436 1761 vel
1497 1704 1857 1769 necessitate,
1907 1711 2038 1769 etc.,
2083 1712 2139 1756 ut

548 1829 672 1884 pag.
712 1809 839 1866 499.

2235 594 2484 647 καθιέναι
2511 591 2704 648 ἐαυτδν
2753 592 2834 655 είς
2864 590 3131 661 δημοσίας
3161 589 3481 659 διοικήσεις,
3511 592 3646 645 ἀλλὰ
3661 609 3811 660 προσ-

2235 687 2515 754 ευκαιρεῖν
2569 685 2690 746 ταῖς
2735 681 3222 752 ἐκκλησιαστικαῖς
3267 680 3505 751 χρείαις·
3569 682 3603 752 ἢ
3648 682 3814 736 πειθέ-

2237 780 2354 834 σθω
2371 779 2463 834 ὸῦν
2491 779 2651 833 τοῦτο
2676 779 2752 851 μὴ
2777 780 2970 842 ποιεῖν,
2995 775 3027 847 ἦ
3062 775 3453 848 καθαιρείσθω·
3485 775 3696 840 Οὐδ-εὶς
3721 775 3815 844 γὰρ

2235 879 2486 933 δύναται
2504 877 2648 932 δυσὶ
2669 877 2896 946 κυρίοις
2913 875 3249 938 δουλεύειν,
3273 873 3415 926 κατά
3434 872 3535 943 τὴν
3552 871 3817 943 Κυριακὴν

2237 971 2663 1042 παρακέλευσιν.

2307 1066 2422 1127 πγ’.
2465 1059 2811 1122 Ἐπίσκοπος,
2842 1057 2875 1129 ἢ
2901 1055 3293 1128 πρεσϐύτερος,
3318 1057 3352 1127 ἢ
3375 1055 3644 1120 διάκονος,
3678 1071 3822 1125 στρα-

2237 1152 2358 1224 τεία
2390 1149 2686 1223 σχολάζων,
2725 1153 2820 1206 καὶ
2861 1151 3184 1222 βουλόμενος
3218 1151 3509 1221 ἀμφότερα
3559 1148 3819 1218 κατέχειν,

2250 1246 2563 1318 Ῥωμαϊκὴν
2598 1245 2772 1318 ἀρχὴν
2802 1247 2894 1300 καὶ
2925 1245 3205 1316 ἱερατικὴν
3235 1246 3503 1313 διοίκησιν
3523 1283 3539 1306 ,
3560 1240 3820 1310 καθαιρείι

2242 1337 2373 1391 σθω·
2411 1336 2485 1390 Τὰ
2521 1336 2630 1409 γὰρ
2669 1338 2972 1407 Καίσαρος
2999 1339 3278 1405 Καίσαρι,
3311 1337 3410 1391 καὶ
3445 1335 3518 1390 τὰ
3542 1335 3648 1390 τοῦ
3690 1334 3822 1388 Θεοῦ

2239 1431 2319 1497 τῷ
2357 1431 2500 1496 Θεῷ.

2311 1521 2414 1577 πδῆ
2451 1524 2549 1588 Ὃς
2569 1541 2650 1586 τις
2677 1523 2891 1596 ὑϐρίσει
2927 1525 3172 1594 βασιλέα,
3208 1543 3263 1579 κ.
3290 1543 3339 1578 τ.
3378 1525 3426 1579 λ.
3622 1529 3630 1587 ξ

2541 1618 2589 1669 Σ
2596 1616 2813 1671 υνόδου
2846 1619 3093 1684 Νικαίας
3127 1617 3327 1672 κανὼν
3354 1621 3397 1690 β’
3416 1628 3446 1672 ι’
3476 1619 3563 1684 ιζ’.

2315 1707 2378 1780 β’.
2411 1709 2633 1781 Ἐπειδὴ
2668 1710 2840 1764 πολλὰ
2861 1712 2979 1782 ἦτοι
3009 1712 3116 1765 ὑπὸ
3143 1715 3412 1784 ἀνάγκης,
3444 1733 3499 1770 κ.
3523 1734 3573 1770 τ.
3602 1717 3648 1771 λ.

617 1873 704 1959 10.
747 1901 1074 1969 Quicunque
1131 1915 1196 1953 ex
1247 1897 1312 1953 iis
1359 1896 1453 1967 qui
1523 1895 1662 1966 lapsi
1697 1902 1848 1962 sunt,
1898 1902 2028 1960 etc.,
2081 1903 2139 1946 ut

2318 1889 2560 1949 ι⁹.λ”οσοι
2603 1895 3098 1968 προεχειρίσθησαν
3127 1897 3236 1950 τῶν
3298 1903 3822 1972 παραπεπτωκότων,

552 2013 673 2066 pag.
708 1993 836 2050 547.

623 2013 673 2068 g.
708 2013 836 2050 oar.

629 2089 718 2143 17.
760 2085 1032 2153 Quoniam
1079 2083 1236 2138 multi
1268 2082 1314 2114 ’⁸⁸
1351 2079 1443 2152 qui
1495 2080 1550 2134 in
1594 2093 1806 2134 canone
1851 2091 2144 2132 recensen-

549 2189 659 2242 tur,
694 2180 851 2250 plura
880 2176 1114 2232 habendi
1147 2174 1387 2230 studium
1435 2183 1484 2227 et
1521 2180 1678 2241 turpe
1709 2171 1921 2226 lucrum
1956 2184 2142 2240 perse—

554 2286 811 2345 quentes,
841 2271 1044 2326 divina-3
1082 2269 1379 2339 Scriptura:
1425 2265 1580 2320 obliti
1631 2273 1783 2329 sunt,
1816 2279 1938 2333 quae
1966 2263 2098 2316 dicit
2129 2279 2142 2315 :

550 2367 842 2438 Argentum
887 2380 1042 2419 suum
1082 2378 1183 2416 non
1225 2361 1369 2414 dedit
1421 2361 1488 2412 ad
1530 2373 1753 2411 usuram
1782 2356 1826 2387 ⁵⁸
1855 2374 1867 2410 :
1901 2353 2067 2426 274
2092 2361 2147 2408 et

546 2459 859 2514 fenerantes
922 2454 1254 2511 centesimas
1307 2451 1570 2522 exigunt;
1652 2463 1868 2519 aequum
1931 2447 2148 2502 censuit

549 2559 743 2606 saneta
771 2557 837 2603 'et
866 2562 1069 2618 magna
1104 2543 1370 2617 synodus,
1415 2551 1476 2596 ut
1502 2541 1549 2598 si
1579 2541 1704 2612 quis
1735 2541 1992 2594 inventus
2025 2538 2144 2592 lue-

549 2644 622 2697 rit
666 2650 791 2714 post
842 2649 1105 2696 statutum
1155 2653 1354 2692 usuras
1403 2651 1474 2690 ex
1529 2643 1725 2689 mutuo
1771 2646 2009 2696 sumere,
2047 2629 2146 2684 ‘vel

549 2749 670 2790 eam
716 2749 828 2790 rem
882 2732 1042 2786 aliter
1073 2729 1351 2801 persequi,
1385 2726 1466 2782 vel
1507 2724 1904 2797 scsquialteras
1931 2721 2146 2795 [sescu—

473 2865 479 2882 .
553 2824 694 2898 pias]
731 2824 970 2895 exigere,
1024 2823 1111 2878 vel
1157 2821 1363 2890 aliquid
1413 2818 1565 2874 aliud
1610 2816 1925 2888 excogitare
1965 2815 2142 2886 turpis

552 2907 796 2990 quaestus
827 2915 1025 2988 gratia,
1068 2929 1100 2971 e
1129 2914 1278 2969 clero
1304 2913 1636 2982 deponatur,
1677 2919 1731 2965 et
1765 2909 1841 2964 sit
1872 2909 2082 2964 alienus
2116 2923 2143 2963 a

551 3025 784 3067 canone.

773 3102 1002 3160 Concilii
1037 3100 1311 3172 Ancyrani
1340 3115 1566 3156 mnones
1598 3097 1686 3165 10,
1721 3098 1809 3163 14,
1841 3098 1929 3154 18.

2246 2003 2302 2042 κ.
2317 2003 2370 2042 τ.
2389 1986 2439 2042 λ.

2319 2078 2404 2145 ιζ’.
2450 2081 2668 2154 Ἐπειδὴ
2710 2083 2896 2138 πολλοὶ
2923 2086 2982 2138 ἐν
3008 2083 3087 2155 τῷ
3117 2085 3304 2138 κανόνι
3321 2085 3714 2155 ἐξεταζόμενοι,
3739 2092 3825 2160 τὴν

2247 2172 2560 2239 πλεονεξίαν
2585 2176 2680 2228 καὶ
2702 2174 2802 2247 τὴν
2833 2176 3283 2248 αἰσχροκέρδειαν
3318 2177 3824 2247 διώκοντες,ὲπελά-

2247 2267 2402 2320 θοντο
2461 2267 2558 2321 τοῦ
2577 2268 2723 2322 θείου
2762 2269 3090 2340 Γράμματος
3131 2269 3414 2339 λέγοντος·
3467 2273 3538 2328 Τὸ
3563 2275 3825 2346 ἀργύριον

2245 2359 2434 2416 αὐτοῦ
2468 2363 2582 2416 οὐκ
2605 2361 2832 2416 ἔδωκεν
2851 2363 2950 2416 ἐπὶ
2993 2366 3170 2430 τόκῳ,
3197 2365 3293 2419 καὶ
3339 2366 3672 2433 δανείζοντες
3703 2372 3822 2424 ἐκα-

2247 2455 2444 2518 τοστάς
2479 2455 2803 2510 ἀπαιτοῦσιν
2828 2498 2844 2523 ,
2902 2457 3222 2512 ἐδικαίωσεν
3253 2460 3286 2530 ἡ
3319 2459 3454 2528 ἁγία.
3486 2461 3579 2514 καὶ
3630 2464 3818 2535 μεγάλη

2250 2548 2490 2614 σύνοδος,
2519 2549 2596 2613 ὡς
2641 2549 2696 2604 εῐ
2741 2567 2826 2614 τις
2871 2551 3125 2623 εὑρεθείη
3174 2553 3315 2622 μετά
3361 2554 3451 2607 τὸν
3481 2555 3606 2626 ὅρον
3649 2556 3816 2611 τοῦτον

2246 2643 2439 2707 τόκους
2463 2643 2781 2714 λαμϐάνων,
2814 2645 2878 2701 ἐκ
2911 2646 3365 2717 μεταχειρίσεως,
3388 2647 3616 2717 ἤάλλως
3649 2669 3820 2722 μετερ-

2248 2735 2476 2807 χόμενος
2516 2736 2577 2790 τὸ
2616 2738 2886 2810 πρᾶγμα,
2921 2738 2954 2810 ἢ
3007 2738 3266 2810 ἡμιολίας
3315 2741 3605 2807 ἁπαιτῶν,
3651 2744 3817 2813 eam;

2249 2829 2439 2901 ἔτερόν
2467 2847 2520 2884 τι
2547 2829 2779 2884 ἐπινοῶν
2821 2830 3051 2902 αἰσχροῦ
3079 2830 3307 2902 κέρδους
3358 2833 3543 2899 ἓνεκα,
3579 2839 3817 2908 καθαιρε·

2250 2923 2476 2995 θήσεται
2503 2923 2596 2978 τοῦ
2625 2923 2852 2996 κλήρου,
2884 2925 2978 2978 καὶ
3006 2925 3287 2998 ἀλλότριος
3309 2926 3404 2980 τοῦ
3421 2929 3637 2993 κανόνος
3664 2931 3814 2984 ἔσται.

2461 3093 2733 3149 Συνοδου
2785 3093 3065 3164 Ἀγκύρας
3098 3096 3301 3151 κανὼν
3325 3105 3380 3163 ι’,
3409 3099 3496 3165 ιδ’,
3541 3107 3627 3169 ιη’.

629 3201 715 3256 1θ.
747 3201 1077 3271 Quicunque
1105 3197 1323 3254 diaconi
1355 3193 1637 3251 constituti
1665 3232 1680 3257 ,
1713 3193 1766 3248 in
1798 3195 1911 3263 ipsa
1941 3190 2142 3247 consti-

2323 3192 2374 3240 ι’.
2401 3186 2652 3240 Διακονοί
2679 3188 2794 3240 ὅσοι
2813 3187 3190 3251 καθίστανται,
3213 3193 3342 3259 παρ’
3362 3192 3530 3263 αὐτὴν
3551 3193 3642 3264 τὴν
3671 3194 3818 3244 xari-

554 3292 768 3348 tutione
838 3291 1110 3346 testificati
1175 3297 1305 3346 sunt
1352 3296 1408 3343 et
1458 3287 1717 3342 dixerunt
1768 3292 2021 3356 oportere
2086 3300 2144 3338 se

556 3398 757 3439 uxores
800 3383 1033 3444 ducere,
1071 3398 1195 3438 cum
1247 3396 1353 3435 non
1387 3379 1599 3452 possint
1633 3379 1713 3434 sic
1753 3391 2000 3440 manere,
2033 3377 2069 3431 ii
2101 3376 2146 3430 si

558 3490 784 3531 uxorem
816 3485 1002 3546 postea
1028 3476 1304 3541 duxerint,
1333 3474 1444 3529 sint
1473 3474 1526 3527 in
1551 3471 1878 3537 ministerio,
1910 3486 1977 3526 eo
2000 3471 2146 3540 quod

557 3569 661 3623 hoc
697 3567 768 3623 sit
819 3568 926 3623 illis
957 3568 1026 3622 ab
1054 3568 1317 3638 episcopo
1351 3581 1699 3624 concessum.
1746 3565 1801 3620 Si
1833 3565 1928 3636 qui
1959 3575 2144 3620 autem

555 3662 660 3718 hoc
690 3661 909 3717 silentio
949 3663 1258 3732 praeterito,
1316 3671 1370 3717 et
1421 3661 1474 3715 in
1527 3658 1914 3722 ordinatione,
1966 3665 2026 3712 ut
2075 3658 2146 3712 ita

557 3763 874 3818 manerent,
913 3754 1153 3823 suscepti
1194 3760 1352 3815 sunt,
1402 3760 1591 3822 postea
1627 3759 1809 3805 autem
1851 3749 1919 3806 ad
1959 3749 2149 3804 matri-

553 3842 802 3898 monium
833 3854 1123 3908 venerunt,
1164 3844 1196 3897 ii
1227 3860 1256 3898 a
1289 3843 1584 3898 diaconatu
1619 3848 1858 3898 cessent.

627 3935 715 3990 M.
759 3935 863 4002 Qui
904 3937 955 3990 in
988 3937 1135 3991 clero
1182 3945 1349 4002 sunt,
1395 3937 1738 4008 presbyteros
1766 3936 1848 3990 vel
1880 3935 2147 3990 diaconos

556 4042 586 4081 a
621 4027 883 4083 carnibus
918 4027 1254 4084 abstinentes
1281 4071 1295 4096 ,
1343 4029 1521 4082 visum
1564 4036 1647 4082 est
1690 4043 1785 4082 eas
1836 4027 2106 4096 attingere
2131 4067 2146 4088 ,

555 4131 612 4177 et
642 4123 743 4188 sic,
768 4131 827 4176 ut
855 4121 1044 4188 velint,
1079 4122 1147 4176 ab
1177 4123 1256 4176 eis
1293 4121 1588 4176 abstinere.
1633 4121 1690 4174 Si
1740 4130 1922 4175 autem
1974 4119 2151 4174 nolint

555 4212 705 4267 olera
735 4252 749 4277 ,
791 4228 915 4282 quae
944 4229 1069 4267 cum
1103 4212 1363 4268 carnibus
1401 4220 1776 4282 apponuntur,
1821 4210 2151 4278 comedere,

555 4313 610 4361 et
644 4307 843 4362 canoni
875 4321 980 4361 non
1011 4306 1249 4373 cedant,
1303 4305 1372 4360 ab
1405 4305 1600 4360 ordine
1644 4318 1885 4359 cessare.

620 4492 708 4548 18.
745 4491 802 4547 Si
833 4492 926 4564 qui
967 4492 1250 4548 constituti
1306 4491 1574 4562 episcopi,
1620 4500 1754 4557 etc.,
1783 4499 1840 4544 ut
1863 4507 1983 4562 pag.
2013 4491 2148 4547 506.

911 4669 1135 4726 Concilii
1170 4669 1521 4724 Ca’sareensis
1545 4685 1716 4723 canon
1740 4668 1792 4723 1.

625 4763 679 4818 1.
712 4763 1003 4834 Presbyter
1029 4765 1072 4818 si
1100 4778 1324 4817 uxorem
1360 4761 1613 4829 duxerit,
1638 4771 1769 4828 etc.,
1806 4773 1861 4816 ut
1883 4779 2004 4834 pag.
2034 4763 2158 4819 759.

715 4855 1279 4911 CouciliiAntioc/teui
1309 4872 1539 4910 canones
1573 4857 1622 4920 1,
1651 4856 1706 4923 3,
1745 4855 1800 4924 4,
1826 4856 1880 4925 5,
1906 4859 1993 4913 15.

629 4951 679 5004 1.
708 4947 914 5006 Omnes
939 4951 1031 5021 qui
1054 4952 1275 5015 audent,
1302 4958 1432 5016 etc.,
1455 4959 1513 5002 ut
1537 4966 1662 5021 pag.
1687 4948 1813 5006 659.

627 5043 681 5102 5.
717 5044 774 5098 Si
799 5044 923 5115 quis
959 5044 1263 5116 presbyter,
1293 5044 1374 5099 vel
1423 5044 1712 5111 diaconus,
1751 5044 1840 5100 vel
1867 5046 1993 5116 quis
2032 5061 2151 5102 om—

556 5136 687 5190 nino
714 5151 781 5192 ex
819 5137 1147 5200 sacerdotali
1170 5137 1362 5192 ordine
1381 5137 1569 5192 relicta
1595 5153 1694 5194 sua
1718 5138 2001 5209 parochia,
2023 5150 2150 5208 etc.,

554 5237 610 5280 ut
635 5244 755 5298 pag.
794 5228 918 5282 658.

627 5320 790 5392 275
831 5322 884 5377 4.
942 5319 998 5376 Si
1049 5323 1174 5394 quis
1207 5324 1502 5395 episcopus
1538 5338 1570 5377 a
1605 5323 1817 5395 synodo
1841 5322 2147 5396 depositus,

549 5423 683 5479 etc.,
718 5425 772 5468 ut
807 5415 1072 5486 pag.20l.

628 5509 683 5564 5.
729 5510 786 5563 Si
837 5510 962 5580 quis
1009 5511 1296 5584 presbyter
1329 5511 1411 5566 vel
1439 5510 1707 5566 diaconus
1731 5511 1955 5583 proprio
2013 5525 2146 5566 con-

553 5608 761 5670 tempto
792 5603 1069 5674 episcopo,
1104 5605 1174 5659 ab
1207 5604 1451 5660 Ecclesia
1483 5604 1728 5676 seipsum
1761 5605 2149 5678 segregaverit,

543 5706 681 5761 etc.,
728 5706 782 5750 ut
839 5713 962 5769 pag.
1030 5699 1158 5754 585.

618 5876 664 5908 ’⁵³
706 5879 1000 5956 Mattli.vt,
1040 5885 1131 5938 SM.
1229 5882 1663 5958 ”_Mallll.:XXIl,
1692 5888 1782 5942 21.

1891 5888 1936 5920 ⁸⁸
1961 5889 2154 5961 Apost.
2190 5891 2288 5958 μς
2324 5889 2491 5950 Laod.
2523 5891 2589 5960 5;
2630 5891 2832 5953 Leonis
2864 5896 3144 5966 5;.Gelas.
3183 5897 3270 5952 l5.

2253 3293 2443 3331 στασιν
2475 3281 2524 3332 εἰ
2561 3279 2940 3351 ἐμαρτύραντο
2981 3282 3074 3334 καὶ
3108 3283 3314 3350 ἔφασαν
3343 3286 3544 3356 χρῆναι
3575 3289 3812 3357 γαμῆσαι,

2253 3370 2327 3442 μὴ
2357 3371 2642 3441 δυνάμενοι
2684 3372 2858 3436 οῦτως
2890 3371 3257 3443 μένειν.οἷιτοι
3281 3383 3419 3449 μετᾶ
3451 3382 3619 3436 ταῦτα
3658 3384 3814 3452 γαμή-

2252 3481 2463 3527 σαντες,
2478 3465 2723 3519 ἔστωσαν
2741 3469 2799 3519 ἐν
2821 3469 2884 3538 τῇ
2906 3468 3180 3542 ὑπηρεσίᾳ
3199 3472 3284 3526 διὰ
3304 3474 3362 3527 τὸ
3376 3476 3728 3545 ἐπιτραπῆναι
3744 3477 3815 3528 αὖα

2254 3560 2367 3620 τοῖς
2392 3557 2496 3610 ὑπὸ
2520 3557 2614 3610 τοῦ
2637 3558 2965 3614 ἐπισκόπου·
2988 3561 3220 3616 τοῦτοδὲ
3236 3565 3290 3617 εἴ
3306 3583 3450 3630 τινες
3473 3569 3812 3639 σιωπήσαντες

2250 3650 2345 3702 καὶ
2385 3650 2813 3720 καταδεξάμενοι
2866 3655 2924 3706 ἐν
2981 3658 3046 3727 τῇ
3079 3659 3387 3730 χειροτονίᾳ
3429 3661 3610 3729 μένειν
3647 3660 3810 3722 οὕτως,

2254 3742 2392 3810 μετά
2423 3742 2595 3796 ταῦτα
2626 3738 2788 3815 ἦλθον
2819 3745 2913 3798 ἐπὶ
2936 3747 3138 3817 γάμον,
3172 3749 3492 3804 πεπαῦσθαι
3530 3752 3712 3815 αὐτοὺς
3732 3755 3810 3820 τῆς

2249 3835 2549 3900 διακονίας.

2325 3927 2407 3984 ιδ’.
2437 3931 2574 3994 Τοὺς
2598 3932 2656 3983 ἐν
2686 3931 2875 4004 κλήρῳ
2894 3934 3300 4007 πρεσϐυτέρους
3319 3937 3481 4001 ὄντας
3497 3939 3529 4009 ἢ
3547 3937 3810 4000 διακόνους,

2252 4023 2346 4075 καὶ
2388 4023 2763 4094 ἀπεχομένους
2806 4027 2985 4098 κρεῶν
3019 4068 3035 4092 ,
3083 4027 3261 4093 ἔδοξεν
3325 4031 3679 4098 ἐφάπτεσθαι·
3727 4032 3806 4082 καὶ

2252 4114 2426 4180 οὕτως
2451 4158 2466 4182 ,
2501 4119 2550 4170 εί
2581 4117 2858 4188 βούλοιντο
2913 4124 3134 4192 κρατεῖν
3167 4123 3400 4176 ἐαυτῶν·
3436 4125 3565 4178 εἰδὲ
3619 4123 3802 4195 βδελύσ-

2256 4225 2432 4262 σοιντο
2466 4209 2543 4274 ὡς
2577 4211 2654 4282 μὴ
2684 4212 2742 4266 δὲ
2764 4212 2833 4266 τὰ
2871 4214 3010 4284 μετὰ
3044 4215 3152 4270 τῶν
3191 4217 3375 4288 κρεῶν
3427 4217 3712 4290 βαλλόμενα
3730 4215 3806 4270 λά-

2253 4317 2389 4370 χανα
2425 4299 2646 4366 ἐσθίειν,
2687 4306 2781 4356 καὶ
2813 4304 2888 4375 μὴ
2927 4305 3205 4362 ὑπείκοιεν
3255 4309 3333 4380 τῷ
3395 4310 3602 4375 κανόνι,
3629 4307 3809 4363 πεπαῦ-

2256 4392 2380 4445 σθαι
2403 4393 2596 4459 αὗτοὺς
2624 4396 2723 4465 τῆς
2748 4396 2977 4463 τάξεως.

2329 4493 2420 4556 ιη’.
2453 4488 2520 4541 Οἵ
2544 4507 2689 4554 τινες
2717 4490 3007 4545 ἐπίσκοποι
3053 4495 3488 4562 κατασταθέντες
3521 4497 3612 4552 καὶ
3648 4497 3714 4567 μὴ
3739 4494 3809 4547 δε·

2186 4592 2230 4647 ι)
2257 4579 2480 4650 χθέντες
2511 4599 2564 4638 κ.
2597 4599 2650 4638 τ.
2671 4584 2722 4639 λ.

2575 4680 2846 4735 Συνόδου
2877 4683 3234 4751 Καισαρείας
3267 4685 3473 4739 κανὼν
3496 4691 3566 4739 α’.

2327 4767 2797 4846 α’,ξΠρεσϐύτερος
2829 4777 2926 4830 ἐὰν
2946 4780 3124 4851 γήμῃ,
3154 4797 3209 4834 κ.
3248 4797 3300 4833 τ.
3335 4784 3386 4837 λ.

2324 4864 2598 4919 Συνόδου
2651 4866 3018 4938 Ἀντιοχείας
3052 4871 3255 4926 κανὼν
3287 4881 3357 4940 α’,
3380 4883 3451 4946 γ’,
3481 4878 3546 4946 δ’,
3589 4885 3646 4946 ε’,
3673 4884 3751 4947 ιγ’.

2323 4961 2391 5010 α’.
2427 4957 2640 5022 Πάντας
2661 4960 2788 5025 τοὺς
2819 4961 3158 5033 τολμῶντας,
3186 4984 3239 5019 κ.
3274 4987 3326 5022 τ.
3361 4968 3412 5024 λ.

2319 5055 2389 5116 γ’.
2420 5049 2490 5103 Εἴ
2509 5067 2592 5115 τις
2624 5053 3022 5126 πρεσϐύτερος,
3048 5058 3080 5128 ἢ
3105 5058 3371 5128 διάκονος,
3399 5063 3432 5133 ἦ
3463 5065 3597 5128 ὅλως
3613 5063 3709 5118 τῶν
3732 5060 3805 5114 τοῦ

2261 5141 2557 5214 ἱερατείου,
2581 5146 2900 5204 καταλιπὼν
2927 5150 3026 5222 τὴν
3057 5153 3256 5207 ἑαυτοῦ
3285 5159 3600 5225 παροικίαν,
3621 5175 3672 5212 κ.
3697 5173 3738 5209 τ.
3762 5157 3800 5208 λ.

2324 5325 2387 5384 δ’.
2402 5329 2562 5394 Εῐτις
2577 5331 2876 5398 ἐπίσκοπος
2897 5334 3001 5388 ὑπὸ
3025 5337 3244 5391 συνόδου
3267 5338 3628 5411 καθαιρεθείς,
3647 5356 3694 5392 κ.
3709 5335 3798 5390 τ.λ.

2322 5512 2383 5570 ε’.
2419 5517 2484 5570 Et
2512 5535 2596 5582 τις
2634 5519 3008 5594 πρεσϐύτερος
3037 5521 3070 5593 ἢ
3097 5523 3364 5588 διάκονος,
3421 5525 3794 5596 καταφρονήσας

2256 5606 2352 5660 τοῦ
2379 5608 2510 5662 ἰδίου
2546 5613 2871 5679 ἐπισκόπου,
2901 5614 3177 5688 ἀφώρισεν
3229 5617 3422 5673 ἑαυτὸν
3473 5621 3568 5690 τῆς
3607 5617 3792 5683 Ἑκκλη·

2259 5701 2399 5767 σίας,
2431 5719 2486 5757 κ.
2519 5719 2570 5756 τ.
2611 5702 2662 5758 λ.

3390 5897 3436 5930 ⁸⁸
3467 5894 3598 5954 Psal.
3628 5902 3719 5953 xw,
3744 5881 3779 5936 5.
