4012 6412
223 387 321 451 749

229 545 238 575 ε
291 502 377 573 ιγ’.
416 501 634 574 Μηδένα
661 500 960 555 ἐπίσκοπον
978 499 1208 572 τολμᾷν,
1235 517 1288 553 κ.
1322 516 1374 554 τ.
1410 497 1460 551 λ.
1824 507 1872 560 Α

539 594 811 651 Συνόδου
871 593 1132 663 Ἐρέσου
1180 591 1382 646 κανὼν
1429 590 1494 660 β”

291 688 354 762 β’.
383 690 450 743 El.’
472 705 614 752 τινες
649 686 1000 759 ἐπαρχεῶται
1031 685 1318 740 ἐπίσκοποι
1346 727 1360 752 ,
1392 682 1802 755 ἀπελείφθησαν

224 789 314 858 τῆς
342 784 501 853 ἁγίας
533 782 770 847 συνόδου,
805 783 898 834 καὶ
931 784 998 852 τῇ
1023 781 1328 852 ἀποστασία
1365 781 1801 851 προσετέθησαν,

225 881 255 950 ἢ
283 877 644 950 προστεθῆναι
668 876 982 946 πειραθεῖεν
1016 917 1031 940 ,
1062 875 1096 944 ἢ
1139 875 1232 928 καὶ
1263 872 1682 944 ὑπογράψαντες
1734 874 1801 944 τῇ

225 973 507 1044 Νεστορίω
545 972 868 1044 καθαιρέσει
913 971 1392 1041 ὲπαλινδρόμησαν
1431 970 1569 1040 πρδς
1614 968 1676 1022 τὺ
1701 969 1803 1038 τῆς

223 1065 552 1126 ἀποστασίας
583 1063 881 1133 συνέδριον,
921 1062 1147 1126 τούτους
1175 1062 1352 1132 πάντη
1384 1060 1529 1114 κατὰ
1558 1059 1618 1113 τὸ
1642 1059 1801 1125 δόξαν

225 1161 283 1228 τῇ
315 1157 442 1229 ἁγίᾳ
476 1144 701 1226 συνόδῳ,
721 1155 1036 1226 ἀλλοτρίους
1069 1151 1208 1209 εἶναι
1240 1154 1340 1224 τῆς
1372 1153 1673 1226 ἱερωσύνης
1706 1154 1804 1207 καί⁵

225 1251 308 1305 τοῦ
338 1248 544 1321 βαθμοῦ
575 1247 964 1312 ἐκπίπτοντας.

366 1341 642 1397 Συνύδου
667 1341 1061 1410 Χαλκηδόνος
1095 1341 1299 1396 κανὼν
1326 1341 1392 1412 β’,
1437 1347 1530 1412 ιη’,
1555 1340 1658 1406 κζ’.

289 1438 350 1510 β’.
381 1437 450 1490 Et
471 1454 556 1500 τις
572 1437 874 1499 ἐπίσκοπος
893 1436 987 1489 ἐπὶ
1015 1440 1266 1508 χρήμασι
1283 1435 1626 1507 χειροτονίαν
1656 1435 1810 1504 ποιή-

228 1549 386 1598 σαιτο,
417 1549 470 1587 κ.
503 1549 555 1584 τ.
588 1531 638 1584 λ.

290 1624 373 1695 ιη’.
408 1626 481 1678 Τὸ
514 1625 613 1696 τῆς
645 1623 990 1696 συνωμοσίας
1047 1621 1081 1693 ἢ
1116 1623 1346 1693 φατρίας
1372 1621 1648 1692 ἔγκλημα.
1709 1622 1809 1675 καὶ

230 1719 363 1788 παρὰ
395 1719 500 1771 τῶν
536 1718 645 1785 ἔξω
695 1717 874 1787 νόμων
909 1717 1087 1786 πάντη
1130 1713 1462 1779 κεκώλυται,
1525 1715 1705 1785 πολλῷ
1742 1715 1807 1786 δὴ

229 1811 415 1882 μᾶλλον
471 1812 530 1863 ἐν
565 1813 634 1881 τῇ
667 1809 762 1862 τοῦ
827 1807 964 1862 Θεοῦ
1004 1806 1305 1878 Ἐκκλησία
1351 1807 1510 1860 τοῦτο
1559 1807 1808 1876 γίνεσθαι

995 381 1400 443 SYNTAGMA
1437 381 1829 443 CANONUM.
1857 383 2087 444 --TIT.
2130 381 2237 458 IX,
2277 381 2437 444 CAP.
2474 382 2633 445 XIV.

3387 387 3493 451 750

1973 497 2059 552 15.
2097 493 2292 551 Nullus
2323 495 2615 566 episcopus
2639 495 2857 562 audeat,
2885 504 3018 563 etc.,
3046 505 3104 550 ut
3143 512 3267 566 pag.
3294 494 3426 553 475.

2313 588 2540 644 Concilii
2566 589 2820 654 Ephesini
2836 607 3004 644 canon
3027 590 3083 643 2.

1975 683 2032 737 ‘2.
2069 683 2127 737 Si
2196 683 2288 753 qui
2333 691 2516 737 autem
2549 683 2940 754 ’provinciales
2971 681 3210 752 episcopi
3241 696 3270 735 a
3302 689 3496 736 sancta

1907 772 2119 844 synodo
2154 770 2466 834 abfuerint,
2501 781 2556 826 et
2588 771 2974 827 deficientibus
3008 770 3371 833 alllraaseriot,
3405 779 3499 823 aut

1908 863 2190 918 adhaerere
2224 862 2578 923 tentaveriut,
2611 862 2692 916 vel
2728 862 2893 916 etiam
2925 871 3214 931 postquam
3251 860 3500 916 subscri-

1907 963 2138 1027 pserunt
2164 951 2404 1009 Nestorii
2439 954 2769 1023 depositioni
2798 995 2812 1018 ,
2847 969 3041 1008 rursus
3075 952 3142 1007 ad
3177 950 3500 1007 defeetionis

1906 1064 2232 1106 consessum
2259 1056 2628 1112 recurrerunt,
2679 1049 2813 1102 istos
2836 1047 3040 1116 placuit
3069 1054 3274 1102 sancta:
3293 1046 3502 1118 synodo

1905 1142 2128 1213 penitus
2171 1141 2381 1196 alienos
2425 1155 2548 1195 esse
2588 1139 2930 1205 sacerdotio,
2976 1147 3031 1194 et
3070 1155 3099 1193 a
3140 1139 3311 1210 gradu
3355 1139 3502 1194 ceci-

1908 1233 2078 1289 disse.

1982 1324 2214 1381 Concilii
2259 1323 2701 1380 Chalcedonensis
2753 1339 2978 1378 canones
3021 1323 3092 1385 2,
3134 1320 3354 1384 18,27.

1980 1423 2037 1477 2.
2077 1423 2135 1477 Si
2184 1423 2311 1492 quis
2375 1422 2670 1491 episcomrs
2718 1429 2937 1490 propter
2969 1422 3234 1490 pecunias
3262 1419 3494 1475 ordina-

1909 1517 2111 1571 tionem
2146 1516 2357 1579 fecerit,
2392 1524 2525 1577 etc.,
2561 1524 2619 1567 ut
2650 1531 2771 1585 pag.
2808 1513 2934 1568 515.

1986 1611 2071 1666 18.
2135 1608 2551 1677 Corijurationis
2621 1608 2704 1660 vel
2775 1607 3087 1662 Sodalitatis
3165 1607 3372 1660 crimen
3437 1606 3505 1660 ab

1909 1702 2258 1759 externitatis
2307 1702 2472 1754 etiam
2523 1699 2735 1767 legibus
2755 1708 2836 1753 est
2867 1700 3094 1753 omnino
3136 1698 3503 1768 prohibitum:

1916 1797 2090 1849 multo
2117 1794 2294 1864 magis
2349 1793 2452 1846 hoc
2488 1803 2672 1846 autem
2725 1793 2776 1846 in
2813 1791 2908 1847 Dei
2959 1791 3189 1846 ecclesia
3227 1790 3341 1845 fieri
3377 1805 3508 1860 pro-

228 1900 578 1974 ἀπαγορεύειν
629 1903 918 1972 προσήκει.
952 1899 1017 1953 Εἴ
1047 1915 1192 1961 τινες
1237 1899 1418 1953 τοίνυν
1467 1899 1742 1971 κληρικοὶ,
1777 1899 1810 1969 ἦ

1966 1885 2117 1939 ibere
2172 1891 2412 1952 oportet.
2452 1880 2506 1936 Si
2545 1881 2637 1949 qui
2697 1895 2827 1950 ergo
2883 1879 3068 1934 clerici
3119 1879 3203 1931 vel
3251 1875 3509 1931 monachi

230 1997 537 2068 μονάζοντες
569 1994 866 2068 εὑρεθεῖεν,
901 1993 934 2059 ἢ
967 1991 1389 2063 συνομνύμενοι,
1422 1991 1455 2062 ἢ
1488 1992 1816 2063 φατριάςον.

228 2109 328 2158 τες,
359 2092 390 2164 ἢ
424 2092 776 2154 κατασκευὰς
833 2089 1153 2160 τορεύοντες
1207 2087 1527 2150 ἐπισκόποις
1560 2087 1593 2158 ἢ
1622 2088 1816 2159 κληρι-

231 2187 351 2249 κοῖς,
391 2183 810 2238 ἐκπιπτέτωσαν
842 2183 1020 2253 πάντη
1056 2180 1149 2235 τοῦ
1174 2181 1377 2234 οἰκείου
1420 2179 1655 2251 βαθμοῦ.

294 2368 545 2434 κζ’.Τοὺς
564 2368 918 2440 ἁρπάζοντας
961 2370 1230 2437 γυναῖκας
1259 2368 1603 2440 ἐπ’ὀνόματι
1645 2385 1822 2422 συνοι·

231 2462 419 2526 κεσίου,
445 2461 478 2531 ἢ
504 2479 568 2514 συ
578 2460 975 2531 μπράττοντας,
1002 2459 1035 2530 ἦ
1064 2460 1486 2532 συναιρομένους
1511 2463 1623 2523 τοῖς
1643 2459 1825 2531 ἁρπά-

234 2553 420 2618 ζουσιν,
465 2553 672 2623 ὥρισεν
702 2555 734 2624 ἠ
760 2551 892 2621 ἁγία
925 2550 1166 2618 σύνοδος,
1198 2553 1246 2605 εί
1275 2552 1373 2623 μὲν
1406 2551 1660 2624 κληρικοὶ
1689 2546 1823 2615 εἷεν,

235 2646 507 2700 ἐκπίπτειν
523 2645 620 2700 τοῦ
643 2644 773 2698 ίδίου
797 2642 1028 2716 βαθμοῦ·
1055 2647 1103 2698 εἰ
1125 2645 1182 2699 δὲ
1207 2644 1408 2712 λαῖκοὶ,
1427 2644 1826 2716 ἀναθεματίζε-

238 2737 368 2794 σθαι.

530 2831 809 2887 Συνόδου
833 2832 1140 2902 Σαρδικῆς
1170 2832 1372 2886 κανὼν
1393 2838 1501 2887 καν.

300 2923 608 2988 Γαυδέντιος
645 2913 942 2990 ἐπίσκοπος
999 2919 1143 2978 εἷπε·
1195 2925 1369 2978 ταῦτα
1415 2925 1485 2980 τὰ
1547 2941 1830 2997 σωτηρίω-

242 3018 354 3081 ὃώς,
387 3037 438 3073 κ.
472 3037 522 3072 τ.
559 3018 614 3073 λ.

307 3115 408 3167 Καὶ
431 3113 594 3168 τοῦτο
620 3113 678 3167 δέ
704 3113 914 3167 ἐκεῖθεν
948 3113 1187 3185 μάλιστα
1221 3113 1502 3194 γνώριμον
1533 3115 1830 3186 γενήσεται

244 3209 328 3262 καὶ
356 3208 799 3281 πληρωθήσεται,
829 3226 883 3262 κ.
909 3226 961 3264 τ.
989 3209 1042 3263 λ.

247 3301 498 3356 Evr-660v
536 3300 963 3371 οὶκουμενικῆς
1019 3301 1201 3370 ἕκτης
1251 3301 1452 3357 κανὼν
1471 3309 1542 3374 γ’,
1566 3302 1634 3369 δ’,
1664 3309 1728 3370 ε’,
1758 3302 1823 3366 θ’,

800 3399 851 3457 ι’,
883 3391 970 3460 ια’,
1003 3395 1112 3459 πξν
1147 3396 1261 3462 ‘19.-

311 3488 439 3556 Περὶ
470 3487 682 3556 ἱερέων
714 3486 814 3540 καὶ
856 3488 1182 3555 κληρικῶν.

311 3591 376 3651 γ’.
413 3581 635 3652 Ἐπειδὴ
665 3580 720 3634 δέ
751 3582 779 3634 ὁ
811 3581 1043 3654 εὐσεϐὴς
1076 3583 1172 3637 καὶ
1195 3582 1539 3654 φιλόχριστος
1561 3582 1718 3653 ἡμῶν
1734 3581 1830 3653 βα-

254 3677 435 3743 σιλεὺς,
465 3697 518 3735 κ.
549 3697 604 3732 τ.
635 3679 686 3732 λ.

313 3771 371 3826 δ’.
403 3774 466 3828 Εῖ
489 3793 576 3838 τις
632 3774 929 3837 ἐπίσκοπος
950 3814 965 3838 ,
1005 3771 1039 3843 ἦ
1069 3769 1458 3841 πρεσϐύτερος,
1495 3769 1528 3839 ἢ
1561 3767 1828 3832 διάκονος,

255 3863 283 3934 ἢ
313 3866 681 3931 ύποδιάκονος,
713 3867 745 3937 ἥ
771 3866 1148 3934 ἁναγνὼστης,
1175 3863 1208 3934 ἢ
1233 3862 1466 3934 ψάλτης,
1499 3862 1533 3932 ἦ
1561 3861 1828 3933 θυρωρὸς,

259 3963 464 4024 γυναικὶ
493 3959 856 4032 ἀφιερωμένῃ
908 3957 1029 4030 Θεῷ
1063 3955 1308 4027 μιχθείη,
1340 3952 1733 4023 καταιρείσθω,
1758 3952 1833 4015 ὼς

256 4052 343 4121 τὴν
370 4053 585 4126 νύμφην
623 4054 720 4109 τοῦ
777 4054 1022 4126 Χριστοῦ
1061 4051 1402 4123 διαφθείρας⁸
1447 4053 1495 4104 εί
1541 4049 1599 4104 δὲ
1623 4049 1830 4114 λαῖκὶς,

257 4143 607 4216 ἀφοριζέσθω.

321 4237 377 4293 ε’.
416 4241 622 4309 Μηδεὶς
665 4237 773 4292 τῶν
831 4240 888 4292 ἐν
927 4235 1189 4310 ἱερατικῷ
1229 4233 1688 4305 καταλεγομένων
1739 4231 1837 4285 τά-

259 4344 413 4400 γματι
440 4349 562 4388 κ.τ.
595 4333 648 4387 λ.

327 4424 384 4480 θ’.
408 4426 612 4496 Μηδενὶ
641 4424 840 4493 ἐξεῖναι
876 4422 1123 4495 κληρικῷ
1153 4421 1460 4494 καπηλικὸν
1491 4421 1643 4494 ἔχειν
1677 4423 1838 4492 ἐργαο

265 4520 484 4591 στήριον.
520 4521 586 4574 Εἰ
621 4520 729 4590 γὰρ
788 4518 867 4590 τῷ
905 4516 1130 4588 τοιούτῳ
1191 4517 1416 4570 εἰσιέναι
1455 4517 1511 4570 ἐν
1555 4515 1839 4587 καπηλείῳ

1920 1976 2130 2035 inventi
2156 1975 2383 2040 fuerint,
2441 1989 2500 2028 se
2523 1974 2815 2043 iactantes,
2850 1972 2933 2025 vel
2989 1969 3308 2026 Sodalitates
3359 1984 3512 2024 com-

1919 2081 2215 2142 parantes,
2246 2068 2329 2121 vel
2372 2066 2575 2136 aliquid
2631 2074 2908 2120 struentes
2951 2079 3016 2118 ac
3071 2063 3365 2117 molientes
3419 2063 3514 2116 ad-

1918 2179 2114 2220 versus
2132 2162 2422 2232 episcopos
2451 2175 2517 2214 ac
2545 2158 2800 2220 clericos,
2833 2157 3058 2228 proprio
3090 2155 3265 2228 gradu
3288 2155 3513 2212 omnino

1921 2255 2195 2311 excident.

1994 2347 2088 2402 27.
2135 2346 2242 2401 Eos
2273 2345 2367 2415 qui
2404 2343 2626 2398 nomine
2681 2341 2921 2411 coniugii
2974 2340 3236 2396 mulieres
3293 2341 3519 2410 rapiunt

1924 2441 2012 2496 vel
2059 2455 2216 2510 opem
2250 2439 2458 2505 ferunt,
2518 2451 2582 2491 ac
2614 2435 2970 2490 consentiunt
3019 2433 3085 2488 iis
3126 2435 3219 2502 qui
3268 2435 3515 2504 rapiunt.

1929 2535 2124 2592 statuit
2183 2532 2446 2604 synodus,
2517 2529 2563 2586 si
2625 2529 2736 2584 sint
2781 2527 3000 2598 quidem
3041 2526 3251 2587 clerici,
3295 2527 3519 2596 proprio

1928 2627 2101 2698 gradu
2121 2625 2406 2690 excidere;
2439 2623 2522 2676 sin
2550 2629 2730 2676 autem
2763 2619 2909 2685 laici,
2933 2618 3409 2672 anatbematizari.

2267 2840 2496 2897 Concilii
2521 2837 2858 2894 Sardiccnsis
2899 2854 3071 2890 canon
3099 2835 3192 2892 21.

2003 2941 2096 2995 21.
2118 2937 2461 2994 Gaudentius
2505 2934 2796 3006 episcopus
2820 2932 2956 2986 dixit
2987 2949 2999 2986 :
3029 2930 3156 2988 llaec
3185 2933 3520 2998 salutariter,

1934 3043 2066 3096 etc.,
2094 3040 2153 3085 ut
2191 3048 2316 3102 pag.
2346 3027 2473 3084 666.

2008 3126 2182 3181 Porro
2233 3132 2418 3178 autem
2483 3122 2586 3175 hoc
2612 3136 2833 3192 quoque
2863 3119 3010 3175 illius
3030 3119 3134 3174 erit
3161 3118 3398 3173 maxime
3429 3133 3529 3172 uo-

1811 3277 1815 3282 .
1853 3228 1898 3292 C
1934 3231 2071 3286 tum,
2107 3229 2239 3284 etc.,
2274 3229 2330 3273 ut
2359 3235 2480 3288 pag.
2509 3217 2636 3272 666.

2009 3314 2176 3385 276
2220 3311 2446 3368 Concilii
2497 3311 2802 3364 mcumenici
2855 3326 2909 3364 vl
2954 3328 3179 3368 canones
3209 3315 3264 3379 5,
3302 3314 3355 3379 4,
3394 3313 3446 3382 5,
3474 3314 3526 3378 9,

2472 3404 2561 3466 10,
2595 3405 2680 3470 11,
2709 3405 2798 3472 86,
2831 3405 2922 3462 97.

2015 3501 2088 3555 De
2116 3498 2434 3571 presbyteris
2467 3507 2516 3550 et
2546 3496 2772 3550 clericis.

2011 3597 2066 3651 5.
2102 3595 2374 3663 Quoniam
2398 3609 2524 3648 vero
2536 3593 2660 3664 quis
2679 3593 3373 3665 piustristiqueamalor,
3393 3605 3525 3660 etc.,

1941 3703 1998 3747 ut
2026 3710 2150 3763 pag.
2181 3692 2313 3747 5H.

2013 3785 2066 3839 4.
2103 3783 2160 3839 Si
2209 3783 2336 3854 quis
2367 3781 2410 3814 ⁸⁷
2446 3782 2763 3854 ερίεςοριιε,
2812 3764 2893 3836 vel
2928 3782 3228 3854 presbyter,
3282 3784 3363 3838 vel
3415 3785 3535 3838 dia-

1943 3892 2141 3943 conus,
2179 3877 2264 3931 vel
2297 3876 2691 3939 subdiaconus,
2743 3876 2826 3930 vel
2859 3877 3050 3942 lector,
3089 3877 3176 3931 vel
3211 3887 3423 3944 cantor,
3452 3881 3534 3934 vel

1947 3973 2234 4037 ostiarius,
2269 3985 2394 4024 cum
2429 3970 2660 4024 muliere
2695 3969 2804 4024 Deo
2835 3969 3012 4024 dicata
3049 3970 3265 4034 coierit,
3293 3971 3535 4041 depona-

1947 4077 2058 4129 tur.
2088 4077 2146 4120 ut
2174 4065 2268 4137 qui
2297 4063 2499 4120 Christi
2535 4079 2754 4135 sponsa:
2783 4065 2974 4118 vitium
3008 4065 3288 4133 attulerit;
3315 4067 3399 4122 sin
3431 4081 3532 4122 au-

1945 4173 2052 4218 tem
2087 4161 2282 4226 laicus,
2319 4170 2656 4231 segregetur.

2019 4255 2071 4308 5.
2106 4255 2309 4320 Nullus
2359 4254 2506 4309 enim
2537 4253 2630 4324 qui
2665 4253 2717 4308 in
2748 4251 3091 4308 sacerdotem
3112 4293 3128 4319 ,
3151 4260 3285 4320 etc.,
3320 4263 3378 4308 ut
3410 4270 3532 4328 pag.

1944 4348 2072 4404 219.

2021 4441 2076 4495 9.
2128 4437 2271 4494 Nulli
2325 4438 2487 4494 licere
2538 4437 2583 4469 ⁸⁸
2633 4437 2833 4492 clerico
2888 4438 3287 4510 cauponariam
3337 4441 3540 4498 habere

1952 4532 2263 4586 tabernam.
2318 4530 2375 4586 Si
2421 4531 2569 4584 enim
2620 4531 2674 4584 in
2710 4546 3018 4601 cauponam
3066 4532 3274 4604 ingredi
3315 4549 3424 4588 non
3457 4545 3544 4593 est

264 4611 351 4664 οὐκ
377 4613 790 4685 ἐπιτέτραπται,
823 4611 974 4680 πόσῳ
1008 4609 1209 4680 μᾶλλον
1236 4607 1416 4672 ἄλλοις
1449 4609 1507 4659 ἐν
1533 4606 1708 4677 τούτῳ
1730 4607 1844 4660 δια-

1959 4625 2304 4695 permissum,
2348 4631 2557 4693 quanto
2610 4623 2786 4693 magis
2835 4623 2958 4678 aliis
2994 4623 3046 4676 in
3082 4639 3144 4677 ea
3201 4625 3540 4690 ministrare.

268 4704 543 4770 κονεῖσθαι,
576 4707 672 4758 καὶ
698 4702 734 4756 ἃ
762 4703 836 4774 μὴ
873 4701 1032 4770 θέμις
1067 4699 1216 4770 αύτῷ
1247 4701 1517 4772 ἐγχειρεῖν
1550 4715 1564 4763 ;
1601 4699 1662 4752 El
1695 4697 1752 4752 δέ
1795 4715 1850 4751 τι

268 4795 490 4851 τοιοῦτον
521 4796 906 4869 διαπράξαιτο,
941 4794 975 4863 ἢ
1012 4793 1339 4853 παυσάσθω,
1369 4793 1401 4865 ἢ
1435 4792 1831 4862 καθαιρείσθω.

335 4897 381 4945 t'.
426 4891 777 4955 Ἐπίσκοπος,
832 4889 866 4961 ἦ
919 4887 1380 4960 πρεσϐύτεροςοῆ
1428 4888 1699 4952 διάκονος,
1757 4886 1851 4939 τά·

271 4997 384 5046 κους
420 4983 570 5053 ἢτάς
619 4983 918 5054 λεγομένας
947 4981 1248 5043 ἐκατοστὰς
1280 4980 1600 5050 λαμϐάνων,
1637 4977 1852 5032 παυσά-

274 5072 374 5126 σθω
413 5074 446 5145 ἦ
477 5075 870 5149 καθαιρείσθω.

338 5175 420 5223 ια’.
458 5169 662 5240 Μηδεὶς
696 5167 805 5223 τῶν
849 5171 905 5222 ἐν
948 5165 1206 5239 ἱερατικῷ
1257 5164 1711 5237 καταλεγομένων
1748 5163 1848 5218 τά-

273 5275 447 5329 γματι,
461 5262 492 5335 ἢ
506 5262 690 5327 λαῖκὸς
704 5262 775 5316 τὰ
795 5260 946 5333 παρὰ
971 5261 1079 5314 τῶν
1105 5259 1375 5314 Ἰουδαίων
1395 5258 1581 5329 ἄζυμα
1598 5257 1847 5320 ἐσθιέτω,

275 5351 305 5421 ἢ
330 5354 528 5419 τούτοις
549 5356 1030 5429 προσοικειούσθω,
1067 5355 1100 5426 ἦ
1121 5356 1178 5406 ἐν
1202 5353 1381 5417 νόσοις
1405 5352 1848 5426 προσκαλείσθω,

277 5445 362 5497 καὶ
412 5447 649 5520 ἰατρείας
708 5450 839 5520 παρ’
883 5448 1061 5504 αὐτῶν
1111 5446 1459 5519 λαμϐανέτω,
1507 5445 1632 5516 ἢέν
1679 5445 1852 5516 βαλα-

281 5539 425 5602 νείοις
452 5542 655 5608 τούτοις
683 5541 959 5604 παντελῶς
985 5539 1326 5594 συλλουέσθω
1357 5555 1370 5569 ο
1410 5539 1459 5592 εί
1492 5539 1549 5594 δέ
1574 5557 1659 5602 τις
1689 5539 1850 5592 τοῦτο

283 5630 468 5696 πρᾶξαι
503 5635 826 5706 ἐπιχειροίη,
863 5635 910 5688 εἰ
944 5633 1043 5705 μὲν
1095 5632 1358 5706 κληρικὸς
1387 5629 1498 5703 εἴη,
1562 5631 1847 5704 καθαιρείο

288 5717 404 5773 σθω·
434 5725 479 5778 εί
509 5726 566 5780 δέ
598 5727 804 5795 λαῖκὸς,
841 5727 1209 5798 ἁφοριζέσθω.

352 5835 604 5918 ⁵⁷,ῼοῐιῇξτ
630 5857 754 5918 can.
789 5851 966 5915 apost.
1001 5841 1093 5899 28.

291 5899 494 5965 Laodic.
521 5911 608 5980 57,
639 5916 729 5968 σε.

1205 5840 1419 5914 "__Can.
1449 5850 1627 5914 apost.
1655 5841 1744 5910 5|,
1778 5841 1844 5898 42
1877 5858 1892 5910 ;

1954 4724 2010 4772 et
2049 4730 2112 4770 ea
2158 4730 2281 4784 quae
2329 4728 2438 4767 non
2488 4713 2613 4767 licet
2643 4711 2743 4783 ipsi
2799 4714 3078 4769 tractare?
3108 4713 3165 4768 Si
3197 4715 3328 4784 quid
3356 4727 3540 4772 autem

1951 4808 2060 4864 tale
2089 4807 2302 4871 fecerit,
2339 4805 2422 4859 vel
2449 4815 2646 4873 cesset,
2692 4807 2775 4860 vel
2805 4807 3134 4873 deponatur.

2025 4897 2114 4952 10.
2171 4897 2474 4966 Episcopus
2503 4896 2574 4959 δ’,
2630 4900 2931 4968 presbyter,
2975 4903 3059 4953 vel
3106 4899 3396 4968 diaconus,
3447 4903 3542 4972 qui

1953 5004 2179 5049 usuras.
2230 4988 2315 5043 vel
2354 5003 2478 5058 qua:
2517 4989 2779 5044 dicuntur
2825 4992 3159 5047 centesimas
3193 4994 3412 5063 accipit,
3461 4998 3545 5049 vel

1957 5089 2161 5145 cesset,
2191 5079 2274 5132 vel
2304 5079 2630 5148 deponatur.

2033 5171 2122 5225 11.
2176 5168 2348 5224 Nemo
2399 5185 2592 5226 eorum
2625 5171 2671 5204 ⁵ο
2728 5172 2821 5241 qui
2863 5171 2918 5226 in
2975 5173 3302 5228 sacerdotali
3353 5175 3550 5232 ordine

1959 5271 2380 5329 enumerantur,
2423 5263 2505 5317 vel
2541 5263 2732 5328 laicus,
2781 5261 3099 5320 Iudaeorum
3134 5281 3323 5338 azyma
3371 5283 3554 5323 come-

1964 5355 2080 5422 dat,
2109 5357 2194 5411 vel
2227 5357 2394 5412 ullam
2426 5372 2550 5412 cum
2576 5357 2657 5412 eis
2698 5355 3130 5414 familiaritatem
3167 5361 3334 5428 ineat,
3377 5361 3460 5415 vel
3496 5361 3550 5416 in

1965 5447 2175 5502 morbis
2203 5455 2472 5513 accersat,
2506 5447 2589 5502 vel
2613 5448 2684 5502 ab
2707 5447 2791 5502 eis
2838 5448 3141 5506 medicinas
3171 5452 3424 5522 accipiat,
3466 5454 3553 5507 vel

1963 5555 2070 5595 una
2101 5555 2224 5594 cum
2260 5541 2342 5595 eis
2372 5540 2426 5594 in
2457 5539 2667 5595 balneis
2708 5539 2938 5594 lavetur.
2983 5539 3039 5596 Si
3076 5545 3201 5613 quis
3234 5555 3413 5598 autem
3452 5545 3554 5600 boc

1962 5635 2144 5688 facere
2177 5648 2471 5703 aggressus
2499 5631 2684 5697 fuerit,
2734 5634 2780 5687 si
2813 5633 2886 5688 sit
2917 5635 3139 5703 quidem
3171 5636 3424 5700 clericus,
3459 5637 3554 5691 de~

1961 5740 2197 5799 ponetur
2231 5747 2246 5783 :
2281 5729 2326 5784 si
2358 5735 2540 5784 autem
2581 5728 2780 5793 laicus,
2830 5740 3169 5800 segregetur.

1934 5840 2159 5899 Laodic.
2198 5841 2292 5898 21.
2371 5842 2416 5876 δ’
2449 5841 2583 5899 Can.
2619 5850 2796 5914 apost.
2830 5841 2922 5898 45.
3005 5843 3051 5876 ⁸⁸
3082 5841 3218 5898 Can.
3255 5851 3433 5915 aposl.
3466 5843 3557 5910 69;
