3874 6296
472 317 574 385 751

1656 320 1918 380 PllOTlI
1970 322 2472 389 PATRIARCHE
2510 329 2618 390 ΕΡ.
2687 333 2698 338 ”’
2791 339 2803 350 ”

3643 344 3728 410 752

540 433 702 505 277
754 430 844 487 86.
885 429 988 487 Eos
1046 429 1139 502 qui
1194 429 1260 485 ad
1310 429 1622 486 animarum
1671 433 1857 502 lapsus
1899 448 2033 488 me“:

2251 437 2358 503 σις’.
2398 441 2537 534 Τοὺς
2570 441 2664 496 ἐπὶ
2695 440 2885 514 ψυχῶν
2912 444 3113 518 ὀλίσοῳ
3148 450 3354 524 πόρνας
3405 456 3726 534 ἐπισυνάγον-

469 528 634 584 trices
683 532 887 598 cogunt
917 533 971 581 et
999 524 1173 591 alunt,
1213 524 1257 580 si
1294 525 1406 581 sint
1457 524 1680 595 quidem
1716 525 1923 596 clerici,
1971 527 2066 599 ju-

467 621 663 676 bemus
696 618 894 690 deponi
923 636 936 673 :
969 618 1014 673 si
1045 633 1176 673 vero
1209 617 1358 682 laici,
1392 617 1690 689 segregari.

536 712 628 769 97.
672 710 782 768 Eos
833 710 927 782 qui
984 710 1071 767 vel
1121 725 1244 766 eum
1301 723 1477 765 uxore
1535 709 1778 778 coitant,
1833 717 1967 778 etc.,
2007 720 2066 766 ut

467 823 592 877 pag.
626 803 750 862 630.

536 897 690 954 CAP.
714 898 830 955 XV.
854 928 924 942 -—
955 896 1101 962 Quas
1129 896 1192 952 ob
1243 913 1436 952 causas
1465 897 1730 968 quisoiam
1761 906 2065 971 segrege-tur

465 990 628 1046 simul
653 999 704 1046 et
731 990 1044 1059 deponatur,
1075 989 1152 1044 vel
1182 989 1482 1059 deponatur
1501 999 1551 1046 et
1578 993 1945 1049 communione
1967 1002 2061 1048 aut

467 1083 706 1145 Ecclesia
733 1082 1108 1138 abscindatur?

679 1173 1052 1244 Apostolorum
1085 1190 1312 1229 canones
1358 1172 1448 1240 28,
1489 1174 1582 1243 29,
1615 1175 1708 1244 50,
1753 1176 1846 1233 65.

533 1268 604 1324 28
631 1267 768 1342 [27].
801 1268 858 1324 Si
886 1269 1010 1338 quis
1039 1269 1352 1338 episcopus,
1383 1269 1466 1324 vel
1498 1271 1802 1343 presbyter,
1831 1272 1915 1327 vel
1943 1272 2061 1329 dia-

460 1375 654 1427 conus,
673 1360 821 1430 juste
844 1360 914 1415 ob
939 1359 1226 1414 manifesta
1251 1359 1478 1413 crimina
1499 1360 1800 1431 depositus,
1824 1362 1928 1419 sibi
1955 1363 2059 1418 aliv

462 1456 682 1524 quando
713 1453 984 1509 creditum
1018 1452 1392 1507 ministerium
1427 1453 1694 1526 attingere
1725 1455 1955 1524 audeat,
1989 1458 2059 1514 ab

460 1545 707 1604 Ecclesia
735 1547 962 1603 omnino
992 1545 1370 1602 abscindatur.

541 1733 611 1790 29
658 1730 797 1804 [9.8].
829 1730 887 1787 Si
909 1731 1035 1804 quis
1060 1730 1350 1803 cpiscopus
1390 1745 1488 1802 per
1517 1731 1798 1802 pecunias,
1830 1740 1962 1800 etc.,
1997 1742 2055 1788 ut

772 1914 830 1971 Si
855 1915 980 1986 quis
999 1913 1292 1986 episcopus
1313 1913 1671 1971 saecularibus
1691 1914 2054 1986 principibus,

458 2023 588 2080 etc.,
623 2020 681 2065 ut
703 2027 826 2081 pag.
859 2009 986 2065 5H.

530 2107 603 2162 65
634 2103 770 2177 [63].
799 2103 857 2158 Si
892 2103 1018 2173 quis
1065 2102 1297 2158 clericus
1327 2101 1411 2157 vel
1446 2100 1620 2157 laicus
1648 2101 1702 2156 in
1732 2099 2051 2157 Iudaeorum

455 2198 542 2255 vel
587 2197 967 2252 haereticorum
1005 2208 1334 2266 synagogam
1371 2194 1652 2265 ingressus
1682 2195 1755 2250 sit
1778 2195 1846 2250 ad
1877 2210 2046 2250 oran-

455 2291 618 2356 dum,
655 2287 963 2358 deponatur
986 2294 1042 2340 et
1073 2293 1409 2357 segregetur.

521 2380 674 2438 CAP.
715 2369 860 2436 XVI.
897 2411 968 2424 —
997 2378 1145 2445 Quas
1181 2378 1243 2433 ob
1275 2395 1467 2434 causas
1498 2377 1719 2435 clericus
1747 2379 1825 2436 vel
1875 2380 2048 2436 laicus

450 2471 955 2529 anathematizetur.

804 2561 1032 2618 Concilii
1055 2559 1376 2634 Gangrertsis
1405 2577 1577 2616 canon
1613 2561 1704 2617 20.

518 2652 609 2708 20.
642 2651 698 2706 Si
759 2651 886 2722 quis
927 2651 1244 2720 arrogantia
1278 2659 1437 2706 utens
1485 2658 1542 2705 et
1570 2658 1877 2722 martyrum
1914 2667 2043 2708 con-

449 2747 812 2819 gregationes,
835 2744 1005 2816 278
1021 2745 1325 2800 abhorrens
1341 2755 1396 2800 et
1421 2759 1575 2800 sacra
1594 2760 1716 2816 quae
1734 2746 1786 2800 in
1805 2746 1886 2801 eis
1903 2748 2046 2802 cele-

447 2843 697 2910 brantur,
718 2849 772 2896 et
810 2853 1001 2896 eorum
1027 2838 1325 2894 memorias
1347 2846 1592 2906 accuset,
1631 2839 1702 2894 sit
1725 2840 2041 2896 anathema.

682 3018 908 3076 Concilii
935 3016 1376 3075 Chalcedonensis
1407 3035 1634 3074 canones
1659 3018 1715 3086 2,
1755 3021 1808 3074 7.

516 3107 572 3162 2.
592 3105 648 3162 Si
669 3107 792 3179 quis
814 3109 1108 3177 episcopus
1124 3116 1346 3179 pr0pter
1377 3108 1641 3179 pecunias
1659 3107 2037 3164 ordinationes

444 3201 657 3268 fecerit,
689 3209 819 3265 etc.,
847 3211 899 3255 ut
932 3217 1057 3284 pag.
1091 3200 1218 3256 515.

518 3294 568 3346 7.
613 3293 720 3348 Eos
753 3292 849 3363 qui
895 3292 951 3346 in
1001 3292 1151 3347 clero
1193 3293 1363 3348 semel
1397 3292 1635 3349 ordinati
1671 3302 1820 3361 sunt,
1863 3301 1919 3351 et
1953 3295 2041 3349 ili-

442 3385 567 3441 dem
601 3386 922 3450 monachos,
953 3384 1250 3440 statuimus
1294 3400 1396 3442 nec
1437 3385 1503 3441 ad
1551 3386 1843 3442 militarem
1874 3402 2040 3458 expc-

441 3479 730 3545 ditiouem,
771 3493 874 3533 nec
901 3477 970 3532 ad
1003 3478 1324 3534 saecularem
1370 3479 1693 3552 dignitatem
1738 3495 1904 3551 posse
1939 3497 2036 3536 ve-

443 3573 584 3628 nire.
629 3573 732 3641 Qui
781 3581 966 3627 autem
1018 3572 1125 3628 hoc
1167 3573 1406 3641 audent,
1448 3583 1504 3630 et
1548 3590 1659 3629 non
1713 3574 2034 3645 pmnitentia

440 3668 586 3726 ducti
623 3670 691 3726 ad
723 3671 774 3724 id
806 3678 1174 3737 revertuntur,
1210 3668 1356 3742 quod
1397 3679 1625 3741 propter
1673 3669 1842 3726 Deum
1882 3672 2036 3742 prius

439 3762 738 3835 elegerant,
771 3763 1247 3819 anathematizari.

537 3853 732 3910 Basilii
754 3871 820 3910 ea:
844 3855 1074 3927 epistola
1102 3856 1172 3909 ad
1202 3855 1512 3926 Gregorium
1542 3856 1925 3926 presbyterum.

508 4016 638 4088 Legi
694 4025 818 4075 tuas
874 4018 1087 4074 litteras
1139 4032 1265 4074 cum
1296 4017 1448 4073 υίηηί
1490 4017 1779 4088 patientia,
1811 4027 1944 4084 etc.,
1973 4027 2033 4073 ut

434 4125 560 4181 pag.
589 4109 716 4165 687.

783 4203 985 4276 Synodi
1016 4204 1228 4259 unionis
1265 4205 1577 4272 canones'5,
1612 4203 1666 4262 6.

507 4299 561 4356 5.
598 4298 702 4365 Qui
751 4297 1052 4355 Ecclesiam
1103 4307 1352 4355 sanctam
1407 4299 1818 4354 calumniantur
1880 4299 2029 4371 quod

434 4400 661 4460 quartas
680 4391 898 4460 nuptias
919 4390 1250 4459 permiserit,
1267 4390 1449 4445 divina
1474 4391 1575 4444 hoc
1603 4391 1673 4444 ita
1704 4391 2030 4450 instituente

2171 546 2288 595 τας,
2331 532 2426 587 καὶ
2458 533 2850 606 ἐκτρέφοντας.
2885 539 2936 591 εί
2967 539 3068 610 μὲν
3095 542 3353 616 κληρικοὶ
3397 545 3529 618 εἷεν,
3561 532 3730 616 καθαι-

2168 622 2384 694 ρεϊσθαι
2402 625 2679 698 ὁρίζομεν·
2711 630 2760 682 εί
2792 629 2848 683 δὲ
2876 630 3078 697 λαῖκοὶ,
3111 635 3492 709 ἀφορίζεσθαι.

2239 715 2490 785 ιιξ.Τοὺς
2521 720 2554 792 ἢ
2595 724 2809 796 γαμετῇ
2850 726 3259 796 συνοικοῦντας,
3299 749 3354 789 κ.
3387 751 3439 791 τ.
3478 735 3530 792 λ.

3710 694 3731 725 J

2238 905 2490 960 ΚΕΦΑΛ.
2523 907 2627 965 IE'.
2651 940 2722 952 -—
2760 911 2856 967 Ἐκ
2882 913 3074 970 ποίων
3095 917 3188 985 τίς
3216 921 3425 978 αἰτιῶν
3451 923 3522 979 ἐν
3548 927 3622 994 τῷ
3639 933 3732 988 αὑ.

2164 995 2246 1086 τῷ
2278 998 2618 1068 ἀφορίζεται
2646 1002 2747 1057 καί
2778 1006 3171 1075 καθαιρεῒται,
3199 1012 3240 1080 ἢ
3271 1017 3627 1086 καθαιρεῖται
3652 1024 3735 1079 καὶ

2165 1084 2277 1156 τῆς
2306 1092 2601 1159 κονωνίας
2631 1092 2669 1161 ἢ
2700 1093 2798 1147 καὶ
2819 1094 2929 1163 τῆς
2945 1096 3313 1170 Ἐκκλησίας
3331 1084 3686 1168 ἐκκδπτεται.

2392 1182 2778 1239 Ἀποστόλων
2797 1187 3003 1242 κανὼν
3031 1190 3141 1262 κη’,
3179 1193 3286 1260 κθ’,
3314 1195 3382 1262 λ’,
3417 1198 3517 1266 ξε’.

2239 1279 2344 1346 κη’.
2381 1275 2453 1330 Ei'
2475 1292 2559 1340 τις
2605 1277 2921 1346 ἐπίσκοπος,
2976 1282 3009 1355 ἦ
3063 1287 3459 1361 πρεσϐύτερος,
3505 1294 3736 1364 ῆδιάκο.

2162 1388 2252 1433 νος
2265 1371 2617 1442 καθαιρεθεὶς
2640 1373 2866 1440 δικαίως
2886 1378 2980 1430 ἐπὶ
3006 1380 3316 1453 ἐγκλήμασι
3346 1392 3617 1459 φανεροῖς,
3636 1395 3736 1448 τολ.

2164 1465 2391 1537 μήσειεν
2416 1464 2657 1534 ἅψασθαι
2685 1469 2783 1539 τῆς
2811 1487 2940 1524 ποτε
2974 1475 3415 1551 ἐγχειρισθείσης
3445 1481 3596 1553 αὐτῷ
3619 1485 3739 1541 λειτ-

2160 1560 2408 1630 ουργίας,
2464 1553 2620 1626 οὗτος
2651 1562 3004 1620 παντάπασιν
3027 1568 3384 1628 ἐκκοπτέσθω
3424 1575 3526 1647 τῆς
3565 1577 3737 1652 Ἐκλη-

2165 1652 2305 1715 σίας.

2233 1745 2338 1800 κθ¹.
2373 1746 2440 1800 Εἴ
2469 1764 2554 1812 τις
2582 1749 2884 1817 ἐπίσκοπος
2918 1752 3008 1808 διὰ
3035 1757 3361 1828 χρημάτων,
3388 1778 3444 1816 κ.
3475 1779 3529 1818 τ.
3563 1763 3614 1821 λ.

2227 1922 2292 1981 λ’.
2325 1926 2395 1982 EE
2419 1944 2504 1993 τις
2533 1928 2834 1998 ἐπίσκοπος
2862 1938 3149 2006 κοσμικοίς
3177 1938 3434 2011 ἄρχουσι.
3466 1961 3524 1999 κ.
3552 1963 3598 2002 τ.
3626 1947 3672 2003 λ.

2231 2101 2324 2169 ξεθ.
2357 2104 2426 2159 Εἴ
2453 2122 2539 2171 τις
2578 2107 2841 2180 κληρικδς
2894 2112 2928 2182 ἢ
2961 2111 3153 2179 λαῖκδς
3191 2116 3423 2172 εἰσέλθοι
3482 2122 3566 2186 εἰς
3623 2141 3734 2179 συν-

2155 2195 2380 2268 αγωγὴν
2421 2198 2692 2254 Ἰουδαίων
2719 2201 3072 2274 ἢαίρετικῶν
3107 2208 3542 2280 προσεύξασθαι,
3561 2215 3736 2271 καθαι-

2156 2287 2356 2358 ρείσθω
2391 2291 2484 2344 καὶ
2522 2291 2888 2362 ἀφοριζέσθω.

2225 2380 2477 2435 ΚΕΦΑΛ.
2503 2381 2622 2451 tq’.
2645 2415 2715 2426 -—
2766 2385 2862 2439 Ἐκ
2919 2386 3111 2443 ποίων
3164 2391 3371 2448 αἰτιῶν
3399 2398 3734 2469 κληρικὸςῆ

2150 2469 2363 2536 λαῖκὸς
2419 2471 2921 2542 άναθεματίζεται.

2497 2565 2771 2621 Συνόδου
2815 2568 3092 2640 Γάγγρας
3115 2575 3319 2630 κανὼν
3351 2585 3425 2634 κ’.

2219 2652 2289 2708 Εἴ
2340 2669 2425 2745 τις
2484 2655 2706 2728 αἰτιῷτο
2760 2657 3098 2733 ὑπερηφάνῳ
3176 2665 3416 2722 διαθέσει
3471 2676 3735 2745 κεχρημέ-

2147 2760 2257 2809 νος,
2300 2745 2393 2799 καὶ
2425 2745 2850 2818 βδελυσσόμενος
2875 2751 2974 2815 τάς
3010 2753 3259 2820 συνάξεις
3291 2758 3402 2812 τῶν
3427 2765 3730 2837 μαρτύρων,

2145 2837 2179 2910 ἢ
2210 2838 2308 2903 τὰς
2344 2841 2402 2894 ἐν
2435 2841 2627 2906 αὐταῖς
2655 2844 2947 2912 γινομένας
2974 2844 3322 2920 λειτουργίας
3344 2854 3436 2907 καὶ
3461 2857 3563 2918 τὰς
3602 2861 3725 2931 μνή-

2146 2948 2256 3003 μας
2282 2931 2482 2999 αὐτῶν,
2520 2933 2767 3006 ἀνάθεμα
2797 2935 2960 2992 ἔστω.

2380 3023 2654 3079 Συνόδου
2680 3027 3073 3098 Χαλκηδόνος
3100 3034 3302 3089 κανὼν
3326 3034 3394 3106 β’,
3425 3037 3492 3103 ζ’.

2215 3110 2280 3181 β’.
2315 3109 2385 3164 Εἴ
2401 3128 2483 3174 τις
2511 3113 2809 3179 ἐπίσκοπος
2838 3117 2930 3170 ἐπὶ
2953 3124 3201 3192 χρήμασι
3232 3128 3568 3197 χειροτονίαν
3586 3131 3729 3201 ποιὴ-

2143 3219 2316 3270 σαιτο,
2343 3223 2396 3260 κ.
2421 3223 2473 3260 τ.
2507 3205 2559 3259 λ.

2212 3294 2279 3362 ζ’.
2317 3299 2458 3365 Τοὺς
2484 3299 2631 3368 ama
2661 3302 2721 3356 ἐν
2754 3303 2951 3377 κλήρῳ
2997 3310 3388 3381 τεταγμένους,
3426 3314 3459 3386 ἦ
3492 3316 3587 3369 καὶ
3642 3334 3729 3386 ρο»

2139 3388 2660 3462 ναστᾶς,ὼρίσαμεν
2690 3395 2826 3466 μήτε
2852 3397 2943 3450 ἐπὶ
2971 3402 3263 3471 στρατείαν
3289 3405 3428 3477 μὴτε
3461 3407 3552 3461 ἐπὶ
3585 3409 3728 3475 ἀξίαν

2137 3482 2410 3554 κοσμικὴν
2433 3484 2768 3559 ἔρχεσθαιοῆ
2801 3488 2960 3543 τοῦτο
3009 3492 3326 3564 τολμῶντας
3356 3501 3451 3551 καὶ
3481 3499 3551 3570 μὴ
3583 3518 3728 3571 μετα·

2140 3572 2526 3643 μελουμένους,
2552 3575 2695 3631 ὥστε
2737 3580 3064 3654 ἐπιστρέψαι
3097 3587 3190 3640 ἐπὶ
3228 3589 3388 3644 τοῦτο
3411 3592 3440 3645 ὃ
3485 3593 3570 3647 διὰ
3603 3594 3725 3648 Θεὸν

2137 3666 2402 3736 πρότερον
2423 3667 2649 3736 εἴλοντο,
2677 3670 3200 3745 ἀναθεματίζεσθαι.

2135 3867 2459 3922 Βασιλείου
2490 3868 2558 3923 ἐκ
2593 3870 2704 3941 τῆς
2737 3872 3264 4018 ῗὲρὲτᾘῆῃέόριον
3328 3887 3721 3957 πρεσϐύτερον

2217 4030 2503 4104 Ἐνέτυχόν
2535 4050 2631 4088 σου
2651 4036 2764 4098 τοῖς
2792 4039 3086 4112 γράμμασι
3119 4043 3260 4114 μετά
3290 4046 3474 4119 πάσης
3525 4065 3713 4120 μακρο⁶

2133 4122 2353 4196 θυμίας,
2381 4143 2436 4180 κ.
2456 4127 2564 4182 τ.λ.

2344 4221 2618 4278 Συνόὸου
2657 4223 2767 4295 τῆς
2803 4226 3076 4294 ἐνώσεως
3109 4231 3314 4286 κανὼν
3351 4231 3414 4297 ε’.
3440 4233 3512 4300 ς’.

2206 4310 2268 4366 ε’.
2311 4312 2436 4377 Τοῖς
2475 4319 2883 4385 συκοφαντοῦσι·
2913 4321 3014 4393 τὴν
3058 4325 3220 4393 ἁγίαν
3254 4325 3607 4397 Ἐκκλησίαν,
3636 4329 3709 4383 ὅτι

2130 4407 2506 4478 τετραγαμίαν
2532 4409 2772 4479 ἐδέξατο,
2808 4414 2969 4487 χάριν
2997 4417 3097 4487 τῆς
3128 4419 3350 4493 εὐδοκία
3390 4421 3526 4476 Θεοῦ
3568 4440 3709 4491 γενο⁴

433 4483 746 4554 prudentia,
775 4498 899 4554 qua:
927 4482 1124 4538 fratres
1158 4482 1392 4537 adunari
1419 4483 1594 4538 voluit
1625 4485 2019 4541 scandalorum

2167 4498 2678 4594 .ev'qeoixovottiag,
2709 4482 2930 4577 nat—tiri;
2965 4482 3446 4580 προσλήψεως-καὶ
3478 4482 3707 4576 ἐνώσεως

435 4577 677 4646 pessimo
704 4577 957 4647 exemplo
986 4584 1146 4631 antea
1178 4585 1482 4647 separatos,
1511 4577 1804 4634 anathema
1837 4579 1930 4634 sit.

500 4764 560 4820 6.
585 4763 691 4832 Qui
718 4777 969 4819 asserere
993 4770 1333 4832 praesumunt
1356 4763 1500 4833 quod
1531 4761 1780 4820 Ecclesia
1812 4764 2024 4835 purita-

429 4867 539 4914 tem
581 4868 638 4914 et
673 4857 987 4913 castitatem
1019 4856 1552 4927 sanctimoniamque
1597 4858 1784 4914 minus
1817 4868 2019 4926 servet,

428 4953 540 5008 imo
572 4951 742 5023 prolis
775 4949 1023 5005 fovendae
1048 4963 1213 5004 causa
1243 4950 1427 5019 gratia;
1455 4965 1484 5004 a
1520 4951 1629 5007 Deo
1659 4951 1801 5007 datm
1831 4967 2022 5008 macu-

424 5047 534 5100 lam
578 5043 877 5116 asperserit
923 5042 1109 5098 liheris
1152 5041 1222 5097 ob
1275 5042 1590 5099 scandalum
1630 5043 1846 5113 divisis,
1879 5060 2019 5116 quos

428 5145 613 5208 postea
637 5134 1004 5207 conjunxerit,
1029 5133 1324 5189 anathema
1356 5141 1499 5189 esto.

431 5400 466 5420 θ
496 5418 651 5476 CAP.
683 5417 848 5475 XVII.
876 5449 945 5459 --
973 5417 1057 5474 Ne
1087 5418 1164 5475 bis
1205 5418 1499 5474 vindicetur
1526 5419 1582 5474 in
1609 5420 1794 5476 eadem
1825 5438 1901 5477 re.

861 5604 1238 5675 Apostolorum
1269 5622 1438 5662 canon
1462 5605 1556 5662 25.
1591 5613 1604 5628 ‘

484 5696 581 5752 25.
613 5695 942 5768 Episcopus,
979 5698 1063 5753 vel
1095 5699 1402 5771 presbyter,
1443 5698 1529 5755 vel
1556 5698 1844 5770 diaconus,
1877 5700 1978 5772 lor

409 5791 723 5862 nicationis,
751 5799 883 5861 etc.,
907 5801 965 5848 ut
978 5809 1102 5864 pag.
1129 5793 1251 5848 745.

2127 4591 2237 4644 τῶν
2267 4591 2515 4678 ἀδελφῶν
2543 4595 2721 4666 ἡμῶν,
2746 4596 2841 4662 οὓς
2867 4601 2901 4670 ἡ
2934 4600 3043 4653 τῶν
3076 4603 3460 4674 προλαϐόντων
3494 4607 3707 4661 σκανδά-

2126 4683 2235 4737 λων
2261 4685 2409 4738 αἰτία
2439 4685 2724 4759 ἐχώριζεν,
2752 4690 3024 4764 ἀνάθεμα.

2199 4773 2274 4841 ς’.
2317 4776 2442 4842 Τοῖς
2462 4779 2702 4850 τολμῶσι
2735 4781 2934 4851 λέγειν,
2986 4786 3067 4839 ὅτι
3100 4789 3131 4858 ἠ
3179 4787 3480 4862 Ἐκκλησία
3513 4791 3569 4846 τὸ
3608 4808 3702 4844 κα-

2125 4866 2291 4940 θαρὸν
2331 4871 2423 4924 καὶ
2454 4871 2726 4945 ἄχραντον
2751 4874 2811 4928 οὐ
2859 4875 3021 4943 σώζει
3069 4880 3167 4950 τῆς
3207 4881 3494 4951 ἁγιστείας
3526 4886 3695 4954 αὐτῆς.

2121 4963 2259 5017 ἀλλά
2304 4967 2583 5036 μολυσμὸν
2633 4985 2756 5022 τινα
2811 4973 3217 5043 προσετρίψατο
3260 4975 3352 5030 διὰ
3393 4976 3491 5048 τὴν
3531 4979 3696 5049 χάριτι

2120 5056 2257 5112 Θεοῦ
2284 5058 2588 5130 γενομένην
2632 5059 2864 5133 σύναψιν
2897 5064 3007 5119 τῶν
3039 5067 3267 5130 τέκνων,
3299 5069 3393 5134 οὓς
3435 5072 3694 5142 διεμέρισε

2121 5151 2222 5220 μὲν
2254 5151 2314 5206 τὸ
2343 5151 2444 5224 ἤδη
2475 5153 2808 5224 προγεγονὸς
2836 5157 3130 5212 σκάνδαλον
3152 5200 3167 5227 ,
3205 5163 3410 5234 συνῆψε
3439 5164 3493 5217 δὲ
3519 5165 3548 5234 ἠ
3581 5161 3694 5215 τού-

2115 5261 2212 5298 του
2258 5244 2407 5315 παρὰ
2461 5246 2681 5300 πάντων
2723 5247 2860 5319 ὁμοῦ
2911 5249 3170 5324 ἀθέτησις
3215 5256 3310 5310 καὶ
3354 5254 3685 5329 ἀποκήρυξις.

2115 5337 2387 5410 ἀνάθεμα.

2134 5418 2165 5432 ’
2184 5410 2466 5487 ΚΕΦΛΛΪ
2491 5431 2592 5488 lZ'.
2635 5464 2705 5475 —
2733 5434 2863 5489 Ὀτι
2892 5437 2966 5491 οὐ
3000 5438 3120 5508 χρὴ
3148 5440 3245 5508 δὶς
3299 5441 3551 5498 ἐκδικεῖν
3596 5437 3686 5497 ἐπὶ

2111 5525 2192 5593 τῷ
2223 5525 2399 5594 αὐτῷ.

2548 5619 2937 5676 Ἀποστόλων
2965 5623 3168 5678 κανὼν
3190 5625 3292 5680 κε’.

2181 5714 2281 5763 κε’.
2317 5708 2680 5777 Ἐπίσκοπος,
2724 5712 2758 5784 ἢ
2802 5714 3196 5787 πρεσϐύτερος,
3236 5717 3269 5790 ῆ
3311 5718 3556 5784 διάκονος,
3590 5716 3677 5771 ἐπὶ

2113 5801 2342 5873 πορνείᾳ
2368 5802 2402 5874 ἢ
2434 5805 2710 5878 ἐπιορκία,
2735 5823 2790 5864 κ.
2818 5824 2868 5864 τ.
2907 5809 2954 5864 λ.
