4012 6410
238 452 331 515 753

531 568 849 624 Βασιλείου
888 567 1090 623 κανὼν
1113 566 1183 636 γ’,
1209 566 1309 638 λβθ,
1337 573 1437 621 ναθ.
1833 559 1888 622 Λ

300 664 366 729 γ’.
412 661 666 723 Διάκονος
733 658 872 730 μετὰ
920 659 1020 730 τὴν
1059 659 1411 713 διακόνισσαν
1460 656 1809 729 πορνεύσας,

237 750 523 821 ἀπόϐλητος
556 751 655 821 μὲν
682 751 782 820 τῆς
808 749 1087 813 διακονίας
1118 749 1292 803 ἐσται·
1325 752 1405 813 είς
1437 750 1494 804 δὲ
1531 749 1641 803 τῶν
1693 748 1812 801 λαῖο

238 845 340 900 κῶν
375 843 647 907 ἀπωσθεὶς
671 844 856 910 τόπον,
880 842 983 913 τῆς
1006 843 1290 906 κοινωνίας
1316 842 1416 897 ούκ
1438 841 1809 913 είρχθήσεταιο

239 936 364 991 διότι
392 933 615 1005 ἀρχαῖός
650 936 767 988 ἐστι
800 932 1006 997 κανὼν,
1047 935 1175 997 τοὺς
1207 933 1316 987 ἀπὸ
1345 930 1812 1003 βαθμοῦπεπτω-

240 1026 407 1091 κότας,
433 1025 611 1096 τούτῳ
645 1026 793 1095 μόνῳ
820 1024 898 1096 τῷ
931 1025 1118 1096 τρόπῳ
1142 1025 1245 1097 τῆς
1267 1024 1546 1088 κολάσεως
1572 1023 1812 1079 ὑποϐάλ-

241 1119 433 1183 λεσθαι,
459 1117 963 1189 ἀκολουθησάντων,
987 1118 1063 1182 ὠς
1089 1115 1266 1189 οἶμαι,
1290 1117 1399 1171 τῶν
1425 1117 1486 1182 ἐξ
1508 1118 1683 1188 ἀρχῆς
1735 1116 1813 1187 τῷ

240 1213 376 1284 νόμῳ
400 1212 615 1281 ἐκείνῳ,
634 1210 734 1282 τῷ,
762 1213 886 1267 Οὐκ
912 1209 1259 1280 ὲκδικήσεις
1280 1210 1375 1277 δὶς
1394 1210 1493 1265 ἐπὶ
1516 1209 1597 1276 τῷ
1619 1210 1779 1273 αὐτῷ
1796 1224 1810 1240 ⁵

241 1305 323 1359 καὶ
352 1304 419 1359 δι’
466 1304 664 1377 ἑτέραν
712 1305 769 1358 δὲ
820 1304 1027 1369 αἰτίαν,
1072 1303 1156 1358 ὅτι
1198 1305 1246 1358 οἱ
1299 1305 1398 1374 μὲν
1430 1306 1489 1358 ἐν
1515 1304 1595 1376 τῷ
1637 1303 1813 1375 λαῖκῷ

238 1398 375 1461 ὄντες
409 1397 648 1467 τάγματι
671 1394 1067 1466 ἐκϐεϐλημένοι
1125 1395 1218 1449 τοῦ
1251 1395 1420 1449 τόπου
1439 1394 1547 1447 τῶν
1579 1395 1809 1462 πιστῶν,

240 1487 387 1544 πάλιν
412 1491 490 1553 είς
526 1488 621 1541 τὸν
651 1488 747 1557 ἀφ’
778 1482 840 1542 οὗ
894 1486 1155 1554 ἐξέπεσον
1188 1487 1354 1541 τόπον
1397 1486 1812 1556 ἀναλαμϐάνον-

238 1600 336 1637 sui:
356 1584 382 1635 ό
404 1582 459 1636 δὲ
482 1582 733 1645 διάκονος
764 1578 912 1645 suae
934 1579 1047 1651 ἔχει
1078 1579 1180 1650 τὴν
1216 1579 1375 1651 δίκην
1419 1579 1521 1650 τῆς
1556 1580 1816 1652 καθαιρέ-

241 1693 362 1739 σεως
412 1676 634 1746 διαρκῆο
670 1675 746 1740 ὡς
786 1672 889 1729 ὀῦν
937 1673 1039 1727 ούκ
1073 1671 1472 1744 ἀποδιδομένης
1533 1672 1682 1743 αύτῷ
1713 1672 1814 1743 τῆς

238 1765 498 1829 διακονίας
524 1806 539 1829 ,
591 1764 689 1819 ἐπὶ
720 1764 931 1834 ταύτης
982 1762 1221 1833 ἔστησαν
1261 1761 1430 1831 μόνης
1458 1760 1559 1830 τῆς
1596 1759 1816 1829 ἐκδική-

240 1875 381 1922 σεωςο
412 1857 587 1912 ταῦτα
627 1857 728 1927 μὲν
775 1850 870 1910 οὖν
910 1855 982 1909 τὰ
1012 1855 1075 1907 ἐκ
1105 1851 1214 1906 τῶν
1238 1851 1447 1904 τύπωνο
1482 1849 1710 1904 καθόλου
1756 1849 1814 1902 δὲ

921 446 1321 510 SYNTAGMA
1362 444 1754 508 CANONUM.
1784 464 1849 477 --
1879 442 2027 503 TIT.
2070 442 2177 518 IX,
2219 440 2378 503 CAP.
2416 439 2717 503 XV-XIX.

3399 433 3507 500 754

2218 559 2384 630 279
2408 557 2603 613 Basilii
2636 573 2868 612 canones
2911 556 2964 620 5,
3002 556 3093 620 52,
3127 554 3216 609 51.

1989 654 2043 709 5.
2086 653 2362 710 Diacouus
2409 662 2533 725 post
2578 651 2927 707 diaconatum
2971 649 3297 715 fornicatus,
3329 646 3513 701 diaco—

1918 755 2051 801 natu
2087 746 2335 818 ejicietur
2380 745 2623 816 quidem,
2677 745 2769 801 sed
2825 744 2879 798 in
2930 744 3195 799 laicorum
3243 742 3502 795 detrusus

1922 839 2130 903 locum,
2158 854 2188 894 a
2216 840 2605 894 communione
2637 854 2744 894 non
2785 837 3083 893 arcebitur.
3110 834 3379 902 Quoniam
3409 847 3510 886 an-

1921 933 2108 1003 tiquus
2136 940 2221 988 est
2254 946 2431 987 canon
2452 974 2468 999 ,
2498 942 2558 988 ut
2597 932 2633 987 ii
2665 933 2759 1004 qui
2795 931 2967 1004 gradu
2994 929 3351 989 exciderunt,
3382 924 3512 981 huic

1920 1026 2021 1082 soli
2078 1041 2257 1096 poena:
2300 1026 2485 1098 generi
2539 1026 2923 1097 subjiciautur,
2976 1023 3239 1095 antiquis,
3290 1020 3507 1091 opinor.

1919 1119 2125 1175 secutis
2180 1120 2351 1189 legem
2410 1120 2595 1185 illam,
2647 1118 2772 1173 Non
2829 1118 3124 1174 vindicabis
3185 1116 3264 1170 bis
3316 1116 3371 1170 in
3427 1114 3513 1167 id-

1921 1208 2154 1277 i'psum'“
2181 1223 2194 1259 :
2228 1217 2392 1279 atque
2416 1208 2581 1263 etiam
2612 1218 2835 1279 propter
2870 1208 3031 1263 aliam
3064 1221 3325 1269 causam;
3360 1203 3506 1274 quod

1921 1298 2016 1368 qui
2045 1298 2100 1353 in
2141 1298 2337 1354 ordine
2371 1310 2501 1355 sunt
2526 1299 2686 1365 laico,
2714 1303 2813 1355 sia
2848 1300 2970 1355 loco
3001 1298 3243 1353 ﬁdelium
3275 1295 3508 1366 ejician-

1920 1398 2030 1456 tur,
2068 1407 2265 1447 rursus
2304 1391 2358 1445 in
2386 1407 2535 1458 eum,
2581 1407 2650 1448 ex
2690 1408 2801 1462 quo
2837 1392 3178 1453 ceciderunt,
3208 1389 3389 1443 locum
3421 1401 3513 1442 re—

1921 1484 2235 1554 cipiuntur;
2264 1484 2532 1541 diaconus
2564 1500 2694 1540 vero
2720 1485 2887 1540 semel
2923 1484 3086 1538 habet
3115 1497 3331 1551 semper
3356 1494 3513 1533 man-
3624 1490 3637 1509 λ

1923 1596 2110 1636 suram
2142 1595 2362 1652 pcenam
2416 1581 2797 1650 depositionis.
2859 1578 3136 1647 Quoniam
3189 1578 3356 1648 igitur
3389 1574 3511 1630 dia-

1922 1681 2154 1728 conatus
2196 1673 2246 1728 ei
2279 1688 2386 1728 non
2421 1673 2749 1739 restituitur,
2780 1673 2832 1727 in
2861 1687 2923 1727 ea
2963 1671 3081 1728 sola
3126 1669 3294 1724 multa
3348 1672 3513 1721 stete-

1924 1775 2073 1822 runt.
2088 1765 2263 1836 Atque
2282 1766 2397 1823 haec
2413 1766 2632 1837 quidem
2660 1776 2790 1822 sunt
2809 1781 2927 1835 quae
2945 1779 3008 1819 ex
3028 1759 3513 1819 constitutionibus

1928 1854 2220 1911 habentur.
2276 1856 2332 1910 ln
2388 1857 2647 1913 omnibus
2676 1865 2858 1912 autem
2906 1856 3087 1911 verior
3132 1852 3401 1908 medicina
3432 1858 3517 1904 est

239 1947 580 2019 ἀληθέστερόν
606 1949 756 2001 ἐστιν
808 1946 1024 2017 ἵαμα,ἡ
1062 1944 1161 2013 τῆς
1207 1940 1485 2012 ἁμαρτίας
1523 1939 1814 2013 ἀναχώρη-

1951 1962 2183 2003 'eceSsus
2211 1963 2248 2003 a
2273 1957 2517 2019 peccato.
2550 1949 2732 2016 Quare
2762 1948 2856 2019 qui
2888 1955 3112 2020 propter
3144 1945 3328 2000 carnis
3358 1942 3512 1996 volu-

240 2055 341 2102 σις’
368 2040 503 2093 ὥστε
529 2040 558 2092 ό
593 2038 682 2093 διὰ
706 2039 906 2111 σαρκὸς
954 2038 1148 2112 ⁴ἡδονὴν
1178 2039 1455 2108 ἀθετήσας
1484 2037 1584 2109 τὴν
1635 2037 1817 2108 χάριν,

238 2133 317 2187 διὰ
336 2133 423 2187 τοῦ
452 2131 797 2205 συντριμμοῦ
826 2135 926 2206 τῆς
952 2134 1176 2205 σαρκὸς,
1204 2134 1299 2186 καὶ
1330 2131 1513 2203 πάσης
1542 2130 1820 2200 δουλαγω-

237 2227 346 2295 γίας
374 2226 472 2296 τῆς
497 2228 622 2280 κατ’
673 2226 1006 2298 ἐγκράτειαν
1031 2224 1273 2289 ἀποστὰς
1327 2224 1437 2278 τῶν
1489 2222 1692 2293 ἡδονῶν
1718 2223 1790 2292 ὑφ
1807 2223 1821 2245 ’

239 2309 306 2370 ὧν
330 2317 700 2389 κατεστράφη,
724 2316 938 2370 τελείαν
957 2317 1091 2387 ἡμῖν
1124 2313 1353 2387 παρέξει
1373 2313 1475 2381 τῆς
1503 2313 1700 2376 ἰάσεως
1722 2311 1822 2365 αύ-

236 2409 319 2462 τοῦ
367 2409 462 2480 τὴν
505 2410 801 2477 ἀπόδειξιν.
836 2408 1154 2481 Ἀμφότερα
1194 2408 1375 2462 τοίνυν
1415 2407 1569 2477 ἡμᾶς
1620 2405 1823 2460 ειδέναι

240 2502 328 2566 δεῖ,
351 2504 441 2557 καὶ
460 2502 529 2557 τὰ
544 2504 646 2575 τῆς
675 2502 981 2575 ἀκριϐείας.
1013 2502 1108 2555 καὶ
1136 2501 1205 2556 τὰ
1225 2501 1326 2571 τῆς
1352 2500 1661 2570 συνηθείαςο
1689 2500 1822 2553 ἒπε-

243 2594 351 2648 σθαι
372 2595 425 2648 δὲ
448 2637 462 2661 ,
505 2595 601 2649 ἐπὶ
643 2595 755 2650 τῶν
786 2596 1247 2669 καταδεξαμένων
1286 2594 1384 2665 τὴν
1421 2594 1720 2665 ἀκρότητα,
1748 2592 1827 2664 τῷ

244 2688 587 2759 παραδοθέντι
609 2689 788 2762 τύπῳ.

304 2782 398 2852 λβ’.
420 2783 484 2835 Οἱ
510 2782 613 2854 τὴν
659 2783 797 2854 πρὸς
842 2783 1073 2838 θάνατον
1118 2782 1395 2855 ἁμαρτίαν
1420 2782 1824 2854 ἁμαρτάνοντες

245 2872 478 2945 κληρικοὶ
502 2916 517 2941 ,
544 2876 644 2930 τοῦ
677 2876 885 2948 βαθμοῦ
922 2877 1275 2946 κατάγονται·
1307 2876 1406 2947 τῆς
1432 2875 1717 2939 κοινωνίας
1768 2875 1826 2929 δὲ

242 2967 338 3020 τῶν
356 2968 555 3023 λαῖκῶν
573 2968 681 3023 ούκ
707 2969 1064 3040 ὲξείργονταιο
1101 2971 1184 3025 Οὐ
1218 2967 1330 3039 γὰρ
1358 2968 1703 3037 ἐκδικήσεις
1732 2966 1829 3038 δίς

244 3060 331 3114 ἐπὶ
351 3061 427 3129 τῷ
446 3060 635 3129 αὐτῷ.

306 3161 401 3212 να’.
445 3158 519 3211 Τὸ
584 3155 737 3211 κατὰ
781 3158 911 3223 τοὺς
932 3157 1257 3229 κληρικοὺς,
1293 3156 1618 3229 ἀδιορίστως
1642 3157 1689 3209 οἱ
1724 3173 1828 3210 κα-

245 3246 379 3314 νόνες
402 3250 673 3315 ἐξέθεντο,
710 3251 1072 3315 κελεύσαντες
1113 3251 1243 3322 μίαν
1296 3251 1389 3304 ἐπὶ
1421 3253 1533 3315 τοῖς
1566 3248 1827 3304 πεσοῦσιν

244 3344 500 3414 ὁρίζεσθαι
533 3345 812 3416 τιμωρίαν
842 3388 857 3410 ,
894 3345 991 3417 τὴν
1028 3344 1311 3400 ἔκπτωσιν
1360 3347 1460 3418 τῆς
1503 3344 1829 3417 ὑπηρεσίας,

247 3436 343 3490 εἴτε
374 3439 429 3491 ὲν
464 3437 663 3509 βαθμῷ
690 3438 1030 3509 τυγχάνοιεν,
1060 3438 1171 3492 εἴτε
1221 3437 1316 3493 καὶ
1351 3438 1688 3513 ἀχειροθέτῳ
1717 3439 1824 3494 ύπ-

249 3530 427 3603 ηρεσίᾳ
453 3534 941 3603 προσκαρτεροῖεν.
1454 3550 1463 3561 ‘

314 3623 556 3681 ΚΕΦΑΛ.
586 3625 787 3680 IH'.—
822 3623 925 3679 Ἐκ
962 3625 1152 3680 ποίων
1205 3624 1411 3681 αἰτιῶν
1450 3626 1692 3692 τελείως
1732 3626 1835 3681 ἑκ-

254 3712 537 3771 ϐάλλεται.

513 3811 908 3866 Ἀποστόλων
932 3809 1138 3865 κανὼν
1156 3809 1267 3881 κη’,
1303 3817 1412 3876 va’,
1446 3809 1548 3881 ξβ’.

230 3898 233 3903 ’
315 3902 416 3975 κη’.
444 3904 511 3959 Εἴ
534 3924 622 3971 τις
652 3905 978 3971 ἐπίσκοπος,
1008 3904 1041 3976 ἢ
1071 3904 1468 3977 πρεσϐύτερος,
1497 3906 1531 3976 ἢ
1561 3905 1839 3973 διάκονος⁸

256 4000 586 4075 καθαιρεθεὶς
614 4004 866 4071 δικαίως,
900 4022 959 4060 κ.
982 4022 1033 4059 τ.
1057 4003 1107 4059 λ.

319 4193 413 4242 ναν.
436 4189 607 4253 Είτις
640 4188 962 4255 ἐπίσκοπος,
989 4190 1022 4263 ἢ
1050 4188 1443 4262 πρεσϐύτερος,
1482 4188 1515 4260 ἢ
1556 4187 1827 4255 διάκονος,

258 4279 287 4348 ἢ
334 4280 464 4346 ὅλως
506 4283 602 4337 τοῦ
657 4284 960 4353 καταλόγου
1022 4283 1118 4337 τοῦ
1184 4281 1486 4352 ἱερατικοῦ,
1541 4282 1721 4352 γάμου
1743 4280 1839 4335 καὶ

260 4372 441 4441 κρεῶν,
473 4392 528 4429 κ.
563 4393 616 4430 τ.
642 4376 696 4429 λ.

322 4467 414 4536 ξβ’.
446 4470 513 4524 Εἴ
547 4489 633 4537 τις
685 4470 951 4543 κληρικδς
993 4471 1083 4527 διὰ
1112 4470 1277 4543 φόϐον
1320 4467 1664 4542 ἀνθρώπινον
1710 4470 1842 4523 Ἰου-

259 4553 414 4627 δαίου,
442 4578 495 4618 κ.
521 4579 573 4617 τ.
593 4560 649 4617 λ.

548 4677 827 4733 Συνόδου
846 4677 1204 4748 Ἀντιοχείας
1232 4675 1436 4730 κανὼν
1452 4676 1515 4730 δ’.

324 4779 381 4838 δ’.
408 4782 475 4839 El
514 4804 600 4851 τις
664 4786 987 4854 ἐπίσκοπος,
1046 4787 1152 4841 ὑπὸ
1193 4786 1411 4841 συνόδου
1463 4785 1835 4857 καθαιρεθεὶς,

265 4885 372 4927 κ.τ.
404 4875 455 4931 λ.

500 4990 766 5049 Συνόδου
800 4991 1154 5058 Λαοδικείας
1184 4989 1385 5045 κανὼν
1406 4991 1513 5056 λς’.

327 5102 428 5170 λς’.
461 5106 586 5161 Ὅτι
610 5106 674 5161 ού
723 5107 804 5162 δεῖ
844 5106 1150 5179 ίερατικοὺς
1180 5106 1213 5177 ἢ
1250 5105 1569 5177 κληρικοῦς,
1600 5104 1835 5176 μάγους.

268 5212 317 5250 κ.
345 5213 392 5254 τ.
424 5201 473 5254 λ.
1342 5248 1349 5251 .

399 5291 665 5348 Συνόδου
693 5292 1129 5363 ὀίκουμενικῆς
1153 5292 1332 5360 ἕκτης
1355 5290 1558 5345 κανὼν
1588 5296 1695 5344 κα’.

334 5388 435 5440 κα’.
466 5387 530 5441 Οί
552 5388 639 5442 ἐπ’
656 5380 965 5459 ἐγκλήμασι
981 5388 1287 5450 κανονικοῖς
1306 5384 1619 5451 ὑπεύθυνοι,
1641 5402 1695 5437 κ.
1722 5401 1774 5437 τ.
1790 5380 1842 5436 λ.

330 5568 572 5626 ΚΕΦΛΛ.
607 5572 967 5629 ΙΘ’.-Πότε
1004 5589 1094 5638 τις
1140 5569 1433 5640 καθέδρας
1466 5568 1585 5639 μὲν
1630 5568 1667 5638 ἢ
1703 5566 1847 5621 στά-

1927 2049 2140 2111 ptatem
2175 2042 2407 2113 gratiam
2439 2042 2660 2113 abiecit,
2686 2042 2733 2098 is
2767 2043 2812 2097 si
2845 2056 3067 2097 carnem
3102 2035 3434 2096 conterenda
3460 2042 3515 2088 et

1924 2133 1980 2187 in
2012 2148 2254 2201 omnem,
2284 2135 2592 2190 secundum
2642 2134 2994 2209 continentiae
3026 2131 3365 2202 praescripta,
3398 2142 3515 2182 ser-

1926 2225 2157 2280 vitutem
2188 2225 2506 2298 redigendo,
2531 2229 2750 2282 secedat
2779 2242 2811 2281 a
2841 2223 3237 2295 voluptatibus,
3266 2237 3294 2276 a
3317 2218 3517 2291 quibus

1925 2317 2109 2374 victus
2144 2327 2200 2374 et
2248 2328 2560 2389 prostratus
2589 2328 2695 2386 est,
2739 2319 2959 2389 plenum
2996 2317 3156 2372 nobis
3202 2330 3316 2370 suae
3349 2326 3516 2367 cura-

1924 2409 2095 2465 tionis
2144 2410 2424 2481 specimen
2476 2409 2646 2465 dabit.
2702 2410 2894 2481 Itaque
2948 2409 3092 2464 scire
3130 2423 3232 2463 nos
3279 2418 3516 2473 utraque

1927 2513 2163 2573 Oportet,
2209 2512 2265 2558 et
2315 2519 2437 2575 qua!
2481 2514 2613 2559 sunt
2663 2503 3054 2573 summijuris,
3109 2510 3169 2556 et
3214 2515 3337 2570 quae
3384 2504 3515 2552 sunt

1927 2595 2345 2652 consuetudinis
2384 2615 2398 2651 :
2448 2598 2603 2669 sequi
2649 2606 2831 2652 autem
2872 2598 2927 2651 in
2972 2596 3038 2651 iis
3080 2610 3202 2666 quae
3238 2606 3515 2647 summum

1925 2689 2018 2761 jus
2055 2704 2163 2744 non
2205 2689 2524 2757 admittunt,
2566 2690 2802 2746 formam
2845 2689 3120 2745 traditam.

2002 2784 2093 2838 52.
2137 2784 2430 2839 Peccatum
2464 2785 2531 2839 ad
2570 2795 2803 2841 mortem
2863 2791 3155 2855 peccantes
3208 2778 3412 2843 clerici,
3450 2776 3518 2832 de

1931 2878 2101 2950 gradu
2144 2878 2499 2949 dejiciuntur,
2536 2894 2565 2934 a
2603 2879 2872 2935 laicorum
2908 2888 3088 2933 autem
3121 2874 3515 2931 communione

1931 2985 2042 3024 non
2102 2978 2381 3027 arcentur.
2449 2968 2574 3026 Non
2637 2972 2778 3026 enim
2838 2967 3128 3024 vindicabis
3192 2966 3271 3020 bis
3324 2966 3379 3018 in
3432 2963 3519 3017 id-

1930 3063 2129 3134 ipsum.

2003 3156 2097 3211 5|.
2137 3156 2294 3222 Quod
2326 3156 2394 3213 ad
2429 3156 2660 3213 clericos
2700 3156 2913 3223 attinet,
2949 3153 3249 3211 indeﬁnite
3280 3165 3521 3208 canones

1933 3260 2333 3319 exposuerunt,
2364 3266 2527 3304 unam
2565 3248 2732 3321 lapsis
2768 3249 3026 3319 jubentes
3064 3260 3283 3317 poenam
3318 3243 3518 3314 indigi,

1933 3342 2258 3412 ejectionem
2294 3356 2326 3396 a
2349 3342 2688 3407 ministerio,
2723 3342 2840 3396 sive
2865 3341 2919 3395 in
2947 3341 3116 3411 gradu
3150 3337 3373 3395 fuerint.
3405 3336 3521 3390 sive

1934 3435 2099 3489 etiam
2158 3435 2212 3488 in
2275 3434 2605 3499 ministerio,
2660 3434 2807 3503 quod
2856 3447 3119 3488 manuum
3162 3427 3520 3501 impositione

1770 3576 1773 3577 ν
1884 3590 1891 3595 _
1935 3541 2042 3582 non
2069 3526 2255 3590 datur,
2284 3537 2664 3597 permaneant.

2006 3619 2175 3690 280
2205 3618 2357 3673 CAP.
2382 3618 2569 3675 XVI“.
2592 3648 2663 3659 —
2692 3617 2843 3688 Quas
2874 3617 2937 3671 ob
2982 3631 3172 3671 causas
3213 3631 3522 3670 omnium

1935 3712 2173 3783 expulsio
2200 3712 2319 3784 ﬁat.

2256 3805 2632 3876 Apostolorum
2656 3821 2828 3861 canon
2852 3803 2944 3868 28,
2972 3802 3065 3868 51,
3091 3801 3180 3856 6‘2.

2008 3896 2079 3953 28
2110 3897 2247 3972 [27].
2278 3898 2337 3954 Si
2364 3899 2489 3970 quis
2520 3899 2832 3970 episcopus,
2855 3898 2937 3952 vel
2968 3896 3270 3969 presbyter,
3291 3895 3373 3951 vel
3409 3895 3525 3949 dia-

1938 4010 2112 4051 conus
2145 3995 2296 4065 juste
2329 3996 2400 4050 ob
2440 3993 2731 4051 manifesta
2764 3994 2992 4051 crimina
3028 3991 3329 4062 depositus,
3390 3998 3523 4055 etc.,

1940 4096 1998 4141 ιιι
2028 4104 2151 4159 pag.
2172 4087 2299 4144 751.

2012 4182 2072 4236 51
2104 4180 2245 4255 [50].
2278 4180 2335 4236 Si
2364 4181 2492 4253 quis
2518 4180 2835 4252 episcopus,
2870 4179 3174 4251 presbyter,
3217 4178 3301 4233 vel
3339 4177 3527 4232 diaco-

1940 4288 2069 4337 nus,
2104 4274 2190 4327 vel
2243 4274 2472 4328 omnino
2506 4289 2572 4327 ex
2607 4271 2934 4329 sacerdotali
2962 4284 3191 4326 numero
3217 4284 3247 4323 a
3300 4267 3526 4338 nuptiis,

1910 4384 1914 4423 ι
1942 4366 2069 4419 vino
2106 4375 2161 4420 et
2190 4365 2474 4431 carnibus,
2498 4373 2628 4430 etc.,
2657 4375 2710 4418 ut
2745 4380 2867 4435 pag.
2903 4363 3027 4417 751.

2014 4457 2082 4512 62
2114 4456 2254 4530 [6|].
2296 4457 2353 4512 Si
2394 4457 2518 4528 quis
2544 4458 2780 4514 clericus
2829 4466 3049 4528 propter
3083 4464 3276 4511 nutum
3329 4454 3525 4509 buma-

1945 4566 2100 4615 num,
2142 4551 2224 4606 vel
2261 4550 2458 4617 Judaei,
2488 4561 2619 4619 etc.,
2651 4559 2709 4605 ut
2741 4566 2864 4621 pag.
2900 4550 3031 4607 746.

2320 4659 2552 4717 Concilii
2576 4661 2888 4717 Antiocheni
2921 4678 3092 4715 canon
3120 4659 3237 4717 ι’·

2014 4770 2069 4826 4.
2095 4770 2151 4826 Si
2178 4771 2302 4842 quis
2332 4771 2621 4842 episcopus
2659 4787 2691 4827 a
2728 4771 2941 4844 synodo
2978 4769 3279 4842 depositus,
3308 4777 3439 4834 etc.,
3476 4776 3534 4823 ut

1944 4878 2067 4933 pag.
2098 4860 2229 4918 201.
2994 4873 3012 4927 ι

2318 4976 2545 5034 Concilii
2575 4977 2863 5033 Laodiceni
2890 4994 3059 5033 canon
3086 4979 3175 5034 56.

2022 5093 2110 5150 56.
2141 5094 2295 5162 Quod
2333 5111 2439 5152 non
2466 5105 2682 5167 oportet
2722 5111 2820 5154 eos
2854 5097 2947 5171 qui
2985 5110 3112 5154 sunt
3147 5098 3370 5163 sacrati,
3398 5108 3532 5167 etc.,

1951 5196 2009 5241 ut
2037 5205 2159 5260 pag.
2204 5189 2331 5245 754.

2231 5282 2461 5339 Concilii
2490 5287 2793 5341 meumenici
2836 5302 2886 5340 vr
2950 5301 3120 5339 canon
3149 5284 3239 5340 2|.

2019 5378 2109 5432 ‘2l.
2165 5376 2306 5445 Quid
2363 5378 2631 5434 canonice
2687 5379 3056 5450 quorumdam
3116 5377 3409 5435 criminum
3460 5376 3539 5430 rei

1956 5472 2106 5537 facti,
2138 5481 2269 5539 etc.,
2294 5480 2353 5526 ut
2383 5489 2509 5544 pag.
2544 5472 2671 5528 735.
3312 5463 3331 5467 -
3374 5460 3387 5465 -
3410 5456 3531 5467 ...η

2024 5561 2178 5620 CAP.
2202 5561 2346 5618 XIX.
2371 5594 2442 5604 —
2481 5561 2833 5629 Quandonam
2858 5562 3052 5635 aliquis
3088 5563 3395 5618 cathedram
3420 5563 3540 5633 qui-

277 5671 417 5724 σεως
476 5663 775 5734 ἱερατικῆς
808 5662 1046 5735 μετέχει
1071 5703 1086 5730 ,
1116 5661 1231 5718 οὐκ
1275 5658 1509 5731 ἐνεργεῖ
1533 5657 1602 5714 δέ
1641 5676 1694 5715 τι
1730 5656 1823 5713 τῶι

1955 5657 2075 5712 dem
2101 5665 2404 5727 statumque
2432 5655 2856 5713 ecclesiasticum
2886 5657 3095 5723 retinet,
3118 5654 3428 5711 nullatenus
3456 5662 3543 5708 ta-

276 5750 509 5807 λοιπῶν.

341 5925 615 6005 "-Nahum
652 5951 686 6001 I,
713 5937 767 5993 9.

1958 5769 2075 5807 men
2104 5752 2457 5807 ministerium
2479 5756 2722 5822 mercem
