3874 6296
495 380 605 446 755

857 499 1080 555 Conrilii
1111 501 1381 575 Ancyrani
1405 521 1574 558 canon
1614 505 1664 570 l,
1687 503 1744 558 2.

494 609 506 670 ξ,
571 593 598 646 1
615 635 625 646 .
640 593 996 666 Presbyteros
1013 597 1106 665 qui
1125 598 1592 662 sacriﬁcaverunt,
1611 609 1741 663 etc.,
1757 607 1814 652 ut
1829 614 1951 668 pag.
1968 596 2091 651 595.

573 686 628 740 2.
667 685 938 742 Diaconos
987 687 1241 744 similiter
1287 691 1381 760 qui
1425 691 1843 757 sacriﬁcarunt,
1906 701 2094 761 postea

500 788 686 834 autem
736 781 988 836 reluctati
1029 793 1180 848 sunt,
1217 783 1387 838 alium
1420 785 1642 854 quidem
1688 784 1954 839 honorem
2005 785 2095 838 ha-

499 874 652 938 bere,
694 863 844 944 ips’os
893 883 1076 930 autem
1122 875 1191 930 ab
1242 879 1391 931 onmi
1442 878 1771 933 sacerdotali
1810 877 1886 949 (5)
1932 877 2094 931 mini-

499 967 669 1021 sterio
703 982 944 1034 cessare,
980 978 1032 1023 et
1064 984 1260 1038 panem
1299 971 1380 1024 rel
1422 973 1648 1025 calicem
1674 971 1960 1034 ollerendi,
2006 969 2092 1025 vel

497 1059 872 1128 prtetlicandi:
922 1060 1016 1114 sed
1052 1061 1098 1115 si
1140 1077 1203 1117 ex
1253 1063 1532 1133 episcopis
1576 1063 1745 1134 aliqui
1794 1063 1849 1116 in
1894 1063 1962 1117 iis
2006 1062 2088 1117 vel

497 1149 852 1206 alllictiouem
886 1153 1151 1223 aliqum],
1204 1158 1286 1211 vel
1329 1159 1692 1212 humilitatem
1730 1174 1793 1211 ac
1836 1173 2092 1211 mansue-

499 1242 742 1298 tudiuem
794 1245 1052 1311 viderint,
1087 1258 1142 1302 et
1189 1250 1395 1318 aliquid
1443 1251 1680 1320 amplius
1711 1251 1844 1305 dare
1886 1249 1968 1304 vel
2010 1247 2093 1304 of-

497 1335 643 1392 ferre
673 1339 971 1407 voluerint,
999 1341 1052 1394 in
1085 1359 1273 1396 eorum
1307 1353 1579 1412 potestate
1607 1343 1658 1396 id
1695 1358 1836 1397 esse.

674 1429 836 1500 281
888 1429 1112 1484 Concilii
1151 1430 1598 1486 A’eocwsariensis
1639 1448 1807 1486 canon
1837 1431 1891 1487 9.

563 1524 620 1579 9.
658 1523 713 1577 Si
738 1522 1017 1594 presbyter
1037 1525 1127 1595 qui
1157 1541 1390 1595 corpore
1419 1527 1574 1597 prius
1600 1532 2088 1598 peccaverat,etc.,

491 1621 550 1665 ut
586 1627 709 1683 pag.
743 1611 870 1669 547.

742 1708 970 1764 Coucilii
1004 1711 1309 1764 wcumenici
1344 1727 1396 1766 Vl
1427 1727 1649 1767 canones
1681 1711 1735 1778 '5,
1771 1711 1864 1767 26.

570 1801 646 1856 De
675 1803 993 1873 presbyteris
1016 1812 1066 1856 et
1096 1802 1324 1856 clericis.

1696 389 1960 450 PllOTlI
1998 390 2081 449 PA

2201 389 2504 452 [ARCHIE
2536 392 2647 454 CP.
3653 403 3737 472 756

2120 510 2172 569 Λ

2479 503 2752 559 Συνόδου
2789 505 3079 576 Ἀγκύρας
3125 507 3324 563 κανὼν
3347 508 3414 574 α’,
3440 511 3500 582 β’.

2268 603 2337 652 α’.
2377 599 2796 670 Πρεσϐυτέρους
2827 601 2952 665 τοὺς
2979 601 3366 668 ἐπιθύσαντας,
3392 623 3444 659 κ.
3476 625 3524 660 τ.
3545 606 3590 660 λ.

2270 694 2337 761 β’.
2375 695 2674 758 Διακόνους
2727 696 2928 763 ὁμοίως
2981 698 3275 767 θύσαντας,
3333 699 3465 769 μετὰ
3512 701 3744 760 δὲταῦτα

2197 787 2704 854 ἁναπκλαίσαντας,
2731 790 2831 860 τὴν
2869 790 2970 861 μὲν
2993 791 3159 864 ἄλλην
3189 794 3355 864 τιμὴν
3386 792 3543 863 ἔχειν,
3564 794 3744 848 πεπαῦ-

2199 881 2322 935 σθαι
2349 883 2406 936 δὲ
2439 883 2636 947 αὐτοὺς
2667 883 2850 954 πάσης
2879 884 2978 955 τῆς
3007 886 3288 958 ἱερατικῆς
3309 887 3632 957 λειτουργίας
3667 889 3745 942 τοῦ

2195 977 2380 1048 ἄρτον,
2411 977 2444 1050 ἢ
2467 979 2728 1051 ποτήριον
2760 981 3079 1052 ἀναφέρειν,
3105 982 3138 1053 ἢ
3173 981 3485 1052 κηρύσσειν·
3504 983 3552 1034 εί
3575 985 3748 1051 μέντοι,

2195 1072 2344 1134 τινες
2373 1072 2482 1124 τῶν
2513 1073 3083 1144 ὲπισκόπωνητούτους
3105 1075 3369 1128 συνίδοιεν
3401 1076 3633 1145 κάματόν
3648 1095 3749 1133 τινα

2193 1168 2227 1238 ἢ
2264 1172 2595 1224 ταπείνωσιν
2626 1174 2958 1242 πραότητος,
2991 1174 3086 1226 καὶ
3130 1171 3367 1226 ἐθέλοιεν
3400 1173 3556 1226 πλέον
3577 1192 3623 1228 τι
3645 1174 3752 1229 διδό-

2194 1279 2281 1316 ναι
2307 1264 2340 1334 ἢ
2374 1264 2650 1335 ἀφαιρεῖν,
2677 1265 2766 1318 ἐπ’
2803 1265 2988 1330 αὐτοῖς
3012 1260 3155 1320 εἶναι
3181 1265 3282 1338 τὴν
3310 1265 3572 1331 ἐξουσίαν.

2441 1427 2714 1482 Συνόδου
2746 1429 3217 1498 Νεοκαισαρείας
3243 1428 3447 1483 κανὼν
3474 1429 3536 1484 θ’.

2264 1522 2328 1575 θ’.
2360 1521 2744 1593 Πρεσϐύτερος
2799 1521 2896 1576 ἐὰν
2954 1520 3411 1594 προημαρτηκὼς
3460 1519 3752 1593 σώματι,κ.

2190 1631 2243 1670 τ.
2294 1615 2345 1668 λ.

2287 1707 2559 1762 Συνόὸου
2585 1705 3006 1776 οικουμενικῆς
3043 1707 3226 1776 ἕκτης
3253 1705 3456 1762 κανὼν
3478 1713 3547 1776 γ’,
3579 1714 3682 1772 κς.

2264 1801 2408 1870 Περὶ
2439 1801 2642 1871 ἱερέων
2667 1803 2766 1858 καί
2795 1801 3122 1871 κληρικῶν.

565 1897 621 1952 '5.
654 1895 924 1962 Quoniam
966 1911 1098 1951 vero
1144 1895 1267 1966 pius
1305 1895 1619 1967 Christique
1656 1907 1892 1962 amator,
1941 1905 2081 1966 etc.,

2263 1863 2360 1964 γ’.⁷
2377 1863 2594 1966 Ἐπειδὴ
2645 1893 2755 1948 δὲό
2797 1863 3030 1966 εὐσεϐὴς
3087 1893 3184 1948 καὶ
3243 1891 3584 1964 φιλόχριστος
3624 1893 3756 1963 ἡμῶν

493 1999 551 2043 ιιι
581 2006 704 2059 pag.
737 1989 860 2044 511.
1093 2037 1095 2046 ε

565 2081 658 2135 26.
710 2081 1131 2153 Presbyterum,
1181 2079 1270 2151 qui
1323 2095 1421 2151 per
1474 2080 1833 2150 ignorantiam
1885 2079 2088 2135 illicitis

493 2177 702 2246 nuptiis
728 2185 810 2230 est
839 2176 1167 2246 implicatus,
1197 2191 1320 2230 esse
1357 2175 1576 2245 quidem
1610 2174 1885 2229 cathedrae
1919 2173 2088 2244 partio

493 2272 694 2338 cipein,
719 2269 1017 2324 secundum
1050 2285 1112 2323 ea
1133 2285 1256 2338 qua:
1285 2277 1414 2323 sunt
1442 2268 1601 2322 nobis
1629 2284 1656 2322 a
1687 2283 1846 2323 sacro
1875 2280 2088 2322 canone

491 2362 712 2417 decreta
745 2379 756 2414 :
791 2376 822 2415 a
863 2361 1090 2430 reliquis
1121 2371 1303 2415 autem
1337 2361 1750 2432 operationibus
1785 2361 2084 2415 abstinere.

489 2453 551 2507 Ei
581 2455 749 2519 enim,
781 2455 874 2524 qui
907 2466 991 2510 est
1021 2455 1166 2521 talis,
1195 2455 1327 2510 satis
1355 2463 1440 2509 est
1469 2455 1513 2509 si
1546 2454 1701 2509 venia
1728 2453 1906 2508 detur.
1937 2451 2007 2508 Ut
2040 2453 2086 2508 is

491 2557 674 2602 autem
708 2548 798 2602 alii
835 2549 1124 2604 benedicat
1157 2551 1248 2618 qui
1293 2549 1454 2604 debet
1485 2549 1704 2618 prOpria
1738 2563 1933 2602 curare
1964 2548 2087 2601 vul-

491 2656 644 2705 nera,
684 2658 792 2696 non
841 2653 926 2698 est
968 2655 1425 2698 consentaneum.
1459 2640 1776 2697 Benedictio
1809 2643 1953 2696 enim
2003 2655 2088 2697 est

490 2736 943 2792 satietiﬁeationis
965 2737 1260 2806 impertitio
1290 2755 1302 2791 :
1335 2737 1429 2807 qui
1459 2746 1644 2791 autem
1683 2735 1732 2790 id
1781 2751 1888 2790 non
1923 2735 2086 2790 habet

490 2839 716 2899 propter
745 2830 1002 2885 delictum
1033 2846 1100 2884 ex
1132 2830 1464 2900 ignorantia,
1492 2830 1771 2900 quomodo
1797 2829 1950 2883 alteri
1983 2830 2085 2882 im-

487 2921 720 2990 pertiet?
751 2917 866 2976 Nec
905 2935 1034 2992 ergo
1069 2921 1304 2991 publice,
1343 2936 1443 2976 nec
1493 2921 1742 2989 privatim
1776 2920 2082 2986 benedicat,

489 3029 592 3067 nec
642 3012 848 3069 Christi
901 3029 1104 3084 corpus
1156 3014 1278 3070 aliis
1332 3014 1630 3070 distribuat
1690 3013 1810 3084 (nec
1861 3013 2083 3084 aliquod

487 3106 637 3161 aliud
670 3107 1035 3162 ministerium
1062 3107 1269 3176 obeat),
1298 3109 1390 3163 sed
1410 3106 1758 3178 pra-Sidentia
1789 3116 2084 3162 contentus

487 3198 715 3252 domino
748 3199 960 3264 deﬂeat,
997 3209 1056 3254 ut
1105 3199 1181 3254 illi
1211 3216 1277 3254 ex
1312 3199 1622 3272 ignorantia
1674 3207 1956 3269 peccatum
1992 3215 2082 3254 re-

486 3290 758 3346 mittatur.
786 3291 1133 3347 Manifestum
1163 3295 1309 3348 enim
1360 3303 1443 3350 est
1475 3295 1620 3365 quod
1654 3293 1922 3350 nefarium
1948 3309 2078 3350 con-

481 3382 696 3452 jugium
734 3385 1081 3451 dissolvetur,
1113 3402 1215 3441 nec
1251 3387 1331 3441 vir
1365 3404 1489 3442 cum
1519 3403 1582 3442 ea
1613 3387 1723 3442 ullo
1754 3388 1918 3442 modo
1944 3403 2077 3442 con-

485 3475 830 3528 suetudinem
857 3475 1095 3541 habebit,
1124 3484 1347 3547 propter
1381 3493 1546 3549 quam
1573 3493 1732 3534 sacra
1760 3479 2080 3549 operatione

483 3568 729 3638 privatus
769 3577 875 3624 est.

918 3659 1111 3717 Basilii
1145 3679 1376 3719 canones
1404 3665 1498 3729 27,
1538 3665 1626 3721 70.

552 3753 646 3810 27.
689 3753 764 3809 De
803 3756 1120 3828 presbytero
1163 3759 1258 3828 qui
1303 3760 1548 3816 insciens
1599 3761 1811 3817 illicitis
1862 3762 2070 3833 nuptiis

483 3847 800 3918 implicatus
834 3859 938 3914 est,
961 3859 1066 3904 etc.
1099 3860 1155 3904 nt
1187 3867 1307 3920 oag.
1337 3851 1466 3906 547.

556 3942 646 3998 70.
689 3942 967 3998 Diaeonus
1017 3944 1111 4014 qui
1157 3945 1398 4014 pollutus
1437 3955 1524 4000 est
1573 3947 1626 4000 in
1664 3947 1855 4013 labris,
1908 3963 2078 4019 seque

483 4047 550 4088 eo
575 4049 750 4104 usque
780 4050 1041 4104 peccasse
1071 4037 1364 4093 confessus
1393 4047 1496 4103 est,
1531 4055 1559 4091 a
1583 4039 1890 4095 ministerio
1918 4055 2076 4096 amo-

480 4127 734 4194 vebitur;
771 4129 868 4184 sed
900 4129 950 4183 ei
984 4131 1339 4195 concedetur,
1375 4142 1432 4186 ut
1463 4149 1587 4187 cum
1623 4133 1873 4189 diaconis
1901 4135 2076 4203 parti-

483 4239 613 4294 ceps
643 4224 714 4279 sit
745 4235 1244 4280 sacramentorum.
1269 4226 1324 4280 ld
1358 4227 1538 4296 ipsum
1573 4237 1756 4281 autem
1790 4228 2077 4298 presbyter

483 4333 723 4387 quoque.
763 4317 819 4371 Si
857 4319 988 4388 quid
1030 4331 1214 4373 autem
1246 4322 1486 4389 amplius
1521 4322 1646 4389 quis
1683 4337 1944 4390 peccasse
1975 4320 2076 4375 de-

482 4407 792 4475 prehensus
851 4407 1039 4476 fuerit,
1083 4410 1138 4464 in
1171 4426 1502 4480 quocunque
1535 4413 1607 4468 sit
1659 4413 1852 4481 gradu,
1909 4411 2074 4482 depo-

480 4511 666 4555 netur.

2193 1989 2472 2061 βασιλεὺς,
2503 2006 2559 2044 κ.
2591 2005 2641 2042 τ.
2673 1988 2723 2043 λ.

2261 2084 2378 2148 κς’.
2407 2084 2784 2158 Πρεσϐύτερον
2811 2082 2903 2138 τὸν
2950 2082 3095 2138 κατὰ
3151 2082 3377 2152 ἄγνοιαν
3423 2080 3637 2153 ἁθέσμῳ
3678 2084 3758 2150 γά-

2193 2198 2280 2251 μῳ
2339 2178 2744 2250 περιπαρέντα,
2811 2177 3084 2249 καθέδρας
3136 2177 3236 2249 μὲν
3306 2176 3594 2246 μετέχειν,
3639 2178 3758 2229 κατὰ

2187 2275 2258 2327 τὰ
2287 2274 2398 2328 ἀπὸ
2427 2273 2521 2326 τοῦ
2544 2273 2692 2343 ίεροῦ
2712 2275 2939 2332 κανόνος
2961 2272 3095 2341 ἡμῖν
3117 2270 3577 2341 νομοθετηθέντα,
3599 2270 3694 2323 τῶν
3708 2271 3755 2324 δὲ

2187 2366 2392 2421 λοιπῶν
2410 2365 2700 2439 ἐνεργειῶν
2727 2363 3048 2435 ἀπέχεσθαι·
3075 2365 3308 2434 ἀρκετὸν
3337 2363 3452 2436 γὰρ
3478 2362 3759 2434 τῷτοιούτῳ

2189 2462 2222 2532 ἡ
2249 2460 2550 2530 συγγνώμη
2573 2475 2588 2490 ⁸
2620 2459 2864 2527 εὐλογεῖν
2881 2458 2938 2512 δὲ
2968 2458 3158 2530 ἕτερον
3193 2457 3288 2510 τὸν
3310 2457 3380 2511 τὰ
3411 2458 3583 2510 οίκεία
3611 2473 3756 2527 τημε-

2188 2557 2299 2611 λεῖν
2371 2555 2657 2625 ὀφείλοντα
2714 2553 3044 2624 τραύματα,
3102 2550 3470 2606 ἀνακόλουθον
3497 2567 3512 2582 ⁸
3565 2549 3755 2618 εὐλογία

2189 2650 2299 2722 γὰρ
2362 2647 2638 2718 ἁγιασμοῢ
2693 2645 2981 2716 μετάδοσίς
3041 2646 3232 2696 ἐστιν’
3293 2641 3324 2692 ὁ
3373 2641 3433 2696 δὲ
3504 2640 3653 2694 τοῦτο
3695 2640 3755 2711 μὴ

2188 2744 2328 2814 ἔχων
2356 2743 2444 2795 διὰ
2474 2742 2536 2794 τὸ
2564 2743 2628 2795 ὲκ
2653 2740 2754 2809 τῆς
2779 2738 3003 2808 ἀγνοίας
3043 2738 3426 2807 παράπτωμα,
3460 2735 3576 2798 πῶς
3612 2733 3754 2803 ἑτέρῳ

2191 2835 2536 2910 μεταδώσει;
2579 2835 2720 2906 μήτε
2767 2832 2950 2887 τοίνυν
2995 2830 3258 2902 δημοσίᾳ,
3292 2831 3435 2901 μήτε
3484 2827 3588 2898 ἰδίᾳ
3633 2827 3757 2880 εὐλο-

2187 2931 2376 3001 γείτω,
2413 2929 2551 3000 μήτε
2575 2927 2635 2980 τὸ
2665 2925 2826 2995 σῶμα
2867 2923 2962 2978 τοῦ
2998 2921 3238 2994 Χριστοῦ
3270 2919 3626 2990 κατανεμέτω
3660 2917 3756 2971 ἑτὲο

2193 3042 2329 3096 ροις,
2368 3024 2506 3094 μήτε
2540 3039 2592 3074 τι
2659 3019 2790 3074 ἄλλο
2819 3017 3241 3090 λειτουργείτωσ
3277 3015 3398 3070 ἀλλ’
3448 3011 3754 3083 ἀρκούμενος

2185 3121 2252 3190 τῇ
2311 3113 3011 3189 προεδρίᾳ,ἷπροσκ).αιέτω
3035 3111 3114 3184 τῷ
3137 3109 3315 3183 κυρίῳ
3363 3105 3755 3178 συγχωρηθῆναι

2111 3229 2154 3286 C
2187 3211 2335 3282 αὐτῷ
2357 3210 2420 3264 τὸ
2452 3213 2516 3264 ἐκ
2545 3211 2645 3280 τῆς
2672 3209 2896 3277 ἀγνοίας
2914 3207 3175 3278 ἀνόμημα
3201 3221 3214 3234 ·
3269 3200 3542 3276 πρόδηλον
3570 3201 3671 3268 γὰρ
3693 3195 3755 3260 ὡς

2181 3307 2210 3358 6
2253 3301 2495 3367 τοιοῦτος
2535 3302 2710 3373 γάμος
2738 3300 3147 3370 διαλυθήσεται,
3178 3297 3274 3351 καὶ
3300 3293 3559 3364 οὐδαμῶς
3589 3294 3615 3345 ὁ
3639 3290 3756 3358 ἀνὴρ

2185 3399 2475 3470 μετουσίαν
2519 3395 2632 3461 ’ἐξει
2682 3395 2816 3464 πρὸς
2852 3393 2952 3466 τὴν
2981 3393 3050 3446 δι’
3085 3387 3150 3466 ἧς
3168 3391 3267 3462 τῆς
3299 3392 3457 3462 ἱερᾶς
3506 3384 3755 3458 ἐνεργείας

2181 3492 2497 3563 ἐστέρηται.

2595 3677 2922 3731 Baucis-Iov
2951 3672 3152 3728 κανὼν
3172 3671 3274 3736 κζ’,
3297 3676 3363 3724 ο’.

2251 3771 2356 3836 κζ’.
2395 3769 2535 3842 Περὶ
2600 3768 2696 3822 τοῦ
2757 3767 3132 3840 πρεσϐυτέρου
3204 3763 3298 3817 τοῦ
3357 3760 3502 3816 κατὰ
3559 3759 3754 3827 ἄγνοιαν

2180 3865 2410 3936 ἁθέσμῳ
2445 3864 2612 3935 γάμῳ
2642 3861 3067 3936 περιπαρέντος,
3101 3877 3156 3913 κ.
3188 3876 3242 3916 τ.
3270 3859 3322 3912 λ.

2251 3964 2312 4012 o'.
2347 3957 2604 4019 Διάκονος
2631 3956 2690 4008 ὲν
2720 3954 2924 4026 χείλεσι
2958 3951 3229 4023 μιανθεὶς,
3263 3950 3360 4005 καὶ
3395 3949 3556 4021 μέχρι
3581 3944 3748 3999 τούτου

2179 4050 2562 4123 ἡμαρτηκέναι
2587 4049 2953 4119 ὁμολογήσας,
3004 4047 3104 4118 τῆς
3154 4045 3507 4116 λειτουργίας
3555 4045 3748 4109 ἐπισχεο

2181 4148 2451 4218 θήσεται·
2501 4144 2596 4198 τοῦ
2643 4144 2697 4198 δὲ
2741 4143 2990 4214 μετέχειν
3043 4142 3154 4196 τῶν
3193 4141 3579 4210 ἀγιασμάτων,
3634 4131 3751 4205 μετὰ

2178 4239 2288 4294 τῶν
2320 4238 2583 4293 διακόνων
2609 4237 2978 4307 ἀξιωθήσεται
3002 4252 3015 4265 ·
3069 4235 3132 4289 τὸ
3163 4235 3221 4289 δὲ
3254 4233 3390 4289 αὐτὸ
3421 4235 3515 4287 καὶ
3539 4227 3748 4302 πρεσϐύ-

2178 4348 2335 4402 τερον
2364 4346 2378 4360 ·
2410 4331 2458 4382 εἰ
2483 4329 2540 4382 δέ
2561 4347 2614 4381 τι
2645 4327 2837 4382 τούτου
2869 4325 3054 4380 πλεῖον
3084 4324 3373 4396 φωραθείη
3407 4342 3492 4388 τις
3523 4324 3747 4395 ἡμαρτη-

2180 4422 2318 4490 κὼς,
2352 4425 2410 4477 ὲν
2440 4423 2538 4494 οἵῳ
2573 4422 2638 4477 ἂν
2744 4421 2961 4494 βαθμῷ,
2999 4420 3493 4492 καθαιρεθήσεται.

555 4595 719 4666 282
755 4594 908 4651 CAP.
934 4595 1055 4651 XX.
1079 4627 1147 4636 ——
1169 4594 1295 4651 Non
1346 4613 1457 4652 esse
1486 4597 1805 4651 credendum
1831 4599 2069 4667 episcopo

2253 4606 2507 4661 ΚΕΦΑΛ.
2533 4603 2621 4660 κ’.
2648 4636 2716 4646 —
2748 4604 2890 4673 Περὶ
2939 4601 3048 4657 τοῦ
3092 4602 3180 4673 μὴ
3236 4601 3623 4662 πιστεύεσθαι
3659 4596 3749 4649 τὸν

477 4690 763 4758 u/ﬁrmanti
817 4691 1068 4758 privatim
1114 4691 1214 4745 sibi
1271 4690 1522 4745 clericum
1566 4690 1630 4744 de
1685 4691 1908 4745 crimine
1959 4708 2070 4746 esse

475 4783 796 4852 confessum.

741 4875 968 4930 Consilii
994 4877 1433 4948 Cartlmginensis
1471 4895 1640 4932 canon
1669 4878 1795 4934 132.

549 4970 627 5024 De
671 4973 932 5041 episcopo,
988 4971 1078 5042 qui
1117 4972 1543 5025 excontmunicat
1591 4989 1732 5041 eum,
1783 4989 1935 5044 quem
1968 4972 2072 5027 sibi

476 5060 578 5114 soli
609 5061 806 5115 crimen
836 5061 966 5114 dicit
997 5076 1110 5114 esse
1144 5060 1464 5130 confessum.

552 5247 676 5302 152.
712 5247 844 5302 Item
882 5247 1088 5316 placuit
1121 5250 1207 5318 ἰδ’,
1237 5259 1300 5303 ut
1338 5248 1384 5303 si
1413 5249 1635 5319 quando
1666 5251 1954 5320 episcopus
1980 5250 2066 5305 di-

478 5340 555 5395 cit
607 5339 846 5410 aliquem
882 5340 986 5394 sibi
1018 5341 1117 5395 soli
1163 5343 1446 5412 proprium
1481 5343 1689 5398 crimen
1720 5341 1889 5397 fuisse
1927 5357 2064 5398 con-

479 5435 708 5499 fessum,
747 5443 910 5503 atque
950 5434 1039 5489 ille
1070 5446 1228 5505 neget
1279 5448 1332 5490 et
1363 5439 1629 5505 pmuitere
1657 5437 1924 5504 noluerit;
1959 5454 2066 5492 non

475 5535 630 5598 putet
657 5531 724 5583 ad
759 5527 1018 5599 iniuriam
1065 5545 1222 5584 suam
1271 5531 1568 5602 episc0pus
1593 5535 1888 5604 pertinere,
1921 5532 2064 5602 quod

543 5713 588 5742 δ’
616 5709 786 5766 Cone.
819 5711 1009 5767 Carth.
1039 5731 1133 5776 νη.
1171 5730 1220 5770 c.
1258 5715 1328 5770 55
1349 5759 1364 5785 ,
1391 5714 1562 5770 Afric.
1600 5731 1647 5770 ε.
1680 5715 1766 5771 99.

2179 4699 2520 4753 ἐπίσκοπον
2537 4696 2796 4768 λέγοντα
2832 4695 3165 4762 ἰδιαζόντως
3186 4691 3348 4760 αὐτῷ
3362 4695 3472 4747 τὸν
3489 4688 3749 4759 κληρικὸν

2179 4791 2681 4863 συνομολογῆσαι
2718 4789 2785 4843 τὸ
2819 4788 3155 4858 ἁμάρτημα.

2405 4883 2678 4937 Συνόδου
2707 4881 3132 4951 Καρθαγέννης
3169 4879 3375 4935 κανὼν
3416 4879 3555 4951 ρλβ’.

2250 4977 2389 5046 Περὶ
2413 4976 2755 5031 ἐπισκόπου
2777 4974 2885 5028 τοῦ
2932 4974 3052 5029 ἀπὸ
3099 4975 3420 5038 κοινωνίας
3459 4969 3746 5029 ποιοῦντος

2178 5074 2289 5125 τὸν
2321 5070 2484 5136 αὐτῷ
2559 5070 2726 5141 μόνῳ
2792 5070 2859 5123 τὸ
2908 5067 3064 5122 ἴδιον
3131 5068 3408 5138 ἔγκλημα
3476 5061 3745 5136 ὁμολογῇ·

2171 5180 2389 5217 σαντα.

2247 5253 2384 5327 ρλβ’.
2435 5255 2669 5326 Ὁμοίως
2711 5255 2931 5326 ἤρεσεν,
2978 5254 3068 5307 ἵνα
3133 5253 3230 5307 ὲάν
3286 5269 3416 5306 ποτε
3471 5251 3742 5308 ἐπίσκοπος

2173 5348 2311 5421 λέγῃ
2340 5347 2464 5401 τινὰ
2493 5346 2644 5418 αὐτῷ
2683 5347 2831 5419 μόνῳ
2852 5349 2912 5402 τὸ
2945 5349 3079 5402 ῐδιον
3112 5347 3368 5419 ἔγκλημα
3409 5344 3738 5415 ὁμολογῆσαι,

2175 5445 2271 5497 καὶ
2294 5444 2499 5505 ἐκεῖνος
2547 5441 2804 5512 ἀρνῆται,
2846 5441 2920 5514 μὴ
2975 5441 3266 5512 λογίσηται
3306 5441 3334 5492 6
3363 5438 3651 5496 ἐπίσκοπος
3673 5434 3741 5493 εἰς

2179 5533 2315 5588 ἰδίαν
2350 5532 2508 5605 ὓϐριν
2538 5533 2859 5600 συντείνειν,
2897 5535 2979 5589 ὅτι
3027 5535 3194 5600 αὐτὸς
3232 5533 3389 5607 μόνος
3419 5534 3480 5586 οὐ
3509 5528 3735 5584 πιστεύε-

542 5867 618 5939 (5)
662 5869 829 5925 Sacro
882 5873 1064 5942 aptius
1113 5872 1348 5929 reddidit
1388 5873 1702 5946 Dionysius,
1743 5875 2083 5947 habeturque
2114 5875 2168 5931 in
2193 5878 2358 5933 reteri
2391 5877 2862 5948 interpretatione.
