4012 6410
196 396 294 461 757

861 398 1267 460 SYNTAGMA
1307 395 1699 460 CANONUM.
1725 397 1972 460 -TIT.
2014 399 2124 474 IX,
2168 399 2328 462 CAP.
2369 399 2703 460 XX-XXII.

3387 401 3494 464 758

194 531 314 570 ται·
367 517 417 570 εί
453 517 550 572 καὶ
589 515 668 589 τῷ
717 516 1032 589 σκινδαλμῷ
1073 517 1176 590 τῆς
1225 517 1364 580 ἰδίας
1428 518 1792 590 συνειδήσεως

1923 517 1978 572 ιιι
2030 519 2132 573 soli
2189 534 2296 574 non
2347 518 2613 582 creditur,
2666 517 2770 574 etsi
2815 517 3078 590 scrupulo
3115 519 3227 591 (5‘)]
3253 525 3486 590 propria:

193 608 342 677 λέγει
374 609 453 682 μὴ
493 611 667 664 θέλειν
701 611 894 664 ἐαυτὸν
922 614 1202 665 κοινωνεῖν
1227 611 1306 682 τῷ
1329 612 1496 682 ἁρνου
1507 612 1674 682 μένῳ.

264 703 521 759 ΚΕΦΑΛ.
559 705 690 759 KA'.
724 736 795 747 —
832 705 970 774 Περὶ
1015 704 1356 760 ἐπισκόπου
1398 705 1436 773 ἢ
1490 704 1785 774 κληρικοῦ

190 795 512 863 ἐσθίοντος
593 797 774 866 κρέας
837 798 910 852 ἐν
965 798 1189 868 αἵματι,
1249 799 1286 867 ἢ
1328 799 1692 870 θνησιμαῒον
1746 797 1784 868 ἡ

191 886 587 956 omittiwaor.

618 981 1003 1036 Ἀποστόλων
1034 983 1234 1037 κανὼν
1273 983 1372 1052 ξγ’.

261 1069 364 1139 ξγῖ
400 1071 467 1126 Et
495 1090 580 1136 τις
601 1075 922 1141 ἐπίσκοπος,
953 1074 986 1145 ἢ
1021 1074 1416 1146 πρεσϐύτερος,
1452 1075 1485 1147 ῆ
1517 1075 1785 1141 διάκονος,

189 1163 225 1236 ἢ
255 1164 398 1230 ὅλως
443 1165 540 1220 τοῦ
587 1168 888 1238 καταλόγου
937 1169 1033 1224 τοῦ
1083 1170 1382 1240 ἱερατικοῦ,
1445 1169 1598 1242 φάγῃ
1626 1171 1786 1241 κρέα,

189 1273 246 1312 κ.
278 1275 328 1313 τ.
370 1259 420 1317 λ.

514 1355 787 1410 Συνόδου
825 1356 1117 1426 Ἀγκύρας
1165 1352 1370 1410 κανὼνἱ
1399 1355 1466 1426 γ’.

259 1453 330 1515 γ’.
389 1447 531 1511 Τοὺς
583 1447 887 1518 φεύγοντας
944 1451 1039 1502 καὶ
1113 1449 1538 1520 συλληφθέντας,
1595 1449 1628 1520 ἦ
1682 1449 1789 1502 ὑπὸ

187 1540 415 1593 οἰκείων
487 1529 938 1612 παραδοθέντας,
995 1541 1027 1612 ἢ
1105 1541 1284 1606 ἄλλως
1339 1541 1408 1596 τὰ
1475 1541 1788 1613 ὑπάρχοντα

184 1634 616 1706 ἀφαιρεθέντας,
687 1635 722 1707 ἢ
789 1636 1196 1706 ὑπομείναντας
1270 1635 1636 1706 βασάνους,ἢ
1689 1637 1771 1697 είς

182 1729 566 1800 δεσμωτήριον
597 1728 992 1800 ἐμϐληθέντας,
1042 1728 1288 1801 βοῶντας
1312 1746 1372 1782 τε
1407 1730 1488 1782 ὅτι
1515 1731 1621 1781 εἰσὶ
1650 1728 1787 1799 Χρι-

185 1823 420 1886 στιανοὶ,
473 1823 568 1876 καὶ
614 1822 1093 1893 περισχισθέντας,
1153 1823 1277 1893 ἦτοι
1326 1824 1406 1884 είς
1461 1825 1560 1882 τὰς
1596 1822 1787 1892 χεῖρας

183 1915 325 1985 πρὸς
352 1915 476 1985 βίαν
528 1914 909 1984 ἐμϐαλλόντων
939 1914 1049 1966 τῶν
1081 1911 1478 1984 βιαζομένωνά,
1515 1913 1550 1982 ἧ
1586 1912 1786 1982 βρῶμα
1819 1893 1861 1954 Β

182 2025 239 2061 τι
274 2008 413 2078 πρὸς
443 2009 691 2079 ἀνάγκης
722 2007 1077 2078 δεξαμένους,
1104 2005 1506 2076 ὁμολογοῦντας
1531 2005 1586 2056 δέ
1617 2003 1796 2057 διόλου

183 2102 270 2154 ὅτι
333 2103 442 2155 εἰσὶ
490 2101 828 2172 Χριστιανοὶ,
859 2101 955 2154 καὶ
995 2100 1056 2152 τὸ
1104 2099 1299 2162 πένθος
1352 2097 1444 2151 τοῦ
1487 2098 1798 2168 συμϐάντος

182 2197 276 2248 ἀεὶ
336 2195 822 2264 ἐπιδεικνυμένους
877 2197 945 2264 τῇ
999 2194 1148 2264 πάσῃ
1209 2191 1520 2262 καταστολῇ
1585 2191 1681 2244 καὶ
1711 2189 1792 2260 τῷ

183 2290 457 2359 σχήματι,
497 2290 594 2342 καὶ
641 2291 708 2358 τῇ
742 2287 838 2340 τοῦ
886 2287 1002 2357 βίου
1037 2285 1414 2354 ταπεινότητι,
1463 2282 1690 2346 τούτους
1719 2281 1796 2346 ὡς

182 2381 295 2446 ἔξω
349 2382 753 2452 ἁμαρτήματος
800 2381 984 2444 ὄντας,
1018 2379 1118 2450 τῆς
1151 2377 1441 2440 κοινωνίας
1475 2377 1550 2448 μὴ
1579 2374 1793 2429 κωλύε-

183 2473 340 2528 σθαι.
377 2474 440 2526 El
471 2473 529 2526 δὲ
556 2475 650 2526 καὶ
677 2471 1029 2542 ἐκωλύθησαν
1062 2470 1167 2524 ὑπό
1202 2486 1368 2534 τινος,
1398 2467 1798 2537 περισσοτέρας

182 2565 485 2636 ἀκριϐείας
541 2566 748 2629 ἕνεκεν,
779 2565 811 2637 ἢ
841 2565 935 2619 καί
977 2581 1140 2617 τινων
1184 2563 1399 2633 ἀγνοίᾳ,
1443 2560 1604 2623 εὐθὺς
1629 2577 1799 2631 προσ-

181 2658 453 2729 δεχθῖψαι
480 2675 495 2689 ·
523 2659 681 2712 τοῦτο
699 2659 756 2712 δέ
790 2658 994 2730 ὁμοίως
1020 2659 1113 2711 ἐπί
1144 2675 1203 2710 τε
1234 2656 1345 2710 τῶν
1370 2658 1434 2708 ἐκ
1462 2654 1557 2708 τοῦ
1589 2653 1796 2725 κλήρου

181 2751 290 2804 καὶ
318 2750 431 2804 τῶν
458 2749 635 2806 ἄλλων
672 2752 876 2807 λαῖκῶν
898 2769 913 2783 ’
964 2751 1348 2825 προεξητάσθη
1376 2753 1433 2808 δέ
1463 2755 1706 2820 κάκεῖνο,
1749 2755 1797 2806 εί

181 2841 452 2897 δύνανται
489 2844 584 2898 καὶ
611 2845 790 2898 λαῖκοὶ
823 2847 888 2917 τῇ
921 2846 1058 2917 αὐτῇ
1111 2845 1328 2918 ἀνάγκη
1405 2847 1794 2912 ὑποπεσόντες,

183 2937 542 3007 προάγεσθαι
587 2939 667 3003 είς
715 2938 872 3004 τάξιν
900 2957 914 2970 ·
957 2939 1137 3006 ἔδοξεν
1181 2940 1275 2994 οὑν
1323 2941 1418 2994 καὶ
1467 2941 1694 3006 τούτους
1719 2940 1796 3005 ὡς

187 3031 372 3102 μηδὲν
401 3033 818 3104 ἡμαρτηκότας,
850 3035 899 3086 εί
917 3035 1010 3087 καὶ
1035 3035 1068 3105 ή
1096 3033 1451 3105 προλαϐοῦσα
1485 3035 1798 3107 εὑρίσκοιτο

183 3123 328 3194 ὀρθή
362 3123 460 3177 τοῦ
499 3123 614 3195 βίου
645 3124 926 3191 πολιτεία,
970 3125 1436 3198 προχειρίζεσθαι.

336 3217 618 3272 Συνόδου
645 3218 1066 3288 οίκουμενικῆς
1111 3219 1292 3288 ἕκτης
1330 3221 1533 3275 κανὼν
1554 3222 1650 3289 ξςυ.

259 3307 374 3374 ξζ’.
401 3307 535 3362 Θεία
561 3310 694 3380 ἡμῖν
715 3310 907 3383 Γραφὴ
930 3312 1253 3376 ἐνετείλατο,
1285 3313 1590 3384 ἀπέχεσθαι
1631 3313 1795 3385 αἵμα-

186 3419 281 3466 τος
337 3401 440 3456 καὶ
485 3403 713 3457 πνικτοῦ
759 3405 852 3458 καὶ
901 3405 1201 3476 πορνείας*
1248 3408 1362 3470 τοῖς
1423 3405 1517 3460 οὑν
1564 3407 1654 3461 διὰ
1695 3409 1798 3478 τὴν

186 3497 383 3567 λίχνον
417 3497 684 3567 γαστέρα,
741 3493 881 3566 αἷμα
924 3500 1246 3570 οίουδήποτε
1298 3499 1438 3567 ζώου
1481 3500 1647 3572 τέχνῃ
1688 3501 1797 3555 τινὶ

188 3590 709 3655 κατασκευάζουσιν
738 3591 1022 3662 ἐδώδιμον,
1049 3594 1144 3646 καὶ
1163 3593 1307 3647 οὕτω
1337 3593 1496 3648 τοῦτο
1532 3594 1795 3661 ἐσθίουσι,

189 3681 534 3752 προσφόρως
583 3683 968 3753 ἐπιτιμῶμεν*
1013 3684 1068 3736 εί
1124 3702 1207 3748 τις
1269 3681 1362 3738 οὖν
1403 3685 1511 3738 ἀπὸ
1545 3685 1640 3739 τοῦ
1676 3685 1795 3748 νῦν,

188 3769 337 3845 αἷμα
394 3773 538 3838 ζιὶιου
576 3775 780 3829 ἐσθίειν
813 3778 1154 3848 ἐπιχειρήσοι
1185 3778 1485 3849 οίῳδήποτὲ
1531 3797 1638 3832 τινι
1675 3779 1801 3848 τρό-

192 3887 302 3938 πῳ,
330 3869 384 3920 εί
420 3868 520 3938 μὲν
562 3870 825 3941 κληρικὸς
855 3872 938 3942 εἴη
972 3870 1376 3942 καθαιρείσθω·
1415 3875 1462 3926 εἰ
1499 3871 1554 3926 δέ
1589 3871 1800 3938 λαῖκὺς,

189 3961 572 4034 ἁροριζέσθιυ.

263 4131 532 4186 ΚΕΦΑΛ.
565 4131 694 4187 KB’.
727 4163 796 4172 —
830 4132 968 4201 Περὶ
1026 4133 1135 4188 τοῦ
1199 4132 1344 4200 τοὺς
1397 4133 1798 4200 ἐπισκόπους,

191 4227 293 4282 καὶ
353 4228 823 4296 πρεσϐυτέρους,
865 4228 958 4283 καὶ
1006 4229 1351 4296 διακόνους,
1409 4229 1507 4283 καὶ
1565 4228 1800 4296 πάντας

191 4322 344 4386 τοὺς
397 4323 469 4376 τὰ
523 4323 650 4390 Ῑερίι
680 4321 1114 4392 ψηλαφῶντας,
1150 4323 1421 4392 ὀφείλειν
1467 4324 1799 4394 ἀπέχεσθαι

192 4413 292 4466 καὶ
329 4409 452 4465 τῶν
475 4413 710 4466 οἰκείων
739 4413 1028 4483 γαμετῶν.

303 4509 357 4560 Σ
363 4505 586 4558 vro-60v
625 4507 1047 4576 Καρθαγέννης
1076 4507 1281 4562 κανὼν
1304 4514 1376 4576 γ’,
1405 4509 1467 4574 δ,
1497 4508 1593 4574 κε’,
1627 4518 1688 4564 ο’.

262 4597 415 4667 Περὶ
450 4597 814 4666 ἐγκρατείας.

264 4699 342 4760 γ’.
379 4690 651 4762 Αὐρήλιος
685 4693 985 4758 ἐπίσκοπος
1010 4689 1184 4748 εἶπεν·
1223 4695 1311 4748 Ἐν
1341 4698 1410 4767 τῇ
1445 4695 1800 4770 προλαϐοὑσῃ

199 4784 431 4854 συνόδῳ,
495 4785 572 4848 ὡς
635 4786 762 4855 περὶ
809 4787 1020 4858 ῥυθμοῦ
1080 4789 1408 4859 ἐγκρατείας
1452 4791 1546 4842 καὶ
1575 4789 1800 4856 ἁγνείας

197 4877 474 4950 ἐζητεῖτο,
506 4877 702 4949 ἤρεσεν
732 4878 873 4932 ὥστε
909 4880 1036 4944 τοὺς
1066 4884 1215 4952 τρεῖς
1257 4881 1500 4951 βαθμοὺς
1549 4881 1797 4949 τούτους,

197 4972 326 5034 τοὺς
354 4968 640 5048 συνδέσμῳ
662 4971 770 5024 τινὶ
793 4972 891 5041 τῆς
912 4971 1133 5040 ἁγνείας
1157 4971 1246 5025 διὰ
1267 4975 1364 5043 τῆς
1389 4971 1800 5044 καθιερωσύνης

203 5063 736 5134 συμπεπλεγμένους
757 5107 771 5129 ,
802 5066 947 5136 φημὶ
993 5065 1051 5118 δὲ
1085 5065 1458 5130 ἐπισκόπους,
1496 5065 1802 5138 πρεσϐυτέ-

204 5172 356 5223 ρους,
391 5157 490 5208 καὶ
523 5157 826 5224 διακόνους,
855 5160 932 5222 ὡς
979 5160 1180 5232 πρέπει
1235 5161 1405 5224 ὁσίοις
1457 5159 1800 5225 ἐπισκόποις,

203 5247 296 5299 καὶ
332 5247 542 5318 ἱερεῦσι
565 5249 721 5314 Θεοῦ,
747 5251 843 5305 καὶ
875 5251 1134 5318 λευΐταις,
1165 5253 1258 5306 καὶ
1283 5251 1620 5323 ὑπουργοῦσι
1638 5253 1804 5316 θείοις

204 5339 647 5410 καθιερώμασιν,
682 5342 972 5413 ἐγκρατεῖς
1006 5340 1144 5396 εἶναι
1169 5344 1226 5396 ἐν
1253 5344 1439 5408 πᾶσιν,
1466 5343 1616 5405 ὅπως
1644 5341 1805 5412 δυνη-

207 5429 343 5486 θῶσι
370 5431 467 5485 τοῦ
494 5433 522 5485 ὃ
540 5434 688 5506 παρὰ
708 5435 805 5489 τοῦ
833 5435 968 5489 Θεοῦ
993 5435 1179 5500 ἁπλῶς
1205 5437 1470 5503 αἰτοῦσιν,
1490 5442 1765 5511 ἐπιτυχεῖν
1785 5457 1798 5470 °

281 5609 381 5680 (5‘)
442 5607 566 5665 llaec
609 5625 738 5678 pars
785 5610 975 5665 ultima
1023 5613 1272 5679 canonis,
1317 5613 1675 5683 subsequenti
1705 5629 1796 5670 ca-

209 5683 340 5733 noni
375 5683 666 5735 attexenda
704 5691 808 5746 est,
847 5692 904 5736 ιιι
933 5683 1266 5740 l-lincmarus
1307 5695 1452 5739 recte
1479 5687 1712 5740 attexuit
1742 5690 1792 5740 in

209 5750 512 5829 oputs‘c.__De
543 5753 772 5829 divortio
806 5752 956 5829 _Lo:li.
990 5766 1038 5811 et
1080 5754 1228 5812 Tetb.
1259 5765 1395 5812 tum.
1433 5754 1476 5822 ι,
1510 5772 1636 5829 pag.
1665 5755 1793 5812 572.

283 5821 361 5890 (6)
395 5820 494 5875 Ms.
525 5824 950 5892 conscriptione.

287 5893 362 5961 (7)
421 5891 521 5950 .lls.
570 5891 837 5965 episcOpi,
890 5898 1136 5968 inquam,
1189 5898 1517 5971 presbyteri,
1566 5910 1620 5957 et
1670 5900 1790 5957 dia-

1891 611 2223 681 cognitionis
2253 625 2313 666 se
2341 611 2475 665 dicit
2509 610 2728 679 neganti
2767 611 2910 665 nolle
2938 612 3372 670 communicare.

1960 702 2114 758 CAP.
2144 701 2292 757 XXI.
2326 735 2397 745 —
2429 703 2504 758 De
2537 705 2780 772 episcopo
2814 713 2906 757 aut
2946 705 3136 758 clerico
3184 705 3274 773 qui
3304 721 3487 760 vesca-

1889 805 1976 851 tur
2005 812 2164 850 carne
2202 812 2322 849 cum
2362 798 2638 868 sanguine,
2682 795 2764 852 vel
2797 797 3102 866 morticina,
3143 798 3224 854 vel
3285 815 3317 851 α
3365 798 3482 868 fera

1889 889 2174 958 stt/locato.

2235 1049 2242 1056 ι
2333 981 2711 1053 Apostolorum
2736 998 2905 1036 canon
2949 981 3038 1037 63.

1959 1073 2030 1128 65
2081 1072 2219 1146 [62}.
2263 1073 2321 1129 Si
2371 1075 2498 1146 quis
2549 1075 2843 1146 episcopus
2889 1076 2974 1129 vel
3021 1073 3334 1145 presbyter,
3395 1075 3483 1129 vel

1888 1167 2157 1222 diaconus
2184 1169 2268 1224 vel
2306 1169 2534 1223 omnino
2572 1186 2636 1223 ex
2673 1169 3002 1224 sacerdotali
3037 1182 3263 1222 numero
3289 1183 3490 1224 corne-

1889 1260 2030 1316 derit.
2056 1277 2274 1323 carnes,
2303 1271 2432 1329 ete.,
2467 1271 2524 1315 ut
2558 1278 2684 1332 pag.
2725 1261 2854 1315 746.

2263 1352 2493 1410 Concilii
2524 1355 2795 1426 Ancyrani
2831 1371 3001 1408 canon
3035 1355 3090 1410 5.

1963 1443 2016 1498 ὅ.
2060 1442 2169 1499 Eos
2191 1444 2283 1514 qui
2311 1444 2580 1514 fugientes
2634 1446 3014 1514 comprehensi
3045 1455 3192 1511 sunt,
3231 1445 3314 1499 vel
3361 1453 3492 1501 sunt

1891 1552 1922 1591 a
1972 1537 2090 1593 suis
2138 1538 2341 1603 traditi,
2373 1538 2455 1591 vel
2479 1538 2596 1594 suis
2629 1538 2834 1608 alioqui
2871 1537 3232 1594 facultatibus
3263 1539 3485 1610 privati,

1892 1631 1976 1687 vel
2029 1641 2298 1687 tormenta
2355 1633 2620 1702 perpessi,
2669 1635 2752 1687 vel
2804 1633 2858 1687 in
2915 1647 3195 1688 carcerem
3253 1634 3490 1704 eonjeeti

1891 1735 2038 1790 sunt,
2071 1726 2372 1781 clamantes
2423 1740 2482 1780 se
2511 1740 2635 1779 esse
2666 1723 3037 1787 Christianos,
3087 1735 3138 1780 et
3167 1726 3367 1782 divulsi
3427 1742 3491 1781 ac

1890 1819 2139 1874 distracti
2187 1829 2337 1886 sunt,
2384 1821 2468 1874 vel
2525 1820 2591 1875 iis
2637 1821 2732 1890 qui
2766 1821 2873 1874 vim
2925 1819 3225 1875 alIerebant
3270 1823 3398 1877 thus
3439 1823 3491 1876 in

1901 1927 2099 1967 manus
2127 1911 2573 1976 immittentibus,
2620 1913 2704 1968 vel
2752 1912 2878 1967 cibo
2905 1913 3089 1982 aliquo
3134 1929 3226 1983 per
3254 1913 3495 1969 necessi-

1902 2014 2066 2061 tatem
2106 2015 2390 2076 suscepto,
2425 2021 2484 2061 se
2521 2015 2701 2061 tamen
2738 2022 2863 2062 esse
2912 2007 3259 2061 Christianus
3301 2023 3497 2078 perpe-

1900 2104 1997 2149 tuo
2026 2094 2285 2161 fatentes,
2311 2106 2365 2152 et
2384 2097 2504 2166 ejus
2527 2099 2671 2167 quod
2697 2099 2896 2153 accidit
2918 2098 3161 2153 dolorem
3187 2109 3238 2154 et
3260 2101 3492 2168 amictu,

1900 2198 1954 2242 et
1985 2188 2194 2252 habitu,
2223 2197 2279 2242 et
2313 2189 2438 2244 vitae
2466 2190 2630 2260 283
2665 2191 2974 2246 humilitate
3006 2207 3118 2260 prae
3142 2207 3202 2246 se
3231 2191 3492 2261 ferentes,

1900 2296 1932 2335 a
1966 2282 2359 2336 communione
2389 2298 2498 2337 non
2534 2285 2734 2338 arceri.
2763 2282 2858 2338 Sin
2887 2293 3072 2338 autem
3098 2286 3262 2339 etiam
3295 2287 3362 2341 ab
3392 2288 3494 2342 ali-

1899 2387 2011 2443 quo
2046 2381 2174 2427 sunt
2225 2374 2510 2443 prohibiti,
2561 2374 2792 2445 majoris
2844 2375 3120 2432 cautionis
3171 2377 3365 2446 gratia,
3414 2377 3498 2433 vel

1899 2464 2064 2519 etiam
2096 2474 2320 2535 propter
2365 2466 2677 2536 aliquorum
2733 2465 3125 2537 ignorantiam,
3171 2468 3355 2522 statim
3394 2471 3498 2523 ad-

1903 2560 2206 2612 mittantur.
2244 2558 2359 2612 Hoc
2395 2571 2578 2614 autem
2627 2561 2885 2614 similiter
2925 2559 2980 2613 in
3025 2560 3240 2615 clericis
3276 2570 3328 2616 et
3370 2563 3497 2618 aliis

1902 2648 2078 2706 laicis.
2136 2651 2250 2708 Hec
2296 2668 2516 2724 quoque
2564 2663 2650 2708 est
2706 2655 3106 2718 examinatum,
3162 2670 3229 2708 an
3285 2658 3499 2725 possint

1900 2743 2063 2798 etiam
2108 2744 2254 2811 laici,
2303 2745 2397 2816 qui
2450 2745 2503 2799 in
2554 2745 2802 2800 eamdem
2859 2745 3244 2801 necessitatem
3291 2747 3472 2804 incide

1901 2848 2052 2904 runt,
2074 2840 2140 2894 ad
2171 2839 2420 2895 ordinem
2447 2840 2782 2910 promoveri.
2809 2838 3002 2895 Visum
3032 2848 3118 2894 est
3137 2853 3291 2909 ergo,
3319 2850 3372 2895 et
3397 2858 3492 2898 eos

1904 2944 1961 2987 ut
1991 2934 2085 3003 qui
2119 2933 2251 2987 nihil
2296 2942 2638 3003 peccassent,
2672 2933 2720 2988 si
2755 2934 2920 2988 etiam
2955 2934 3271 3002 prter-edens
3302 2951 3491 2989 eorum

1902 3026 2024 3080 vitae
2067 3025 2417 3082 instituendae
2466 3028 2605 3082 ratio
2655 3036 2804 3082 recta
2869 3028 3202 3093 inveniatur,
3273 3044 3495 3097 prorno—

1903 3117 2042 3172 veri.

2225 3209 2452 3267 Concilii
2479 3210 2785 3264 oecumen-ici
2815 3225 2862 3264 vr
2883 3225 3056 3264 canon
3085 3208 3174 3266 67.

1971 3304 2061 3360 67.
2095 3302 2285 3358 Divina
2324 3304 2480 3358 nobis
2507 3301 2792 3374 Scriptura
2818 3303 3118 3369 mandavit,
3143 3323 3170 3358 ιι
3205 3305 3495 3377 sanguine,

1901 3407 1956 3451 et
1994 3397 2280 3458 sull'ocato,
2333 3406 2387 3451 et
2418 3395 2781 3451 fornicatione
2837 3397 3136 3451 abstinere.
3178 3396 3286 3453 Eos
3333 3414 3484 3469 ergo,

1901 3495 1994 3566 qui
2047 3507 2266 3566 propter
2305 3495 2600 3549 delicatum
2654 3503 2896 3549 ventrem
2939 3493 3320 3563 cujuscunque
3373 3494 3496 3549 ani-

1903 3587 2062 3642 malis
2117 3586 2440 3656 sanguinem
2519 3594 2640 3640 arte
2698 3585 2882 3651 aliqua
2948 3586 3291 3639 esculentum
3361 3602 3498 3640 con-

1901 3679 2061 3734 diunt
2123 3694 2187 3733 ac
2251 3678 2562 3741 instruunt,
2641 3686 2806 3747 atque
2876 3677 2948 3732 ita
3018 3679 3110 3732 illo
3169 3689 3493 3746 vescuntur,

1902 3773 2290 3829 convenienter
2329 3773 2612 3843 punimus.
2677 3770 2734 3827 Si
2804 3773 2929 3843 quis
2985 3773 3239 3842 deinceps
3280 3775 3496 3829 anima-

1904 3867 1972 3924 lis
2027 3869 2348 3938 sanguinem
2391 3864 2586 3935 quovis
2637 3863 2802 3919 modo
2864 3865 3154 3918 comedere
3207 3867 3493 3934 aggredia-

1905 3971 2014 4027 tur,
2065 3961 2110 4017 si
2135 3961 2206 4017 sit
2239 3960 2460 4031 quidem
2510 3958 2764 4024 clericus,
2789 3959 3091 4028 deponatnr
3124 3976 3136 4010 :
3191 3958 3277 4012 sin
3311 3969 3493 4014 autem

1905 4056 2101 4120 laicus,
2141 4065 2477 4126 segregetur.

1974 4145 2129 4202 CAP.
2165 4145 2330 4201 XXII.
2359 4177 2430 4186 —
2477 4145 2628 4210 Quod
2675 4143 2928 4216 episcopi,
2987 4152 3035 4196 et
3096 4143 3404 4216 presbyteri.
3445 4152 3495 4198 et

1903 4243 2140 4306 diaconi,
2182 4257 2460 4309 omnesque
2497 4240 2586 4308 qui
2614 4255 2769 4292 sacra
2813 4245 3070 4300 tractant,
3104 4253 3136 4288 a
3183 4238 3494 4308 conjugibus

1904 4334 2124 4389 debeant
2169 4349 2222 4388 se
2255 4333 2542 4386 continere.

1977 4514 2206 4570 Concilii
2235 4511 2674 4583 Cnrthaginensis
2711 4528 2933 4566 canones
2965 4513 3018 4578 '5,
3053 4514 3108 4576 4,
3138 4512 3229 4577 9.5,
3271 4513 3361 4568 70.

1841 4609 1890 4670 D
1983 4607 2062 4662 De
2090 4606 2437 4660 continentia.

1975 4700 2028 4754 5.
2049 4698 2301 4754 Aurelius
2317 4699 2612 4768 episcopus
2643 4696 2782 4751 dixit
2810 4715 2822 4752 :
2859 4696 2996 4754 Cum
3014 4698 3291 4767 pra-terito
3309 4698 3497 4752 conci-

1906 4794 1979 4847 lio
2018 4793 2084 4847 de
2113 4791 2450 4846 continentia
2486 4801 2540 4845 et
2567 4791 2841 4845 castitatis
2873 4791 3250 4846 moderamine
3290 4799 3495 4845 tracta-

1908 4892 2078 4949 retur,
2125 4883 2328 4953 gradus
2373 4882 2462 4938 isti
2511 4892 2644 4946 tres,
2689 4881 2784 4951 qui
2815 4884 3212 4938 constrictione
3247 4883 3324 4954 (6)
3361 4898 3497 4952 qna-

1905 4977 2031 5030 dam
2085 4973 2358 5029 castitatis
2414 4989 2512 5043 per
2569 4975 3016 5030 consecrationes
3081 4975 3278 5030 adnexi
3341 4983 3494 5038 sunt,

1906 5068 2199 5139 episcopos
2245 5067 2346 5139 (7),
2408 5067 2656 5136 inquam,
2698 5069 3048 5139 presbyteros
3096 5077 3150 5122 et
3206 5068 3496 5132 diaconos,

1905 5163 1981 5217 ita
2015 5161 2347 5232 complacuit
2374 5161 2474 5232 (8),
2514 5170 2574 5216 ut
2610 5161 2873 5216 condecet
2899 5176 3088 5216 sacros
3124 5160 3401 5214 antistites
3431 5177 3496 5216 ac

1909 5257 2003 5311 Dei
2055 5256 2388 5319 sacerdotes,
2423 5255 2591 5328 284,
2641 5271 2742 5311 nec
2773 5273 2880 5310 non
2913 5265 2966 5310 et
3008 5253 3228 5312 Levitas
3267 5256 3366 5325 (9),
3416 5257 3498 5309 vel

1907 5351 2002 5419 qui
2067 5350 2429 5406 sacramentis
2485 5350 2688 5404 divinis
2759 5349 3086 5415 inserviunt,
3149 5351 3500 5404 continentes

1907 5455 2030 5495 esse
2083 5440 2137 5495 in
2189 5439 2473 5506 omnibus,
2504 5456 2614 5510 quo
2649 5439 2862 5509 possint
2916 5438 3241 5509 simpliciter
3291 5439 3436 5509 quod
3469 5452 3500 5490 a

1905 5632 2054 5673 COlll.
2116 5632 2122 5636 ’

1979 5691 2477 5769 (iubis-Placuit.
2594 5761 2605 5769 .
2728 5761 2738 5769 .
2859 5758 2943 5769 ..
3057 5758 3067 5769 .

1904 5832 1954 5887 ὁ.
1976 5754 2054 5829 l9)
2088 5762 2188 5844 llis.
2221 5754 2276 5820 et
2321 5765 2403 5820 vel
2435 5761 2480 5818 si
2514 5761 2608 5832 qui
2638 5775 2650 5814 :
2687 5761 2760 5818 al.
2791 5759 2874 5816 vel
2901 5758 2946 5816 si
2979 5758 3108 5830 qui;
3141 5770 3334 5827 nempe
3365 5754 3496 5810 sub-

1946 5847 2148 5890 tacout.
