3874 6296
519 290 626 352 7‘39

1630 292 1895 361 PHOTII
1944 294 2454 366 PATRIARCH/E
2481 297 2592 361 ΟΡ.

3669 307 3761 372 760

517 405 753 461 Domino
781 406 890 479 (l0)
917 407 1219 479 postulant,
1250 407 1546 478 impetrare
1575 428 1588 464 :
1620 419 1676 464 ut
1699 409 1844 481 quod
1875 412 2106 480 apostoli

2243 431 2300 467 να
2333 414 2430 467 καὶ
2457 414 2520 469 τὸ
2541 413 2630 468 διὰ
2648 413 2757 470 τῶν
2783 413 3100 470 ἀποστόλων
3130 415 3455 488 παραδοθὲν.
3489 419 3581 473 καὶ
3611 421 3663 488 ἐξ
3685 427 3770 478 ai.-

516 500 849 566 docuerunt,
883 508 938 555 et
967 500 1087 572 ipsa
1124 501 1365 557 servavit
1402 501 1726 572 antiquitas,
1762 517 1864 559 nos
1887 518 2107 574 quoque

517 592 919 650 custodiamus.

588 684 670 741 De
694 685 918 741 diversis
946 686 1222 741 ordinibus
1254 688 1318 741 ab
1361 687 1618 742 uxoribus
1651 686 1997 742 abstinendis.

587 869 640 924 4.
681 869 982 925 Faustinus
1007 869 1298 941 episcOpus
1339 869 1597 926 Ecclesia:
1634 871 1954 935 Potentius),
1981 884 2108 940 pro-

513 959 710 1015 xincia:
763 959 978 1026 Piceni,
1032 960 1246 1031 legatus
1303 961 1563 1017 ltonraum
1613 961 1890 1026 Ecclesiae,
1927 962 2104 1018 dixit:

515 1049 704 1108 Placet
734 1062 792 1107 ut
825 1053 1141 1124 episc0pus,
1187 1054 1475 1125 presbyter
1504 1065 1558 1111 et
1580 1056 1866 1120 diaconus,
1903 1055 1988 1112 vel
2014 1054 2108 1125 qui

517 1155 862 1201 sacramenta
917 1155 1295 1215 contrectant,
1349 1148 1625 1219 pudicitiae
1693 1148 1990 1213 custodes,
2041 1147 2111 1204 ab

515 1237 783 1293 uxoribus
810 1253 868 1294 se
891 1237 1226 1294 abstineant.

588 1439 668 1494 De
700 1441 981 1511 episcopis,
1009 1441 1091 1496 vel
1116 1443 1450 1513 sequentibus
1473 1445 1772 1513 ordinibus,
1799 1449 1892 1519 qui
1929 1464 2114 1503 sacro-

521 1542 711 1586 sancta
756 1535 1008 1604 mysteria
1065 1545 1417 1603 contrectant,
1480 1540 1681 1609 placuit
1740 1541 1804 1594 ab
1854 1542 2112 1598 uxoribus

523 1628 782 1682 co‘ntmeri
807 1626 1136 1702 [abstineri].

591 1715 684 1772 25.
722 1717 979 1774 Aurelius
1005 1719 1302 1790 episcopus.
1326 1719 1524 1776 dixit”
1554 1741 1567 1777 :
1597 1721 1886 1791 Addimus,
1917 1723 2114 1782 fratres

522 1805 864 1874 charissimi,
897 1817 1182 1878 praaterea,
1213 1826 1340 1866 cum
1379 1811 1444 1867 de
1477 1814 1844 1883 quorumdam
1879 1815 2112 1871 clerico-
2149 1787 2190 1842 Β

521 1914 668 1962 rum,
701 1900 956 1968 quamvis
987 1901 1274 1968 lectorum,
1301 1918 1427 1974 erga
1453 1919 1653 1960 uxores
1677 1906 1898 1976 propria
1929 1907 2116 1963 incon-

523 1991 752 2045 tinentia
787 1991 1105 2060 referretur,
1140 1994 1364 2065 placuit,
1397 1997 1548 2066 quod
1579 1997 1630 2051 in
1663 1999 1894 2054 diversis
1929 2001 2116 2056 conci-

524 2080 616 2134 liis
649 2079 922 2136 firmatum
954 2091 1060 2150 est,
1089 2095 1148 2139 ut
1177 2085 1522 2152 subdiaconi,
1556 2087 1650 2157 qui
1679 2103 1834 2143 sacra
1860 2091 2118 2158 mysteria

527 2171 655 2246 [ms.
697 2175 1024 2248 ministeria]
1055 2186 1400 2234 contrectant
1443 2188 1497 2234 et
1527 2179 1655 2252 [ms.
1695 2179 1859 2254 item}
1881 2182 2118 2248 diaconi,

523 2276 581 2318 et
648 2269 972 2340 presbyteri,
1033 2270 1130 2325 sed
1183 2282 1236 2327 et
1285 2273 1530 2343 episcopi
1579 2275 1880 2330 secundum
1936 2279 2122 2347 priora

530 2359 654 2432 [ms.
683 2361 926 2434 prapria]
975 2373 1178 2420 statuta
1210 2366 1374 2421 etiam
1424 2367 1493 2422 ab
1543 2369 1897 2426 uxoribus'se
1940 2371 2118 2426 eunti-

526 2464 718 2518 neunt,
751 2466 809 2510 ut
857 2465 1116 2527 tanquam
1169 2474 1279 2513 non
1326 2459 1588 2516 habentes
1627 2461 1916 2516 videantur
1950 2477 2072 2518 esse
2105 2481 2119 2517 :

528 2549 675 2613 quod
735 2549 840 2603 nisi
895 2549 1144 2619 fecerint,
1192 2551 1262 2606 ab
1303 2553 1681 2610 ecclesiastico
1732 2565 2121 2610 removeantur

530 2640 730 2696 ofﬁcio.
758 2641 998 2699 Castores
1024 2654 1202 2700 autem
1233 2647 1462 2702 clericos
1489 2648 1555 2702 ad
1583 2647 1686 2701 hoc
1711 2662 1818 2700 nou
1851 2646 1992 2718 rogi,
2019 2647 2124 2700 nisi

531 2734 820 2789 maturiori
853 2745 1034 2792 aetate.
1072 2739 1155 2791 ‘Ab
1189 2741 1452 2794 universo
1483 2739 1718 2795 concilio
1749 2739 1956 2793 dictum
1991 2749 2072 2794 est
2109 2757 2124 2793 :

532 2822 666 2888 Quae
699 2834 880 2878 vestra
907 2827 1174 2883 sanctitas
1215 2837 1297 2882 cst
1323 2829 1469 2896 juste
1499 2829 1801 2896 moderata,
1831 2838 1884 2884 et
1915 2816 2125 2894 saneta,

534 2928 588 2969 et
622 2914 733 2972 Deo
766 2917 964 2988 placita
991 2928 1119 2975 sunt
1147 2922 1556 2977 confirmamus.

529 3182 536 3191 ι
607 3100 716 3169 Qui
749 3103 930 3159 clerici
952 3102 1018 3160 ab
1048 3104 1301 3161 uxon’bus
1329 3105 1550 3162 debeant
1576 3107 1838 3163 abstinere
1857 3110 1883 3164 7

611 3268 775 3340 285
795 3271 880 3326 70.
905 3269 1168 3326 Praeterea
1195 3271 1393 3350 l“(.11).
1410 3287 1534 3328 cum
1560 3271 1625 3327 de
1647 3272 2008 3341 quorumdam
2025 3273 2129 3328 clo.

537 3362 801 3427 ricorum,
847 3363 1101 3432 quamvis
1136 3380 1260 3434 erga
1306 3379 1506 3419 uxores
1531 3367 1780 3436 proprias
1814 3366 2130 3420 incontincn

535 3454 612 3508 tia
637 3453 960 3520 referretur;
992 3457 1196 3526 placuit
1223 3457 1547 3528 episcopos,
1589 3465 1643 3512 et
1678 3459 2047 3530 presbyteros,
2081 3470 2134 3515 et

538 3546 803 3602 diaconos
845 3550 1148 3604 secundum
1198 3550 1377 3620 priora
1409 3558 1613 3606 statuta
1653 3551 1818 3606 etiam
1846 3552 1915 3605 ab
1945 3552 2134 3606 uxori-

539 3637 644 3692 bus
670 3641 994 3695 continere:
1029 3642 1177 3711 quod
1219 3642 1328 3696 nisi
1352 3641 1603 3708 fecerint,
1653 3645 1721 3698 ab
1760 3644 2136 3700 ecclesiastico

545 3741 934 3785 removeantur
964 3731 1162 3788 oﬂicio.
1194 3733 1436 3789 Caeteros
1470 3746 1651 3790 autem
1684 3735 1916 3791 clericos
1942 3737 2009 3790 ad
2036 3740 2137 3790 hoc

544 3838 656 3878 non
705 3823 845 3894 cogi,
891 3826 984 3879 sed
1031 3827 1334 3882 secundum
1385 3828 1821 3901 uniuscujusque
1877 3829 2137 3885 Ecclesiae

547 3918 1001 3972 consuetudinem
1031 3919 1310 3974 observari
1343 3919 1563 3975 debere.

789 4032 1015 4089 Concitii
1046 4035 1352 4089 aecumem'ci
1382 4052 1431 4089 v1
1458 4052 1684 4090 canones
1721 4036 1805 4102 12,
1839 4037 1924 4092 l5.

622 4145 708 4200 12.
739 4144 914 4199 Porro
942 4145 1047 4201 hoc
1086 4162 1312 4216 quoque
1358 4148 1426 4203 ad
1475 4149 1840 4220 cdgnitionem
1891 4158 2138 4206 nostram

557 4236 822 4306 pervenit,
846 4245 976 4302 etc.,
1009 4246 1064 4289 ut
1101 4253 1223 4306 pag.
1256 4237 1380 4293 5H.

629 4325 777 4379 15.”
805 4325 1078 4392 Quoniam
1099 4326 1360 4383 Romana:
1389 4328 1646 4384 Ecclesiae
1676 4345 1776 4400 pro
1792 4344 1999 4385 canone
2024 4339 2140 4384 tra~

549 4417 722 4472 ditum
754 4432 875 4473 esse
903 4419 1284 4489 cognovimus.
1314 4430 1373 4476 ut
1395 4422 1751 4491 promovendi
1780 4423 1846 4476 ad
1878 4422 2139 4477 diacona-

2209 505 2310 575 τῆς
2357 506 2459 578 τῆς
2505 507 2869 580 ἀρχαιότητος
2918 507 3216 580 κρατηθὲν,
3250 509 3347 563 καὶ
3393 513 3555 582 ἡμεῖς
3594 515 3769 586 ὁμοίως

2210 599 2560 671 φυλάξωμεν.

2286 692 2424 760 Περὶ
2444 693 2751 773 ,διαφόρων
2793 694 3026 762 τάξεων
3055 694 3438 765 ὀφείλουσῶν
3470 696 3769 770 ἀπέχεσθαι

2212 781 2536 835 γυναικων.

2281 855 2343 911 δ’.
2370 859 2666 922 Φαυστῖνος
2696 859 2997 922 ἐπίσκοπος
3041 859 3276 914 Πικένου
3324 863 3425 932 τῆς
3465 862 3774 935 Ποτεντηνῆς

2213 947 2419 1020 χώρας,
2446 951 2828 1022 τοποτηρητὴς
2861 952 2962 1022 τῆς
2992 950 3320 1021 Ἐκκλησίας
3361 951 3602 1022 Ῥώμης,
3625 950 3773 1009 εἷπεν-

2226 1044 2475 1114 Ἀρέσκει
2545 1044 2632 1098 ἵνα
2695 1045 3030 1110 ἐπίσκοπος,
3088 1044 3184 1098 καὶ
3246 1043 3649 1116 πρεσϐύτερος,
3697 1050 3774 1104 καὶ

2211 1135 2476 1204 διάκονος,
2509 1139 2604 1192 καὶ
2653 1139 2855 1201 πάντες
2896 1139 2946 1192 oi
2996 1131 3064 1191 τά
3117 1137 3238 1209 ίερά
3287 1137 3776 1212 ψη).αφῶντες,τῆς

2216 1230 2574 1303 σωφροσύνης
2620 1229 2914 1302 ὑπάρχωσι
2951 1229 3236 1300 φύλακες,
3271 1229 3366 1284 καὶ
3402 1231 3667 1299 γυναικῶν
3692 1233 3779 1287 ἀπ-

2215 1321 2471 1394 έχωνται.

2287 1432 2432 1502 Περὶ
2478 1433 2831 1488 ἐπισκόπων
2875 1433 2974 1490 καὶ
3029 1433 3148 1490 τῶν
3195 1433 3511 1505 ἑπομένων
3562 1433 3776 1502 τάξεων,

2214 1525 2335 1581 τῶν
2365 1526 2436 1580 τὰ
2469 1525 2608 1594 ἅγια
2639 1527 2944 1597 μυστήρια
2976 1527 3426 1600 ψηλαφουσῶν,
3452 1526 3662 1597 ὥρισεν
3682 1528 3779 1584 ἀπὸ

2215 1616 2520 1688 γυναικῶν
2557 1617 3038 1687 ἐγκρατεύεσθαι.

2287 1707 2386 1766 κε’.
2425 1710 2694 1781 Αὐρήλιος
2722 1710 3024 1775 ἐπίσκοπος
3050 1706 3226 1765 εἴπεψ
3270 1710 3634 1783 Προστίθημι,
3654 1713 3779 1766 ἀδελ-

2221 1800 2310 1871 φοὶ
2334 1801 2675 1872 τιμιώτατοι,
2714 1802 3186 1869 προσεπιτοὺτοις,
3216 1805 3275 1856 ὲν
3321 1802 3403 1873 τῷ
3449 1803 3779 1875 ἀναφέρεσθαι

2219 1895 2407 1948 ἕνεκεν
2431 1895 2762 1965 ἐγκρατείας
2787 1895 2888 1964 τῆς
2922 1896 3048 1968 περὶ
3079 1897 3179 1960 τὰς
3205 1895 3346 1958 ίδίας
3373 1899 3632 1964 γυναῖκας
3650 1898 3782 1952 τινῶν

2225 1985 2337 2040 τῶν
2370 1983 2674 2055 κληρικῶν,
2692 1985 2986 2056 ἐξαιρέτως
3016 1985 3407 2054 ἀναγνωστῶν,
3429 1985 3490 2038 τὸ
3511 1985 3602 2038 καὶ
3623 1986 3672 2038 ἐν
3689 1988 3781 2038 διαο

2223 2078 2411 2150 φόροις
2440 2077 2680 2141 συνόδοις
2715 2076 3015 2146 βεϐαιωθέν
3042 2119 3056 2143 ,
3090 2076 3231 2131 ὥστε
3264 2078 3398 2141 τοὺς
3434 2077 3782 2140 ὑποδιακόνους

2221 2173 2349 2236 τοὺς
2378 2171 2448 2226 τὰ
2478 2171 2597 2244 ἱερὰ
2631 2172 2907 2243 μυστήρια
2934 2171 3324 2242 ψηλαφῶντας,
3361 2171 3462 2226 καὶ
3489 2171 3610 2235 τοὺς
3631 2171 3782 2226 διακό-

2223 2283 2370 2331 νους,
2403 2265 2497 2318 καὶ
2543 2264 2971 2337 πρεσϐυτέρους,
3007 2265 3145 2318 ἀλλὰ
3175 2264 3271 2318 καὶ
3315 2265 3646 2328 ἐπισκόπους
3671 2265 3782 2317 κατά

2223 2359 2350 2424 τοὺς
2376 2359 2537 2422 ἰδίους
2555 2360 2738 2429 ὅρους,
2760 2359 2855 2412 καὶ
2876 2360 2940 2412 ὲκ
2963 2357 3072 2412 τῶν
3096 2356 3346 2430 συμϐίων
3367 2355 3783 2428 ὲγκρατεύεσθαι,

2228 2452 2318 2505 ἵνα
2346 2451 2422 2514 ὡς
2452 2453 2526 2522 μὴ
2557 2451 2773 2522 ἔχοντες
2807 2445 2972 2506 ὦσιν·
3021 2453 3161 2524 ὅπερ
3203 2454 3252 2505 εί
3286 2453 3364 2522 μὴ
3392 2453 3689 2522 ποιήσουσι,
3710 2447 3781 2502 τοῦ

2228 2544 2687 2615 ἑκκλησιαστικοῦ
2743 2544 3124 2612 ἀποκινηθῶσι
3171 2544 3550 2614 καθήκοντοςο
3598 2544 3710 2606 τοὺς
3740 2543 3782 2596 δὲ

2227 2641 2450 2704 λοιποὺς
2480 2640 2780 2711 κληρικοὺς
2828 2639 2965 2710 πρὸς
3006 2639 3166 2694 τοῦτο
3198 2640 3274 2711 μὴ
3308 2637 3722 2707 ἀναγκάζεσθαι,
3747 2638 3783 2687 εί

2233 2735 2308 2806 μὴ
2354 2735 2412 2787 ὲν
2457 2734 2839 2806 προϐεϐηκυίᾳ
2881 2733 3218 2806 κείρᾳ.Ἀπδ
3264 2733 3453 2804 πάσης
3487 2730 3666 2802 ἐλέχθη
3709 2731 3783 2800 τῆς

2233 2827 2469 2882 συνόδου.
2495 2828 2676 2899 ’Ἃπερ
2707 2829 2740 2899 ή
2766 2826 3010 2898 ὑμετέρα
3034 2826 3314 2898 ἁγιωσύνη
3347 2825 3572 2888 δικαίως
3595 2824 3782 2895 ὲρὺθμι-

2235 2939 2326 2976 σεν
2351 2922 2656 2995 ἱεροπρεπῆ
2696 2922 2825 2976 ὄντα
2865 2921 2962 2976 καὶ
3001 2920 3292 2993 θεάρεστα,
3335 2918 3670 2991 βεϐαιοῦμεν.
3765 2970 3771 2986 ι

2165 3141 2210 3206 C
2315 3084 2456 3180 Περί
2493 3109 2602 3165 τοῦ
2641 3109 2802 3166 ,ποῖοι
2851 3109 3170 3180 ὀφείλουσι
3225 3107 3506 3178 κλ-ηρικοί
3562 3103 3787 3177 γαμετῶν

2240 3181 2596 3237 ἀπέγεσθαι.

2283 3181 2596 3251 πέχεσθαι.

2309 3271 2370 3329 o'.
2398 3273 2857 3342 Προσεπιτούτοις
2880 3273 2938 3325 ἐν
2958 3270 3034 3340 τῷ
3061 3269 3195 3341 περὶ
3221 3267 3552 3340 ὲκγρατείας
3579 3265 3666 3329 τῆς
3687 3264 3783 3333 περὶ

2236 3365 2335 3429 τὰς
2361 3365 2569 3428 οἰκείας
2597 3366 2865 3436 γαμετὰς,
2894 3365 3058 3418 τινῶν
3089 3362 3532 3434 μνημονεύεσθαι
3553 3359 3783 3430 κληρικῶν

2238 3459 2436 3530 ἤρεσεν
2458 3475 2471 3487 ·
2509 3458 2651 3512 ὥστε
2685 3459 2813 3520 τοὺς
2848 3457 3184 3520 ἐπισκόπους
3210 3457 3306 3510 καὶ
3330 3458 3397 3510 ὲκ
3431 3455 3536 3509 τῶν
3574 3453 3697 3506 ίδίων
3724 3452 3782 3504 ἔτι

2243 3552 2349 3623 μὴν
2379 3551 2681 3622 ἀπέχεσθαι
2707 3552 2966 3622 γαμετῶν
2992 3568 3004 3581 ·
3038 3552 3175 3620 ὅπερ
3206 3552 3254 3603 εἰ
3288 3551 3367 3620 μὴ
3397 3549 3683 3618 ποιήσαιεν,
3704 3545 3783 3598 ἀπὸ

2238 3645 2338 3714 τῆς
2388 3643 2851 3716 ὲκκλησιαστικῆς
2899 3643 3280 3714 ἀποκινηθῶσι
3326 3642 3567 3707 τάξεως·
3595 3640 3704 3701 τοὺς
3741 3637 3783 3689 δὲ

2239 3737 2458 3800 λοιποὺς
2486 3736 2782 3806 κληρικοὺς
2807 3736 2946 3806 πρὸς
2973 3735 3135 3790 τοῦτο
3165 3735 3239 3806 μὴ
3262 3728 3785 3803 ἀναγκάζεσθαι,ἀλλ⁹

2241 3829 2480 3898 ὀφείλειν
2533 3829 2675 3882 κατὰ
2721 3827 2821 3900 τὴν
2865 3828 3108 3898 ἑκάστης
3157 3826 3494 3898 Ἐκκλησίας
3547 3823 3783 3894 συνήθειαν

2244 3922 2795 3994 παραφυλάττεσθαι.

2299 4037 2586 4099 ,Συνόδου
2625 4034 3051 4105 οὶκουμενικῆς
3089 4034 3269 4103 ἕκτης
3306 4032 3511 4087 κανὼν
3547 4027 3625 4100 ιβ’,
3661 4023 3729 4095 ιγ’.

2317 4147 2406 4220 ιβ’.
2449 4149 2558 4202 Καὶ
2585 4145 2746 4201 τοῦτο
2795 4146 2853 4200 δὲ
2897 4147 2976 4211 είς
3019 4146 3224 4216 γνῶσιν
3253 4143 3532 4216 ἡμετέραν
3561 4137 3780 4214 ἧλθεν,κ.

2282 4242 2374 4297 .λ.

2282 4281 2295 4296 .
2324 4259 2374 4297 Α.

2243 4259 2274 4296 τ
2321 4335 2412 4406 ιγ’.
2450 4335 2672 4406 Ἐπειδὴ
2700 4335 2758 4387 ἐν
2792 4335 2862 4406 τῇ
2896 4331 3186 4403 Ῥωμαίων
3209 4329 3532 4402 Ἐκκλησία,
3573 4329 3625 4381 ὲν
3666 4324 3780 4389 τάξει

2249 4429 2476 4489 κανόνος
2519 4424 2922 4497 παραδεδόσθαι
2977 4424 3281 4493 διέγνωμεν
3308 4464 3322 4489 ,
3358 4423 3486 4486 τοὺς
3544 4418 3783 4490 μέλλοντας

550 4521 693 4578 tum,
750 4512 833 4566 vel
873 4515 1338 4585 presbyteratum,
1383 4517 1744 4586 profiteantur
1782 4531 1843 4571 se
1875 4532 1983 4570 non
2027 4532 2128 4570 am-

2247 4518 2498 4572 διακόνου
2529 4515 2562 4586 ἢ
2590 4514 2966 4588 πρεσϐυτέρου
2993 4514 3276 4581 ἀξιοῦσθαι
3319 4511 3655 4584 χειροτονίας,
3680 4506 3780 4560 καθ-

549 4606 698 4678 plius
743 4606 860 4662 suis
899 4609 1170 4664 uxoribus
1211 4609 1658 4680 eoujungendos;
1710 4624 1812 4663 nos
1853 4608 2140 4679 antiquum

551 4713 818 4755 canonem
849 4699 1164 4768 apostolicae
1192 4699 1548 4771 perfectionis
1573 4700 1896 4770 ordinisque
1921 4716 2144 4755 servan-

553 4801 660 4858 tes,
704 4791 986 4847 b-ominum
1016 4792 1107 4863 qui
1140 4801 1270 4848 sunt
1305 4794 1359 4847 in
1401 4793 1575 4849 sacris
1609 4793 1850 4863 legitima
1891 4794 2143 4865 eonjugia

553 4883 814 4953 deinceps
861 4899 1083 4955 quoque
1129 4883 1284 4939 firma
1332 4893 1386 4940 et
1435 4885 1650 4939 stabilia
1703 4900 1827 4940 esse
1868 4886 2141 4953 volumus,

556 4994 904 5048 nequaquam
958 4993 1150 5034 eorum
1205 4993 1338 5036 cum
1392 4978 1659 5033 uxoribus
1694 4978 2140 5048 conjunctionem
2189 4989 2196 4994 '

557 5071 944 5137 dissolveutes,
993 5070 1078 5126 vel
1121 5084 1219 5125 eos
1265 5077 1455 5124 mutua
1505 5078 1753 5140 tempore
1803 5070 2150 5125 convenienti

559 5162 959 5218 consuetudine
983 5165 1283 5234 privantes.
1317 5161 1691 5229 Quamobrem
1728 5163 1774 5220 si
1805 5164 1929 5234 quis
1954 5163 2154 5236 dignus

561 5257 820 5310 iuventus
871 5255 1054 5322 fuerit,
1113 5259 1207 5328 qui
1261 5257 1700 5330 bypodiaconus,
1744 5258 1827 5312 vel
1861 5257 2151 5323 diaconus,

562 5349 652 5404 vel
683 5348 962 5420 presbyter
992 5349 1297 5417 ordinetur,
1335 5351 1383 5408 is
1406 5351 1471 5405 ad
1505 5350 1667 5405 talem
1692 5350 1919 5422 gradum
1946 5351 2153 5405 assumi

564 5457 916 5514 nequaquam
969 5444 1343 5516 prohibeatur,
1394 5445 1440 5503 si
1501 5461 1628 5504 cum
1686 5445 1930 5516 legitima
1985 5460 2158 5501 uxore

2247 4610 2532 4679 ομολογείν
2559 4608 2633 4672 ὡς
2665 4609 2854 4662 οὐκέτι
2894 4610 3018 4669 ταῖς
3053 4607 3237 4662 αὐτῶν
3267 4608 3616 4662 συνάπτονται
3639 4616 3782 4671 γυναι-

2250 4700 2353 4766 ξὶν,
2393 4703 2555 4771 ἡμεῖς
2603 4699 2683 4772 τῷ
2735 4700 2966 4770 ἀρχαίῳ·
2997 4696 3483 4763 ἐξακολουθοῦντες
3531 4694 3687 4750 κανόνι
3710 4689 3780 4756 τῆς

2249 4791 2616 4861 ἀποστολικῆς
2665 4790 2951 4862 ἀκριϐείας
2997 4792 3091 4843 καὶ
3142 4791 3384 4857 τάξεως,
3417 4790 3484 4842 τὰ
3528 4788 3624 4840 τῶν
3660 4779 3781 4852 ἱερῶν

2249 4887 2462 4958 ἀνδρῶν
2487 4884 2628 4938 κατὰ
2659 4885 2858 4952 νόμους
2884 4884 3219 4949 συνοικέσια,
3254 4885 3346 4938 καὶ
3369 4883 3476 4937 ἀπὸ
3507 4879 3592 4936 τοῦ
3619 4875 3779 4944 νῦνέῥ-

2252 4977 2460 5050 ῥῶσθαι
2493 4975 2796 5047 βουλόμεθα
2817 5016 2831 5037 ,
2867 4975 3136 5046 μηδαμῶς
3164 4975 3351 5029 αὐτῶν
3376 4975 3476 5045 τὴν
3507 4970 3629 5042 πρὸς
3652 4979 3782 5035 γαμε-

2258 5072 2355 5135 τάς
2391 5071 2687 5138 συνάφειαν
2713 5067 3023 5132 διαλύοντες
3045 5110 3060 5135 ,
3099 5068 3131 5140 ἢ
3179 5066 3598 5138 ἀποστεροῦντες
3631 5057 3780 5117 αὐτοὺς

2256 5164 2356 5234 τῆς
2390 5162 2526 5233 πρὸς
2551 5161 2817 5233 ἀλλήλους
2845 5161 2987 5215 κατὰ
3017 5161 3210 5234 καιρὸν
3232 5161 3325 5214 τὸν
3359 5161 3674 5231 προσήκοντα
3692 5153 3780 5216 ὁμι-

2258 5257 2411 5320 λίας·
2447 5255 2593 5309 ὥστε
2642 5255 2697 5308 εί
2730 5273 2814 5319 τις
2844 5252 2993 5319 ἄξιος
3029 5253 3284 5326 εὑρεθείη
3331 5252 3465 5324 πρὸς
3509 5241 3778 5320 χειροτονίαν

2261 5349 2640 5415 ὑποδιακόνου,
2673 5348 2706 5420 ἢ
2735 5347 3007 5414 διακόνου,
3049 5347 3082 5419 ἢ
3111 5345 3478 5419 πρεσϐυτέρου
3503 5385 3516 5408 ,
3545 5335 3674 5399 οὗτος
3699 5346 3779 5402 μη·

2258 5443 2446 5516 δαμῶς
2476 5442 2769 5498 κωλυέσθω
2798 5441 2889 5495 ἐπὶ
2922 5440 3162 5496 τοιοῦτον
3195 5439 3401 5513 βαθμὸν
3429 5427 3775 5509 ὲμϐιϐἀζεσθαιν

641 5627 688 5660 ⁵³
713 5625 972 5700 Cartliag.
1009 5647 1061 5698 v,
1106 5644 1231 5687 can.
1264 5631 1298 5686 5
1329 5641 1382 5688 et
1423 5631 1508 5687 lO.
1587 5632 1637 5665 “
1671 5630 1840 5689 Couc.
1870 5628 2130 5702 Carthag.
2163 5643 2216 5696 v,
2255 5642 2378 5683 ean.
2408 5627 2479 5691 ’ἒς
2518 5625 2686 5680 Afr-ie.
2717 5641 2764 5680 c.
2797 5623 2888 5679 '57.
2958 5622 3009 5656 ⁸⁸
3041 5621 3178 5679 Can.
3211 5629 3386 5689 apost.
3409 5619 3456 5674 5.

570 5816 590 5862 λ
649 5787 761 5862 (10)
803 5786 918 5844 MS.
954 5783 1098 5859 quod
1131 5785 1377 5843 omnino.

2356 5785 2466 5857 (ll)
2507 5782 2570 5841 Ει
2601 5782 2652 5839 in
2685 5781 2789 5839 boc
2821 5781 2938 5854 ipso
2975 5781 3163 5866 codice
3193 5777 3437 5851 superius
3465 5787 3577 5828 cau.
3599 5764 3676 5820 9.5.
