3874 6296
133 347 201 415 761
711 342 1115 406 SYNTAGMA
1154 344 1541 409 CANONUM.
1573 372 1642 383 —
1669 346 1819 409 ΤΙΤ.
1866 348 1969 423 IX,
2011 347 2172 411 CAP.
2207 347 2435 424 XXIII,
2462 348 2672 412 XXIV.

3227 348 3335 411 762

132 462 285 535 γαμετῇ
310 454 540 513 συνοικῶν
565 455 785 528 νομίμῳ
808 474 822 489 ’
872 458 1011 529 μήτε
1040 458 1141 528 μὲν
1179 460 1238 514 ὲν
1270 460 1350 532 τῷ
1383 461 1480 529 τῆς
1511 477 1622 530 χει-

1739 461 2025 537 :ohabitet.
2080 460 2185 517 Sed
2221 476 2399 532 neque
2444 458 2815 515 ordinationis
2869 468 3119 532 temqore
3159 461 3229 515 ab
3265 478 3332 515 eo

131 553 313 628 ροτονίας
336 548 491 621 καιρῷ
517 549 859 604 ἁπαιτείσθω
883 552 911 603 ὁ
943 550 1189 616 τοιοῦτος
1215 553 1523 622 ὁμολογεῖν,
1548 553 1625 617 ὼς

129 646 415 716 ἀποστήσεται
452 642 549 713 τῆς
576 642 810 713 νομίμου
842 644 979 713 πρὸς
1011 643 1108 715 τὴν
1134 646 1344 700 οἰκείαν
1377 645 1625 719 γαμετὴν

127 742 284 813 ὁμιλίας
304 756 316 768 ·
345 739 421 791 ἵνα
447 736 516 807 μὴ
547 736 797 790 ἐντεῦθεν
818 737 911 791 τὸν
941 739 1005 791 ἐκ
1022 737 1160 791 Θεοῦ
1190 738 1626 811 νομοθετηθέντα

128 836 193 890 καὶ
211 830 518 902 εὐλογηθέντα
545 832 611 900 τῇ
635 830 801 884 αὑτοῦ
832 832 1110 903 παρουσίᾳ
1134 832 1333 901 γάμον,
1365 830 1628 903 καθυϐρί-

128 928 207 993 ζειν
228 921 561 992 ἐκϐιασθῶμεν
583 938 597 952 ο
638 922 736 991 τῆς
765 921 858 975 τοῦ
892 922 1229 990 Εὐαγγελίου
1262 922 1447 992 φωνῆς
1490 922 1627 991 βοώ-

127 1035 222 1089 σης·
253 1019 301 1070 Ἀ
336 1017 365 1069 ό
400 1016 533 1079 Θεὸς
565 1012 828 1078 ἔζευξεν,
857 1013 1169 1081 ἅνθρωπος
1186 1012 1273 1083 μὴ
1306 1011 1621 1082 χωριζέτω.

125 1109 266 1165 καὶτοῦ
277 1106 569 1162 Ἀποστὸλου
585 1089 955 1173 διδάσκοντος,
968 1108 1169 1178 Τίμιον
1188 1108 1295 1160 τὸν
1316 1106 1508 1176 γάμον
1525 1106 1627 1160 καὶ

124 1205 199 1270 τὴν
210 1202 382 1269 κοίτην
394 1200 697 1269 ἀμίαν-τογ’
726 1200 845 1266 καὶ,
871 1199 1117 1255 Mosam
1135 1200 1376 1269 γυναικί
1388 1216 1408 1264 ;
1429 1199 1516 1269 μὴ
1534 1197 1629 1266 ζή-

123 1313 179 1349 τει
194 1295 371 1349 λύσιν·
398 1292 547 1362 ἴσμεν
569 1291 626 1345 δὲ
656 1292 807 1355 ὅπως
834 1293 929 1346 καὶ
960 1293 1008 1345 οἱ
1032 1294 1091 1345 ἐν
1113 1292 1475 1363 Καρθαγέννῃ
1500 1309 1627 1345 συν-

122 1386 302 1449 ελθόντες
325 1387 413 1455 τῆς
452 1386 509 1438 ἐν
554 1384 656 1456 βίῳ
686 1384 1016 1455 σεμνότητος
1049 1386 1159 1438 τῶν
1189 1384 1520 1456 λειτουργῶν
1549 1402 1630 1438 τι-

121 1481 277 1548 θέμενοι
311 1478 552 1549 πρόνοιαν
598 1478 810 1547 ἔφασαν
835 1494 847 1507 ·
886 1476 1027 1531 ὥστε
1076 1479 1203 1541 τοὺς
1237 1476 1629 1542 ὑποδιακόνους

118 1574 203 1635 τοὺς
224 1572 278 1624 τὰ
301 1568 406 1641 ἱερὰ
434 1569 710 1641 μυστήρια
739 1569 1129 1641 ψηλαφῶντας,
1160 1571 1257 1623 καὶ
1285 1571 1415 1633 τοὺς
1439 1570 1626 1624 διακό-

116 1682 199 1727 νους
222 1664 297 1716 καὶ
320 1662 717 1734 πρεσϐυτέρους
739 1702 755 1727 ,
787 1664 930 1717 κατὰ
960 1664 1087 1727 τοὺς
1123 1663 1290 1728 ἰδίους
1322 1666 1505 1735 ὄρους,
1535 1666 1627 1718 καὶ

115 1759 157 1809 ὲκ
177 1756 259 1808 τῶν
283 1755 508 1826 συμϐίων
534 1755 1001 1826 ἐγκρατεύεσθαι·
1039 1757 1127 1811 ἵνα.
1168 1758 1263 1810 καὶ
1291 1756 1353 1810 τὸ
1392 1757 1485 1810 διὰ
1515 1758 1626 1811 τῶν

1733 554 2063 623 postuletur,
2097 564 2155 608 ιιι
2199 553 2521 624 proﬁteatur
2551 568 2611 608 se
2657 566 2688 607 a
2720 551 2970 623 legitima
2996 568 3120 607 cum
3160 566 3333 607 uxore

1735 645 2134 700 consuetudine
2162 646 2540 701 abstenturam
2581 662 2594 699 :
2628 659 2697 699 ne
2726 660 2794 698 ex
2827 658 2894 699 eo
2930 659 2961 699 a
2986 643 3096 700 Deo
3124 644 3331 700 consti-

1734 746 1881 794 tutas
1928 747 1981 792 et
2004 753 2103 793 sua
2147 738 2438 807 praesentia
2480 737 2799 793 benedictae
2850 736 3074 806 nuptias
3131 736 3331 806 injuria

1735 832 1948 887 allicere
1972 846 2255 901 cogamur,
2291 831 2608 903 evangelica
2632 846 2764 885 voce
2789 831 3128 885 exclamante
3156 849 3169 885 :
3198 830 3329 895 Qua:

1735 925 1876 981 Deus
1911 925 2207 994 conjunxit,
2241 925 2398 979 homo
2452 941 2555 979 non
2594 932 2798 992 separet
2827 925 2912 976 5‘:
2963 936 3018 979 et
3068 923 3329 993 Apostolo

1735 1021 1983 1085 docente,
2018 1019 2376 1075 Honorabiles
2433 1021 2647 1087 nuptias
2693 1028 2741 1075 et
2784 1029 2956 1073 torum
3008 1020 3330 1073 immacula-

1738 1120 1845 1164 tum
1866 1112 1933 1175 "’,
1957 1121 2030 1173 et,
2062 1110 2330 1181 Alligatus
2356 1126 2409 1164 es
2439 1110 2607 1181 286
2629 1111 2785 1163 uxori
2809 1112 2835 1165 .’
2868 1126 2932 1163 ne
2980 1126 3157 1180 qua-re
3184 1112 3331 1164 solu-

1737 1204 1929 1257 tionem
1952 1206 2040 1257 ⁸ος
2074 1203 2285 1259 scimus
2337 1212 2542 1269 autem,
2584 1204 2727 1258 sicut
2767 1211 2821 1258 et
2865 1203 2958 1273 qui
2990 1201 3327 1272 Carthagine

1736 1302 2111 1349 convenerunt
2140 1293 2244 1359 '3’,
2297 1302 2352 1349 et
2393 1293 2517 1349 vitae
2575 1294 2956 1348 ministrorum
3016 1293 3325 1349 honestatis

1736 1400 1926 1441 curam
1961 1395 2211 1455 gerentes
2244 1386 2524 1452 dixerunt,
2572 1396 2633 1441 ut
2664 1386 3009 1451 subdiaconi,
3039 1386 3130 1456 qui
3165 1401 3323 1441 sacra

1736 1481 1997 1551 mysteria
2039 1488 2405 1543 contrectant,
2436 1489 2490 1535 et
2538 1480 2779 1545 diaconi,
2813 1489 2867 1534 et
2909 1480 3213 1551 presbyteri
3241 1494 3327 1535 se-

1737 1574 1980 1629 cundum
2035 1574 2295 1644 proprios
2360 1575 2625 1629 terminos
2680 1590 2710 1628 a
2770 1573 3123 1628 consortibus
3153 1572 3327 1626 absti-

1738 1673 1903 1720 neant
1933 1684 1946 1720 :
1997 1674 2055 1719 ut
2107 1676 2161 1719 et
2211 1665 2356 1735 quod
2392 1680 2487 1734 per
2515 1664 2798 1734 apostolos
2844 1663 3105 1717 traditum
3138 1670 3244 1727 est,
3274 1672 3329 1717 et

1737 1759 1807 1814 ab
1846 1759 1965 1829 ipsa
2015 1775 2191 1829 usque
2227 1758 2555 1829 antiquitate
2608 1766 2910 1821 servatum,
2962 1771 3061 1811 nos
3107 1771 3327 1826 quoque

113 1848 348 1902 ἀποστόλων
371 1847 691 1917 παραδοθὲν,
725 1848 821 1901 καὶ
852 1850 1015 1919 ἡμεῖς
1038 1848 1242 1919 ὁμοίως
1272 1850 1624 1921 φυλάξωμεν,

1739 1855 1988 1910 similiter
2016 1868 2321 1919 servemus,
2357 1862 2573 1921 tempus
2609 1850 2664 1905 in
2704 1850 2855 1906 omni
2892 1866 2951 1903 re
2977 1850 3234 1914 scientes,
3272 1858 3328 1905 et

112 1940 246 2013 καιρὸν
273 1942 351 1993 ἐπὶ
374 1941 572 2005 παντὸς
605 1942 959 2011 ἐπιστάμενοι
990 1942 1318 2011 πράγματος
1338 1943 1485 2007 ,ααὶ
1518 1942 1628 2013 μά-

110 2033 216 2085 λιστα
249 2034 476 2104 νηστείας
524 2035 623 2088 καὶ
660 2035 989 2106 προσευχῆς.
1050 2034 1171 2107 Χρὴ
1219 2035 1329 2106 γὰρ
1382 2037 1508 2099 τοὺς
1550 2036 1629 2109 τῷ

110 2121 323 2192 καιρῷτῆς
338 2123 441 2176 τῶν
470 2124 641 2193 ἁγίων
676 2127 1129 2196 μεταχειρίσεως,
1156 2128 1449 2196 ἐγκρατεῖς
1483 2120 1627 2180 εἶναι

105 2217 142 2267 ὲν
162 2217 310 2280 πᾶσιν,
344 2216 486 2281 ὅπως
519 2217 827 2289 δυνηθῶσιν
857 2213 918 2273 οὗ
953 2218 1104 2289 παρὰ
1137 2218 1234 2271 τοῦ
1266 2218 1402 2272 Θεοῦ
1431 2219 1625 2283 ἁπλῶς

105 2311 281 2365 αἰτοῦσιν
304 2313 575 2384 ἐπιτυχεῖν
598 2331 611 2344 ·
654 2314 710 2366 εί
734 2331 820 2379 τις
848 2314 942 2368 οὖν
977 2314 1274 2387 τολμήσει,
1313 2316 1466 2385 παρὰ
1495 2317 1626 2380 τοὺς

101 2403 413 2467 ἀποστολικοὺς
447 2404 684 2468 κανόνας
723 2404 1071 2475 κινούμενος,
1098 2407 1219 2460 τινα
1249 2405 1357 2459 τῶν
1389 2406 1625 2477 ἱερωμέ-

101 2494 562 2567 νιιιν,πρεσϐυτέρων
612 2496 880 2567 φαμὲν,ἢ
928 2496 1283 2569 διακόνων,ἢ
1330 2497 1623 2551 ὑποδιακό-

98 2602 184 2649 νων,
210 2586 498 2660 ἀποστερεῖν
525 2588 627 2657 τῆς
663 2588 801 2659 πρὸς
828 2588 929 2659 τὴν
960 2589 1193 2659 νόμιμον
1224 2593 1463 2659 γυναῖκα
1493 2608 1621 2644 συν-

100 2678 237 2745 αςείας
255 2696 304 2731 τε
332 2683 420 2733 κα)⁵
448 2681 763 2744 κοινωνίας,
796 2681 1169 2754 καθαιρείσθω
1190 2698 1201 2709 ·
1225 2682 1489 2747 ὡσαύτως
1521 2684 1621 2738 καὶ

97 2771 131 2821 εί
148 2788 209 2833 τις
233 2772 609 2844 πρεσϐύτερος,
642 2774 675 2844 ἢ
709 2773 956 2837 διάκονος
977 2816 990 2839 ,
1028 2775 1126 2845 τὴν
1160 2774 1354 2828 ἐαυτοῦ
1385 2773 1619 2844 γυναῖκα

98 2868 299 2933 προφάσει
338 2867 622 2932 εὐλαϐείας
674 2868 950 2934 ἐκϐάλλει,
1002 2868 1352 2941 ἀφοριξέσθω
1376 2886 1391 2901 ⁸
1424 2870 1621 2941 ἐπιμέ-

97 2973 166 3008 νων
185 2956 245 3018 δὲ,
274 2958 665 3027 καθαιρείσθω.

140 3048 345 3105 ΚΕΦΔΛ.
382 3048 507 3108 Ki".
541 3081 615 3092 —
650 3050 787 3119 Περὶ

94 3140 191 3207 τοὺς
218 3142 492 3209 ἀσθενεῖς.

436 3235 820 3289 Ἀποστόλων
856 3234 1059 3289 κανὼν
1095 3233 1193 3300 νζ.

139 3325 208 3390 κζ’.
243 3325 304 3380 Ei
326 3346 406 3393 τις
439 3328 728 3400 κλῃρικὺς,
762 3328 935 3400 χωλὸν
966 3329 999 3401 ἢ
1035 3330 1242 3398 κωφὸν,
1276 3346 1330 3384 κ.
1355 3346 1405 3383 τ.
1432 3328 1485 3383 λ.

860 3050 1153 3119 κληρικοῦ
1224 3050 1622 3119 χλευάζοντος

137 3509 343 3568 ΚΕΦΑΛ.
383 3511 510 3571 ΚΔ⁸.
545 3543 620 3554 —
650 3512 792 3583 Περὶ
839 3512 1137 3582 κληρικοῦ
1176 3512 1395 3569 ἑαυτὸν
1422 3514 1615 3583 ἀκρω-

92 3604 413 3674 τηριάζοντος.

435 3698 822 3754 Ἀποστόλων
860 3697 1064 3753 κανὼν
1101 3698 1208 3768 κγ’.

139 3787 215 3858 κγ’.
249 3792 309 3844 Εἴ
323 3808 403 3855 τις
423 3792 690 3862 κληρικὸς
713 3790 788 3845 ὣν
815 3792 1003 3846 ἐαυτὸν
1026 3794 1458 3865 ἀκρωτηριάσει,
1484 3791 1619 3846 καθ-

94 3879 293 3948 αιρείσθω
314 3898 326 3911 ⁸
359 3882 559 3953 φονεὺς
590 3883 698 3953 γάρ
728 3884 876 3937 ἐστιν
906 3882 1123 3938 ἑαυτοῦ.

360 3992 637 4048 Συνόδου
676 3992 927 4059 Νικαίας
964 3992 1167 4047 κανὼν
1205 3990 1274 4046 α’.

137 4101 188 4160 α’.
222 4106 279 4159 Ei
301 4124 382 4172 τις
420 4108 480 4161 ἐν
510 4108 654 4179 νότῳ
706 4106 813 4161 ὑπὸ
868 4106 1067 4180 ίατρῶν
1110 4104 1532 4180 ἐχειρουργήθη,
1561 4124 1617 4162 κ.

91 4212 123 4248 τ.
142 4198 180 4252 λ.

90 4315 299 4372 Συνόδου
326 4316 379 4399 ai
408 4318 509 4399 καί
539 4316 603 4383 ,β’
618 4319 1159 4399 ⁹οὐΥπεροφθξςιρής
1192 4318 1275 4399 ἐγ-
1301 4322 1623 4399 Κωνστᾳν-

137 4391 437 4479 amygdala
458 4391 533 4445 ἐν
572 4389 652 4455 τῷ
680 4388 803 4455 ναῷ
840 4388 961 4443 τῶν
985 4390 1199 4461 Ἀγίων
1231 4391 1623 4445 Ἀποστόλων

136 4474 303 4514 raram
323 4474 393 4532 η’.

136 4570 187 4639 η’.
218 4572 267 4626 ’0
293 4574 427 4639 θεῖος
460 4574 560 4629 καὶ
594 4574 738 4645 ἱερὸς
763 4573 872 4628 τῶν
895 4575 1066 4643 ἁγίων
1092 4574 1408 4629 ἀποστόλων
1433 4574 1613 4629 κανὼν

1790 4572 1842 4627 8.
1862 4572 2088 4627 Divinus
2105 4578 2158 4626 et
2174 4586 2331 4627 sacer
2344 4578 2659 4625 sanctorum
2681 4564 3055 4636 apostolorum
3075 4577 3231 4618 canor

90 4660 175 4723 τοὺς
196 4664 545 4735 ἐκτέμνοντας
580 4666 807 4729 ἑαυτοὺς
839 4666 1243 4734 αὑτοφονευτὲις
1273 4667 1489 4737 κρίνει,
1524 4667 1620 4720 καὶ

93 4749 209 4818 ἱερεῖς
237 4756 326 4824 μὲν
352 4758 514 4821 ὄντας
548 4757 823 4827 καθαιρεῖ,
860 4757 1153 4826 μέλλοντας
1192 4758 1250 4811 δὲ
1278 4758 1373 4812 καὶ
1400 4761 1499 4825 τῆς
1526 4760 1622 4811 ἐπὶ

93 4840 327 4917 ἱερωσύνην
358 4849 652 4919 προκοπῆς
678 4849 931 4918 ἀπείργει
956 4864 970 4879 ·
1005 4848 1166 4918 δῆλον
1207 4850 1458 4903 ἐντεῦθεν
1490 4849 1621 4903 καθ-

93 4938 318 5004 ιστών,ὼς
348 4943 508 5013 εἴπερ
563 4945 590 4995 ὁ
640 4942 832 4995 ἑαυτὸν
886 4941 1167 5013 ἐκτέμνων
1219 4944 1621 5015 αύτοφονευτής

92 5028 261 5097 ine/,6
301 5034 486 5107 ἕτερον
536 5034 819 5104 ἐκτέμνων
887 5034 1108 5097 πάντως
1156 5036 1419 5105 φονευτής
1469 5038 1624 5088 ἐστι’

92 5118 175 5193 θείη
199 5125 234 5177 δ’
259 5127 318 5180 ἄν
342 5145 425 5191 τις
454 5128 550 5181 τὸν
580 5129 819 5181 τοιοῦτον
850 5127 1077 5191 δικαίως
1112 5128 1208 5181 καὶ
1237 5129 1339 5198 τῆς
1364 5128 1627 5199 δημιουρ-

90 5213 176 5277 ’ῐίίς
202 5219 354 5288 αὐτῆς
385 5221 673 5293 ὑϐριστήν,
706 5221 905 5292 Διόπερ
932 5220 1133 5293 ὥρισεν
1159 5222 1192 5292 ἡ
1223 5222 1354 5289 ἁγία
1386 5221 1625 5287 σύνοδος,

90 5306 140 5369 ὡς
167 5313 207 5363 εἰ
228 5332 303 5378 τις
327 5316 647 5381 ἐπίσκοπος,
675 5318 709 5388 ἦ
743 5316 1134 5388 πρεσϐύτερος,
1163 5317 1197 5387 ἢ
1226 5316 1467 5380 διάκονος
1487 5356 1502 5381 ,
1537 5319 1628 5369 εύ-

1731 1948 1969 2002 maxime
2006 1947 2059 2001 in
2104 1946 2319 2017 jejunio
2353 1956 2407 2000 et
2451 1945 2721 2000 oratione.
2759 1943 2987 2012 Oportet
3038 1942 3185 1997 enim
3232 1958 3328 1998 eos

1728 2043 1821 2113 qui
1855 2043 2041 2098 divino
2082 2041 2241 2096 altari
2276 2040 2544 2106 assident,
2580 2040 2633 2093 in
2664 2048 2979 2095 sanctorum
3012 2037 3324 2091 tractando-

1730 2152 1850 2190 rum
1893 2144 2137 2205 tempore
2166 2150 2288 2190 esse
2335 2134 2562 2188 omnino
2605 2133 2973 2193 continentes,
3017 2140 3077 2184 ut
3114 2132 3326 2196 possint

1728 2235 1781 2289 id
1812 2234 1959 2305 quod
1992 2250 2023 2290 a
2070 2235 2180 2289 Deo
2208 2233 2532 2304 simpliciter
2565 2240 2758 2303 petunt
2792 2230 3063 2284 obtinere.
3112 2226 3169 2281 Si
3197 2226 3323 2296 quis

1727 2342 1859 2395 ergo
1889 2324 2054 2381 fuerit
2099 2340 2271 2381 ausus
2323 2335 2520 2395 praeter
2555 2324 2886 2393 apostolicos
2916 2336 3155 2376 canones
3188 2320 3325 2375 inci-

1728 2429 1876 2473 tatus
1906 2419 2145 2489 aliquem
2170 2434 2379 2489 [eorum
2409 2418 2503 2485 qui
2539 2424 2670 2472 sunt
2720 2416 2773 2469 in
2810 2414 3003 2477 sacris,
3040 2414 3325 2484 presbyte«
3379 2432 3383 2435 τ

1728 2524 1938 2573 rerum,
1966 2508 2251 2578 inquimus
2277 2508 2362 2563 vel
2396 2508 2777 2571 diaconorum,
2808 2505 2890 2559 vel
2919 2505 3325 2576 hypodiacono-

1728 2617 1875 2665 rum,
1908 2602 2301 2669 conjunctione
2346 2616 2471 2655 cum
2516 2599 2759 2669 legitima
2802 2612 2978 2653 uxore
3009 2606 3064 2652 et
3088 2612 3325 2652 consue-

1730 2693 1919 2748 tudine
1978 2693 2214 2762 privare,
2270 2693 2598 2761 deponatur.
2662 2689 2927 2745 Similiter
2962 2698 3036 2743 .et
3087 2690 3133 2743 si
3193 2688 3321 2758 quis

1727 2786 2014 2856 presbyter
2042 2785 2126 2838 vel
2166 2784 2438 2838 diaconus
2477 2798 2636 2837 suam
2671 2796 2895 2835 uxorem
2935 2780 3153 2850 pietatis
3184 2795 3324 2849 pra:-

1728 2886 1877 2931 textu
1910 2876 2153 2946 ejecerit,
2206 2883 2522 2945 segregetur
2552 2891 2565 2927 :
2617 2881 2671 2929 et
2701 2874 2747 2929 si
2776 2881 3112 2944 perseveret,
3149 2872 3320 2941 depo-

1726 2981 1950 3099 llalixi).
1986 3039 2177 3096 XXIII.
2200 3070 2267 3082 -—
2293 3040 2371 3094 De
2397 3040 2590 3095 clerico
2617 2972 2862 3109 inﬁrmos
2893 3038 3169 3093 irridente.

2164 3224 2541 3294 Apostolorum
2574 3239 2746 3277 canon
2776 3222 2865 3278 57.

1787 3317 1856 3371 57
1890 3314 2026 3387 [5‘6].
2054 3314 2109 3369 Si
2135 3319 2261 3386 quis
2286 3315 2523 3370 clericus
2554 3315 2808 3369 claudum
2833 3313 2917 3368 vel
2936 3313 3186 3381 surdum,
3213 3321 3323 3369 etc.

1721 3422 1775 3466 ut
1811 3430 1930 3477 poq.
1966 3410 2092 3465 758.

1792 3505 1948 3562 CAP.
1986 3503 2182 3560 XXIV.
2215 3533 2286 3545 —
2320 3502 2393 3556 De
2422 3502 2612 3557 clerico
2654 3502 2745 3572 qui
2777 3502 3006 3570 seipsum
3046 3501 3291 3555 mutilat.

2165 3694 2541 3765 Apostolorum
2565 3707 2735 3746 canon
2766 3690 2858 3745 95.

1802 3794 1874 3848 9.5
1908 3792 2045 3867 [99].
2083 3791 2139 3847 Si
2171 3792 2296 3862 quis
2324 3806 2447 3846 cum
2483 3790 2554 3846 sit
2588 3788 2843 3850 clericus,
2870 3785 3109 3855 seipsum
3164 3781 3328 3837 muti-

1722 3887 1939 3952 laverit,
1974 3888 2281 3957 deponatur
2319 3902 2333 3938 :
2370 3892 2455 3939 est
2487 3882 2633 3936 enim
2665 3883 2747 3935 sui
2781 3878 3078 3934 homicida.

2022 4000 2187 4070 287
2217 3997 2444 4054 Concilii
2482 3994 2691 4050 Nica’ni
2726 4010 2894 4048 canon
2934 3994 2983 4046 l.

1796 4115 1848 4170 1.
1890 4113 1945 4168 Si
1988 4114 2114 4184 quis
2174 4128 2205 4167 a
2262 4110 2489 4166 medicis
2519 4111 2571 4163 in
2610 4108 2804 4162 morbo
2841 4104 3089 4171 excisus,
3116 4111 3220 4158 etc.
3267 4111 3324 4155 ut

1722 4225 1846 4279 pag.
1881 4207 2007 4262 503.

1725 4319 1926 4391 Synodi
1974 4335 2092 4388 qua:
2120 4318 2296 4391 prima
2341 4325 2390 4391 et
2438 4315 2669 4369 secunda
2697 4320 3033 4391 nuncupatur
3068 4307 3328 4365 Constan-

1798 4386 2019 4460 tinOpuli
2046 4394 2098 4443 in
2117 4389 2309 4457 templo
2334 4386 2656 4442 Sanctorum
2689 4387 3081 4454 Apostolorum
3103 4396 3324 4451 congreo

1796 4474 1922 4533 gata
1952 4478 2122 4515 canon
2148 4462 2235 4531 8.}

3236 4561 3330 4625 ‘59,

1728 4682 1823 4721 eos
1847 4667 1938 4735 qui
1972 4682 2029 4721 se
2056 4666 2202 4735 ipsos
2237 4673 2481 4718 castraut
2512 4678 2633 4716 esse
2659 4661 2740 4715 sui
2770 4656 3327 4725 homicidasjudicat.

1728 4758 1793 4813 Et
1839 4759 1884 4814 si
1914 4759 2025 4813 sint
2054 4757 2274 4828 quidem
2307 4755 2639 4820 sacerdotes,
2684 4752 2937 4821 deponit;
2969 4751 3013 4804 si
3063 4765 3170 4803 non
3218 4748 3330 4802 sint

1729 4861 1933 4917 autem,
1967 4867 2035 4906 ne
2064 4850 2132 4905 ad
2172 4849 2540 4907 saCerdotium
2590 4853 3019 4916 promoveantur
3050 4841 3325 4911 prohibet,

1730 4960 1795 4999 ex
1824 4960 1887 4998 eo
1916 4957 2102 5013 aperte
2131 4953 2399 5005 statuens,
2426 4940 2573 5011 quod
2607 4941 2652 4995 si
2685 4940 2731 4994 is
2762 4938 2853 5008 qui
2879 4954 2937 4991 se
2962 4937 3139 5006 ipsum
3168 4949 3331 4986 exsc-

1728 5036 1873 5089 cavit
1892 5037 1975 5089 sui
1996 5045 2077 5089 est
2100 5033 2394 5099 homicida,
2420 5032 2509 5102 qui
2537 5032 2701 5085 alimn
2726 5038 2966 5092 exsecat,
2993 5036 3076 5080 est
3101 5024 3327 5095 omnino

1734 5129 2029 5184 homicida.
2090 5127 2276 5182 Merito
2328 5138 2509 5182 autem
2568 5124 2825 5180 statuerit
2873 5119 3143 5191 quispiam
3198 5133 3325 5172 eum

1736 5239 1958 5294 quoque
1991 5224 2044 5276 in
2081 5222 2357 5293 opiﬁcium
2383 5218 2844 5277 contumeliosum
2876 5213 3069 5268 videri.
3118 5212 3328 5278 Quam-

1733 5317 1919 5371 obrem
1949 5316 2193 5371 decrevit
2213 5322 2397 5370 sancta
2425 5313 2687 5385 synodus,
2715 5320 2771 5364 ut
2796 5308 2841 5364 si
2868 5308 2994 5378 quis
3012 5307 3325 5376 episcopus,

1732 5410 1816 5464 vel
1845 5410 2150 5481 presbyter,
2188 5410 2273 5463 vel
2303 5409 2592 5472 diaconus,
2631 5414 2876 5460 castrare
2918 5401 3157 5472 aliquem
3190 5413 3327 5452 con-

1733 5504 1910 5559 victus
1937 5504 2124 5571 fuerit,
2162 5504 2244 5558 vel
2306 5518 2471 5558 manu
2519 5500 2765 5572 propria,
2808 5497 2890 5551 vel
2915 5512 3014 5551 suo
3044 5494 3227 5565 jussu,
3280 5491 3327 5545 is

1734 5600 2064 5670 depositioni
2093 5598 2419 5669 subjiciatur
2455 5614 2467 5651 :
2506 5595 2551 5651 si
2584 5595 2656 5649 sit
2683 5604 2867 5648 autem
2899 5591 3092 5652 laicus,
3140 5599 3326 5654 segreo

92 5407 295 5475 πνχίζων
315 5411 436 5465 τινὰ
468 5409 720 5481 ἐλεγχθῇ,
743 5410 776 5481 ἢ
800 5410 1137 5482 αὐτοχειρίᾳ,
1161 5411 1194 5481 ἦ
1226 5410 1288 5476 ἐξ
1316 5411 1630 5481 ἐπιτάγμα-

92 5510 170 5562 τος,
196 5501 364 5556 τοῦτον
400 5503 723 5576 καθαιρέσει
757 5502 1270 5558 καθυποϐάλλεσθαι
1298 5521 1311 5535 ’
1350 5508 1397 5558 εἰ
1424 5504 1481 5557 δὲ
1515 5505 1632 5558 λαῖ-

93 5585 275 5664 κόςεῖη,
312 5597 704 5669 ἀφορίζεσθαι·
753 5597 893 5669 πλὴν
943 5600 991 5651 εί
1044 5600 1213 5668 μήπω
1263 5598 1481 5669 νόσημά
1522 5616 1630 5652 τινι

3100 5750 3143 5779 θ⁹
3180 5746 3319 5802 Cati.

142 5754 176 5783 ⁸⁵
201 5754 369 5811 Matth.
413 5774 530 5822 xix,
579 5758 633 5813 6.
740 5760 784 5792 ⁸⁷
815 5756 979 5816 Hebr.
1042 5774 1163 5829 xui,
1217 5759 1271 5814 4.
1386 5760 1431 5792 ⁸⁸
1483 5760 1502 5815 l
1552 5760 1624 5817 Co

1739 5778 1811 5829 'u,
1850 5761 1941 5816 9.7.
2050 5760 2129 5795 ⁸⁸⁸
2155 5760 2325 5817 Conc.
2375 5758 2634 5829 Carthag.
2667 5770 2729 5822 ιι,
2760 5767 2883 5810 can.
2944 5749 2999 5803 2.

95 5838 228 5893 ψει.
253 5829 339 5896 9.9.,
367 5830 441 5884 ‘23
463 5839 520 5885 et
540 5831 629 5885 9.4.

740 5760 784 5792 ⁸⁷
815 5756 979 5816 Hebr.
1042 5774 1163 5829 xui,
1217 5759 1271 5814 4.
1386 5760 1431 5792 ⁸⁸
1483 5760 1502 5815 l
1552 5760 1683 5820 Cor.
1717 5778 1811 5832 ru,
1850 5761 1941 5816 9.7.
