3980 6398
559 404 666 471 763

1626 396 1637 410 '
1729 398 1995 461 PHOTII
2033 374 2542 461 PATRIARCHzE
2573 399 2682 462 cp.
3732 411 3820 474 τε,

560 535 741 598 gctur,
774 530 971 594 praeter
1002 536 1168 592 quam
1205 520 1250 576 si
1297 519 1540 584 morbus,
1584 518 1678 590 qui
1723 519 1886 574 alicui
1937 519 2156 584 accidit,

2277 520 2598 589 προσπεσὸν,
2621 519 2758 589 πρὸς
2787 520 3026 595 ἐκτομὴν
3050 524 3146 578 τοῦ
3171 528 3498 594 πεπονθότος
3521 528 3819 594 ἐκδιάζοιτο·

559 618 626 672 ad
669 616 821 670 illum
869 614 1259 674 exsecandum,
1292 613 1387 682 qui
1421 620 1693 666 castratos
1741 619 1846 674 est,
1891 611 2152 681 coegerit.

562 707 1039 777 Quemadmodum
1065 707 1212 762 enim
1244 704 1477 760 Niczente
1508 705 1697 775 prima:
1726 704 1918 776 synodi
1955 718 2155 766 canon,

559 818 658 860 eos
684 803 776 872 qui
807 802 860 856 in
891 801 1083 855 morbo
1113 799 1321 856 exsecti
1359 807 1510 866 sunt,
1557 813 1667 852 non
1719 797 1898 868 punit,
1933 806 2158 866 propter

560 898 838 960 morbum,
897 895 998 958 sic,
1039 907 1093 948 et
1119 908 1241 958 nos,
1278 909 1379 948 nec
1413 895 1750 956 sacerdotes,
1783 892 1876 961 qui
1919 899 2158 962 aegrotos

560 991 794 1046 castrari
840 989 1121 1052 immdant,
1170 987 1629 1052 condemnamus,
1675 1001 1776 1041 nec
1815 985 2014 1049 laicos,
2064 983 2159 1049 qui

557 1083 799 1154 propriis
863 1081 1116 1136 manibus
1180 1082 1246 1134 ad
1301 1081 1691 1136 castrationem
1745 1088 2012 1144 utuntur,
2073 1092 2160 1131 re-

562 1174 976 1246 prehendimus.
1016 1171 1132 1227 Hoc
1161 1172 1310 1227 enim
1347 1172 1525 1227 morbi
1562 1187 1686 1226 esse
1714 1171 2004 1233 medelam,
2046 1183 2156 1222 non

561 1277 745 1323 autem
771 1275 1038 1321 creatura:
1079 1265 1308 1320 insidias
1336 1265 1474 1332 ﬁeri,
1510 1265 1595 1320 vel
1629 1264 1908 1334 opitlcium
1956 1261 2161 1333 injuria

562 1359 701 1415 allici
733 1359 1134 1414 existimamus.

629 1452 770 1522 Lege
799 1468 920 1522 qua:
960 1451 1216 1521 superius
1245 1459 1504 1505 annotata
1528 1459 1658 1506 sunt
1678 1449 1730 1502 iu
1766 1465 1888 1518 cap.
1921 1447 2008 1512 M,
2031 1445 2156 1501 ιλιι

555 1546 841 1618 przesentis
876 1546 1076 1616 operis.

631 1639 800 1710 288
833 1639 985 1692 CAP.
1017 1637 1184 1692 XXV.
1218 1669 1291 1678 —
1321 1637 1394 1692 De
1427 1637 1632 1691 clericis
1661 1636 1919 1704 apostatis
1942 1673 1957 1699 ,
1987 1641 2034 1686 et
2069 1649 2161 1686 sa-

558 1731 924 1804 criﬁcantibus
973 1742 1023 1786 et
1055 1733 1306 1802 magis,et
1329 1731 1838 1793 incantatoribus,et
1858 1726 2160 1796 astrologis,

575 1846 638 1883 ac
671 1829 1082 1893 mathematicis,
1104 1837 1152 1883 et
1183 1829 1402 1895 divinis,
1440 1836 1491 1880 et
1516 1825 1778 1894 veneﬁcis,
1832 1832 1880 1876 et
1911 1823 1974 1875 de
2007 1838 2162 1875 antu-

562 1921 705 1977 latis.

1019 2016 1396 2083 Apostolorum
1424 2035 1594 2072 canon
1625 2017 1715 2071 62.

633 2109 704 2164 6'?-
739 2108 873 2182 [6⁵]·
909 2107 965 2163 δῖ
994 2109 1119 2176 (Illis
1154 2110 1390 2165 Clrricus
1444 2120 1667 2181 propter
1703 2117 1910 2162 metum
1966 2105 2158 2158 Imma-

564 2220 728 2264 num,
781 2203 865 2260 vel
911 2203 1114 2267 .ludati,
1157 2203 1240 2258 Vel
1292 2203 1531 2258 lueretici
1597 2200 1903 2274 negaverit,
1946 2203 2075 2258 εισι,
2103 2202 2158 2245 ιιι

560 2299 842 2369 ρα9.746.

869 2414 1097 2470 Consilii
1134 2413 1405 2484 Ancyrani
1453 2429 1682 2468 canones
1717 2413 1766 2476 ι,
1792 2412 1847 2466 ‘2.

635 2509 684 2563 1.
706 2506 1058 2580 Presbyteros
1079 2508 1172 2577 qui
1195 2507 1668 2570 sacriﬁcaverunt,
1688 2516 1794 2562 ctc.
1817 2517 1871 2560 ut
1890 2523 2011 2576 pag.
2032 2504 2158 2559 595.

639 2604 696 2655 ‘2.
735 2601 1004 2655 Diaconos
1037 2600 1293 2655 similiter
1331 2600 1424 2668 qui
1459 2599 1934 2664 sacriﬁcaverunt,
1971 2607 2158 2667 postea

560 2698 744 2746 autem
776 2690 1025 2746 reluctati
1055 2698 1204 2754 sunt,
1228 2701 1360 2754 etc.,
1392 2698 1454 2742 ut
1484 2705 1605 2758 pag.
1643 2688 1767 2743 755.

924 2803 1152 2860 Concilii
1184 2802 1467 2857 Laodiceni
1499 2819 1670 2856 canon
1706 2802 1798 2857 56.

632 2897 722 2954 56.
753 2895 911 2964 Quod
950 2913 1055 2950 non
1092 2903 1308 2968 oportet
1332 2910 1427 2952 eos
1463 2896 1557 2967 qui
1613 2904 1743 2950 sunt
1775 2895 1998 2961 sacrati,
2031 2904 2164 2961 etc.,

565 3003 623 3046 ut
652 3010 775 3064 pag.
806 2991 932 3046 754.

643 3107 860 3163 Τεπιιιε.
897 3107 974 3163 De
1007 3107 1285 3174 venellcis,
1319 3108 1751 3174 mathematicis,
1779 3108 2166 3176 similibusque

564 3200 652 3253 tit.
692 3199 779 3262 18,
815 3201 906 3254 lib.
940 3217 1017 3255 ιι.
1040 3201 1163 3256 cod.
1199 3201 1389 3256 Const.
1423 3204 1447 3257 l
1483 3202 1636 3258 :liaac
1666 3201 1858 3257 statuit
1885 3220 1898 3256 :
1926 3199 2056 3255 Plus
2079 3207 2163 3254 est

563 3309 801 3357 veneno,
853 3310 1016 3365 quam
1058 3295 1238 3367 gladio
1269 3297 1545 3353 occidere.
1580 3295 1772 3350 Const.
1808 3295 1844 3348 2
1875 3315 1887 3351 :
1923 3294 2155 3350 Geome-

567 3388 730 3443 triam
759 3388 903 3444 scire
926 3388 1060 3444 utile
1083 3400 1168 3445 est
1196 3407 1211 3446 :
1237 3406 1326 3446 ars
1349 3401 1533 3445 autem
1562 3389 1953 3444 mathematica
1985 3389 2157 3444 inter-

565 3483 708 3539 dicta
736 3492 841 3545 est,
865 3492 919 3538 et
947 3481 1225 3538 damnata.
1255 3483 1450 3539 Const.
1477 3486 1546 3539 5:
1577 3482 1772 3538 Nullus
1799 3482 2027 3546 artifex,
2064 3489 2160 3538 aut

569 3571 856 3636 sacerdos,
900 3581 996 3626 aut
1040 3589 1234 3628 eorum
1269 3573 1563 3643 quisquam
1596 3572 1690 3642 qui
1729 3573 1856 3628 huic
1884 3573 2013 3627 ritui
2050 3573 2157 3626 mi-

567 3663 828 3727 nistrant,
871 3663 942 3718 ob
990 3664 1156 3718 ullam
1200 3664 1428 3718 omnino
1494 3681 1721 3720 causam
1766 3667 1832 3719 ad
1894 3667 2156 3736 aliquem,

570 3758 784 3812 tametsi
836 3758 1050 3813 amicus
1087 3759 1262 3828 ipsius
1297 3759 1398 3823 sit,
1454 3759 1694 3814 introeat
1736 3777 1748 3812 :
1799 3759 2046 3829 alioquin
2106 3769 2162 3814 et

569 3845 689 3916 ipse
715 3857 1105 3902 concrematur
1139 3867 1152 3904 :
1204 3857 1257 3904 et
1285 3851 1376 3915 qui
1417 3850 1597 3918 ipsum
1640 3848 1975 3914 evocaverit,
2038 3858 2162 3919 post

570 3939 842 3994 bonorum
903 3942 1354 3997 conﬁscationem
1406 3941 1727 4010 deportatur
1772 3963 1785 3998 :
1829 3953 1885 3998 et
1933 3944 2163 4012 quilibet

547 4005 814 4090 ’accusat.
851 4035 1042 4103 Const.
1075 4039 1108 4091 4
1145 4052 1159 4088 :
1209 4036 1313 4103 Qui
1355 4038 1579 4108 magicis
1615 4038 1828 4093 artibus
1867 4039 2031 4093 saluti
2059 4039 2160 4094 lio-

571 4129 784 4184 minum
828 4140 924 4184 aut
967 4130 1246 4200 pudicitize
1281 4131 1632 4196 insidiantur,
1664 4132 1968 4202 puniuntur
2002 4151 2015 4187 :
2055 4149 2159 4187 non

571 4229 754 4276 autem
788 4219 881 4290 qui
915 4217 1036 4291 [per
1067 4217 1208 4291 illas]
1240 4220 1557 4275 hominibus
1588 4222 1895 4287 medentur,
1924 4231 2018 4276 aut
2046 4220 2160 4275 fru-

570 4325 758 4368 ctuum
801 4323 1127 4384 proventum
1171 4315 1396 4369 uberem
1431 4327 1782 4379 conservant,
1819 4317 2025 4372 imbres
2069 4326 2164 4372 aut

561 4404 859 4475 grandines
899 4414 1228 4460 avertentes.
1263 4406 1455 4461 Const.
1494 4408 1528 4462 5
1560 4425 1574 4460 :
1622 4408 1794 4463 Nemo
1829 4419 1921 4464 aut
1957 4420 2160 4476 vatem,

573 4508 668 4552 aut
709 4499 1042 4569 aruspicem,
1077 4509 1192 4555 auo
1213 4516 1476 4572 augurem
1508 4503 1762 4558 consulat
1810 4519 1824 4557 :
1873 4519 2053 4573 neque
2079 4503 2161 4557 di-

2261 611 2452 682 ὥσπερ
2486 612 2594 684 γὰρ
2627 614 2655 666 ὁ
2687 612 2789 683 τῆς
2819 614 2879 668 ὲν
2907 615 3114 688 Νικαίᾳ
3152 620 3370 673 συνόδου
3399 621 3612 690 πρῶτος
3645 620 3822 686 κανὼν,

2261 705 2389 766 τοὺς
2420 706 2480 758 ὲν
2505 704 2647 775 νόσῳ
2678 707 3174 776 χειρουργηθέντας
3207 711 3270 764 οὑ
3306 710 3526 776 κολάζει
3554 711 3645 766 διά
3677 711 3730 764 τι
3753 712 3824 766 νό-

2264 814 2330 866 ση
2340 813 2438 866 μα,
2459 795 2604 850 οὕτω
2628 799 2724 851 καὶ
2747 800 2907 869 ἡμεῖς
2927 815 2942 830 ο
2969 799 3093 854 οὔτε
3118 803 3244 867 τοὺς
3279 804 3443 876 ἱερεῖς
3463 804 3824 867 ἐπιτάττοντας

2262 889 2671 959 εὑνουχίζεσθαι
2726 893 2851 956 τοὺς
2904 892 3192 958 νοσοῦντας
3255 895 3677 965 κατακρίνομεν,
3724 896 3825 948 οὒτε

2265 981 2372 1053 μὴν
2391 983 2517 1046 τοὺς
2541 982 2766 1047 λαῖκοὺς
2797 985 3118 1059 αὐτοχειρίᾳ
3147 988 3284 1060 πρὸς
3315 989 3414 1059 τὴν
3445 988 3681 1058 ἐκτομὴν
3702 1006 3825 1058 χρω-

2266 1076 2498 1146 μένους,
2536 1077 2875 1142 ὑπευθύνους
2920 1079 3218 1150 τιθέμεθα·
3275 1081 3434 1134 τοῦτο
3465 1082 3578 1151 γὰρ
3617 1081 3828 1151 ἰατρείαν

2260 1167 2356 1221 τοῦ
2390 1170 2715 1240 νοσήματος,
2755 1171 2872 1225 ἀλλ’
2905 1173 3003 1226 οὑκ
3037 1173 3332 1245 ἐπιϐουλὴν
3375 1175 3469 1228 τοῦ
3517 1173 3828 1244 πλάσματος,

2262 1261 2296 1334 ἢ
2328 1263 2426 1334 τῆς
2457 1263 2712 1329 πλάσεως
2747 1263 2928 1338 ὓϐριν,
2956 1266 3305 1340 λογιζόμεθα.

2335 1449 2636 1518 Ἀνάγνωθι
2685 1450 2755 1504 τὰ
2806 1451 3326 1524 παραγεγραμμένοι
3375 1449 3641 1521 ἀνωτέρω
3681 1452 3734 1503 ὲν
3771 1450 3834 1522 τῷ

2268 1543 2328 1598 ιδ’
2364 1563 2490 1612 κεφ.
2522 1546 2617 1599 τοῦ
2647 1545 2695 1600 α’
2725 1547 2829 1602 τίτ.
2861 1548 2957 1601 τοῦ
2993 1550 3264 1619 παρόντος
3295 1548 3696 1616 συντάγματος.

2337 1640 2591 1694 ΚΕΦΑΛ.
2635 1642 2841 1697 ΚΕ¹.--
2865 1641 3002 1710 Περὶ
3029 1640 3334 1712 κληρικῶν
3357 1635 3737 1701 ἀποστατῶν,
3755 1638 3832 1691 καὶ

2266 1733 2490 1796 θυτὼν,
2522 1733 2618 1786 καὶ
2663 1733 2890 1805 μάγων,
2923 1733 3024 1788 καὶ
3064 1732 3382 1795 ἐπςιοιδῶν,
3416 1732 3519 1785 καί
3572 1731 3833 1799 ἀστρολόι

2267 1845 2407 1897 γων,
2429 1827 2878 1898 μαθηματικῶν,
2919 1828 3017 1882 καὶ
3048 1827 3181 1897 περὶ
3220 1823 3548 1896 μαντειῶν,
3581 1823 3676 1877 καὶ
3715 1840 3836 1893 φαρ-

2259 1921 2544 1993 μακειῶν,
2580 1923 2678 1976 καὶ
2713 1922 3075 1991 περιάπτων.

2679 2016 2738 2070 ’Λ
2747 2018 3069 2070 ποστόλων
3111 2018 3314 2072 κανὼν
3351 2020 3451 2092 ξβ’.

2334 2107 2436 2179 ξβν.
2481 2107 2548 2161 El’
2572 2126 2654 2171 τις
2701 2108 2965 2180 κληρικὸς
3013 2109 3101 2162 διὰ
3148 2111 3314 2179 φόϐον
3360 2113 3704 2184 ἀνθρώπινον
3722 2113 3836 2166 ’ἰον-

2259 2201 2433 2267 δαίου,
2459 2203 2492 2273 ἢ
2515 2201 2794 2272 Ἕλληνος,
2829 2202 2862 2273 ἢ
2894 2202 3172 2273 αἱρετικοῦ
3198 2244 3212 2268 ,
3250 2205 3577 2278 ἀρνήσεται,
3606 2225 3660 2260 κ.
3680 2223 3726 2260 τ.
3747 2205 3792 2258 λ.
3833 2264 3838 2271 _

2532 2411 2800 2466 Συνόδου
2839 2412 3124 2482 Ἀγκύρας
3163 2412 3366 2466 κανὼν
3403 2421 3484 2480 α’,
3531 2414 3597 2485 β’.

2335 2514 2403 2561 α’.
2447 2506 2863 2578 Πρεσϐυτέρους
2890 2505 3018 2569 τοὺς
3049 2504 3436 2571 ἐπιθύσαντας,
3480 2525 3536 2562 κ.
3562 2525 3614 2562 τ.
3641 2508 3690 2562 λ.

2337 2600 2402 2670 β’.
2445 2600 2737 2662 Διακόνους
2755 2599 2959 2669 ὁμοίως
2978 2597 3268 2666 θύσαντας,
3295 2600 3432 2671 μετά
3461 2601 3521 2655 δὲ
3547 2598 3713 2654 ταῦτα
3734 2599 3841 2654 ἀνα·

2267 2692 2670 2756 παλαίσαντας,
2703 2709 2757 2746 κ.
2778 2707 2832 2746 τ.
2855 2692 2906 2745 λ.

2535 2805 2807 2861 Συνόδου
2847 2807 3202 2873 Λαοδικείας
3241 2806 3449 2862 κανὼν
3487 2807 3600 2873 λς’.

2341 2898 2467 2952 Ὀτι
2502 2897 2563 2952 οὑ
2597 2898 2679 2952 δεῖ
2714 2901 3024 2972 ἱερατικους
3076 2901 3109 2972 ἢ
3160 2901 3486 2973 κληρικοὺς,
3543 2901 3762 2972 μάγους,
3789 2914 3832 2950 κ.

2266 3010 2316 3046 τ.
2343 2993 2394 3048 λ.

2339 3108 2476 3179 Περὶ
2499 3109 2811 3180 φαρμακῶν
2832 3112 2926 3163 καὶ
2955 3109 3358 3182 μαθηματικῶν
3394 3112 3493 3164 καὶ
3515 3110 3625 3164 τῶν
3643 3107 3832 3179 ὁμοίων.

2267 3201 2628 3273 διαλαμϐάνει
2660 3203 2688 3256 ὁ
2724 3201 2793 3274 ιη’
2822 3203 2930 3258 τίτ.
2959 3203 3052 3258 τοῦ
3089 3204 3133 3257 θ’
3163 3203 3304 3275 βιὸλ.
3349 3203 3450 3258 τοῦ
3491 3203 3622 3260 κώδ,
3670 3201 3832 3256 ταῦτα.

2265 3295 2414 3349 Διάτ.
2452 3293 2528 3348 α’·
2557 3295 2759 3360 Μείζόν
2790 3297 2908 3350 ἐστι
2937 3295 2999 3350 τὸ
3020 3297 3300 3368 φαρμάκῳ
3325 3297 3358 3368 ἢ
3391 3297 3541 3368 ξίφει
3577 3295 3833 3366 φονεῦσαι·

2266 3391 2414 3446 Διάτ.
2435 3389 2500 3461 β’·
2521 3390 2632 3462 Τὴν
2649 3389 2997 3462 γεωμετρίαν
3023 3391 3294 3462 χρήσιμόν
3316 3394 3466 3446 ἐστιν
3488 3391 3768 3459 ἐὶδέναι,ή
3789 3386 3833 3440 δὲ

2270 3481 2625 3553 μαθηματικὴ
2650 3486 3025 3555 ἀπηγόρευται
3055 3487 3150 3538 καὶ
3170 3483 3748 3556 κατακέκριται.Διάτ.
3765 3485 3832 3547 γ”

2267 3577 2474 3649 Μηδεὶς
2499 3578 2934 3650 οἰωνοσκόπος,ἢ
2988 3579 3249 3650 Ξερεὺς,ῆ
3282 3578 3391 3632 τῶν
3447 3576 3832 3648 ὑπουργούντων

2270 3672 2495 3744 τοιαύτῃ
2529 3671 2832 3743 θρησκεία,
2866 3671 3052 3725 εἰσίτω
3091 3673 3228 3743 πρός
3276 3689 3401 3726 τινα
3453 3672 3543 3742 ἐφ’
3578 3672 3830 3743 οἱᾳδήττοτε

2271 3762 2439 3835 αἰτίᾳ,
2473 3763 2576 3816 κᾶν
2607 3763 2772 3816 αὑτοῦ
2803 3763 2955 3833 φίλος
2983 3758 3050 3834 ἦν
3073 3778 3085 3791 ·
3122 3764 3244 3817 ἐπεὶ
3273 3764 3368 3818 καὶ
3421 3764 3588 3828 αὑτὸς
3629 3761 3828 3820 καίεται,

2271 3857 2362 3910 καὶ
2392 3857 2420 3908 ὁ
2459 3855 2908 3927 προτρεψάμενος
2934 3856 3097 3910 αὑτὸν
3129 3857 3593 3928 δεπορτατεύεται
3634 3851 3830 3926 δημευό-

2275 3967 2455 4020 μενος,
2503 3950 2595 4002 καὶ
2623 3951 2650 4002 ὁ
2682 3948 2998 4019 βουλὸκενος
3045 3952 3362 4022 κατηγορεῖ.
3399 3950 3556 4005 Διάτ.
3581 3947 3622 4002 δ’
3643 3962 3654 3976 ·
3685 3949 3739 4001 Οἱ
3763 3943 3829 3996 διὰ

2274 4042 2506 4113 μαγείας
2529 4045 2595 4112 τῇ
2631 4045 2876 4114 σωτήρια
2903 4042 3010 4100 τῷν
3041 4042 3347 4114 ἀνθρώπων
3373 4043 3406 4114 ἢ
3441 4045 3510 4113 τῇ
3545 4037 3829 4111 σωφροσύνῃ

2272 4135 2713 4199 ἐπιϐουλεύοντες
2747 4135 3156 4208 τιμωροῦνται,
3203 4137 3265 4190 οὑ
3305 4136 3414 4207 μὴν
3445 4137 3496 4190 οἱ
3535 4135 3665 4206 πρὸς
3697 4132 3825 4200 θερι-

2272 4228 2432 4280 πείαν
2478 4226 2587 4280 τῶν
2637 4227 2926 4293 σωμάτων,
2968 4226 3001 4296 ἢ
3049 4228 3116 4296 τῇ
3170 4226 3434 4296 εὐετηρίᾳ
3485 4224 3592 4276 τῶν
3639 4215 3826 4289 καρπῶν

2273 4319 2574 4383 ποιοῦντες,
2596 4313 2708 4373 οἷον
2737 4318 2934 4391 βροχὴν
2957 4319 2988 4388 ἢ
3012 4317 3251 4388 χάλαζαν
3275 4319 3586 4388 ἐπέχοντες.
3615 4312 3747 4366 Διάτ.
3772 4303 3824 4358 ε’·

2272 4412 2477 4483 Μηδεῖς
2506 4412 2765 4483 ὲρωτάτῳ
2796 4413 2988 4481 μάντιν
3012 4411 3045 4483 ἢ
3070 4411 3287 4482 θύτηνῆ
3313 4410 3695 4466 οἰωνοσκόπον,
3717 4403 3825 4474 μήτε

2273 4505 2662 4576 χρηματιξέτω
2695 4504 3020 4575 Χαλδαῖοςῆ
3059 4502 3445 4574 μαθηματικὸς
3494 4502 3527 4574 ἢ
3575 4501 3654 4562 τίς
3684 4510 3825 4566 παρι-

569 4592 722 4647 vinet
775 4592 1092 4658 Cbaldzeus,
1125 4607 1219 4650 aut
1254 4596 1700 4661 mathematicus,
1757 4607 1851 4651 aut
1884 4598 2160 4668 quispiam

2277 4599 2532 4668 πλῇσιος·
2562 4601 2590 4653 ὁ
2619 4597 2675 4650 δὲ
2711 4598 2857 4669 παρὰ
2885 4597 3056 4651 ταῦτα
3090 4598 3293 4665 ποιῶν,
3327 4596 3710 4668 ἀποτέμνεται.

569 4685 790 4740 similis.
828 4686 931 4754 Qui
976 4695 1169 4743 contra
1224 4690 1340 4744 haec
1370 4687 1580 4754 fecerit,
1622 4689 1789 4760 289
1832 4689 2158 4744 decollatur.

639 4777 859 4836 Textus.
921 4780 1112 4838 Const.
1161 4783 1195 4838 6
1229 4798 1242 4834 :
1271 4779 1376 4848 Qui
1433 4783 1705 4837 elementa
1757 4784 2018 4846 turbant,
2067 4792 2163 4837 aut

567 4870 824 4927 inimicos
866 4888 995 4929 suos
1047 4888 1146 4944 per
1183 4889 1374 4928 manes
1419 4873 1696 4939 occidunt,
1746 4891 1775 4928 a
1821 4873 1952 4929 feris
1998 4874 2162 4928 absu-

567 4975 817 5023 muntur.
871 4965 1065 5024 Const.
1125 4967 1176 5022 7.
1225 4967 1364 5023 Cum
1417 4967 1621 5037 ubique
1663 4968 1929 5022 maleficia
1972 4968 2164 5023 odiosa

568 5060 705 5124 sint,
742 5061 836 5131 qui
875 5061 929 5115 in
959 5061 1318 5132 imperatorio
1345 5057 1660 5132 [comitatu]
1689 5061 1856 5130 magi,
1888 5060 2071 5125 arioli,
2112 5062 2165 5115 in

569 5156 900 5211 enarrandis
935 5157 1171 5211 somniis
1203 5154 1542 5216 divinantes,
1573 5162 1668 5207 aut
1693 5155 1982 5223 aruspices
2019 5155 2167 5209 inve-

573 5246 826 5311 niuntur,
865 5257 1216 5316 torquentur,
1255 5254 1310 5300 et
1343 5256 1603 5316 negantes
1650 5261 1713 5298 ac
1745 5244 2009 5318 [facimus]
2041 5261 2166 5316 pro-

571 5339 837 5396 bantibus
869 5349 1240 5412 repugnantes
1273 5339 1350 5412 [in
1389 5340 1584 5394 aculeo
1617 5339 1860 5412 ungulis]
1914 5340 2166 5395 incidun.

576 5445 688 5502 tur,
720 5437 929 5490 mullum
967 5436 1218 5491 valentes
1251 5435 1455 5489 habere
1481 5434 1848 5505 privilegium.
1886 5432 2076 5488 Const.
2111 5434 2167 5488 8.

579 5525 793 5580 Similia
836 5535 965 5581 sunt
999 5527 1274 5597 prohibita
1295 5527 1534 5591 discere,
1565 5536 1620 5582 et
1653 5526 1871 5581 docere.
1899 5527 2089 5580 Const.
2114 5527 2168 5581 0.

578 5618 681 5686 Qui
710 5620 918 5674 noverit
961 5621 1418 5692 praestigiatorem
1458 5621 1719 5693 aliquem,
1773 5621 2062 5691 ipsmnque
2115 5621 2169 5674 in

578 5714 977 5785 praestigiatura
1015 5718 1404 5784 occupaverit:
1435 5712 1639 5788 [illum]
1678 5715 1903 5770 tradito.
1953 5713 2010 5767 Si
2050 5712 2171 5782 quis

579 5821 713 5876 vero
757 5806 1112 5880 [agitatorum
1159 5809 1299 5882 sive]
1359 5812 1704 5883 aurigarum,
1747 5810 1964 5864 alinch
2014 5808 2170 5875 quis-

584 5899 728 5970 piam
761 5909 952 5959 coutra
986 5903 1090 5960 hoc
1125 5904 1334 5973 fecerit,
1370 5916 1464 5961 aut
1497 5904 1853 5962 clandestinis
1889 5900 2173 5973 suppliciis

2337 4787 2486 4841 Διάτ.
2531 4792 2583 4850 ς’
2616 4802 2627 4814 ·
2661 4785 2723 4838 Ol
2780 4784 2850 4838 τὰ
2903 4786 3142 4854 στοιχεῖα
3189 4784 3595 4857 ταράσσοντες,

2268 4884 2495 4954 ἐχθροὺς
2558 4882 2739 4936 αὑτῶν
2795 4881 2884 4934 διὰ
2936 4879 3208 4950 δαιμόνων
3269 4879 3606 4950 φονεύοντες,
3649 4869 3823 4943 Θηρίοις

2267 4975 2638 5048 ἀναιροῦνται.
2667 4973 2812 5028 Διάτ.
2847 4972 2889 5037 ζ’
2917 4989 2930 5001 ’
2960 4972 3239 5042 Πανταχοῦ
3267 4973 3363 5042 μὲν
3398 4971 3465 5024 τὰ
3488 4967 3822 5040 ἁμαρτήματι

2273 5069 2493 5140 μυσαρά
2521 5069 2690 5129 ἐστιν,
2727 5067 2784 5118 ὲν
2818 5065 2874 5118 δὲ
2899 5066 2963 5135 τῇ
2999 5063 3360 5136 βασιλευούσῃ
3395 5064 3446 5114 oi
3484 5057 3820 5132 εὑρισκόμενοι

2270 5163 2488 5231 γόητες,
2518 5161 2552 5234 ἢ
2593 5160 2833 5231 μάντεις,
2868 5158 2901 5228 ἦ
2935 5161 2993 5212 ὲν
3024 5157 3300 5228 ἀφηγήσει
3334 5156 3561 5226 ὀνείρων
3599 5143 3818 5224 μαντευὸ·

2275 5269 2447 5320 μενοι,
2508 5251 2542 5322 ἢ
2593 5249 2979 5315 οίωνοσκόποι,
3037 5247 3425 5320 βασανίζονται
3493 5244 3588 5298 καὶ
3641 5241 3818 5305 ξέονται

2271 5343 2617 5416 ἀρνούμενοι,
2671 5344 2766 5396 καὶ
2810 5344 2922 5405 τοῖς
2974 5341 3290 5410 ἐλέγχουσιν
3345 5338 3714 5406 ἀνθιστάμενοι
3757 5325 3815 5416 μὴ

2270 5436 2554 5505 δυνάμενοι
2578 5434 2872 5506 προνόμιον
2900 5433 3062 5503 ἔχειν.
3087 5433 3238 5486 Διάτ.
3257 5438 3304 5503 η’
3337 5447 3350 5460 ·
3380 5426 3528 5484 Ἶσὸν
3569 5431 3674 5480 ἐστι
3701 5415 3815 5474 τὸτὰ

2272 5528 2698 5600 ἀπηγορευμένα
2737 5525 2928 5598 μαθεῖν
2944 5527 3038 5580 καὶ
3065 5525 3292 5592 διδάξαι.
3319 5525 3467 5578 Διάτ.
3489 5523 3531 5575 θ’
3558 5539 3571 5552 ’
3608 5523 3662 5574 Ὀ
3693 5513 3813 5572 εἰδὼς

2275 5621 2444 5692 γόητά
2467 5638 2608 5684 τινα,
2634 5620 2729 5673 καὶ
2761 5615 3051 5687 κατασχὼν
3083 5618 3246 5672 αὑτὸν
3293 5617 3386 5670 ἐπὶ
3412 5613 3648 5686 γοητείᾳ,
3669 5620 3812 5674 παρι-

2274 5716 2496 5769 διδότω·
2532 5715 2580 5767 εἰ
2636 5713 2694 5766 δὲ
2745 5713 2960 5783 ἡνίοχος
2985 5751 2999 5774 ,
3039 5712 3072 5784 ἦ
3105 5729 3188 5776 τις
3242 5711 3432 5783 ἕτερος
3489 5705 3633 5778 παρὰ
3670 5697 3806 5752 ταῦτα

2277 5811 2529 5881 ποιήσει,
2587 5806 2620 5878 ἢ
2655 5807 2931 5877 λαθραίως
2978 5805 3143 5860 αὑτὸν
3173 5807 3582 5877 τιμωρήσεται,
3611 5795 3810 5865 ἐσχάτως

2276 5901 2629 5970 τιμωρεῖται·
2691 5899 3133 5972 ὑπολαμϐάνεται
3168 5899 3277 5970 γὰρ
3324 5900 3480 5954 τοῦτο
3531 5893 3713 5967 πρέξπι
3752 5885 3808 5945 ὠῦ
