3980 6396
86 423 172 485 765
869 416 1275 478 SYNTAGMA
1306 416 1634 480 CANONUl

1747 443 1800 454 -
1823 419 1972 481 TlT.
2004 419 2108 494 1X,
2155 420 2314 483 CAP.
2354 420 2533 482 XXV.

3238 425 3345 488 766

89 534 152 593 εἰς
178 526 380 599 ἐχθρὸν,
421 526 455 598 ἢ
493 525 580 581 ἵνα
610 525 820 591 ἐκεῖνος
871 527 948 598 μὴ
975 527 1314 602 δημοσιεύσῃ
1361 530 1488 593 τοὺς
1519 547 1634 584 συν·

1753 530 2108 600 Oppresserit,
2135 530 2331 585 ultimo
2361 530 2634 602 supplicio
2663 529 2918 588 afIicitur.
2972 531 3230 604 Suspicio
3264 543 3348 590 est

87 625 292 692 ίστορας.

139 809 284 874 Λέγει
314 807 370 860 δὲ
404 807 501 861 καὶ
537 805 676 878 βιὸλ.
707 813 754 862 α’
787 807 882 861 τοῦ
914 807 1044 864 κώδ.
1074 807 1180 864 τίτ.
1224 808 1266 862 δ’
1289 809 1428 864 διάτ,
1458 816 1529 878 γ’,
1557 811 1643 865 ὅτι

83 912 123 962 οἱ
159 910 339 977 γόητες
381 907 478 960 καὶ
509 907 566 959 ἐν
603 909 724 970 ταῖς
759 908 996 977 ἡμέραις
1044 907 1146 976 τῆς
1182 908 1497 978 Πασχαλίας
1545 910 1641 978 ἑγ-

84 1001 318 1054 κὶείονται
345 997 440 1052 καὶ
475 997 820 1070 δεσμοῢνται·
853 1000 948 1053 καὶ
975 999 1118 1055 διάτ.
1139 1007 1188 1054 α’
1219 999 1314 1054 τοῦ
1349 1000 1514 1054 αὑτοῦ
1540 1001 1640 1058 τίτ.

83 1095 148 1148 ὅτι
171 1093 213 1146 oi
244 1091 615 1162 μαθηματικοὶ
656 1091 731 1163 μὴ
765 1092 1012 1157 καίοντες
1045 1095 1143 1158 τὰς
1172 1093 1388 1164 βίϐλους
1411 1095 1595 1148 αὐτῶν
1627 1135 1642 1161 ,

84 1187 160 1238 καὶ
195 1185 501 1254 προσιόντες
549 1187 616 1256 τῇ
664 1185 932 1257 όρθοδόξῳ
982 1187 1164 1241 πίστει
1219 1190 1311 1241 ἐ,πὶ
1368 1188 1476 1242 τῶν
1523 1190 1644 1241 ἑπι-

90 1279 294 1340 σκόπων,
322 1276 501 1348 πάσης
534 1276 885 1330 ἀπωθοῦνται
915 1277 1125 1342 πόλεως
1154 1295 1166 1309 °
1205 1279 1255 1332 εἰ
1288 1278 1345 1334 δὲ
1377 1280 1435 1333 ὲν
1487 1279 1642 1334 πόλει

85 1368 339 1438 εὑρεθῶσιν
358 1367 430 1437 ,ἥ
471 1367 542 1420 τὰ
569 1368 670 1437 τῆς
702 1367 838 1432 ἰδίας
869 1369 1169 1441 θρησκείας
1199 1370 1640 1443 δημοσιεύοντες,

85 1459 550 1529 δεπορτατεύονται.

84 1555 95 1596 ί
138 1554 232 1608 Καὶ
267 1552 368 1606 τίτ.
400 1553 470 1607 ια’
495 1551 591 1607 τοῦ
627 1553 794 1608 αὐτοῦ
842 1554 982 1626 βιϐλ.
1028 1557 1148 1611 διάτ
1169 1575 1182 1589 ·
1219 1557 1284 1630 β’.
1313 1560 1521 1632 Μηδεὶς
1552 1561 1640 1616 διὰ

87 1645 557 1714 σπλαγχνοσκοπίας
611 1646 998 1716 μαντευέσθω’
1054 1649 1272 1720 πικρῶς
1305 1653 1414 1724 γὰρ
1469 1670 1640 1724 τιμω-

89 1740 228 1806 ρεῖται
254 1739 280 1790 6
323 1737 428 1790 τῶν
475 1737 793 1793 ἐνεστώτων
849 1741 944 1794 καὶ
988 1736 1329 1812 μελλόντων,
1381 1745 1537 1814 παρὰ
1576 1745 1640 1798 τὸ

86 1829 460 1900 κεκωλυμένον,
533 1831 784 1903 ἐκζητῶν
852 1835 953 1904 τὴν
1016 1835 1278 1908 ἀλήθειαν
1315 1854 1329 1867 ·
1393 1837 1534 1908 βιϐλ.
1597 1845 1637 1892 ε’

1747 623 1916 688 enim,
1978 622 2156 691 ipsmn
2209 623 2313 677 hoc
2377 630 2636 693 tanquam
2695 623 2920 679 inimico
2963 623 3183 690 fecisse,
3251 635 3347 681 aut

1750 712 1920 786 [certe
1947 712 2115 786 ideo],
2147 730 2216 770 ne
2246 713 2634 771 illefacinoris
2662 716 2843 771 socios
2867 717 3197 787 publicaret.

1825 809 1962 862 Dicit
1993 823 2121 863 vero
2152 808 2316 863 etiam
2344 807 2439 862 lib.
2469 825 2486 863 ι
2539 807 2661 864 cod.
2700 808 2783 863 tit.
2815 810 2872 871 4,
2907 818 3086 866 const.
3117 813 3172 876 5,
3197 810 3346 881 quod

1747 900 2183 972 praestigiatores
2224 899 2280 954 in
2322 899 2518 956 diebus
2566 899 2925 956 Paschalibus
2961 912 3014 957 et
3049 902 3340 957 includan-

1747 1002 1838 1050 tur
1877 1003 1931 1049 et
1973 994 2304 1049 vinciantur.
2359 992 2428 1049 Et
2462 1004 2642 1051 const.
2679 994 2746 1049 10
2776 995 3021 1064 ejusdem
3061 995 3144 1050 tit.
3192 995 3343 1066 quod

1748 1089 2121 1143 mathematici
2147 1089 2240 1158 qui
2282 1104 2394 1144 non
2444 1090 2813 1145 concrematis
2857 1105 3042 1145 coram
3079 1091 3342 1160 episcopo

1747 1182 1901 1237 libris
1929 1183 2046 1239 suis
2081 1183 2150 1238 ad
2199 1183 2562 1238 orthodoxam
2593 1182 2752 1236 (idem
2797 1183 3153 1245 accesserint,
3188 1183 3339 1237 omni

1744 1274 1968 1331 civitate
2024 1276 2296 1346 pellantur
2352 1295 2367 1333 :
2423 1285 2528 1343 et,
2602 1277 2649 1332 si
2710 1275 2765 1330 in
2833 1276 3054 1330 civitate
3102 1274 3335 1347 [aliqua]

1744 1363 1952 1420 fuerint
2008 1365 2376 1436 deprehensi,
2431 1367 2517 1421 vel
2587 1365 3044 1422 caeremoniarum
3109 1380 3334 1420 suarum

1742 1459 2143 1530 professionem
2176 1459 2559 1528 publicaverit,
2591 1457 2972 1527 deportentur.

1818 1550 2036 1608 Textus.
2079 1550 2147 1607 Et
2180 1553 2262 1606 tit.
2294 1550 2356 1605 11
2416 1550 2661 1622 ejusdem
2693 1551 2786 1604 lib.
2818 1551 3040 1604 constit.
3075 1551 3131 1604 2.
3163 1547 3338 1604 Nemo

1742 1660 1841 1716 per
1879 1655 2127 1700 extorum
2173 1643 2474 1700 sectionem
2504 1642 2771 1698 divinato.
2804 1642 3016 1697 Accrhe
3052 1643 3198 1696 enim
3238 1658 3338 1713 puo

1743 1738 1912 1803 nitur,
1947 1736 2044 1807 qui
2092 1745 2286 1791 contra
2333 1736 2561 1790 vetitum
2601 1734 2959 1804 praesentium
3005 1735 3090 1790 vel
3125 1733 3340 1789 futura-

1743 1845 1864 1883 rum
1911 1827 2146 1900 [rerum]
2183 1828 2434 1899 explorat
2479 1829 2790 1883 veritatem.
2841 1825 2966 1881 Lib.
3025 1844 3075 1894 v,
3127 1827 3210 1881 tit.
3248 1827 3338 1893 17,

86 1923 167 1976 τίτ.
188 1921 244 1986 ιζ’
267 1923 397 1978 διάτ.
416 1931 464 1996 η’
485 1940 499 1956 ·
522 1925 817 1994 Εύλόγωςό
841 1902 978 1998 ἁνῆρ
1009 1902 1282 2000 εὑρίσκων
1439 1931 1634 1986 ἑαυτοῦ

1747 1924 1969 1977 constit.
2025 1922 2057 1976 8
2092 1939 2105 1976 :
2136 1921 2369 1977 Maritus
2417 1920 2833 1992 deprehendens
2886 1936 3115 1975 uxorem
3175 1936 3336 1975 suam

85 2014 288 2086 γαμετὴν
338 2016 666 2086 φαρμακὸν,
707 2019 977 2091 ρεπουδίῳ
1023 2020 1139 2074 λύει
1167 2021 1257 2076 τὸν
1291 2023 1492 2093 γάμον,
1543 2026 1638 2079 καὶ

85 2106 134 2157 ὲκ
154 2106 228 2159 τοῦ
255 2107 488 2161 ἐναντίου
585 2110 746 2181 γυνὴ,
773 2109 869 2164 τοῦ
891 2113 1088 2183 ἀνδρὸς
1117 2114 1272 2178 ὄντος
1306 2116 1630 2187 φαρμακοῦ.

84 2199 244 2267 ὁμοίως
269 2201 354 2254 καὶ
380 2203 412 2271 ἡ
449 2203 581 2272 περὶ
612 2203 915 2274 ῥεπουδίων
945 2205 1137 2277 νεαρὰ,
1167 2206 1310 2276 βιὸλ.
1343 2207 1390 2272 ζ’
1427 2207 1531 2261 τίτ.
1559 2210 1636 2275 ξεν

85 2291 270 2364 ὃιὰτ.β’·
309 2294 366 2348 Ὀ
421 2296 518 2348 ἐπὶ
558 2297 786 2369 γοητεία
824 2299 1265 2363 καταδικασθεὶς,
1303 2301 1352 2352 εί
1388 2299 1488 2371 μὲν
1528 2299 1636 2354 ἀπὸ

84 2387 351 2460 τεκμηρίων
396 2391 488 2443 καὶ
530 2390 833 2462 μαρτύρων
889 2391 985 2445 καὶ
1023 2392 1158 2455 ἰδίας
1186 2393 1416 2465 ἐλεγχθῇ
1457 2411 1632 2447 κατα-

87 2476 263 2544 θέσεως,
289 2481 317 2534 ὁ
358 2481 449 2535 ἐπὶ
510 2483 740 2556 γοητεία
793 2483 1254 2549 καταδικασθεὶς,
1303 2486 1364 2538 ού
1405 2485 1634 2540 δύναται

86 2573 421 2628 ἐκκαλεῖσθαι·
453 2576 503 2629 εἰ
531 2576 593 2630 δὲ
616 2577 724 2630 ἀπὸ
777 2577 1071 2651 μαρτύρων
1115 2580 1205 2632 καὶ
1248 2578 1635 2650 δικαιωμάτων

87 2664 158 2716 καὶ
183 2664 336 2720 ἄλλων
376 2670 716 2741 τεκμηρίων,
748 2671 807 2723 οὐ
850 2671 958 2741 μὴν
996 2671 1093 2724 καὶ
1139 2672 1200 2737 ἐξ
1225 2671 1434 2736 οἰκείας
1467 2690 1634 2728 κατα-

88 2757 282 2827 θέσεως,
329 2760 360 2832 ἦ
405 2762 560 2833 φόϐῳ
608 2763 718 2816 τῶν
768 2763 1017 2833 βασάνων
1060 2764 1359 2828 κατέθετο,
1404 2765 1633 2820 δύναται

91 2851 407 2909 ἐκκαλεῖσθαι.
442 2855 598 2909 Βιϐλ.
631 2855 676 2909 0'
706 2857 812 2910 τίτ.
853 2863 968 2928 μα’,
992 2856 1133 2912 διὰτ.
1167 2864 1214 2926 γ’
1237 2875 1252 2890 ·
1286 2857 1503 2930 Πρῶτοι
1541 2860 1638 2930 βα-

91 2944 342 3010 σανίζονται
378 2950 428 3002 οί
463 2949 741 3021 ἀλλότριοι
774 2950 973 3015 δοῦλοι,
1026 2952 1124 3007 καὶ
1155 2951 1244 3004 ὅτε
1296 2951 1510 3019 δόξουσι
1544 2952 1636 3005 λέ-

90 3051 178 3099 γειν
204 3039 384 3093 πιθανὰ
411 3041 542 3112 περὶ
581 3042 676 3096 τοῦ
734 3043 1104 3114 ἐγκλήματος,
1137 3043 1262 3097 τότε
1301 3046 1395 3098 καὶ
1427 3047 1454 3098 6
1478 3044 1636 3114 λεγό-

93 3146 214 3197 μενος
242 3135 511 3204 φαρμάξαι
542 3135 901 3207 βασανίζεται
921 3154 935 3168 '
965 3138 1058 3192 καὶ
1089 3137 1194 3191 τίτ.
1230 3137 1316 3209 μζ¹
1347 3139 1440 3192 τοῦ
1468 3139 1634 3193 αὐτοῦ

1742 2016 2042 2072 veneficam
2086 2015 2264 2090 [esse,
2309 2017 2499 2090 misso]
2536 2017 2766 2087 repudio
2813 2027 2961 2073 recte
3008 2017 3168 2073 solvit
3224 2035 3342 2074 ma-

1741 2111 2061 2165 trimonium
2096 2121 2244 2167 :ete
2290 2111 2509 2168 diverso
2559 2111 2781 2174 mulier,
2833 2110 2882 2165 si
2931 2111 3017 2164 vir
3057 2112 3338 2169 veneficus

1740 2203 1928 2259 fuerit.
1982 2203 2245 2261 Similiter
2296 2206 2460 2259 etiam
2519 2206 2752 2272 novella,
2800 2222 2924 2277 quae
2973 2207 3043 2261 de
3095 2209 3341 2278 repudiis

1741 2296 2010 2371 [tractat.]
2040 2299 2134 2354 lib.
2163 2315 2263 2364 vn,
2287 2298 2371 2354 tit.
2407 2299 2497 2365 65,
2530 2301 2752 2354 constit.
2780 2299 2816 2354 2
2847 2299 3160 2356 {Veneficii
3204 2317 3338 2356 cou-

1747 2394 2062 2458 dcmnatus,
2117 2393 2163 2448 si
2206 2394 2428 2463 quidem
2471 2395 2835 2463 argumentis,
2873 2395 3125 2458 testibus,
3175 2405 3342 2464 atque

1741 2500 1844 2540 sua
1882 2485 2059 2555 ipsius
2084 2484 2438 2541 confessione
2477 2487 2766 2542 convictus
2794 2471 2982 2550 fuerit,
3018 2502 3122 2539 non
3159 2495 3342 2556 potest

1741 2577 1906 2648 290
1946 2578 2225 2648 appellare
2271 2596 2285 2633 :
2335 2578 2381 2633 si
2430 2595 2560 2634 vero
2613 2579 2867 2642 testibus,
2928 2578 3338 2643 instrumentis,

1741 2673 1978 2742 aliisque
2031 2673 2394 2742 argumentis,
2445 2687 2554 2726 non
2602 2681 2784 2726 autem
2834 2685 2937 2728 sua
2987 2671 3340 2726 confessione

1741 2763 2100 2838 [convictus,]
2143 2765 2226 2819 vel
2259 2765 2552 2820 formidine
2595 2773 3000 2820 tormentorum
3037 2763 3334 2820 confessus

1739 2859 1832 2926 sit,
1879 2874 2186 2930 provocare
2243 2873 2354 2913 non
2400 2858 2722 2929 impeditur.
2783 2857 2904 2913 Lib.
2965 2872 3043 2924 rx,
3101 2859 3183 2912 tit.
3245 2855 3339 2922 4|,

1739 2955 1964 3010 constit.
1996 2954 2081 3009 ὃς
2130 2952 2383 3009 Primum
2445 2953 2590 3009 servi
2651 2951 2817 3008 alieni
2878 2960 3231 3022 torquentur,
3285 2958 3343 3006 et

1739 3050 1960 3120 quando
2009 3049 2076 3103 de
2133 3049 2369 3104 crimine
2423 3047 2750 3103 verisimilia
2818 3045 3004 3101 dicere
3060 3046 3340 3108 videntur,

1740 3145 1872 3192 tunc
1913 3138 2007 3208 qui
2063 3153 2334 3192 venenum
2383 3137 2698 3208 porrexisse
2747 3136 2973 3200 dicitur,
3029 3143 3338 3205 torquetur.

95 3215 201 3314 [3:61.
230 3219 359 3276 διάτ.
394 3230 468 3288 ις’
502 3241 514 3253 ·
555 3225 632 3277 Οὐ
668 3225 748 3278 δεῖ
797 3225 1133 3297 ψηφίζεσθαι
1174 3229 1307 3300 περὶ
1353 3233 1631 3298 γοητείας,

1747 3229 1806 3284 Ει
1850 3232 1935 3286 ιὶι.
1965 3231 2033 3285 47
2077 3231 2325 3302 ejusdem
2376 3230 2522 3298 libri,
2554 3229 2779 3285 constit.
2830 3227 2898 3283 16
2938 3226 3096 3282 :Non
3150 3237 3235 3283 est
3283 3227 3340 3283 in

92 3310 169 3374 ἕως
195 3313 250 3366 ἂν
274 3315 558 3388 ἀποδειχθῇ
598 3316 659 3369 τὸ
707 3317 963 3388 ἔγκλημα
1009 3319 1098 3373 διὰ
1148 3318 1502 3381 καταθέσεως
1533 3319 1630 3372 τοῦ

93 3408 532 3480 κατηγορουμένου,
569 3409 665 3465 καὶ
699 3410 948 3482 βασάνων
981 3412 1076 3466 καὶ
1105 3411 1416 3483 συμφώνων
1452 3430 1635 3467 κατα-

95 3495 271 3554 θέσεων.

143 3592 230 3646 Καὶ
259 3593 386 3665 βιϐλ.
415 3603 466 3663 ι’,
493 3597 604 3652 τίτ.
642 3597 724 3664 ιε’,
757 3597 990 3666 διάτ.⁷ἀ’,
1021 3599 1104 3653 ὅτι
1138 3599 1387 3664 Ἔξεστιν
1420 3599 1636 3671 ἑκάστῳ

93 3682 135 3733 ἐν
158 3684 222 3756 τῷ
247 3688 348 3759 ἰδίῳ
378 3691 526 3764 τόπῳ
592 3690 775 3763 ζητεῖν
828 3691 1138 3764 θησαυρὸν,
1176 3693 1306 3747 ἄνευ
1358 3692 1560 3748 θυσιῶν
1600 3694 1634 3766 ἡ

94 3791 202 3842 τινος
260 3783 571 3855 παρανόμου
661 3785 891 3855 τέχνηςο
967 3786 1062 3839 καὶ
1138 3785 1405 3840 ἀπολαύει
1455 3787 1484 3839 6
1540 3788 1633 3840 εύ-

97 3866 272 3935 ρίσκων,
323 3875 413 3928 καὶ
468 3877 604 3948 περὶ
653 3876 760 3929 τῶν
801 3870 1043 3932 τοιοῦτον
1085 3879 1186 3931 οὐκ
1238 3877 1416 3944 ἔξεστι
1465 3894 1636 3949 προσ-

98 3964 350 4030 αγγέλλειν.

147 4057 255 4142 Περὶ
277 4061 326 4116 δὲ
357 4065 703 4129 ἀποστατῶν,
731 4066 940 4138 φησὶνό
971 4065 1014 4130 ξ’
1040 4065 1154 4120 τίτ.
1173 4065 1266 4119 τοῦ
1302 4071 1351 4118 α’
1377 4063 1519 4135 βιϐλ.
1538 4062 1632 4118 τοῦ

97 4149 194 4206 κὼδ.
219 4154 340 4212 διάτ.
368 4157 436 4223 α’,
464 4162 491 4213 6
512 4160 624 4214 ἀπὸ
655 4160 999 4231 Χριστιανῶν
1031 4160 1318 4229 γινόμενος
1359 4159 1631 4226 Ἰουδαῖος,

97 4239 336 4311 δημεύεται
370 4268 383 4281 ·
407 4250 544 4305 διάτ.
583 4252 650 4323 β’,
683 4255 710 4306 6
757 4253 930 4321 λέγων
971 4252 1063 4305 τὸν
1093 4253 1502 4321 τελευτήσαντα
1551 4253 1629 4322 μὴ

97 4332 302 4393 δ’ἓιίασοαι
337 4343 689 4410 διατίθεσθαι,
722 4345 810 4398 διὰ
835 4345 894 4399 τὸ
924 4345 1033 4399 ἀπὸ
1076 4345 1423 4414 Χριστιανῶν
1471 4347 1633 4400 αὑτὸν

107 4424 308 4484 Ἰουδαῖον
347 4434 379 4508 ἦ
413 4437 652 4508 Ἕλληνα
693 4439 972 4508 γενέσθαι,
1009 4437 1141 4492 εἴσω
1175 4440 1501 4502 πενταετίας
1543 4441 1632 4493 ὲν-

100 4515 207 4585 ἀγοι’
228 4523 350 4580 διάτ·
378 4536 446 4598 γ’,
477 4532 560 4586 ὅτι
587 4535 613 4586 6
638 4530 697 4596 ἐξ
725 4531 1005 4603 όρθοδόξου
1027 4532 1313 4603 γινόμενος
1328 4533 1630 4604 αἱρετικὸς,

1740 3323 2012 3380 veneficos
2067 3323 2294 3380 ferenda
2345 3323 2662 3389 sententia,
2718 3323 3041 3393 priusquam
3105 3338 3200 3392 per
3262 3319 3341 3375 rei

1739 3415 2166 3482 confessionem,
2211 3425 2510 3480 tormenta,
2551 3425 2717 3486 atque
2747 3417 3142 3473 concordantia
3180 3417 3338 3472 testi-

1741 3512 1924 3565 monia
1962 3513 2255 3581 probatum
2285 3510 2447 3566 fuerit
2481 3512 2713 3566 crimen.

1812 3603 2030 3660 Textus.
2079 3607 2146 3660 Et
2178 3605 2273 3659 lib.
2311 3621 2364 3673 Σ,
2396 3605 2483 3661 ιίι.
2531 3605 2620 3670 15,
2674 3614 2849 3661 const.
2892 3606 2915 3659 1
2961 3623 2974 3658 :
3017 3604 3169 3659 Licet
3214 3602 3340 3657 uni-

1762 3700 1964 3769 cuique
1996 3699 2048 3752 in
2078 3714 2180 3754 suo
2215 3697 2335 3754 loco
2363 3697 2482 3753 sine
2515 3698 2808 3754 sacrificiis
2839 3698 3092 3767 aliquave
3128 3695 3341 3769 legibus

1741 3792 1935 3846 odiosa
1996 3799 2114 3844 arte
2164 3789 2489 3844 thesaurum
2542 3803 2830 3859 quaerere,
2888 3802 2952 3841 ac
3006 3784 3204 3838 fruitur
3256 3782 3341 3835 in-

1737 3894 1921 3950 Vcnto,
1959 3897 2137 3953 neque
2167 3881 2290 3936 licet
2331 3881 2399 3937 de
2435 3896 2500 3937 ea
2531 3879 2616 3953 [re
2641 3879 2709 3934 ad
2741 3875 3068 3949 principem]
3107 3873 3335 3930 referre.

1811 4071 1886 4127 De
1933 4071 2200 4142 apostatis
2243 4071 2378 4125 dicit
2427 4069 2512 4124 tit.
2577 4068 2629 4135 7,
2695 4068 2790 4122 lib.
2842 4083 2854 4120 I
2902 4065 3024 4120 cod.
3072 4072 3247 4120 const.
3283 4063 3338 4127 l,

1736 4167 1882 4236 quod
1925 4165 2019 4235 qui
2065 4181 2134 4219 ex
2194 4164 2514 4219 Christiano
2563 4161 2784 4216 Judaaus
2834 4158 3014 4213 factus
3053 4166 3155 4222 cst,
3193 4155 3338 4230 [ejus

1737 4258 1906 4332 bona]
1962 4258 2357 4314 confisceutur.
2411 4255 2650 4310 Constit.
2703 4253 2757 4307 2.
2821 4252 2924 4318 Qui
2967 4249 3098 4305 dicit
3141 4248 3339 4301 defun-

1737 4362 1886 4405 ctum
1942 4349 2134 4404 testari
2200 4364 2311 4401 non
2365 4346 2634 4416 potuisse,
2689 4340 2838 4412 quod
2903 4356 2968 4394 ex
3021 4337 3340 4393 Christiano

1736 4445 1996 4515 Paganus
2045 4440 2398 4496 autJudzeus
2443 4437 2625 4492 factus
2677 4437 2775 4515 Asit,
2830 4435 2973 4488 intra
3026 4430 3340 4500 quinquen-

1737 4513 1888 4592 nium
1920 4537 2053 4608 agit.
2089 4536 2284 4590 Const.
2335 4533 2388 4588 5.
2420 4530 2526 4598 Qui
2577 4548 2644 4586 ex
2674 4513 3000 4584 .orthodoxo
3050 4523 3341 4580 hmreticus

100 4610 143 4660 οὐ
167 4623 626 4692 συναναστρέφεται
646 4627 759 4686 τοῖς
785 4624 1117 4694 ἀνθρώποις,
1141 4625 1237 4677 καὶ
1268 4626 1325 4676 οὐ
1361 4627 1633 4696 μαρτυρεῖ

1747 4632 1923 4688 factus
1972 4642 2076 4697 est,
2140 4645 2250 4684 non
2304 4638 2671 4684 conversatur
2708 4640 2832 4679 cum
2871 4621 3210 4681 hominilms,
3241 4631 3342 4670 ne-

101 4699 431 4779 ῆδιατίθεται,
467 4715 594 4770 οὔτε
628 4717 985 4787 κληρονομεῖ,
1028 4717 1122 4770 καὶ
1160 4718 1261 4770 ούκ
1302 4718 1416 4788 ἔχει
1466 4719 1632 4789 μετά-

104 4808 215 4849 νοιαν
259 4803 326 4867 ὡς
366 4809 419 4860 ἐν
469 4813 586 4873 τοῖς
624 4809 803 4874 ἄλλοις
838 4811 1236 4882 ἁμαρτήμασιν
1268 4827 1282 4840 °
1320 4813 1352 4881 ἠ
1396 4809 1452 4863 δὲ
1498 4811 1630 4882 περὶ

104 4891 182 4944 τῶν
212 4897 520 4976 Ἐκκλησιῶν
569 4908 834 4979 Ἀφρικῆς
884 4907 1243 4980 διαλεγομένη
1301 4907 1402 4980 ρι6¹
1433 4908 1626 4980 νεαρὰ,

105 4981 242 5042 δίδωτι
276 4998 452 5068 καιρὸν
485 5001 772 5070 μετανοίας
806 5001 920 5063 τοῖς
956 4999 1016 5065 ἐξ
1053 4999 1353 5073 όρθοδόξων
1401 4998 1508 5052 ὑπὸ
1541 5000 1628 5051 αἱ-

110 5084 287 5141 ρετικῶν
330 5089 705 5159 βαπτισθεῖσν
750 5094 890 5148 διάτ.
943 5093 1005 5159 δ’,
1061 5096 1089 5147 6
1141 5093 1471 5164 Χριστιανὸς
1502 5094 1630 5146 ἀπο-

109 5172 203 5235 στά;
228 5181 308 5233 καὶ
337 5183 532 5253 θύσας,
561 5188 594 5258 ἢ
626 5187 1011 5259 ἐντειλάμενος
1050 5187 1223 5258 ἑτέρῳ
1259 5186 1442 5252 θῦσαι,
1475 5188 1629 5257 παρὰ
1669 5233 1676 5246 ,

106 5267 258 5332 παντὸς
310 5282 729 5350 κατηγορεῖται,
787 5281 864 5352 μὴ
923 5278 1342 5350 ἁντιτιθεμένης
1408 5278 1630 5350 χρονίας

107 5369 411 5445 παραγραφῆς
431 5388 446 5405 ·
480 5374 572 5426 καὶ
607 5372 729 5426 οὔτε
752 5373 1005 5445 δωρεῖται
1031 5372 1214 5438 ἐξότου
1249 5373 1485 5444 ἀποστῇ,
1504 5371 1628 5425 οὔτε

107 5444 373 5539 θελήματι
429 5466 681 5538 πράσεως
741 5444 1076 5539 περιγράφει
1128 5467 1222 5520 τὸν
1270 5467 1458 5536 νόμον,
1499 5465 1625 5519 οὔτε

106 5535 366 5620 διατίθεται,
386 5559 495 5613 ἀλλ’
523 5562 580 5627 ἐξ
611 5561 895 5617 ἅδιαοέτου
931 5563 1112 5616 πάντα
1142 5565 1252 5628 τοῖς
1283 5561 1451 5616 αὑτοῦ
1492 5579 1625 5630 συγ-

106 5637 272 5693 γενέσιν
305 5646 540 5720 ἁρμόζει,
565 5651 644 5721 οἷς
685 5657 780 5709 καὶ
817 5655 956 5726 μετὰ
985 5656 1216 5710 θάνατον
1240 5657 1451 5725 ἐφεῖται
1491 5673 1627 5709 κατ-

107 5734 297 5800 ηγορεῖν.
340 5742 386 5794 εἰ
421 5746 512 5798 καὶ
543 5750 616 5820 μὴ
654 5749 846 5818 γέγονε
882 5748 1025 5802 κατὰ
1064 5748 1267 5814 ζῶντος
1298 5747 1394 5803 τοῦ
1428 5747 1626 5820 μιαροῦ

106 5827 446 5921 πξοξιάταρξις·
501 5844 593 5896 καὶ
647 5845 1046 5916 ἀνατρέπονται
1086 5846 1182 5898 καὶ
1211 5847 1265 5898 αἱ
1294 5846 1497 5916 δωρεαὶ
1535 5847 1627 5898 καὶ

110 5924 147 5960 αι
174 5913 389 5992 διαθῆκαι
423 5933 612 6002 αὐτῶν,
653 5938 745 5991 καὶ⁵
783 5941 896 6002 τοῖς
923 5937 1032 5991 ἀπὸ
1082 5939 1177 5991 τοῦ
1224 5937 1390 6007 νόμον
1430 5937 1625 5992 καλου-

1751 4741 1861 4793 que
1892 4723 2272 4780 testimonium
2302 4721 2456 4788 dicit,
2489 4735 2668 4790 neque
2701 4716 3013 4773 testamenti
3047 4713 3342 4768 factionem

1744 4817 1935 4883 habet,
1990 4832 2169 4884 neque
2205 4815 2258 4868 in
2295 4812 2710 4868 haereditatibus
2742 4810 3009 4873 succedit,
3063 4822 3242 4876 neque
3285 4813 3345 4862 ut-

1750 4913 1804 4966 in
1839 4912 1964 4965 aliis
2000 4908 2344 4970 criminibus,
2391 4907 2728 4977 pmnitentiae
2761 4899 3118 4978 [remedium]
3155 4901 3336 4953 habet.

1736 5004 1971 5060 Novella
2009 5017 2188 5058 tmneu
2219 5002 2310 5068 '57,
2340 5017 2460 5071 quae
2485 5000 2550 5054 de
2576 4997 2836 5053 Ecclesiis
2863 4994 3136 5049 Africanis
3162 4992 3340 5044 disse-

1746 5101 1839 5166 rit,
1912 5097 2243 5152 orthodoxis
2292 5096 2387 5166 qui
2441 5095 2510 5149 ab
2561 5089 3337 5176 haereticiswbaptiaa‘ti‘sunt,

1736 5193 2092 5264 pmoitentiae
2126 5201 2343 5261 tempus
2381 5189 2594 5245 tribuit.
2636 5172 2914 5242 Constflt.
2939 5172 3344 5250 Qui—(bristia-

1738 5303 1844 5342 nus
1876 5284 1938 5358 [a
1973 5282 2103 5356 fide]
2159 5281 2446 5348 defecerit,
2485 5291 2538 5336 et
2580 5277 2992 5341 sacriﬁcaverit,
3043 5275 3203 5329 aliive
3251 5289 3341 5361 sa.-

1733 5383 1986 5438 crt‘licare
2032 5378 2398 5440 mandaverit,
2463 5391 2576 5431 non
2612 5373 2968 5444 oppositurus
3005 5369 3149 5439 longi
3198 5378 3340 5422 tem-

1751 5476 1904 5546 poris
1949 5473 2427 5545 praescriptionem
2476 5486 2504 5525 a
2553 5482 2886 5540 quocunque
2934 5477 3248 5525 accusatur,
3287 5471 3342 5517 et

1744 5583 1924 5638 neque
1959 5584 2024 5621 ex
2061 5582 2173 5636 quo
2220 5565 2518 5620 desciverit
2559 5566 2749 5627 donat,
2799 5575 2975 5629 neque
3007 5556 3338 5642 venditionis

1740 5660 1925 5730 specie
1960 5659 2068 5730 legi
2109 5658 2358 5713 fraudem
2405 5656 2579 5712 facit:
2617 5652 2887 5726 [insuper]
2925 5669 3031 5707 non
3074 5640 3330 5712 testatur,

1731 5754 1823 5806 sed
1860 5754 1928 5805 ab
1955 5753 2216 5806 intestato
2247 5761 2444 5806 cuncta
2488 5749 2626 5818 ipsiu
2647 5764 2672 5803 s
2699 5748 2946 5819 cognatis
2990 5752 3328 5813 cmnpetunt,

1738 5846 1948 5915 quibus
1999 5846 2163 5900 etiam
2217 5854 2342 5916 post
2385 5852 2619 5899 mortem
2658 5842 2995 5912 permittitur
3045 5851 3326 5900 acettsarc,

1730 5939 1890 6010 291
1932 5941 2152 5996 tametsi
2201 5937 2470 5995 adversus
2519 5935 2812 6009 profanum
2865 5934 3088 6007 [adhuc]
3140 5935 3325 5987 vivum
