3980 6406
634 444 738 509 767

1796 446 2061 509 PIIOTII
2101 442 2609 507 PATRIARCIIE
2636 441 2745 503 (ΖΡ.
3094 430 3097 435 ’
3768 441 3852 505 768

636 559 788 614 nulla
846 556 991 615 facta
1053 560 1125 616 sit
1174 560 1525 617 contestatio.
1579 558 1917 616 Evertuntur
1970 561 2215 630 ipsorum

2337 558 2507 620 ιένοις
2564 555 2870 627 ἀρμόζουσι
2908 570 2921 584 ·
2970 552 3113 607 διάτ.
3179 559 3252 616 ε’,
3322 554 3349 606 6
3406 554 3590 606 δουλον
3632 550 3661 621 ἦ
3704 554 3856 625 εὐγενῆ

632 652 960 709 donationes
989 662 1043 708 et
1079 664 1424 721 testamenta,
1480 663 1645 725 atque
1686 654 1753 710 iis
1780 655 1873 725 qui
1907 670 1937 709 a
1979 654 2094 726 lege
2128 668 2223 709 vo-

631 738 849 810 cantur,
898 754 1240 816 competunt.
1292 746 1481 801 Const.
1535 747 1588 801 5.
1622 746 1951 817 Quicunque
1998 761 2221 801 servum

631 837 718 891 vel
766 837 1063 905 ingenuum
1097 838 1498 905 Christianum,
1550 839 1783 893 invitum
1834 837 1920 891 vel
1960 836 2223 893 suasione

632 928 700 983 ad
753 928 1050 984 nefandum
1102 930 1383 1001 religionis
1433 930 1597 985 ritum
1655 930 1982 995 traduxerit,
2044 930 2224 998 capite

632 1025 885 1092 punitur,
930 1023 1181 1093 bonaque
1213 1024 1333 1094 ejus
1374 1023 1767 1079 confiscantur.
1809 1023 1999 1079 Const.
2028 1022 2083 1077 6.
2119 1020 2223 1088 Qui

636 1112 874 1167 clericus
913 1122 1010 1168 aut
1047 1116 1353 1170 monachus
1382 1116 1724 1171 orthodoxus
1760 1114 2081 1187 Eutychetis
2131 1120 2227 1168 aut

631 1202 966 1270 Apollinaris
998 1203 1256 1275 dogmata
1305 1215 1549 1262 sectatus
1597 1207 1783 1274 fuerit,
1820 1215 2037 1261 tenetur
2091 1206 2225 1275 legi-

2329 644 2677 717 Χριστιανὸν,
2709 645 2912 699 ἄκοντα
2941 642 2974 714 ἢ
3014 642 3102 697 διὰ
3154 642 3464 713 συμϐουλῆς
3488 640 3783 713 μεταγαγὼν
3802 647 3859 706 εἰς

2330 739 2588 809 ἀθέμιτον
2644 737 2983 811 θρησκείαν,
3055 737 3370 806 κεφαλικῶς
3427 738 3736 806 τιμωρεῖται
3790 741 3862 790 καὶ

2328 830 2625 903 δημεύεται
2651 846 2665 860 ·
2694 831 2833 885 διάτ.
2867 831 2941 895 ς’,
2973 829 3250 901 ὀρθὸδοξος
3272 830 3535 900 κληρικδς
3574 828 3607 899 ἢ
3655 831 3860 898 μοναχὺς,

2332 924 2656 997 θρησκεύων
2693 924 2763 978 τὰ
2799 923 3071 996 Εύτυχοῦς
3106 924 3139 994 ἦ
3186 922 3603 995 ’Λπολιναρίου,
3635 922 3863 976 ὑπόκειται

2330 1020 2442 1083 τοῖς
2469 1018 2610 1072 κατὰ
2626 1016 2917 1090 αίρετικῶν
2945 1016 3152 1086 νόμοις,
3189 1016 3286 1070 καὶ⁸
3309 1016 3407 1085 τῆς
3449 1015 3746 1085 Ῥωμαῖκῆς
3769 1015 3869 1081 ἐξω-

2333 1112 2507 1167 θεῖται
2547 1113 2844 1178 πολιτείας,
2881 1110 3027 1166 κατὰ
3075 1110 3142 1165 τὰ
3172 1112 3313 1166 κατὰ
3337 1110 3655 1182 Μανιχαίων
3688 1110 3865 1181 νομοθε-

2331 1206 2586 1277 τηθέντα,

635 1298 742 1353 bus
770 1299 1037 1357 adversus
1082 1302 1373 1360 haareticos
1405 1302 1554 1377 [latis
1582 1303 1623 1376 ε]
1653 1313 1707 1359 et
1752 1306 1918 1375 prout
1951 1304 2018 1360 de
2089 1302 2401 1360 Manichazis
2474 1304 2748 1360 sancitum
2812 1310 2919 1369 est,
2964 1312 3118 1358 extra
3187 1299 3497 1359 Romanam
3530 1300 3866 1372 rempublicam

632 1394 975 1467 proﬂigator.

664 1504 675 1509 ’
711 1511 926 1569 Toxlus.
961 1512 1083 1568 Lib.
1115 1529 1156 1577 ι,
1186 1514 1270 1569 tit.
1301 1516 1359 1581 9,
1387 1526 1563 1571 const.
1594 1516 1681 1571 l8.
1704 1515 1949 1584 Judaeus,
1975 1517 2067 1587 qui
2100 1530 2231 1571 eum

634 1606 729 1676 qui
755 1605 996 1661 Iudaica:
1024 1606 1307 1676 religionis
1334 1624 1441 1663 non
1470 1620 1638 1672 esset,
1666 1611 1943 1665 contraria
1978 1611 2232 1665 doctrina

635 1700 703 1755 ad
732 1700 877 1755 illam
913 1702 1241 1768 traduxerit,
1265 1703 1537 1758 honorum
1567 1705 1976 1775 proscriptione
1999 1704 2232 1759 damna-

638 1801 748 1856 tur,
776 1794 1150 1865 Iniserumque
1179 1796 1232 1849 in
1263 1797 1485 1851 modum
1513 1798 1758 1867 punitur.

708 1884 975 1941 Cmterum
1018 1888 1088 1944 de
1134 1890 1444 1946 istiusmodi
1490 1892 1544 1945 in
1584 1892 1693 1962 dig.
1724 1892 1887 1946 etiam
1935 1901 2227 1949 tractatur.
2261 1924 2304 1979 Β

636 1977 729 2033 Ait
773 1979 918 2033 enim
964 1980 1058 2036 lib.
1093 1997 1169 2047 rx,
1205 1984 1292 2037 tit.
1326 1983 1382 2047 2,
1413 1983 1609 2053 digest.
1638 1984 1690 2047 7,
1724 1984 1871 2054 quod
1924 1988 2020 2055 qui
2070 1999 2231 2039 servo

636 2086 910 2127 venenum
940 2089 1038 2143 pro
1065 2075 1467 2131 medicamento
1494 2077 1661 2141 dedit,
1685 2078 1749 2131 ad
1784 2078 1957 2146 ipsius
1995 2077 2231 2147 pretium

641 2161 1062 2237 [praestandum]
1093 2176 1362 2234 teneatur,
1394 2177 1455 2222 ut
1482 2170 1575 2238 qui
1610 2186 1837 2224 causam
1870 2171 2066 2224 mortis
2098 2184 2233 2238 prm-

640 2262 841 2317 buerit.
867 2260 1022 2319 Scias
1045 2273 1250 2329 autem,
1274 2265 1417 2335 quod
1443 2266 1644 2321 actioni
1674 2266 1886 2339 [etiam]
1912 2268 2064 2321 locus
2088 2264 2231 2338 [sit,]

638 2353 685 2409 si
728 2354 1190 2411 medicamentum
1241 2372 1528 2428 perperam
1570 2359 1815 2423 dederit,
1868 2369 1926 2415 ut
1970 2360 2166 2433 digest.
2200 2361 2233 2415 8

641 2442 791 2517 [ait].
829 2446 1095 2502 Similiter
1124 2448 1287 2503 etiam
1316 2450 1383 2505 de
1415 2451 1708 2508 obstetrice
1736 2454 1932 2524 digest.
1951 2434 2018 2519 ’9,
2052 2455 2149 2509 lib.
2177 2471 2231 2522 x,

636 2538 722 2592 tit.
752 2537 820 2605 2,
854 2538 1048 2607 digest.
1078 2540 1133 2594 ι.
1164 2540 1223 2595 In
1268 2541 1585 2599 haereditate
1628 2556 1844 2615 reperta
1882 2547 2022 2601 mala
2059 2548 2233 2601 medi-

640 2638 924 2697 camenta,
957 2640 1051 2685 aut
1084 2632 1278 2703 magici
1324 2634 1600 2689 similesve
1644 2635 1768 2690 libri
1809 2636 1950 2690 inter
1992 2636 2233 2691 han-edes

641 2736 751 2775 non
784 2721 1106 2779 dividuntur
1134 2743 1147 2779 :
1180 2725 1273 2780 sed
1302 2726 1505 2795 judicis
1528 2728 1754 2783 arbitrio
1780 2739 2230 2799 corrumpuntur.

638 2812 761 2868 Lib.
792 2831 947 2879 xvm,
978 2817 1062 2871 tit.
1096 2818 1146 2882 1,
1179 2818 1375 2889 digest.
1408 2820 1495 2874 55.
1529 2820 1749 2876 Venena
1788 2822 1929 2875 mala
1962 2837 2068 2875 non
2099 2838 2232 2877 ven-

640 2908 869 2964 duntur.
907 2907 962 2963 Si
1000 2919 1181 2964 tamen
1221 2910 1365 2983 [aliis
1399 2912 1671 2986 materiis]
1704 2915 1886 2977 mista,
1913 2915 2069 2970 utilia
2099 2916 2231 2980 sint,

643 3010 705 3056 ut
734 3000 801 3055 de
839 3004 1089 3058 antidoto
1123 3004 1251 3076 [dici
1287 3005 1508 3078 debet],
1541 3008 1871 3063 vendunlur.
1900 3006 2019 3063 Lib.
2052 3024 2231 3073 xuii,

640 3095 729 3153 tit.
765 3096 854 3165 10,
882 3098 1076 3168 digest.
1110 3099 1198 3154 15.
1231 3100 1335 3166 Qui
1368 3100 1776 3155 medicamento
1809 3101 2047 3171 alicuius
2080 3118 2235 3155 men-

640 3197 753 3245 tem
802 3190 1192 3258 alienaverint,
1224 3201 1481 3248 tenentur
1526 3192 1853 3261 iniuriarum
1903 3195 2138 3249 actione.
2172 3194 2230 3249 Si

2408 1514 2559 1570 Βιὸλ.
2596 1522 2668 1581 α’,
2694 1512 2898 1585 τίτ.ίθ’,
2950 1514 3091 1569 διάτ.
3117 1512 3205 1584 ιη’,
3251 1514 3509 1575 Ἰουδαῖος
3546 1513 3636 1567 τὸν
3676 1514 3742 1584 μὴ
3778 1514 3870 1567 ὅντα

2333 1615 2432 1683 τῆς
2497 1611 2669 1683 αὐτῆς
2723 1610 3022 1682 θρησκείας
3084 1610 3307 1682 ἐναντίᾳ
3374 1610 3691 1683 διδασκαλίᾳ
3749 1628 3870 1681 μετα-

2332 1703 2520 1774 γαγὼν
2571 1707 2651 1769 είς
2698 1704 2890 1777 αὐτὴν,
2922 1704 3244 1775 δημεύεται,
3288 1706 3384 1758 καὶ
3415 1704 3724 1774 κεφαλικῶς
3747 1722 3871 1773 τιμωο

2333 1798 2530 1869 ρεῖται.

2402 1890 2773 1961 Διαλαμὸάνει
2832 1890 2890 1945 δὲ
2954 1890 3084 1960 περὶ
3132 1889 3246 1944 τῶν
3298 1890 3563 1945 τοιούτων
3613 1891 3773 1945 καὶέν
3796 1896 3874 1955 τοῖς

2333 1980 2603 2049 διγέστοις
2625 1998 2639 2013 ·
2690 1981 2828 2051 φηνῄ⁸
2862 1981 2973 2050 γάρ
3004 1979 3147 2051 βιὸλ.
3181 1980 3248 2043 θ’,
3276 1978 3383 2033 τίτ,
3421 1978 3491 2051 β’,
3519 1979 3627 2049 δίγ.
3675 1979 3745 2045 ζ’,
3774 1980 3874 2032 ὃτιό

2336 2072 2631 2142 φάρμακον
2665 2074 2785 2126 ἀντὶ
2831 2071 3073 2141 ἰατρείας
3116 2071 3289 2142 δούλῳ
3325 2070 3581 2135 δεδωκὼς
3604 2113 3619 2138 ,
3650 2071 3873 2124 ὑπόκειται

2334 2168 2413 2226 είς
2443 2166 2541 2237 τὴν
2568 2164 2734 2218 αὐτοῦ
2767 2165 2953 2235 τιμὴν,
2986 2165 3061 2227 ὡς
3088 2164 3269 2218 αἰτίαν
3294 2162 3534 2217 Θανάτου
3588 2162 3871 2233 παρασχών·

2338 2258 2445 2313 ῖσθι
2479 2259 2536 2313 δὲ
2561 2260 2644 2312 ὅτι
2684 2256 2836 2329 χώρα
2863 2254 2940 2326 τῷ
2962 2256 3294 2327 ἐγκλήματι,
3320 2257 3414 2310 καὶ
3446 2257 3503 2309 εῐ
3527 2272 3609 2319 τις
3644 2253 3873 2325 προπετῶς

2333 2350 2448 2421 δοίη
2515 2350 2805 2421 φάρμακον
2839 2363 2853 2376 ·
2901 2347 2977 2411 ὡς
3032 2348 3140 2417 δίγ.
3224 2355 3295 2420 η’.
3356 2348 3593 2417 ’Ὅμοιον
3648 2346 3734 2400 καὶ
3784 2346 3874 2415 περὶ

2339 2444 2641 2515 ίατραίνης,
2679 2443 2786 2513 δίγ.
2825 2440 2891 2508 θ’,
2925 2440 3067 2513 βιὸλ.
3099 2448 3129 2495 ι’
3160 2440 3264 2497 τίτ,
3299 2440 3376 2511 β’·
3413 2440 3527 2509 δίγ·
3561 2440 3601 2494 δ’
3627 2483 3642 2507 ,
3678 2438 3733 2492 ού
3777 2437 3873 2491 6m-

2338 2535 2557 2607 ροῦνται
2608 2533 2812 2605 μεταξὺ
2858 2532 2969 2588 τῶν
3024 2533 3402 2604 κληρονόμων,
3436 2533 3509 2586 τὰ
3547 2534 3604 2586 ὲν
3631 2535 3694 2603 τῇ
3726 2531 3872 2599 κληρο-

2336 2628 2499 2699 νομίᾳ
2521 2626 2814 2699 εὑρεθέντα
2855 2625 3001 2680 κακὰ
3029 2625 3319 2697 φάρμακα,
3347 2625 3381 2695 ἥ
3419 2624 3633 2696 μαγικὰ
3666 2621 3868 2694 βιϐλίαῆ

2335 2721 2403 2774 τὰ
2428 2722 2610 2793 ὃμοια,
2642 2720 2775 2775 ἀλλὰ
2808 2722 2950 2775 κατὰ
2997 2720 3323 2790 δοκιμασίαν
3355 2719 3453 2773 τοῦ
3488 2716 3733 2773 δικαστοῦ
3762 2716 3871 2786 φθεί-

2340 2833 2543 2887 ρονται,
2580 2816 2719 2887 βιϐλ.
2749 2822 2818 2886 ιη’
2846 2816 2952 2871 τίτ,
3000 2823 3047 2868 α’
3077 2816 3184 2883 δίγ.
3209 2814 3305 2877 λε’,
3339 2818 3410 2867 τὰ
3462 2815 3609 2868 κακὰ
3659 2812 3870 2881 φάρμακα
3950 2840 3951 2845 η

2336 2908 2397 2962 οὐ
2429 2909 2804 2979 πιπράσκεται
2834 2924 2849 2937 ⁸
2894 2908 2942 2960 εί
2986 2907 3089 2978 μέν
3118 2924 3199 2960 τοι
3238 2906 3513 2977 δεχόμενα
3564 2904 3701 2977 μίξιν
3726 2919 3869 2973 χρητι-
3950 2974 3951 2981 γ

2341 3001 2619 3073 μεύουσιν,
2641 3001 2718 3065 ὡς
2750 3002 2841 3054 ἐπὶ
2870 3000 2972 3071 τῆς
2996 3000 3275 3055 ἀντιδότου
3301 3001 3708 3083 πιπράσκονται
3736 2994 3867 3067 ’βιῦλ
3950 3060 3951 3083 ξ

2339 3093 2426 3166 μζ¹
2459 3095 2564 3151 τίτ,
2603 3101 2633 3148 ι’
2668 3093 2767 3163 δίγ¹
2798 3100 2881 3159 ιε’,
2915 3094 2964 3147 οἱ
3012 3093 3439 3165 παραφρονῆσαί
3480 3110 3604 3146 τινα
3654 3090 3868 3162 φαρμάκῳ

2338 3188 2641 3251 ποιοῦντες,
2691 3188 2967 3258 ἐνέχονται
3008 3186 3084 3257 τῷ
3124 3188 3255 3256 περὶ
3292 3185 3513 3257 ὕϐρεων
3562 3186 3732 3256 νόμῳ·
3774 3179 3869 3235 εἰδὲ

641 3295 775 3337 vero
807 3282 898 3351 qui
928 3283 1281 3353 astrologiam
1319 3285 1557 3339 aliamve
1584 3284 1805 3339 vetitam
1837 3284 2229 3339 divinationem

2339 3279 2433 3332 καί
2471 3276 2821 3349 ἀστρολόγος,
2851 3278 2883 3347 ἢ
2924 3276 3119 3347 ἑτέραν
3164 3276 3634 3347 ἁπηγορευμένην
3668 3270 3868 3346 μαντείαν

641 3382 891 3439 exercet,
934 3376 1251 3441 consultus,
1301 3374 1591 3448 [aliquem]
1644 3375 1818 3430 furem
1870 3376 2099 3439 dixerit,
2139 3377 2233 3444 qui

641 3478 752 3517 non
780 3475 897 3519 erat
922 3481 935 3519 :
965 3474 1179 3521 tenetur
1205 3468 1714 3523 constitutionibus.
1741 3467 1859 3523 Lib.
1889 3484 2044 3529 mn,
2069 3471 2154 3523 tit.
2177 3467 2233 3532 8,

639 3555 838 3626 digest.
874 3556 932 3611 2.
967 3555 1212 3613 Tenetur
1252 3558 1368 3630 lege
1411 3558 1714 3633 [Cornelia]
1757 3562 1824 3616 de
1862 3560 2111 3625 sicariis,
2140 3558 2235 3629 qui

643 3646 805 3718 292
834 3664 1100 3703 venenum
1146 3652 1377 3706 necandi
1422 3654 1663 3708 hominis
1702 3668 1869 3709 causa
1915 3653 2045 3727 [vel]
2083 3653 2233 3719 facit,

641 3737 728 3791 vel
758 3739 963 3803 vemlit,
982 3740 1067 3793 vel
1095 3739 1279 3795 habet.
1309 3740 1448 3796 Sunt
1474 3752 1653 3797 autem
1686 3745 1849 3798 etiam
1876 3760 2083 3799 venena
2115 3760 2237 3813 quae

641 3840 862 3896 sanant,
884 3839 938 3887 et
967 3848 1087 3901 qua:
1114 3835 1382 3889 amatoria
1412 3836 1693 3891 dicuntur.
1723 3836 1779 3891 Si
1808 3851 1937 3892 vero
1961 3837 2232 3908 quispiam

641 3922 770 3977 licet
814 3938 925 3978 non
971 3925 1118 3980 malo
1165 3928 1352 3981 animo
1398 3929 1611 3983 mulieri
1660 3931 2121 3986 medicamentum
2168 3932 2235 3987 ad

643 4018 1052 4085 conceptionem
1099 4018 1343 4085 dederit,
1376 4035 1550 4091 eaque
1599 4020 1688 4094 [ex
1731 4021 1819 4095 eo]
1866 4036 2084 4078 mortua
2132 4024 2233 4089 sit,

642 4106 937 4179 relegatur.
960 4107 1267 4184 [Similiter]
1291 4113 1455 4167 etiam
1480 4113 2004 4187 pigmentarius,qui
2033 4128 2237 4172 temere

640 4198 809 4255 alicui
849 4202 1108 4269 cicutam,
1139 4205 1568 4271 salamandram,
1604 4207 1904 4276 aconitum,
1939 4211 2237 4280 pityocam-

641 4309 803 4365 parn,
842 4295 1161 4367 buprestum
1186 4340 1204 4369 ,
1243 4300 1699 4371 mandragoram,
1743 4310 1841 4357 aut
1881 4303 2236 4359 cantharidas

642 4388 873 4444 dederit.

720 4479 941 4538 Toxlus.
968 4482 1168 4555 DigeSt.
1204 4485 1288 4540 15.
1320 4484 1423 4553 Qui
1448 4486 1615 4542 vetita
1644 4487 1913 4544 sacrificia
1944 4487 2097 4555 facit,
2124 4487 2238 4559 lege

648 4571 948 4647 [Cornelia]
1000 4576 1066 4631 de
1115 4578 1332 4635 sicariis
1381 4588 1618 4635 tenetur.
1650 4579 1772 4636 Lib.
1806 4597 1997 4645 xum,
2028 4581 2111 4635 tit.
2148 4582 2233 4649 19,

2342 3370 2563 3441 μετιὼν,
2619 3370 2921 3441 ἐρωτηθεὶς
2992 3370 3121 3441 εἴπῃ
3176 3369 3420 3438 κλέπτην
3476 3368 3573 3422 τὸν
3635 3368 3705 3438 μὴ
3760 3365 3867 3423 ὅντα»

2337 3464 2624 3517 ὑπόκειται
2650 3465 2769 3525 ταῖς
2799 3460 3076 3527 διατάξεσι
3111 3478 3124 3491 ·
3159 3461 3305 3532 βι6λ.
3340 3459 3436 3531 μη¹
3460 3462 3571 3515 τίτ,
3600 3467 3667 3531 η’,
3710 3458 3792 3525 δίγ.
3824 3452 3865 3523 β’.

2335 3555 2413 3626 τῷ
2442 3556 2572 3626 περὶ
2600 3555 2803 3624 φονέων
2830 3554 2979 3625 νόμῳ
3025 3554 3336 3624 κατέχεται,
3370 3554 3400 3606 ὁ
3431 3554 3523 3607 διὰ
3566 3553 3626 3607 τὸ
3668 3548 3866 3622 φονεῦσαι

2337 3648 2623 3720 ἄνθρωπον
2653 3648 2822 3701 ποιῶν
2853 3651 3166 3719 φάρμακον,
3193 3648 3227 3719 ἢ
3264 3649 3600 3719 πιπράσκων
3621 3691 3635 3712 ,
3675 3646 3705 3717 ἧ
3733 3645 3866 3713 ἔχων⁸

2337 3744 2443 3795 εἰσὶ
2462 3742 2517 3794 δὲ
2554 3743 2821 3812 φάρμακα
2844 3742 3033 3811 ὑγείαν
3066 3740 3427 3812 ἐμποιοῦντα,
3449 3744 3546 3795 καὶ
3575 3740 3639 3793 τὰ
3658 3737 3866 3807 λεγόμενα

2338 3834 2537 3906 φίλτρα
2566 3850 2579 3863 ·
2616 3835 2664 3886 εἰ
2689 3834 2745 3887 δὲ
2792 3835 2887 3887 καί
2934 3852 3018 3899 τις
3053 3833 3127 3905 μὴ
3174 3834 3331 3904 κακῷ
3381 3832 3632 3905 λογισμῴ
3669 3829 3866 3900 παράσχῃ

2339 3928 2561 3997 γυναικὶ
2604 3926 3004 3997 συλληπτικὸν,
3050 3929 3143 3982 καὶ
3195 3927 3517 3999 τελευτήσει
3580 3929 3612 3997 ἡ
3662 3920 3865 3981 λαθοῦσα,

2339 4022 2638 4093 ὲξ’)ρίίξεται
2663 4037 2681 4055 ⁸
2708 4023 2803 4075 καὶ
2842 4024 2870 4075 6
2903 4022 3278 4092 πημεντάριος
3307 4021 3600 4092 προπετῶς
3624 4017 3773 4077 διδούς
3794 4028 3867 4065 τινι

2339 4115 2585 4176 κώνειον,
2630 4111 2662 4183 ἢ
2722 4111 3131 4183 σαλαμάνδραν,
3153 4111 3426 4174 ἀκόνιτον,
3457 4112 3492 4183 ἢ
3518 4108 3864 4179 πιτυοκάμπην,

2340 4203 2757 4277 ἢβούΰρωστιν,
2794 4204 2826 4274 ἢ
2859 4203 3277 4275 μανδραγόραν,
3314 4204 3349 4273 ἢ
3401 4203 3739 4275 κανθαρίδας.

2402 4488 2528 4557 Δίγ.
2570 4488 2659 4557 ιγ’,
2693 4489 2722 4541 6
2748 4489 2919 4542 ποιῶν
2962 4489 3154 4553 Θυσίας
3191 4490 3665 4562 ἀπηγορευμένας,
3692 4485 3755 4556 τῷ
3779 4479 3866 4551 περὶ

2343 4585 2548 4651 φονέων
2588 4582 2872 4636 ὑπόκειται
2897 4600 2908 4611 ·
2948 4582 3090 4653 βιϐλ.
3134 4589 3245 4653 μη’,
3284 4583 3389 4637 τίτ,
3434 4581 3525 4646 ιϐ’,
3561 4583 3662 4649 δίγ.
3712 4576 3797 4647 κη’,
3834 4573 3864 4624 οἱ

645 4666 759 4736 dig.
796 4667 897 4733 28,
928 4644 1230 4728 —Venenarii
1282 4674 1550 4745 dignitate
1593 4677 1806 4747 praediti
1856 4644 2234 4747 deportantur,

2344 4676 2627 4749 φαρμακοὶ
2654 4675 3013 4747 ἀξιωματικοί
3045 4676 3216 4741 ὄντες,
3242 4676 3719 4748 δεπορτατεύονται
3736 4687 3749 4702 ο
3772 4670 3807 4721 οἱ
3828 4665 3863 4716 δὲ

645 4760 845 4831 reliqui
875 4763 1052 4832 capite
1081 4766 1407 4835 puniuntur.
1435 4768 1638 4840 Digest.
1662 4769 1751 4823 38.
1774 4769 1876 4835 Qui
1907 4770 2234 4824 amatorium

2342 4768 2539 4833 λοιποὶ,
2575 4770 2655 4834 είς
2706 4767 2948 4839 κεφαλὴν
2986 4768 3357 4839 τιμωροῦνται
3391 4785 3405 4800 ·
3460 4769 3557 4824 καὶ
3602 4769 3699 4835 δίγ.
3744 4758 3863 4830 λη’.ὁ

648 4858 746 4906 aut
776 4852 1080 4909 abortionis
1112 4858 1367 4926 poculum
1398 4859 1517 4914 sine
1544 4861 1670 4915 dolo
1698 4862 1845 4916 dedit
1877 4880 1890 4916 :
1922 4863 1967 4915 si
1993 4861 2116 4917 vilis
2148 4861 2234 4928 sit,

2342 4861 2591 4925 δεδωκὼς
2619 4863 2772 4931 πόμα
2804 4861 2941 4932 πρὸς
2977 4860 3221 4931 φίλτρον,
3248 4860 3280 4932 ἢ
3314 4860 3463 4931 ἀμὸλ
3479 4859 3711 4932 ωθρίδιον
3742 4848 3861 4924 χωρζ

648 4942 703 4998 in
739 4945 1020 4999 metallum
1056 4946 1350 5004 danmatur
1389 4969 1401 5004 :
1439 4952 1485 5007 si
1520 4952 1817 5021 honestus,
1850 4956 2054 5010 amissa
2086 4963 2234 5025 parte

2342 4954 2518 5017 δόλου,
2559 4955 2773 5018 εὐτελὲς
2810 4954 2909 5024 μὲν
2932 4952 3007 5007 ὢν
3042 4953 3443 5025 μεταλλίζεται·
3478 4955 3652 5025 τίμιος
3674 4950 3740 5012 δὲ,
3782 4942 3863 5005 ἐξα·

647 5035 921 5092 bonorum
968 5039 1243 5111 relegatur
1286 5044 1379 5099 sed
1424 5043 1470 5099 si
1513 5046 1640 5115 quis
1681 5046 1808 5102 inde
1850 5056 2104 5105 mortuus
2144 5050 2239 5114 sit,

648 5146 928 5187 summum
962 5136 1291 5205 supplicium
1328 5136 1612 5210 inﬂigitur.

722 5247 873 5303 CAP.
903 5248 1098 5307 XXVI.
1138 5281 1199 5293 —-
1242 5252 1319 5308 De
1357 5254 1613 5323 episcopis
1648 5263 1741 5309 aut
1782 5254 1990 5309 clericis
2028 5271 2241 5324 percus-

652 5340 861 5398 soribus
889 5344 964 5399 vel
987 5343 1289 5401 homicidis.

1037 5458 1411 5527 Apostolorum
1448 5475 1619 5515 canon
1663 5460 1755 5528 27,
1792 5460 1883 5517 66.

728 5546 797 5602 27
819 5546 953 5622 [28].
972 5548 1410 5622 Episcopum,vel
1430 5571 1480 5625 pi
1496 5554 1927 5627 esbyterunuvel
1947 5556 2239 5612 diaconum

658 5644 755 5715 qui
782 5644 1035 5701 verberat
1062 5660 1156 5701 eos
1183 5647 1276 5717 qui
1302 5660 1554 5719 peccant,
1582 5649 1666 5706 vel
1697 5649 1944 5705 inﬁdeles
1974 5649 2068 5720 qui
2104 5651 2244 5720 inju-

658 5740 795 5794 riam
820 5737 1087 5806 fecerunt,
1125 5750 1177 5796 et
1213 5756 1313 5812 per
1362 5742 1477 5799 haec
1523 5742 1636 5799 vult
1678 5750 2006 5813 perterrere,
2044 5744 2242 5815 deponi

654 5833 933 5903 jubemus.
977 5832 1245 5891 Dominus
1285 5836 1432 5891 enim
1466 5852 1568 5893 nos
1614 5852 1959 5907 nequaquam
2010 5838 2113 5893 hoc
2148 5838 2245 5892 do-

662 5926 803 5999 cuit;
842 5938 1032 5987 contra
1072 5938 1255 5988 autem
1287 5930 1403 6002 ipse
1435 5932 1773 6001 verberatus,
1812 5948 1922 5989 non
1959 5947 2245 6003 repercus-

2346 5047 2554 5119 ρίζεται
2650 5046 2791 5117 μετὰ
2863 5047 3095 5118 μερικῆς
3165 5045 3532 5118 δημεύσεως·
3591 5042 3766 5113 ἐσχάτῃ
3824 5031 3861 5083 δὲ

2344 5139 2583 5211 τιμωρίᾳ
2612 5138 2902 5209 ἐπάγεται,
2937 5140 3034 5194 ὲάν
3060 5157 3143 5204 τις
3181 5140 3246 5192 ὲκ
3270 5139 3464 5193 τούτου
3495 5136 3778 5205 τελευτήσῃ.

2415 5256 2669 5311 ΚΕΦΑΛ.
2702 5255 2849 5324 KG’.
2882 5284 2951 5295 -—
2991 5255 3131 5324 Περὶ
3174 5254 3525 5309 ἐπισκόπων
3553 5253 3589 5321 ἢ
3626 5238 3860 5315 κληρωτῶν·

2344 5351 2695 5405 τυπτόντων
2744 5348 2783 5417 ἣ
2829 5348 3235 5418 φονευόντων.

2703 5463 3080 5517 Ἆποστόλων
3102 5459 3305 5517 κανὼν
3328 5460 3433 5527 κζ’,
3471 5459 3575 5527 ξςκ

2417 5556 2521 5622 κζ’.
2563 5556 2915 5622 Ἐπίσκοπον,
2952 5556 2985 5624 ἥ
3032 5556 3429 5627 πρεσϐύτερον,
3463 5556 3495 5627 ἢ
3536 5552 3765 5607 διάκονον).
3792 5537 3858 5591 τά·

2346 5669 2550 5707 πτοντα
2567 5652 2793 5715 πιστοὺς
2817 5651 3230 5722 ἁμαρτάνοντας
3247 5691 3263 5716 ,
3292 5650 3326 5722 ἢ
3357 5650 3612 5709 ἀπίστους
3641 5636 3859 5707 ἀδικήσαν-

2346 5764 2463 5811 τας,
2492 5746 2587 5800 καὶ
2617 5745 2705 5799 διά
2736 5744 2995 5799 τοιούτων
3032 5744 3219 5814 φοϐεῖν
3245 5743 3515 5809 ἐθέλοντα,
3549 5726 3855 5803 καθαιρεῖσθαι

2349 5838 2762 5911 προστάσσομεν
2789 5857 2802 5868 ν
2859 5835 3097 5906 οὐδαμοῦ
3132 5838 3239 5907 γὰρ
3271 5839 3298 5890 6
3352 5837 3548 5905 Κύριος
3577 5828 3713 5931 τοῦτο
3752 5820 3856 5932 invii;

2349 5930 2554 5995 ἐδίδαξε
2582 5945 2623 6006 ⁸-
2645 5930 2954 5986 τούναντίον
2984 5929 3039 5984 δὲ
3073 5928 3233 5993 αὐτὸς
3265 5928 3608 5998 τυπτόμενος,
3639 5919 3719 5973 οὐκ
3745 5919 3852 5967 ἀντε-
