3980 6400
84 389 171 454 769

859 389 1264 452 SYNTAGMA
1303 387 1702 454 CANONUM.
1731 412 1801 424 —
1829 389 1981 453 TIT.
2022 391 2128 467 IX,
2165 392 2328 459 CAP.
2371 396 2581 460 XXVI.

3245 406 3352 471 770

85 520 227 560 τυπτε
258 517 270 531 ·
309 500 736 575 λοιδορούμενος,
790 503 891 558 οὐκ
932 506 1292 578 ἀντελοιδόρει
1319 525 1333 540 ο
1392 507 1611 578 πάσχων

1747 502 1848 572 sit;
1901 507 2209 564 maledictis
2263 512 2560 581 appetitus,
2625 514 2915 571 maledicta
2960 532 3067 573 non
3127 522 3344 592 retulit;

83 598 163 651 οὐκ
188 593 411 664 ἠπείλει.

137 684 230 755 ξςῖ
264 687 329 740 Et
348 703 431 750 τις
484 687 745 759 κληρικὸς
780 689 840 741 ὲν
883 686 1037 762 μάχῃ
1085 687 1210 742 τινὰ
1259 687 1503 760 κρούσει,
1549 688 1643 743 καὶ

83 783 168 838 ἀπὸ
212 781 299 835 τοῦ
355 781 472 845 ἑνὸς
521 781 867 854 κρούσματος
906 784 1240 847 ἀποκτείνει,
1271 783 1642 855 καθαιρείσθω

81 875 149 928 διὰ
171 874 260 946 τήν
292 874 620 945 προπέτειαν
675 874 843 930 αὑτοῦ
865 890 879 906 ·
935 875 1032 930 ὲάν
1070 875 1128 931 δὲ
1159 875 1348 940 λαῖκὸς
1389 873 1447 949 ᾗ,
1504 876 1640 945 ἀφο-

82 968 298 1040 ριξέσθω.

81 1062 315 1134 Σιννρδου
369 1061 420 1115 α’
457 1063 554 1117 καί
593 1063 654 1128 β’
705 1065 1228 1134 συγκροτηθείσης
1287 1065 1362 1119 ἐν
1395 1063 1476 1130 τῷ
1505 1061 1635 1130 ναῷ

135 1133 238 1187 τῶν
262 1133 468 1202 Ἀγίων
493 1133 880 1190 Ἀποστόλωιὲ
901 1139 972 1191 ἐν
991 1137 1639 1191 Κωνσταντινουπόλει

135 1203 311 1258 κανὼν
333 1205 398 1257 θ’.

135 1293 188 1349 θ’.
209 1293 306 1348 Τοῦ
344 1295 705 1350 ἀποστολικοῦ
736 1297 832 1353 καὶ
870 1297 1016 1354 θείου
1043 1300 1286 1366 κανόνος,
1315 1304 1443 1366 τοὺς
1473 1303 1639 1376 ἱερεῖς

81 1387 265 1442 τύπτειν
308 1389 724 1462 ἐπιχειροῦντας
784 1393 1014 1458 πιστοὺς
1082 1394 1550 1467 ἁμαρτήσαντας,
1600 1397 1634 1470 ἢ

81 1482 300 1546 ἀπίστους
383 1481 758 1554 ἀδικήσαντας
785 1526 800 1552 ,
887 1485 1208 1558 καθαιρέσει
1285 1489 1635 1544 καθυποϐάλ-

81 1573 246 1638 λοντος,
283 1574 329 1625 οἱ
371 1573 464 1626 τὸν
509 1576 711 1629 οἰκεῖον
755 1577 1197 1649 ἀποθεραπεύειν
1247 1581 1632 1652 μηχανώμενοι

82 1664 235 1736 Θυμὸν,
270 1665 358 1718 καὶ
386 1665 486 1730 τὰς
544 1667 906 1733 ἀποστολικὰς
941 1670 1216 1736 διατάξεις
1271 1675 1634 1746 παραχαράτ-

80 1777 242 1826 τοντες,
264 1763 385 1826 τοὺς
416 1764 738 1837 αὐτοχειρίᾳ
768 1765 992 1820 τύπτειν
1019 1769 1459 1840 ἐπιχειροῦντας,
1493 1771 1629 1837 ἐξει-

1747 599 1982 667 patiens,
2016 616 2126 656 non
2161 603 2404 661 minatus
2435 615 2540 660 est.

1818 689 1888 746 66
1918 690 2057 764 [64].
2100 693 2156 749 Si
2191 696 2318 766 quis
2354 697 2590 755 clericus
2620 699 2673 753 in
2705 715 2888 772 pugna
2936 704 3210 774 pulsatum
3240 707 3347 762 ali-

1745 798 1907 855 quem
1950 801 2060 841 uno
2120 787 2228 842 ictu
2265 789 2549 859 occiderit,
2582 791 2888 862 deponatur
2924 807 3147 869 propter
3180 815 3341 856 suam

1743 875 2141 946 proclivitatem
2176 886 2231 934 et
2264 880 2666 949 temeritatem;
2704 882 2750 939 si
2795 885 2968 942 laicus
3001 900 3340 961 segregetur.

1744 1061 1973 1118 Concilii
2023 1065 2185 1143 primi
2238 1076 2289 1120 et
2349 1070 2568 1143 secundi
2602 1069 3082 1143 _Constautinopoli
3133 1078 3186 1133 in
3226 1077 3341 1134 (ede

2038 1133 2361 1192 Sanctorum
2386 1140 2762 1209 Apostolorum
2792 1133 3052 1200 εαηοηέ).

1810 1315 1862 1370 9.
1903 1314 2039 1372 Cum
2065 1319 2401 1388 apostolicus
2432 1330 2485 1378 et
2519 1336 2677 1379 sacer
2708 1340 2882 1382 canon
2940 1330 3332 1400 sacerdotes",

1738 1403 1832 1474 qui
1864 1407 2154 1461 verberare
2187 1407 2350 1479 293
2381 1412 2778 1481 aggrediuntur
2806 1454 2822 1478 ,
2865 1416 2948 1471 vel
2999 1417 3203 1486 lideles,
3239 1421 3335 1492 qui

1737 1511 2058 1571 peccaruut,
2095 1503 2178 1558 vel
2215 1505 2464 1560 intideles
2491 1507 2584 1576 qui
2622 1507 2886 1578 injuriam
2917 1510 3186 1578 fecerunt,
3238 1515 3336 1570 de-

1736 1593 1997 1662 positioni
2032 1595 2288 1663 subjiciat
2327 1615 2341 1652 :
2375 1598 2412 1652 ii
2443 1600 2536 1669 qui
2567 1616 2684 1656 sum
2729 1601 2823 1658 irae
2856 1605 3060 1660 mederi
3089 1607 3333 1663 moliun-

1739 1689 1845 1748 tur,
1898 1693 1952 1738 et
1995 1686 2327 1755 apostolicas
2371 1691 2797 1748 constitutiones
2851 1695 3202 1766 detorquent,
3234 1715 3331 1754 eos

1737 1774 2142 1843 intellexerunt,
2167 1780 2261 1850 qui
2294 1797 2393 1836 sua
2434 1798 2599 1838 manu
2645 1787 2956 1855 verberant,
2989 1805 3089 1845 nec
3119 1807 3332 1848 canone

80 1848 278 1915 λήφασι·
331 1851 466 1921 μήτε
525 1852 622 1906 τοῦ
677 1855 900 1917 κανόνος
939 1856 1104 1927 μηδὲν
1137 1859 1383 1913 τοιοῦτον
1411 1861 1611 1933 ὑποση-

1733 1867 1837 1923 tale
1873 1869 2006 1938 quid
2039 1871 2401 1942 signiﬁcante,
2441 1892 2542 1932 nec
2587 1887 2734 1933 recta
2780 1881 2993 1938 ratione
3024 1883 3127 1940 hoc
3163 1885 3326 1940 intel-

82 1941 337 2008 μαίνοντος,
364 1945 505 2014 μήτε
534 1944 628 1998 τοῦ
657 1947 820 2018 ὀρθοῦ
850 1947 1014 2016 λόγου
1050 1953 1209 2006 τοῦτο
1232 1955 1372 2006 νοεῖν
1408 1955 1611 2025 ἐπιτρέ-

1729 1959 1894 2029 ligcre
1967 1941 2337 2033 permittente.
2404 1967 2621 2024 Etenim
2679 1988 2869 2029 revera
2925 1975 3214 2044 ineptum,
3273 1989 3330 2034 et

81 2049 265 2098 κοντος·
303 2035 529 2106 μάταιον
545 2039 658 2111 γάρ
683 2038 758 2102 ὡς
780 2040 997 2113 ἀληθῶς
1031 2046 1125 2098 καὶ
1153 2045 1272 2099 λίαν
1298 2046 1611 2116 ἐπισφαλὲς,

1728 2052 1885 2108 valde
1915 2054 2214 2123 lubricum,
2266 2067 2327 2113 ut
2355 2061 2449 2130 qui
2490 2077 2588 2118 sua
2630 2066 2852 2135 quidem
2896 2084 3063 2125 manu
3106 2081 3207 2137 ter,
3244 2073 3327 2129 vel

79 2126 148 2178 τὸν
174 2128 464 2202 αὐτοχειρίᾳ
505 2131 608 2203 μὲν
648 2135 705 2186 ἐν
753 2133 832 2206 τῷ
873 2137 1098 2191 τύπτειν
1132 2139 1255 2211 τρὶς
1293 2140 1326 2212 ἢ
1366 2141 1611 2212 τετράκις

1726 2154 1922 2214 quater
1952 2151 2310 2218 percusserit,
2329 2126 2663 2223 deponatur,
2693 2159 2818 2215 data
2850 2169 3033 2218 autem
3066 2163 3328 2223 facultate

79 2217 327 2290 πλήξαντα,
353 2224 734 2297 καθαιρεῖσθαι
764 2245 780 2260 ο
805 2228 990 2294 ἀδείας
1012 2231 1069 2285 δὲ
1096 2231 1380 2305 διδομένης
1400 2233 1611 2290 τύπτειι

1723 2237 1881 2307 jussu
1915 2241 2264 2307 verberandi,
2302 2260 2425 2300 cum
2459 2249 2552 2318 qui
2582 2249 2919 2318 immaniter,
2953 2267 3007 2311 et
3048 2274 3222 2329 usque
3256 2263 3326 2316 ad

76 2312 122 2374 ἐξ
152 2316 518 2388 ἐπιτάγματος,
552 2320 645 2374 τὸν
670 2322 898 2393 ἀπηνῶς
931 2325 1025 2378 καὶ
1059 2325 1223 2398 μέχρι
1263 2326 1497 2382 θανάτου
1522 2330 1611 2402 τήν.

1725 2341 1958 2387 mortem
2018 2337 2350 2406 supplicium
2422 2340 2738 2399 inﬂicturus
2808 2355 2918 2413 est,
2990 2350 3213 2422 impune
3266 2355 3322 2409 id

77 2409 299 2480 τιμωρίαν
360 2406 692 2482 ἐπαύξοντα,
777 2418 1126 2489 παρορᾶσθαι
1217 2421 1568 2495 ἀτιμώρητον
1602 2441 1619 2458 ο

79 2500 338 2580 διόπερ,τοῦ
369 2507 600 2572 κανόνος
652 2511 713 2564 τὸ
764 2511 990 2573 τύπτειν
1039 2513 1229 2580 ἁπλῶς
1277 2517 1617 2588 κολάζοντος,

79 2593 150 2645 καὶ
177 2595 323 2666 ἡμεῖς
373 2597 518 2654 οὕτω
573 2601 1041 2674 συμψηφιςὸμεθα
1071 2620 1086 2638 ο
1123 2609 1231 2678 χρὴ
1258 2607 1368 2681 γάρ
1395 2611 1487 2664 τὸν
1523 2611 1618 2665 τοῦ

77 2684 183 2738 θεοῦ
229 2688 386 2760 ίερέα,
440 2693 534 2745 καὶ
581 2693 957 2762 διδασκαλίαις
989 2699 1083 2752 καὶ
1109 2699 1440 2769 νουθεσίαις,
1501 2704 1617 2759 ἔσθ’

78 2774 144 2826 ὅτε
190 2776 238 2830 δὲ
279 2783 366 2833 καὶ
417 2785 532 2847 τοῖς
587 2785 1066 2858 ὲκκλησιαστικοῖς
1135 2785 1480 2863 ἐπιτιμίοις,¹
1527 2797 1619 2851 τὸν

80 2867 362 2926 ἀτακτοῦντα
415 2875 792 2947 παιδαγωγεῖν
829 2896 845 2913 ο
900 2881 1038 2937 ἀλλά
1097 2885 1172 2956 μὴ
1223 2891 1345 2952 ταῖς
1399 2889 1617 2960 μάστιξι

79 2958 150 3011 καί
171 2964 272 3026 ταῖς
297 2964 548 3037 πληγαῖς,
574 2969 656 3033 είς
678 2971 748 3025 τὰ
774 2971 882 3026 τῶν
909 2975 1214 3048 ἀνθρώπων
1239 2958 1469 3052 σώματα
1495 2985 1617 3038 ὲπι·

80 3051 216 3122 πηδᾷν
239 3068 250 3080 ·
276 3058 322 3110 εἰ
349 3058 402 3112 δέ
431 3077 581 3126 τινες
610 3057 720 3118 εἶεν
751 3067 1032 3132 παντελῶς
1073 3071 1610 3143 ἀνυποτακτοῦντες,

77 3149 226 3221 καὶτῷ
270 3158 631 3230 σωφρονισμῷ
682 3159 794 3213 τῶν
828 3163 1123 3235 ἐπιτιμίων
1161 3167 1236 3238 μὴ
1271 3168 1611 3238 ὑπείκοντες,

76 3242 251 3309 τούτους
279 3246 360 3301 διὰ
383 3248 484 3319 τῆς
513 3250 657 3323 πρὸς
684 3254 812 3317 τοὺς
858 3256 1000 3311 κατά
1028 3257 1120 3312 τὸν
1149 3259 1316 3314 τόπον
1344 3263 1612 3334 ἄρχοντας

76 3334 350 3409 ὲγκλήσεως,
395 3344 570 3410 οὐδεὶς
599 3345 799 3400 κωλύει
837 3351 1272 3420 σωφρονίζεσθαι
1298 3371 1312 3386 ·
1361 3357 1450 3409 καὶ
1505 3359 1614 3428 γάρ

76 3428 184 3481 καὶὸ
224 3433 313 3503 τῆς
361 3435 418 3489 ὲν
466 3437 772 3509 Ἀντιοχείᾳ
804 3441 1024 3495 συνόδου
1088 3444 1341 3515 πέμπτος
1399 3447 1610 3516 κανὼν,

75 3523 170 3584 τοὺς
194 3522 536 3596 θορυϐοῦντας
574 3533 668 3584 καὶ
696 3533 914 3596 στάσεις
942 3535 1007 3605 τῇ
1051 3535 1349 3609 Ἐκκλησία
1379 3557 1610 3611 παρεισ-

76 3611 274 3683 ἁγοντας,
293 3619 376 3676 διά
401 3623 501 3694 τῆς
561 3621 764 3689 ἔξωθεν
795 3626 980 3698 χειρὸς
1013 3627 1330 3686 ἐκανόνισεν
1360 3633 1611 3705 ἐπιστρέ-

74 3709 242 3775 essent.

463 3814 796 3870 Βασιλείου
828 3817 1031 3873 κανὼν
1061 3827 1155 3875 νε’.

128 3905 202 3953 νει
221 3900 276 3955 Οί
295 3903 403 3969 τοῖς
425 3904 656 3978 λῃσταῖς
681 3911 1118 3980 ἀντεπεξιόντες,
1155 3913 1263 3980 ἔξω
1297 3914 1400 3988 μὲν
1431 3915 1604 3984 ὄντες,

74 3989 148 4086 τῆς
167 4001 419 4067 κοινωνίας
474 4005 756 4074 εἴργονται
802 4007 897 4063 τοῦ
956 4011 1168 4080 ἀγαθοῦ
1193 4029 1208 4043 ·
1249 4013 1504 4086 κληρικοὶ
1547 4018 1606 4072 δὲ

1723 2421 1867 2481 ferre
1896 2427 2111 2500 negligi.
2148 2429 2516 2497 Quamobrem
2564 2451 2774 2493 canone
2814 2440 2992 2509 ipsum
3031 2445 3324 2504 verberare

1723 2517 1977 2575 absolute
2032 2522 2314 2592 puniente,
2366 2542 2470 2581 nos
2520 2543 2742 2600 quoque
2783 2531 2947 2587 simul
2993 2551 3116 2590 cum
3149 2553 3216 2592 eo
3245 2539 3320 2594 ita

1721 2612 2088 2670 decernimus.
2117 2615 2342 2687 Oportet
2389 2621 2537 2676 enim
2592 2622 2685 2678 Dei
2723 2627 3066 2684 sacerdotem
3105 2631 3319 2687 doctri-

1720 2704 1828 2768 nis,
1887 2714 1941 2760 et
1998 2706 2507 2777 admonitionibus,
2565 2729 2961 2788 nonnunquam
3029 2731 3211 2778 autem
3264 2734 3320 2780 et

1720 2799 1898 2868 poenis
1937 2803 2225 2859 canonicis
2270 2821 2394 2859 eum
2429 2808 2521 2877 qui
2559 2824 2616 2864 se
2668 2810 2989 2869 immodeste
3046 2828 3100 2872 et
3165 2817 3316 2875 inso-

1720 2891 1894 2947 lcnter
1923 2895 2082 2965 gerit,
2119 2896 2430 2965 instituere,
2459 2901 2551 2955 sed
2596 2918 2707 2957 non
2749 2903 2997 2975 ﬂagellis,
3037 2918 3093 2964 et
3122 2911 3315 2966 verbe-

1717 2985 1871 3042 ribus
1902 2986 1956 3041 in
1991 2989 2282 3046 hominum
2324 3008 2556 3064 corpora
2595 2997 2882 3054 insultare.
2913 2998 2970 3055 Si
3008 3003 3100 3072 qui
3132 3015 3312 3060 autem

1718 3089 1845 3135 sunt
1905 3097 2112 3139 morem
2159 3085 2388 3142 omnino
2444 3105 2552 3143 non
2608 3102 2876 3162 gerentes,
2929 3103 2984 3150 et
3019 3111 3308 3166 poenarum

1717 3177 2046 3232 correctioni
2101 3194 2211 3233 non
2267 3181 2546 3249 cedentes,
2581 3199 2676 3240 eos
2730 3201 2826 3256 per
2863 3190 3202 3246 vocationem
3243 3192 3314 3246 ad

1718 3267 1837 3336 ejus
1902 3267 2003 3332 loci
2061 3271 2417 3339 magistratus
2485 3290 2645 3330 nemo
2710 3277 2969 3350 castigari
3033 3283 3308 3352 prohibet.

1714 3358 2068 3418 Antiocheute
2097 3365 2244 3420 enim
2287 3368 2481 3438 synodi
2514 3385 2688 3424 canon
2720 3371 2774 3437 5,
2801 3388 3007 3444 eosque
3043 3377 3326 3434 tumultusi

1715 3457 1957 3512 excitant
1983 3467 2038 3513 et
2068 3459 2368 3516 seditiones
2423 3463 2474 3516 in
2507 3461 2756 3520 Ecclesia
2792 3467 3172 3538 introducunt,
3210 3487 3309 3540 per

1715 3564 1943 3606 manum
1979 3560 2261 3610 externam
2292 3555 2538 3611 converti
2568 3569 2825 3627 oportere
2851 3561 3066 3616 statuit.

2246 3815 2442 3872 Basilii
2469 3835 2643 3874 canon
2673 3818 2761 3875 55.

1781 3906 1871 3963 55.
1908 3906 2013 3974 Qui
2055 3908 2108 3963 in
2152 3908 2394 3966 latrones
2427 3928 2491 3968 ex
2527 3914 2760 3970 adverso
2793 3913 3069 3980 feruntur,
3107 3917 3153 3973 si
3187 3918 3300 3976 sint

1709 4000 1931 4072 quidem
1961 4002 2107 4068 laici,
2141 4017 2171 4056 a
2197 4003 2326 4060 boni
2355 4008 2746 4074 communione
2770 4023 3065 4076 arcentur;
3099 4013 3144 4067 si
3172 4028 3301 4068 vero

73 4081 202 4182 ξντες,
228 4092 310 4145 τοῦ
347 4094 556 4168 βαθμοῦ
591 4100 1014 4174 καθαιροῦνται·
1045 4105 1174 4174 Πᾶς
1200 4081 1607 4182 γάρ,“φησ“ιν,ό

1723 4093 1916 4159 :lerici,
1951 4110 1983 4150 a
2009 4095 2181 4166 gradu
2221 4097 2576 4166 dejiciuntur.
2612 4100 2864 4172 Quisquis
2887 4104 3048 4170 enim,
3079 4103 3280 4175 inquit,

73 4177 226 4234 λαϐὼν
239 4185 547 4261 μάχαιραν,
590 4193 662 4248 ἐν
707 4199 977 4267 μαχαίρᾳ
1019 4177 1423 4259 ἀποθανεῖται.

131 4270 180 4367 ΤΗ
206 4276 243 4347 β’
276 4281 504 4352 διάταξις
557 4286 653 4340 τοῦ
695 4295 744 4341 α’
777 4289 883 4343 τίτ.
921 4291 1032 4344 τῶν
1084 4293 1340 4366 Νεαρῶν,
1390 4297 1602 4367 ἀπαγο-

75 4364 185 4456 ρξὺει
216 4371 303 4439 μὲν
321 4378 430 4438 τοῖς
458 4379 786 4445 ἐπισκόποις
829 4381 1088 4454 πλήττειν
1113 4364 1302 4456 χερσὶν
1329 4364 1559 4455 οίκείαις
1582 4409 1598 4425 ·

71 4455 144 4528 οὐχ
171 4460 314 4532 ὥρισε
343 4469 397 4523 δὲ
427 4473 624 4542 ποινήν
653 4490 666 4502 ·
705 4475 945 4543 γενικῶς
1001 4476 1056 4530 δὲ
1108 4480 1238 4552 περ)⁸
1275 4482 1480 4547 παντὸς
1509 4485 1601 4536 τύ-

1704 4376 1926 4447 quidem
1989 4378 2247 4434 manibus
2301 4379 2415 4434 suis
2471 4389 2757 4450 percutere
2815 4381 3069 4450 prohibet
3121 4401 3135 4436 :

1706 4189 1948 4262 gladium
1973 4192 2199 4261 accepit,
2229 4191 2410 4262 gladio
2436 4193 2650 4264 peribit.

1781 4282 1998 4339 Textus.
2032 4283 2267 4340 Constit.
2314 4286 2379 4352 2,
2417 4287 2500 4340 tit.
2542 4287 2568 4341 1
2619 4285 2967 4342 Novellarum
3021 4288 3298 4360 episcopis

3201 4384 3296 4439 sed

1704 4470 1870 4544 294
1922 4487 2142 4542 pmnam
2197 4488 2307 4526 non
2355 4472 2566 4528 deﬁnit.
2609 4473 2951 4530 Generaliter
2996 4485 3179 4531 autem
3228 4477 3296 4532 tle

74 4561 244 4648 ἵετοντος
292 4559 321 4632 ἢ
347 4562 682 4634 ὑϐρίζοντος,
713 4567 743 4619 6
795 4568 1078 4634 πολιτικὸς
1128 4572 1356 4644 διορίζει
1386 4575 1549 4648 νόμος
1577 4593 1591 4609 ⁸

1723 4581 2036 4636 ιιιοουηψιθ
2075 4567 2166 4636 qui
2213 4565 2462 4621 verberat
2501 4566 2582 4620 vel
2631 4566 2883 4637 injuriam
2931 4567 3082 4632 facit,
3117 4569 3296 4627 civilis

73 4637 178 4731 βιδλ.
208 4649 300 4717 μζ’,
333 4653 434 4710 τίτ.
471 4654 521 4721 ι’,
558 4657 738 4712 κανὼν
765 4659 910 4730 βιϐλ.
949 4661 992 4714 θ’
1029 4662 1122 4716 τοῦ
1146 4637 1293 4721 κῶδ,
1318 4665 1428 4722 τίτ.
1448 4637 1544 4731 ἀ’,⁷
1569 4671 1598 4722 ὁ

71 4728 201 4799 διδοὺς
249 4744 357 4797 κατ’
379 4747 558 4804 αὐτῶν
586 4751 685 4822 τὴν
721 4728 850 4825 περὶ
888 4751 1099 4825 ὕϐρεως
1132 4756 1388 4830 ἀγωγὴν,
1421 4760 1454 4831 ἦ
1509 4779 1596 4826 τις

73 4824 481 4924 inimum-rixa);
516 4846 746 4898 κινεῖται
780 4824 877 4900 καὶ
897 4824 1342 4918 ἐγκληματνικῶέ,
1374 4824 1594 4924 γρὲκφῆτ

74 4914 420 5018 ἀποτιθεμένης,
465 4935 806 5008 καὶριορίζει
836 4914 964 4994 ποία
993 4914 1111 4994 ἐστὶ
1139 4914 1589 5018 τραχεῖα-ῦὸρις,

73 5011 168 5108 ποία
188 5017 235 5072 δὲ
259 5023 455 5098 ἐλαφρά
485 5043 500 5058 ·
534 5030 665 5101 περὶ
696 5030 752 5084 δὲ
777 5032 956 5102 φόνων
977 5033 1130 5088 διαλα
1141 5011 1335 5104 μήϐάνει
1359 5039 1387 5090 6
1415 5011 1588 5108 η’τίτ.

72 5102 139 5198 :95
164 5111 235 5182 μη¹
269 5114 396 5186 βιόλ.
441 5123 537 5175 καὶ
582 5125 611 5176 6
671 5124 746 5188 ις’
778 5124 885 5180 τίτ.
921 5125 1016 5180 τοῦ
1053 5127 1098 5180 θ’
1132 5102 1276 5198 βισλ.
1311 5129 1403 5183 τοῦ
1439 5102 1585 5189 κωδ.

73 5189 101 5241 Γ
105 5195 254 5256 ίνωσκε
277 5207 328 5261 δὲ
355 5210 435 5264 ὅτι
455 5215 483 5266 ὁ
505 5213 664 5284 φόνος
700 5215 810 5269 ἀπὸ
834 5216 935 5287 τῆς
959 5217 1254 5284 διαθέσεως
1277 5225 1584 5292 σκοπεῖται,

72 5284 106 5334 εί
130 5298 292 5351 σκοπὸν
318 5299 434 5373 ἔσχε
466 5306 725 5374 φονεῦσαι
751 5324 766 5338 ·
813 5309 936 5362 ὅθεν
962 5309 1111 5365 ἔστιν
1134 5311 1345 5384 εὑρεῖν,
1373 5315 1455 5368 ὅτι
1489 5315 1584 5370 καὶ

71 5377 277 5479 ὀῖἴλήξας
325 5395 438 5464 μὲνν
500 5399 578 5469 μὴ
621 5403 890 5470 φονεύσας
936 5403 1028 5469 δὲ,
1066 5405 1142 5468 ὼς
1169 5377 1366 5476 φονεὺς
1409 5425 1583 5479 τιμω-

73 5475 202 5570 {fit-1t
228 5497 240 5512 °
267 5487 350 5540 καὶ
377 5490 405 5542 6
461 5493 727 5562 φονεύσας
759 5496 819 5549 ού
872 5500 1200 5568 τιμωρεῖται
1247 5499 1322 5564 ὡς
1361 5504 1577 5570 φονεὺς,

1703 4659 1784 4713 lex
1827 4660 2048 4726 statuit,
2081 4659 2174 4713 lib.
2210 4673 2392 4720 XLVII,
2422 4659 2504 4713 tit.
2539 4657 2635 4726 10;
2681 4659 2775 4714 lib.
2810 4675 2894 4724 Ix,
2924 4661 3006 4715 tit.
3034 4660 3135 4725 55,
3168 4662 3294 4715 cod.

1700 4755 1840 4810 dans
1900 4753 2164 4810 adversus
2227 4752 2352 4808 illos
2411 4751 2738 4823 injuriarum
2800 4752 3113 4816 actionem,
3168 4769 3292 4824 quae

1697 4846 1945 4918 deposita
1974 4847 2248 4916 ‘scriptnra
2282 4855 2393 4900 tum
2424 4845 2739 4915 pecunarie,
2783 4854 2893 4899 tum
2929 4848 3290 4902 criminaliter

1698 4940 2026 4996 instituitur.
2053 4938 2184 5007 Quae
2206 4940 2370 4995 etiam
2397 4937 2532 5012 [lex]
2559 4937 2867 5009 cujusmodi
2901 4938 3100 5008 injuria
3128 4947 3287 4994 atrox

1693 5013 1800 5097 sit,
1847 5031 2156 5101 cujusmodi
2213 5030 2384 5096 levis,
2443 5029 2791 5085 determinat.
2852 5028 2928 5083 De
2992 5030 3284 5086 homicidis

1693 5135 1877 5180 autem
1917 5134 2112 5179 tractat
2159 5125 2246 5177 tit.
2283 5127 2336 5190 l,
2368 5123 2463 5178 lib.
2499 5139 2689 5189 xum,
2723 5131 2777 5177 et
2809 5119 2950 5193 [tit.]
2983 5123 3065 5188 l6,
3096 5122 3188 5176 lib.
3226 5137 3279 5176 Ix

1690 5219 1812 5274 cod.
1840 5216 1994 5274 Scias
2025 5232 2177 5284 vero,
2202 5216 2349 5287 quod
2379 5215 2735 5270 homicidium
2767 5229 2833 5268 ex
2866 5214 3060 5268 aﬂectu
3092 5216 3278 5270 consi-

1687 5311 1930 5366 deretur.
1979 5309 2134 5365 Unde
2182 5309 2426 5364 invenire
2475 5314 2591 5374 est,
2633 5307 2778 5378 quod
2833 5305 2924 5378 qui
2980 5310 3276 5376 percussit,

1687 5406 1903 5462 tametsi
1940 5419 2044 5459 non
2077 5405 2311 5470 occidit,
2342 5411 2400 5457 ut
2437 5403 2711 5459 homicida
2747 5410 2930 5456 tamen
2968 5402 3224 5472 puniatur
3259 5419 3274 5456 :

1682 5506 1737 5553 et
1776 5498 1868 5568 qui
1912 5495 2142 5560 occidit,
2176 5495 2340 5551 modo
2385 5504 2601 5550 tantum
2649 5503 2934 5565 percutere
2977 5495 3180 5559 voluit,
3217 5502 3276 5550 ut

73 5557 143 5612 ἐὰν
167 5567 296 5664 μόνον
338 5557 564 5657 ήθέλήσε
613 5587 820 5656 πλῆξαι
854 5606 868 5621 ·
973 5557 1036 5644 δὲ,
1067 5557 1579 5664 τοιαύτηῠδίάθεσίξ

1723 5591 1957 5646 omicida
1991 5606 2098 5645 non
2127 5589 2409 5661 puniatur.
2435 5589 2614 5659 Atque
2657 5587 2966 5643 istiusmodi
3001 5585 3270 5659 [quidem]

73 5659 292 5753 σξοπεῖται
315 5668 414 5725 ἀπὸ
443 5676 536 5731 τοῦ
558 5679 862 5750 πλήξαντος
904 5682 1139 5753 ὀργάνου
1175 5701 1187 5716 ·
1213 5686 1308 5740 καὶ
1335 5685 1453 5740 ἔστι
1480 5686 1576 5740 τοῦ

1679 5685 1910 5741 all‘ectus
1939 5700 2004 5740 ex
2037 5684 2425 5748 instrumento,
2457 5699 2568 5753 quo
2598 5697 2918 5753 percussum
2952 5691 3060 5746 est,
3086 5681 3271 5735 consi-

74 5739 148 5848 ξιὲν
179 5747 394 5815 ἑκουσίου
436 5769 617 5836 φόνου,
655 5739 774 5827 ’ἐπὶ
815 5739 917 5845 μὲν
938 5739 1163 5847 εντίμου
1191 5777 1572 5848 φονεύσαντος,

1723 5779 2242 5836 erutum-Caeterum
2303 5777 2596 5834 voluntarii
2655 5775 2937 5832 homicidii
2997 5789 3156 5843 poena
3211 5773 3264 5828 in

447 5829 460 5836 _
605 5829 615 5836 ν
815 5829 828 5845 ι
1059 5829 1153 5847 ,νη
1201 5829 1572 5848 ῐ-ν-““““⁷“⁷”

69 5829 365 5908 δεπθρτατίων
389 5857 477 5912 καὶ
504 5865 682 5918 τελεία
721 5865 987 5937 δήμευσις
1008 5883 1024 5900 ο
1053 5869 1145 5924 ὲπὶ
1191 5869 1247 5923 δὲ
1276 5871 1385 5938 τῶν
1415 5872 1571 5926 εὐτε-

1723 5876 1925 5932 oncstis
1957 5882 2040 5932 est
2069 5871 2397 5944 deportatio,
2430 5880 2483 5929 et
2515 5870 2760 5927 omnium
2795 5871 3063 5927 bonorum
3087 5865 3266 5938 publi-
