3980 6448
142 491 224 556 7‘73
473 477 493 507 ⁹
839 481 1246 544 SYNTAGMA
1283 479 1677 541 CANONUM.
1709 504 1777 513 --
1805 477 1955 538 ΤΙΤ.
2001 478 2104 551 ΙΧ,
2149 477 2310 540 CAP.
2350 474 2592 538 XXVII.

3281 475 3388 538 774

200 605 360 658 Ὥστε
411 596 639 668 μηδένά
689 594 1051 660 ἐπίσκοπον,
1093 593 1133 663 ἢ
1178 592 1609 662 πρεσϐύτερον,
1642 591 1680 660 ἢ

1863 587 1930 642 Ut
1978 589 2159 643 nullus
2194 590 2489 659 episcopus,
2529 588 2800 660 presbyter
2858 600 2906 643 et
2954 589 3212 647 diaconus
3262 609 3388 647 con-

143 698 404 759 διάκονον,
434 689 698 759 Eximi-ir
722 705 857 742 τινα
878 689 1230 758 λαμϐάνειν,
1276 704 1332 741 κ.
1365 705 1414 740 τ.
1451 685 1501 740 λ.

195 797 277 856 ις’.
322 785 542 856 Ὁμοίως
572 785 771 856 ἤρεσεν
792 822 806 846 ,
840 781 928 834 ἵνα
984 781 1274 835 ἐπίσκοποι
1307 779 1401 833 καὶ
1442 776 1684 849 πρεσϐύ-

141 899 263 952 τεροι
331 880 420 932 καὶ
486 875 766 942 διάκονοι,
839 874 1177 947 ὲκλήπτορες
1235 873 1310 945 μὴ
1393 870 1676 940 γίνωνται.

140 994 182 1028 κ.
207 991 250 1027 τ.
284 973 328 1027 λ.

139 1066 368 1122 Συνόδου
394 1060 808 1132 οἱκουμενικῆς
835 1060 1015 1128 ἕκτης
1048 1057 1250 1113 κανὼν
1268 1055 1321 1120 ι’,
1353 1063 1458 1126 κγ’,
1487 1056 1586 1118 κδ’,
1615 1054 1677 1110 ν’.

189 1159 230 1214 ι’.
269 1159 596 1219 Ἐπίσκοπος,
620 1153 654 1226 ἢ
681 1152 1071 1226 πρεσϐύτερος,
1103 1153 1135 1224 ἦ
1167 1151 1433 1215 διάκονος,
1464 1150 1678 1216 τόκους,

140 1271 181 1311 κ,
203 1270 245 1306 τ.
267 1251 312 1304 λ.

200 1342 292 1413 κγ’.
325 1342 449 1413 Περὶ
475 1341 567 1395 τοῦ
593 1341 796 1414 μηδένα
829 1340 943 1393 τῶν
977 1337 1088 1391 εἴτε
1128 1335 1441 1391 ἐπισκόπων
1477 1335 1510 1406 ἢ
1544 1350 1679 1406 πρε-

142 1438 396 1509 σϐυτέρων,
425 1454 477 1491 κ.
509 1454 561 1490 τ.
586 1436 639 1492 λ.

199 1531 388 1602 κδ⁹.Μὴ
438 1530 640 1597 ἐξέστω
671 1531 778 1585 τινὶ
819 1528 929 1598 τῶν
978 1529 1035 1582 ἐν
1069 1523 1332 1598 ἱερατικῷ
1386 1524 1681 1594 καταλεγο-

141 1625 283 1694 μένων
312 1627 565 1695 τάγματι,
615 1625 650 1696 ἦ
683 1624 966 1697 μοναχῶν,-
1008 1625 1066 1675 ἐν
1109 1620 1492 1692 ἱπποδρομίαις
1530 1621 1678 1672 ἀνιέο

140 1735 223 1782 ναι,
251 1717 600 1789 ῆθυμελικῶν
653 1719 923 1788 παιγνίων
981 1715 1271 1788 ἀνέχεσθαι
1297 1731 1312 1746 ο
1348 1713 1462 1767 ἀλλ’
1504 1715 1553 1766 εἱ
1587 1712 1678 1765 καί

137 1827 202 1874 τις
227 1811 463 1881 κληρικὺς
483 1812 711 1883 κληθείη
752 1814 809 1865 ἐν
841 1813 1028 1883 γάμῳ,
1053 1810 1218 1881 ἡνίκα
1249 1808 1292 1860 δ’
1321 1809 1386 1862 ἂν
1427 1806 1495 1860 τὰ
1543 1807 1679 1876 πρὸς

139 1902 317 1972 ἀπάτην
356 1903 647 1956 είσέλθοιεν
672 1903 920 1970 παίγνια,
966 1902 1315 1970 ὲξαναστήτω
1347 1900 1442 1952 καὶ
1476 1915 1682 1967 παραυ·

1792 684 1980 735 ductor
2009 683 2260 746 exsistat,
2298 690 2427 748 etc.,
2465 691 2522 735 ut
2554 699 2676 753 pag.
2718 683 2848 737 550.

1865 775 1951 830 16.
1985 774 2118 830 Item
2154 775 2361 845 placuit
2419 784 2477 829 ut
2533 777 2798 846 episcopi,
2834 776 3134 848 presbyteri
3167 786 3222 832 et
3269 777 3390 833 dia-

1790 870 1917 926 coni
1947 887 2054 926 non
2082 873 2193 926 sint
2225 871 2618 937 conductores,
2646 881 2776 937 etc.,
2811 881 2866 943 ut
2901 889 3026 942 pug.
3054 871 3181 927 550.

1897 1055 2123 1111 Concilii
2149 1057 2451 1110 recumenici
2477 1072 2528 1110 vr
2559 1073 2784 1111 canones
2821 1058 2903 1120 10,
2937 1059 3030 1124 25,
3069 1057 3161 1124 24,
3191 1058 3278 1112 50.

1863 1151 1950 1204 10.
2000 1148 2324 1220 Episcopus,
2367 1151 2672 1224 presbyter,
2715 1153 2796 1206 vel
2820 1153 3089 1207 diacoaus
3129 1154 3224 1223 qui
3252 1168 3388 1208 usu-

1788 1259 1901 1308 ras,
1931 1253 2059 1308 etc.,
2089 1252 2146 1297 ut
2178 1260 2301 1313 pag.
2333 1244 2455 1298 750.

1860 1339 1950 1393 23.
1987 1336 2051 1390 ill
2074 1339 2259 1393 nullus
2289 1338 2405 1394 sive
2424 1339 2744 1410 episcopus,
2777 1339 2892 1394 sive
2926 1339 3230 1410 presbyter,
3253 1348 3386 1406 etc.,

1789 1443 1844 1487 ut
1880 1450 2001 1503 pag.
2028 1432 2150 1488 515.

1859 1525 1948 1580 21.
1975 1524 2051 1582 Ne
2079 1526 2167 1582 cui
2200 1525 2363 1579 liceat
2387 1541 2602 1590 eorum,
2629 1525 2722 1596 qui
2755 1526 2806 1580 in
2837 1523 3163 1580 sacerdotali
3191 1524 3386 1579 ordine

1788 1627 2202 1684 enumerantur,
2239 1617 2322 1671 vel
2359 1619 2780 1681 monachorum,
2814 1616 2868 1670 in
2905 1632 3172 1686 equorum
3210 1617 3391 1670 curri-

1788 1711 1927 1766 culis
1955 1710 2117 1782 297
2144 1710 2467 1775 subsistere,
2499 1710 2583 1765 vel
2618 1711 2870 1766 scenicos
2901 1711 3056 1764 ludos
3091 1710 3386 1764 sustinere.

1741 1785 1746 1795 ι
1790 1804 1897 1861 Sed
1937 1817 1990 1860 et
2025 1807 2069 1860 si
2103 1807 2226 1878 quis
2269 1808 2505 1861 clericus
2538 1807 2602 1860 ad
2641 1807 2859 1874 nuptias
2891 1815 3137 1869 vocetur,
3169 1806 3391 1876 quando

1788 1899 1855 1954 ad
1882 1900 2260 1970 deceptionem
2290 1908 2608 1969 comparata
2646 1901 2854 1955 ludicra
2887 1900 3132 1970 ingressa
3161 1898 3392 1961 fuerint,

137 1994 236 2046 τίκα
254 1995 610 2066 ἀναχωρείτω,
639 1994 783 2049 οὕτω
804 1995 902 2065 τῆς
933 1991 1196 2062 Πατέρων
1221 1991 1379 2062 ἡμῶν
1411 2007 1682 2061 προστατ-

1806 2005 1980 2064 surgat
2025 2004 2079 2048 et
2118 1995 2386 2057 discedat,
2425 1993 2649 2049 Patrum
2694 2004 3006 2050 nostrorum
3045 1994 3126 2049 sic
3166 1993 3393 2062 jubente

138 2086 300 2155 τούσης
351 2086 738 2149 διδασκαλίας·
774 2089 824 2141 εἱ
877 2087 934 2142 δέ
967 2104 1051 2150 τις
1071 2087 1164 2139 ἐπὶ
1220 2085 1399 2156 τούτῳ
1464 2082 1597 2154 ἁλῷ,
1634 2083 1681 2153 ’ἦ

141 2179 396 2234 παυσάσθω
419 2181 451 2250 ἢ
485 2179 882 2251 καθαιρείσθω.

193 2271 245 2326 ν’.
265 2273 471 2344 Μηδένα
494 2272 607 2328 τῶν
632 2274 888 2327 ἁπάντων
917 2272 1026 2327 εἴτε
1047 2270 1255 2326 λαῖκῶν
1279 2269 1389 2325 εἴτε
1407 2269 1686 2342 κληρικῶν

140 2363 354 2416 κυϐεύειν
393 2363 497 2418 ἀπὸ
530 2363 628 2417 τοῦ
665 2365 760 2418 νῦν
789 2379 801 2393 ·
849 2365 898 2418 εἱ
949 2363 1006 2417 δέ
1040 2381 1126 2428 τις
1157 2362 1368 2417 τοιοῦτο
1403 2361 1686 2434 φωραθείη

141 2459 374 2530 πράττων,
406 2459 452 2510 εἱ
488 2457 592 2529 μὲν
635 2457 897 2530 κληρικδς
933 2458 1042 2530 εἴη,
1076 2455 1476 2530 καθαιρείσθω·
1532 2458 1581 2510 εί
1629 2457 1687 2511 δὲ

137 2547 308 2614 λαῖκδς,
343 2549 712 2622 άφοριζέσθω.

355 2742 628 2798 Συνόδου
654 2743 905 2810 Νικαίας
936 2741 1005 2796 τὸ
1034 2740 1094 2808 β’
1119 2743 1321 2797 κανὼν·
1348 2743 1410 2797 δ’.

197 2835 314 2904 Περὶ
363 2836 466 2891 τοῦ
499 2836 839 2907 ἀπέχεσθαι
879 2837 1022 2904 τοὺς
1071 2837 1451 2903 ἐπισκόπους
1484 2835 1689 2904 πάσης

138 2926 493 2999 δοσοληψίας.

193 3017 244 3074 δ’.
287 3021 338 3074 '0
365 3019 536 3093 κῆρυξ
568 3023 669 3092 τῆς
697 3021 960 3094 ἀληθείας
986 3022 1218 3091 Παῦλος,
1252 3041 1307 3079 κ.
1339 3044 1388 3080 τ.
1421 3025 1471 3080 λ.

440 3116 774 3171 Βασιλείου
804 3117 1006 3170 κανὼν
1037 3124 1092 3181 ι’,
1135 3117 1218 3182 ιδ’,
1253 3117 1340 3183 ιζ’.

196 3210 238 3258 ι’.
269 3207 326 3260 Οἱ
370 3207 667 3278 ὀμνύοντες
696 3210 796 3284 ζμὴ
845 3211 1243 3282 καταδέχεσθαι
1288 3213 1388 3282 τὴν
1443 3231 1689 3284 χειροτο-

138 3297 327 3363 vitam}.
351 3320 401 3356 τ.
432 3304 481 3358 λ.

195 3389 262 3444 ιδ’.
303 3391 356 3445 '0
387 3395 582 3458 τόκους
609 3393 926 3466 λαμϐάνων,
965 3397 1060 3450 ἐὰν
1086 3398 1452 3468 καταδέξηται
1480 3398 1538 3450 τὸ
1573 3398 1686 3453 ἄδι-

139 3498 212 3534 κον
248 3484 424 3553 κέρδος
470 3488 551 3550 είς
604 3489 854 3558 πτωχοὺς
903 3490 1204 3554 ἀναλῶσαι,
1239 3491 1334 3543 καὶ
1366 3490 1460 3544 τοῦ
1497 3490 1686 3544 λοιποῦ

135 3573 207 3626 τοῦ
228 3579 513 3650 νοσήματος
541 3580 643 3652 τῆς
674 3583 1112 3654 φιλοχρηματίας
1153 3584 1536 3656 ἀπαλλαγῆναι
1563 3626 1576 3650 ,
1605 3584 1690 3638 δε-

135 3669 236 3733 κτός
257 3672 390 3726 ἐστιν
422 3675 500 3738 είς
535 3675 863 3746 ἱερωσύνην.

193 3761 266 3828 ιζ’.
307 3767 624 3840 Ἠρὼτησας
659 3770 807 3840 ἡμᾶς
860 3770 990 3841 περὶ⁵
1021 3770 1281 3844 Βιάνορος
1311 3772 1405 3826 τοῦ
1445 3772 1689 3843 πρεσϐυ-

135 3853 284 3925 τέρου,
313 3862 358 3912 εί
389 3860 580 3926 δεκτός
612 3861 762 3916 ἐστιν
793 3863 872 3926 είς
904 3863 996 3916 τὸν
1025 3864 1230 3936 κλῆρον
1261 3864 1348 3918 διὰ
1378 3867 1468 3918 τὸν
1499 3868 1683 3938 ὅρκονο

137 3945 223 4014 ἐγὼ
250 3950 299 4004 δὲ
329 3953 426 4025 ἠδη
469 3956 598 4009 τινὰ
646 3958 741 4009 καὶ
772 3957 953 4011 κοινὸν
984 3959 1110 4030 ὅρον
1146 3958 1279 4030 περὶ
1301 3959 1520 4014 πάντων
1548 3960 1686 4032 ὁμοῦ

136 4041 221 4096 τῶν
261 4049 368 4115 μετ’
393 4048 559 4103 αὑτοῦ
596 4049 970 4120 ὀμωμοκότων
1009 4055 1124 4117 τοῖς
1171 4053 1313 4108 κατὰ
1353 4055 1687 4126 Ἀντιόχειαν

137 4135 379 4208 κληρικοῖς
415 4141 530 4198 οἶδα
559 4145 894 4210 ὲκτεθεικώς
913 4164 926 4177 ·
958 4144 1102 4200 ὥστε
1131 4146 1242 4200 τῶν
1274 4146 1375 4218 μὲν
1406 4147 1686 4219 δημοσίων

137 4229 302 4297 αὐτοὺς
329 4238 633 4309 ἀπέχεσθαι
672 4239 974 4308 συλλόγων,
1001 4240 1108 4313 ἰδίᾳ
1133 4240 1190 4294 δὲ
1217 4244 1462 4313 ἐνεργεῖν
1483 4241 1552 4295 τὰ
1577 4241 1688 4295 τῶν

137 4327 481 4402 πρεσϐυτέρων
505 4348 518 4362 ⁸
557 4334 624 4386 τὸ
651 4333 706 4387 δὲ
739 4334 873 4388 αὐτὸ
915 4334 1075 4388 τοῦτο
1127 4335 1227 4389 καὶ
1261 4336 1398 4409 πρὸς
1437 4335 1534 4407 τῆν
1563 4338 1687 4390 ἐαυ·

135 4415 207 4469 τοῦ
230 4419 538 4492 ὑπηρεσίαν,
573 4425 765 4480 ἄδειαν
809 4426 961 4497 αὐτῷ
1028 4429 1291 4499 παρέχει·
1327 4429 1461 4482 διότι
1501 4430 1601 4483 οὐκ
1628 4432 1683 4483 ὲν

145 4509 410 4588 Ἀντιοχείᾳ
436 4520 591 4572 ἐστὶν
620 4521 652 4591 ἡ
683 4519 976 4592 ἱερωσύνη,
1005 4521 1122 4575 ἀλλ’
1157 4523 1215 4573 ἐν
1258 4521 1486 4593 Ἰκονίῳ,
1514 4523 1580 4594 ἢν
1609 4521 1685 4586 ὡς

138 4601 267 4668 αὐτὸς
292 4609 610 4676 ἐπέστειλας
654 4614 788 4684 ἡμῖν
818 4613 918 4684 τῆς
953 4614 1287 4685 Ἀντιοχείας
1335 4616 1416 4678 είς
1466 4616 1683 4686 οἴκησιν

1776 2087 2059 2142 doctrina.
2113 2085 2170 2141 Si
2203 2087 2330 2158 quis
2376 2097 2559 2142 autem
2609 2088 2731 2159 ejus
2776 2089 2853 2143 rei
2883 2087 3168 2143 convictus
3206 2086 3392 2154 fuerit,

1790 2180 1870 2236 vel
1902 2188 2103 2244 cesset,
2133 2180 2219 2234 vel
2253 2181 2582 2249 deponatur.

1863 2272 1951 2327 50.
1994 2271 2212 2328 Nullum
2239 2274 2487 2327 omnium
2523 2275 2614 2339 ⁵⁸⁸,
2658 2275 2775 2330 sive
2801 2275 3087 2342 clericum,
3129 2277 3252 2334 sive
3283 2278 3389 2332 lai-

1791 2383 1940 2432 cum,
1973 2368 2042 2422 ab
2077 2368 2181 2421 hoc
2207 2367 2468 2438 deinceps
2499 2376 2744 2439 tempore
2774 2370 2893 2424 alea
2931 2371 3135 2427 ludere.
3167 2371 3223 2426 Si
3261 2372 3389 2439 quis

1789 2470 1972 2515 autem
2007 2460 2111 2516 hoc
2157 2461 2420 2532 deinceps
2463 2460 2647 2516 facere
2691 2463 3076 2532 deprehensus
3114 2463 3303 2527 fuerit,
3341 2464 3390 2519 si

1789 2561 1863 2614 sit
1899 2558 2119 2628 quidem
2163 2557 2422 2624 clericus,
2472 2559 2817 2629 deponatur;
2874 2559 2923 2614 si
2970 2559 3170 2620 laicus.
3200 2572 3388 2629 segre-

1790 2661 1967 2724 getur.

2185 2745 2414 2802 Concilii
2448 2745 2660 2801 Nicazni
2689 2762 2723 2800 ll
2751 2763 2925 2801 canon
2948 2747 3002 2801 1.

1866 2839 2022 2906 Quod
2045 2839 2279 2910 episcopi
2312 2838 2378 2894 ab
2403 2841 2546 2894 omni
2579 2839 2813 2894 avaritia
2842 2856 2954 2894 sese
3005 2836 3273 2892 abstinere
3298 2837 3390 2890 de-

1791 2935 1966 2989 beant.
2905 2928 2911 2933 ’

1861 3028 1914 3081 4.
1958 3026 2212 3083 Veritatis
2238 3041 2418 3097 przeco
2449 3024 2674 3090 Paulus,
2713 3034 2846 3093 etc.,
2875 3034 2932 3080 ut
2962 3042 3086 3096 pag.
3115 3023 3245 3079 515.

2191 3120 2392 3175 Basilii
2413 3137 2636 3176 canones
2665 3121 2753 3184 10,
2786 3120 2874 3184 14,
2914 3120 2995 3174 t7.

1865 3215 1953 3270 10.
1997 3213 2101 3282 Qui
2149 3215 2343 3284 jurant
2379 3230 2438 3270 se
2459 3214 2868 3270 ordinationem
2913 3231 3022 3268 non
3067 3223 3395 3284 accepturos

1792 3317 1923 3375 etc.,
1955 3321 2009 3363 ut
2041 3325 2164 3380 pag.
2191 3307 2315 3372 505.

1867 3403 1951 3460 Η.
1993 3403 2099 3470 Qui
2137 3419 2332 3459 usuras
2361 3402 2581 3472 accipit,
2620 3401 2668 3455 si
2709 3401 2948 3456 voluerit
2983 3401 3250 3471 injustum
3295 3404 3382 3457 lu-

1792 3511 1946 3552 crum
1981 3495 2035 3549 in
2085 3509 2355 3566 pauperes
2401 3495 2704 3556 insumere,
2747 3503 2800 3547 et
2840 3493 3100 3561 deinceps
3132 3495 3200 3547 ab
3256 3509 3390 3547 ava-

1791 3589 1930 3643 ritia
1972 3587 2168 3643 morbo
2210 3585 2456 3654 liberari,
2505 3585 2574 3640 ad
2611 3583 2978 3641 sacerdotiqu
3029 3583 3242 3639 admitti
3295 3600 3396 3656 po-

1794 3690 1921 3738 test.

1865 3774 1955 3832 17.
1995 3773 2349 3845 lnterrogasti
2401 3788 2502 3828 nos
2528 3772 2596 3828 de
2631 3771 2866 3828 Bianore
2909 3773 3256 3844 presbytero,
3317 3790 3391 3830 an

1791 3870 1848 3924 in
1904 3869 2116 3923 clerum
2166 3867 2382 3923 admitti
2440 3867 2636 3938 possit,
2692 3881 2918 3938 propter
2967 3867 3386 3939 jusjurandum.

1790 3962 1904 4036 Ego
1933 3974 2117 4017 autem
2175 3978 2262 4016 me
2289 3962 2404 4032 jam
2452 3976 2804 4017 couununem
2861 3962 3098 4032 aliquam
3141 3963 3389 4031 regulam

1790 4058 1858 4114 de
1889 4057 2150 4113 omnibus
2179 4056 2271 4127 qui
2324 4072 2432 4111 una
2465 4072 2589 4112 eum
2620 4071 2686 4112 eo
2712 4056 3053 4127 juraverant,
3085 4057 3390 4112 Antioche-

1792 4149 1880 4206 nis
1929 4149 2147 4205 clericis
2200 4148 2438 4204 edidisse
2493 4149 2758 4203 memini:
2797 4159 2858 4202 ut
2917 4149 3018 4218 ipsi
3061 4165 3090 4203 a
3149 4148 3388 4218 publicis

1789 4243 2008 4313 quidem
2039 4242 2409 4298 conventibus
2441 4241 2780 4308 abstineant,
2815 4242 3068 4311 privatim
3101 4257 3230 4295 vero
3268 4257 3388 4294 ruu-

1789 4333 1880 4388 nia
1909 4332 2112 4387 obeant
2156 4331 2626 4402 presbyterorum.
2674 4328 2730 4383 ld
2789 4331 2969 4400 ipsum
3007 4339 3190 4384 autem
3216 4331 3382 4384 etiam

1787 4427 1837 4483 ei
1865 4426 2111 4482 muneris
2137 4427 2222 4480 sui
2275 4425 2566 4496 peragendi
2610 4423 2816 4494 praebet
2872 4424 3206 4489 libertatem,
3241 4423 3390 4494 quod

1789 4536 1895 4575 non
1933 4519 2004 4574 sit
2046 4518 2351 4572 Antiochiae
2381 4516 2772 4580 sacerdotium,
2809 4516 2902 4570 sed
2957 4514 3125 4568 lconii
3171 4533 3183 4568 :
3219 4530 3384 4584 quam

1790 4608 2006 4674 urbem,
2047 4607 2246 4677 utipse
2282 4605 2348 4660 ad
2384 4621 2486 4659 uos
2531 4603 2828 4674 scripsisti,
2861 4604 3149 4657 Antiochia
3182 4605 3248 4657 ad
3289 4603 3387 4654 hn-

135 4694 492 4768 ἀντηλλάξατοο
539 4707 692 4761 ἐστιν
735 4704 830 4763 οὖν
870 4709 1058 4773 δεκτὸς
1089 4710 1118 4764 ὁ
1148 4711 1290 4781 ἀνὴρ
1319 4710 1551 4774 ἐκεῖνος,
1583 4710 1682 4763 άπ-

1806 4700 2076 4756 Jitandum
2113 4697 2468 4768 permutavit.
2506 4694 2650 4766 Ergo
2680 4696 2764 4748 vir
2796 4694 2890 4749 ille
2924 4693 3129 4763 suscipi
3159 4703 3375 4763 potest;

136 4791 410 4862 σιτούμενος
441 4801 599 4870 παρὰ
627 4802 727 4872 τῆς
757 4801 1049 4868 εὐλαϐείας
1095 4820 1213 4868 σου,
1272 4803 1681 4874 μεταμέλεσθαι

136 4877 208 4964 ἐπὶ
231 4887 287 4954 τῇ
318 4889 534 4964 εὐκολίᾳ
567 4891 664 4944 τοῦ
712 4893 903 4963 ὅρκου,
931 4893 989 4947 ὃν
1029 4895 1124 4947 ἐπὶ
1173 4893 1268 4948 τοῦ
1319 4895 1554 4948 ἀπίστου
1585 4897 1682 4947 ἀν-

135 4963 232 5034 δρὸς
254 4973 579 5048 ἐξωμόσατο,
614 4981 881 5051 ﬂectitis!
905 4983 1002 5055 τὴν
1035 4985 1320 5056 ἐνόχλησιν
1349 4985 1443 5039 τοῦ
1478 4985 1678 5058 μικροῦ

136 5063 307 5120 ἐκείνου
329 5071 575 5127 κινδύνου
612 5074 689 5146 μὴ
719 5075 997 5145 δυνηθείς.

196 5154 251 5210 Ἢ
291 5163 354 5216 λδ⁹
385 5165 628 5235 διάταξις
659 5170 751 5223 τοῦ
783 5171 827 5224 δ’
855 5170 963 5225 τίτ.
997 5170 1091 5225 τοῦ
1130 5171 1177 5225 α’
1211 5172 1351 5244 βιϐλ.
1399 5173 1494 5228 τοῦ
1542 5174 1673 5229 κώδ.

137 5250 284 5316 φησίν·
326 5257 651 5326 Ἐπίσκοπος
679 5263 712 5334 ἢ
741 5263 1024 5335 κληρικὸς,
1051 5264 1299 5319 κυϐεύων
1332 5266 1364 5337 ἢ
1401 5269 1678 5322 κοινωνῶν

134 5345 217 5444 τοῖς
243 5349 550 5408 κυϐεύουσιν
581 5355 614 5425 ἢ
647 5357 1135 5428 παρακαθήμενος,
1159 5359 1192 5429 ἢ
1220 5358 1445 5431 θέατρον
1474 5360 1508 5433 ἢ
1546 5379 1679 5414 κυν’

133 5442 256 5527 lit/tm;
277 5442 508 5517 θεωρῶν,
537 5449 863 5520 ἀφορίζεται
911 5451 1092 5522 πάσης
1124 5452 1408 5524 ἱερατικῆς
1433 5453 1679 5527 λειτουρ-

137 5524 250 5628 iiii,
265 5541 350 5590 mi
370 5541 478 5596 τῶν
507 5547 772 5614 σιτήσεων
804 5546 970 5600 αὑτοῦ
1001 5551 1298 5618 στερεῖται,
1318 5548 1416 5602 καὶ
1435 5549 1680 5620 ὁρίζεται

137 5625 260 5710 αυτῷ
284 5632 461 5698 χρόνος
495 5636 578 5700 εἱς
614 5638 903 5709 μετάνοιαν
927 5656 940 5671 °
977 5643 1072 5696 καὶ
1101 5641 1196 5695 ἐὰν
1228 5641 1396 5710 ἀξίως
1425 5642 1558 5696 εἴσω
1580 5644 1675 5697 τοῦ

137 5706 298 5806 κῆνον
339 5732 475 5797 φανῇ
523 5706 902 5805 μετανοήσας,
955 5735 1237 5806 ἱερατικῆς
1272 5706 1520 5800 ἀξιοῦται
1551 5736 1678 5806 φιλ.

133 5798 411 5878 ανθρωπίας
431 5835 444 5849 ·
478 5798 536 5875 εἰ
559 5823 616 5877 δὲ
639 5798 779 5896 μετᾶ
801 5826 894 5881 τὸν
917 5798 1112 5900 χρόνον
1135 5798 1433 5901 ἐπιμείνοι,
1454 5798 1676 5894 τελείως

130 6021 140 6027 ,
181 5962 235 5992 ⁸”
269 5965 392 6028 Can.
419 5991 598 6045 apost.
622 5986 707 6052 42,
738 5988 827 6044 15.

1790 4794 2108 4867 postulante
2142 4792 2211 4847 ab
2244 4807 2310 4847 eo
2339 4791 2542 4861 pietate
2583 4798 2698 4850 tua,
2727 4797 2786 4843 ut
2819 4786 3198 4858 paenitentiam
3233 4796 3384 4856 agat,

1790 4890 1862 4944 ob
1897 4888 2114 4943 facilem
2156 4895 2209 4942 et
2232 4894 2550 4957 promptum
2579 4883 2644 4938 ad
2677 4882 3069 4954 jusjurandum
3107 4881 3382 4943 animum,

1787 4985 1932 5055 quod
1960 4997 2146 5037 coram
2189 4981 2393 5035 inlideli
2443 4980 2560 5033 viro
2608 4977 2840 5046 juravit,
2875 4977 3188 5032 molestiam
3231 4973 3380 5028 ferre

1788 5077 1969 5147 exigui
2004 5077 2150 5131 illius
2177 5073 2402 5145 periculi
2432 5089 2540 5129 nou
2574 5073 2784 5128 valens.

1861 5172 2077 5227 Textus.
2107 5170 2276 5242 298
2303 5169 2493 5225 Const.
2513 5169 2606 5234 54,
2631 5169 2719 5223 tit.
2744 5168 2799 5231 4,
2826 5166 2921 5220 lib.
2945 5182 2963 5220 ι
3013 5163 3135 5220 cod.
3161 5161 3389 5232 Episco-

1787 5283 1890 5339 pus
1919 5278 2013 5321 aut
2038 5266 2292 5332 clericus,
2330 5264 2526 5335 inquit,
2551 5264 2642 5333 qui
2677 5270 2772 5317 aut
2796 5261 2912 5315 alea
2945 5259 3106 5324 ludit,
3137 5265 3382 5311 autcum

1788 5361 2120 5416 aleatoribus
2144 5359 2538 5416 commercium
2571 5357 2759 5421 habet,
2784 5355 2864 5409 vel
2893 5351 3007 5425 [iis]
3040 5351 3265 5415 assidet,
3291 5359 3388 5404 aut

1789 5460 2100 5531 spectacula
2130 5458 2485 5513 arenariasve
2506 5455 2829 5510 venationes
2855 5457 3065 5520 Spectat
3093 5465 3106 5501 :
3136 5447 3206 5502 ab
3231 5446 3386 5500 omni

1789 5567 1950 5609 sacro
1980 5539 2305 5623 segregatur
2333 5549 2668 5610 ministerio,
2696 5542 3018 5600 annonariis
3051 5541 3168 5597 suis
3203 5539 3386 5610 priva-

1788 5655 1878 5701 tur
1926 5646 2288 5717 pensionibus
2345 5659 2360 5697 :
2409 5652 2464 5699 et
2512 5639 2874 5697 constituitur
2916 5637 2995 5691 illi
3049 5631 3386 5707 paenitentia:

1786 5749 2038 5810 tempus,
2083 5738 2228 5794 intra
2277 5735 2426 5806 quod
2476 5734 2525 5791 si
2573 5733 2736 5803 digne
2781 5730 3054 5802 prenitere
3099 5725 3381 5786 videatur,

1785 5829 2113 5886 sacerdotali
2155 5827 2496 5898 benignitate
2537 5824 2734 5895 dignus
2776 5822 3010 5879 habetur
3056 5837 3070 5873 :
3117 5827 3171 5872 at
3213 5815 3277 5887 si__
3305 5815 3383 5885 [iu
