3874 6296
539 366 648 430 775

1688 359 1920 422 ΡΙΙΟΤΙ
1929 361 1951 421 Ι
1979 359 2486 422 PATRIARCH/E
2527 358 2636 419 (ΣΡ.

3692 361 3775 429 776

544 480 693 535 vitiis
732 478 876 553 istis]
916 477 1250 550 perstiterit,
1288 477 1516 534 omnino
1557 492 1588 533 e
1631 476 1778 533 clero
1822 477 2060 548 ejicitur,
2093 486 2146 532 et
2172 516 2184 540 λ

2291 477 2574 532 ιϐάλλεται
2609 475 2702 530 τοῦ
2730 473 2959 548 κλήρου,
2993 472 3091 530 καὶ
3119 473 3326 543 γίνεται
3375 473 3646 549 βουλευτὴς

544 575 704 647 cujus
745 575 985 631 civitatis
1029 573 1266 630 clericus
1309 581 1456 640 erat,
1493 573 1613 643 ejus
1637 563 1788 628 ‘cum
1835 572 2143 629 substantia

546 681 648 718 sua
693 665 862 719 curia:
907 664 1258 735 mancipatur
1305 680 1319 718 :
1368 673 1460 718 aut
1502 663 1549 719 si
1593 678 1656 718 ea
1699 662 1896 718 civitas
1931 664 2142 719 curiam

552 771 658 811 non
692 757 877 821 habet,
902 757 1156 811 concedit
1188 758 1241 810 in
1269 755 1584 812 destitutam
1618 753 1884 828 [aliquam
1911 754 2145 828 curiam]

554 850 867 906 vicinarum
927 847 1286 922 [civitatum].
1332 847 1488 915 Quod
1539 850 1584 905 si
1635 851 1812 906 nullas
1859 850 2149 906 facultates

556 944 776 1009 habeat,
803 943 860 997 fit
883 943 1182 1014 apparitor.
1206 941 1538 998 Custodiuut
1560 952 1743 998 autem
1775 945 1890 999 haec
1918 945 2151 1012 patriar—

551 1039 692 1101 chae,
726 1037 992 1107 episcopi,
1023 1035 1273 1091 ecclesiae
1301 1035 1644 1104 defensores,
1676 1036 1948 1107 cujusque
1976 1037 2152 1106 juris-

555 1131 819 1186 dictionis
845 1128 1086 1199 praefecti
1110 1139 1164 1185 et
1188 1129 1473 1198 praesides.
1498 1129 1674 1201 Atque
1695 1130 2012 1186 defensores
2041 1129 2154 1184 haec

557 1224 938 1280 sacerdotibus
965 1221 1316 1277 anuuntiant.
1345 1220 1572 1291 Oportet
1599 1222 1762 1277 etiam
1794 1223 1911 1278 haec
1940 1237 2156 1278 summa

556 1332 681 1373 cum
716 1315 1001 1387 diligentia
1038 1329 1224 1370 coram
1263 1313 1576 1386 Evangeliis
1611 1314 1842 1386 inquiri,
1873 1325 1928 1370 et
1968 1315 2021 1370 in
2066 1330 2156 1370 ca-

557 1412 916 1467 lumniatores
962 1410 1389 1481 indignationem
1420 1410 1636 1480 concipi
1665 1429 1677 1465 :
1707 1426 1771 1466 ac
1795 1411 1847 1465 in
1873 1410 2157 1480 praesides,

559 1507 847 1570 cohortes,
881 1512 1046 1576 atque
1079 1504 1429 1570 defensores,
1459 1503 1506 1559 si
1546 1505 1636 1560 ubi
1673 1503 1792 1560 haec
1830 1505 2158 1571 didicerint,

562 1599 1004 1670 competentibus
1046 1598 1431 1653 sacerdotibus
1473 1613 1582 1652 non
1627 1597 2048 1663 annuntiariut,
2080 1598 2162 1652 di-

565 1709 754 1749 versas
786 1707 977 1762 poenas
1015 1692 1208 1748 statui.
1236 1691 1439 1746 Verum
1475 1700 1655 1746 const.
1683 1689 1750 1755 2,
1781 1691 1864 1745 tit.
1903 1693 1922 1744 l
1963 1690 2163 1744 Novel-

567 1786 743 1839 ΙειΙἹΙιι]
781 1786 934 1850 dicit,
967 1793 1028 1839 ut
1057 1784 1296 1840 triennio
1326 1785 1400 1839 illi
1431 1801 1460 1839 a
1492 1783 1799 1840 ministerio
1834 1784 2165 1856 prohibean-

568 1890 678 1942 tur,
715 1895 780 1934 ac
820 1879 872 1933 in
918 1879 1318 1934 monasterium
1369 1879 1738 1950 conjiciantur

569 1972 946 2028 sacerdotibus
979 1972 1250 2041 prazbens,
1281 1975 1427 2038 ut,si
1463 1971 1782 2043 ptenitentia
1819 1981 2156 2043 compareat,

571 2074 790 2134 tempus
821 2064 1176 2119 imminuant.

647 2155 867 2210 Teatus.
905 2154 1020 2210 Non
1066 2156 1229 2211 modo
1271 2154 1537 2225 peierare.
1569 2171 1759 2212 verum
1791 2157 1954 2212 etiam
1983 2156 2170 2227 jurare

574 2247 628 2299 in
677 2247 994 2301 universum
1019 2246 1235 2301 clericis
1258 2245 1606 2318 prohibetur.
1633 2248 1841 2302 Dicitur
1862 2248 2004 2302 enim
2034 2249 2125 2303 lib.
2153 2264 2172 2303 ι

573 2339 696 2394 cod.
731 2341 816 2392 tit.
845 2339 907 2401 ὅ,
937 2347 1118 2393 const.
1147 2337 1251 2404 25,
1280 2338 1427 2408 quod
1462 2339 1649 2393 clerici
1686 2339 1998 2413 litigantes,
2033 2340 2170 2396 lide-

569 2429 852 2500 jussioues
885 2429 1012 2482 deut
1046 2443 1221 2498 usque
1259 2427 1326 2481 ad
1363 2427 1764 2498 quinquaginta
1803 2427 1970 2481 libras
2004 2425 2172 2500 [auri]

574 2529 629 2576 et
657 2523 701 2575 si
737 2535 826 2575 res
855 2518 1022 2592 [hanc
1055 2517 1354 2590 summam]
1385 2517 1647 2583 excedat,
1683 2533 1784 2588 pro
1818 2519 2173 2587 exsultet-aliti

581 2614 894 2668 cautionem
945 2611 1170 2682 iujurati
1220 2612 1423 2667 faciant
1470 2631 1484 2668 :
1533 2628 1600 2666 eo
1644 2613 1790 2683 quod
1838 2621 1890 2668 et
1931 2615 2079 2684 leges
2123 2620 2181 2668 et

578 2721 819 2764 canones
846 2705 1106 2762 clericum
1128 2690 1319 2776 jurare
1350 2705 2026 2776 prohibeant,quanquam
2046 2706 2176 2780 [vel]

579 2799 820 2853 maxime
861 2798 1077 2851 dicatur
1115 2795 1306 2850 eodem
1351 2796 1445 2851 lib.
1481 2796 1564 2850 tit.
1602 2795 1698 2862 ιε,
1733 2808 1911 2851 const.
1939 2797 2001 2863 '5,
2031 2797 2179 2865 quod

581 2899 834 2960 Oporteat
880 2905 976 2944 eos
1015 2887 1110 2958 qui
1158 2885 1247 2960 [ad
1288 2887 1576 2962 ecclesias]
1625 2887 1979 2960 confugiunt,
2015 2889 2182 2962 299

585 2983 930 3046 admonitos,
961 2989 1017 3036 et
1061 2981 1130 3036 de
1172 2981 1473 3037 securitate
1513 2981 1877 3051 jurejurando
1922 2992 2178 3053 accepto,

584 3075 860 3144 deponere
901 3089 1024 3144 qua:
1065 3072 1141 3144 [in
1185 3071 1330 3144 illas]
1375 3073 1662 3129 intulerint
1703 3090 1856 3130 arma
1903 3093 1915 3128 :
1959 3082 2012 3131 et
2054 3091 2185 3130 con-

587 3168 707 3225 stit.
737 3168 803 3234 6,
835 3167 1078 3238 ejusdem
1117 3182 1194 3222 xu
1231 3167 1326 3221 lib.
1352 3168 1499 3222 dicat
1527 3186 1542 3224 :
1576 3167 1735 3236 Quod
1765 3170 1810 3223 si
1843 3169 2084 3239 suspicio
2112 3171 2183 3222 sit

588 3259 656 3314 de
682 3259 915 3324 clerico,
946 3269 1203 3328 tanquam
1248 3272 1337 3312 res
1381 3256 1646 3331 [aliquas]
1687 3259 1922 3332 confuge
1953 3263 2180 3324 habeat,

584 3351 746 3421 jussu
776 3349 1017 3421 episcopi
1049 3350 1134 3446 gi
1160 3349 1329 3419 juret.
1360 3349 1436 3405 De
1469 3351 1838 3421 prohibitione
1865 3363 2083 3414 autem.
2121 3368 2186 3408 ue

589 3444 773 3498 clerici
823 3460 1020 3498 usuras
1061 3443 1334 3514 accipiant
1374 3443 1610 3514 ubique,
1645 3443 1786 3517 [ubi]
1830 3446 1897 3502 de
1941 3444 2188 3515 pet-unite

590 3538 812 3595 credita
857 3537 972 3593 sive
1012 3537 1153 3608 pacti
1198 3536 1587 3612 [actionibus].
1617 3539 1917 3610 quinetiam
1967 3541 2031 3595 iis
2069 3556 2190 3607 ιιιιαι

592 3649 659 3689 ex
690 3631 953 3687 dilatione
985 3631 1263 3686 actionum
1302 3632 1458 3687 bonae
1495 3632 1618 3687 ﬁdei
1662 3633 1827 3687 tacite
1871 3643 2192 3704 competunt

597 3723 850 3798 [agitur]
882 3724 1016 3778 mihi
1042 3738 1168 3779 esse
1193 3723 1399 3779 diotutn
1429 3725 1666 3779 videtur.

673 3815 892 3870 Textus.
923 3815 1090 3885 Atqui
1130 3824 1307 3870 const.
1331 3815 1386 3878 5,
1427 3815 1508 3868 tit.
1535 3814 1571 3868 2
1608 3812 1957 3870 Novellarum
1998 3817 2050 3870 iu
2093 3818 2196 3887 piis

598 3907 794 3977 legatis
849 3919 1075 3977 propter
1129 3905 1454 3961 dilationem
1513 3921 1716 3963 usuras
1767 3917 1932 3978 atque
1983 3906 2197 3964 fructus

599 4001 743 4071 exigi
773 4000 927 4055 dicit.

673 4093 912 4148 Proinde
953 4091 1021 4146 de
1062 4089 1226 4146 furtis
1265 4089 1593 4145 clericorum
1639 4091 1924 4163 speciatim
1972 4091 2056 4147 lex
2091 4108 2201 4148 non

604 4185 846 4242 disserit.
882 4183 1226 4240 Generaliter
1257 4195 1438 4240 autem
1474 4185 1543 4240 de
1575 4183 1738 4241 furtis
1775 4194 1976 4242 tractat
2012 4188 2098 4241 tit.
2132 4185 2201 4253 2,

607 4279 700 4334 lib.
727 4294 779 4332 vr
827 4276 951 4331 cod.
975 4285 1029 4330 et
1055 4276 1138 4329 tit.
1162 4275 1216 4341 5,
1242 4275 1336 4332 lib.
1363 4291 1528 4343 vau,
1554 4278 1665 4348 dig.
1692 4277 1989 4334 Furtorum
2023 4289 2203 4334 autem

609 4374 732 4428 duae
752 4380 885 4427 sunt
911 4372 1144 4440 species,
1163 4386 1394 4440 quarum
1421 4373 1591 4426 altera
1619 4371 1971 4428 manifestum
1999 4373 2203 4428 furtum

611 4464 814 4519 dicitur
842 4479 857 4517 :
883 4463 1052 4518 altera
1086 4479 1187 4518 nec
1221 4463 1596 4520 manifestum.
1625 4462 1949 4520 Manifestus
1983 4465 2070 4520 fur
2099 4476 2204 4533 est,

2247 567 2350 639 τῆς
2376 565 2542 623 αὐτοῦ
2573 567 2892 636 περιουσίας
2918 566 3021 638 τῆς
3052 566 3264 630 πόλεως
3291 561 3357 637 ἦς
3382 563 3448 639 ἦν
3480 568 3728 644 κληρικὸς⁹
3751 580 3777 649 ἦ

2247 662 2347 730 τῆς
2379 659 2589 724 πόλεως
2615 660 2831 730 ἐκείνης
2860 661 2961 714 οὐκ
2993 658 3225 731 ἐχούσης
3252 659 3634 734 βουλευτήριον,
3663 670 3781 734 γίνε-

2247 773 2338 809 ται
2384 757 2464 819 είς
2485 756 2586 825 τὴν
2612 753 2921 826 χρῄζουσαν
2953 755 3018 808 ἐκ
3073 755 3182 807 τῶν
3214 754 3616 824 πλησιαζουσῶν
3634 774 3646 790 ·
3674 764 3714 813 εί
3741 763 3785 816 δὲ

2254 846 2328 919 μὴ
2358 846 2472 917 ἔχει
2499 845 2774 912 ἐξουσίαν,
2791 846 3004 915 γίνεται
3021 843 3298 918 ταξεώτης
3315 861 3330 877 ·
3357 847 3787 917 παραφυλάττουσι

2250 938 2308 992 δέ
2341 939 2515 994 ταῦτα
2539 941 2587 992 οί
2620 939 2962 1010 πατριάρχαι
2987 938 3084 991 καὶ
3113 940 3162 991 οἱ
3198 937 3489 991 ἐπίσκοποι
3513 940 3602 993 καὶ
3643 942 3685 994 oi
3719 944 3790 996 tx-

2253 1032 2649 1104 κλησιέκδικοι,
2703 1034 2798 1087 καὶ
2842 1032 2893 1086 οί
2928 1032 3166 1103 ἑκάστης
3217 1031 3530 1103 διοικήσεως
3572 1032 3789 1106 ὕπαρχοι,

2256 1125 2352 1179 καὶ
2391 1127 2440 1179 οἱ
2488 1127 2752 1197 ἄρχοντες
2783 1126 2879 1180 καὶ
2911 1125 2960 1178 οἱ
3007 1125 3216 1178 ἔκδικοι
3259 1123 3434 1178 ταῦτα
3476 1125 3583 1188 τοῖς
3625 1127 3796 1196 ἱερεῦσι

2258 1218 2730 1290 προσαγγέλλουσι
2751 1234 2766 1249 ·
2797 1217 2879 1271 δεῖ
2911 1216 2969 1270 δὲ
2994 1214 3218 1268 τοιαῦτα
3253 1213 3394 1284 μετὰ
3423 1213 3796 1287 ἀκριϐείας,ἐπὶ

2259 1311 2368 1364 τῶν
2413 1309 2766 1381 Εύαγγελίων
2814 1307 3142 1380 ζητεῖσθαι,
3198 1308 3292 1361 καὶ
3335 1307 3462 1370 τοὺς
3506 1309 3799 1378 συκοφάντας

2261 1402 2728 1473 ἀγανακτεῖσθαι·
2787 1401 2979 1465 ποινὰς
3040 1399 3098 1453 δέ
3147 1399 3443 1470 διαφόρους
3489 1399 3649 1471 ὁρίζει
3690 1404 3800 1455 κατὰ

2262 1495 2372 1549 τῶν
2397 1496 2674 1568 ἀρχόντων
2720 1495 2817 1548 καὶ
2862 1494 2972 1547 τῶν
3004 1493 3212 1560 τάξεων
3246 1494 3342 1547 καὶ
3385 1492 3495 1545 τῶν
3520 1493 3742 1555 ἐκδίκων,
3768 1497 3804 1548 εἱ

2264 1590 2438 1646 ταῦτα
2469 1591 2732 1662 μαθόντες
2768 1591 2843 1662 μὴ
2878 1590 3320 1660 προσαγγείλωσι
3373 1590 3487 1654 τοῖς
3519 1590 3804 1660 προσφόροις

2269 1683 2537 1754 ἱερεῦσιν·
2571 1685 2604 1755 ἡ
2640 1683 2824 1755 μέντοι
2855 1684 2897 1756 β’
2927 1683 3066 1739 διάτ.
3104 1682 3200 1736 τοῦ
3231 1681 3280 1736 α’
3310 1681 3420 1737 τίτ.
3465 1681 3570 1735 τῶν
3597 1682 3805 1754 Νεαρῶν,

2272 1779 2362 1830 ἐπὶ
2390 1775 2635 1850 τριετίαν
2686 1771 2840 1830 εἶπεν
2874 1776 3074 1840 αὐτοὺς
3126 1778 3225 1847 τῆς
3256 1774 3600 1845 λειτουργίας
3641 1774 3808 1827 κωλύει

1786 1896 1800 1933 :
1835 1850 2163 1934 laettllatem

2291 1869 2416 1935 ῖθαι,
2453 1871 2549 1926 καὶ
2593 1870 2943 1942 μοναστηρίῳ
3002 1867 3402 1940 ἐμϐάλλεσθαι·
3445 1868 3623 1921 ἄδειαν
3666 1886 3810 1939 παρα-

2271 1963 2478 2036 σχοῦσα
2539 1966 2654 2027 τοῖς
2719 1962 2926 2034 ἱερεῦσι
2998 1963 3290 2034 μετανοίας

2271 2057 2532 2111 ἐλαττοῦν
2557 2057 2647 2110 τὸν
2678 2056 2890 2128 χρόνον.
3569 2120 3594 2130 -

2344 2152 2420 2204 Οὐ
2485 2149 2646 2221 μόνον
2702 2151 2985 2221 ἐπιορκεῖν
3040 2147 3311 2202 κωλύεται
3368 2144 3664 2217 κληρικδς,
3713 2147 3816 2200 ἀλλὰ

2272 2242 2504 2297 καθόλου
2554 2240 2821 2312 ὀμνύναι·
2873 2241 3090 2312 εἴρηται
3133 2242 3242 2311 γὰρ
3296 2240 3390 2295 τοῦ
3435 2239 3566 2295 κώδ.
3615 2239 3737 2310 βιϐλ.
3766 2241 3816 2304 α’,

2274 2337 2382 2390 τίτ.
2414 2342 2485 2406 γ’,
2522 2335 2666 2392 διάτ.
2697 2332 2799 2398 κε’,
2836 2335 2918 2389 ὅτι
2946 2336 2996 2388 οἱ
3043 2334 3295 2407 κληρικοὶ
3318 2334 3660 2404 δικαζόμενοι
3683 2334 3819 2387 διδότ-

2279 2447 2365 2484 σιν
2402 2429 2608 2499 ἐγγύας
2645 2428 2807 2500 μέχρι
2832 2433 2874 2482 ν’
2906 2427 3140 2500 λιτρῶν·
3176 2429 3223 2480 εί
3254 2428 3310 2481 δὲ
3342 2427 3406 2479 τὸ
3436 2429 3660 2498 πρᾶγμα
3685 2427 3820 2495 ὑπερ·

2278 2519 2476 2586 ϐαίνει,
2535 2518 2829 2591 ὁμολογίαν
2863 2519 2985 2582 {tati
3035 2516 3113 2588 τῷ
3173 2516 3562 2588 ύπερϐαίνοντι
3619 2517 3818 2569 ποιοῦσιν

2280 2612 2564 2684 ἀνώμοτον
2589 2628 2600 2640 ·
2638 2612 2773 2666 διότι
2811 2612 2905 2666 καὶ
2943 2613 2994 2665 οἱ
3026 2613 3182 2683 νόμοι
3230 2613 3328 2666 καὶ
3375 2612 3428 2664 οἱ
3466 2611 3698 2675 κανόνες,
3740 2628 3821 2662 κω-

2280 2706 2469 2760 λύουσι
2499 2704 2762 2776 κληρικὸν
2790 2704 3018 2775 ὀμνύειν
3040 2722 3053 2736 ·
3090 2705 3139 2758 εἰ
3168 2705 3263 2760 καὶ
3292 2703 3364 2758 τὰ
3397 2704 3628 2775 μάλιστα
3652 2703 3821 2774 talpa-:1:

2285 2799 2427 2870 βιϐλ.
2467 2797 2546 2868 τῷ
2576 2795 2747 2860 αὐτῷ,
2782 2797 2888 2852 τίτ.
2929 2796 3016 2868 ιβ’,
3046 2797 3189 2852 διάτ.
3221 2803 3292 2866 γ’,
3330 2798 3417 2851 ὅτι
3443 2797 3524 2851 δεῖ
3556 2798 3673 2860 τοὺς
3695 2813 3824 2867 προς·

2291 2889 2620 2960 φεύγοντας,
2654 2886 3136 2958 προτρεπομένους
3167 2887 3262 2938 καὶ
3295 2886 3464 2954 ὅρκον
3489 2885 3580 2937 ἐπὶ
3605 2887 3665 2954 τῇ
3690 2887 3825 2951 ἀσφα-

2283 2982 2405 3054 λείᾳ
2459 2979 2878 3050 λαμϐάνοντας,
2927 2977 3287 3032 ἀποτίθεσθαι
3335 2977 3486 3050 ἅπερ
3530 2977 3824 3046 ἐπιφέρονται

2285 3080 2459 3134 ὅπλα·
2484 3077 2639 3151 καὶὴ
2674 3076 2728 3143 ς’
2759 3076 2900 3130 διάτ.
2933 3075 3028 3130 τοῦ
3065 3075 3228 3130 αὐτοῦ
3273 3074 3422 3146 βιϐλ.
3457 3075 3641 3146 φησιν,
3671 3072 3739 3126 ὅτι
3760 3073 3826 3123 ἐὰν

2289 3172 2438 3226 ἔστιν
2469 3170 2698 3224 ὑπόνοια
2732 3171 2860 3241 περὶ
2905 3170 3170 3242 κληρικοῦ
3203 3169 3279 3232 ὡς
3330 3169 3550 3239 ἔχοντος
3581 3165 3828 3238 πράγματι

2288 3266 2384 3320 τοῦ
2418 3263 2882 3337 προσφεύγοντος,
2913 3263 3163 3316 κελεύσει
3188 3261 3281 3315 τοῦ
3318 3261 3622 3315 ἐπισκόπου
3648 3256 3825 3327 ὀμνύει·

2289 3362 2325 3432 ἡ
2368 3359 2426 3414 δὲ
2468 3358 2708 3423 κώλυσις
2751 3357 2847 3411 τοῦ
2877 3357 3179 3427 λαμϐάνειν
3226 3355 3497 3427 κληρικόν
3524 3351 3831 3419 τόκους,ἐξιοὶ

2293 3451 2546 3523 φαίνεται
2596 3448 2875 3520 πανταχοῦ
2928 3449 3058 3520 περὶ
3103 3449 3211 3502 τῶν
3273 3447 3383 3502 ἀπὸ
3452 3447 3661 3500 δανείου
3705 3445 3831 3514 ἤγουν

2295 3541 2592 3615 συμφώνου
2646 3539 2922 3610 λελέχθαι,
2972 3540 3032 3592 ού
3101 3539 3208 3610 μὴν
3265 3539 3400 3609 περὶ
3438 3537 3547 3590 τῶν
3593 3532 3831 3602 σιωπηρώς

2295 3637 2647 3710 ἁρμοζόντων
2680 3634 2740 3700 ἐξ
2774 3634 3124 3707 ὑπερθέσεως
3147 3634 3243 3688 ἐπὶ
3271 3632 3382 3686 τῶν
3433 3631 3563 3702 βόνα
3597 3629 3703 3699 φίδε
3727 3629 3835 3695 ἀγω-

2297 3733 2429 3800 γῶν.

2383 3821 2599 3894 Ἀμέλει
2629 3821 2724 3875 καὶ
2760 3822 2791 3891 ἡ
2848 3826 2895 3889 γ’
2924 3819 3065 3872 διάτ.
3098 3816 3193 3872 τοῦ
3252 3815 3297 3888 β’
3327 3816 3438 3874 τίτ.
3483 3817 3591 3869 τῶν
3636 3811 3834 3883 Naupli”.

2302 3919 2395 3973 ἐπὶ
2424 3918 2675 3990 ληγάτων
2703 3915 2949 3970 εὐσεϐῶν
2977 3916 3036 3982 ἐξ
3061 3915 3419 3988 ὑπερθέσεως
3465 3908 3617 3968 εἶπεν
3640 3910 3837 3967 ἀπαιτεῖ.

2305 4012 2431 4067 σθαι
2460 4011 2555 4065 καὶ
2581 4011 2776 4075 τόκους
2806 4011 2904 4064 καὶ
2933 4009 3202 4082 καρπούς.

2376 4107 2514 4177 Περὶ
2540 4104 2596 4159 δὲ
2623 4103 2832 4175 κλοπῆς
2863 4103 3160 4174 κληρικῶν,
3198 4102 3382 4166 ίδικῶς
3427 4103 3457 4156 ό
3506 4099 3660 4171 νόμος
3683 4095 3732 4149 ού
3755 4093 3839 4146 διι-

2306 4199 2550 4269 λέγεται,
2595 4197 2829 4267 γενικῶς
2863 4196 2920 4249 δὲ
2949 4194 3312 4267 διαλαμϐάνει
3357 4195 3493 4267 περὶ
3544 4191 3748 4260 κλοπῆς,
3786 4182 3840 4253 οβ’

2308 4289 2412 4343 τίτ.
2447 4289 2542 4342 τοῦ
2573 4289 2660 4359 μζ⁹
2708 4287 2851 4358 βιϐλ.
2884 4286 2994 4340 τῶν
3021 4287 3134 4357 δίγ.
3172 4286 3277 4342 Δύο
3307 4287 3363 4340 δὲ
3391 4287 3512 4355 εἴδη
3545 4285 3639 4356 τῆς
3662 4280 3837 4348 κλοπῆς.

2307 4381 2403 4435 καὶ
2461 4380 2524 4433 τδ
2574 4381 2672 4452 μὲν
2720 4380 2892 4450 αὐτῆς
2945 4377 3163 4448 λέγεται
3215 4379 3432 4450 φανερά
3486 4377 3684 4447 κλοπὴ.
3716 4374 3766 4426 τὸ
3802 4369 3841 4421 δὲ

2309 4474 2526 4544 ἀφανής
2551 4490 2566 4503 ⁸
2612 4473 2848 4546 φανερὸς
2881 4473 3123 4544 κλέπτης
3167 4473 3337 4540 ἐστὶν,
3387 4474 3417 4526 ὁ
3457 4471 3592 4542 μετὰ
3636 4467 3716 4522 τοῦ
3752 4467 3841 4517 ἐπι·

3374 1961 3810 2033 ἐπιδεικνυμένηςζ

613 4559 708 4630 qui
749 4573 871 4612 cum
910 4555 1110 4611 furtiva
1150 4572 1208 4611 re
1244 4571 1272 4609 a
1309 4557 1682 4628 qualicunque
1724 4573 1990 4628 persona,
2025 4560 2184 4628 prius

2314 4565 2646 4637 κλοπιμαίου
2706 4566 3034 4639 πράγματος
3096 4565 3156 4632 ἐξ
3210 4565 3537 4636 οίουδήποτε
3607 4558 3843 4632 προσώπου

615 4664 782 4720 quam
812 4662 931 4701 eam
966 4647 1240 4718 perferat,
1273 4661 1384 4716 quo
1419 4662 1486 4701 eo
1517 4648 1605 4703 die
1641 4646 1930 4721 [perferre]
1969 4649 2210 4704 destina-

617 4751 726 4809 rat,
751 4742 870 4798 sive
902 4742 955 4795 in
985 4742 1106 4796 loco
1134 4741 1351 4809 publico
1377 4741 1492 4796 sive
1523 4739 1577 4794 in
1610 4741 1824 4812 privato
1852 4743 2212 4812 deprehendi-

620 4848 728 4890 tur.
760 4835 867 4890 Sed
901 4833 948 4890 si
981 4833 1274 4905 pertulerit
1303 4849 1414 4904 quo
1447 4834 1775 4899 destinavit,
1807 4836 2026 4890 tametsi
2065 4845 2212 4905 post-

621 4928 845 4984 modum
877 4942 1002 4983 cum
1035 4943 1093 4982 re
1123 4925 1322 4982 furtiva
1350 4925 1795 4998 deprehendatur
1825 4946 1838 4984 :
1871 4944 1979 4983 nou
2013 4938 2097 4984 est
2127 4931 2214 4983 fur

623 5022 972 5078 manifestus.
1003 5021 1106 5088 Qui
1137 5037 1268 5077 vero
1300 5023 1426 5077 talis
1454 5037 1562 5077 non
1598 5021 1760 5095 [est,]
1791 5021 1876 5075 fur
1909 5037 2008 5076 nec
2038 5024 2215 5075 mani-

623 5116 816 5172 festus.
850 5115 1121 5171 Caeterum
1161 5130 1324 5186 pmua
1361 5115 1498 5185 luris
1538 5115 1817 5170 manifesti
1854 5115 2104 5184 procedit
2143 5114 2212 5169 ad

625 5208 994 5280 quadruplum
1033 5209 1191 5278 pretii
1219 5210 1297 5264 rei
1338 5208 1568 5274 furtiva},
1594 5209 1869 5264 interdum
1899 5210 2063 5263 etiam
2095 5211 2217 5280 ejus

625 5304 773 5374 quod
825 5303 1054 5357 interest
1093 5319 1107 5356 :
1154 5317 1265 5357 non
1311 5303 1620 5366 manifesti,
1655 5302 1722 5356 ad
1767 5303 2015 5372 duplum.
2049 5303 2114 5358 Et
2149 5304 2218 5358 ab

629 5404 865 5465 utroque
885 5405 1077 5449 exacta
1100 5409 1162 5448 ea
1190 5396 1547 5465 pmna,datur
1565 5393 1839 5466 [insuper]
1861 5410 1945 5450 res
1968 5393 2216 5467 [furtiva]

627 5486 814 5555 eju5ve
839 5486 1151 5540 aestimatio.
1856 5477 1863 5484 ’

699 5579 921 5634 Τεπιιιδ.
947 5578 1051 5646 Qui
1078 5595 1141 5634 ex
1173 5579 1430 5635 incendio
1453 5589 1548 5634 aut
1577 5579 1863 5651 naufragio
1889 5579 2218 5655 [quidpiaml

629 5673 806 5744 capit,
830 5674 986 5729 extra
1017 5689 1132 5729 rem
1161 5671 1424 5746 [captam]
1457 5673 1598 5727 intra
1632 5675 1822 5730 utilem
1854 5691 2059 5730 auuum
2085 5693 2223 5746 qua-

631 5763 886 5834 druplum
935 5765 982 5820 ci
1030 5765 1119 5820 cui
1166 5764 1382 5821 furatus
1429 5775 1544 5832 est,
1580 5775 1634 5822 et
1677 5767 2042 5839 quadruplum
2094 5771 2225 5826 lisco

636 5860 728 5913 dat
774 5876 786 5913 :
845 5868 968 5929 pOst
1012 5875 1216 5914 annum
1268 5875 1395 5916 vero
1442 5861 1729 5931 simplum,
1768 5875 1827 5918 ut
1866 5863 1961 5918 lib.
2014 5881 2065 5918 vr
2103 5866 2222 5921 cod.

2313 4657 2728 4728 λαμϐανόμενος
2780 4658 2911 4726 πρὶν
2955 4657 2989 4728 ἢ
3043 4656 3105 4710 τὺ
3153 4658 3389 4728 πρᾶγμα
3449 4652 3722 4720 ἐπαγάγοι,
3750 4643 3845 4698 ενοι

2317 4750 2586 4823 προέθετο
2607 4751 2665 4803 ἐν
2692 4750 2834 4822 αὐτῇ
2866 4753 2932 4821 τῇ
2967 4749 3174 4822 ἡμέρα,
3204 4750 3317 4802 εἴτε
3344 4751 3404 4802 ἐν
3435 4745 3674 4819 δημοσίῳ
3699 4741 3786 4795 εἴτε

2319 4841 2574 4914 ίδιωτικῷ
2601 4842 2753 4914 τόπῳ
2773 4858 2788 4874 ·
2827 4843 2876 4896 εί
2907 4841 2963 4895 δέ
2989 4839 3278 4913 ἀπήγαγεν
3310 4840 3443 4895 ἔνθα
3468 4837 3714 4912 προέθετο
3733 4831 3845 4888 αὖτ’).

2317 4938 2421 4993 κᾶν
2450 4938 2638 4991 λοιπὸν
2666 4936 2948 5008 συλληφθῇ
2987 4937 3103 5008 μετ’
3138 4935 3338 5000 αὑτοῦ,
3375 4937 3479 4990 οὐκ
3533 4933 3641 4986 ἐστι
3669 4923 3848 4998 φανερὸς

2318 5033 2564 5102 κλέπτης
2585 5048 2598 5062 ·
2631 5033 2660 5086 ὁ
2689 5031 2746 5086 δὲ
2773 5030 2850 5102 μὴ
2897 5031 3162 5094 τοιοῦτος,
3195 5029 3410 5102 ἀφανὴς
3446 5028 3677 5094 κλέπτης
3713 5017 3847 5074 ἐστίν·

2320 5129 2354 5199 ἡ
2385 5127 2443 5180 δὲ
2480 5125 2640 5198 ποινὴ
2667 5125 2762 5179 τοῦ
2797 5124 2897 5196 μὲν
2925 5124 3162 5195 φανεροῦ
3199 5124 3439 5176 κλέπτου
3469 5121 3690 5190 γίνεται,
3725 5114 3787 5173 εἰς
3810 5107 3851 5160 τί)

2320 5217 2663 5292 τετραπλοῦν
2693 5217 2791 5271 τοῦ
2815 5220 3126 5290 τιμήματος
3155 5215 3250 5270 τοῦ
3289 5214 3591 5277 κλαπέντος
3612 5227 3624 5239 ·
3645 5209 3769 5263 ἐστιν
3788 5205 3849 5254 ὅτε

2322 5317 2416 5370 καὶ
2462 5314 2558 5369 τοῦ
2612 5316 3001 5387 διαφέροντος·
3033 5314 3129 5368 τοῦ
3179 5315 3238 5369 δέ
3293 5312 3556 5384 ἀφανοῦς,
3600 5311 3674 5371 εἰς
3712 5305 3761 5358 τὸ
3799 5301 3854 5352 δε·

2322 5409 2491 5465 πλοῦν
2511 5428 2526 5441 ·
2573 5411 2669 5464 καὶ
2699 5412 2784 5481 ἐφ’
2815 5410 3103 5481 ἐκατέρου,
3135 5407 3334 5477 ἔξωθεν
3362 5409 3463 5479 τῆς
3496 5403 3733 5472 τοιαύτης
3753 5395 3855 5449 δίδο-

2323 5520 2415 5558 ται
2464 5504 2526 5557 τὺ
2575 5505 2812 5576 πρᾶγμα
2859 5505 2892 5577 ἢ
2943 5505 2978 5576 ὴ
3027 5504 3349 5576 διατίμησις
3393 5499 3582 5556 αὐτοῦ.

2411 5595 2470 5649 ’0
2492 5595 2548 5650 δὲ
2572 5572 2680 5650 ἀπὸ
2697 5572 3033 5670 ἐμπρησμοῦ
3055 5597 3086 5669 ἢ
3112 5572 3372 5668 ναυαγίου
3389 5596 3455 5649 λα
3464 5593 3673 5665 μϐάνων
3699 5572 3852 5672 ἕξιεζθεξ

2326 5686 2421 5741 τοῦ
2443 5687 2793 5759 πράγματος,
2814 5688 3029 5742 δίδωσιν
3055 5689 3186 5742 εἵσω
3220 5688 3317 5757 μὲν
3333 5685 3564 5741 οὐτιλίου
3582 5659 3854 5760 ἐνιαυτουςδ

2328 5779 2668 5850 τετραπλοῦν
2689 5780 2764 5851 τῷ
2786 5779 3068 5844 κλαπέντι,
3085 5780 3176 5833 καὶ
3190 5778 3269 5850 τῷ
3289 5779 3466 5848 φίσκῳ
3481 5772 3541 5827 τδ
3554 5764 3849 5848 caepa/oua:

2335 5873 2474 5944 μετὰ
2505 5872 2561 5926 δὲ
2592 5872 2682 5928 τὸν
2733 5874 3002 5942 ἐνιαυτὸν,
3054 5873 3114 5926 τὸ
3157 5871 3380 5937 ἁπλοῦν,
3410 5869 3487 5926 ὡς
3533 5858 3665 5932 βιϐλ.
3704 5855 3746 5915 ς’
3784 5860 3852 5898 τον
