3980 6436
196 493 289 554 ΠΊ

918 490 1318 553 SYNTAGM-A
1354 486 1740 575 CANQNUM.
1770 512 1838 521 —
1866 487 2013 547 TIT.
2050 488 2133 549 IX
2154 535 2168 563 ,
2205 488 2361 549 CAP-
2392 488 2666 551 XXVIII-

3335 492 3444 556 778

195 601 316 654 κώδ.
343 600 474 666 τίτ.,
504 599 573 672 β’,
603 600 743 655 διάτ.
771 595 860 669 ιη’,
891 602 985 654 καὶ
1017 602 1074 653 ὲν
1088 600 1165 670 τῷ
1194 596 1238 653 Θ⁰
1263 597 1369 652 τίτ.
1398 596 1493 650 τοῦ
1516 595 1590 666 μζ
1630 595 1766 666 βιϐλ.

1885 596 1957 651 .ἱι.
1991 596 2048 663 2,
2079 605 2256 652 const.
2289 597 2379 660 18,
2408 605 2462 651 et
2488 597 2572 651 tit.
2605 596 2660 663 9,
2693 595 2788 652 lib.
2820 612 2963 655 XLVII
3001 596 3257 672 [dicunt].
3281 597 3445 671 300

266 690 356 753 Ὠς
387 693 483 745 ἐπὶ
511 693 571 746 τὺ
601 694 734 746 πολὺ
761 695 816 746 δὲ
846 690 1266 761 ὲγκληματικῶς
1294 691 1343 743 oi
1374 688 1606 743 κλέπται
1643 705 1769 740 κατ-

191 781 550 853 ηγηνροῦνται,
576 784 786 855 κλοπῆς
819 784 1159 856 ἡγουμένης,
1188 783 1266 843 ὡς
1293 782 1399 852 δίγ.
1428 778 1517 849 ιιγ’
1543 779 1638 833 τοῦ
1667 780 1768 833 αὑ·-

189 875 281 929 τοῦ
312 876 421 930 τίτ.
472 878 568 931 καὶ
611 880 644 948 ἡ
696 877 792 931 τοῦ
846 876 1034 930 διπλοῦ
1067 878 1100 948 ἢ
1128 875 1223 936 τοῦ
1265 871 1570 945 τετραπλοῦ
1612 868 1771 942 ποινὴ

188 972 383 1039 ἀργεῖ·
420 973 633 1042 εἴρηται
662 971 770 1040 γὰρ
803 970 913 1039 δίγ.
947 968 1024 1034 νζ⁹
1056 968 1151 1023 τοῦ
1184 966 1372 1030 αὑτοῦ,
1422 968 1503 1021 ὅτι
1548 966 1642 1019 ἐάν
1687 981 1770 1027 τις

188 1063 279 1114 τὸν
307 1062 556 1131 κλέπτην
588 1061 814 1132 παραδῷ
843 1061 1202 1132 νυκτεπάρχῳ
1232 1061 1264 1132 ἢ
1297 1058 1373 1131 τῷ
1398 1059 1641 1131 ἄρχοντι,
1678 1058 1770 1110 καὶ

192 1151 621 1215 καταδικασθεὶς
657 1151 914 1223 παράσχῃ
954 1152 1016 1204 τὸ
1058 1153 1293 1222 πρᾶγμα
1323 1151 1357 1220 ἢ
1384 1150 1483 1219 τὴν
1512 1148 1769 1218 διατίμη-

190 1260 274 1296 σιν
301 1244 497 1307 αύτοῦ,
518 1244 823 1313 ἀναιρεῖται
854 1245 887 1313 ἡ
924 1243 1045 1296 κατ’
1075 1242 1238 1295 αὐτοῦ
1277 1240 1467 1311 ἀγωγὴ
1500 1240 1576 1303 ὼς
1605 1238 1770 1292 αὑτοῦ

1871 688 2198 759 Plerumque
2231 689 2590 743 criminaliter
2623 690 2889 759 scriptura
2926 692 3258 762 praecedente
3289 691 3443 746 fures

1871 790 2230 847 accusantur,
2299 782 2753 851 quemadmodum
2810 783 3004 851 digest.
3048 783 3153 846 9'5,
3199 781 3442 850 ejusdem

1870 870 1953 925 tit.
1982 869 2070 942 [de
2093 871 2252 925 furtis
2278 870 2559 944 traditur,]
2590 880 2646 926 et
2665 881 2843 927 cessat
2864 873 3012 943 dupli
3039 881 3132 927 aut
3155 871 3443 943 quadrupli

1871 977 2054 1032 paena.
2088 962 2295 1017 Dicitur
2324 964 2470 1018 enim
2501 964 2697 1033 digest.
2728 964 2824 1028 57,
2853 963 3094 1034 ejusdem
3133 962 3268 1036 [tit.]
3297 962 3443 1033 quod

1871 1055 1917 1109 si
1951 1055 2076 1124 quis
2109 1053 2283 1111 furem
2321 1057 2499 1111 tradat
2529 1055 2785 1127 praefecto
2818 1056 3038 1126 vigilum
3074 1068 3168 1111 aut
3195 1055 3444 1126 praesidi,

1871 1154 1923 1198 et
1952 1143 2093 1216 [ille]
2124 1145 2522 1202 condemnatus
2559 1162 2672 1201 rem
2704 1147 2891 1217 ejusve
2927 1147 3159 1216 pretium
3189 1146 3397 1201 dederit
3427 1165 3440 1200 :

1872 1233 2095 1288 tollatur
2122 1232 2387 1290 adversus
2417 1236 2593 1305 ipsum
2626 1236 2768 1291 actio
2791 1277 2806 1302 ,
2834 1234 3005 1308 [ideo]
3031 1236 3173 1305 quod
3202 1234 3291 1306 [de
3321 1250 3443 1289 ma-

188 1333 675 1399 κινδυνεύσαντος·
725 1336 754 1388 ὁ
785 1335 841 1388 δὲ
883 1332 1306 1396 καταδικασθεὶς
1353 1333 1446 1385 ἐπὶ
1493 1331 1690 1402 κλοπῇ,
1734 1331 1767 1403 ἢ

1891 1339 1984 1380 ore
2018 1325 2202 1399 poena]
2235 1327 2587 1395 periclitetur.
2619 1328 2722 1394 Qui
2766 1338 2945 1383 autem
2986 1328 3115 1381 furti
3156 1330 3446 1382 damnatus

189 1424 423 1493 φιλικῶς
480 1425 816 1494 ἀπαλλαγεὶς
867 1424 963 1478 ἐπὶ
1019 1423 1163 1478 δόσει
1210 1423 1528 1495 χρημάτων,
1579 1422 1773 1491 ἄτιμος

190 1518 419 1588 γίνεται,
470 1517 547 1581 ὡς
595 1517 737 1588 βιϐλ.
782 1515 855 1585 γ’,
910 1516 1018 1570 τίτ.
1076 1513 1145 1585 β’,
1195 1514 1303 1583 δίγ.
1356 1512 1423 1584 β’,
1475 1512 1654 1568 κανὼν
1694 1509 1769 1578 ς’.

270 1609 409 1678 Περὶ
452 1607 828 1678 τυμϐωρύχων
855 1607 1089 1677 γενικῶς
1118 1606 1474 1677 διαλαμϐάνει
1501 1606 1529 1658 ό
1566 1602 1630 1674 ιβ’
1662 1606 1769 1658 τίτ.

188 1699 281 1752 τοῦ
319 1706 413 1769 μη¹
448 1698 587 1768 βιϐλ.
630 1702 688 1752 ὲν
713 1693 757 1767 ᾧ
789 1715 973 1770 φησιν,
1004 1699 1111 1751 ὅτι.
1147 1697 1257 1751 Καὶ
1285 1697 1641 1768 χρηματικῶς
1678 1695 1773 1748 καὶ

188 1788 612 1859 ὲγκληματικῶς
657 1790 1007 1843 ὑπόκεινται·
1043 1791 1135 1843 καὶ
1189 1788 1336 1841 ἔστιν
1378 1789 1411 1858 ἡ
1458 1787 1772 1857 χρηματικὴ

1872 1428 1981 1482 est,
2011 1427 2106 1471 aut
2135 1418 2309 1473 amice
2336 1419 2479 1474 datis
2507 1419 2751 1489 pecuniis
2783 1418 2872 1491 [de
2901 1418 2990 1491 eo]
3024 1419 3287 1488 transegit
3313 1435 3327 1472 :
3362 1418 3447 1471 in-

1871 1506 2033 1563 famis
2058 1508 2321 1575 redditur,
2344 1520 2405 1565 ut
2427 1510 2522 1564 lib.
2543 1526 2626 1576 ιιι,
2648 1511 2730 1566 tit.
2755 1509 2809 1574 2,
2829 1510 3095 1580 digest.2,
3114 1524 3303 1565 canon,
3317 1508 3372 1562 6.

1946 1599 2161 1656 Textus.
2198 1599 2273 1657 De
2311 1602 2684 1672 sepulcrorum
2723 1601 3081 1656 violatoribus
3123 1601 3446 1671 generaliter

1874 1700 2071 1748 traeiat
2097 1693 2179 1746 tit.
2211 1693 2306 1759 12,
2335 1693 2428 1747 lib.
2467 1709 2657 1757 vant,
2682 1708 2805 1748 cum
2832 1694 3003 1748 dicit:
3038 1691 3310 1764 [Sepulcri
3335 1692 3448 1747 vio-

1872 1783 1968 1838 lati
2000 1783 2150 1855 reus]
2184 1792 2300 1838 tum
2334 1786 2651 1855 pecuniarie
2684 1797 2797 1840 tum
2830 1784 3186 1840 criminaliter
3213 1794 3445 1839 tenetur.

189 1882 375 1951 ποινὴ,
401 1880 532 1933 ποτὲ
568 1880 665 1949 μὲν
692 1883 772 1944 εἰς
799 1878 869 1951 ρ’,
904 1880 1040 1933 ποτὲ
1071 1881 1128 1934 δὲ
1158 1881 1237 1943 είς
1265 1886 1330 1946 σ’,
1362 1879 1493 1932 ποτὲ
1524 1880 1581 1933 δὲ
1612 1880 1688 1941 είς
1712 1879 1773 1931 τὸ

1885 1878 1951 1933 Ac
2004 1878 2320 1947 pecuniaria
2376 1874 2671 1950 [quidem]
2726 1892 2886 1947 poena
2938 1876 3073 1931 alias
3129 1876 3182 1929 in
3232 1884 3448 1930 centum

192 1947 454 2042 διαφέρον
481 1947 583 2039 τῆς
609 1947 905 2043 γενομένης
963 1970 1188 2043 ζημίας,
1225 1972 1319 2026 καὶ
1343 1972 1535 2041 ἄτιμος
1564 1972 1771 2040 γίνεται

1885 1985 2097 2035 aureos,
2127 1970 2265 2041 alias
2298 1970 2352 2023 in
2378 1970 2675 2032 ducentos,
2709 1970 2846 2024 alias
2873 1968 2939 2022 ad
2973 1968 3028 2023 id
3053 1968 3196 2040 quod
3224 1967 3451 2022 interest

188 2063 219 2114 ὁ
242 2060 767 2131 καταδικαζόμενος.

258 2245 327 2298 οἱ
363 2243 419 2298 δὲ
455 2244 963 2315 τυμϐωρυχοῦντες,
991 2247 1041 2300 εἰ
1072 2247 1171 2317 μὲν
1203 2245 1343 2316 μετὰ
1368 2245 1567 2310 ὅπλων,
1599 2262 1772 2314 κεφα-

188 2334 365 2398 λικῶς
394 2352 761 2407 τιμωρουνται
782 2352 797 2367 ·
829 2338 878 2389 εἰ
908 2337 964 2389 δὲ
995 2337 1166 2407 χωρὶς
1197 2336 1399 2401 ὅπλων,
1433 2335 1595 2406 μέχρι
1640 2337 1767 2404 μῖετ-

187 2426 371 2481 άλλων
394 2442 411 2458 ·
441 2428 491 2481 οί
518 2429 574 2480 δὲ
609 2429 679 2481 τὰ
708 2427 937 2494 λείψανα
976 2429 1010 2499 ἢ
1055 2431 1125 2482 τὰ
1147 2428 1283 2482 ὀστᾶ
1330 2424 1771 2499 μετακινοῦντες,

192 2519 437 2581 εὐτελεῖς
472 2520 569 2587 μὲν
600 2520 775 2587 ὄντες,
803 2522 992 2591 ἄκρως
1015 2519 1424 2591 τιμωροῦνται·
1444 2520 1493 2572 οἱ
1521 2517 1577 2571 δὲ
1600 2517 1772 2577 ἄλλως

195 2610 332 2679 περὶ
381 2611 645 2681 μνημεῖον
698 2610 1172 2682 πλημμελοῦντες,
1216 2607 1571 2682 ὲξορίζονται,
1613 2608 1646 2680 ἢ
1695 2610 1775 2673 είς

195 2699 467 2768 μέταλλον
511 2702 998 2767 καταδικάζονται·
1040 2701 1159 2766 πῶς
1202 2701 1259 2755 δὲ
1292 2701 1515 2755 δυνατὸν
1561 2697 1777 2753 ἀκινδύ-

194 2809 306 2856 νως
354 2794 447 2846 καὶ
486 2794 737 2865 ἀζημίως
787 2795 1114 2865 μεταφέρειν
1143 2793 1396 2863 λείψανα,
1428 2794 1526 2847 καὶ
1555 2792 1778 2863 φιλοκα-

189 2884 306 2936 λεῖν
335 2887 619 2955 μνημεῖον,
649 2885 886 2940 διδάσκει
916 2887 945 2939 ὁ
986 2886 1149 2950 αὐτὸς
1181 2887 1287 2942 τίτ.
1314 2888 1411 2940 καὶ
1441 2886 1470 2937 ὁ
1501 2884 1546 2950 ζ’
1578 2883 1674 2938 τοῦ
1705 2881 1773 2936 ια’

195 2975 343 3045 βιϐλ.
380 2975 489 3029 τῶν
517 2976 629 3044 διγ.
663 2977 982 3030 ὑπόκεινται
1010 2976 1066 3029 δὲ
1099 2978 1148 3030 οἱ
1180 2976 1552 3047 τυμϐωρύχοι,
1580 2978 1676 3028 καὶ
1699 2975 1779 3047 τῷ

195 3068 327 3137 περὶ
362 3066 667 3137 ἱεροσυλίας
688 3068 860 3138 νόμῳ,
891 3068 967 3131 ὡς
1002 3068 1146 3137 βιϐλ.
1176 3073 1294 3139 μη’,
1325 3068 1433 3122 τίτ.
1465 3066 1713 3135 ιγ’,διάτ.
1738 3063 1776 3118 ε’

191 3158 290 3211 τοῦ
342 3156 405 3211 ιϐ’
453 3159 560 3213 τίτ.
608 3158 704 3212 τοῦ
737 3158 783 3212 θ’
836 3158 979 3230 βιϐλ.
1014 3160 1109 3213 τοῦ
1140 3159 1296 3224 κὼδ.,
1346 3160 1406 3214 ὲν
1444 3153 1488 3227 ᾧ
1539 3159 1633 3213 καὶ
1680 3157 1779 3221 τὰς

194 3251 548 3321 χρηματικὰς
576 3250 729 3316 αὕξει
756 3251 948 3315 ποινὰς
971 3291 990 3319 ,
1047 3251 1181 3305 ποτὲ
1228 3251 1328 3322 μὲν
1359 3251 1613 3323 στέρησιν
1648 3252 1780 3321 κτή-

197 3314 373 3410 ματος
404 3340 440 3411 ἢ
469 3314 706 3415 ἀγροῦ
734 3344 888 3396 οἴκου
912 3314 1156 3413 ἐπάγων,
1193 3314 1287 3397 ἐάν
1332 3344 1412 3407 είς
1447 3314 1643 3406 αὐτοὺς
1673 3314 1776 3415 ὕλη
1804 3314 1847 3373 C

192 3433 473 3504 ἀπενεχθῇ
519 3434 626 3487 ἀπὸ
675 3434 978 3505 μνημείου·
1026 3435 1158 3488 ποτὲ
1201 3436 1256 3487 δὲ
1292 3432 1321 3487 ι’
1354 3435 1552 3506 λιτρῶν
1584 3436 1775 3506 ποινὴν

198 3524 446 3591 ἐπάγων,
477 3525 569 3577 καὶ
600 3531 647 3578 κ’
672 3525 749 3595 τῷ
772 3526 994 3595 ἄρχοντι
1026 3527 1101 3597 μὴ
1122 3525 1391 3592 ἐπεξιόντι
1415 3540 1429 3555 ·
1456 3528 1549 3578 καὶ
1575 3527 1633 3579 ὲν
1657 3529 1776 3590 ταῖς

196 3616 438 3683 ἡμέραις
483 3613 540 3665 δὲ
590 3613 685 3667 τοῦ
731 3614 924 3681 Πάσχα
956 3616 1006 3668 οἱ
1051 3615 1401 3686 τυμϐωρύχοι
1446 3616 1777 3684 ὲγκλείονται

196 3704 291 3755 καὶ
343 3702 691 3773 δεσμοῦνται,
750 3707 828 3770 ὼς
888 3706 1030 3777 βιϐλ.
1062 3705 1110 3761 α’
1165 3707 1259 3761 τοῦ
1318 3707 1497 3776 κώδ.,
1545 3709 1649 3762 τίτ.
1711 3709 1773 3770 δ’,

193 3793 340 3847 διάτ.
382 3791 455 3862 γ’.

267 4073 527 4128 ΚΕΦΑΛ.
554 4075 690 4129 Kll'.
726 4108 794 4118 —-
826 4079 966 4146 Περὶ
1009 4076 1129 4132 τῶν
1149 4077 1645 4150 βδελυττομένων
1672 4080 1777 4132 τὸν

191 4164 391 4237 τάμον
416 4168 456 4235 ἢ
484 4167 592 4221 τὸν
621 4164 797 4222 οἶνον
828 4170 866 4238 ἢ
901 4169 974 4223 τὰ
1010 4171 1176 4239 κρέα.

555 4259 940 4315 Ἀποστόλων
973 4261 1175 4316 κανὼν
1207 4259 1304 4327 να’,
1332 4260 1432 4330 νγ’.

265 4357 375 4405 να’.
417 4352 485 4406 Εἴ
510 4370 594 4416 τις
625 4353 994 4425 ἐπίσκοπος,ῆ
1025 4354 1415 4426 πρεσϐύτερος,
1443 4355 1475 4426 ἢ
1510 4355 1774 4420 διάκονος,

190 4445 226 4515 ἢ
284 4443 426 4507 ὅλως
472 4444 565 4497 τοῦ
599 4444 904 4515 καταλόγου
951 4446 1046 4500 τοῦ
1101 4449 1400 4520 ἱερατικοῦ,
1453 4448 1633 4518 γάμου
1686 4450 1778 4500 καὶ

188 4536 399 4606 κρεῶν,
430 4553 487 4591 κ.
516 4553 569 4591 τ.
604 4536 656 4593 λ.

1870 2061 2132 2115 damnum
2163 2060 2369 2137 factum
2398 2077 2520 2117 esse
2548 2062 2816 2134 procedit.
2836 2062 3243 2118 Condemnatus
3266 2070 3447 2116 autem

1871 2152 2093 2208 infamis
2126 2155 2204 2208 lit.
3028 2152 3043 2165 ’

1942 2246 2047 2314 Qui
2078 2246 2326 2317 sepulcra
2352 2247 2576 2313 violant,
2603 2246 2647 2301 si
2671 2246 2867 2302 armati
2897 2244 2974 2318 [id
3002 2243 3247 2316 faciant],
3272 2245 3450 2313 capite

1871 2338 2181 2409 plectantur
2209 2356 2222 2392 :
2249 2338 2295 2394 si
2328 2339 2447 2394 sine
2472 2339 2662 2405 armis,
2686 2354 2857 2408 usque
2885 2338 2951 2392 ad
2980 2337 3183 2392 metalli
3209 2335 3449 2408 [poenam

1870 2430 2236 2505 proceditur.]
2279 2432 2383 2498 Qui
2417 2447 2547 2487 vero
2590 2430 2851 2501 reliquias
2898 2439 2992 2484 aut
3032 2444 3157 2484 ossa
3197 2444 3449 2483 remove-

1874 2525 2015 2594 rint,
2065 2526 2110 2583 si
2172 2526 2396 2582 bumilis
2446 2524 2682 2580 fortuna:
2733 2524 2873 2590 sint,
2918 2538 3134 2579 summo
3185 2521 3451 2591 supplicio

1877 2618 2186 2673 aiiiciuntur
2223 2637 2237 2672 :
2277 2618 2322 2673 si
2366 2617 2612 2682 honesti,
2648 2616 3023 2686 deportantur.
3061 2614 3163 2680 Qui
3205 2614 3360 2667 aliter
3394 2613 3450 2667 in

1874 2720 2287 2766 monumentum
2347 2706 2674 2782 [quidpiam]
2721 2707 3127 2769 commiserint,
3172 2715 3267 2760 aut
3316 2704 3453 2758 rele-

1875 2812 2097 2874 gantur,
2128 2811 2225 2858 aut
2261 2804 2314 2857 in
2352 2803 2630 2857 metallum
2664 2801 3014 2856 damnantur.
3050 2798 3152 2866 Qui
3188 2799 3328 2854 idem
3366 2798 3450 2852 tit.

1874 2910 1940 2950 ac
1968 2896 2024 2961 7,
2054 2895 2148 2950 lib.
2181 2911 2221 2950 ιι
2258 2894 2375 2964 Dig.
2409 2892 2618 2968 [etiam]
2644 2894 2820 2956 docet,
2850 2893 3126 2963 quomodo
3150 2890 3283 2947 citra
3310 2893 3453 2960 peri-

1876 2986 2063 3041 culum
2091 2996 2145 3041 et
2174 2985 2436 3040 damnum
2463 2994 2803 3040 mortuorum
2834 2998 3063 3054 corpora
3095 2981 3378 3039 transferri
3400 2990 3454 3038 ct

1878 3086 2236 3132 monumenta
2267 3077 2523 3131 exornari
2553 3077 2784 3147 possint.
2811 3072 2916 3141 Qui
2944 3074 3193 3146 sepulcra
3226 3074 3452 3136 violant,

1877 3168 2041 3223 etiam
2074 3168 2347 3237 sacrilegii
2378 3169 2498 3239 lege
2533 3176 2804 3234 tenentur,
2833 3176 2893 3222 ut
2916 3168 3013 3223 lib.
3042 3183 3230 3234 XLVIII,
3258 3168 3341 3222 tit.
3371 3168 3455 3232 l3,

1878 3270 1933 3315 et
1974 3270 2152 3316 const.
2177 3259 2241 3325 5,
2271 3261 2357 3315 tit.
2395 3262 2493 3327 19,
2523 3262 2617 3316 lib.
2646 3276 2733 3327 ix,
2767 3260 2890 3315 cod.
2923 3259 3204 3332 [traditur]
3248 3261 3300 3315 in
3349 3275 3458 3331 quo

1884 3349 2210 3422 [posteriore
2238 3351 2350 3424 tit.]
2382 3368 2554 3422 paenae
2581 3353 2743 3407 ctiam
2775 3361 3062 3421 augentur,
3087 3352 3223 3408 alias
3249 3368 3454 3421 posses-

1878 3441 2092 3495 sionum
2111 3483 2127 3507 ,
2156 3441 2303 3512 agri,
2337 3451 2432 3495 aut
2460 3442 2686 3507 domus,
2710 3440 2755 3496 si
2784 3441 2838 3494 in
2870 3456 2934 3495 ea
2964 3442 3192 3496 materia
3227 3442 3456 3514 [aliqua]

1876 3532 1943 3587 de
1966 3543 2320 3588 monumento
2346 3531 2633 3606 [detracta]
2656 3543 2932 3602 asportata
2954 3532 3137 3600 fuerit,
3158 3535 3456 3604 privatione

1879 3623 2101 3679 inducta
2140 3643 2153 3679 :
2190 3625 2326 3681 alias
2360 3625 2549 3680 decem
2588 3626 2768 3696 pondo
2801 3625 2947 3698 [auri
2982 3626 3144 3698 reis],
3178 3636 3231 3681 et
3266 3626 3457 3695 viginti

1878 3716 2221 3786 magistratui
2290 3718 2460 3771 multa
2520 3716 2797 3788 irrogata.
2851 3718 3094 3789 Denique
3153 3720 3208 3773 in
3265 3720 3458 3773 diebus

1880 3807 2161 3864 Paschalis
2219 3811 2596 3880 sepulcrorum
2655 3812 2946 3868 violatores
3000 3812 3087 3884 [in
3145 3810 3456 3883 carcerem]

1880 3901 2239 3956 includuntur
2268 3912 2433 3973 atque
2464 3906 2799 3971 vinciuntur,
2829 3917 2887 3962 ut
2919 3906 3015 3961 lib.
3055 3920 3099 3971 ι,
3130 3904 3252 3960 c0d.
3288 3904 3367 3959 tit.
3392 3905 3453 3969 4,

1876 4004 2056 4050 const.
2082 3996 2136 4063 5,
2164 3994 2468 4070 [traditur.]
2542 3985 2547 3989 ’
3154 4044 3175 4066 ι

1946 4086 2103 4157 301
2172 4086 2325 4143 CAP.
2360 4086 2596 4154 XXVIII,
2636 4120 2706 4131 .-
2739 4088 2815 4143 De
2866 4086 3304 4157 vituperatoribus
3357 4103 3458 4141 nu-

1876 4180 2130 4249 ptiarum,
2160 4183 2269 4237 vini
2294 4192 2343 4237 et
2364 4184 2632 4240 carnium.

2229 4275 2602 4344 Apostolorum
2632 4289 2855 4329 canones
2882 4272 2972 4339 51,
3012 4271 3103 4327 55.

1949 4366 2008 4420 51
2046 4365 2186 4439 [50].
2222 4366 2277 4421 Si
2310 4368 2436 4437 quis
2466 4367 2776 4437 episcopus,
2823 4364 3118 4436 presbyter.
3152 4363 3236 4419 vel
3267 4363 3460 4418 diaco-

1879 4472 2004 4519 nus,
2068 4458 2152 4512 vel
2199 4458 2389 4513 omnio
2449 4472 2515 4514 ex
2562 4457 2886 4513 sacerdotali
2942 4471 3191 4523 numero,
3227 4463 3333 4511 etc.
3393 4469 3449 4510 ut

1879 4567 1998 4620 pag.
2029 4552 2153 4605 751.

264 4624 371 4693 νγ’.
397 4627 466 4680 Εἰ
492 4644 575 4691 τις
600 4629 920 4693 ἐπίσκοπος,
954 4630 988 4701 ἢ
1021 4629 1414 4701 πρεσϐύτερος,
1447 4630 1480 4701 ἢ
1506 4630 1770 4697 διάκονος,

1957 4644 2027 4698 52
2060 4643 2197 4716 [55].
2247 4644 2302 4699 Si
2342 4645 2467 4714 quis
2513 4645 2827 4714 episcopus,
2878 4644 2964 4698 vel
3015 4645 3315 4716 presbyter,
3371 4648 3457 4701 vel

190 4720 249 4771 ἐν
278 4720 406 4782 ταῖς
436 4720 671 4789 ἡμέραις
702 4721 809 4774 τῶν
841 4722 1064 4791 ἑορτῶν,
1097 4740 1152 4776 κ.
1184 4739 1234 4776 τ.
1265 4721 1316 4777 λ.

512 4813 783 4868 Συνόδου
818 4814 1106 4884 Ἀγκύρας
1136 4815 1338 4869 κανὼν
1375 4816 1452 4869 ιδ’.

270 4903 355 4956 ιδ’.
398 4902 539 4967 Τοὺς
585 4905 643 4959 ὲν
689 4905 875 4977 κλήρῳ
928 4906 1333 4979 πρεσϐυτέρους
1376 4908 1533 4972 ὄντας
1580 4909 1613 4980 ἢ
1658 4908 1773 4963 δια-

187 4998 408 5062 κόνους,
435 5015 491 5051 κ.
524 5015 574 5052 τ.
609 4998 658 5051 λ.

300 5088 576 5143 Συνόδου
603 5086 1023 5160 οἰκουμενικῆς
1051 5091 1231 5161 ἕκτης
1261 5092 1464 5147 κανὼν
1486 5092 1572 5163 ιγ’,
1604 5093 1666 5146 λ’.

264 5174 357 5243 ιγ’.
405 5177 624 5249 Ἐπειδὴ
660 5181 718 5233 ἐν
748 5184 815 5251 τῇ
854 5181 1139 5251 Ῥωμαίων
1184 5182 1499 5255 Ἑκκλησίᾳ,
1555 5201 1607 5237 κ.
1641 5202 1690 5237 τ.
1720 5183 1767 5237 λ.

260 5267 329 5324 λ’.
376 5269 560 5323 Πάντα
610 5270 745 5340 πρὸς
796 5272 1085 5343 οἰκοδομὴν
1130 5274 1224 5345 τῆς
1272 5275 1599 5345 Ἑκκλησίας
1651 5277 1773 5346 βου-

190 5359 413 5427 λόμενοι
461 5360 907 5429 διαπράττεσθαι,
958 5364 1052 5417 καὶ
1098 5367 1226 5428 τοὺς
1270 5368 1329 5419 ὲν
1359 5369 1476 5428 ταῖς
1511 5367 1772 5440 βαρϐαρι-

192 5455 320 5515 καῖς
376 5451 728 5524 Ἐκκλητίαις
773 5455 955 5525 ἱερέας
1010 5458 1317 5527 οἰκονομεῖν
1359 5459 1769 5529 διεγνώκαμεν·

189 5543 334 5596 ὣστε
363 5544 413 5595 εἰ
442 5545 534 5597 τὸν
563 5546 920 5601 ἁποστολικὸν
951 5548 1150 5602 κανόνα
1169 5592 1184 5615 ,
1214 5552 1307 5604 τὸν
1362 5552 1491 5622 περὶ
1521 5552 1615 5604 τοῦ
1642 5570 1774 5623 προ-

191 5635 359 5703 φάσει
385 5636 674 5701 εὐλαϐείας
706 5640 807 5709 τὴν
838 5641 1047 5694 οἰκείαν
1074 5644 1323 5714 γαμετὴν
1358 5644 1433 5715 μὴ
1467 5645 1768 5715 ὲκὸἁλλειν,

195 5733 661 5802 ὑπεραναϐαίνειν
687 5736 891 5790 οἴονται
921 5738 1055 5803 δεῖν,
1094 5741 1188 5793 καὶ
1216 5741 1360 5812 πέρα
1389 5741 1498 5795 τῶν
1525 5742 1772 5813 ὁρισθέν-

189 5841 306 5877 των
337 5827 533 5891 ποιεῖν,
577 5828 640 5881 ὲκ
660 5828 851 5883 τούτου
886 5847 947 5882 τε
985 5831 1121 5901 μετὰ
1156 5832 1265 5885 τῶν
1294 5834 1511 5887 οίκείων
1540 5851 1769 5905 συμφω-

194 5913 413 5978 νοῦντες
456 5916 717 5984 συμϐίων,
761 5918 863 5988 τῆς
914 5921 1052 5989 πρὸς
1100 5920 1359 5992 ἀλλήλους
1402 5924 1616 5989 ὁμιλίας
1666 5928 1768 5979 ἁπ-

524 6007 794 6071 ΡΑΤιιοι..
843 6011 953 6075 Gn;
1006 6013 1161 6076 CIV.

1877 4734 2145 4791 diaconus
2175 4736 2228 4790 in
2258 4735 2410 4790 festis
2437 4736 2648 4797 diebus,
2673 4747 2777 4791 etc.
2810 4747 2869 4790 ut
2889 4753 3013 4806 pag.
3046 4736 3167 4791 746.

2248 4830 2476 4885 Concilii
2507 4831 2777 4901 Aucyrani
2807 4848 2977 4885 canon
3008 4832 3095 4886 M.

1946 4919 2033 4973 14.
2070 4918 2172 4985 Qui
2212 4919 2266 4973 in
2296 4920 2442 4975 clero
2486 4929 2634 4985 sunt,
2668 4921 3012 4991 presbyteros
3059 4923 3142 4976 vel
3174 4922 3455 4987 diaconos,

1873 5016 1932 5060 ut
1958 5025 2080 5079 pag.
2118 5009 2241 5062 747.

2075 5102 2301 5155 Concilii
2335 5105 2640 5157 (ecumcm'ci
2668 5120 2740 5171 vr,
2770 5121 2994 5159 canones
3022 5105 3111 5171 15,
3141 5105 3231 5162 50.

1945 5187 2031 5241 15.
2058 5188 2327 5252 Quoniam
2363 5190 2624 5246 Romanae
2645 5192 2923 5257 Ecclesiae,
2956 5204 3062 5249 etc.
3089 5205 3144 5246 ut
3175 5211 3297 5264 pag.
3327 5194 3451 5250 759.

1943 5279 2032 5334 50.
2068 5281 2149 5334 Ad
2179 5282 2433 5338 ECt‘ICSIiB
2471 5284 2880 5339 azdiiicationem
2913 5287 3096 5340 omnia
3140 5285 3317 5341 facere
3355 5302 3456 5339 vo.-

1874 5370 2082 5438 lentes,
2117 5374 2281 5427 etiam
2332 5377 2680 5442 sacerdotes,
2725 5378 2818 5447 qui
2866 5387 2994 5433 sunt
3042 5379 3097 5433 in
3148 5377 3457 5435 Barbaricis

1874 5461 2169 5530 Ecclesiis,
2208 5468 2494 5537 complecti
2548 5485 2678 5523 cura
2727 5470 3132 5525 constituimus.
3183 5471 3360 5536 Quare
3408 5472 3454 5524 si

1872 5557 2230 5624 apostolicum
2257 5574 2519 5612 canonem
2552 5559 2617 5614 de
2650 5576 2815 5614 uxore
2845 5576 2951 5614 non
2988 5562 3247 5631 ejicienda
3280 5562 3452 5631 pieta-

1874 5645 1944 5699 tis
1971 5660 2033 5700 ac
2060 5647 2337 5717 religionis
2368 5656 2656 5718 praetextu,
2688 5665 2746 5703 se
2783 5652 3098 5721 supergredi
3126 5652 3317 5706 debere
3339 5651 3453 5702 exi-

1874 5740 2133 5805 stimant;
2182 5749 2237 5793 et
2272 5740 2412 5793 ultra
2459 5754 2522 5794 ea
2565 5756 2685 5810 qua:
2730 5753 2859 5797 sunt
2894 5746 3209 5810 constituta,
3252 5742 3453 5807 facere,

1871 5841 1924 5886 et
1948 5828 2079 5887 ideo
2108 5834 2384 5887 communi
2413 5848 2538 5888 cum
2572 5838 2688 5889 suis
2720 5839 3069 5891 consortibus
3097 5835 3458 5891 conventione

1871 5933 1924 5978 et
1950 5938 2220 5980 consensu
2255 5923 2413 5990 inito,
2449 5938 2480 5978 a
2511 5932 2701 5980 mutua
2733 5927 3126 5983 consuetudine
3160 5926 3455 5991 abstinent,

3010 6021 3088 6084 25
