3874 6296
543 379 648 444 7πο

1676 378 1940 441 PHOTII
1980 379 2485 442 PATRIARCH/E
2533 379 2641 442 οι).
3655 397 3739 462 ηεθ

541 493 834 550 statuimus
864 507 960 549 eos
987 507 1094 550 non
1121 493 1353 565 amplius
1383 506 1507 549 cum
1540 491 1646 548 illis
1687 493 1796 548 ullo
1830 491 1994 549 modo
2027 507 2116 548 co-

2252 509 2454 563 χονται,
2481 493 2734 564 ὁρίζομεν
2765 492 2987 559 τούτους
3021 495 3217 567 μηκέτι
3250 497 3467 562 ταύταις
3512 513 3738 562 συνοικεῖν

540 585 786 642 habitare
836 586 1062 653 debere,
1101 596 1160 642 ut
1204 602 1270 643 eo
1308 586 1463 642 nobis
1515 584 1813 656 perfectam
1863 587 1950 642 sui
2001 601 2127 656 pro-

541 678 1250 735 missidemonstrationem
1294 679 1592 751 praebeant.
1627 679 1739 736 Hoc
1787 689 1968 735 autem
2018 679 2126 734 illis

541 785 649 824 non
688 779 912 840 propter
943 772 1090 826 aliud
1136 787 1298 840 quam
1351 781 1571 842 propter
1614 786 1803 827 eorum
1837 771 2126 841 pusillani-

540 862 806 928 mitateni,
836 871 1237 934 extraneosque
1265 877 1330 918 ac
1378 878 1490 918 non
1539 863 1674 919 satis
1726 863 1914 918 ﬁrmos
1951 878 2128 919 mores

539 955 937 1010 concessimus.

609 1047 770 1116 302
804 1045 961 1102 CAP.
998 1043 1192 1101 XXIX.
1225 1076 1294 1085 -—
1318 1044 1392 1099 De
1414 1044 1574 1099 licitis
1596 1053 1645 1098 et
1668 1043 1872 1100 illicitis
1904 1047 2122 1116 nuptiis.

539 1139 609 1194 Et
646 1140 785 1209 quod
829 1140 1048 1194 lectores
1071 1140 1188 1208 jam
1231 1138 1448 1210 puberes
1502 1139 1824 1209 interrogari
1884 1147 2126 1208 oporteat

540 1242 716 1285 utrum
730 1233 920 1286 nubere
945 1233 1124 1286 velint.
1158 1231 1226 1287 Et
1254 1232 1318 1286 de
1349 1229 1724 1299 concubinam,
1750 1233 2122 1301 fornicatione,

536 1335 586 1378 et
622 1325 912 1378 adulterio.

705 1532 1082 1602 Apostolorum
1121 1549 1345 1590 canones
1377 1538 1468 1604 17,
1501 1536 1591 1604 18,
1622 1535 1707 1604 19,
1737 1535 1828 1600 25,
1865 1535 1953 1594 26.

614 1645 678 1698 l7
735 1644 875 1718 [16].
935 1643 1038 1712 Qui
1078 1657 1204 1718 post
1254 1658 1506 1705 sanetum
1539 1651 1868 1722 baptismum
1907 1649 2122 1706 duobus

537 1737 864 1808 coniugibus
888 1737 1054 1793 fuerit
1087 1740 1408 1810 implicitus,
1442 1753 1574 1810 etc.,
1608 1754 1665 1799 ut
1696 1760 1815 1814 pag.
1846 1743 1966 1799 5H.

603 1828 671 1882 18
702 1827 839 1902 [17].
899 1827 1004 1896 Qui
1061 1831 1282 1886 viduam
1347 1835 1579 1904 accepit,
1627 1833 1712 1888 vel
1754 1834 2010 1904 cjectam,
2043 1833 2124 1888 vel
2160 1851 2202 1906 Β

537 1922 899 1988 meretricem,
925 1923 1011 1978 vel
1035 1939 1271 1991 servam,
1301 1935 1431 1992 etc.,
1467 1935 1525 1980 ut
1551 1943 1672 1995 pag.
1711 1926 1834 1982 511.

611 2014 678 2071 19
707 2014 847 2089 [18].
912 2017 1015 2084 Qui
1046 2019 1183 2075 duas
1237 2035 1461 2077 sorores
1519 2023 1696 2088 duxit,
1733 2025 1814 2078 vel
1842 2023 2129 2080 consobri-

541 2121 693 2173 nam,
718 2123 824 2162 non
856 2115 1036 2179 potest
1078 2125 1198 2167 esse
1223 2111 1476 2168 clericus.

621 2196 694 2250 25
721 2195 862 2270 [24].
920 2198 1244 2271 Episcopus,
1295 2201 1380 2258 vel
1425 2203 1727 2274 presbyter,
1755 2202 1839 2258 vel
1868 2203 2129 2259 diaconus

539 2289 917 2348 fornicationis
943 2294 1027 2374 vel
1048 2295 1295 2365 perjurii,
1329 2304 1459 2362 etc.,
1489 2305 1546 2349 ut
1571 2313 1690 2367 pag.
1722 2295 1852 2354 745.

607 2382 678 2439 26
707 2381 845 2458 [25].
890 2383 969 2439 Ex
1035 2386 1124 2452 iis,
1156 2388 1250 2458 qui
1282 2404 1389 2442 non
1429 2388 1587 2443 ducta
1625 2404 1793 2444 uxore
1825 2391 1893 2445 ad
1919 2388 2124 2445 clerum

538 2475 774 2544 promoti
819 2484 966 2543 sunt,
1017 2477 1294 2546 jubemus,
1337 2479 1382 2534 si
1433 2480 1602 2536 velint
1652 2496 1878 2537 uxorem
1926 2483 2127 2539 ducere

538 2569 772 2624 lectores
804 2578 860 2624 et
882 2578 1134 2626 cantores
1169 2573 1338 2627 solos.

916 2681 1144 2737 Concilii
1180 2684 1450 2756 Ancyrani
1479 2702 1648 2741 canon
1672 2686 1758 2742 10.

561 2797 702 2853 .10.
791 2796 1117 2868 Quicunque
1190 2798 1412 2854 diaconi
1490 2800 1798 2866 constituti,
1877 2809 1986 2858 etc.
2066 2811 2123 2858 ut

541 2905 662 2959 pag.
697 2887 823 2942 747.

717 2998 948 3056 Concilii
981 2998 1431 3058 Neocaesariensis
1453 3019 1678 3059 canones
1703 3004 1757 3072 1,
1775 3004 1830 3071 9,
1859 3005 1930 3060 10

611 3093 666 3148 1.
705 3091 996 3164 Presbyter
1028 3092 1074 3148 si
1109 3109 1332 3150 uxorem
1365 3097 1607 3163 duxerit,
1639 3097 1832 3154 ordine
1873 3112 1976 3154 suo
2005 3113 2122 3154 mo-

2228 583 2350 638 καθ’
2397 585 2706 656 οἱονδήποτε
2748 585 2972 657 τρόπον,
3021 587 3125 652 ἕως
3169 588 3235 643 ἂν
3265 589 3395 659 ἡμῖν
3441 589 3656 649 ἐντεῦθεν
3677 601 3740 652 ἒν-

2227 676 2356 747 τελῆ
2380 677 2478 747 τῆς
2512 676 2862 746 ὑποσχέσεως
2886 677 3176 748 παρέξοιεν
3202 678 3301 751 τὴν
3335 680 3586 749 ἀπόδειξιν
3603 701 3614 713 .
3637 691 3744 760 πρρᾶ

2226 768 2389 822 τοῦτο
2420 768 2475 822 δὲ
2507 769 2714 834 αὐτοῖς,
2758 770 2818 824 οὐ
2862 770 2930 824 δι’
2963 770 3088 824 ἄλλο
3115 787 3168 823 τι
3199 771 3232 842 ἢ
3265 770 3352 824 διὰ
3393 771 3488 842 τὴν
3518 778 3603 843 τῆς
3632 779 3743 845 γνώ-

2231 878 2337 932 μης
2373 861 2762 932 μικροψυχίαν,
2816 864 2911 917 καὶ
2944 862 3004 916 τὸ
3045 863 3151 917 τῶν
3200 862 3349 934 ἠθῶν
3391 865 3746 939 ἀπεξενωμὲνον

2229 953 2322 1005 καὶ
2349 953 2562 1021 ἀπαγὲς
2592 952 2986 1022 ὲνδεδώκαμεν.

2299 1044 2548 1100 ΚΕΦΑΛ.
2580 1042 2709 1099 ΚΘ’.
2734 1074 2802 1084 -—
2827 1047 2964 1116 Περὶ
3004 1046 3515 1119 ἐπιτετραμμένων
3548 1050 3581 1119 ἢ
3611 1069 3754 1106 κεκω-

2225 1134 2503 1204 λυμένων
2544 1136 2785 1207 γάμων·
2825 1139 2924 1192 καὶ
2966 1139 3104 1208 περί
3136 1141 3242 1194 τοῦ
3286 1140 3600 1210 ἐρωτᾶσθαι
3639 1145 3753 1208 τοὺς

2226 1226 2619 1296 ἀναγνώστας
2650 1227 2918 1299 ἐφήϐους
2949 1230 3322 1300 γινομένους,
3373 1233 3428 1285 εί
3469 1232 3755 1297 βούλονται

2227 1318 2470 1388 γαμεῖν·
2527 1320 2627 1374 καὶ
2675 1320 2808 1392 περὶ
2856 1323 3310 1394 παλλακισμοῦ.
3353 1323 3453 1378 καὶ
3497 1330 3756 1394 πορνείας,

2225 1410 2322 1464 καὶ
2343 1413 2635 1482 μοιχείας.

2395 1530 2771 1586 Ἂποστόλων
2800 1533 3002 1590 κανὼν
3034 1531 3120 1600 ιζ’,
3151 1533 3246 1603 ιη’,
3281 1533 3370 1599 ιϐ’,
3403 1535 3632 1603 κε’,-κς’.

2296 1640 2381 1707 ιζ’.
2446 1642 2506 1698 '0
2557 1643 2678 1698 δυσὶ
2729 1644 2929 1718 γάμοις
2995 1645 3338 1717 συμπλακεὶς
3390 1645 3528 1716 μετὰ
3583 1647 3639 1701 τδ
3691 1649 3765 1720 βά.

2224 1751 2451 1807 πτισμα,
2483 1753 2538 1791 κ.
2569 1754 2620 1792 τ.
2656 1737 2706 1793 λ.

2301 1825 2392 1901 ιη’.
2425 1828 2486 1882 Ὀ
2517 1829 2693 1902 χήραν
2724 1829 2927 1898 λαϐὼν,
2954 1830 2987 1903 ἢ
3024 1831 3460 1905 ἐκϐεϐλημένην,
3491 1831 3524 1904 ἢ
3558 1833 3767 1906 ἑταίραν,

2229 1919 2262 1993 ἢ
2297 1920 2538 1994 οἰκέτην,
2580 1940 2634 1977 κ.
2669 1939 2720 1978 τ.
2753 1923 2802 1979 λ.
2887 1917 2896 1922 ’

2303 2009 2392 2064 ιϐ’.
2440 2010 2498 2064 '0
2530 2011 2624 2066 δύο
2671 2012 2910 2083 ἀδελφὰς
2938 2014 3208 2086 ἀγόμενος
3236 2014 3269 2084 ἢ
3305 2013 3547 2085 ἀδελφὴν
3569 2053 3583 2080 ,
3619 2014 3673 2067 οὐ
3695 2015 3769 2068 δύο

2229 2120 2386 2157 ναται
2416 2099 2557 2159 εἶναι
2587 2104 2870 2177 κληρικός.

2297 2203 2395 2252 κε’.
2438 2198 2792 2264 Ἐπίσκοπος,
2828 2198 2861 2272 ἢ
2920 2199 3313 2271 πρεσϐύτερος,
3345 2200 3377 2272 ἢ
3411 2199 3668 2266 διάκονος,
3699 2200 3773 2252 ἐπὶ

2228 2290 2454 2362 πορνείᾳ
2484 2290 2518 2361 ἢ
2553 2291 2830 2363 ἐπιορκία,
2860 2309 2915 2348 κ.
2951 2309 3001 2349 τ.
3031 2292 3082 2348 λ.

2297 2381 2408 2447 κς’.
2442 2383 2561 2437 Τῶν
2605 2385 2684 2448 εἰς
2729 2385 2929 2456 κλῆρον
2973 2385 3348 2457 προελθόντων
3399 2383 3658 2455 ἀγάμων,
3701 2402 3775 2437 κε-

2225 2474 2453 2547 λεύομεν
2484 2475 2842 2548 βουλομένους
2865 2477 3456 2550 γαμεῖν,άναγνώστας
3484 2477 3578 2532 καὶ
3596 2475 3778 2546 ψάλτας

2230 2571 2407 2640 μόνον.

2553 2683 2824 2739 Συνόδου
2868 2683 3147 2755 Ἀγκύρας
3185 2683 3391 2739 κανὼν
3422 2691 3475 2738 ι’.

2299 2798 2351 2854 ι’.
2391 2802 2640 2855 Διάκονοι
2690 2801 2806 2854 ὅσοι
2861 2800 3214 2855 καθίστανται
3262 2801 3399 2872 παρ’
3429 2799 3599 2873 αὐτὴν
3640 2797 3781 2855 utd-

2227 2905 2436 2956 στασιν,
2472 2907 2528 2945 κ.
2557 2907 2610 2945 τ.
2644 2890 2694 2945 λ.

2355 3002 2625 3058 Συνόδου
2658 3005 3128 3073 Νεοκαισαρείας
3169 3003 3374 3059 κανὼν
3405 3002 3480 3067 α’,
3511 3001 3579 3071 θ’,
3615 3001 3664 3057 ι’.

2295 3101 2363 3153 α’.
2402 3096 2781 3169 Πρεσϐύτερος
2839 3098 2935 3151 ἐὰν
2983 3098 3174 3169 γήμῃ,
3222 3097 3322 3167 τῆς
3381 3095 3597 3160 τάξεως
3639 3093 3779 3148 αὐτὸν

547 3187 937 3258 veatur.303
973 3187 1028 3242 Si
1058 3198 1238 3244 autem
1269 3189 1573 3246 fornicatus
1605 3190 1789 3259 fuerit,
1812 3193 1898 3248 vel
1918 3193 2116 3248 adulte-

2252 3187 2645 3242 ιετατίθεσθαιο
2675 3188 2772 3242 ἐὰν
2804 3188 2858 3242 δὲ
2886 3188 3161 3261 πορνεύσῃ
3194 3188 3227 3260 ἢ
3262 3188 3558 3260 μοιχεύσῃ,
3590 3185 3782 3252 ἐξωθεῖ·

540 3281 682 3336 rium
715 3281 1071 3345 commiserit,
1100 3284 1318 3352 penitus
1343 3285 1693 3352 extrudatur,
1734 3297 1785 3342 et
1824 3287 1892 3343 ad
1942 3289 2122 3359 pinni-

541 3373 767 3428 tentiam
800 3373 1122 3430 deducatur.

609 3463 661 3518 9.
689 3464 747 3518 Si
775 3465 1080 3536 presbyter,
1101 3465 1196 3536 qui
1225 3482 1453 3539 corpore
1471 3465 1624 3539 prius
1644 3477 1983 3540 peccaverat,
2014 3479 2121 3525 etc.

539 3564 596 3609 nt
623 3573 743 3628 pag.
787 3558 911 3612 547.

617 3649 702 3704 10.
757 3648 1025 3706 Similiter
1070 3661 1125 3706 et
1173 3650 1458 3718 diaconus,
1492 3653 1540 3707 si
1574 3652 1628 3708 in
1656 3653 1796 3710 idem
1826 3662 2121 3725 peccatum

539 3744 812 3809 inciderit,
845 3744 1086 3799 ministri
1122 3745 1370 3800 ordinem
1405 3746 1623 3802 habeat.

455 3820 461 3827 .
723 3836 948 3892 Concilii
989 3837 1425 3894 Chalcedonensis
1461 3854 1686 3893 canones
1728 3839 1817 3905 H,
1849 3840 1935 3896 15.

612 3930 702 3986 Li.
734 3929 1001 3995 Quoniam
1050 3931 1102 3984 in
1140 3930 1440 3996 nonnullis,
1478 3932 1771 4000 provinciis
1800 3947 2122 3988 concessum

537 4031 621 4077 est
650 4021 942 4076 lectoribus
976 4031 1030 4075 et
1058 4022 1373 4077 cantoribus
1404 4039 1605 4078 uxores
1632 4024 1851 4092 ducere,
1884 4023 2125 4080 decrevit

541 4123 727 4169 sancta
772 4114 1017 4186 synodus
1049 4115 1182 4168 nulli
1210 4130 1411 4182 ,eorum
1449 4117 1614 4172 licere
1643 4117 1872 4172 diversa:
1910 4133 1940 4173 a
1975 4129 2122 4174 recta

538 4207 814 4278 Opinionis
856 4222 1078 4262 uxorem
1125 4207 1328 4262 ducere
1357 4224 1371 4260 :
1396 4223 1490 4264 eos
1525 4219 1704 4264 autem
1743 4210 1837 4280 qui
1878 4226 1944 4266 ex
1977 4211 2123 4281 ejus-

537 4299 686 4354 modi
727 4299 1075 4353 matrimouio
1120 4300 1323 4355 liberos
1361 4311 1740 4372 susceperunt,
1783 4303 1830 4358 si
1867 4319 1962 4359 eos
2001 4305 2122 4375 qui-

537 4391 658 4446 dem
693 4392 966 4461 baptizare
1010 4392 1151 4463 apud
1202 4393 1483 4449 haereticos
1521 4396 1902 4464 prarvenerint,
1933 4396 2000 4451 ad
2030 4412 2120 4452 ca-

539 4484 754 4538 tholica:
784 4484 1039 4538 Ecclesiae
1062 4486 1502 4541 communionem
1533 4488 1803 4543 adducere
1829 4507 1841 4544 :
1866 4488 1910 4543 si
1938 4497 2116 4543 autem

2229 3279 2352 3334 σθαι
2381 3279 2548 3334 αὐτὸν
2572 3279 2756 3334 τέλεον
2784 3281 2876 3336 καὶ
2907 3281 3136 3351 ἄγεσθαι
3167 3285 3246 3346 είς
3273 3283 3593 3352 μετάνοιαν.

2305 3460 2368 3516 θ’.
2411 3460 2787 3534 Πρεσϐύτερος
2819 3460 2914 3515 ἐὰν
2943 3461 3419 3534 προημαρτηκὼς,
3460 3477 3515 3513 κ.
3540 3477 3590 3515 τ.
3621 3459 3667 3513 λ.

2299 3644 2351 3701 ι’.
2403 3645 2636 3717 Ὁμοίως
2681 3646 2778 3700 καὶ
2823 3647 2852 3698 ὁ
2897 3645 3165 3709 διάκονος,
3201 3644 3300 3698 ἐὰν
3325 3643 3410 3715 τῷ
3444 3643 3600 3714 αύτῷ
3630 3642 3786 3713 ἀμαρο

2224 3739 2426 3810 τήματι
2461 3739 2756 3809 περιπέσῃ,
2786 3737 2884 3809 τὴν
2910 3737 3005 3790 τοῦ
3034 3736 3308 3808 ὑπηρέτου
3344 3737 3510 3802 τάξιν
3537 3735 3722 3807 ἐχέτω.

2438 3831 2708 3886 Συνόδου
2736 3830 3126 3899 Χαλκηδόνος
3155 3830 3359 3884 κανὼν
3389 3830 3475 3895 ιδ’,
3514 3827 3595 3883 ιε’.

2297 3921 2372 3979 ιδ’.
2409 3923 2630 3995 Ἐπειδὴ
2668 3923 2724 3977 ἐν
2749 3940 2891 3977 τισιν
2921 3925 3213 3995 ἐπαρχίαις
3243 3923 3673 3995 συγκεχώρηται
3698 3922 3788 3983 τοῖς

2222 4015 2599 4084 ἀναγνώσταις
2650 4018 2744 4070 καὶ
2792 4015 3023 4086 ψάλταις
3071 4019 3291 4088 γαμεῖν,
3325 4016 3542 4088 ὥρισεν
3595 4017 3624 4087 ή
3670 4015 3780 4082 ἁγία

2225 4109 2462 4175 σύνοδος,
2499 4109 2574 4180 μὴ
2630 4111 2832 4176 ἐξεῖναί
2860 4127 2967 4162 τινι
2999 4110 3180 4163 αὐτῶν
3228 4111 3551 4181 ἑτερόδοξον
3585 4111 3790 4179 γυναῖκα

2222 4201 2558 4271 λαμϐάνειν
2613 4204 2739 4265 τοὺς
2792 4201 2895 4272 ἤδη
2960 4204 3024 4256 ἐκ
3075 4203 3316 4256 τοιούτου
3382 4205 3575 4274 γάμου
3628 4200 3788 4254 παιδο-

2223 4289 2576 4364 ποιήσαντας,
2624 4295 2672 4347 εἰ
2710 4294 2808 4364 μὲν
2837 4295 3080 4365 ἔφθασαν
3117 4295 3380 4366 βαπτίσαι
3428 4297 3500 4349 τὰ
3537 4293 3596 4360 ἐξ
3638 4293 3789 4346 αὐτῶν

2221 4387 2484 4457 τεχθέντα
2519 4387 2670 4458 παρὰ
2701 4389 2812 4451 τοῖς
2863 4389 3158 4459 αἰρετικοῖς
3187 4431 3201 4454 ,
3234 4389 3548 4460 προσάγειν
3582 4388 3710 4440 αύτά
3736 4387 3788 4454 τῇ

2224 4481 2484 4551 κοινωνίᾳ
2513 4483 2612 4551 τῆς
2638 4479 2936 4550 καθολικῆς
2988 4479 3314 4550 Ἐκκλησίας
3337 4497 3352 4511 ·
3388 4482 3470 4552 μὴ
3521 4477 3789 4552 βαπτίσαν-

537 4592 644 4630 ηοη
680 4577 1108 4643 baptizarerint,
1156 4593 1266 4632 non
1295 4594 1457 4649 posse
1507 4595 1604 4636 eos
1653 4582 1795 4651 apud
1831 4582 2116 4638 hazreticos

2257 4591 2319 4637 ας
2350 4573 2426 4639 δὲ,
2463 4573 2538 4645 μὴ
2567 4573 2827 4628 δύνασθαι
2858 4573 2940 4626 ἔτι
2975 4573 3260 4644 βαπτίζειν
3304 4575 3457 4627 αὐτὰ
3501 4574 3655 4644 παρὰ
3699 4573 3792 4631 τοῖς

537 4670 833 4737 baptizare.
891 4670 994 4725 Sed
1040 4685 1214 4740 neque
1271 4671 1558 4738 baeretieo,
1608 4673 1692 4726 vel
1743 4688 1989 4744 pagano,
2032 4674 2117 4729 vel

535 4759 746 4826 Judzeo,
777 4761 1126 4816 matrimonio
1150 4763 1501 4834 conjungere,
1528 4764 1630 4818 nisi
1656 4764 1838 4833 utique
1861 4780 2114 4835 persona,

535 4868 659 4923 quae
719 4854 1037 4909 orthodoxa:
1095 4856 1477 4926 conjungitur,
1535 4872 1594 4911 se
1642 4857 1711 4910 ad
1755 4857 2116 4914 orthodoxam

539 4946 695 5000 iidem
732 4947 1152 5001 convertendam
1189 4947 1469 5015 spondeat.
1510 4946 1568 5000 Si
1619 4949 1744 5017 quis
1783 4957 1964 5003 autem
2013 4949 2116 5005 hoc

539 5045 740 5093 sancta:
771 5040 962 5111 synodi
1001 5041 1277 5096 decretum
1310 5051 1683 5112 transgressus
1717 5041 1900 5109 fuerit,
1947 5057 2118 5099 cano-

539 5129 676 5185 nicis
712 5133 888 5200 pmnis
919 5133 1258 5203 subjiciatur.

607 5221 697 5276 15.
754 5221 1128 5278 Diaconissam
1181 5238 1288 5278 non
1332 5239 1453 5279 esse
1508 5223 1788 5279 mulierem
1848 5225 2116 5282 ordinan-

535 5314 680 5379 dam,
704 5325 835 5381 etc.,
865 5325 917 5368 ut
941 5331 1062 5385 pag.
1098 5315 1224 5370 550.
1268 5358 1270 5360 .

817 5429 1044 5483 Coucilii
1085 5429 1514 5499 Carthaginensis
1547 5449 1715 5487 canon
1744 5433 1826 5488 16.

607 5541 674 5596 Ut
698 5542 878 5596 nullus
907 5543 1216 5614 episcopus,
1251 5547 1555 5617 presbyter,
1603 5559 1653 5603 et
1691 5551 1948 5606 diaconus
1983 5568 2111 5606 con-

533 5631 724 5684 ductor
751 5633 992 5698 exsistat,
1023 5641 1154 5699 clc.,
1188 5643 1243 5688 ut
1275 5650 1396 5706 pag.
1430 5636 1555 5692 550.

601 5719 736 5773 ltam
766 5723 994 5790 placuit,
1030 5734 1090 5779 ut
1127 5726 1393 5798 episcopi,
1428 5730 1734 5802 presbyteri
1787 5738 1840 5791 el
1893 5736 2109 5793 diaconi

533 5827 639 5865 non
668 5813 778 5866 sint
807 5816 1184 5887 conductores,
1209 5829 1336 5889 etc.,
1369 5832 1562 5897 ulpag.
2047 5817 2050 5820 ί

2226 4668 2522 4738 αἱρετικοίς
2547 4685 2560 4698 ·
2597 4672 2736 4739 μήτε
2793 4666 2898 4739 μὴν
2932 4669 3226 4721 συνάπτειν
3254 4666 3397 4739 πρὸς
3448 4668 3630 4738 γάμον
3671 4667 3792 4735 dips-

2223 4761 2358 4833 τικῷ
2385 4762 2417 4834 ἢ
2457 4762 2696 4832 Ἰουδαίῳ
2725 4763 2758 4832 ἦ
2793 4761 3039 4833 Ἕλληνι,
3093 4764 3140 4815 εξ
3173 4763 3248 4834 μὴ
3277 4763 3389 4834 ἄρα
3419 4763 3793 4832 ἐπαγγέλλοιτο

2227 4853 2611 4924 μετατίθεσθαι
2640 4855 2720 4917 εἰς
2767 4853 2864 4924 τὴν
2905 4853 3185 4924 ὀρθὸδοξον
3229 4855 3422 4908 πίστιν
3455 4855 3518 4908 τὸ
3553 4851 3792 4908 συναπτό-

2227 4961 2388 5015 μενον
2414 4943 2701 5016 πρόσωπον
2747 4945 2824 5014 τῷ
2853 4944 3121 5015 ὁρθοδόξῳ
3141 4961 3157 4977 ο
3205 4946 3253 4997 εί
3281 4945 3340 4998 δέ
3369 4963 3462 5009 τις
3498 4945 3685 4999 τοῦτον
3717 4943 3793 4994 τὸν

2221 5038 2348 5108 ὅρον
2395 5037 2678 5110 παραϐαίη
2731 5039 2832 5109 τῆς
2861 5039 3024 5107 ἁγίας
3078 5037 3316 5104 συνόδου,
3367 5039 3650 5109 κανονικῷ
3682 5037 3790 5090 ὑπο-

2222 5123 2423 5178 κείσθω
2452 5127 2737 5198 ἐπιτιμίῳ.

2293 5217 2373 5274 ιε’.
2394 5220 2755 5276 Διακόνισσαν
2789 5221 2864 5294 μὴ
2893 5223 3318 5294 χειροτονεῖσθαι
3345 5225 3619 5293 γυναῖκα,
3641 5223 3787 5276 κτλ.

2463 5431 2732 5487 Συνόδου
2757 5435 3182 5503 Καρθαγεννης
3204 5450 3410 5488 κανων
3439 5435 3542 5500 ις’.

2293 5547 2483 5602 ’Ὥστε
2520 5546 2757 5618 μηδένα
2812 5549 3172 5613 ἐπίσκοπον,
3225 5550 3264 5616 ἢ
3299 5550 3731 5618 πρεσϐύτερον,
3757 5546 3792 5613 ἣ

2217 5640 2520 5708 διάκονον,
2559 5641 2826 5712 ἕκληψίν
2855 5660 2989 5697 τινα
3017 5641 3364 5713 λαμϐάνειν.

2292 5741 2392 5801 ις’.
2429 5735 2661 5806 Ὁμοίως
2700 5737 2914 5807 ἤρεσεν,
2946 5737 3032 5790 ἵνα
3083 5738 3396 5803 ἐπίσκοποι,
3437 5738 3539 5790 καὶ
3570 5730 3792 5807 πρεσϐύ-

2221 5846 2386 5901 τεροι,
2419 5828 2513 5885 καὶ
2539 5829 2800 5899 διάκονοι,
2826 5830 3163 5903 ὲκλήπτορες
3189 5831 3263 5902 μὴ
3295 5829 3656 5899 γίνωνται,κ.
3682 5823 3789 5880 τ.λο
