3980 6440
206 608 450 669 Eur-(560v
473 604 892 676 οίκουμενικῆς
920 605 1323 676 ἕκτηςλκανὼν
1354 604 1425 674 γ’,
1457 604 1519 670 δ’,
1554 605 1628 671 ς’,

775 678 865 747 ιγ’,
896 676 1011 747 μη’,
1039 674 1136 731 νθ¹.

262 790 390 861 Περὶ
416 792 614 859 ἱερέων
638 790 735 843 καί
767 787 1092 856 κληρικῶν.

261 886 324 952 γ’.
375 866 585 956 Ἐπειδὴ
628 883 686 937 δὲ
725 885 754 938 ό
802 882 1035 954 εὐσεϐὴς
1063 881 1157 935 καὶ
1202 879 1544 952 φιλόχριστος
1588 878 1748 951 ἡμῶν

201 977 447 1049 βασιλεὺς,
483 993 537 1029 κ.
568 993 616 1028 τ.
658 975 706 1029 λ.
1019 1023 1022 1025 .

257 1066 313 1123 δ’.
367 1069 432 1121 Εἰ
476 1085 557 1131 τις
610 1066 939 1133 ἐπίσκοπος,
993 1066 1027 1136 ἦ
1086 1062 1484 1137 πρεσϐύτερος,
1540 1061 1575 1133 ἢ
1626 1061 1745 1115 διά-

198 1178 351 1226 κονος,
374 1177 424 1212 κ.
453 1177 504 1213 τ.
532 1158 580 1213 λ.

258 1258 325 1315 ς’.
379 1250 595 1321 Ἐπειδὴ
626 1250 779 1321 παρὰ
822 1250 932 1313 τοῖς
967 1248 1347 1311 ἀποστολικοῖς
1384 1247 1606 1300 κανόσιν
1653 1242 1744 1298 εὖ·

198 1343 476 1417 ρηται,τῶν
502 1345 581 1406 είς
605 1342 808 1411 κλῆρον
839 1342 1234 1413 προαγομένων
1264 1339 1518 1409 ἀγάμων,
1550 1336 1744 1407 μόνους

196 1435 524 1503 ἀναγνώστας
572 1435 667 1488 καὶ
698 1434 909 1504 ψάλτας
959 1435 1181 1504 γαμεῖν,
1230 1433 1325 1486 καὶ
1375 1432 1539 1502 ἡμεῖς
1584 1428 1743 1482 τοῦτο

196 1526 683 1597 παραφυλάττοντες
730 1525 1009 1597 ὁρίζομεν,
1052 1524 1160 1577 ἀπὸ
1199 1523 1294 1576 τοῦ
1327 1520 1423 1575 νῦν
1475 1519 1741 1592 μηδαμῶς

194 1615 540 1680 ὑπώιάκονον,
576 1614 610 1685 ἢ
641 1614 922 1680 διάκονον,
966 1613 1000 1685 ἢ
1033 1612 1424 1684 πρεσϐύτερον,
1466 1610 1603 1680 μετὰ
1640 1607 1741 1678 τὴν

180 1709 264 1761 ἐπ’
306 1706 449 1777 αὐτῷ
497 1705 913 1778 προερχομένην
960 1706 1318 1778 χειροτονίαν,
1365 1703 1508 1773 ἔχειν
1557 1701 1741 1755 ἄδειαν

193 1799 400 1870 γαμικὸν
445 1798 627 1870 ἑαυτῷ
684 1799 939 1871 συνιστᾷν
988 1798 1348 1852 συνοικέσιονο
1399 1796 1447 1847 εἰ
1484 1793 1546 1847 δὲ
1581 1790 1740 1845 τοῦτο

192 1890 421 1962 τολμήσοι
454 1892 723 1959 ποιῆσαι,
751 1890 1123 1962 καθαιρείσθω
1145 1905 1159 1918 ·
1202 1890 1250 1942 εί
1291 1888 1349 1941 δὲ
1382 1885 1623 1957 βούλοιτό
1654 1900 1739 1947 τις

1826 513 1897 523 -
1924 488 2071 548 rm.
2100 488 2203 548 1x.
2247 488 2405 548 CAP.
2446 489 2659 583 XXIX.

1664 603 1750 674 ιβ’,
1780 613 1827 665 Α
1854 602 2015 674 304
2063 602 2286 657 Concilii
2337 608 2648 682 (πυθμένι-ιρι
2689 621 2769 682 v_r_,
2800 624 3024 665 canones
3068 612 3123 680 5,
3162 612 3213 679 4,
3246 612 3299 682 6,
3338 616 3426 682 ω,

1002 488 1399 550 SYNTAGMA
1434 484 1823 550 CANONUM.

3325 502 3430 566 782

2463 676 2551 739 15,
2583 677 2673 738 48,
2706 677 2793 733 49.

1924 786 2001 839 De
2030 788 2385 843 sacerdotibus
2401 796 2451 842 ει
2464 788 2688 843 clericis.

1921 876 1975 930 5.
2004 875 2275 942 Quoniam
2315 893 2446 933 vero
2476 878 2602 947 pius
2633 878 2948 950 Christique
2987 893 3199 941 amator
3254 888 3424 959 impe-

1848 977 2000 1022 rator
2025 978 2229 1030 noster,
2263 978 2392 1034 etc.,
2436 980 2640 1039 utpag.
2667 971 2790 1024 511.
3336 991 3342 995 ·

1920 1058 1972 1111 4.
2010 1057 2066 1111 Si
2096 1058 2221 1128 quis
2246 1062 2556 1129 episcopus,
2580 1060 2664 1115 vel
2698 1062 3002 1132 presbyter,
3037 1066 3120 1120 vel
3141 1066 3424 1135 diaconus,

1846 1158 1979 1215 etc.,
2011 1160 2068 1203 ιιι
2091 1168 2211 1220 pag.
2245 1151 2368 1207 750.

1917 1242 1970 1294 6.
1992 1240 2260 1307 Quoniam
2291 1244 2405 1296 in“
2441 1246 2755 1314 apostolicis
2774 1248 3078 1305 canonibus
3106 1249 3310 1306 dictum
3339 1259 3423 1306 est

1846 1346 2036 1388 eorum
2070 1333 2164 1403 qui
2210 1349 2318 1389 non
2347 1335 2508 1391 ducta
2541 1352 2711 1393 uxore
2756 1340 2809 1393 in
2850 1340 3055 1396 clerum
3091 1358 3421 1412 promoven-

1847 1433 1957 1489 tur,
2004 1425 2153 1481 solos
2198 1426 2432 1483 lectores
2477 1438 2531 1484 et
2580 1440 2833 1486 cantores
2876 1448 3100 1489 uxorem
3128 1450 3289 1504 posse
3318 1437 3421 1491 du-

1843 1530 2002 1584 cere;
2030 1525 2086 1571 et
2113 1532 2213 1572 nos
2244 1518 2349 1575 hoc
2378 1529 2662 1576 servantes
2682 1521 3052 1591 decernimus,
3080 1534 3141 1579 ut
3164 1526 3423 1597 deinceps

1844 1609 1979 1663 nulli
2016 1610 2233 1679 penitus
2259 1612 2660 1682 hypodiacono,
2689 1616 2770 1670 vel
2804 1616 3053 1682 diacono,
3083 1617 3168 1672 vel
3199 1619 3424 1690 presby-

1842 1708 1961 1756 tero
2010 1711 2136 1773 post
2157 1704 2241 1759 sui
2282 1706 2683 1762 ordinationem
2742 1710 3065 1765 contrahere
3125 1711 3311 1766 liceat.
3363 1710 3421 1765 Si

1844 1802 2026 1847 autem
2057 1792 2223 1849 fuerit
2256 1796 2359 1851 hoc
2390 1812 2560 1853 ausus
2610 1796 2813 1864 facere,
2846 1800 3170 1870 deponatur.
3208 1800 3267 1857 Si
3294 1803 3422 1872 quis

1843 1895 2025 1940 autem
2081 1901 2299 1953 eorum,
2344 1890 2440 1959 qui
2493 1890 2547 1944 in
2579 1890 2785 1946 clerum
2830 1894 3118 1960 accedunt,
3148 1894 3276 1950 velit
3302 1895 3421 1965 lege

192 1983 280 2035 τῶν
326 1985 403 2046 είς
436 1982 642 2053 κλῆρον
687 1983 1134 2055 προερχομένων,
1183 1982 1361 2050 γάμου
1405 1978 1556 2048 νόμῳ
1609 1993 1733 2030 συν-

1859 1980 2184 2037 matrimonii
2217 1983 2434 2038 mulieri
2471 1986 2731 2056 conjungi
2761 1998 3055 2058 antequam
3089 1989 3421 2061 bypodiaco-

190 2076 429 2130 άπτεσθαι
458 2078 719 2144 γυναικὶ,
749 2077 857 2148 πρὸ
882 2079 981 2147 τῆς
1011 2075 1104 2128 τοῦ
1137 2072 1514 2134 ύποδιακόνου,
1564 2068 1598 2140 ἦ
1624 2069 1738 2123 δια-

190 2171 343 2237 κόνου,
370 2169 403 2239 ἢ
428 2169 810 2241 πρεσϐυτέρου
857 2169 1210 2240 χειροτονίας,
1243 2164 1403 2219 τοῦτο
1427 2163 1731 2233 πραττέτω.

244 2262 322 2334 ιβ’.
364 2264 471 2317 Καὶ
509 2261 672 2317 τοῦτο
700 2262 757 2315 δὲ
788 2263 869 2326 είς
902 2260 1105 2330 γνῶσιν
1133 2258 1410 2329 ἡμετέραν
1438 2252 1620 2326 ἦλθεν,
1658 2253 1735 2317 ὡς

188 2356 232 2408 ἒν
254 2358 315 2427 τῇ
354 2355 613 2427 Ἀφρικῇ,
645 2373 699 2410 κ.
731 2372 782 2409 τ.
815 2353 868 2407 λ.

242 2443 323 2511 ιγ’.
372 2445 597 2517 Ἐπειδὴ
620 2447 679 2500 ὲν
707 2448 776 2517 τῇ
817 2443 1109 2515 Ῥωμαίων
1149 2443 1466 2516 Ἐκκλησία,
1513 2459 1568 2496 κ.
1595 2459 1646 2497 τ.
1680 2440 1730 2493 λ.

241 2636 339 2700 μη⁹.
392 2632 455 2684 Ἡ
483 2631 586 2685 τοῦ
633 2634 771 2703 πρὸς
802 2631 1109 2701 ἐπισκοπῆς
1137 2629 1431 2701 προεδρίαν
1461 2627 1733 2698 ἀναγομέ-

186 2739 259 2775 νου
287 2724 453 2795 γυνὴ,
501 2725 652 2779 κατὰ
682 2724 866 2796 κοινὴν
916 2723 1239 2795 συμφωνίαν
1263 2722 1358 2776 τοῦ
1395 2722 1598 2775 οἰκείου
1632 2721 1728 2774 ἀν-

184 2815 284 2886 δρὸς
310 2818 813 2888 προδιαζευχθεῖσα,
851 2818 989 2888 μετὰ
1018 2817 1118 2885 τὴν
1158 2815 1245 2869 ἐπ’
1288 2815 1439 2885 αὐτῷ
1482 2815 1582 2884 τῆς
1608 2815 1732 2866 ὲπι-

185 2909 363 2980 σκοπῆς
390 2910 731 2980 χειροτονίαν
750 2950 764 2972 ,
810 2911 869 2962 ὲν
913 2907 1259 2980 μοναστηρίῳ
1290 2907 1475 2960 εἰσίτω
1495 2946 1511 2971 ,
1542 2904 1732 2977 πόρρω

182 2997 261 3067 τῆς
299 3000 385 3052 τοῦ
440 3000 749 3054 ἐπισκόπου
799 2999 1135 3069 καταγωγῆς
1164 2996 1591 3069 ᾠκοδομημένῳ,
1638 2996 1733 3048 καὶ

182 3089 259 3159 τῆς
282 3092 341 3144 ὲκ
376 3092 468 3145 τοῦ
517 3093 826 3146 ἐπισκόπου
882 3092 1137 3161 προνοίας
1174 3090 1532 3144 ἁπολαυέτω’
1585 3090 1634 3143 εί
1674 3088 1731 3142 δὲ

181 3185 259 3235 καὶ
283 3183 400 3248 ἀξία
432 3184 634 3256 φανείη
662 3223 677 3247 ,
706 3185 803 3238 καὶ
831 3185 970 3255 πρὸς
998 3184 1060 3238 τὸ
1094 3184 1194 3256 τῆς
1225 3183 1576 3255 διακονίσσης
1600 3184 1732 3238 ἀνα-

181 3274 452 3341 Βιϐαζέσθω
481 3279 728 3347 ἀξίωμα.

233 3367 320 3421 νϐ’.
359 3368 564 3441 Μηδεὶς
602 3372 661 3423 ὲν
687 3368 964 3440 εὐκτηρίῳ
988 3369 1144 3439 οἴκῳ,
1177 3386 1232 3422 κ.
1268 3386 1319 3422 τ.
1346 3366 1397 3423 λ.

429 3483 761 3539 Βασάείου
795 3482 999 3537 κανὼν
1025 3481 1096 3551 γ’,
1135 3487 1210 3547 ς’,
1246 3481 1343 3546 ξθ’,
1377 3486 1439 3534 o'.

230 3583 294 3645 γ’.
383 3578 651 3640 Διάκονος
735 3574 876 3647 μετὰ
953 3575 1056 3646 τὴν
1138 3574 1417 3628 διακονίαν
1497 3571 1730 3643 πορνεύ-

179 3683 275 3733 σας,
305 3689 355 3725 κ.
372 3688 416 3726 τ.
431 3672 480 3725 λ.

238 3770 304 3826 ς’.
335 3765 453 3818 Τῶν
497 3765 808 3820 κανονικῶν
868 3765 968 3828 τὰς
1016 3762 1278 3834 πορνείας
1317 3760 1400 3822 είς
1447 3760 1624 3829 γάμον
1656 3759 1732 3829 μὴ

181 3858 635 3929 καταλογίζεσθαι,
690 3859 827 3915 ἀλλὰ
862 3858 1025 3913 παντὶ
1057 3857 1245 3927 τρόπῳ
1276 3854 1510 3925 διασπᾷν
1552 3852 1732 3907 αὐτῶν

180 3948 261 4019 τὴν
289 3953 577 4022 συνάφειαν
604 3969 618 3983 ο
661 3953 820 4006 τοῦτο
852 3951 964 4023 γὰρ
1003 3952 1098 4005 καὶ
1130 3951 1199 4018 τῇ
1238 3946 1538 4018 Ἐκκλησία
1594 3943 1733 4016 πρὸς
1774 3968 1781 3975 ο

180 4043 453 4113 ἀσφάλειαν
478 4047 784 4114 λυσιτελὲς,
837 4047 933 4101 καὶ
995 4049 1107 4109 τοῖς
1132 4044 1428 4116 αἱρετικοῖς
1457 4042 1517 4095 οὐ
1572 4038 1733 4092 δώσει

180 4136 279 4188 καθ’
304 4139 451 4209 ἡμῶν
482 4140 679 4210 λαϐὴν,
706 4139 783 4203 ὡς
810 4139 898 4193 διὰ
919 4139 1017 4210 τὴν
1045 4137 1138 4192 τοῦ
1158 4134 1495 4207 ἁμαρτάνειν
1526 4131 1729 4197 ἄδειαν,

182 4224 560 4298 ἐπισπωμένων
593 4229 731 4301 πρὸς
772 4229 1021 4292 ἑαυτούς.

235 4315 320 4381 ξδ’.
387 4321 773 4391 Ἀναγνώστης
813 4323 862 4375 εί
907 4323 972 4391 τῇ
1005 4318 1200 4373 ἑαυτοῦ
1244 4319 1456 4389 μνηστῇ
1496 4316 1602 4387 πρὸ
1628 4313 1732 4384 γά-

180 4424 266 4477 μου
298 4413 693 4480 συναλλάξειεν,
738 4412 986 4467 ἐνιαυτὸν
1031 4412 1286 4483 ἁργήσας
1325 4411 1406 4473 είς
1446 4407 1509 4461 τὸ
1533 4408 1728 4475 ἀναγι-

176 4500 379 4558 ιώσκειν
440 4507 789 4579 δεχθήσεται,
836 4506 1014 4570 μένων
1047 4504 1397 4575 ἀπρόσκοπος
1421 4517 1438 4535 ο
1467 4499 1730 4569 κλεψιγαο

1755 3314 1802 3375 C

1839 2090 1970 2141 nus,
2001 2076 2087 2131 vel
2116 2077 2401 2149 presbyter
2423 2078 2728 2145 ordinetur,
2764 2080 2871 2136 hoc
2896 2080 3079 2137 faciat.

1906 2255 1997 2310 12.
2042 2255 2212 2312 Porro
2261 2257 2369 2313 hoc
2405 2273 2624 2328 quoque
2657 2259 2724 2313 ad
2774 2270 3018 2316 nostram
3049 2263 3419 2331 cognitionem

1834 2348 2105 2417 pervenit,
2132 2350 2355 2418 quodin
2380 2359 2435 2405 et
2467 2349 2672 2416 Africa,
2704 2360 2834 2418 etc.,
2856 2363 2913 2406 ut
2932 2369 3056 2423 pag.
3091 2354 3217 2409 514.

1914 2438 2003 2493 15.
2051 2437 2324 2506 Quoniam
2374 2439 2637 2497 Romana:
2682 2440 2977 2509 Ecclesiae,
3027 2452 3135 2499 etc.
3184 2456 3242 2499 ιιι
3271 2461 3417 2516 pag.,

1844 2530 1969 2587 759.

1905 2626 1995 2683 48.
2041 2625 2192 2683 Uxor
2244 2628 2365 2699 ejus
2409 2630 2505 2700 qui
2550 2630 2619 2685 ad
2678 2630 3050 2701 episcopalem
3100 2630 3418 2703 dignitatem

1831 2729 2210 2789 promovetur,
2266 2722 2548 2777 communi
2601 2723 2687 2778 sui
2753 2723 2856 2778 vi'ri
2926 2738 3199 2779 consensu
3268 2724 3421 2793 prius

1833 2820 2105 2879 separata,
2136 2820 2429 2882 postquam
2468 2813 2522 2867 in
2550 2814 2867 2883 episcopum
2908 2813 3198 2869 ordinatus
3237 2822 3323 2870 est
3350 2828 3418 2867 ac

1833 2911 2211 2967 consecratus,
2258 2905 2673 2959 monasterimm
2723 2904 3064 2975 ingrediatur
3112 2902 3304 2975 procul
3352 2906 3423 2957 ah

1832 2994 2075 3065 episcopi
2107 2996 2448 3052 habitatione
2485 3007 2846 3063 exstructum,
2890 3006 2945 3053 et
2995 2998 3237 3068 episcopi
3286 3011 3417 3066 pro-

1832 3087 2072 3144 videntia
2108 3088 2341 3145 fruatur.
2374 3088 2469 3145 Sin
2496 3101 2675 3146 autem
2700 3091 2863 3162 digna
2895 3090 3014 3146 visa
3036 3090 3223 3156 fuerit,
3251 3090 3419 3146 etiam
3518 3141 3527 3146 _

1833 3180 1901 3235 ad
1936 3181 2263 3239 diaconatus
2301 3184 2623 3255 dignitatem
2659 3183 3012 3255 provehetur.

1907 3368 1999 3424 59.
2035 3368 2092 3424 in
2122 3370 2239 3426 aede
2284 3371 2523 3426 oratoria
2565 3383 2695 3437 etc.,
2734 3380 2792 3425 ut
2826 3387 2948 3441 pag.
2973 3371 3098 3425 607.

2098 3478 2259 3550 305
2294 3479 2487 3536 Basilii
2518 3496 2742 3534 canones
2771 3481 2825 3544 5,
2859 3480 2913 3545 6,
2946 3480 3035 3545 69,
3064 3480 3154 3545 70,

1904 3571 1958 3625 5.
1997 3569 2268 3626 Diaconus
2298 3582 2420 3642 post
2449 3573 2793 3628 diaconatum
2829 3572 3159 3637 fornicatus,
3196 3580 3329 3640 etc.,
3356 3582 3416 3626 ιιι

1836 3678 1961 3733 pag.
1997 3662 2120 3718 755.

1908 3754 1958 3808 6.
2008 3752 2418 3810 Canonicarum
2464 3769 2627 3825 supra
2665 3770 2762 3825 pro
2803 3756 3159 3811 matrimonio
3191 3770 3305 3812 non
3330 3771 3418 3811 re-

1834 3856 2118 3917 putentur,
2155 3848 2248 3902 sed
2277 3863 2465 3902 earum
2499 3848 2814 3917 conjunctio
2846 3849 3076 3903 omnino
3105 3849 3413 3906 divellatur.

1835 3939 1953 3995 Hoc
1984 3942 2129 3995 enim
2154 3950 2209 3996 et
2244 3940 2505 3997 Ecclesiae
2533 3944 2600 3997 ad
2648 3944 2998 4000 securitatem
3038 3956 3121 4001 est
3156 3946 3309 4013 utile,
3361 3959 3416 4002 et

1838 4029 2111 4086 haereticis
2139 4046 2250 4086 non
2280 4032 2432 4087 dabit
2455 4033 2719 4089 adversus
2749 4050 2853 4090 nos
2883 4051 3095 4103 ansam,
3130 4040 3287 4109 quasi
3317 4055 3415 4110 per

1834 4123 2092 4190 peccandi
2124 4124 2432 4179 libertatem
2472 4125 2539 4179 ad
2559 4142 2662 4181 nos
2690 4130 3054 4184 attrahamus.

1907 4346 1995 4402 6!).
2039 4347 2257 4411 Lector,
2308 4349 2356 4404 si
2391 4365 2515 4403 cum
2564 4366 2665 4406 sua
2716 4367 2920 4421 sponsa
2954 4362 3081 4409 ante
3125 4358 3413 4411 matrimo-

1834 4436 1984 4491 nium
2019 4439 2409 4493 commercium
2458 4440 2729 4505 habuerit,
2784 4452 3076 4513 postquam
3110 4460 3257 4501 anno
3292 4463 3416 4503 ces-

1835 4530 2059 4595 saverit,
2096 4528 2164 4583 ad
2213 4529 2500 4599 legendum
2532 4532 2902 4602 suscipietur;
2938 4551 3048 4590 non
3095 4544 3281 4592 tamen
3326 4540 3413 4593 ul-

179 4595 336 4667 μήσας
382 4600 439 4655 δὲ
496 4602 628 4657 ἄνευ
682 4600 999 4672 μνηστείας,
1062 4598 1407 4669 παυθήσεται
1470 4598 1571 4667 τῆς
1621 4595 1721 4648 ύπο

1859 4637 1917 4675 ra
1972 4621 2399 4691 promovendus.
2445 4622 2601 4690 Quod
2661 4626 2705 4681 si
2744 4626 2951 4696 absque
2990 4629 3415 4699 desponsatione

178 4691 371 4760 ξρεσίας
400 4711 415 4724 ·
450 4695 512 4749 τὸ
535 4696 593 4749 δὲ
615 4694 747 4748 αὐτὸ
780 4693 877 4748 καὶ
910 4693 1212 4765 ὑπηρέτηςο

230 4886 287 4935 o'.
315 4884 570 4950 Διάκονος
597 4887 656 4938 ὲν
686 4883 889 4956 χείλεσι
930 4883 1195 4955 μιανθεὶς,
1229 4900 1281 4936 κ.
1301 4898 1352 4934 τ.
1377 4881 1428 4935 λ.

235 5076 512 5147 Θεοφίλου
536 5080 607 5134 ἐκ
639 5075 1471 5163 τοῦὙπομνηστικοῦήκανὼν
1492 5074 1555 5139 δ’,
1585 5080 1646 5126 ε’.

230 5166 285 5221 δ’.
310 5170 439 5242 Περὶ
473 5172 531 5226 δὲ
562 5172 806 5241 Πανοὺφ,
842 5190 894 5226 κ.
931 5189 981 5227 τ.
1016 5171 1067 5226 λ.

232 5269 287 5317 ε’.
313 5266 449 5338 Περὶ
474 5265 675 5320 Ἰακὼϐ
707 5266 963 5338 ζητῆσαι,
992 5283 1047 5320 κ.
1080 5282 1129 5317 τ.
1155 5265 1205 5319 λ.

244 5354 300 5409 Ἡ
338 5364 384 5411 α’
433 5359 525 5412 τοῦ
568 5357 723 5424 κὼδ.,
763 5358 870 5414 τίτ.
927 5364 998 5427 γ’,
1034 5356 1176 5411 διάτ.
1203 5362 1263 5419 ε’,
1322 5354 1417 5408 ἐάν
1445 5371 1527 5413 τις
1563 5353 1722 5424 μόνον

174 5448 383 5519 πειραθῇ
411 5450 600 5505 λαϐεῖν
624 5450 873 5522 γαμετὴν
906 5449 1178 5522 παρθένον
1211 5447 1387 5518 ἱερὰν,
1408 5444 1723 5515 κεφαλικῶς

172 5541 501 5607 τιμωρεῖται’
528 5540 625 5594 καὶ
663 5542 804 5595 διάτ.
877 5541 957 5612 μδ¹
995 5540 1089 5595 τοῦ
1134 5538 1299 5593 αὐτοῦ
1348 5539 1456 5592 τίτ.
1506 5538 1588 5591 ὅτι
1627 5537 1722 5590 ἐὰν

172 5629 541 5703 πρεσϐύτερος,
582 5632 614 5702 ἢ
655 5633 924 5697 διάκονος,
987 5632 1020 5703 ἢ
1064 5629 1419 5691 ὑποδιάκονος
1467 5629 1718 5699 γαμήσῃ.

172 5714 427 5776 ὑπόκειται
454 5723 553 5793 μὲν
578 5726 691 5790 τοῖς
718 5725 962 5792 κανόσιν,
1014 5725 1209 5787 οἵτινες
1259 5723 1360 5794 οὐχ
1406 5716 1567 5793 ἦττον
1614 5720 1723 5779 τῶν

170 5808 328 5876 νόμων
377 5814 643 5886 ἰσχύουσι,
688 5818 913 5889 καὶτῆς
944 5818 1248 5889 ἱερωσύνης
1306 5817 1589 5882 ἐκπίπτει,
1626 5816 1722 5870 καὶ

166 5900 209 5952 οἱ
238 5904 411 5970 παῖδες
473 5909 549 5972 ὼς
581 5909 637 5977 ἐξ
666 5910 941 5983 ἀθεμίτων
970 5912 1164 5982 γάμων
1224 5911 1532 5981 τεχθέντες,
1592 5910 1651 5963 οὔ
1665 5930 1716 5965 τε

1836 4714 2021 4769 lurtim
2053 4714 2264 4782 colerit,
2302 4716 2542 4771 cessabit
2567 4733 2598 4772 a
2635 4718 2961 4774 ministerio.
2996 4718 3198 4777 Eadem
3228 4730 3285 4777 et
3310 4723 3415 4777 mi-

1831 4806 1987 4863 nistri
2024 4807 2186 4861 ratio.
2958 4826 2963 4832 ·

1900 4899 2165 4972 30670.
2186 4900 2458 4957 Diaconus
2480 4902 2572 4973 qui
2596 4902 2834 4974 pollutus
2860 4914 2945 4962 est
2973 4905 3028 4961 in
3049 4905 3245 4984 labris,
3276 4914 3410 4974 etc.,

1835 5000 1893 5041 ηι
1920 5008 2045 5062 pag.
2088 4992 2215 5046 755.

2008 5082 2271 5153 Theophili
2303 5100 2367 5138 ex
2391 5084 2805 5140 Commonitorio
2833 5104 3060 5144 canones
3091 5090 3146 5156 4,
3176 5092 3232 5147 5.

1896 5176 1951 5230 4.
1983 5174 2059 5231 De
2096 5175 2345 5247 Pauuph,
2375 5187 2481 5233 etc.
2513 5189 2568 5233 ut
2596 5196 2719 5249 pag.
2749 5180 2875 5237 5'50.

1898 5264 1951 5318 5.
1994 5264 2067 5321 De
2096 5264 2267 5321 Jacob
2300 5283 2570 5337 quaerere,
2596 5277 2728 5336 etc.,
2756 5280 2813 5323 ιιι
2844 5287 2966 5341 pag.
2998 5271 3127 5327 550.

1904 5359 2117 5414 Textus.
2151 5359 2273 5415 Lib.
2309 5378 2347 5427 ι,
2379 5363 2501 5417 cod.
2549 5362 2635 5418 tit.
2662 5363 2718 5430 5,
2749 5360 2926 5420 (Ξοηει.
2962 5365 3015 5420 5.
3064 5365 3120 5419 Si
3152 5367 3278 5436 quis
3312 5383 3412 5424 sa-

1827 5468 1975 5507 cram
1997 5453 2262 5524 virginem
2288 5470 2514 5511 uxorem
2535 5454 2736 5511 ducere
2756 5458 3141 5513 tantummodo
3161 5462 3408 5525 tentarit.

1826 5546 2044 5616 capitali
2076 5563 2232 5617 paena
2279 5546 2492 5604 feritur.
2541 5550 2610 5603 Et
2656 5550 2877 5605 constit.
2914 5551 3007 5613 44,
3035 5552 3283 5623 ejusdem
3323 5554 3408 5609 tit.

1829 5641 1883 5694 Si
1948 5641 2252 5711 presbyter,
2320 5651 2417 5696 aut
2470 5642 2775 5707 diaconus,
2838 5652 2933 5697 aut
2994 5644 3408 5714 hypodiaconus

1828 5732 2049 5801 nuptias
2107 5733 2465 5798 contraxerit,
2515 5733 2821 5787 canonibus
2871 5743 3103 5800 tenetur,
3155 5735 3247 5805 qui
3291 5751 3402 5790 non

1826 5824 2010 5879 minus
2060 5823 2241 5879 valent
2286 5839 2450 5894 quam
2505 5826 2673 5895 leges,
2731 5834 2785 5880 et
2833 5826 3139 5881 sacerdotio
3180 5828 3404 5883 excidit.

1828 5914 2004 5970 Liberi
2062 5924 2262 5982 autem,
2317 5927 2574 5987 tanquam
2629 5935 2695 5973 cx
2758 5918 2961 5974 illicitis
3008 5920 3210 5989 nuptiis
3265 5920 3401 5989 nati,
