3874 6296
523 404 630 471 183

1694 400 1924 463 ΡΗΟΤΙ
1931 403 1958 463 Ι
1983 403 2117 464 ΡΑΤ

2225 405 2486 467 ARCH/E
2517 409 2624 468 cr.
3649 425 3734 488 τε,

526 535 706 592 neque
751 518 1030 576 naturales
1072 531 1249 589 neque
1299 515 1452 572 nothi
1495 495 1656 581 'sunt,
1717 526 1772 572 et
1818 533 1997 588 neque
2042 533 2110 573 ex

2225 522 2429 590 ρυσικοὶ
2477 521 2601 575 οὔτε
2632 521 2775 576 νόθοι
2809 524 2934 590 εἰσὶ,
2975 526 3070 579 καὶ
3094 523 3218 580 οὔτε
3255 528 3396 583 κατά
3424 530 3668 606 διαδοχὴν,
3711 541 3737 611 ἦ

531 611 1262 676 donatione,successione,
1313 609 1438 664 ficto
1483 609 1692 674 debito,
1739 619 1834 665 aut
1882 612 2109 665 aliorum
2137 633 2159 645 -

509 705 1173 778 subligatione-quiquam
1223 704 1534 774 percipiunt
1583 720 1614 758 a
1669 705 1919 775 patribus
1950 705 2111 762 suis:

534 798 629 852 sed
661 811 839 867 neque
875 803 1082 851 matres
1128 793 1374 863 ipsorum
1405 812 1418 849 :
1450 810 1642 848 verum
1696 795 1786 849 illa
1821 794 1967 864 capit
2014 794 2115 850 Ec-

535 891 721 955 clesia,
753 890 806 943 in
834 903 940 958 qua
994 886 1070 942 illi
1127 886 1508 943 deservierint.
1575 887 1716 943 Dicit
1762 902 1894 942 vero
1949 887 2115 942 etiam

534 993 704 1038 coast.
745 984 830 1049 15,
865 983 951 1036 tit.
985 997 1003 1035 ι
1035 979 1378 1034 Novellarum
1411 999 1425 1036 :
1460 983 1517 1035 Si
1550 983 1854 1038 monachus
1883 982 2116 1036 clericus

536 1074 713 1129 factus
758 1074 851 1139 sit,
897 1073 966 1126 ad
1013 1073 1422 1126 matrimonium
1474 1071 1734 1128 devenire
1763 1088 1832 1127 ne
1862 1073 2061 1126 audete
2097 1086 2111 1125 :

535 1165 751 1220 tametsi
798 1165 854 1219 in
904 1164 1052 1219 clero
1080 1179 1206 1220 eum
1241 1164 1471 1235 gradum
1520 1175 1715 1220 nactus
1759 1165 1850 1232 sit,
1901 1165 1954 1218 in
2004 1179 2114 1233 quo

533 1258 752 1313 clericis
807 1257 1244 1324 matrimonium,
1295 1257 1624 1312 contrahere
1677 1259 1820 1324 licet,
1872 1255 2111 1328 [qualem

537 1349 809 1421 videlicet]
863 1359 1139 1416 cantores,
1195 1359 1252 1405 et
1310 1350 1543 1406 lectores
1600 1348 1916 1422 [obtinent].
1979 1349 2116 1403 Aliis

535 1444 682 1499 enim
739 1443 998 1499 omnibus
1045 1444 1099 1497 in
1157 1444 1473 1499 universum
1535 1444 1741 1513 nuptiae
1809 1442 2115 1498 interdicta:

535 1544 683 1590 sunt.
709 1533 780 1589 At
808 1537 852 1590 si
887 1545 980 1590 aut
1013 1535 1232 1605 nuptias
1267 1537 1579 1600 contrahat,
1617 1544 1712 1590 aut
1742 1535 2110 1590 concubinam

536 1630 753 1692 habeat,
805 1636 899 1682 aut
949 1628 1222 1698 impudice
1265 1626 1432 1694 vivat,
1473 1627 1709 1698 ejicitor,
1755 1643 1820 1682 ac
1868 1627 2114 1696 plebeius

536 1731 676 1776 esto.
709 1722 788 1775 Ad
819 1722 1066 1776 militiam
1100 1720 1274 1793 [vero]
1306 1723 1389 1776 vel
1419 1721 1564 1775 aliud
1590 1719 1826 1776 ofﬁcium
1857 1720 2114 1775 de'venire

537 1830 606 1869 ne
655 1814 873 1868 audete.
902 1812 968 1868 Et
1008 1815 1231 1868 constit.
1283 1829 1321 1880 t,
1370 1813 1609 1882 ejusdem
1665 1814 1744 1869 tit.
1791 1812 1987 1868 Nullus
2017 1813 2110 1882 qui

2214 614 2444 684 δωρεὰν,
2475 615 2506 684 ἢ
2539 616 3015 687 ἐσχηματισμένον
3035 618 3266 688 δάνειον,
3304 622 3536 694 ἢέτὲραν
3562 629 3738 700 ὲνοχὴν,

2214 705 2549 777 λαμϐάνουσί
2581 725 2634 761 τι
2665 709 2815 780 παρὰ
2856 710 2965 764 τῶν
3000 713 3256 784 πατέρων
3302 715 3548 789 αὑτῶν,ἢ
3581 721 3631 773 αἰ
3661 739 3744 792 μη-

2214 795 2372 866 τὲρες
2421 796 2626 860 αὐτῶν,
2682 797 2820 851 ἀλλὰ
2873 797 3047 853 ταῦτα
3079 799 3344 871 λαμϐάνει
3375 805 3406 875 ὴ
3437 806 3550 858 κατ’
3581 809 3744 874 αὐτοὺς

2228 887 2540 960 Ἐκκλησίαο
2560 889 2775 958 λέγειδὲ
2801 893 2928 962 ἡλγ¹
2952 892 3092 947 διάτ.
3110 894 3203 948 τοῦ
3231 901 3278 949 α’
3294 896 3394 950 τίτ.
3409 899 3510 952 τῶν
3533 900 3746 973 Νεαρῶν,

2215 980 2296 1034 ὅτι
2325 982 2420 1035 ἐὰν
2453 983 2688 1053 μοναχὸς
2724 983 3004 1057 κληρωθῇ,
3065 987 3139 1058 μὴ
3198 987 3468 1060 θαρρείτω
3502 993 3624 1063 πρὸς
3667 999 3749 1068 γά.

2219 1091 2316 1142 μον
2345 1073 2554 1161 ἐλθεῖν,
2581 1075 2682 1128 κᾶν
2712 1077 2955 1130 τοιούτου
3001 1077 3210 1150 βαθμοῦ
3251 1081 3540 1152 τετύχηκεν
3604 1086 3654 1139 ἐν
3689 1090 3751 1161 τῷ

2216 1164 2404 1237 κλήρῳ
2435 1166 2493 1219 ὲν
2520 1159 2565 1235 ᾧ
2592 1170 2704 1232 τοῖς
2728 1167 3010 1240 κληρικοῖς
3043 1168 3224 1235 ἔξεστι
3268 1176 3486 1243 γαμεῖν,
3536 1159 3749 1233 τουτέστι

2213 1258 2392 1330 ψάλτῃ
2427 1260 2521 1313 καὶ
2563 1260 2908 1333 ἀναγνώστῃ·
2943 1265 3061 1326 τοῖς
3088 1263 3202 1334 γὰρ
3224 1263 3404 1329 ἄλλοις
3434 1268 3599 1321 ἅπασι
3643 1271 3754 1324 καθ-

2215 1350 2363 1416 άπαξ
2406 1352 2434 1404 ὁ
2473 1354 2648 1423 γάμος
2675 1354 3070 1426 ἀπηγόρευται·
3093 1358 3142 1410 εἰ
3163 1358 3220 1410 δὲ
3242 1359 3504 1429 γαμήσει,
3533 1361 3563 1430 ἢ
3585 1363 3756 1418 παλλαο

2215 1445 2320 1515 κὴν
2349 1446 2473 1515 σχῇ,
2511 1444 2544 1516 ἢ
2576 1445 2823 1516 ἀσελγῶς
2870 1447 3050 1520 ζήσει,
3078 1449 3428 1504 ὲκϐαλλέσθω
3448 1451 3539 1505 τοῦ
3565 1455 3756 1527 κλήρου,

2217 1536 2313 1590 καὶ
2346 1536 2563 1607 ἰδιώτης
2604 1537 2764 1604 ἔστω,
2819 1540 2956 1610 πρὸς
2988 1542 3284 1612 στρατείαν
3336 1542 3369 1612 ἥ
3396 1544 3584 1614 ἑτέραν
3607 1550 3760 1618 ὲπιτή·

2216 1625 2402 1680 δευσιν
2425 1626 2599 1680 ἐλθεῖν
2637 1629 2697 1681 ού
2755 1628 2993 1701 θαρρῶν·
3034 1631 3126 1684 καὶ
3173 1633 3205 1702 ή
3256 1637 3304 1686 α’
3338 1633 3478 1686 διάτ.
3513 1633 3602 1687 τοῦ
3622 1639 3759 1691 αὐτοῦ

2225 1717 2359 1781 τίτ.,
2413 1719 2496 1772 ὅτι
2588 1720 2777 1790 μηδεὶς
2837 1721 3319 1793 δευτερογαμήσας
3389 1730 3762 1796 χειροτονείσθω

2216 1810 2588 1884 πρεσϐύτερος
2621 1811 2652 1882 ἢ
2687 1813 2955 1877 διάκονος,
2994 1817 3130 1884 μήτε
3161 1816 3262 1886 μὲν
3292 1818 3340 1869 εἰ
3371 1819 3586 1885 γυναικὶ
3617 1835 3764 1872 aevo:-

538 1905 948 1961 matrimonium
1029 1906 1264 1972 iteravit,
1325 1905 1608 1976 presbyter
1683 1915 1777 1959 aut
1845 1906 2115 1962 diaconus

2225 1904 2304 1956 κεῖ
2320 1903 2412 1956 τὸν
2442 1903 2572 1956 ἴδιον
2616 1904 2788 1976 ἄνδρα
2818 1906 3220 1980 καταλιπούσῃ,
3259 1910 3398 1980 μήτε
3435 1911 3483 1961 εἰ
3519 1910 3762 1982 παλλακὴν

539 2001 826 2055 ordinator
860 2014 875 2052 :
912 2015 1089 2069 neque
1123 1999 1285 2053 etiam
1317 1998 1412 2067 qui
1456 1997 1620 2052 uxori
1659 1997 1954 2063 cohabitat,
1991 2013 2114 2068 qua:

541 2093 795 2164 niaritum
831 2107 988 2146 suum
1021 2090 1188 2162 [facto
1213 2088 1469 2161 divortio]
1504 2090 1720 2160 reliquit
1756 2109 1768 2145 :
1801 2107 1974 2160 neque
2019 2090 2113 2161 qui

538 2182 901 2236 concubinam
962 2181 1143 2234 habet.
1186 2181 1257 2232 At
1304 2178 1473 2251 [talis]
1522 2191 1729 2234 castam
1766 2181 1931 2235 vitam
1968 2191 2112 2249 agat,

539 2283 634 2328 aut
662 2275 829 2328 etiam
864 2273 1020 2327 uxori
1064 2272 1360 2335 cohabitet,
1390 2273 1475 2326 vel
1523 2277 1685 2328 unius
1717 2272 1930 2345 [uxoris
1963 2273 2114 2344 ejus-

539 2364 794 2436 demque]
825 2375 1010 2432 castte,
1047 2379 1110 2420 ac
1138 2380 1204 2419 ex
1234 2365 1547 2435 virginitate
1577 2364 1916 2438 [assumpta]
1947 2367 2116 2420 mari-

543 2471 630 2513 tus
667 2459 851 2513 fuerit.
882 2457 1150 2513 Caeterum
1183 2459 1229 2514 si
1262 2458 1384 2528 quis
1416 2474 1540 2512 cum
1573 2459 1854 2530 presbyter
1897 2457 1990 2521 sit,
2023 2466 2115 2513 aut

541 2553 804 2608 diaconus
849 2562 944 2606 aut
984 2551 1417 2623 hypodiaconns,
1450 2551 1533 2605 vel
1586 2553 1786 2621 palam,
1819 2551 1905 2606 vel
1951 2551 2113 2617 clam,

539 2645 623 2698 vel
655 2645 758 2700 sub
793 2645 979 2714 aliquo
1009 2653 1274 2714 praetextu
1307 2643 1394 2716 [ad
1430 2643 1514 2716 se]
1564 2659 1789 2699 uxorem
1841 2650 1935 2698 aut
1980 2657 2115 2698 con-

540 2733 796 2786 cuhinam
853 2727 1228 2788 introduxerit
1275 2751 1289 2788 :
1345 2748 1504 2789 sacro
1567 2733 1857 2789 confestim
1922 2732 2117 2787 ordine

2219 1993 2354 2064 ἔχοι,
2371 1994 2506 2050 ἀλλὰ
2529 1996 2851 2070 σωφροσύνῃ
2869 1998 3068 2062 συζῶν,
3097 1999 3243 2070 καὶῆ
3273 2003 3489 2071 γαμετῇ
3517 2003 3764 2067 συνοικῶν,

2220 2087 2253 2157 ἢ
2289 2088 2417 2157 μιᾶς
2447 2086 2586 2159 ἀνὴρ
2612 2089 2906 2159 γενόμενος
2956 2090 3236 2161 σώφρονος
3261 2093 3356 2145 καὶ
3380 2094 3446 2145 ὲκ
3485 2093 3765 2161 παρθενίας·

2221 2182 2270 2233 εἰ
2299 2180 2356 2233 δέ
2380 2197 2464 2244 τις
2487 2181 2858 2254 πρεσϐύτερος
2881 2183 2981 2251 ὢν,
3014 2185 3046 2255 ἢ
3075 2185 3346 2251 διάκονος,
3388 2185 3420 2256 ἢ
3455 2185 3768 2245 ὑποδιάκονος

2221 2272 2468 2344 γαμετὴν
2529 2274 2561 2345 ἦ
2627 2275 2910 2346 παλλακὴν
2969 2279 3241 2345 εἰσάγοιτο
3291 2278 3548 2346 φανερῶς
3587 2277 3772 2348 ἣὲσχη·

2226 2366 2597 2436 ματισμένως,
2654 2367 2856 2432 εὐθέως
2887 2370 2987 2439 τῆς
3032 2369 3186 2441 ἱερᾶς
3231 2370 3553 2424 ὲκπιπτέτω
3574 2369 3767 2434 τάξεως,

2223 2457 2317 2511 καὶ
2337 2457 2552 2528 ἰδιώτης
2584 2460 2678 2512 καὶ
2710 2460 2902 2524 λοιῐκὸς
2933 2461 3074 2515 ἔστω
3094 2478 3107 2492 ·
3145 2462 3504 2533 ἀναγνώστης
3534 2461 3589 2514 δὲ
3619 2462 3772 2513 δευτε-
3799 2469 3802 2472 ’

2221 2549 2500 2620 ρογαμῶν,
2535 2550 2610 2623 μὴ
2635 2553 3016 2623 προκοπτέτω,
3058 2553 3133 2625 μὴ
3172 2555 3278 2626 μὴν
3306 2555 3410 2609 καὶ
3446 2553 3769 2625 τριγσιμείτω⁹

2217 2643 2265 2695 εἰ
2298 2641 2355 2694 δὲ
2419 2642 2906 2716 δευτερογαμήσας
2963 2647 3191 2700 σπεύσει
3235 2646 3539 2719 προκόψαι,
3586 2646 3766 2714 γίνεται

2219 2729 2452 2799 ἰδιώτης.

539 2826 795 2890 excidito,
853 2835 906 2880 et
962 2829 1209 2897 privatus
1241 2839 1406 2897 atque
1459 2828 1701 2898 plebeius
1753 2828 1914 2898 307
1969 2835 2112 2882 esto.
2154 2825 2348 2881 Lector
2417 2835 2598 2881 autem
2668 2831 3081 2884 matrimonium
3115 2829 3320 2884 iterans
3359 2828 3461 2901 [ad
3492 2825 3698 2898 altiora]
3721 2841 3777 2881 ne

540 2923 900 2992 progreditur,
935 2939 1114 2995 neque
1156 2924 1225 2980 ad
1268 2924 1454 2980 tertias
1487 2925 1706 2995 nuptias
1735 2924 2005 2980 devenito.
2038 2925 2116 2980 Ac
2158 2925 2207 2981 si
2273 2933 2395 2994 post
2417 2922 2672 2978 iteratum
2703 2923 3020 2994 conjugium
3101 2925 3352 2995 progredi
3403 2924 3660 2987 enitatur,
3688 2921 3776 2992 ple-

542 3015 696 3070 beius
727 3026 866 3068 esto.

613 3107 756 3162 Dicit
789 3107 916 3161 item
956 3125 970 3162 :
1009 3106 1140 3174 Quae
1169 3107 1497 3162 diaconissae
1541 3106 1885 3173 ordinantur,
1919 3106 2114 3162 admo-

2291 3106 2454 3176 Λέγει
2483 3105 2540 3160 δὲ
2583 3107 2667 3160 ὅτι
2709 3106 3186 3178 χειροτονούμεναι
3243 3109 3300 3162 αἰ
3325 3106 3593 3170 διάκονοι,
3622 3103 3778 3160 νουθε-

544 3211 774 3255 nentor:
801 3197 911 3271 ]aCJ
936 3199 1170 3264 sciunto,
1208 3199 1356 3269 quod
1388 3200 1432 3254 si
1457 3207 1746 3253 contracto
1766 3199 2117 3255 matrimonio

2225 3199 2542 3253 τείσθωσαν·
2572 3199 2768 3253 εἰδυῖαι
2811 3198 2886 3262 ὡς
2931 3201 2978 3252 εἰ
3043 3199 3381 3271 θαρῤήσαιεν
3447 3197 3780 3268 καταισχῦναι

544 3295 720 3348 aliave
752 3291 875 3346 vitae
913 3291 1124 3346 ratione
1170 3289 1471 3363 [suscepta]
1515 3291 1846 3346 dedecorare
1888 3291 2115 3346 ordina-

543 3386 748 3439 tionem
777 3398 925 3438 auste
956 3382 1182 3448 fuerint,
1210 3397 1316 3436 rea:
1346 3383 1539 3437 mortis
1574 3383 1723 3448 fient,
1750 3391 1804 3436 et
1827 3381 2118 3443 facultates

543 3492 656 3530 suae
684 3474 1032 3530 monasteriis
1061 3481 1156 3528 aut
1202 3473 1462 3529 Ecclesiis
1514 3473 1630 3527 suis
1681 3472 2116 3542 applicabuntur.

544 3568 648 3635 Qui
678 3583 807 3623 vero
837 3567 1038 3622 ducere
1069 3566 1191 3621 illas
1219 3575 1314 3622 aut
1342 3576 1706 3636 constuprare
1737 3567 1853 3622 ausi
1889 3564 2114 3633 fuerint,

543 3661 724 3730 gladio
749 3659 972 3716 obnoxii
1005 3670 1189 3726 erunt,
1228 3674 1530 3730 eorumque
1552 3660 1918 3716 substantiam
1951 3658 2119 3716 fiscus

543 3753 738 3823 capiet.

618 3844 834 3898 Textus.
871 3844 1108 3901 Constit.
1150 3845 1206 3909 ‘2,
1250 3843 1496 3915 ejusdem
1543 3845 1629 3898 tit.
1676 3844 1731 3898 Si
1771 3844 1992 3900 decurio
2027 3853 2123 3898 aut
2190 3887 2199 3897 .

546 3937 866 4004 cohortalis,
896 3938 987 3992 ubi
1021 3937 1336 4007 quindecim
1377 3935 1535 3990 annis
1585 3938 1888 3992 monachus
1932 3935 2118 3999 fuerit.

546 4030 781 4085 clericus
829 4029 943 4096 fiat,
983 4028 1090 4101 [ac]
1125 4029 1322 4084 deinde
1369 4030 1592 4100 nuptias
1631 4030 1940 4093 contrahat,
1985 4027 2121 4100 [pri-

543 4118 723 4192 stinae]
761 4137 874 4178 sum
907 4120 1140 4175 fortuna:
1175 4121 1501 4176 reStituitur.
1552 4121 1754 4194 [Quod]
1800 4122 1941 4176 idem
1973 4131 2026 4174 et
2066 4122 2118 4174 in

543 4213 664 4268 aliis
689 4214 784 4283 qui
815 4229 881 4268 ex
916 4213 1207 4268 monachis
1233 4213 1417 4268 clerici
1456 4213 1607 4286 [facti
1641 4226 1788 4279 sunt,
1837 4212 2064 4285 obtinet]
2102 4233 2116 4269 :

543 4305 761 4360 tametsi
789 4305 1118 4360 decuriones
1148 4314 1243 4360 aut
1273 4305 1586 4360 cohortales
1615 4322 1721 4359 non
1756 4305 1980 4360 fuerint.
2012 4305 2077 4359 Et
2104 4323 2116 4358 :

544 4397 649 4463 Qui
704 4398 946 4452 caelibem
983 4397 1223 4462 ordinat,
1271 4397 1606 4469 interrogato
1656 4399 1830 4464 illum,
1885 4413 1953 4452 an
2002 4398 2121 4452 sine

541 4489 779 4558 legitima
815 4504 986 4544 uxore
1021 4499 1169 4545 caste
1199 4491 1381 4545 virere
1422 4491 1612 4561 possit.
1645 4490 1748 4557 Qui
1797 4507 1930 4545 vero
1979 4501 2117 4545 tem-

543 4597 672 4652 pore
707 4582 1070 4638 ordinationis
1108 4583 1342 4637 diacono
1383 4594 1504 4653 post
1546 4583 1951 4636 ordinationem
2003 4598 2119 4636 ma-
2151 4559 2198 4614 D

541 4675 857 4728 trimonium
921 4675 1244 4730 contrahere
1296 4677 1627 4745 permiserit,
1682 4677 1750 4728 ab
1801 4675 2119 4745 episcopatu

539 4766 779 4836 cj-icitur.
814 4765 986 4821 Porro
1016 4767 1320 4837 presbyter,
1353 4777 1448 4819 aut
1479 4768 1764 4830 diaconus,
1807 4773 1902 4818 aut
1949 4764 2121 4834 hypo-

539 4861 805 4915 diaeonus
829 4861 920 4932 qui
949 4868 1070 4930 post
1092 4859 1497 4914 ordinationem
1541 4857 1952 4912 matrimonium
1987 4872 2120 4911 con-

541 4953 728 5018 trahit,
759 4969 789 5006 e
835 4953 980 5007 clero
1014 4951 1254 5022 ejicitur,
1301 4963 1354 5005 et
1395 4967 1519 5005 cum
1576 4953 1738 5006 rebus
1788 4950 1902 5005 suis
1956 4950 2122 5004 curia:

545 5040 785 5095 civitatis
817 5041 869 5094 in
900 5055 1008 5110 qua
1045 5039 1279 5094 clericus
1324 5048 1462 5104 erat,
1498 5039 1750 5094 traditur.
1783 5038 1911 5093 Item
1948 5037 2121 5094 lector

542 5135 632 5201 qui
695 5132 914 5201 nuptias
998 5132 1179 5195 iterat,
1243 5138 1338 5183 aut
1405 5130 1650 5196 viduam,
1723 5130 1808 5183 vel
1884 5129 2121 5183 divortio

543 5223 895 5290 disjunclam,
927 5223 1009 5278 vel
1039 5223 1247 5292 legibus
1274 5223 1640 5277 canonibnsve
1674 5215 2016 5278 interdictam
2042 5221 2118 5295 [in

545 5313 790 5386 uxorein]
825 5314 1076 5378 assumit,
1123 5314 1176 5367 in
1216 5313 1382 5368 alium
1433 5314 1658 5385 gradum
1702 5330 1768 5370 ne
1815 5315 2116 5386 procedito.

543 5408 685 5474 Quin
711 5416 764 5461 et
788 5407 832 5461 si
865 5408 1215 5476 processerit,
1252 5407 1422 5476 priori
1458 5407 1782 5462 restituitur.

615 5499 756 5551 Dicit
785 5500 1011 5566 insuper
1045 5518 1058 5554 :
1096 5498 1197 5565 Qui
1231 5500 1540 5566 ascetriam,
1592 5509 1686 5554 aut
1734 5500 2118 5559 monastriam,

544 5600 638 5646 aut
691 5591 1083 5660 diaconissam,
1131 5603 1227 5647 aut
1268 5594 1436 5648 alium
1493 5594 1809 5664 religiosum
1871 5592 2117 5645 habitum

542 5691 841 5752 gestantem
903 5680 1237 5756 [mulierem]
1300 5685 1541 5754 rapiunt,
1599 5693 1977 5754 corrumpunt,
2035 5683 2120 5737 vel

545 5785 927 5846 constuprant,
963 5777 1163 5847 quique
1195 5776 1329 5849 [illis
1361 5775 1508 5848 sese]
1539 5777 1818 5832 associant
1847 5794 1861 5830 :
1896 5776 2117 5846 capitali

544 5868 811 5938 supplicio
839 5871 1170 5940 afliciuntur,
1205 5888 1268 5928 ac
1301 5887 1388 5928 res
1414 5871 1633 5926 illorum
1667 5871 1867 5943 injuria
1910 5870 2115 5927 allectze

2220 3292 2318 3363 τὴν
2349 3293 2707 3364 χειροτονίαν,
2763 3291 3194 3364 προσομιλοῦσαι
3227 3292 3396 3362 γάμῳ
3435 3291 3470 3362 ἢ
3504 3291 3657 3345 ἄλλου
3686 3287 3779 3358 βίου

2221 3386 2436 3458 πορείᾳ,
2472 3387 2684 3456 θανάτῳ
2739 3387 3064 3458 γενήσονται
3123 3385 3317 3456 ἔνοχοι·
3350 3385 3454 3438 καὶ
3480 3386 3589 3447 τοῖς
3632 3380 3784 3436 αὐτῶν

2222 3480 2541 3551 ἐκκλησίαις
2576 3481 2631 3534 αἱ
2661 3479 2970 3550 περιουσίαι
3005 3477 3185 3532 αὐτῶν
3225 3475 3780 3548 προσῖιιυρωθήσονται⁹

2221 3576 2270 3628 οἱ
2309 3573 2366 3626 δὲ
2405 3572 2581 3642 γῆμαι
2618 3571 2895 3642 ἢφθεῖραι
2925 3571 3097 3634 αὑτὰς
3129 3570 3533 3640 τολμήσαντες,
3576 3565 3784 3621 ὑπεύθυ-

2223 3661 2304 3716 νοί
2336 3663 2444 3714 εἰσι
2475 3660 2642 3730 ξίφει,
2676 3661 2773 3714 καὶ
2799 3660 2896 3732 τὴν
2923 3661 3110 3715 οὐσίαν
3134 3659 3314 3714 αὐτῶν
3336 3659 3404 3712 τὸ
3431 3658 3684 3728 δημόσιον
3707 3656 3782 3726 λή-

2220 3752 2404 3822 ψεται.

2295 3849 2405 3901 Καὶ
2435 3849 2468 3920 ἡ
2493 3847 2536 3918 β’
2565 3849 2708 3903 διά-ι’.
2733 3847 2828 3902 τοῦ
2865 3846 3030 3901 αὑτοῦ
3052 3846 3183 3911 τίτ.,
3217 3847 3300 3900 ὄτι
3329 3847 3432 3902 ἐὰν
3465 3843 3783 3915 βουλευτὴςῆ

2223 3939 2528 4010 ταξεὼτης,
2561 3943 2654 3994 ἐπὶ
2716 3938 2777 3994 ιε’
2833 3941 3073 4011 μονάσας
3129 3939 3222 4011 ἐτη
3263 3938 3502 4009 γένηται
3531 3934 3785 4009 κληρικὸς,

2221 4025 2343 4084 εἶτα
2371 4032 2620 4102 γαμήσῃ,
2666 4030 2978 4084 ἀποδίδοται
3017 4033 3084 4101 τῇ
3140 4029 3246 4100 ἰδίᾳ
3284 4028 3455 4100 τύχῃ’
3493 4029 3560 4082 τὰ
3586 4029 3714 4083 αὐτὰ
3740 4026 3784 4077 δὲ

2223 4122 2318 4175 καὶ
2352 4123 2480 4195 περί¹
2531 4123 2642 4176 τῶν
2676 4123 2851 4178 ἄλλων
2913 4121 3192 4193 κληρικῶν
3235 4123 3346 4175 τῶν
3377 4122 3494 4175 ἀπὸ
3543 4118 3786 4192 μοναχῶν,

2222 4213 2326 4266 κᾶν
2353 4213 2427 4284 μὴ
2470 4215 2727 4282 γεγόνασι
2765 4214 3048 4286 βουλευταὶ
3093 4214 3126 4283 ἢ
3183 4211 3492 4277 ταξεῶται·
3550 4214 3641 4266 καὶ
3665 4211 3787 4265 ὅτιό

2222 4303 2542 4375 χειροτονῶν
2565 4305 2800 4375 ἄγαμον,
2827 4305 3086 4377 ἐρωτάτω
3112 4303 3276 4358 αὑτὸν
3304 4305 3355 4357 εἰ
3375 4304 3606 4358 δύναται
3643 4301 3785 4374 χωρὶς

2221 4395 2452 4466 νομίμου
2480 4397 2726 4466 γαμετῆς
2763 4397 2974 4467 σεμνῶς
3015 4396 3164 4466 βιοῦν
3187 4412 3201 4428 ⁶
3236 4398 3264 4451 ὁ
3313 4396 3373 4449 δὲ
3397 4397 3480 4468 τῷ
3502 4396 3674 4468 καιρῷ
3705 4392 3787 4461 τῆς

2222 4490 2558 4559 χειροτονίας
2590 4491 2899 4562 ἐπιτρέπων
2922 4489 3154 4560 διακόνῳ
3184 4491 3216 4562 ἢ
3251 4489 3602 4561 ὑποδιακόνῳ
3631 4484 3788 4556 γαμῆο

2229 4598 2317 4637 σαι
2349 4582 2489 4650 μετὰ
2505 4581 2602 4652 τὴν
2629 4583 2982 4653 χειροτονίαν,
3007 4581 3105 4652 τῆς
3129 4582 3442 4651 ἐπισκοπῆς
3467 4581 3785 4635 ἐκϐάλλεταιο

2224 4674 2678 4746 πρεσϐύτερος,ἢ
2713 4675 2976 4740 διάκονος,
3027 4675 3059 4745 ἢ
3107 4675 3488 4741 ύποδιάκονος,
3549 4672 3680 4744 μετὰ
3704 4669 3785 4739 τὴν

2223 4768 2559 4837 χειροτονίαν
2589 4767 2782 4838 γαμῶν
2812 4767 3131 4822 ἐκϐάλλεται
3154 4768 3246 4820 τοῦ
3278 4767 3513 4839 κλήρου,
3546 4767 3635 4821 καὶ
3669 4761 3786 4832 μετὰ

2224 4859 2331 4911 τῶν
2366 4858 2532 4911 αὐτοῦ
2566 4857 2909 4929 πραγμάτων
2936 4859 3240 4930 δίδοται-τῇ
3275 4859 3441 4931 βουλῇ
3473 4858 3577 4929 τῆς
3603 4857 3783 4914 πόλεως

2223 4945 2346 5025 ὲνῇ
2409 4952 2670 5024 κληρικδς
2696 4949 2798 5023 ἦν’
2859 4951 3274 5022 δευτερογαμῶν
3327 4952 3384 5005 δὲ
3429 4949 3786 5020 ἀναγνώστης.

2224 5043 2256 5113 ἦ
2290 5045 2464 5114 Χήραν
2515 5044 2548 5114 ἢ
2574 5042 2960 5114 διεξευγμένην
3008 5042 3319 5113 λαμϐάνων,
3354 5042 3386 5114 ἢ
3416 5043 3537 5105 τοῖς
3564 5036 3786 5110 νόμοιςῆ

2224 5137 2335 5198 τοῖς
2361 5134 2582 5188 κανόσιν
2629 5136 3110 5206 ἀπηγορευμένην,
3155 5136 3234 5198 εἰς
3272 5133 3428 5187 ἄλλον
3471 5133 3553 5205 μὴ
3591 5131 3792 5204 «9061'.-

2225 5227 2367 5279 νέτω
2396 5226 2626 5297 βαθμὸν,
2661 5225 2796 5280 ἀλλὰ
2843 5228 2938 5280 καὶ
2977 5226 3189 5297 προϐὰς
3236 5225 3672 5281 ἀποκαθίσταται
3725 5220 3790 5288 τῷ

2224 5317 2495 5390 προτέρῳ.

2295 5498 2458 5565 Λέγει
2489 5498 2546 5550 δὲ
2577 5499 2657 5550 ὅτι
2716 5499 2765 5551 οἱ
2816 5499 3174 5571 ἁρπαζόντες,
3232 5499 3265 5570 ἢ
3298 5493 3787 5557 ὑπονοθεύοντες,ἣ

2223 5589 2627 5662 διαφθείροντες
2647 5593 2949 5664 ἀσκήτριαν
2967 5592 2998 5663 ἦ
3018 5591 3414 5662 μονάστριαν,ἧ
3435 5589 3787 5642 διακόνισσαν,

2223 5681 2256 5751 ἢ
2288 5682 2413 5736 ἄλλο
2443 5683 2669 5746 εὐλαϐὲς
2712 5683 2942 5754 ἔχουσαν
2982 5685 3190 5755 σχῆμα,
3220 5685 3316 5737 καὶ
3344 5686 3391 5737 οἰ
3419 5679 3787 5752 μετασχόντες,

2224 5775 2532 5843 κεφαλικῶς
2560 5777 2949 5848 τιμωροῦνται,
3001 5778 3094 5832 καὶ
3119 5779 3186 5831 τὰ
3212 5779 3512 5850 πράγματα
3533 5772 3708 5827 αὐτῶν
3732 5771 3785 5834 τῇ

2238 5869 2530 5942 Ἐκκλησία
2559 5870 2590 5940 ἢ
2627 5870 2703 5941 τῷ
2734 5877 3083 5945 μοναστηρῑῳ
3123 5873 3218 5943 τῆς
3266 5867 3617 5942 ὑϐρισθείσης
3649 5879 3788 5931 περι·
