3980 6392
207 410 322 471 785

1104 415 1502 477 SYNTAGMA
1539 414 1926 477 CANONUM.
1953 414 2102 479 TIT.
2132 415 2237 492 ix,
2261 417 2420 480 CAP.

3386 424 3491 487 786

212 526 510 578 ποιοῦνται
538 524 626 579 διὰ
655 525 749 579 τοῦ
772 526 1072 580 ἐπισκόπου
1130 528 1164 599 ἢ
1220 528 1315 582 τοῦ
1370 529 1655 601 οἰκονόμου
1705 528 1856 587 καλέ

1954 528 2201 601 nulieris]
2227 529 2471 585 eeclesim
2492 540 2588 601 aut
2614 530 2945 586 monasterio
2983 546 3079 602 per
3116 546 3485 600 oeconomum,

208 617 325 671 τῶν
362 618 644 689 ἀρχόντων
675 619 769 672 καὶ
824 620 932 673 τῶν
964 619 1190 684 τάξεων·
1232 620 1373 691 αὕτη
1417 623 1475 675 δὲ
1510 622 1648 693 μετά
1697 622 1806 675 τῶν

208 712 401 782 αὐτῆς
466 712 830 783 πραγμάτων,
866 715 1215 786 μοναστηρίῳ
1264 714 1594 783 ἐμϐάλλεται
1627 716 1805 785 ἀσφα-

209 803 329 867 λῶς
365 806 859 876 φυλαχθησομένη·
897 808 944 859 εί
991 806 1049 859 δὲ
1097 807 1408 861 διακόνισσά
1434 809 1580 861 ἐστιν
1608 807 1807 879 ἔχουσα

209 897 494 967 νομίμους
544 898 757 961 παῖδας,
826 899 886 951 τὸ
941 899 1171 971 νόμιμον
1208 900 1370 971 μέρος
1395 899 1764 970 λαμϐάνουσιν
1791 916 1804 930 ·

211 991 262 1043 εἰ
293 989 471 1042 δὲ.ὲπ“ι
496 990 738 1042 ἐνιαυτὸν
796 990 934 1059 μετὰ
988 990 1050 1043 τὸ
1103 991 1413 1061 γνωσθῆναι
1446 991 1507 1045 τὸ
1532 992 1701 1063 μῦσος
1732 991 1807 1064 μὴ

212 1083 577 1152 ὲκδικήσουσι
600 1085 668 1137 τὰ
694 1082 997 1155 πράγματα
1029 1087 1077 1139 οἰ
1124 1086 1341 1152 εὐαγεῖς
1366 1080 1525 1150 οἶκοι,
1554 1087 1582 1139 ὁ
1617 1086 1810 1155 φίσκος

213 1172 365 1225 αὐτὰ
396 1172 692 1243 λαμϐάνει,
746 1172 841 1225 τοῦ
892 1172 1222 1243 ἀμελοῦντος
1256 1172 1394 1227 αὐτά
1456 1174 1809 1245 ἐκδικηθῆναι

212 1265 493 1335 ἄρχοντος
515 1265 989 1334 ἀποζωννυμένου,
1034 1265 1125 1319 καὶ
1173 1263 1217 1318 ε’
1252 1265 1438 1336 λίτρας
1476 1268 1590 1329 τοῖς
1615 1266 1810 1336 πριϐά-

213 1374 334 1418 τοις
368 1375 661 1429 προστιμω
669 1358 850 1429 μένου.

292 1541 560 1595 ΚΕΦΑΛ.
594 1544 674 1597 A'.
700 1572 767 1584 -α
794 1541 931 1611 Περὶ
986 1540 1105 1596 τῶν
1146 1542 1243 1596 ἐπὶ
1299 1543 1462 1614 γάμῳ
1521 1544 1811 1615 γυναῖκας

216 1632 640 1702 ἁρπαζόντων.

674 1728 1050 1782 Ἀποστόλων
1079 1728 1281 1783 κανὼν
1315 1728 1411 1795 ξζκ

293 1818 403 1882 ξζν.
435 1819 504 1871 Εί
527 1836 611 1883 τις
637 1820 901 1889 παρθένον
922 1820 1293 1888 ἀμνήστευτον
1325 1819 1652 1890 βιασάμενος
1676 1820 1807 1891 ἔχει,

218 1928 356 1966 κ.τ.
407 1912 459 1965 λ.

494 2003 764 2058 Συνόδου
797 2003 1077 2073 Ἀγκύρας
1106 2006 1306 2058 κανὼν
1331 2012 1419 2071 ια’,
1460 2006 1558 2061 κε’.

295 2102 397 2151 ια’.
433 2096 548 2159 Τάς
586 2096 1013 2167 μνηστευθείσας
1068 2096 1256 2167 κόρας,
1318 2100 1410 2150 καὶ
1473 2097 1613 2168 μετὰ
1649 2098 1823 2152 ταῦτα

221 2189 335 2241 ὑπὸ
411 2189 591 2243 ἄλλων
639 2190 1008 2260 ἀρπαγείσας,
1053 2189 1230 2255 ἔδοξεν
1288 2191 1632 2245 ἀποδίδοσθαι
1711 2194 1823 2254 τοῖς

225 2280 880 2352 προμνηστευσαμένοις,
941 2283 988 2334 εἰ
1025 2282 1118 2334 καὶ
1177 2280 1299 2351 βίαν
1360 2281 1451 2335 ὑπ’
1495 2280 1675 2337 αὐτῶν
1721 2282 1825 2337 πά-

226 2373 407 2427 Θοιεν.

301 2472 417 2521 κε’.
443 2466 940 2537 Μνηστευσάμενός
967 2484 1051 2532 τις
1113 2467 1304 2537 κόρην,
1360 2466 1714 2537 προσεφθάρη
1758 2469 1825 2537 τῇ

230 2558 450 2628 ἀδελφῇ
491 2558 681 2629 αὐτῆς,
716 2558 791 2621 ὡς
818 2559 909 2612 καὶ
936 2560 1270 2630 ἐπιφορῆσαι
1325 2558 1497 2635 αὑτήν
1520 2575 1533 2589 ⁸
1571 2557 1745 2629 ἐγημε
1771 2557 1828 2611 δὲ

229 2654 335 2724 τὴν
369 2654 617 2723 μνηστὴν
641 2653 781 2723 μετὰ
801 2654 994 2716 ταῦτα,
1029 2655 1061 2724 ή
1094 2653 1151 2707 δὲ
1194 2654 1464 2725 φθαρεῖσα
1502 2655 1789 2726 ἀπήγξατο
1810 2670 1825 2684 ·

231 2748 281 2799 οἱ
320 2744 636 2810 συνειδότες
692 2745 1093 2816 ἐκελεύσθησαν
1138 2747 1195 2799 ἐν
1252 2746 1511 2820 δεκαετία
1566 2747 1828 2817 δεχθῆναι

233 2840 319 2899 εἰς
374 2831 905 2904 τοῦςσυνεστῶτας,
949 2838 1093 2892 κατὰ
1132 2841 1261 2903 τοὺς
1312 2839 1652 2912 ὡρισμένους
1731 2840 1830 2909 βαο

236 2926 448 2997 θμούς.

543 3024 584 3074 Σ
588 3022 805 3075 υνόδου
822 3023 1206 3091 Χαλκηδόνος
1219 3022 1424 3077 κανὼν
1446 3023 1545 3088 κζ’.

315 3114 430 3178 κζ’.
492 3115 628 3177 Τοὺς
664 3115 1003 3186 ἁρπάζοντας
1034 3118 1321 3178 γυναῖκας,
1347 3132 1403 3169 κ.
1440 3133 1492 3168 τ.
1527 3115 1576 3169 λ.

388 3208 660 3261 Συνόδου
716 3207 1132 3278 οὶκουμενικῆς
1162 3208 1341 3276 ἕκτης
1363 3207 1564 3261 κανὼν
1590 3207 1696 3278 ῐπβκ

317 3299 434 3369 ιιβκ
465 3300 603 3362 Τοὺς
641 3300 986 3369 ἁρπάζοντας
1015 3303 1283 3368 γυναῖκας
1315 3299 1401 3353 ἐπ’
1440 3301 1666 3370 ὀνόματι
1712 3318 1837 3355 συν-

242 3394 519 3457 οικεσίου,
564 3393 596 3462 ἥ
641 3393 1112 3462 συμπράττοντας,
1166 3393 1196 3463 ἢ
1268 3392 1695 3463 συναιρομένους
1724 3394 1837 3455 τοῖς

248 3485 625 3555 ἁρπάζουσιν,
657 3486 855 3555 ὥρισεν
907 3486 939 3555 ή
974 3485 1103 3552 ἁγία
1161 3484 1400 3549 σύνοδος.
1442 3486 1491 3537 εί
1524 3485 1620 3553 μὲν
1646 3486 1837 3555 κληριο

247 3580 343 3631 κον.
379 3573 510 3642 εἷεν,
547 3578 833 3633 ἐκπίπτειν
859 3576 953 3631 τοῦ
982 3578 1183 3632 οἰκείου
1218 3577 1449 3648 βαθμοῦ·
1476 3580 1523 3631 εἰ
1551 3578 1607 3631 δὲ
1635 3578 1835 3644 λαῖκοὶ,

248 3668 778 3739 ἀναθεματίζεσθαι.

374 3762 669 3829 Θεοφίλου
691 3762 759 3814 ἐκ
806 3756 1407 3830 τοῦΎπομν-ηστικοῦ
1439 3762 1639 3815 κανὼν
1667 3761 1732 3832 β’.

334 3854 404 3927 β’.
433 3856 570 3925 Περὶ
618 3857 826 3926 Βήστου
868 3842 1237 3918 καταστάντος
1271 3856 1327 3906 ἐν
1372 3853 1567 3927 Ἐρέϐῃ
1612 3856 1847 3925 πρεσϐυ-

256 3951 432 4020 τέρου
498 3949 779 4019 ζητητέον,
855 3950 947 4002 καὶ
1005 3949 1053 4001 εί
1115 3948 1211 4018 μὲν
1264 3947 1688 4019 ἀποταξαμένην
1722 3951 1845 4002 τινά

260 4042 476 4106 ζῶντος
512 4041 603 4094 τοῦ
639 4041 828 4111 ἀνδρὸς
863 4042 1140 4104 ἐϐιάσατο,
1177 4040 1251 4111 μὴ
1298 4041 1687 4109 συγχωρείσθω
1709 4038 1848 4097 εἶναι

261 4134 667 4206 πρεσϐύτερος·
694 4136 827 4187 ὅπου
863 4152 925 4203 γε
973 4134 1096 4187 οὐδέ
1126 4134 1201 4196 ὡς
1245 4134 1429 4195 λαῖκὺς
1459 4134 1662 4201 ὀφείλει
1720 4153 1849 4188 συν-

262 4226 526 4293 άγεσθαι,
580 4227 679 4295 τῆς
736 4225 1062 4294 Ἐκκλησίας
1092 4223 1349 4286 εἰωθυίας
1398 4225 1525 4286 τοὺς
1574 4224 1850 4288 τοιούτους

264 4317 551 4387 χωρίζειν·
606 4317 664 4370 οὐ
692 4317 847 4385 φέρει
877 4318 983 4387 γὰρ
1014 4317 1171 4369 τοῦτο
1208 4316 1493 4384 πρὸκριμα
1520 4316 1595 4386 τῷ
1625 4318 1851 4370 ἐπισκό-

267 4407 694 4478 πῳἈπόλλωνι,
726 4409 774 4459 εί
806 4408 864 4472 ἐξ
916 4409 1133 4473 ἀγνοίας
1189 4407 1351 4460 αὑτὸν
1400 4409 1852 4480 κατέστησε,τῆς

267 4500 439 4568 ἁγίας
466 4499 682 4553 συνόδου
732 4499 1068 4569 κελευσάσης
1121 4502 1247 4566 τοὺς
1296 4503 1551 4568 ἀναξίους
1588 4504 1726 4573 μετά
1753 4502 1853 4572 τὴν

268 4592 613 4663 χειροτονίαν
662 4592 1052 4664 ἐλεγχομένους
1094 4595 1188 4647 ἐπὶ
1240 4596 1587 4666 ἐγκλήμασιν
1642 4596 1847 4650 ἐκϐάλ-
1878 4574 1931 4634 D

270 4686 490 4759 λετθαι.

346 4775 499 4851 Βιβλ.
532 4786 603 4841 α’,
629 4781 734 4835 τίτ.
757 4788 828 4852 γ’,
855 4782 996 4837 διάτ.
1025 4789 1085 4846 ε’,
1136 4784 1230 4838 ἐάν
1257 4801 1338 4848 τις
1368 4785 1610 4857 ἁρπάσῃ.
1634 4786 1665 4855 ἢ
1694 4786 1852 4856 μόνον

276 4875 515 4944 πειραθῇ
553 4872 735 4925 λαϐεῖν
765 4874 1014 4943 γαμετὴν
1058 4874 1327 4945 παρθένον
1396 4875 1567 4946 ἱερὰν,
1627 4876 1853 4944 κεφαλι-

278 4966 391 5029 κῶς
430 4968 772 5035 τιμωρεῖται·
835 4966 927 5018 καὶ
978 4965 1118 5019 διάτ.
1147 4971 1225 5034 νγ¹
1255 4965 1347 5019 τοῦ
1395 4966 1559 5019 αὐτοῦ
1582 4967 1711 5031 τίτ.,
1743 4969 1854 5029 τοῖς

278 5056 527 5127 γονεῦσι,
566 5060 660 5111 καὶ
702 5061 819 5121 τοῖς
880 5057 1149 5127 ἀδελφοῖς,
1189 5059 1281 5112 καὶ
1305 5062 1417 5122 τοῖς
1460 5059 1720 5130 κηδεμόσι
1750 5059 1857 5111 τῶν

280 5153 593 5224 παρθένων,
628 5154 719 5205 καὶ
746 5152 1121 5214 διακονισσῶν,
1181 5154 1277 5205 καὶ
1322 5152 1430 5205 τῶν
1459 5152 1759 5223 ἀνειμένων
1782 5152 1860 5222 τῷ

282 5246 404 5315 θεῷ
431 5245 639 5316 χηρῶν,
671 5244 845 5308 ἔξεστι
894 5247 1019 5307 τοὺς
1076 5245 1331 5316 ἅρπαγας
1376 5245 1576 5312 αὐτῶν,
1609 5248 1704 5300 καὶ
1733 5247 1861 5310 τοὺς

284 5342 343 5390 ἐν
376 5335 554 5406 καιρῴ
581 5337 679 5404 τῆς
708 5337 897 5406 ἐφόδου
954 5337 1285 5407 βοηθοῦντας
1345 5338 1550 5403 αὐτοῖς,
1588 5340 1674 5391 ἐπ’
1702 5341 1862 5392 αὐτο-

286 5430 459 5501 φώρῳ
487 5430 754 5499 φονεύειν·
789 5432 835 5482 εἰ
870 5430 924 5483 δὲ
953 5429 1312 5499 διαφύγωσιν,
1358 5431 1720 5503 ἀναζητοῦσιν
1747 5432 1863 5500 ξαύ-

287 5524 437 5587 τοὺς,
470 5524 528 5575 ἐν
574 5523 1141 5576 Κωνσταντινουπόλει
1192 5523 1289 5594 μὲν
1342 5525 1391 5577 οί
1428 5524 1663 5596 ὕπαρχοι
1692 5527 1783 5578 καὶ
1836 5526 1863 5575 ό

290 5618 554 5688 ἔπαρχος,
587 5619 644 5671 ἐν
670 5618 726 5669 δέ
754 5622 870 5680 ταῖς
900 5616 1210 5687 ἐπαρχίαις,
1263 5620 1465 5683 πάντες
1491 5621 1540 5671 οἱ
1584 5619 1863 5689 ἄρχοντες,

294 5710 563 5765 πολιτικοί
613 5728 671 5763 τε
703 5712 795 5763 καὶ
851 5711 1255 5780 στρατιωτικοὶ,
1308 5714 1401 5766 καὶ
1433 5713 1568 5781 μετά
1612 5714 1867 5767 σύστασιν

366 5870 411 5901 ⁵ο
455 5867 616 5923 Basil.
653 5884 825 5925 canon
859 5869 955 5940 50;
983 5868 1236 5925 Cltalccd.
1265 5869 1353 5924 27.

1912 620 2078 692 308
2103 621 2419 691 episcopum
2444 621 2708 693 praesides
2733 630 2788 677 et
2822 623 3076 679 cohortes
3108 626 3484 682 vindicantur:

1914 710 2033 780 ipsa
2065 726 2193 766 vero
2223 727 2348 765 cum
2380 713 2545 767 rebus
2576 712 2691 767 suis
2730 712 2783 766 in
2812 713 3207 768 monasterium
3257 716 3489 785 conjici-

1914 811 2023 866 tur,
2060 800 2306 875 [ibidem]
2335 813 2495 859 caute
2523 806 2876 858 asservanda.
2908 804 3074 858 Plane
3105 805 3149 860 si
3177 805 3486 861 diacouissa

1914 896 2006 959 sit,
2058 904 2111 947 et
2168 892 2446 964 legitimos
2495 894 2695 949 liberos
2752 894 2966 960 habeat,
3015 894 3137 968 [illi]
3194 896 3487 966 legitimam

1913 992 2123 1053 partem
2153 984 2392 1053 capiunt.
2427 983 2584 1051 Quod
2634 985 2678 1039 si
2720 984 2859 1039 intra
2902 1002 3104 1040 annum
3139 1002 3248 1057 quo
3297 989 3487 1043 istius-

1914 1076 2061 1131 modi
2110 1078 2291 1132 scelus
2326 1077 2595 1141 innotuit,
2648 1076 2788 1149 [eas]
2828 1077 3115 1134 facultates
3150 1080 3489 1135 venerabiles

1914 1165 2109 1220 domus
2138 1181 2244 1219 non
2275 1166 2551 1221 vindicent
2582 1186 2593 1220 :
2630 1168 2793 1222 ﬁscus
2822 1168 2944 1222 illas
2983 1168 3201 1238 accipit.
3251 1169 3398 1235 Quas
3444 1173 3488 1226 si

1914 1276 2115 1329 praeses
2138 1261 2416 1317 vindicare
2448 1262 2776 1331 neglexerit,
2803 1263 3018 1333 singulo
3043 1264 3304 1333 privatur,
3332 1275 3493 1334 atque

1915 1354 2157 1422 quinque
2191 1352 2344 1407 libris
2388 1351 2533 1425 [auri
2566 1353 2728 1407 rebus
2770 1353 3060 1425 principis]
3096 1356 3322 1425 privatis
3370 1354 3494 1427 [ap-

1915 1443 2201 1516 plicandis]
2235 1444 2513 1501 multatur.

1978 1537 2131 1592 CAP.
2161 1536 2332 1593 XXX.
2364 1570 2434 1579 —
2474 1540 2549 1594 De
2582 1542 2647 1595 iis
2672 1542 2759 1611 qui
2804 1543 3130 1595 matrimonii
3169 1558 3332 1595 causa
3376 1556 3496 1595 mtt-

1917 1630 2067 1683 lieres
2106 1630 2342 1699 rapiunt.

2355 1722 2730 1791 Apostolorum
2764 1740 2931 1778 canon
2972 1725 3063 1778 67.

1985 1814 2053 1868 67
2086 1814 2220 1887 [66].
2254 1815 2312 1870 Si
2342 1816 2466 1885 quis
2508 1816 2769 1886 virginem
2829 1832 2936 1872 non
2998 1817 3400 1889 desponsatam,
3444 1836 3497 1876 vr

1844 1882 1885 1937 Β
1924 1882 2301 1974 allata—habet,
2334 1882 2437 1962 etc.
2478 1919 2531 1961 ut
2562 1882 2682 1977 pug.
2711 1907 2835 1963 858.

2210 1999 2435 2054 Concilii
2461 1998 2729 2069 Ancyrani
2764 2016 2987 2053 canones
3020 2001 3105 2065 ll,
3130 2000 3221 2055 95.

2002 2092 2089 2146 ll.
2129 2090 2495 2161 Desponsatas
2527 2092 2647 2145 aliis
2680 2092 2913 2161 puellas,
2957 2103 3011 2146 et
3050 2094 3118 2147 ab
3163 2094 3282 2149 aliis
3315 2104 3501 2165 postea

1929 2194 2110 2255 raptas
2137 2224 2151 2249 ,
2201 2184 2376 2238 visum
2427 2192 2510 2238 est
2570 2183 2637 2239 iis
2662 2224 2676 2249 ,
2711 2185 2911 2254 quibus
2960 2184 3299 2255 desponsata
3326 2197 3500 2254 erant,

1930 2278 2114 2343 reddi,
2147 2278 2310 2332 etiam
2345 2278 2390 2331 si
2421 2278 2529 2331 vim
2551 2292 2742 2349 passae
2769 2287 2914 2333 sunt.

2002 2489 2091 2542 25.
2129 2486 2361 2554 Quidam
2406 2487 2492 2543 cui
2523 2496 2642 2541 erat
2676 2488 2851 2556 puella
2880 2488 3228 2557 desponsata,
3270 2490 3388 2556 ejus
3416 2506 3507 2546 so-

1932 2582 2042 2636 rori
2067 2581 2257 2634 vitium
2287 2580 2588 2659 attulit,_ita
2618 2589 2677 2634 ut
2703 2596 2764 2635 ea
2791 2581 2955 2635 etiam
2984 2582 3312 2649 conciperet.
3337 2582 3509 2653 Spon-

1932 2689 2050 2728 sam
2086 2682 2267 2728 autem
2300 2683 2485 2742 postea
2512 2688 2734 2728 uxorem
2765 2673 2937 2728 duxit.
2975 2672 3049 2728 Ea
3090 2684 3270 2729 autem
3309 2677 3396 2730 cui
3430 2676 3510 2730 vi-

1934 2768 2070 2821 tium
2115 2777 2230 2822 erat
2274 2767 2521 2832 allatum,
2566 2782 2624 2822 se
2669 2766 2971 2823 sull‘ocavit.
3014 2768 3117 2834 Qui
3150 2769 3355 2825 conscii
3391 2769 3511 2824 lue~

1934 2871 2077 2925 rant,
2100 2860 2240 2931 jussi
2281 2869 2410 2915 sunt
2437 2860 2703 2915 decennio
2732 2860 2787 2914 in
2816 2876 2911 2916 eos
2943 2861 3037 2931 qui
3066 2862 3393 2923 consistunt.
3430 2878 3514 2917 re—

1935 2956 2041 3024 cipi
2071 2970 2167 3025 per
2192 2956 2393 3023 gradus
2416 2954 2685 3010 delinitos.

2220 3046 2445 3101 Concilii
2477 3046 2916 3103 Chalcedonensis
2951 3065 3119 3102 canon
3146 3049 3235 3102 27.

2011 3139 2102 3193 ΞἹ.
2144 3138 2251 3193 Eos
2279 3139 2370 3207 qui
2403 3139 2624 3193 nomine
2661 3139 2900 3209 conjugii
2923 3180 2938 3205 ,
2973 3148 3104 3207 etc.,
3148 3149 3203 3194 ut
3234 3156 3355 3210 pag.
3386 3140 3513 3196 750‘.

2234 3227 2456 3282 Com-itii
2493 3230 2799 3282 wcumenici
2836 3244 2888 3282 v1
2934 3246 3101 3283 canon
3142 3230 3232 3285 99..

2010 3321 2098 3377 92.
2144 3321 2248 3375 Eos
2302 3322 2395 3390 qui
2449 3322 2670 3375 nomine
2732 3322 3065 3376 matrimonii
3119 3324 3373 3380 mulieres
3433 3341 3520 3379 ra-

1942 3412 2099 3483 piunt
2127 3413 2193 3474 °°,
2234 3413 2440 3482 quique
2484 3428 2648 3481 opera
2694 3428 2907 3482 opeque
2952 3429 3048 3468 sua
3086 3425 3329 3483 raptores
3368 3417 3519 3483 adius

1944 3515 2103 3572 vant,
2145 3505 2334 3559 statuit
2367 3515 2558 3559 sancta
2587 3504 2870 3575 synodus:
2908 3505 2953 3559 si
3004 3506 3113 3559 sint
3145 3507 3363 3575 quidem
3409 3508 3519 3561 cle-

1946 3596 2065 3657 rici,
2090 3596 2313 3665 proprio
2340 3593 2511 3663 gradu
2546 3594 2797 3649 excidere
2824 3611 2839 3660 ;
2866 3594 2913 3649 si
2944 3610 3072 3650 vero
3106 3595 3250 3661 laici,
3292 3598 3522 3651 anathe-

1948 3696 2090 3742 mate
2120 3688 2346 3756 percuti.

2053 3780 2216 3850 309
2251 3779 2520 3850 Theophili
2583 3798 2646 3835 ea:
2689 3780 3099 3835 Commonitorio
3135 3798 3302 3835 canon
3336 3782 3390 3834 εὶ.

2018 3873 2073 3926 2.
2117 3874 2191 3927 De
2236 3872 2405 3935 Bisto,
2439 3873 2531 3943 qui
2582 3873 2635 3927 in
2684 3872 2859 3928 Ereba
2897 3875 3232 3929 constitutus
3262 3883 3346 3929 est
3375 3889 3529 3943 pres—

1950 3958 2123 4028 byter,
2155 3959 2510 4028 qmcrendum
2541 3966 2623 4013 est
2656 3976 2671 4025 ;
2708 3969 2760 4013 et
2791 3959 2836 4015 si
2875 3958 3039 4013 alicui
3064 3960 3281 4029 quidem
3312 3960 3527 4013 mulieri

1951 4062 2234 4122 separatae,
2282 4054 2498 4109 vivente
2533 4055 2747 4122 marito,
2788 4057 2893 4110 vim
2948 4056 3150 4122 attulit,
3187 4072 3292 4110 non
3318 4060 3531 4112 sinatur

1952 4162 2073 4201 esse
2139 4148 2465 4217 presbyter;
2509 4162 2631 4202 nam
2675 4164 2741 4203 ne
2797 4158 2853 4202 ut
2899 4149 3072 4204 laicus
3121 4134 3338 4218 quidem
3373 4150 3532 4204 debet

1952 4239 2380 4301 communicare,
2424 4254 2549 4293 cum
2605 4254 2701 4295 eos
2772 4241 2865 4310 qui
2912 4242 3049 4296 tales
3102 4253 3231 4296 sunt
3278 4257 3533 4311 separare

1954 4330 2305 4384 consueverit
2350 4330 2616 4385 Ecclesia.
2648 4332 2759 4387 lloc
2790 4344 2972 4388 autem
3005 4335 3209 4387 nttllum
3242 4334 3534 4404 aﬂ'ertepi-

1957 4438 2123 4492 scopo
2176 4424 2413 4493 Apollini
2471 4424 2868 4493 prsejudicium,
2922 4427 2966 4482 si
2995 4443 3118 4481 eum
3151 4444 3246 4497 per
3274 4429 3532 4497 ignoran-

1957 4519 2087 4571 tiam
2143 4518 2461 4583 constituit;
2504 4533 2628 4571 cum
2659 4530 2847 4574 sancta
2898 4522 3138 4592 synodus
3173 4522 3532 4591 jusseriteos,

1957 4610 2049 4676 qui
2084 4619 2206 4680 post
2266 4610 2667 4664 ordinationem
2700 4621 2920 4681 propter
2945 4613 3153 4668 crimen
3188 4613 3392 4681 indigni
3415 4629 3538 4667 esse

1956 4700 2374 4762 convincuntur.
2397 4701 2613 4769 expelli.

2030 4785 2243 4841 Textus.
2279 4787 2397 4841 Lib.
2436 4804 2474 4853 ι,
2504 4787 2585 4842 tit.
2616 4787 2669 4855 5,
2701 4798 2880 4846 const.
2910 4791 2963 4845 5.
3005 4790 3061 4845 Si
3103 4790 3226 4861 quis
3272 4792 3538 4868 rapuerit,

1957 4887 2049 4934 aut
2082 4878 2274 4933 saltem
2328 4880 2380 4932 iu
2437 4895 2662 4935 uxorem
2715 4896 2908 4951 capere
2961 4892 3228 4937 sacratam
3273 4883 3537 4951 virginem

1957 4980 2187 5025 conatus
2236 4972 2345 5035 sit,
2417 4972 2640 5041 capitali
2688 4989 2851 5042 poma
2888 4972 3100 5028 feritur.
3138 4973 3204 5028 Et
3237 4985 3416 5031 const.
3450 4976 3539 5039 55,

1966 5067 2209 5136 ejusdem
2245 5068 2327 5121 tit.
2357 5065 2681 5122 Parentibus
2715 5068 3000 5132 fratribus,
3032 5077 3085 5122 ct
3117 5069 3390 5125 tutoribus
3429 5070 3543 5125 sive

1967 5160 2316 5215 curatoribus
2344 5160 2637 5229 virginum,
2673 5162 3136 5227 diaconissarum,
3171 5170 3224 5216 et
3254 5177 3530 5218 consecra-

1972 5262 2151 5305 tarum
2182 5250 2291 5305 Deo
2321 5251 2628 5315 viduarum,
2664 5252 2789 5306 licet
2830 5261 3078 5321 raptores
3112 5268 3326 5319 earum,
3356 5260 3411 5307 et
3452 5254 3542 5322 qui

1971 5344 2050 5398 eis
2093 5344 2357 5398 auxilium
2408 5354 2650 5413 tempore
2690 5344 2991 5399 invasionis
3038 5346 3303 5414 praibeut,
3336 5345 3391 5399 in
3428 5344 3546 5414 ipso

1972 5447 2093 5491 actu
2119 5435 2484 5505 deprehensos
2510 5434 2782 5491 occidere.
2814 5435 2909 5490 Sin
2950 5448 3132 5491 autem
3185 5436 3307 5506 fuga
3356 5451 3544 5491 evase-

1972 5530 2100 5592 rint,
2172 5529 2503 5599 investigant
2572 5529 2721 5598 ipsos
2780 5528 3250 5599 Constantinopoli
3310 5525 3545 5597 praefecti

1972 5620 2275 5693 [prtetorio]
2312 5631 2367 5676 et
2399 5620 2692 5692 praefectus
2722 5619 2924 5693 [urbis]
2953 5639 2966 5674 :
3002 5622 3054 5674 in
3092 5620 3385 5691 provinciis
3419 5632 3549 5673 vero

1971 5713 2287 5784 quicunque
2324 5713 2675 5785 magistratus
2724 5722 2777 5769 ct
2826 5712 3012 5768 civiles
3047 5720 3097 5767 et
3142 5712 3449 5765 militares:
3497 5717 3550 5763 et
