3980 6406
567 364 670 428 787

1686 363 1948 425 ΡΙΙΟΤΙΙ
1990 364 2129 425 ΡΛΤ

2232 366 2265 424 Δ
2278 362 2495 425 RCIL’E
2520 363 2628 423 (ΣΡ.
3699 363 3780 426 788

571 490 694 548 post
723 475 993 551 [testium]
1029 476 1366 532 coactionem
1400 470 1522 529 illos
1558 474 1707 530 nulla
1753 476 1995 533 admissa
2038 477 2129 531 furi

2248 476 2325 547 μὴ
2364 476 2682 547 χρωμένους
2719 474 3084 547 παραγραφῇ,
3138 472 3507 545 τιμωροῦνται
3557 472 3777 542 ἐσχάτως·

570 571 980 641 praescriptione
1022 570 1217 625 ultimo
1264 568 1535 639 supplicio
1580 567 1820 623 alliciunt
1856 588 1869 623 :
1899 586 1963 625 ac
1999 575 2141 626 bona

574 666 829 735 raptoris,
864 663 1095 734 ejusque
1134 662 1225 732 qui
1263 660 1345 732 (ut
1380 662 1585 715 dictum
1614 662 1720 729 est)
1757 662 1833 716 illi
1865 665 2143 733 suppetias

570 758 716 825 tulit,
745 757 890 828 capit
936 755 1332 811 monasterium
1380 764 1476 809 aut
1518 757 1867 820 asceterium,
1918 766 1975 811 ut
2016 756 2144 812 inde

569 849 682 903 vim
713 864 875 919 passa
904 848 1016 903 illic
1052 848 1251 902 alatur.
1290 844 1347 901 Si
1377 862 1507 901 vero
1538 863 1659 916 quae
1692 848 1797 902 vim
1831 864 1990 919 passa
2032 858 2139 914 est,

570 938 881 995 diaconissa
908 940 1173 993 duntaxat
1203 937 1296 1003 sit,
1328 952 1435 992 non
1463 946 1645 993 autem
1680 939 1937 1003 ascctria,
1964 955 2143 1010 neque

570 1030 869 1087 mouastria
903 1050 916 1085 :
953 1029 1337 1101 proprietatem
1378 1031 1551 1101 ipsius
1578 1032 1839 1098 ecclesia,
1869 1033 1985 1102 ipsa
2012 1048 2141 1088 vero

569 1124 975 1185 usumfructum
1021 1124 1189 1195 capit.
1226 1123 1497 1179 Caeterum
1538 1125 1630 1195 qui
1673 1125 1782 1179 alio
1815 1126 1976 1179 modo
2004 1126 2140 1196 ipsis

568 1216 884 1287 adjumento
932 1216 1175 1281 fuerunt,
1216 1227 1310 1271 aut
1349 1218 1713 1272 ministerium
1766 1219 2136 1288 praebuerunt,

566 1320 659 1365 aut
691 1310 900 1365 conscii
950 1309 1191 1376 fuerunt,
1238 1319 1332 1364 aut
1380 1320 1762 1381 susceperunt,
1805 1323 1899 1366 aut
1941 1328 2137 1382 quam-

564 1416 784 1469 cunque
816 1416 974 1470 opem
1006 1401 1328 1464 attulerunt,
1359 1401 1554 1455 ultian
1588 1402 1970 1456 tantummodo
2002 1418 2135 1472 sup-

562 1493 729 1562 plicio
756 1492 1065 1560 subiacent.
1098 1493 1304 1548 Locum
1352 1502 1532 1548 autem
1564 1494 1819 1563 praedicta
1865 1492 2134 1566 [habeut,]

564 1584 780 1640 tametsi
813 1585 1002 1640 volens
1035 1585 1304 1639 dictarum
1333 1586 1624 1639 mulierum
1654 1586 1833 1657 aliqua
1864 1596 2018 1656 rapta
2042 1588 2133 1641 sit.

563 1673 684 1731 Lib.
722 1691 759 1742 ι,
794 1676 877 1731 tit.
910 1676 963 1742 4,
989 1675 1151 1746 310
1180 1686 1357 1732 const.
1387 1679 1436 1738 5,
1470 1679 1529 1732 Et
1556 1680 1607 1732 in
1634 1679 1826 1733 diebus
1852 1679 2136 1733 Paschalis

560 1762 835 1833 virginum
894 1773 1141 1834 raptores
1199 1765 1277 1838 [in
1332 1766 1639 1839 carcerem]
1691 1767 2045 1822 includuntur
2080 1776 2135 1822 et

2247 568 2341 622 καὶ
2362 568 2430 621 τὰ
2450 568 2751 639 πράγματα
2781 567 2875 621 τοῦ
2902 566 3173 639 ἅρπαγος,
3205 568 3297 620 καὶ
3332 566 3452 633 τοῦ,
3481 566 3554 630 ὡς
3582 568 3779 638 εἴρηται,

2248 661 2618 733 βοηθήσαντος
2647 660 2816 730 αὑτῷ,
2868 660 3137 731 λαμϐάνει
3190 660 3252 713 τὸ
3302 660 3656 731 μοναστήριον
3688 661 3783 732 ἦτὺ

2246 752 2603 822 ἀσκητήριον,
2639 753 2724 820 ἐφ’
2748 746 2792 819 ᾧ
2819 751 3022 821 καὶτὴν
3058 748 3375 819 βιασθεῖσαν
3403 749 3465 813 ἐξ
3493 749 3661 803 αὑτῶν
3694 752 3785 803 ἐκεῖ

2242 844 2561 916 τρέφεσθαι·
2597 846 2645 897 εἰ
2672 844 2728 897 δὲ
2759 844 2918 912 μόνον
2945 843 3258 897 διακόνισσά
3280 844 3431 896 ἐστιν
3465 843 3498 913 ἡ
3546 841 3786 911 βιασθεῖσα

2244 936 2338 990 καὶ
2367 936 2467 988 οὑκ
2499 935 2829 1006 άσκήτριαῆ
2861 936 3182 1006 μονάστρια,
3216 934 3314 1005 τὴν
3352 935 3461 1006 μὴν
3507 933 3787 989 δεσποτείαν

2244 1028 2276 1099 ἡ
2313 1028 2433 1080 κατ’
2460 1026 2633 1095 αὐτὴν
2668 1024 2964 1094 Ἐκκλησία
2983 1023 3275 1095 λαμϐάνει,
3310 1025 3449 1095 αὑτὴ
3477 1024 3535 1077 δὲ
3558 1022 3651 1095 τὴν
3678 1026 3787 1095 χρῆ-

2244 1135 2351 1172 σινο
2385 1120 2436 1173 οἱ
2477 1119 2533 1172 δὲ
2564 1117 2737 1182 ἄλλως
2764 1119 2903 1189 αὑτῇ
2955 1117 3403 1189 βοηθήσαντες,ἥ
3440 1118 3789 1188 ὑπουργήσαν-

2240 1227 2356 1273 τες,
2386 1209 2420 1267 ἢ
2458 1211 2787 1277 συνειδότες,
2812 1210 2846 1282 ἢ
2873 1210 3288 1281 ὑποδεξάμενοι,
3332 1210 3367 1279 ἢ
3401 1209 3637 1280 σπουδὴν
3670 1211 3789 1263 οἱαν-

2239 1302 2440 1371 δήποτε
2494 1304 3005 1374 συνεισαγαγόντες,
3050 1305 3189 1378 μόνῃ
3234 1308 3301 1375 τῇ
3326 1307 3533 1376 ἐσχάτῃ
3583 1305 3790 1376 τιμωρία

2241 1395 2576 1450 ὑπόκεινται*
2621 1396 2772 1468 χώρα
2823 1397 2880 1450 δὲ
2907 1399 3021 1460 τοῖς
3079 1398 3414 1467 εἰρημένοις,
3466 1398 3573 1450 κᾶν
3621 1397 3792 1452 ἑκοῦσά

2238 1486 2439 1551 τιςτῶν
2464 1489 2772 1559 εἰρημένων
2798 1488 3074 1557 γυναικῶν
3097 1491 3413 1561 άμαρτηθῇ,
3444 1490 3588 1560 βιδλ.
3622 1485 3789 1555 αατίτ.

2236 1579 2300 1643 δ’,
2331 1578 2471 1635 διάτ.
2495 1587 2566 1650 γ¹⁶
2607 1582 2704 1635 καὶ
2758 1582 2816 1635 ἐν
2837 1584 2956 1645 ταῖς
3011 1583 3248 1655 ἡμέραις
3273 1583 3368 1635 τοῦ
3410 1584 3609 1653 Πάσχα
3643 1584 3685 1635 οἱ
3707 1581 3793 1635 τῶν

2238 1672 2522 1743 παρθένων
2581 1673 2836 1744 ἅρπαγες
2907 1675 3245 1744 ὲγκλείονται
3322 1675 3419 1730 καὶ
3474 1675 3791 1745 δεσμοῦνται·

2240 1763 2379 1833 βι6λ.
2402 1762 2473 1833 γ’,
2501 1764 2607 1820 τίτ.
2636 1766 2736 1834 κδ’,
2771 1766 2913 1821 διάτ.
2954 1774 3028 1832 α’,
3061 1768 3090 1819 ὁ
3122 1767 3197 1839 μὴ
3225 1767 3300 1821 ὢν
3334 1768 3663 1838 ίλλούστριος
3686 1767 3795 1821 ἀλλὰ

561 1855 901 1912 Vinciuntur.
934 1856 1055 1913 Lib.
1090 1875 1172 1924 ιιι,
1203 1860 1285 1913 tit.
1317 1859 1409 1924 24,
1448 1868 1629 1914 const.
1662 1858 1713 1913 1.
1754 1857 1856 1925 Qui
1900 1859 2129 1913 illustris

2244 1858 2403 1928 μόνον
2422 1858 2825 1931 λαμπρότατος,
2884 1862 3145 1933 ἁρπαγὴν
3185 1864 3243 1916 ἐν
3276 1863 3521 1933 ἐπαρχίᾳ
3551 1861 3792 1933 παρθένου

561 1962 669 2001 non
704 1956 807 2015 est,
852 1950 945 2005 sed
991 1952 1372 2006 tantummodo
1417 1951 1780 2014 clarissimus,
1824 1951 1871 2005 si
1918 1962 2133 2021 raptum

559 2039 789 2109 virginis
816 2040 870 2096 in
904 2043 1187 2110 provincia
1217 2044 1594 2099 commiserit:
1629 2044 1736 2100 illic
1764 2045 1975 2116 legibus
2007 2045 2137 2101 sub-

558 2132 801 2200 iugatur,
834 2148 934 2188 nec
959 2132 1060 2188 fori
1096 2136 1506 2205 praescriptione
1537 2137 1727 2191 utitur.

633 2221 849 2281 Texlus.
877 2225 985 2281 Tit.
1013 2226 1105 2289 41,
1140 2237 1315 2283 const.
1348 2227 1401 2282 4.
1437 2228 1543 2295 Qui
1578 2230 1709 2285 dicit
1740 2246 1770 2284 a
1808 2245 1965 2285 servo
1998 2247 2136 2286 uxo-

557 2329 672 2379 rem
706 2329 863 2371 suam
897 2329 1105 2387 ruptam
1137 2334 1280 2383 esse,
1314 2336 1423 2375 non
1456 2322 1765 2388 dominum,
1816 2324 1910 2377 sed
1955 2324 2132 2393 ipsum

558 2420 821 2461 accusare
846 2407 1023 2462 debet.
1055 2408 1172 2464 Lib.
1199 2426 1294 2476 vn,
1322 2411 1405 2465 tit.
1439 2412 1495 2475 5,
1549 2423 1726 2467 const.
1759 2413 1812 2467 5.
1848 2413 1903 2467 Si
1940 2428 2134 2469 servus

555 2495 809 2550 detulerit
841 2497 1070 2567 virginis
1103 2509 1339 2569 raptum,
1366 2509 1526 2570 pacto
1561 2512 1656 2557 aut
1698 2503 2135 2559 dissimulatione

554 2588 816 2658 celatum,
846 2590 1099 2646 libertate
1130 2591 1385 2649 donatur.
1414 2593 1548 2652 Lib..
1570 2610 1645 2661 Ix,
1676 2596 1756 2651 tit.
1787 2596 1840 2659 9,
1874 2605 2048 2653 const.
2074 2597 2129 2653 7.

553 2678 781 2735 Maritus
806 2680 874 2737 de
914 2681 1153 2736 violenta
1202 2682 1430 2753 virginis
1483 2685 1953 2754 constupratione,
2006 2694 2134 2740 ante

552 2772 961 2827 matrimonium
1005 2773 1220 2846 [facta],
1249 2775 1354 2831 nisi
1384 2774 1525 2847 [illa]
1552 2792 1752 2846 sponsa
1782 2776 1901 2845 ejus
1930 2776 2129 2844 fuerat,

552 2856 875 2935 [actionem]
913 2880 1155 2927 movere,
1196 2874 1455 2935 tanquam
1498 2868 1747 2932 maritus,
1784 2884 1892 2922 non
1932 2879 2126 2938 potest.

552 2954 670 3022 ipsa
706 2964 886 3009 autem
926 2973 1032 3011 una
1079 2974 1203 3014 cum
1244 2961 1592 3016 curatoribus
1640 2971 1843 3017 mOVet.
1888 2961 1994 3017 Tit.
2040 2965 2127 3031 10,

552 3054 732 3097 const.
760 3045 812 3098 1.
849 3044 905 3099 Si
947 3047 1071 3114 quis
1108 3063 1227 3102 eam
1259 3050 1418 3119 cujus
1451 3060 1595 3105 tutor
1620 3052 1744 3118 fuit,
1775 3056 2129 3122 stupraverit,

550 3136 891 3203 deportatur,
920 3140 1151 3210 ejusque
1200 3143 1468 3198 universae
1516 3143 1805 3201 facultates
1841 3148 2128 3216 publican-

552 3237 661 3280 tur.
712 3226 824 3282 Tit.
864 3231 946 3293 Η,
980 3242 1159 3287 const.
1193 3233 1246 3287 5.
1289 3233 1344 3289 Si
1381 3246 1533 3306 rapta
1576 3236 1743 3294 fuerit
1792 3211 1995 3310 sponsa
2028 3242 2124 3295 lilii
2154 3211 2197 3269 δ

550 3319 681 3382 mei.
710 3320 882 3392 legem
916 3321 1165 3397 [Juliam]
1206 3327 1273 3382 de
1302 3329 1350 3382 vi
1378 3344 1593 3385 moveo.
1625 3330 1744 3385 Lib.
1777 3348 1853 3398 ix,
1904 3333 1986 3388 tit.
2035 3333 2126 3399 15,

549 3424 728 3469 const.
760 3415 813 3483 1,
849 3425 904 3471 et
948 3419 1130 3475 unica.
1169 3419 1227 3474 Si
1264 3422 1388 3491 quis
1442 3424 1883 3495 qualemcunque
1930 3426 2126 3482 mulie-

549 3520 686 3571 rem,
717 3508 832 3563 sive
869 3511 1157 3580 ingenuam
1210 3513 1325 3569 sive
1373 3531 1608 3584 servam,
1661 3518 1903 3586 rapuerit
1952 3535 1965 3572 :
2019 3530 2127 3574 tam

553 3597 659 3651 etsi
717 3599 817 3668 ipsi
867 3600 1139 3671 desponsa
1197 3604 1381 3673 fuerit,
1414 3608 1626 3678 capitali
1677 3609 1947 3663 sententia
1997 3626 2129 3665 con~

547 3692 837 3746 alumnatus
887 3695 1143 3759 moritur,
1183 3705 1237 3750 et
1270 3699 1475 3766 pariter
1513 3715 1636 3754 cum
1678 3715 1742 3755 eo
1773 3703 1863 3770 qui
1890 3702 1942 3755 in
1970 3713 2127 3772 raptu

546 3781 810 3836 auxilium
845 3785 1090 3840 tulerint.
1124 3786 1424 3858 Raptarum
1477 3802 1659 3845 autem
1695 3794 1964 3861 patribus,
2008 3796 2126 3849 fra-

547 3876 742 3940 tribus,
772 3878 1046 3933 tutoribus
1078 3881 1164 3935 vel
1195 3883 1563 3950 curatoribus,
1596 3886 1842 3955 patronis
1871 3896 1925 3941 et
1948 3887 2128 3942 domi-

547 3966 633 4022 uis
682 3966 982 4025 iuvasionis
1027 3978 1273 4041 tempore
1320 3973 1416 4028 hos
1464 3974 1773 4031 interﬁcere
1827 3976 1972 4031 licet.
2028 3975 2125 4032 Sin

544 4065 729 4111 autem
778 4058 903 4128 fuga
949 4062 1246 4124 evaserint,
1300 4063 1630 4135 investigarit
1679 4066 1828 4136 ipsos
1880 4066 2126 4139 Byzantii

544 4148 784 4217 praefecti
810 4149 1111 4224 [praetorio]
1143 4161 1196 4208 et
1221 4154 1508 4224 praefectus
1539 4154 1717 4228 [urbis
1748 4156 1786 4229 :]
1824 4158 1877 4213 in
1904 4160 2125 4228 provin-

544 4241 646 4296 ciis
672 4257 802 4296 vero
829 4243 1146 4313 quicunque
1180 4247 1551 4316 magistratus,
1574 4249 1821 4319 magistri
1866 4251 2123 4314 militum,

542 4343 597 4387 et
629 4335 792 4389 duces
829 4353 844 4390 :
886 4346 1051 4407 atque
1087 4350 1208 4407 post
1245 4338 1516 4411 [testium]
1550 4342 1892 4396 coactiouem
1925 4343 2120 4397 interi-

543 4438 723 4490 inuut,
764 4426 871 4483 fori
904 4431 1284 4502 praesciptione
1336 4441 1432 4487 aut
1476 4436 1864 4503 provocatione
1891 4438 1967 4493 uti
2014 4455 2122 4494 non

542 4528 831 4587 queuutes.

614 4608 680 4663 Et
712 4612 757 4665 si
794 4612 1009 4681 quidem
1062 4615 1260 4671 ancilla
1311 4618 1393 4672 vel
1435 4619 1688 4675 libertina
1738 4632 1890 4691 rapta
1937 4623 2121 4691 fuerit,

544 4702 944 4762 interﬁciuntur
1004 4719 1249 4776 raptores
1304 4726 1317 4762 :
1378 4711 1475 4764 sed
1534 4713 1738 4766 nullam
1802 4715 2124 4769 substantiae

543 4796 981 4852 imminutionem
1015 4801 1312 4855 sustinent.
1350 4802 1419 4856 At
1449 4805 1495 4857 si
1547 4807 1781 4874 ingenua
1829 4819 1982 4876 rapta
2030 4810 2120 4873 sit,

540 4906 733 4946 omnes
758 4907 844 4948 res
880 4895 1139 4961 raptoris,
1179 4894 1338 4964 311
1375 4911 1679 4967 eorumque
1710 4900 1800 4967 qui
1830 4900 1930 4969 ipsi
1964 4902 2119 4955 auxi--

541 4985 672 5038 lium
698 4987 1051 5054 praebuerunt
1076 4988 1423 5056 applicantur
1462 5000 1672 5059 raptae:
1710 5008 1831 5061 qua:
1878 5010 1943 5048 ne
1985 5010 2119 5049 cou-

539 5073 808 5129 sentiente
854 5075 1072 5144 quidem
1106 5087 1260 5145 patre
1296 5080 1501 5148 raptori
1535 5096 1637 5136 suo
1678 5085 1883 5141 nubere
1917 5095 2117 5157 potest.

539 5165 800 5220 Eamdem
839 5178 1019 5221 autem
1067 5184 1280 5237 paruam
1327 5181 1381 5226 et
1424 5174 1617 5230 mortis
1660 5186 1712 5231 et
1758 5178 2118 5253 [amissionis]

536 5274 720 5311 rerum
762 5261 1067 5329 excipiunt,
1136 5263 1230 5332 qui
1300 5264 1365 5319 ad
1409 5280 1785 5335 aggressuraui
1846 5284 2117 5341 raptorem

537 5355 783 5409 comitati
828 5365 975 5409 sunt.
1010 5358 1114 5413 Sed
1164 5362 1394 5426 conscii,
1428 5373 1483 5417 et
1532 5364 1787 5429 ministri,
1838 5376 1891 5421 et
1931 5384 2118 5422 susce-

535 5456 745 5516 ptores,
800 5456 854 5503 et
901 5452 992 5519 qui
1050 5456 1545 5526 quomodocunque
1595 5460 1906 5529 raptoribus
1956 5477 2115 5529 opem

537 5542 781 5607 tulerint,
820 5542 1262 5619 [utriuscunque]
1294 5566 1479 5614 sexus,
1510 5563 1563 5604 et
1609 5553 1988 5622 cujuscunque
2022 5565 2117 5608 aut

536 5634 788 5699 l'ortume,
822 5644 918 5689 aut
959 5638 1182 5707 gradus,
1217 5650 1311 5693 aut
1352 5642 1632 5711 dignitatis
1676 5645 1784 5697 siut
1828 5664 1838 5697 :
1894 5660 2112 5716 patriam

540 5730 915 5785 tantummodo
968 5732 1251 5800 capitalem
1308 5738 1564 5799 subeunt,
1627 5735 1838 5808 [idque]
1893 5740 2109 5793 etiamsi

537 5818 733 5875 mulier
779 5822 966 5879 volens
1014 5835 1163 5893 rapta
1215 5825 1302 5880 sit.
1340 5826 1506 5883 Plane
1555 5828 1598 5884 si
1647 5841 1901 5899 parentes
1944 5842 2111 5901 rapta:

2236 1948 2660 2021 πλημμελήσας,
2723 1954 2841 2005 ἐκεῖ
2889 1955 3003 2017 τοῖς
3056 1954 3247 2025 νόμοις
3290 1955 3677 2021 ὑποϐάλλεται,
3736 1954 3795 2025 μὴ

2234 2039 2516 2113 χρώμενος
2558 2044 2726 2115 φόρου
2759 2049 3121 2117 παραγραφῇ.

2306 2226 2423 2279 Τίτ.
2458 2235 2573 2295 μα’,
2605 2227 2745 2282 διάτ.
2775 2228 2838 2294 δ’,
2895 2230 2923 2282 ὁ
2962 2228 3138 2297 λέγων
3163 2231 3315 2301 παρὰ
3346 2228 3539 2282 δούλου
3564 2227 3663 2293 τὴν
3699 2228 3789 2281 αὑ-

2233 2316 2327 2372 τοῦ
2354 2318 2603 2389 γαμετὴν
2631 2320 2973 2391 ἁρπαγῆναι,
3002 2323 3064 2375 οὑ
3093 2321 3189 2374 τοῦ
3227 2321 3489 2376 δεσπότου
3513 2320 3628 2374 ἀλλ’
3654 2320 3794 2373 αὑτοῦ

2236 2414 2564 2484 κατηγορεῖν
2581 2411 2805 2481 ὀφείλει·
2826 2412 2967 2483 βιὸλ.
2989 2412 3054 2479 ζ’,
3070 2414 3175 2469 τίτ.
3197 2418 3266 2483 γ’,
3285 2414 3424 2468 διάτ.
3445 2421 3514 2485 γ’,
3530 2414 3624 2468 ἐὰν
3638 2412 3795 2477 δοῦλος

2234 2502 2599 2575 καταμηνύσῃ
2657 2505 2916 2576 ἁρπαγὴν
2950 2506 3221 2577 παρθένου
3248 2506 3539 2573 λαθοῦσαν,
3559 2506 3740 2575 πάκτῳ
3767 2505 3792 2575 ἥ

2232 2593 2702 2663 ἀποπροσποιήσει
2736 2594 3141 2666 ἐλευθεροῦται·
3165 2595 3305 2666 βιόλ.
3346 2596 3414 2662 θ’,
3446 2596 3550 2651 τίτ.
3581 2595 3647 2659 θ’,
3673 2595 3791 2648 διάτ.

2233 2684 2300 2749 ζ’,
2325 2687 2352 2738 ὁ
2385 2684 2526 2756 ἀνὴρ
2559 2687 2621 2739 οὑ
2646 2686 2874 2740 δύναται
2904 2690 3076 2741 κινεῖν
3104 2689 3181 2752 ὡς
3216 2689 3355 2760 ἀνὴρ
3408 2690 3537 2759 περὶ
3573 2692 3672 2759 τῆς
3706 2688 3793 2756 πρὸ

2232 2776 2325 2829 τοῦ
2351 2777 2532 2847 γάμου
2586 2776 2766 2848 βιαίας
2796 2779 2895 2849 τῆς
2958 2780 3231 2851 παρθένου
3293 2780 3521 2852 φθορᾶς,
3553 2784 3600 2835 εί
3641 2781 3712 2852 μὴ
3735 2776 3791 2850 ἦν

2231 2888 2397 2940 αὑτοῦ
2433 2889 2669 2960 μνηστή’
2702 2889 2840 2961 αὑτὴ
2862 2890 2920 2944 δὲ
2958 2893 3100 2945 κινεῖ
3141 2892 3409 2945 συνόντων
3459 2892 3568 2946 τῶν
3619 2907 3792 2959 κουρα-

2230 2976 2441 3049 τὼρων·
2491 2979 2602 3033 τίτ.
2666 2985 2719 3046 ι’,
2751 2979 2891 3034 διάτ.
2925 2988 2998 3045 α’,
3053 2982 3149 3035 ὲάν
3202 3000 3288 3046 τις
3312 2982 3509 3055 φθείρῃ
3548 2981 3645 3053 τὴν
3679 2980 3790 3050 παρ’

2230 3071 2396 3124 αὑτοῦ
2421 3073 2907 3145 ὲπιτροπευθεῖσαν
2931 3074 3412 3146 δεπορτατεύεται,
3450 3076 3543 3129 καὶ
3580 3078 3658 3140 είς
3699 3077 3791 3129 ὁλό-

2230 3161 2431 3231 κληρον
2464 3162 2786 3230 δημεύεται*
2820 3165 2925 3217 τίτ.
2954 3165 3044 3229 ια’,
3083 3166 3224 3221 διάτ.
3270 3172 3340 3235 γ’,
3392 3167 3489 3220 ἐὰν
3522 3167 3786 3237 ἁρπαγῇή

2237 3252 2449 3324 μνηστὴ
2478 3252 2574 3307 τοῦ
2612 3254 2733 3307 υἱοῦ
2760 3273 2886 3326 μου,
2914 3256 3048 3309 κινῶ
3070 3256 3161 3310 τὸν
3177 3259 3305 3327 περὶ
3325 3258 3446 3329 βίας
3464 3258 3644 3328 νόμον·

2233 3344 2299 3409 θ’,
2324 3346 2429 3400 τίτ.
2463 3352 2553 3414 ιγ’,
2582 3346 2724 3402 διάτ.
2763 3354 2812 3400 α’
2866 3349 2961 3402 καὶ
2992 3349 3151 3419 μόνη,
3183 3352 3278 3404 ἐάν
3334 3368 3419 3414 τις
3464 3350 3678 3421 ἁρπάσῃ
3721 3352 3790 3402 οἱ·

2232 3436 2500 3506 ανδήποτε
2540 3441 2775 3506 γυναῖκα
2802 3439 2993 3511 δούλην
3023 3441 3056 3511 ἢ
3082 3441 3395 3513 ἐλευθέραν,
3440 3442 3541 3496 κᾶν
3570 3438 3636 3513 ἦν
3661 3438 3790 3509 αὑτῷ

2234 3531 2722 3601 μεμνηστευμένη,
2765 3531 3079 3601 κεφαλικῶς
3128 3536 3626 3605 καταδικαζόμενος
3675 3536 3791 3587 dm—

2233 3619 2477 3691 θνήσκει,
2503 3622 2595 3674 καὶ
2618 3624 2665 3675 οἱ
2695 3624 2754 3675 ὲν
2807 3626 2874 3694 τῇ
2926 3626 3151 3698 ἁρπαγῇ
3200 3626 3569 3697 βοηθήσαντες
3614 3626 3786 3695 αὑτῷ.

2232 3714 2324 3765 καὶ
2381 3717 2495 3778 τοῖς
2550 3715 2789 3784 πατράσι
2818 3716 2925 3770 τῶν
2956 3719 3309 3788 ἁρπαγεισῶν
3344 3720 3544 3787 ἔξεστι,
3575 3720 3659 3774 καὶ
3687 3722 3789 3780 τοῖς

2230 3806 2482 3876 ἀδελφοῖς
2512 3809 2606 3861 καὶ
2634 3812 2747 3872 τοῖς
2788 3811 3046 3881 κηδεμδσι
3086 3811 3179 3865 καὶ
3216 3812 3469 3881 πάτρωσι
3498 3815 3588 3867 καὶ⁵
3616 3813 3788 3867 δεσπὸσ

2228 3916 2369 3965 ταις,
2399 3901 2459 3952 ὲν
2480 3900 2559 3971 τῷ
2592 3901 2771 3971 καιρῷ
2800 3903 2896 3972 τῆς
2957 3903 3147 3969 ἐφόδου
3195 3904 3423 3970 τούτους
3462 3905 3710 3975 φονεύειν·
3744 3906 3785 3956 εί

2228 3990 2286 4045 δὲ
2302 3992 2660 4063 διαφύγωσιν,
2690 3995 3053 4063 ἁναζητοῦσιν
3079 3997 3301 4062 αὐτοὺς,
3330 4001 3387 4052 ὲν
3414 4000 3512 4069 μὲν
3537 3997 3784 4067 Βυζαντίῳ

2229 4082 2278 4133 oi
2320 4081 2551 4153 ὕπαρχοι
2581 4084 2676 4136 καὶ
2709 4084 3016 4156 ὀέπαρχος,
3048 4088 3105 4139 ὲν
3126 4086 3181 4139 δὲ
3200 4091 3323 4150 ταῖς
3352 4090 3636 4159 ἐπαρχίαις
3664 4087 3783 4141 πάν-

2228 4191 2316 4236 τες
2353 4174 2401 4226 οἱ
2467 4175 2751 4245 ἄρχοντες,
2783 4178 2877 4230 καὶ¹
2904 4180 3275 4249 στρατηλάται
3296 4219 3311 4242 ,
3355 4181 3450 4234 καὶ
3472 4182 3668 4244 δοῦκες,
3697 4178 3781 4232 καὶ

2232 4266 2369 4334 μετὰ
2397 4266 2656 4321 σύστασιν
2689 4270 2996 4340 ἀναιροῦσι,
3036 4270 3112 4342 μὴ
3143 4271 3474 4344 δυναμένους
3503 4271 3779 4345 χρήσασθαι

2229 4362 2395 4429 φόρου
2424 4366 2764 4434 παραγραφῇ
2797 4362 2831 4434 ἢ
2859 4364 3127 4436 ἐκκλήτῳ.

2302 4636 2410 4688 Καὶ
2455 4636 2505 4688 εἰ
2554 4636 2653 4705 μὲν
2701 4636 2862 4708 δούλη
2921 4636 2953 4707 ἢ
3007 4637 3353 4710 ἀπελευθέρα
3383 4638 3766 4711 άρπαγῇ,άναιο

2228 4726 2447 4797 ροῦνται
2476 4730 2524 4780 οἱ
2546 4727 2816 4799 ἅρπαγες,
2849 4731 2909 4782 οὑ
2940 4729 3045 4800 μὴν
3079 4729 3174 4782 καὶ
3207 4730 3434 4800 μείωσιν
3480 4732 3579 4801 τῆς
3614 4729 3770 4788 οὐσίας

2226 4820 2570 4889 ὑφίστανται⁸
2602 4822 2651 4874 εἰ
2685 4822 2741 4874 δὲ
2773 4823 3000 4893 εὐγενὴς
3041 4824 3293 4894 ἡρπάγη,
3334 4826 3513 4879 πάντα
3556 4826 3619 4879 τά
3654 4821 3771 4891 πρά-

2224 4929 2411 4983 γματα
2435 4912 2530 4966 τοῦ
2565 4914 2914 4983 ἁρπάσαντος
2946 4916 3039 4968 καὶ
3071 4915 3181 4968 τῶν
3213 4916 3594 4987 βοηθησάντων
3622 4916 3765 4985 αὑτῷ,

2224 5006 2662 5077 προσκυροῦνται
2690 5009 2754 5076 τῇ
2806 5006 3141 5078 ἁρπαγείσῃ·
3192 5008 3315 5061 οὔτε
3348 5010 3406 5062 δὲ
3431 5008 3769 5069 συναινοὺντος

2222 5096 2315 5149 τοῦ
2352 5096 2577 5167 πατρὸς,
2602 5096 2856 5152 δύνανται
2896 5101 3193 5169 γαμεῖσθαι
3227 5100 3305 5170 τῷ
3338 5102 3669 5172 ἁρπάσαντιο
3690 5099 3769 5167 τὴν

2224 5188 2393 5259 αὐτὴν
2431 5189 2487 5242 δὲ
2519 5190 2711 5259 ποινὴν
2766 5192 2859 5243 τοῦ
2892 5190 3125 5244 θανάτου
3175 5195 3268 5245 καὶ
3304 5194 3416 5245 τῶν
3464 5193 3769 5264 πραγμάτων

2224 5280 2569 5347 ὑφίστανται,
2627 5282 2676 5334 οἱ
2706 5282 2841 5352 πρδς
2874 5282 2974 5353 τὴν
3006 5284 3192 5352 ἔφοδον
3219 5285 3390 5354 αὑτῆς
3413 5286 3768 5353 ἁκολουθήσαν⁹

2219 5385 2331 5432 τες·
2363 5372 2411 5422 οἱ
2460 5371 2517 5424 δὲ
2575 5372 2889 5441 συνίστορες
2942 5375 3034 5425 καὶ
3058 5375 3400 5445 οίοὺπουργοὶ
3432 5377 3520 5428 καὶ
3570 5378 3613 5428 οξ
3665 5375 3766 5425 ὑπο-

2219 5465 2417 5535 δοχεῖς,
2451 5466 2544 5517 καὶ
2569 5467 2617 5517 oi
2650 5466 2897 5519 ὁπωσοῦν
2926 5468 3111 5530 αὑτοῖς
3137 5469 3558 5535 σπουδάσαντες,
3584 5468 3684 5529 οἵας
3710 5464 3763 5518 ἂν

2219 5553 2327 5610 εἷεν
2363 5557 2577 5626 φύσεως
2603 5560 2698 5610 καὶ
2738 5558 2909 5627 τύχης
2943 5560 3035 5612 καὶ
3072 5559 3342 5632 βαθμοῦῆ
3398 5562 3571 5628 ἀξίας,
3620 5559 3759 5629 μόνην

2216 5651 2315 5722 τὴν
2347 5652 2650 5723 κεφαλικὴν
2688 5653 3012 5722 ὑφίστανται
3049 5654 3342 5723 τιμωρίαν,
3388 5657 3436 5707 εί
3472 5646 3562 5708 καὶ
3591 5651 3757 5705 ἑκοῦσα

2218 5746 2248 5812 ἡ
2280 5745 2415 5812 γυνὴ
2446 5744 2695 5816 ήρπάγη’
2729 5748 2777 5798 εἰ
2806 5746 2861 5799 δὲ
2887 5748 2934 5799 οἱ
2974 5751 3148 5815 γονεῖς
3171 5750 3269 5815 τῆς
3293 5749 3625 5819 ἁρπαγείσης
3651 5741 3756 5795 ἀνά·

2220 5851 2453 5904 σχωνται
2482 5838 2573 5889 καὶ
2599 5839 3083 5909 παραχωρήσουσι,
3120 5838 3612 5909 δεπορτατεύονταυ
3638 5836 3679 5887 οἱ
3706 5830 3752 5884 δὲ
