3874 6296
550 290 645 355 791

1706 294 1965 354 ΡΗΟΤΙΙ
1994 294 2093 354 PA'

2205 296 2498 360 [ARCIUE
2531 300 2638 360 ΕΡ.
3653 303 3745 369 792

553 416 681 457 num
722 398 880 469 313
926 396 1146 452 inicum.
1204 397 1327 455 ηερε
1358 410 1441 454 est
1469 401 1618 456 enim
1659 403 1829 472 prima
1864 406 2089 462 condent

2226 428 2425 478 γνωσις
2449 411 2599 480 παρὰ
2624 412 2733 473 τοῖς
2758 408 2988 462 ἔθνεσιν⁹
3008 375 3064 462 ἐι
3094 408 3153 462 δέ
3179 425 3261 470 τις
3300 407 3395 463 επὶ
3416 409 3576 482 τούτῳ
3593 432 3745 490 φωρα.

550 494 700 548 natio
725 492 869 562 apud
900 498 1110 561 gentes.
1142 490 1200 545 Si
1238 491 1364 560 quis
1402 502 1585 547 autem
1617 496 1717 549 hac
1746 496 1800 549 in
1834 512 1891 551 re
1920 498 2118 568 depre-

550 585 754 639 hensus
800 583 984 662 fuerit,
1020 583 1064 638 si
1095 583 1168 637 sit
1202 584 1422 653 quidem
1474 585 1729 650 clericus,
1774 587 2115 659 deponatur;

546 677 630 731 sin
655 685 833 731 autem
860 676 1053 740 laicus,
1093 685 1425 745 segregetur.

621 767 841 821 Tutus.
876 767 1098 822 Novella
1148 768 1269 831 H7,
1297 784 1419 837 quae
1463 770 1530 823 de
1579 772 1819 841 repudiis
1851 771 2115 847 [tractat,]

547 860 863 913 facultatem
897 860 1093 913 marito
1114 860 1226 923 dat,
1262 871 1316 913 ut
1346 861 1390 911 si
1416 871 1611 929 praeter
1637 864 1969 919 voluntatem
1995 866 2115 935 ejus

553 964 674 1002 eum
706 949 837 1006 viris
881 964 941 1003 se
988 964 1124 1002 uxor
1157 949 1316 1011 lavet,
1356 950 1459 1016 ipsi
1511 953 1795 1020 repudium
1834 955 2030 1022 mittat,
2063 964 2117 1011 et

546 1055 612 1093 In.-
637 1037 955 1094 trimonmm
988 1040 1268 1103 dissolvat,
1300 1042 1530 1112 ejusque
1562 1043 1803 1098 lucretur
1835 1046 2041 1104 dotem.

607 1130 758 1183 CAP.
794 1130 1011 1186 XXXII.
1040 1164 1108 1174 ο-
1140 1132 1479 1203 Deepiscopis
1506 1136 1800 1201 etclericis,
1826 1140 1915 1207 qui
1944 1150 2117 1194 trans-

542 1231 666 1274 eunt
696 1222 765 1275 ad
797 1223 994 1277 laicum
1034 1233 1265 1290 statum,
1324 1236 1415 1278 aut
1468 1228 1756 1297 dignitates
1801 1231 1975 1286 civiles
2020 1242 2114 1287 aut

544 1314 813 1368 militiam.

983 1409 1350 1477 Apostolorum
1381 1426 1548 1464 canon
1580 1410 1669 1465 85.

610 1499 678 1553 85
723 1497 859 1571 [8‘2].
900 1499 1241 1570 Episcopus,
1274 1501 1358 1556 vel
1392 1504 1705 1573 presbyter,
1738 1505 1820 1560 vel
1851 1506 2113 1562 diaconus

538 1593 804 1649 exercitui
836 1609 1056 1659 vacans,
1091 1602 1196 1648 etc.
1221 1606 1278 1648 ut
1309 1611 1432 1665 pag.
1462 1595 1593 1650 747.

928 1686 1152 1742 Concilii
1187 1686 1397 1743 Nicazm'
1430 1705 1601 1743 canon
1642 1690 1726 1744 l2.

610 1773 697 1826 12.
724 1773 825 1840 Qui
862 1784 1046 1829 autem
1079 1791 1109 1831 a
1145 1778 1315 1847 gratia
1367 1779 1585 1848 quidem
1622 1782 1856 1847 avocati,
1888 1792 1996 1839 etc.
2052 1795 2110 1837 ut
2149 1760 2188 1814 Β

537 1881 661 1935 pag.
703 1865 830 1918 751.

837 1955 1066 2011 Concilii
1098 1956 1538 2012 Chalcedonensis
1575 1976 1742 2014 canon
1769 1962 1825 2014 7.

616 2049 669 2100 7.
705 2047 815 2103 Eos
853 2048 943 2118 qui
977 2048 1030 2101 in
1064 2050 1210 2103 clero
1239 2050 1405 2104 semel
1437 2051 1674 2107 ordinati
1699 2063 1825 2108 sunt
1850 2054 2104 2111 etitidem

528 2141 850 2202 monachos,
875 2149 981 2193 etc.
1011 2150 1069 2193 ut
1088 2158 1213 2210 pag.
1240 2142 1363 2196 751.

604 2230 817 2283 Tactus.
853 2229 975 2285 Lib.
1016 2246 1058 2293 I,
1089 2233 1210 2287 cod.
1248 2234 1330 2290 tit.
1366 2235 1419 2299 5,
1456 2246 1634 2290 const.
1668 2235 1757 2293 57.
1813 2237 1965 2294 Servi
2008 2242 2102 2310 qui

524 2319 805 2374 voluntate
854 2321 1199 2376 dominorum
1269 2325 1520 2378 monachi
1574 2326 1732 2390 tiunt,
1793 2327 2102 2384 libertatem

520 2422 957 2480 consequuntur.
1000 2417 1070 2469 At
1121 2416 1165 2469 si
1208 2414 1399 2470 relicto
1448 2415 1803 2491 [monachali]
1838 2422 2101 2478 exercitio

521 2504 588 2557 ad
641 2505 807 2557 alium
860 2514 1065 2559 statum
1103 2515 1404 2570 transeant,
1455 2510 1506 2562 in
1557 2511 1872 2567 servitutem
1927 2525 2101 2569 retra-

521 2596 748 2650 huntur.
800 2598 865 2651 Et
919 2600 1149 2654 constit.
1180 2600 1270 2665 ὅθ,
1324 2602 1569 2670 ejusdem
1597 2605 1679 2659 tit.
1716 2604 1770 2659 Si
1817 2608 1940 2675 quis
1973 2624 2095 2663 cum

518 2688 754 2744 clericus
781 2690 870 2754 sit,
898 2700 1166 2746 armatam
1203 2694 1451 2749 militiam
1481 2697 1661 2760 obeat,
1693 2707 1787 2753 aut
1818 2698 1977 2772 [jam]
2003 2702 2097 2755 de-

516 2783 729 2850 positus
765 2783 819 2837 in
844 2784 1093 2839 militiam
1130 2788 1418 2850 concedat.
1455 2801 1867 2855 exauctoratur,
1903 2795 2095 2850 confe-

514 2872 646 2925 stim
677 2889 790 2928 sua:
824 2875 1081 2942 civitatis,
1119 2888 1213 2932 aut
1255 2879 1479 2935 alterius
1509 2880 1652 2936 intra
1685 2900 1844 2937 unam
1876 2887 2096 2955 provin-

515 2964 683 3026 ciam,
726 2966 993 3035 si.ipsius
1046 2968 1239 3025 civitas
1281 2972 1484 3027 multos
1537 2973 1861 3031 decuriones
1911 2977 2093 3043 habet,

2221 504 2364 574 θείη,
2399 507 2447 557 εί
2482 505 2581 574 μὲν
2604 502 2861 574 κληρικδς
2882 502 2989 571 είη,
3018 500 3408 572 καθαιρείσθω·
3429 503 3477 556 ει
3498 503 3553 557 δὲ
3573 504 3745 582 hinec,

2218 596 2581 670 ἀφοριξέσθω.

2297 783 2362 836 Ἥ
2385 784 2512 854 περὶ
2544 779 3052 854 ῥεπουδίωνζΝεαρὰ
3104 776 3223 849 ριζ,
3259 778 3469 832 δίδωσιν
3488 779 3651 835 ἄδειαν
3683 786 3748 857 τῷ

2215 875 2390 947 ἀνδρὶ,
2417 876 2518 945 τῆς
2574 872 2736 929 αύτοῦ
2772 873 3021 943 γαμετῆς
3045 871 3196 942 παρὰ
3222 869 3446 942 γνώμην
3488 872 3635 927 αὐτοῦ
3655 876 3751 928 συλ-

2214 966 2508 1039 λουομένης
2568 966 2817 1036 ἀνδράσι,
2880 965 3119 1019 στέλλειν
3158 963 3296 1034 αὐτῇ
3353 963 3751 1035 ρεπούδιον,καὶ

2214 1057 2361 1110 λύειν
2388 1058 2478 1112 τὸν
2507 1057 2682 1127 γάμον
2722 1055 2815 1109 καὶ
2853 1055 3159 1125 κερδαίνειν
3205 1054 3305 1126 τὴν
3351 1054 3522 1123 αὐτῆς
3557 1059 3749 1126 προῖκα.

2288 1151 2541 1203 ΚΕΦΑΛ.
2569 1150 2692 1202 AB’.
2717 1178 2769 1189 —-
2802 1148 2939 1216 Περὶ
2979 1147 3330 1201 ἐπισκόπων
3359 1145 3460 1200 καὶ
3490 1148 3752 1215 κληρικῶν

2212 1240 2544 1312 γινομένων
2561 1238 2789 1295 λατκῶν
2816 1239 2853 1309 ἢ
2881 1237 3296 1310 ἀξιωματικῶν
3328 1238 3366 1308 ἣ
3389 1240 3749 1309 στρατευομέ·

2212 1349 2355 1387 νων.

2637 1427 3021 1483 Ἀποστόλων
3049 1425 3250 1481 κανὼν
3275 1430 3385 1493 πγν.

2277 1526 2386 1589 πγθ.
2406 1519 2751 1587 Ἐπίσκοπος,
2776 1518 2811 1589 ἢ
2840 1517 3231 1591 πρεσϐύτερος,
3265 1515 3298 1586 ἢ
3327 1514 3591 1579 διάκονος,
3614 1529 3753 1569 στοα-

2211 1611 2331 1683 τείᾳ
2362 1611 2656 1681 σχολάζων,
2694 1629 2750 1665 κ.
2775 1628 2828 1665 τ.
2856 1609 2906 1664 λ.

2547 1702 2813 1757 Συνόδου
2835 1700 3079 1764 Νικαίας
3108 1698 3309 1753 κανὼν
3359 1697 3447 1767 ιβ’.

2287 1792 2373 1848 ιϐ’.
2399 1794 2462 1848 Οἱ
2518 1794 2575 1848 δὲ
2613 1792 3047 1865 προσκληθέντες
3089 1792 3189 1863 μὲν
3248 1790 3358 1844 ἀπὸ
3395 1790 3497 1861 τῆς
3544 1787 3751 1859 χάριτος,

2210 1906 2263 1941 κ.
2301 1906 2351 1941 τ.
2392 1890 2441 1942 λ.

2478 1979 2748 2036 Συνόὸου
2781 1978 3171 2048 Χαλκηδόνος
3199 1976 3402 2031 κανὼν
3424 1976 3495 2040 ζ’.

2281 2073 2346 2138 ζ’.
2372 2074 2509 2137 Τοὺς
2538 2072 2684 2139 ἅπαξ
2716 2073 2772 2125 ὲν
2794 2071 2981 2143 κλήρῳ
3004 2069 3374 2140 τεταγμένους
3407 2068 3441 2138 ἦ
3491 2067 3584 2120 καὶ
3612 2083 3753 2137 μονα-

2208 2166 2360 2228 στὰς,
2390 2183 2447 2220 κ.
2479 2182 2531 2219 τ.
2564 2165 2616 2218 λ.
3614 2222 3625 2233 _

2274 2260 2423 2313 Βιϐλ.
2479 2266 2526 2311 α’
2554 2259 2647 2311 τοῦ
2703 2257 2856 2323 κὼδ.,
2925 2257 3032 2309 τίτ.
3073 2262 3143 2324 γ’,
3176 2255 3317 2309 ater.
3346 2254 3447 2320 λζ’,
3504 2256 3554 2306 οἱ
3603 2250 3753 2305 δοῦλοι

2201 2351 2395 2422 γνώμῃ
2422 2349 2531 2403 τῶν
2560 2348 2836 2403 δεσποτῶν
2866 2347 3189 2419 μονάζοντες
3239 2345 3647 2416 ἐλευθεροῦνται
3674 2360 3687 2375 ο
3713 2344 3751 2396 εί

2200 2443 2256 2496 δὲ
2287 2441 2676 2504 καταλιπόντες
2704 2440 2800 2508 τὴν
2854 2439 3109 2506 ἄσκησιν,
3141 2438 3222 2501 είς
3263 2437 3458 2506 ἑτέραν
3502 2433 3752 2488 κατάστα-

2202 2553 2286 2587 σιν
2329 2532 2681 2605 μετέλθωσιν,
2734 2529 3151 2585 ἁναδουλοῦνται
3181 2546 3196 2560 ο
3230 2530 3328 2582 καὶ
3380 2527 3522 2581 διὰτ.
3555 2526 3629 2597 νβ’
3672 2524 3751 2576 τοῦ

2198 2624 2364 2680 αὐτοῦ
2399 2626 2532 2688 τίτ.,
2570 2625 2652 2677 ὅτι
2694 2624 2788 2676 ὲάν
2813 2641 2897 2687 τις
2925 2622 3001 2675 ὣν
3028 2622 3287 2689 κληρικὸς
3316 2619 3558 2680 ὲνόπλως
3610 2633 3751 2686 στρα-

2197 2715 2477 2784 τεύσηται,
2526 2714 2557 2786 ἢ
2621 2712 2968 2785 καθαιρεθεὶς
3004 2710 3243 2784 μετέλθῃ
3301 2711 3613 2780 στρατείαν,
3639 2708 3752 2760 dno-

2200 2807 2576 2877 στρατεύεται,
2608 2808 2701 2860 καὶ
2728 2805 3018 2875 βουλευτὴς
3061 2802 3411 2874 παραχρῆμα
3441 2799 3647 2869 γίνεται
3672 2797 3753 2866 τῆς

2200 2899 2332 2962 ἰδίας
2362 2898 2590 2965 πόλεως,
2619 2898 2652 2969 ἢ
2689 2898 2883 2967 ἐτέρας
2914 2897 3078 2967 μέχρι
3120 2895 3249 2966 μιᾶς
3271 2891 3560 2964 ἐπαρχίας,
3593 2890 3681 2942 ἐὰν
3725 2888 3752 2958 ὴ

2197 2988 2350 3052 πόλις
2382 2988 2547 3043 αὐτοῦ
2574 2990 2802 3052 πολλοὺς
2824 2988 2922 3059 ἔχῃ
2967 2986 3257 3056 βουλευτάς
3294 3002 3308 3017 ·
3348 2985 3397 3037 εί
3418 2983 3475 3036 δὲ
3505 2980 3752 3042 λανθάνοι,

515 3055 744 3112 decurio
786 3057 865 3112 ﬁt.
913 3058 1069 3125 Quod
1105 3061 1150 3116 si
1188 3062 1498 3131 delitescat,
1550 3066 1721 3135 ipsius
1756 3069 1898 3123 bona
1931 3072 2090 3126 decu-

2205 3079 2656 3149 ὲπιλαμϐἀνονται
2684 3081 2733 3133 οἱ
2756 3080 3039 3149 βουλευταὶ
3067 3078 3174 3133 τῶν
3218 3076 3560 3151 πραγμάτων
3588 3073 3752 3135 αὐτου,

515 3149 706 3205 rienes
761 3150 1022 3217 involant,
1074 3162 1128 3208 et
1160 3157 1445 3212 semissem
1500 3174 1565 3213 ex
1614 3160 1881 3217 reditibus
1934 3162 2096 3237 [jam]

514 3241 831 3296 constitutis
880 3252 973 3298 aut
1019 3246 1264 3302 emendis
1324 3249 1670 3320 percipiunt;
1719 3252 1857 3307 alter
1912 3264 2096 3309 autem

511 3329 679 3401 314
728 3331 895 3387 semis
944 3332 1327 3404 praefectorum
1378 3353 1582 3393 mensa:
1644 3340 1896 3398 infertur.
1951 3342 2093 3399 Idem

512 3424 678 3475 etiam
731 3426 1022 3489 monacho,
1068 3428 1161 3496 qui
1205 3430 1699 3499 quomodocunque
1747 3434 1965 3499 militat,
2002 3444 2097 3490 aut

512 3513 831 3583 dignitatem
861 3520 1114 3585 assumit,
1158 3530 1255 3575 aut
1303 3520 1579 3577 forensem
1626 3526 1794 3580 vitam
1824 3537 2089 3595 sectatur,

517 3604 795 3681 [obtinet.]

587 3697 804 3754 Textus.
834 3700 1025 3756 Const.
1057 3703 1147 3767 55,
1180 3702 1425 3771 ejusdem
1465 3708 1554 3762 tit.
1593 3707 1712 3764 Non
1748 3710 1874 3767 licet
1908 3728 2095 3782 paren-

513 3790 661 3846 tibus
694 3798 754 3846 ut
800 3792 1100 3863 impediant
1159 3799 1454 3864 quominus
1485 3800 1641 3855 liberi
1690 3803 1938 3860 volentes
1971 3819 2095 3859 mo-

512 3880 675 3934 nachi
701 3887 795 3935 aut
822 3881 1006 3937 clerici
1037 3882 1167 3937 ﬁant
1196 3902 1209 3937 :
1237 3892 1332 3939 aut
1354 3897 1572 3957 propter
1596 3889 1701 3945 hoc
1724 3892 1899 3946 solum
1926 3892 2092 3965 [illos]

511 3971 880 4026 exlneredent.
917 3970 1022 4027 Sed
1055 3975 1102 4028 si
1133 3976 1234 4044 ipsi
1278 3985 1664 4036 testamentum
1695 3984 1952 4049 condant,
1992 3999 2094 4039 ne-

512 4078 666 4116 cesse
699 4063 922 4127 habent,
958 4076 1014 4120 ut
1048 4067 1156 4122 illis
1208 4071 1567 4139 quadrantem
1606 4074 1920 4143 relinquant
1956 4092 1968 4130 :
2004 4076 2088 4132 sin

510 4158 716 4213 autem,
757 4151 910 4207 locus
934 4151 1060 4227 [est]
1088 4157 1155 4209 ab
1180 4157 1463 4214 intestato.
1501 4160 1655 4227 Quod
1689 4163 1733 4217 si
1765 4162 1887 4236 [illi]
1918 4166 2093 4220 eccle-

511 4240 624 4296 sias
689 4252 783 4297 aut
833 4249 1167 4303 monasteria
1223 4252 1570 4322 relinquant,
1612 4265 1776 4325 atque
1826 4260 2089 4315 mundani

509 4333 643 4387 ﬁant
673 4352 686 4388 :
714 4351 878 4392 omne
902 4340 1144 4408 ipsorum
1164 4343 1257 4413 jus
1273 4346 1341 4399 ad
1372 4350 1767 4405 monasterium
1791 4360 1886 4406 aut
1914 4354 2088 4409 eccle-

2200 3170 2295 3224 καὶ
2324 3170 2386 3222 τὸ
2408 3169 2506 3240 μὲν
2536 3170 2707 3240 ἥμισυ
2742 3171 2799 3222 ὲν
2823 3171 3070 3241 προσόδῳ
3084 3167 3219 3239 οὔσῃ
3258 3168 3291 3238 ἢ
3326 3166 3605 3235 ὡνουμένῃ
3631 3161 3751 3230 λαμ-

2200 3259 2440 3323 ϐάνουσι,
2465 3260 2525 3313 τὸ
2553 3261 2608 3314 δὲ
2634 3261 2804 3331 ἥμισυ
2837 3264 2901 3332 τῇ
2931 3261 3178 3331 τραπέζῃ
3207 3260 3315 3312 τῶν
3345 3259 3604 3329 ὑπάρχων
3658 3256 3753 3308 είσ-

2198 3353 2481 3422 κομίζεται
2512 3369 2526 3382 '
2607 3357 2667 3407 τὸ
2726 3354 2860 3407 αὐτὸ
2945 3354 3039 3409 καὶ
3102 3355 3193 3406 ἐπὶ
3238 3351 3475 3423 μοναχοῦ
3528 3346 3752 3403 ὁπωσοῦν

2202 3446 2630 3517 στρατευομένου
2662 3445 3084 3517 ἢλαμϐἀνοντος
3134 3443 3316 3510 ἀξίαν,
3337 3442 3372 3514 ἢ
3411 3442 3503 3496 τὸν
3531 3444 3587 3495 ὲν
3613 3441 3750 3494 δικα-

2202 3540 2442 3610 στηρίοις
2480 3538 2591 3608 βίον
2625 3536 3078 3609 μεταδιώκοντος.

2271 3722 2419 3776 Διάτ.
2449 3720 2529 3790 νγ⁹
2562 3718 2655 3774 τοῦ
2678 3720 2843 3774 αὑτοῦ
2878 3721 3007 3788 τίτ.,
3046 3719 3148 3774 οὐκ
3182 3720 3360 3787 ἔξεστι
3412 3722 3521 3784 τοῖς
3555 3718 3748 3788 γονεῦσι

2199 3812 2556 3881 βουλομένους
2626 3812 2754 3874 τοὺς
2805 3812 3001 3873 παῖδας
3061 3811 3293 3882 μονάσαι
3349 3811 3386 3881 ἢ
3431 3810 3748 3882 κληρωθῆναι

2196 3903 2447 3968 κωλύειν,
2507 3902 2631 3957 οὔτε
2690 3904 2777 3958 διὰ
2841 3903 3001 3957 τοῦτο
3067 3904 3227 3973 μόνον
3294 3904 3746 3974 ἁποκληρονόμους

2194 3998 2369 4049 ποιεῖν
2401 4011 2415 4025 ·
2469 3995 2585 4048 ἀλλ’
2618 3998 2668 4049 εί
2719 3998 2821 4066 μὲν
2850 3998 2918 4050 τὰ
2965 3996 3089 4051 καθ’
3113 3997 3341 4061 ἑαυτοὺς
3398 3996 3741 4057 διατυποῦσιν,

2193 4086 2441 4155 ἀνάγκην
2497 4085 2683 4154 ἔχουσι
2733 4089 2883 4156 τρεῖς
2908 4088 3097 4155 ὀγκίας
3131 4090 3225 4159 ὲᾷν
3248 4088 3435 4152 αὐτοῖς
3461 4103 3476 4119 ο
3507 4088 3552 4141 εί
3581 4087 3631 4140 δὲ
3676 4086 3740 4156 μὴ

2192 4176 2618 4241 διατυπώσουσι,
2682 4177 2835 4249 χώρα
2884 4182 2997 4239 τοῖς
3056 4179 3115 4243 ἐξ
3142 4180 3425 4235 ἀδιαθέτου
3451 4198 3466 4211 ·
3510 4181 3555 4233 εί
3586 4179 3742 4239 δὲτὰς

2206 4268 2529 4335 Ἐκκλησίας
2553 4267 2585 4335 ἢ
2615 4266 2683 4319 τὰ
2715 4268 3050 4336 μοναστήρια
3070 4266 3434 4333 καταλίπωσι,
3457 4267 3548 4321 καὶ
3569 4282 3737 4335 κοσμι-

2193 4359 2280 4412 mi.
2302 4359 2589 4427 γένωνται,
2628 4356 2806 4411 πάντα
2830 4357 2895 4410 τὰ
2914 4357 3097 4410 δίκαια
3118 4357 3295 4410 αὐτῶν
3319 4358 3399 4427 τῷ
3425 4355 3735 4428 μοναστηρίῳ

508 4425 644 4478 siam
674 4428 925 4495 pertinet.
963 4430 1100 4487 Dicit
1136 4450 1266 4491 vero
1303 4438 1465 4492 etiam
1502 4450 1678 4496 const.
1712 4442 1765 4505 1,
1802 4445 1886 4498 tit.
1920 4445 1945 4498 1
1978 4444 2082 4503 No-

2205 4452 2281 4502 ιαὶ
2314 4425 2379 4519 τῇ
2398 4449 2692 4520 Ἐκκλησία
2717 4449 2987 4519 διαφέρει·
3020 4448 3170 4517 λέγει
3196 4448 3251 4502 δὲ
3272 4425 3632 4518 καὶίὴαδιάτ.
3652 4446 3733 4498 τοῦ

508 4519 793 4588 vellarum,
819 4523 964 4591 quod
1005 4526 1118 4582 sive
1169 4532 1471 4602 presbyter,
1504 4534 1617 4589 sive
1659 4535 1943 4603 diaconus,
1989 4549 2082 4594 aut

505 4610 933 4679 liypoiliaconus,
967 4627 1061 4671 aut
1084 4620 1255 4676 lector
1288 4624 1595 4680 clcricaletn
1622 4628 1867 4684 habitum
1910 4633 2079 4687 relin«

504 4719 696 4773 quere,
742 4720 795 4761 et
843 4709 908 4763 ad
952 4711 1100 4773 aliud
1154 4717 1275 4770 vita:
1312 4734 1483 4787 genus
1525 4722 1754 4777 transire
1804 4724 2080 4780 voluerit:

502 4798 587 4850 vel
615 4813 738 4852 cum
776 4800 936 4857 bonis
986 4808 1173 4867 curim.
1209 4809 1292 4863 vel
1334 4810 1539 4878 egentis
1595 4816 1863 4869 cohortali
1895 4817 2083 4872 condi-

502 4890 637 4943 tioni
659 4893 985 4951 ascribatnr.
1021 4896 1086 4953 Et
1114 4910 1292 4955 const.
1329 4902 1364 4955 2
1384 4903 1624 4971 ejusdem
1655 4907 1739 4962 tit.
1778 4907 1969 4975 Nemo,
1998 4909 2081 4964 in-

501 4984 641 5052 quit,
666 4983 1142 5063 [ecclesiasticam]
1169 5009 1322 5046 suam
1358 5006 1557 5051 sortem
1587 5000 1867 5069 deserens,
1916 5018 2079 5057 mun-

498 5075 677 5131 danus
717 5078 964 5135 elIicitor.
1014 5084 1230 5153 Alioqui
1275 5085 1554 5153 dignitate,
1607 5105 1729 5159 quae
1780 5091 1921 5148 forte
1974 5094 2076 5162 ipsi

498 5167 801 5235 obvenerit,
856 5186 951 5227 aut
986 5176 1177 5230 militia
1225 5178 1549 5246 privabitur,
1595 5193 1647 5237 et
1692 5200 1805 5239 suae
1840 5186 2078 5242 civitatis

497 5262 664 5316 curia:
685 5246 951 5321 tradetur.
985 5268 1039 5323 Si
1092 5286 1284 5326 servus
1329 5273 1537 5329 sciente
1571 5292 1748 5344 neque
1802 5280 2077 5333 contradi-

496 5364 654 5410 cente
690 5357 916 5413 domino
953 5362 1185 5417 clericus
1231 5366 1406 5420 factus
1438 5368 1601 5422 fuerit
1634 5388 1646 5422 :
1677 5370 1811 5425 liber
1842 5380 1896 5425 et
1925 5372 2075 5441 inge-

494 5458 645 5503 nuus
685 5449 763 5502 lit.
800 5453 870 5505 At
914 5453 958 5506 si
1013 5455 1270 5509 dominus
1317 5457 1678 5527 ignoraverit,
1727 5473 1889 5532 atque
1930 5463 2071 5518 intra

494 5550 699 5594 annum
734 5541 1009 5599 fortunam
1038 5549 1375 5617 comprobet,
1404 5552 1552 5607 illum
1588 5555 1799 5623 recipit.
1842 5554 1995 5622 Quod
2025 5558 2069 5612 si

493 5626 572 5682 ita
612 5630 746 5687 liber
770 5634 969 5702 factus,
1005 5638 1069 5692 ad
1096 5640 1426 5696 mundanam
1460 5644 1626 5699 vitam
1672 5655 1935 5712 transeat,
1964 5658 2072 5704 tra-

502 5720 650 5778 ditur
679 5726 903 5787 domino
930 5731 983 5785 in
1014 5734 1354 5791 servitutem.
1399 5738 1531 5794 Item
1553 5780 1570 5809 ,
1603 5742 1647 5797 si
1689 5743 1781 5813 qui
1827 5761 1922 5814 per
1950 5762 2067 5799 mo—

2190 4538 2239 4594 α’
2272 4541 2377 4593 τίτ.
2401 4540 2506 4593 τῶν
2524 4541 2773 4612 Νεαρῶν,
2796 4542 2877 4595 ὅτι
2905 4540 3015 4594 εἴτε
3040 4540 3435 4612 πρεσϐύτερος,
3455 4543 3559 4594 εἴτε
3580 4540 3732 4592 διάκο-

2188 4634 2352 4704 νος,ἢ
2392 4633 2761 4699 ύποδιάκονος,
2801 4634 2833 4703 ἢ
2887 4632 3263 4705 ἀναγνώστης,
3318 4634 3597 4687 ἀπολιπεῖν
3631 4632 3731 4701 βου-

2185 4726 2321 4799 ληθῇ
2367 4727 2428 4781 τὸ
2480 4728 2664 4798 σχῆμα
2729 4726 2824 4780 τοῦ
2878 4728 3164 4798 κληρικοῦ,
3208 4728 3302 4781 καὶ
3335 4730 3413 4790 εἰς
3438 4728 3613 4800 ἕτερον
3637 4726 3728 4795 βίον

2189 4819 2488 4888 μετελθεῖν,
2534 4820 2567 4890 ἢ
2628 4822 2708 4883 εἰς
2757 4820 3140 4891 βουλευτήριον
3175 4821 3311 4891 μετὰ
3340 4820 3439 4890 τῆς
3469 4820 3657 4882 οὐσίας,
3699 4816 3725 4885 ἦ

2184 4911 2385 4978 ἄπορος
2413 4908 2486 4963 ὢν
2518 4913 2596 4973 εἰς
2635 4911 2970 4981 ταξεωτικὴν
3001 4912 3409 4982 καταχθήσεται
3438 4911 3600 4980 τύχην
3622 4906 3728 4961 ’καὶ

2184 5003 2284 5073 ἡβ¹
2323 5004 2462 5058 διάτ.
2496 5003 2590 5056 τοῦ
2617 5005 2784 5058 αὐτοῦ
2824 5006 2926 5059 τίτ.
2959 5008 3117 5076 φησὶ,
3164 5006 3355 5076 μηδεὶς
3408 5006 3500 5059 τὸν
3550 5005 3718 5057 οἰκεῖον

2184 5096 2379 5166 κλῆρον
2406 5096 2530 5162 ἐῶν,
2564 5097 2796 5165 γινέσθω
2820 5098 3103 5169 κοσμικὸς,
3144 5098 3268 5151 ἐπεὶ
3288 5098 3382 5152 καὶ
3403 5099 3499 5168 τῆς
3520 5095 3719 5161 ὡςείκδς

2181 5189 2492 5262 προσούσης
2545 5191 2694 5263 αὐτῷ
2727 5191 2885 5258 ἀξίας
2918 5192 2950 5262 ἢ
2984 5193 3274 5262 στρατείας
3308 5193 3593 5262 στερεῖται,
3646 5186 3719 5240 καὶ

2179 5287 2244 5355 τῇ
2279 5284 2439 5355 βουλῇ
2474 5284 2573 5353 τῆς
2600 5284 2734 5346 ἰδίας
2761 5285 2968 5347 πόλεως
2988 5284 3300 5339 ἀποδίδοται
3333 5300 3348 5314 ⁸
3379 5285 3474 5338 και)⁵
3502 5286 3588 5337 ἐὰν
3613 5278 3716 5334 δοῦν

2178 5375 2267 5437 λος
2300 5376 2497 5441 εἰδότος
2526 5377 2619 5429 καὶ
2677 5375 2753 5447 μὴ
2787 5376 3163 5445 ἀντιλέγοντος
3196 5375 3289 5430 τοῦ
3325 5376 3575 5430 δεσπότου
3610 5372 3715 5438 κλη-

2178 5466 2348 5538 ρωθῇ,
2379 5467 2663 5538 ἐλεύθερος
2707 5468 2799 5521 καὶ
2838 5468 3065 5539 εὐγενὴς
3114 5470 3323 5538 γίνεται
3353 5486 3367 5500 ·
3400 5466 3593 5536 ἀγνοῶν
3623 5462 3712 5514 δὲὸ

2175 5560 2472 5630 Δεσπότης,
2532 5562 2664 5612 είσω
2718 5559 2837 5624 ἐνὸς
2885 5558 3133 5613 ἐνιαυτοῦ
3177 5561 3275 5631 τὴν
3322 5559 3489 5630 τύχην
3522 5553 3707 5610 ἀποδει-

2173 5654 2325 5717 κνὺς,
2359 5652 2626 5723 λαμϐάνει
2661 5652 2826 5706 αὐτόν
2855 5668 2867 5681 ·
2902 5654 2930 5706 ὁ
2965 5652 3023 5705 δὲ
3052 5650 3223 5715 οὕτως
3270 5649 3707 5743 ὲλευθερούμενοξ»

2172 5748 2266 5800 ἐὰν
2326 5748 2405 5809 εἰς
2452 5744 2715 5816 κοσμικὺν
2775 5745 2890 5816 βίον
2946 5744 3215 5816 μετέλθοι,
3263 5742 3593 5815 παραδίδοται
3643 5742 3707 5801 τῳ
