3980 6398
116 363 200 427 793
674 353 1071 417 SYNTAGMA
1111 350 1497 417 CANONUM.
1526 376 1597 389 -
1618 351 1766 412 TIT-
1798 350 1916 425 IX,
1936 348 2110 412 CAP.
2144 348 2632 413 XXXII-XXXV.
3230 354 3334 419 79.1

118 468 317 539 δεσπότῃ
340 462 497 519 αὑτοῦ
529 463 873 528 εἰςνδουλείαν
904 480 920 496 ³
966 465 1062 518 καὶ
1088 467 1170 519 ὅτι
1198 467 1227 518 6
1252 465 1340 518 διὰ
1402 462 1497 519 τοῦ
1550 480 1644 529 μο-
1674 467 1690 519 l

1759 458 2038 511 nacbatum
2090 456 2227 511 liber
2264 458 2442 513 factus
2489 467 2594 522 est,
2630 458 2943 516 mundanus
2990 460 3107 527 ﬁat,
3144 475 3239 519 aut
3278 468 3331 520 in

115 567 248 622 νάσαι
300 561 695 630 ἐλευθερωθεὶς,
745 560 839 612 ἐὰν
886 562 1150 631 κοσμικὺς
1204 561 1451 631 γένηται,
1497 559 1530 629 ἢ
1584 562 1642 612 ἐν

1758 549 2071 604 civitatibus
2111 549 2193 603 vel
2230 549 2281 602 in
2318 549 2466 620 agris
2515 550 2893 616 circumerret,
2944 568 3056 607 sua:
3098 555 3330 611 fortuna:

116 661 275 729 ἀγροῖς
303 652 673 723 περιέρχηται,
696 652 1005 706 ἀποδίδοται
1047 654 1112 723 τῇ
1172 652 1277 723 ἰδίᾳ
1315 652 1455 723 τύχῃ
1485 668 1500 682 ·
1548 651 1643 705 καὶ

1761 642 2079 696 restituitur.
2133 642 2199 695 Et
2225 649 2404 698 const.
2433 644 2520 709 15,
2557 644 2801 712 ejusdem
2837 646 2920 698 tit.
2954 646 3029 699 ait
3063 666 3075 701 :
3110 645 3168 700 Si
3221 664 3333 703 ser-

113 746 328 822 ήιγ¹τοῦ
370 744 535 799 αὐτοῦ
587 743 692 797 τίτ.
748 744 887 797 διάτ.
954 746 1136 814 φησιν,
1170 746 1250 798 ὃτι
1275 745 1460 808 δοῦλος
1502 745 1642 798 κατὰ

1759 748 1854 785 vus
1881 734 2181 788 secundum
2203 734 2639 788 observationem
2670 735 2724 789 in
2762 736 2850 790 illa
2879 737 3181 810 [traditam]
3213 755 3331 794 mo-

112 842 192 910 τὴν
212 841 262 891 ἐν
288 835 428 905 αὐτῷ
461 835 844 905 παρατήρησιν
875 836 1134 905 μονάσας,
1163 835 1260 889 ἐὰν
1298 836 1532 907 πειραθῇ
1582 836 1642 889 τὸ

1758 825 1954 879 machus
1986 824 2185 890 factus,
2230 828 2627 881 monasterium
2679 829 3010 899 relinquere,
3060 832 3330 902 aliamque

113 933 431 1005 μοναστὴριον
459 928 761 991 ἀπολιπεῖν,
802 928 895 981 καὶ
939 928 1053 998 βίου
1073 930 1260 997 ἐτέρου
1290 928 1475 999 σχῆμα
1508 945 1640 998 μετ-

1757 919 1867 975 vita:
1908 921 2171 976 rationem
2203 922 2400 976 sectari
2451 924 2738 978 tentaverit
2772 942 2785 980 :
2819 926 2979 996 315
3020 927 3203 982 licebit
3230 929 3329 983 do-

110 1026 275 1085 ελθεῖν,
324 1021 498 1087 ἔξεστι
557 1020 633 1089 τῷ
680 1021 794 1090 ἰδίῳ
822 1020 1055 1092 δεσπότῃ
1086 1020 1186 1092 τὴν
1224 1019 1393 1092 τύχην
1426 1022 1642 1075 ἀποδει-

1751 1014 1918 1077 mino,
1953 1025 2307 1083 posteaquam
2339 1013 2612 1069 fortunam
2641 1019 3028 1087 eomprobarit,
3063 1030 3123 1074 ut
3148 1022 3323 1089 ipsum

112 1112 289 1177 κνύντι,
322 1111 495 1163 ἕλκειν
524 1110 684 1163 αὑτὸν
714 1112 808 1164 καὶ
831 1112 911 1173 εἰς
933 1110 1155 1171 οίκέτας
1184 1111 1417 1180 ὑπάγειν
1449 1130 1462 1143 ·
1493 1113 1639 1182 λέγει

1754 1106 1944 1168 trahat,
1968 1114 2022 1159 et
2052 1106 2193 1160 inter
2213 1121 2400 1162 servos
2427 1107 2699 1176 subjiciat.
2723 1108 2827 1162 Sed
2855 1121 2907 1165 et
2928 1120 3099 1165 const.
3128 1127 3165 1178 ι,
3194 1113 3280 1165 ιῑι.
3312 1131 3326 1168 ι

110 1208 153 1261 δὲ
201 1205 336 1274 καὶὴ
368 1203 410 1273 β’
436 1202 575 1256 διάτ.
608 1200 702 1255 τοῦ
759 1209 807 1255 α’
835 1204 942 1256 τίτ.
996 1202 1106 1255 τῶν
1134 1202 1385 1273 Νεαρῶν,
1421 1205 1503 1258 ὅτι
1546 1205 1641 1257 ἐὰν

1750 1196 2096 1251 Novellarum
2138 1197 2271 1251 dicit
2302 1216 2315 1252 :
2349 1197 2405 1251 Si
2453 1202 2755 1255 monachus
2794 1201 2967 1257 laicus
3000 1202 3177 1258 factus
3204 1204 3322 1257 fue-

114 1297 307 1369 μοναχὸς
346 1295 573 1364 γένηται
619 1294 823 1358 λαῖκὸς,
862 1295 1163 1363 γυμνοῦται
1198 1298 1298 1366 τῆς
1351 1295 1641 1366 στρατείας

1748 1289 1843 1353 rit,
1868 1288 2177 1343 denudatur
2200 1288 2396 1343 militia
2428 1308 2442 1343 :
2473 1299 2528 1344 et
2556 1306 2680 1346 cum
2709 1293 2774 1349 iis
2798 1309 2916 1363 qua:
2946 1295 3320 1363 acquisiverit,

111 1392 185 1442 καὶ
229 1390 317 1459 τῆς
379 1388 568 1458 τιμῆς,
623 1387 717 1440 καὶ
767 1388 853 1440 διὰ
878 1386 971 1440 τοῦ
1032 1388 1355 1453 ἐπισκόπου,
1398 1388 1516 1458 μεθ’
1566 1380 1640 1441 ὧν

1751 1394 1838 1447 per
1864 1379 2179 1448 episcopum
2208 1380 2260 1433 iu
2287 1384 2680 1437 monasterium
2710 1386 2963 1439 mittitur.
2988 1387 3195 1441 Praeses
3225 1402 3323 1442 au-

112 1483 427 1551 ἐπεκτήσατο,
459 1481 541 1541 εἰς
574 1479 938 1549 μοναστήριον
976 1477 1259 1548 βάλλεται’
1303 1479 1352 1531 εἰ
1390 1480 1446 1533 δὲ
1478 1479 1640 1533 πάλιν

1742 1480 1848 1527 tem
1887 1472 2183 1540 provincia:
2208 1472 2261 1526 in
2296 1489 2400 1543 qua
2425 1478 2853 1544 comprehensus
2884 1478 3072 1544 fuerit,
3109 1479 3308 1549 adjun-

112 1572 353 1625 καταλίποι
379 1571 438 1624 τὸ
471 1571 860 1641 μοναστήριον,
901 1574 928 1623 6
978 1570 1162 1641 ἄρχων
1216 1572 1315 1640 τῆς
1370 1573 1641 1642 ἐπαρχίας

1081 1588 1162 1640 ζων
1216 1572 1315 1640 τῆς
1370 1573 1641 1642 ἐπαρχίας
1742 1563 1819 1634 εἰι
1849 1565 2024 1634 ipsum
2063 1565 2389 1635 provinciali
2418 1567 2653 1624 cohorti.

112 1666 153 1716 ἐν
228 1662 538 1733 συνελήφθη,
577 1664 687 1716 ἑνοῖ
712 1662 873 1716 αὑτὸν
893 1664 957 1732 τῇ
990 1663 1268 1733 ἐπιχωρίῳ
1288 1660 1460 1727 τάξει.

164 1756 383 1809 ΚΕΦΑΛ.
448 1752 568 1809 AI".
604 1786 675 1798 -—
741 1755 880 1824 Περὶ
936 1754 1055 1808 τῶν
1110 1756 1641 1826 συνεπισταμένων
1673 1804 1712 1826 η

1811 1754 1960 1809 CAP.
1988 1754 2228 1810 XXXIII.
2257 1787 2331 1796 -—
2352 1755 2426 1812 De
2451 1758 2674 1811 consciis
2698 1757 2953 1813 scelerum
2975 1757 3315 1824 clericorum,

1669 1804 1713 1858 B

109 1845 464 1915 ἁμαρτάνουσι
501 1846 831 1913 κληρικοῖς,
871 1847 969 1900 καὶ
1016 1846 1094 1915 μὴ
1128 1850 1564 1916 paret/oriretur.
1669 1845 1681 1858 ⁸

732 1846 831 1909 οἷς,
871 1847 969 1900 καὶ
1016 1846 1094 1915 μὴ
1128 1850 1564 1916 φανερούντων.
1669 1845 1712 1858 ”’
1743 1864 1902 1917 neque
1930 1848 2304 1903 revelantibus.

506 1940 835 1992 Βασιλείου
861 1939 1064 1993 κανὼν
1091 1938 1190 1995 οα’.

2254 1941 2446 1995 Basilii
2497 1958 2665 1995 canon
2704 1940 2794 1996 7|.

158 2029 240 2085 oa'.
279 2031 331 2085 Ὀ
384 2032 740 2100 συνεγνωκὼς
793 2035 1006 2102 ἑκάστῳ
1072 2032 1180 2086 τῶν
1225 2036 1638 2105 προειρημένων

1813 2032 1897 2085 71.
1941 2030 2043 2099 Qui
2078 2032 2515 2100 uniuscujusque
2544 2032 2928 2101 prmdictorum
2966 2041 3315 2103 peccatorum

109 2123 288 2193 ὰμαρτη
296 2123 493 2192 μάτων,
516 2123 613 2176 καὶ
631 2124 703 2192 μὴ
720 2125 1077 2195 ὁμολογήσας,
1097 2124 1210 2178 ἀλλ’
1233 2125 1529 2197 ἐλεγχθεὶς,
1543 2128 1636 2181 τοῦ

1745 2125 1989 2180 conscius
2017 2133 2118 2188 est,
2150 2140 2249 2179 nec
2268 2124 2574 2189 confessus,
2594 2124 2687 2178 sed
2718 2124 3002 2180 convictus
3033 2134 3140 2190 est,
3166 2135 3317 2181 tanto

109 2213 315 2266 τοσούτου
334 2215 528 2285 χρόνου
556 2217 641 2279 είς
672 2214 729 2269 ὃν
756 2218 783 2270 ὀ
809 2217 1048 2287 ἐργάτης
1109 2218 1219 2272 τῶν
1247 2217 1432 2272 κακῶν
1458 2221 1640 2274 ἐπιτε-

1746 2225 2000 2283 tempore,
2034 2223 2241 2283 quanto
2273 2214 2545 2269 malorum
2577 2223 2770 2268 auctor
2802 2214 3029 2284 punitus
3061 2224 3168 2281 est,
3199 2216 3318 2287 ipse

108 2307 309 2376 τίμηται,
342 2308 430 2361 καὶ
462 2309 629 2373 αὐτὸς
662 2309 814 2363 ἕσται
847 2310 905 2361 ἐν
930 2311 1211 2381 ἐπιτιμίῳ.
1738 2321 1958 2375 quoque
1990 2306 2267 2376 ριιηίοῑυτ.

160 2400 274 2470 Περὶ
298 2402 400 2454 τῶν
434 2402 847 2473 ὑποδεχομένων
890 2404 923 2475 ἦ
957 2405 1305 2474 κρυπτόντων
1340 2404 1562 2480 λῃστὰς,
1599 2406 1630 2477 ἢ

1802 2398 2016 2453 Τεκιιιε.
2051 2399 2125 2453 De
2158 2399 2225 2453 iis
2251 2399 2342 2467 qui
2372 2398 2542 2464 fures,
2568 2397 2758 2453 aliisve
2788 2398 3114 2452 criminibus
3137 2398 3312 2453 obno-

105 2492 364 2563 δυναμένων
381 2497 470 2548 καὶ
491 2496 565 2567 μὴ
585 2498 1010 2567 παραδιδόντων,
1031 2499 1061 2569 ἢ
1078 2500 1282 2569 ἑτέροις
1298 2501 1633 2573 ἐγκλήμασιν

1746 2493 1883 2554 rios,
1921 2502 2016 2547 aut
2046 2492 2335 2562 recipiunt,
2370 2500 2464 2545 aut
2490 2492 2791 2555 occultant,
2829 2500 3064 2545 autcum
3090 2501 3318 2560 possunt

105 2586 447 2657 ὑποκειμένων,
474 2589 832 2659 διαλαμϐάνει
863 2592 891 2643 6
925 2591 1123 2645 λθ’τίτ.
1158 2592 1252 2645 τοῦ
1281 2593 1324 2646 θ’
1361 2593 1502 2663 βιϐλ.
1537 2596 1631 2649 τοῦ

1740 2603 1842 2640 non
1873 2588 2114 2653 tradunt,
2151 2596 2384 2643 tractant
2416 2588 2498 2642 tit.
2533 2588 2619 2649 59,
2656 2585 2749 2640 lib.
2784 2602 2833 2639 tx
2878 2586 3000 2639 cod.
3037 2594 3091 2639 et
3117 2586 3198 2640 tit.
3228 2585 3312 2649 16,

105 2680 203 2733 κὼδ.
219 2683 335 2736 καὶὸ
355 2684 541 2748 ις’τίτ.
566 2683 661 2737 τοῦ
684 2684 767 2754 μζ¹
784 2684 923 2754 eam.
950 2687 1057 2739 τῶν
1074 2690 1193 2756 Διγ.
1216 2689 1292 2757 πῆ
1313 2689 1410 2759 μὲν
1435 2690 1634 2753 αύτοῦς

1744 2678 1830 2733 lib.
1861 2694 2003 2731 XLVII
2032 2677 2234 2747 Digest.
2280 2679 2391 2747 jam
2429 2679 2577 2748 ipsos
2600 2676 2778 2746 paruis
2806 2690 2928 2744 qua:
2960 2686 3147 2730 contra
3195 2676 3316 2730 illos

106 2772 444 2841 ὑποβάλλοντες
469 2780 589 2840 ταῖς
622 2780 742 2830 κατ’
787 2778 1015 2833 ἐκείνων
1057 2780 1428 2851 ἁρμοζούσαις
1454 2799 1631 2851 τιμω-

1742 2778 2073 2838 competunt,
2113 2770 2468 2840 subjicientes
2505 2769 2655 2839 :jam
2706 2769 2952 2823 diversas
2998 2784 3188 2836 poenas
3231 2767 3314 2820 in--

109 2863 237 2929 ρίαις,
265 2866 333 2935 πῆ
366 2867 419 2920 δέ
443 2868 740 2939 διαφόρους
766 2870 955 2933 ποινὰς
984 2871 1283 2938 ἐπάγοντες
1307 2887 1322 2903 ·
1374 2872 1470 2924 καὶ
1513 2872 1632 2935 πῶς

1742 2860 1991 2915 ferentes.
2029 2859 2179 2933 [Qui]
2216 2861 2379 2915 etiam
2435 2857 2746 2931 [tractant],
2797 2858 3073 2929 quomodo
3111 2858 3191 2912 rei
3222 2859 3314 2927 qui

105 2956 407 3011 ἀποσπῶνται
460 2961 510 3012 oi
548 2960 846 3015 ὑπεύθυνοι
889 2961 1171 3029 διάγοντες
1217 2964 1274 3015 ἐν
1306 2962 1529 3032 χωρίοις
1565 2980 1578 2993 ·
1603 2965 1631 3017 6

1741 2954 1786 3007 in
1816 2957 1963 3024 agris
1995 2956 2212 3025 degunt,
2259 2955 2671 3009 abstrahamur.
2709 2950 2813 3017 Qui
2860 2968 2990 3006 vero
3044 2953 3313 3006 latronem

105 3046 146 3098 δέ
172 3052 375 3120 συγγενῆ
406 3050 439 3122 ἢ
473 3052 741 3123 ἁγχιστέα
771 3054 975 3124 λῃστὴν
1034 3054 1275 3124 φυλάξας
1308 3056 1403 3108 καὶ
1428 3056 1627 3109 διασώ-

1743 3051 2027 3110 cognatum
2070 3057 2162 3097 aut
2213 3042 2579 3112 propinquum
2619 3039 2860 3094 custodit
2909 3049 2963 3093 et
3007 3046 3315 3103 conservat,

107 3155 197 3202 σας,
220 3142 380 3207 μέσως
408 3158 521 3205 πως
551 3146 901 3214 τιμωρεῖται,
927 3143 1004 3207 ὡς
1054 3144 1161 3213 δίγ.
1206 3144 1251 3215 β’
1278 3144 1371 3197 τοῦ
1401 3152 1476 3210 ις’
1515 3146 1621 3202 τίτ.
1652 3147 1679 3208 (

1751 3134 1908 3187 uerlio
1941 3136 2175 3203 quodam
2228 3135 2392 3189 modo
2439 3134 2664 3205 punitur
2697 3150 2711 3186 :
2743 3140 2803 3186 ut
2833 3130 2945 3202 dig.
2999 3132 3055 3197 2,
3089 3132 3218 3187 dicti
3255 3132 3318 3184 16

106 3226 174 3277 τοῦ
194 3230 458 3300 εἰρημένου
487 3232 581 3285 τοῦ
616 3234 704 3302 μζ¹
736 3232 878 3302 βιϐλ.

796 3233 878 3287 ϐλ.
1735 3224 1815 3278 lit.
1851 3226 1943 3281 lib.
1976 3242 2119 3281 XLVII
2142 3226 2368 3299 [docet.]

157 3337 373 3393 ΚΕΦΑΛ.
407 3338 525 3395 AA’.
557 3371 629 3381 -—-
665 3343 805 3409 Περὶ
859 3342 967 3397 τοῦ
1030 3344 1439 3414 καθαιρεῖσθαι
1489 3346 1630 3413 τοὺς

1800 3337 1953 3392 CAP.
1981 3338 2224 3392 XXXIV.
2254 3370 2325 3379 —
2367 3339 2435 3394 Ut
2470 3341 2802 3411 deponantur
2839 3340 3018 3395 clerici
3056 3338 3147 3408 qui
3172 3337 3317 3402 [idei-

106 3430 376 3496 κληρικοὺς
408 3432 689 3498 διδόντας
726 3433 965 3503 ἐγγύας.

726 3433 965 3503 ἐγγύας.
1725 3430 1989 3500 jussiones
2021 3430 2294 3484 dederunt.

481 3525 872 3581 Ἀποστόλων
890 3526 1091 3581 κανὼν
1138 3532 1205 3582 κ’.

2155 3522 2529 3591 Apostolorum
2565 3540 2734 3577 canon
2764 3524 2854 3575 20.

155 3612 488 3690 κ’.Κληρικὺς
512 3619 724 3687 ἐγγύας
757 3619 954 3682 διδοὺς,
990 3619 1380 3686 καθαιρείσθω.

1806 3612 1877 3667 20
1901 3612 2041 3686 [l9].
2068 3613 2312 3670 Clericus
2338 3614 2636 3681 ﬁdejubeus
2660 3614 2991 3684 deponatur.

162 3705 213 3757 Ἦ
240 3716 306 3760 κε’
335 3711 423 3762 καὶ
463 3712 496 3779 ή
518 3710 600 3780 λβ⁹
640 3709 779 3764 διάτ.
807 3709 901 3763 τοῦ
929 3716 979 3779 γ’
1007 3710 1112 3763 τίτ.
1140 3710 1235 3763 τοῦ
1284 3717 1331 3765 α’
1368 3710 1510 3779 βιὸλ.
1534 3709 1628 3764 τοῦ

1802 3725 1965 3798 316
1985 3730 2194 3780 Textus.
2220 3727 2411 3783 Const.
2431 3728 2501 3780 ‘23
2519 3736 2572 3783 et
2590 3728 2681 3794 52,
2698 3728 2781 3783 tit.
2801 3730 2856 3793 5,
2872 3728 2965 3781 lib.
2987 3726 3139 3781 tcod.
3157 3725 3316 3781 cleri-

109 3797 220 3853 Κώδ.
262 3799 467 3869 λέγουσι
494 3803 625 3865 τοὺς
658 3801 953 3872 κληρικοὺς
1005 3801 1393 3872 δικαζομένους
1429 3805 1630 3858 διδόναι

1742 3834 1826 3875 eos
1846 3797 2117 3889 litigantes
2140 3819 2523 3889 ﬁdejussiones
2542 3822 2673 3875 dare
2692 3819 2900 3875 dicunt.
2923 3819 2989 3874 Et
3017 3819 3240 3883 constit.
3258 3816 3314 3880 2,

107 3891 269 3957 ἐγγύας
300 3910 314 3926 ⁶
344 3897 369 3965 ἡ
397 3896 451 3948 δέ
488 3895 530 3965 β’
555 3894 701 3949 διάτ.
726 3896 818 3961 τοῦ
851 3895 898 3949 α’
926 3895 1032 3953 τίτ.
1065 3897 1172 3951 τῶν
1204 3897 1432 3967 Νεαρῶν
1460 3898 1626 3966 λέγει,

1743 3913 1815 3966 tit.
1847 3930 1865 3967 1
1903 3911 2272 3977 Novellarum,
2323 3913 2551 3968 clericos
2599 3913 2873 3983 litigantes
2940 3912 3315 3981 ﬁdeiussorem

107 3986 204 4046 τοὺς
231 3987 317 4055 μὲν
361 3988 656 4058 κληρικοὺς
701 3988 1115 4059 δικαζομένους,
1166 3990 1240 4061 μὴ
1298 3990 1499 4044 διδόναι
1533 3994 1627 4059 ἐγ-

1746 4022 1843 4060 non
1880 4007 2034 4067 dare,
2072 4007 2165 4061 sed
2201 4006 2603 4062 confessionem
2627 4007 3044 4077 pignoraticiam
3073 4008 3192 4061 sine
3229 4004 3318 4076 ju—

108 4078 290 4147 γυητὴν,
320 4080 429 4133 ἀλλ’
453 4079 748 4150 ὁμολογίαν
783 4080 1117 4149 ἐνυπόθηκον
1143 4082 1315 4132 ποιεῖν
1371 4080 1497 4133 ἄνευ
1536 4081 1628 4151 ὅρ-

1744 4107 1986 4153 ramento
2018 4098 2197 4154 facere
2236 4118 2249 4153 :
2288 4101 2578 4170 episcopos
2599 4110 2782 4155 autem
2834 4100 3112 4169 litigantes
3140 4112 3316 4167 neque

108 4185 181 4220 κου
207 4185 219 4198 ’
243 4172 354 4235 τοὺς
380 4172 435 4225 δὲ
458 4171 791 4235 ἐπισκόπους
814 4170 1223 4242 δικαζομένους,
1258 4172 1397 4243 μήτε
1417 4172 1625 4242 ἐγγύας

1745 4192 2112 4259 itlejussiones
2178 4192 2356 4259 dare,
2425 4208 2602 4264 neque
2652 4192 3059 4250 confessionem
3138 4191 3317 4245 facere

107 4258 279 4325 διδόναι,
304 4265 433 4335 μήτε
465 4270 641 4320 ποιεῖν
661 4266 975 4337 ὁμολογίαν.
1731 4258 1883 4338 dicit.

158 4376 375 4434 ΚΕΦΑΛ.
424 4380 549 4435 AE’.
582 4409 654 4422 —-
682 4379 823 4448 Περὶ
848 4377 1156 4448 κληρικῶν
1181 4376 1510 4432 ἐσθιόντων
1560 4378 1631 4432 ἐν

1802 4391 1954 4448 CAP.
1988 4391 2210 4448 XXXV.
2246 4424 2316 4436 —-
2346 4394 2423 4450 De
2444 4395 2651 4449 clericis
2681 4395 2733 4448 in
2759 4396 2955 4465 popina
2983 4395 3060 4450 vel
3080 4396 3314 4449 diverso-

108 4472 362 4541 καπηλείῳ
388 4473 422 4543 ἢ
442 4475 802 4541 πανδοκείῳ.
1656 4504 1680 4564 Ι

614 4475 802 4541 οχείῳσ
1656 4504 1705 4564 D
1732 4486 1810 4539 rio
1844 4484 2186 4540 vescentibus.

402 4628 405 4631 λ
484 4567 870 4621 Ἀποστόλων
894 4564 1094 4619 κανὼν
1108 4564 1198 4618 v5’.

2160 4579 2535 4649 Apostolorum
2564 4595 2733 4633 canon
2761 4579 2849 4634 54.

160 4651 232 4708 νδ.
262 4658 317 4710 Εἴ
338 4676 417 4723 τις
433 4660 693 4731 κληρικδς
714 4662 769 4711 ἐν
794 4658 1076 4729 καπηλείῳ
1111 4658 1389 4728 φωραθείη
1410 4658 1629 4724 ἐσθίων,

1803 4671 2012 4744 54[55].
2033 4674 2088 4729 Si
2109 4674 2232 4745 quis
2257 4673 2486 4728 clericus
2515 4672 2570 4726 in
2594 4688 2838 4744 caupona
2873 4671 3186 4735 comedens,
3206 4682 3312 4727 etc.

109 4761 147 4798 κ.
173 4764 215 4800 τ.
238 4748 283 4805 λ.

1728 4772 1785 4818 ιιι
1822 4781 1943 4835 pag.
1973 4766 2097 4823 858.

320 4863 584 4918 Συνόδου
614 4864 963 4930 Λαοδικείας
985 4863 1187 4917 κανὼν
1216 4865 1314 4921 κδ’.

2084 4881 2309 4937 Concilii
2352 4879 2641 4935 Laudiceni
2667 4897 2837 4935 canon
2869 4880 2960 4935 2i.

161 4949 221 5003 κδ’
228 4992 240 5005 .
272 4953 382 5008 Ὀτι
405 4957 465 5010 οὐ
487 4958 567 5010 δεῖ
612 4959 921 5029 ίερατικοὺς
954 4958 1063 5011 ἀπὸ
1093 4960 1479 5031 πρεσϐυτέρων
1519 4960 1626 5024 ἕως

1792 4972 1882 5026 24.
1913 4970 2068 5039 Quod
2097 4990 2203 5027 non
2227 4982 2440 5043 oportet
2461 4982 2703 5027 sacratos
2726 4989 2755 5027 a
2778 4972 3110 5045 presbyteris
3138 4986 3310 5041 usque

107 5035 337 5108 διακόνων,
362 5050 452 5101 καὶ
486 5048 634 5117 ἑξῆς·

1726 5066 1796 5118 ad
1828 5035 2243 5129 diaconos,‘etc.
2267 5035 2332 5117 ἰιι
2361 5080 2483 5134 pag.
2516 5064 2640 5121 555.

326 5162 589 5218 Συνόδου
618 5164 1038 5234 Καρθαγέννης
1071 5164 1274 5218 κανὼν
1304 5173 1380 5236 μ’.

2012 5178 2239 5234 Concilii
2271 5177 2701 5246 Carthaginensis
2728 5194 2895 5231 canon
2922 5176 3011 5232 40.

158 5248 270 5340 Περὶ
296 5253 397 5307 τοῦ
420 5255 505 5325 μὴ
541 5258 992 5323 καπηλεύεσθαι
1033 5256 1171 5325 τοὺς
1199 5258 1545 5327 κληρωτοὺς,
1578 5261 1630 5313 εὶ

1807 5266 1874 5322 Ut
1904 5270 2083 5323 clerici
2148 5270 2416 5335 tabernas,
2449 5270 2555 5323 nisi
2584 5271 2638 5323 in
2666 5270 2977 5340 peregrinis,
3011 5284 3115 5323 non
3139 5268 3309 5340 ingre-

104 5335 168 5403 μὴ
197 5339 696 5417 ἐπιξενουμένους.

398 5347 696 5417 >υμένους.
1729 5360 1970 5415 diantur.

161 5427 221 5497 μ’.
244 5434 394 5489 Ὥστε
422 5440 547 5501 τοὺς
575 5440 868 5511 κληρικοὺς
890 5443 1052 5512 χάριν
1085 5442 1178 5497 τοῦ
1199 5443 1433 5517 τρώγειν
1457 5443 1490 5514 ἢ
1529 5444 1623 5497 πί-

1800 5452 1891 5507 40.
1931 5451 2004 5508 Ut
2056 5452 2239 5508 clerici
2295 5451 2490 5507 edendi
2546 5452 2627 5505 vel
2660 5451 2879 5506 bibendi
2912 5449 2958 5484 σί
3006 5466 3166 5507 causa
3225 5460 3305 5504 ta-

108 5534 212 5615 γειν,
246 5526 312 5595 μὴ
349 5529 570 5584 είσιέναι
619 5534 700 5596 είς
733 5534 1028 5605 καπηλεῖα,
1056 5537 1104 5589 εί
1138 5537 1211 5608 μή
1237 5538 1287 5607 γ’
1335 5536 1402 5591 ἂν
1451 5536 1631 5602 ξενίας

1736 5542 1935 5598 bernas
1970 5558 2075 5598 non
2127 5544 2521 5615 ingrediantur,
2564 5541 2670 5597 nisi
2722 5543 3179 5613 peregrinationis
3210 5558 3306 5595 rte-

108 5613 277 5691 ἀνάγκῃ
300 5624 749 5697 συνωθουμένους.

1738 5637 1991 5692 cessitate
2024 5613 2290 5708 compulsi
2321 5635 2447 5709 [τηε.
2486 5634 2737 5704 compulsi
2766 5634 2930 5708 sunt].

162 5796 198 5831 “
232 5799 383 5863 Cone.
406 5804 575 5863 Afrie.
607 5825 655 5865 c.
687 5809 741 5865 7.
