  <div class='ocr_page' id='page_1' title='image "/cluster/home/n/w/nwhite01/storage/ocr_20150623/104/hvd.32044018872853/403.png"; bbox 0 0 3874 6296; ppageno 0'>
   <div class='ocr_carea' id='block_1_1' title="bbox 528 423 551 457">
    <p class='ocr_par' dir='ltr' id='par_1_1' title="bbox 528 423 551 457">
     <span class='ocr_line' id='line_1_1' title="bbox 528 423 551 457; baseline 0 0"><span class='ocrx_word' id='word_1_1' title='bbox 528 423 551 457; x_wconf 49' lang='grc' dir='ltr'><strong>ι.</strong></span> 
     </span>
    </p>
   </div>
   <div class='ocr_carea' id='block_1_2' title="bbox 538 468 557 517">
    <p class='ocr_par' dir='ltr' id='par_1_2' title="bbox 538 468 557 517">
     <span class='ocr_line' id='line_1_2' title="bbox 538 468 557 517; baseline 0 -28"><span class='ocrx_word' id='word_1_2' title='bbox 538 468 557 517; x_wconf 47' lang='grc' dir='ltr'>ξ.</span> 
     </span>
    </p>
   </div>
   <div class='ocr_carea' id='block_1_3' title="bbox 604 271 2208 341">
    <p class='ocr_par' dir='ltr' id='par_1_3' title="bbox 604 272 2208 341">
     <span class='ocr_line' id='line_1_3' title="bbox 604 272 2208 341; baseline -0.005 0"><span class='ocrx_word' id='word_1_3' title='bbox 604 274 712 341; x_wconf 82' lang='grc'><strong>’195</strong></span> <span class='ocrx_word' id='word_1_4' title='bbox 1783 272 1981 333; x_wconf 85' lang='lat' dir='ltr'><strong>PHOT</strong></span> <span class='ocrx_word' id='word_1_5' title='bbox 1988 273 2049 332; x_wconf 93' lang='lat' dir='ltr'><strong>II</strong></span> <span class='ocrx_word' id='word_1_6' title='bbox 2089 272 2208 333; x_wconf 82' lang='lat' dir='ltr'><strong>PA&#39;l</strong></span> 
     </span>
    </p>
   </div>
   <div class='ocr_carea' id='block_1_4' title="bbox 2308 271 2719 341">
    <p class='ocr_par' dir='ltr' id='par_1_4' title="bbox 2308 271 2719 332">
     <span class='ocr_line' id='line_1_4' title="bbox 2308 271 2719 332; baseline 0.002 -1"><span class='ocrx_word' id='word_1_7' title='bbox 2308 271 2587 332; x_wconf 69' lang='lat' dir='ltr'><strong>&#39;ARCH/E</strong></span> <span class='ocrx_word' id='word_1_8' title='bbox 2613 271 2719 332; x_wconf 76' lang='lat' dir='ltr'><strong>CF.</strong></span> 
     </span>
    </p>
   </div>
   <div class='ocr_carea' id='block_1_5' title="bbox 723 387 2271 457">
    <p class='ocr_par' dir='ltr' id='par_1_5' title="bbox 723 387 2271 457">
     <span class='ocr_line' id='line_1_5' title="bbox 723 387 2271 457; baseline -0.005 -9"><span class='ocrx_word' id='word_1_9' title='bbox 723 454 728 457; x_wconf 91' lang='lat'>_</span> <span class='ocrx_word' id='word_1_10' title='bbox 936 387 1163 447; x_wconf 80' lang='lat' dir='ltr'><strong>Concilii</strong></span> <span class='ocrx_word' id='word_1_11' title='bbox 1197 387 1505 443; x_wconf 69' lang='lat' dir='ltr'><strong>mcumcnici</strong></span> <span class='ocrx_word' id='word_1_12' title='bbox 1527 403 1577 442; x_wconf 88' lang='lat' dir='ltr'><strong>vI</strong></span> <span class='ocrx_word' id='word_1_13' title='bbox 1606 403 1773 440; x_wconf 85' lang='lat' dir='ltr'><strong>canon</strong></span> <span class='ocrx_word' id='word_1_14' title='bbox 1817 387 1871 442; x_wconf 91' lang='lat'><strong>9.</strong></span> <span class='ocrx_word' id='word_1_15' title='bbox 2215 388 2271 447; x_wconf 81' lang='grc' dir='ltr'><strong>Α</strong></span> 
     </span>
    </p>
   </div>
   <div class='ocr_carea' id='block_1_6' title="bbox 677 475 2192 546">
    <p class='ocr_par' dir='ltr' id='par_1_6' title="bbox 677 475 2192 546">
     <span class='ocr_line' id='line_1_6' title="bbox 677 475 2192 546; baseline -0.004 -10"><span class='ocrx_word' id='word_1_16' title='bbox 677 482 731 537; x_wconf 91' lang='lat'><strong>9.</strong></span> <span class='ocrx_word' id='word_1_17' title='bbox 770 480 913 535; x_wconf 81' lang='lat' dir='ltr'><strong>Nulli</strong></span> <span class='ocrx_word' id='word_1_18' title='bbox 938 481 1104 535; x_wconf 87' lang='lat' dir='ltr'><strong>licere</strong></span> <span class='ocrx_word' id='word_1_19' title='bbox 1120 478 1321 534; x_wconf 82' lang='lat' dir='ltr'><strong>clerico</strong></span> <span class='ocrx_word' id='word_1_20' title='bbox 1351 476 1737 546; x_wconf 84' lang='lat' dir='ltr'><strong>cauponariam</strong></span> <span class='ocrx_word' id='word_1_21' title='bbox 1772 477 1972 531; x_wconf 90' lang='lat' dir='ltr'><strong>habere</strong></span> <span class='ocrx_word' id='word_1_22' title='bbox 2007 475 2192 531; x_wconf 87' lang='lat' dir='ltr'><strong>taber-</strong></span> 
     </span>
    </p>
   </div>
   <div class='ocr_carea' id='block_1_7' title="bbox 611 571 1316 642">
    <p class='ocr_par' dir='ltr' id='par_1_7' title="bbox 611 571 1316 642">
     <span class='ocr_line' id='line_1_7' title="bbox 611 571 1316 642; baseline -0.006 -12"><span class='ocrx_word' id='word_1_23' title='bbox 611 590 761 638; x_wconf 89' lang='lat' dir='ltr'><strong>nam,</strong></span> <span class='ocrx_word' id='word_1_24' title='bbox 783 584 914 637; x_wconf 88' lang='lat' dir='ltr'><strong>etc.,</strong></span> <span class='ocrx_word' id='word_1_25' title='bbox 947 582 1005 627; x_wconf 86' lang='lat' dir='ltr'><strong>ut</strong></span> <span class='ocrx_word' id='word_1_26' title='bbox 1033 589 1158 642; x_wconf 82' lang='lat' dir='ltr'><strong>pag.</strong></span> <span class='ocrx_word' id='word_1_27' title='bbox 1193 571 1316 631; x_wconf 84' lang='lat'><strong>750.</strong></span> 
     </span>
    </p>
   </div>
   <div class='ocr_carea' id='block_1_8' title="bbox 687 661 2193 731">
    <p class='ocr_par' dir='ltr' id='par_1_8' title="bbox 687 661 2193 731">
     <span class='ocr_line' id='line_1_8' title="bbox 687 661 2193 731; baseline -0.001 -13"><span class='ocrx_word' id='word_1_28' title='bbox 687 665 903 719; x_wconf 76' lang='lat' dir='ltr'><strong>Textus.</strong></span> <span class='ocrx_word' id='word_1_29' title='bbox 954 664 1145 720; x_wconf 88' lang='lat' dir='ltr'><strong>Const.</strong></span> <span class='ocrx_word' id='word_1_30' title='bbox 1196 665 1285 729; x_wconf 73' lang='grc' dir='ltr'>Η,</span> <span class='ocrx_word' id='word_1_31' title='bbox 1320 664 1456 717; x_wconf 84' lang='lat' dir='ltr'><strong>tit.t</strong></span> <span class='ocrx_word' id='word_1_32' title='bbox 1504 661 1852 716; x_wconf 88' lang='lat' dir='ltr'><strong>Novellarum</strong></span> <span class='ocrx_word' id='word_1_33' title='bbox 1900 661 1996 725; x_wconf 92' lang='lat' dir='ltr'><strong>ait,</strong></span> <span class='ocrx_word' id='word_1_34' title='bbox 2048 661 2193 731; x_wconf 87' lang='lat' dir='ltr'><strong>quod</strong></span> 
     </span>
    </p>
   </div>
   <div class='ocr_carea' id='block_1_9' title="bbox 613 755 2192 825">
    <p class='ocr_par' dir='ltr' id='par_1_9' title="bbox 613 755 2192 825">
     <span class='ocr_line' id='line_1_9' title="bbox 613 755 2192 825; baseline -0.003 -12"><span class='ocrx_word' id='word_1_35' title='bbox 613 757 944 813; x_wconf 89' lang='lat' dir='ltr'><strong>monachum</strong></span> <span class='ocrx_word' id='word_1_36' title='bbox 1011 757 1067 809; x_wconf 92' lang='lat' dir='ltr'><strong>in</strong></span> <span class='ocrx_word' id='word_1_37' title='bbox 1133 769 1380 825; x_wconf 80' lang='lat' dir='ltr'><strong>caupona</strong></span> <span class='ocrx_word' id='word_1_38' title='bbox 1451 764 1865 813; x_wconf 82' lang='lat' dir='ltr'><strong>conversantem</strong></span> <span class='ocrx_word' id='word_1_39' title='bbox 1937 755 2192 824; x_wconf 81' lang='lat' dir='ltr'><strong>castigari</strong></span> 
     </span>
    </p>
   </div>
   <div class='ocr_carea' id='block_1_10' title="bbox 615 844 2196 920">
    <p class='ocr_par' dir='ltr' id='par_1_10' title="bbox 615 844 2196 920">
     <span class='ocr_line' id='line_1_10' title="bbox 615 844 2196 920; baseline -0.003 -17"><span class='ocrx_word' id='word_1_40' title='bbox 615 855 884 920; x_wconf 89' lang='lat' dir='ltr'><strong>oporteat,</strong></span> <span class='ocrx_word' id='word_1_41' title='bbox 918 847 973 901; x_wconf 92' lang='lat' dir='ltr'><strong>in</strong></span> <span class='ocrx_word' id='word_1_42' title='bbox 1006 846 1308 917; x_wconf 85' lang='lat' dir='ltr'><strong>provinciis</strong></span> <span class='ocrx_word' id='word_1_43' title='bbox 1336 845 1553 915; x_wconf 87' lang='lat' dir='ltr'><strong>quidem</strong></span> <span class='ocrx_word' id='word_1_44' title='bbox 1575 861 1607 903; x_wconf 86' lang='lat' dir='ltr'><strong>a</strong></span> <span class='ocrx_word' id='word_1_45' title='bbox 1627 845 1909 899; x_wconf 90' lang='lat' dir='ltr'><strong>civitatum</strong></span> <span class='ocrx_word' id='word_1_46' title='bbox 1942 844 2196 899; x_wconf 83' lang='lat' dir='ltr'><strong>defenso-</strong></span> 
     </span>
    </p>
   </div>
   <div class='ocr_carea' id='block_1_11' title="bbox 614 934 2195 1010">
    <p class='ocr_par' dir='ltr' id='par_1_11' title="bbox 614 934 2195 1010">
     <span class='ocr_line' id='line_1_11' title="bbox 614 934 2195 1010; baseline -0.005 -12"><span class='ocrx_word' id='word_1_47' title='bbox 614 944 792 1010; x_wconf 84' lang='lat' dir='ltr'><strong>ribus,</strong></span> <span class='ocrx_word' id='word_1_48' title='bbox 827 939 1301 1008; x_wconf 75' lang='lat' dir='ltr'><strong>Constantinopoli</strong></span> <span class='ocrx_word' id='word_1_49' title='bbox 1340 952 1469 992; x_wconf 89' lang='lat' dir='ltr'><strong>vero</strong></span> <span class='ocrx_word' id='word_1_50' title='bbox 1501 952 1529 990; x_wconf 92' lang='lat' dir='ltr'><strong>a</strong></span> <span class='ocrx_word' id='word_1_51' title='bbox 1573 935 1952 1008; x_wconf 75' lang='lat' dir='ltr'><strong>praetoriorum</strong></span> <span class='ocrx_word' id='word_1_52' title='bbox 2004 934 2195 1004; x_wconf 73' lang='lat' dir='ltr'><strong>praefe—</strong></span> 
     </span>
    </p>
   </div>
   <div class='ocr_carea' id='block_1_12' title="bbox 616 1027 2194 1101">
    <p class='ocr_par' dir='ltr' id='par_1_12' title="bbox 616 1027 2194 1101">
     <span class='ocr_line' id='line_1_12' title="bbox 616 1027 2194 1101; baseline -0.004 -13"><span class='ocrx_word' id='word_1_53' title='bbox 616 1046 749 1089; x_wconf 90' lang='lat' dir='ltr'><strong>cto:</strong></span> <span class='ocrx_word' id='word_1_54' title='bbox 785 1041 840 1088; x_wconf 89' lang='lat' dir='ltr'><strong>et</strong></span> <span class='ocrx_word' id='word_1_55' title='bbox 887 1047 918 1087; x_wconf 91' lang='lat' dir='ltr'><strong>a</strong></span> <span class='ocrx_word' id='word_1_56' title='bbox 964 1031 1125 1101; x_wconf 77' lang='lat'><strong>317</strong></span> <span class='ocrx_word' id='word_1_57' title='bbox 1159 1029 1622 1085; x_wconf 85' lang='lat' dir='ltr'><strong>monasteriorum</strong></span> <span class='ocrx_word' id='word_1_58' title='bbox 1665 1028 1912 1082; x_wconf 87' lang='lat' dir='ltr'><strong>antistite</strong></span> <span class='ocrx_word' id='word_1_59' title='bbox 1972 1027 2194 1097; x_wconf 80' lang='lat' dir='ltr'><strong>expelli.</strong></span> 
     </span>
    </p>
   </div>
   <div class='ocr_carea' id='block_1_13' title="bbox 616 1120 2196 1197">
    <p class='ocr_par' dir='ltr' id='par_1_13' title="bbox 616 1120 2196 1197">
     <span class='ocr_line' id='line_1_13' title="bbox 616 1120 2196 1197; baseline -0.002 -19"><span class='ocrx_word' id='word_1_60' title='bbox 616 1124 799 1197; x_wconf 84' lang='lat' dir='ltr'><strong>[Tunc</strong></span> <span class='ocrx_word' id='word_1_61' title='bbox 841 1124 1005 1178; x_wconf 88' lang='lat' dir='ltr'><strong>etiam</strong></span> <span class='ocrx_word' id='word_1_62' title='bbox 1042 1120 1208 1193; x_wconf 90' lang='lat' dir='ltr'><strong>hanc]</strong></span> <span class='ocrx_word' id='word_1_63' title='bbox 1265 1121 1438 1192; x_wconf 78' lang='lat' dir='ltr'><strong>legem</strong></span> <span class='ocrx_word' id='word_1_64' title='bbox 1494 1120 1697 1189; x_wconf 91' lang='lat' dir='ltr'><strong>ubique</strong></span> <span class='ocrx_word' id='word_1_65' title='bbox 1726 1120 1927 1183; x_wconf 87' lang='lat' dir='ltr'><strong>valere,</strong></span> <span class='ocrx_word' id='word_1_66' title='bbox 1957 1134 2196 1189; x_wconf 89' lang='lat' dir='ltr'><strong>eamque</strong></span> 
     </span>
    </p>
   </div>
   <div class='ocr_carea' id='block_1_14' title="bbox 619 1211 2194 1286">
    <p class='ocr_par' dir='ltr' id='par_1_14' title="bbox 619 1211 2194 1286">
     <span class='ocr_line' id='line_1_14' title="bbox 619 1211 2194 1286; baseline -0.002 -15"><span class='ocrx_word' id='word_1_67' title='bbox 619 1216 1018 1272; x_wconf 87' lang='lat' dir='ltr'><strong>observandam</strong></span> <span class='ocrx_word' id='word_1_68' title='bbox 1043 1213 1334 1286; x_wconf 50' lang='lat' dir='ltr'><strong>praefectos</strong></span> <span class='ocrx_word' id='word_1_69' title='bbox 1369 1224 1534 1283; x_wconf 87' lang='lat' dir='ltr'><strong>atque</strong></span> <span class='ocrx_word' id='word_1_70' title='bbox 1560 1212 1822 1283; x_wconf 82' lang='lat' dir='ltr'><strong>praesides</strong></span> <span class='ocrx_word' id='word_1_71' title='bbox 1859 1227 2053 1268; x_wconf 87' lang='lat' dir='ltr'><strong>curare</strong></span> <span class='ocrx_word' id='word_1_72' title='bbox 2078 1211 2194 1284; x_wconf 85' lang='lat' dir='ltr'><strong>[de-</strong></span> 
     </span>
    </p>
   </div>
   <div class='ocr_carea' id='block_1_15' title="bbox 615 1306 790 1381">
    <p class='ocr_par' dir='ltr' id='par_1_15' title="bbox 615 1306 790 1381">
     <span class='ocr_line' id='line_1_15' title="bbox 615 1306 790 1381; baseline -0.017 -18"><span class='ocrx_word' id='word_1_73' title='bbox 615 1306 790 1381; x_wconf 70' lang='lat' dir='ltr'><strong>bere]</strong></span> 
     </span>
    </p>
   </div>
   <div class='ocr_carea' id='block_1_16' title="bbox 687 1418 2192 1477">
    <p class='ocr_par' dir='ltr' id='par_1_16' title="bbox 687 1418 2192 1477">
     <span class='ocr_line' id='line_1_16' title="bbox 687 1418 2192 1477; baseline -0.003 0"><span class='ocrx_word' id='word_1_74' title='bbox 687 1420 843 1477; x_wconf 73' lang='lat' dir='ltr'><strong>CAP.</strong></span> <span class='ocrx_word' id='word_1_75' title='bbox 876 1419 1118 1476; x_wconf 79' lang='lat' dir='ltr'><strong>XXXVI.</strong></span> <span class='ocrx_word' id='word_1_76' title='bbox 1147 1449 1218 1462; x_wconf 90' lang='lat'>—</span> <span class='ocrx_word' id='word_1_77' title='bbox 1251 1418 1328 1472; x_wconf 81' lang='lat' dir='ltr'><strong>De</strong></span> <span class='ocrx_word' id='word_1_78' title='bbox 1349 1418 1553 1472; x_wconf 75' lang='lat' dir='ltr'><strong>clericis</strong></span> <span class='ocrx_word' id='word_1_79' title='bbox 1577 1418 1971 1473; x_wconf 77' lang='lat' dir='ltr'><strong>contumeliosis</strong></span> <span class='ocrx_word' id='word_1_80' title='bbox 2008 1420 2062 1473; x_wconf 89' lang='lat' dir='ltr'><strong>iu</strong></span> <span class='ocrx_word' id='word_1_81' title='bbox 2090 1419 2192 1472; x_wconf 85' lang='lat' dir='ltr'><strong>im-</strong></span> 
     </span>
    </p>
   </div>
   <div class='ocr_carea' id='block_1_17' title="bbox 617 1513 2194 1583">
    <p class='ocr_par' dir='ltr' id='par_1_17' title="bbox 617 1513 2194 1583">
     <span class='ocr_line' id='line_1_17' title="bbox 617 1513 2194 1583; baseline 0 -16"><span class='ocrx_word' id='word_1_82' title='bbox 617 1525 934 1583; x_wconf 83' lang='lat' dir='ltr'><strong>peratorem,</strong></span> <span class='ocrx_word' id='word_1_83' title='bbox 971 1521 1064 1566; x_wconf 85' lang='lat' dir='ltr'><strong>aut</strong></span> <span class='ocrx_word' id='word_1_84' title='bbox 1101 1513 1431 1583; x_wconf 78' lang='lat' dir='ltr'><strong>episcopum,</strong></span> <span class='ocrx_word' id='word_1_85' title='bbox 1488 1520 1583 1565; x_wconf 86' lang='lat' dir='ltr'><strong>aut</strong></span> <span class='ocrx_word' id='word_1_86' title='bbox 1642 1513 2051 1582; x_wconf 80' lang='lat' dir='ltr'><strong>magistratum,</strong></span> <span class='ocrx_word' id='word_1_87' title='bbox 2103 1523 2194 1568; x_wconf 87' lang='lat' dir='ltr'><strong>aut</strong></span> 
     </span>
    </p>
   </div>
   <div class='ocr_carea' id='block_1_18' title="bbox 622 1606 1007 1677">
    <p class='ocr_par' dir='ltr' id='par_1_18' title="bbox 622 1606 1007 1677">
     <span class='ocr_line' id='line_1_18' title="bbox 622 1606 1007 1677; baseline 0.003 -18"><span class='ocrx_word' id='word_1_88' title='bbox 622 1606 1007 1677; x_wconf 81' lang='lat' dir='ltr'><strong>presbyterum.</strong></span> 
     </span>
    </p>
   </div>
   <div class='ocr_carea' id='block_1_19' title="bbox 3722 277 3803 342">
    <p class='ocr_par' dir='ltr' id='par_1_19' title="bbox 3722 277 3803 342">
     <span class='ocr_line' id='line_1_19' title="bbox 3722 277 3803 342; baseline -0.025 0"><span class='ocrx_word' id='word_1_89' title='bbox 3722 277 3803 342; x_wconf 73' lang='lat'><strong>7&#39;36</strong></span> 
     </span>
    </p>
   </div>
   <div class='ocr_carea' id='block_1_20' title="bbox 2452 385 3675 455">
    <p class='ocr_par' dir='ltr' id='par_1_20' title="bbox 2452 385 3675 455">
     <span class='ocr_line' id='line_1_20' title="bbox 2452 385 3675 455; baseline 0.007 -17"><span class='ocrx_word' id='word_1_90' title='bbox 2452 385 2724 439; x_wconf 78' lang='grc' dir='ltr'>Σονόόου</span> <span class='ocrx_word' id='word_1_91' title='bbox 2753 386 3179 453; x_wconf 77' lang='grc' dir='ltr'>οίκουμενικῆς</span> <span class='ocrx_word' id='word_1_92' title='bbox 3203 385 3379 455; x_wconf 74' lang='grc' dir='ltr'>ἕκτης</span> <span class='ocrx_word' id='word_1_93' title='bbox 3406 388 3597 443; x_wconf 80' lang='grc' dir='ltr'>κανὼν</span> <span class='ocrx_word' id='word_1_94' title='bbox 3618 394 3675 448; x_wconf 81' lang='grc' dir='ltr'>θ’.</span> 
     </span>
    </p>
   </div>
   <div class='ocr_carea' id='block_1_21' title="bbox 2358 475 3806 561">
    <p class='ocr_par' dir='ltr' id='par_1_21' title="bbox 2358 475 3806 561">
     <span class='ocr_line' id='line_1_21' title="bbox 2358 475 3806 561; baseline 0.001 -28"><span class='ocrx_word' id='word_1_95' title='bbox 2358 477 2427 533; x_wconf 74' lang='grc' dir='ltr'>θ’.</span> <span class='ocrx_word' id='word_1_96' title='bbox 2446 478 2653 550; x_wconf 78' lang='grc' dir='ltr'><strong>Μηδενὶ</strong></span> <span class='ocrx_word' id='word_1_97' title='bbox 2686 477 2885 542; x_wconf 71' lang='grc' dir='ltr'>ἐξεῖναι</span> <span class='ocrx_word' id='word_1_98' title='bbox 2917 475 3162 548; x_wconf 82' lang='grc' dir='ltr'>κληρικῷ</span> <span class='ocrx_word' id='word_1_99' title='bbox 3203 478 3501 550; x_wconf 78' lang='grc' dir='ltr'>καπηλικὸν</span> <span class='ocrx_word' id='word_1_100' title='bbox 3521 481 3648 553; x_wconf 78' lang='grc' dir='ltr'>ἔχειν</span> <span class='ocrx_word' id='word_1_101' title='bbox 3673 488 3806 561; x_wconf 69' lang='grc' dir='ltr'>ἔργα.</span> 
     </span>
    </p>
   </div>
   <div class='ocr_carea' id='block_1_22' title="bbox 2295 562 2769 639">
    <p class='ocr_par' dir='ltr' id='par_1_22' title="bbox 2295 562 2769 639">
     <span class='ocr_line' id='line_1_22' title="bbox 2295 562 2769 639; baseline 0.004 -16"><span class='ocrx_word' id='word_1_102' title='bbox 2295 573 2534 639; x_wconf 79' lang='grc' dir='ltr'>στήριον,</span> <span class='ocrx_word' id='word_1_103' title='bbox 2561 588 2614 626; x_wconf 90' lang='grc' dir='ltr'><strong>κ.</strong></span> <span class='ocrx_word' id='word_1_104' title='bbox 2644 587 2696 625; x_wconf 88' lang='grc' dir='ltr'><strong>τ.</strong></span> <span class='ocrx_word' id='word_1_105' title='bbox 2716 562 2769 625; x_wconf 86' lang='grc' dir='ltr'><strong>λ.</strong></span> 
     </span>
    </p>
   </div>
   <div class='ocr_carea' id='block_1_23' title="bbox 2379 658 3805 741">
    <p class='ocr_par' dir='ltr' id='par_1_23' title="bbox 2379 658 3805 741">
     <span class='ocr_line' id='line_1_23' title="bbox 2379 658 3805 741; baseline 0.011 -27"><span class='ocrx_word' id='word_1_106' title='bbox 2379 662 2445 714; x_wconf 85' lang='grc' dir='ltr'><strong>Ἦ</strong></span> <span class='ocrx_word' id='word_1_107' title='bbox 2490 661 2551 714; x_wconf 82' lang='grc' dir='ltr'><strong>ιδ’</strong></span> <span class='ocrx_word' id='word_1_108' title='bbox 2580 661 2719 715; x_wconf 84' lang='grc' dir='ltr'>διάτ.</span> <span class='ocrx_word' id='word_1_109' title='bbox 2750 659 2851 716; x_wconf 74' lang='grc' dir='ltr'>τοῦ</span> <span class='ocrx_word' id='word_1_110' title='bbox 2876 658 2923 713; x_wconf 84' lang='grc' dir='ltr'>α’</span> <span class='ocrx_word' id='word_1_111' title='bbox 2954 659 3061 716; x_wconf 88' lang='grc' dir='ltr'>τίτ.</span> <span class='ocrx_word' id='word_1_112' title='bbox 3117 660 3227 714; x_wconf 84' lang='grc' dir='ltr'><strong>τῶν</strong></span> <span class='ocrx_word' id='word_1_113' title='bbox 3269 661 3496 734; x_wconf 84' lang='grc' dir='ltr'>Νεαρῶν</span> <span class='ocrx_word' id='word_1_114' title='bbox 3536 672 3703 738; x_wconf 69' lang='grc' dir='ltr'>φησὶν,</span> <span class='ocrx_word' id='word_1_115' title='bbox 3725 673 3805 741; x_wconf 80' lang='grc' dir='ltr'>ὅτι,</span> 
     </span>
    </p>
   </div>
   <div class='ocr_carea' id='block_1_24' title="bbox 2296 750 3808 827">
    <p class='ocr_par' dir='ltr' id='par_1_24' title="bbox 2296 750 3808 827">
     <span class='ocr_line' id='line_1_24' title="bbox 2296 750 3808 827; baseline 0.007 -23"><span class='ocrx_word' id='word_1_116' title='bbox 2296 752 2387 805; x_wconf 79' lang='grc' dir='ltr'><strong>τὸν</strong></span> <span class='ocrx_word' id='word_1_117' title='bbox 2448 751 2682 822; x_wconf 80' lang='grc' dir='ltr'>μοναχὸν</span> <span class='ocrx_word' id='word_1_118' title='bbox 2734 750 3208 821; x_wconf 77' lang='grc' dir='ltr'><strong>ἀναστρεφόμενον</strong></span> <span class='ocrx_word' id='word_1_119' title='bbox 3252 752 3310 804; x_wconf 85' lang='grc' dir='ltr'>ὲν</span> <span class='ocrx_word' id='word_1_120' title='bbox 3343 753 3616 827; x_wconf 79' lang='grc' dir='ltr'><strong>καπηλείῳ</strong></span> <span class='ocrx_word' id='word_1_121' title='bbox 3636 758 3706 812; x_wconf 83' lang='grc' dir='ltr'>δεῖ</span> <span class='ocrx_word' id='word_1_122' title='bbox 3726 780 3808 817; x_wconf 85' lang='grc' dir='ltr'>σω-</span> 
     </span>
    </p>
   </div>
   <div class='ocr_carea' id='block_1_25' title="bbox 2294 841 3809 918">
    <p class='ocr_par' dir='ltr' id='par_1_25' title="bbox 2294 841 3809 918">
     <span class='ocr_line' id='line_1_25' title="bbox 2294 841 3809 918; baseline 0.005 -23"><span class='ocrx_word' id='word_1_123' title='bbox 2294 841 2665 913; x_wconf 75' lang='grc' dir='ltr'>φρονίζεσθαι,</span> <span class='ocrx_word' id='word_1_124' title='bbox 2697 843 2756 895; x_wconf 78' lang='grc' dir='ltr'>ὲν</span> <span class='ocrx_word' id='word_1_125' title='bbox 2780 842 2879 914; x_wconf 81' lang='grc' dir='ltr'><strong>μὲν</strong></span> <span class='ocrx_word' id='word_1_126' title='bbox 2900 845 3017 906; x_wconf 83' lang='grc' dir='ltr'>ταῖς</span> <span class='ocrx_word' id='word_1_127' title='bbox 3043 845 3338 914; x_wconf 76' lang='grc' dir='ltr'>ἐπαρχίαις</span> <span class='ocrx_word' id='word_1_128' title='bbox 3405 849 3554 918; x_wconf 84' lang='grc' dir='ltr'>παρὰ</span> <span class='ocrx_word' id='word_1_129' title='bbox 3602 851 3698 906; x_wconf 82' lang='grc' dir='ltr'><strong>τῶν</strong></span> <span class='ocrx_word' id='word_1_130' title='bbox 3738 859 3809 911; x_wconf 81' lang='grc' dir='ltr'><strong>ἐκ.</strong></span> 
     </span>
    </p>
   </div>
   <div class='ocr_carea' id='block_1_26' title="bbox 2292 932 3809 1017">
    <p class='ocr_par' dir='ltr' id='par_1_26' title="bbox 2292 932 3809 1017">
     <span class='ocr_line' id='line_1_26' title="bbox 2292 932 3809 1017; baseline 0.007 -31"><span class='ocrx_word' id='word_1_131' title='bbox 2292 933 2478 999; x_wconf 89' lang='grc' dir='ltr'>δίκων,</span> <span class='ocrx_word' id='word_1_132' title='bbox 2532 934 2592 986; x_wconf 75' lang='grc' dir='ltr'>ἐν</span> <span class='ocrx_word' id='word_1_133' title='bbox 2630 932 2690 986; x_wconf 84' lang='grc' dir='ltr'><strong>δὲ</strong></span> <span class='ocrx_word' id='word_1_134' title='bbox 2731 933 3302 990; x_wconf 83' lang='grc' dir='ltr'>Κωνσταντινουπόλει</span> <span class='ocrx_word' id='word_1_135' title='bbox 3332 939 3483 1010; x_wconf 84' lang='grc' dir='ltr'>παρὰ</span> <span class='ocrx_word' id='word_1_136' title='bbox 3505 942 3594 993; x_wconf 81' lang='grc' dir='ltr'>τοῦ</span> <span class='ocrx_word' id='word_1_137' title='bbox 3616 942 3809 1017; x_wconf 72' lang='grc' dir='ltr'>ἐπάρχου</span> 
     </span>
    </p>
   </div>
   <div class='ocr_carea' id='block_1_27' title="bbox 2292 1024 3811 1108">
    <p class='ocr_par' dir='ltr' id='par_1_27' title="bbox 2292 1024 3811 1108">
     <span class='ocr_line' id='line_1_27' title="bbox 2292 1024 3811 1108; baseline 0.009 -32"><span class='ocrx_word' id='word_1_138' title='bbox 2292 1024 2401 1077; x_wconf 88' lang='grc' dir='ltr'><strong>τῶν</strong></span> <span class='ocrx_word' id='word_1_139' title='bbox 2463 1025 2847 1095; x_wconf 86' lang='grc' dir='ltr'>πραιτωρίων,</span> <span class='ocrx_word' id='word_1_140' title='bbox 2908 1026 3281 1105; x_wconf 80' lang='grc' dir='ltr'>ἐξωθούμενον</span> <span class='ocrx_word' id='word_1_141' title='bbox 3323 1029 3433 1082; x_wconf 89' lang='grc' dir='ltr'><strong>τῶν</strong></span> <span class='ocrx_word' id='word_1_142' title='bbox 3487 1040 3811 1108; x_wconf 75' lang='grc' dir='ltr'>μοναστηρξων</span> 
     </span>
    </p>
   </div>
   <div class='ocr_carea' id='block_1_28' title="bbox 2297 1116 3812 1195">
    <p class='ocr_par' dir='ltr' id='par_1_28' title="bbox 2297 1116 3812 1195">
     <span class='ocr_line' id='line_1_28' title="bbox 2297 1116 3812 1195; baseline 0.009 -26"><span class='ocrx_word' id='word_1_143' title='bbox 2297 1116 2448 1185; x_wconf 73' lang='grc' dir='ltr'>παρὰ</span> <span class='ocrx_word' id='word_1_144' title='bbox 2487 1116 2596 1170; x_wconf 89' lang='grc' dir='ltr'><strong>τῶν</strong></span> <span class='ocrx_word' id='word_1_145' title='bbox 2650 1117 2969 1187; x_wconf 77' lang='grc' dir='ltr'>ἡγουμένων</span> <span class='ocrx_word' id='word_1_146' title='bbox 3008 1133 3023 1149; x_wconf 77' lang='grc'><strong><em>⁸</em></strong></span> <span class='ocrx_word' id='word_1_147' title='bbox 3082 1120 3358 1190; x_wconf 74' lang='grc' dir='ltr'><strong>πανταχοῦ</strong></span> <span class='ocrx_word' id='word_1_148' title='bbox 3395 1121 3453 1175; x_wconf 81' lang='grc' dir='ltr'><strong>δὲ</strong></span> <span class='ocrx_word' id='word_1_149' title='bbox 3500 1129 3719 1195; x_wconf 83' lang='grc' dir='ltr'>κρατεῖὸ</span> <span class='ocrx_word' id='word_1_150' title='bbox 3744 1133 3812 1183; x_wconf 67' lang='lat' dir='ltr'><strong>vi-</strong></span> 
     </span>
    </p>
   </div>
   <div class='ocr_carea' id='block_1_29' title="bbox 2296 1209 3809 1291">
    <p class='ocr_par' dir='ltr' id='par_1_29' title="bbox 2296 1209 3809 1291">
     <span class='ocr_line' id='line_1_29' title="bbox 2296 1209 3809 1291; baseline 0.011 -31"><span class='ocrx_word' id='word_1_151' title='bbox 2296 1226 2396 1280; x_wconf 81' lang='grc' dir='ltr'><strong>μσς</strong></span> <span class='ocrx_word' id='word_1_152' title='bbox 2429 1225 2442 1239; x_wconf 88' lang='grc'><strong>·</strong></span> <span class='ocrx_word' id='word_1_153' title='bbox 2478 1209 2575 1264; x_wconf 73' lang='grc' dir='ltr'><strong>καὶ</strong></span> <span class='ocrx_word' id='word_1_154' title='bbox 2607 1210 2895 1280; x_wconf 82' lang='grc' dir='ltr'>προνοοῦσι</span> <span class='ocrx_word' id='word_1_155' title='bbox 2939 1210 3040 1282; x_wconf 82' lang='grc' dir='ltr'>τῆς</span> <span class='ocrx_word' id='word_1_156' title='bbox 3062 1211 3307 1283; x_wconf 78' lang='grc' dir='ltr'><strong>φυλακῆς</strong></span> <span class='ocrx_word' id='word_1_157' title='bbox 3352 1214 3516 1268; x_wconf 80' lang='grc' dir='ltr'>αὐτοῦ</span> <span class='ocrx_word' id='word_1_158' title='bbox 3545 1216 3592 1270; x_wconf 77' lang='lat' dir='ltr'><strong>oi</strong></span> <span class='ocrx_word' id='word_1_159' title='bbox 3623 1216 3809 1291; x_wconf 76' lang='grc' dir='ltr'>ὕπαρχοι</span> 
     </span>
    </p>
   </div>
   <div class='ocr_carea' id='block_1_30' title="bbox 2290 1302 2772 1373">
    <p class='ocr_par' dir='ltr' id='par_1_30' title="bbox 2290 1302 2772 1373">
     <span class='ocr_line' id='line_1_30' title="bbox 2290 1302 2772 1373; baseline 0.004 -18"><span class='ocrx_word' id='word_1_160' title='bbox 2290 1302 2389 1356; x_wconf 82' lang='grc' dir='ltr'><strong>καὶ</strong></span> <span class='ocrx_word' id='word_1_161' title='bbox 2418 1302 2467 1355; x_wconf 79' lang='lat' dir='ltr'><strong>oi</strong></span> <span class='ocrx_word' id='word_1_162' title='bbox 2494 1302 2772 1373; x_wconf 78' lang='grc' dir='ltr'>ἄρχοντες.</span> 
     </span>
    </p>
   </div>
   <div class='ocr_carea' id='block_1_31' title="bbox 2363 1415 3815 1493">
    <p class='ocr_par' dir='ltr' id='par_1_31' title="bbox 2363 1415 3815 1493">
     <span class='ocr_line' id='line_1_31' title="bbox 2363 1415 3815 1493; baseline 0.011 -26"><span class='ocrx_word' id='word_1_163' title='bbox 2363 1415 2613 1472; x_wconf 82' lang='grc' dir='ltr'><strong>ΚΕΦΑΛ.</strong></span> <span class='ocrx_word' id='word_1_164' title='bbox 2668 1418 2809 1484; x_wconf 65' lang='lat' dir='ltr'><strong>Acr.</strong></span> <span class='ocrx_word' id='word_1_165' title='bbox 2865 1448 2933 1461; x_wconf 78' lang='lat'><strong><em>—</em></strong></span> <span class='ocrx_word' id='word_1_166' title='bbox 2965 1420 3102 1490; x_wconf 78' lang='grc' dir='ltr'>Περι</span> <span class='ocrx_word' id='word_1_167' title='bbox 3173 1422 3477 1490; x_wconf 74' lang='grc' dir='ltr'>κληρικῶν</span> <span class='ocrx_word' id='word_1_168' title='bbox 3522 1425 3815 1493; x_wconf 71' lang='grc' dir='ltr'>ὑϐριζόντων</span> 
     </span>
    </p>
   </div>
   <div class='ocr_carea' id='block_1_32' title="bbox 2287 1505 3811 1585">
    <p class='ocr_par' dir='ltr' id='par_1_32' title="bbox 2287 1505 3811 1585">
     <span class='ocr_line' id='line_1_32' title="bbox 2287 1505 3811 1585; baseline 0.01 -26"><span class='ocrx_word' id='word_1_169' title='bbox 2287 1505 2555 1569; x_wconf 77' lang='grc' dir='ltr'><strong>βασιλέα</strong></span> <span class='ocrx_word' id='word_1_170' title='bbox 2582 1508 2621 1577; x_wconf 84' lang='grc' dir='ltr'><strong><em>ἤ</em></strong></span> <span class='ocrx_word' id='word_1_171' title='bbox 2649 1508 3007 1577; x_wconf 78' lang='grc' dir='ltr'>ἐπίσκοπον,</span> <span class='ocrx_word' id='word_1_172' title='bbox 3058 1513 3097 1582; x_wconf 82' lang='grc' dir='ltr'><em>ἣ</em></span> <span class='ocrx_word' id='word_1_173' title='bbox 3154 1511 3439 1584; x_wconf 78' lang='grc' dir='ltr'>ἄρχοντα,</span> <span class='ocrx_word' id='word_1_174' title='bbox 3475 1514 3512 1585; x_wconf 81' lang='grc' dir='ltr'><strong>ἢ</strong></span> <span class='ocrx_word' id='word_1_175' title='bbox 3546 1520 3811 1585; x_wconf 76' lang='grc' dir='ltr'>πρεσϐύτε-</span> 
     </span>
    </p>
   </div>
   <div class='ocr_carea' id='block_1_33' title="bbox 2285 1615 2422 1666">
    <p class='ocr_par' dir='ltr' id='par_1_33' title="bbox 2285 1615 2422 1666">
     <span class='ocr_line' id='line_1_33' title="bbox 2285 1615 2422 1666; baseline 0.029 -15"><span class='ocrx_word' id='word_1_176' title='bbox 2285 1615 2422 1666; x_wconf 82' lang='grc' dir='ltr'>ρον.</span> 
     </span>
    </p>
   </div>
   <div class='ocr_carea' id='block_1_34' title="bbox 909 1714 2208 1793">
    <p class='ocr_par' dir='ltr' id='par_1_34' title="bbox 909 1714 1920 1787">
     <span class='ocr_line' id='line_1_34' title="bbox 909 1714 1920 1787; baseline 0 -18"><span class='ocrx_word' id='word_1_177' title='bbox 909 1717 1277 1787; x_wconf 78' lang='lat' dir='ltr'><strong>Apostolorum</strong></span> <span class='ocrx_word' id='word_1_178' title='bbox 1311 1731 1556 1779; x_wconf 84' lang='lat' dir='ltr'><strong>canones,</strong></span> <span class='ocrx_word' id='word_1_179' title='bbox 1587 1715 1676 1779; x_wconf 79' lang='lat'><strong>55,</strong></span> <span class='ocrx_word' id='word_1_180' title='bbox 1712 1714 1799 1779; x_wconf 75' lang='grc'><strong>56,</strong></span> <span class='ocrx_word' id='word_1_181' title='bbox 1831 1715 1920 1771; x_wconf 70' lang='grc'>84.</span> 
     </span>
    </p>
   </div>
   <div class='ocr_carea' id='block_1_35' title="bbox 2308 1714 3588 1793">
    <p class='ocr_par' dir='ltr' id='par_1_35' title="bbox 2594 1715 3588 1787">
     <span class='ocr_line' id='line_1_35' title="bbox 2594 1715 3588 1787; baseline 0.006 -17"><span class='ocrx_word' id='word_1_182' title='bbox 2594 1715 2973 1771; x_wconf 78' lang='grc' dir='ltr'>Ἀποστόλων</span> <span class='ocrx_word' id='word_1_183' title='bbox 3002 1721 3317 1783; x_wconf 73' lang='lat' dir='ltr'><strong>xarc‘orvs&#39;,</strong></span> <span class='ocrx_word' id='word_1_184' title='bbox 3351 1721 3463 1787; x_wconf 71' lang='lat' dir='ltr'><strong>vg&#39;,</strong></span> <span class='ocrx_word' id='word_1_185' title='bbox 3489 1721 3588 1777; x_wconf 72' lang='grc' dir='ltr'>πδν.</span> 
     </span>
    </p>
   </div>
   <div class='ocr_carea' id='block_1_36' title="bbox 689 1805 2208 1883">
    <p class='ocr_par' dir='ltr' id='par_1_36' title="bbox 689 1806 2193 1883">
     <span class='ocr_line' id='line_1_36' title="bbox 689 1806 2193 1883; baseline -0.002 -18"><span class='ocrx_word' id='word_1_186' title='bbox 689 1810 921 1883; x_wconf 74' lang='lat'><strong>55[54].</strong></span> <span class='ocrx_word' id='word_1_187' title='bbox 959 1809 1165 1880; x_wconf 86' lang='lat' dir='ltr'><strong>Siquis</strong></span> <span class='ocrx_word' id='word_1_188' title='bbox 1220 1811 1453 1864; x_wconf 88' lang='lat' dir='ltr'><strong>clericus</strong></span> <span class='ocrx_word' id='word_1_189' title='bbox 1499 1809 1811 1879; x_wconf 84' lang='lat' dir='ltr'><strong>episcopum</strong></span> <span class='ocrx_word' id='word_1_190' title='bbox 1864 1806 2193 1864; x_wconf 80' lang='lat' dir='ltr'><strong>contumelia</strong></span> 
     </span>
    </p>
   </div>
   <div class='ocr_carea' id='block_1_37' title="bbox 2308 1805 3816 1883">
    <p class='ocr_par' dir='ltr' id='par_1_37' title="bbox 2365 1805 3816 1882">
     <span class='ocr_line' id='line_1_37' title="bbox 2365 1805 3816 1882; baseline 0.006 -22"><span class='ocrx_word' id='word_1_191' title='bbox 2365 1805 2459 1861; x_wconf 80' lang='lat' dir='ltr'><strong>ve&#39;.</strong></span> <span class='ocrx_word' id='word_1_192' title='bbox 2496 1806 2565 1860; x_wconf 80' lang='lat' dir='ltr'><strong>El&#39;</strong></span> <span class='ocrx_word' id='word_1_193' title='bbox 2621 1826 2703 1872; x_wconf 88' lang='grc' dir='ltr'><strong>τις</strong></span> <span class='ocrx_word' id='word_1_194' title='bbox 2731 1808 2988 1879; x_wconf 84' lang='grc' dir='ltr'>κληρικὸς</span> <span class='ocrx_word' id='word_1_195' title='bbox 3021 1811 3346 1882; x_wconf 78' lang='grc' dir='ltr'>ὑϐρίσειτὸν</span> <span class='ocrx_word' id='word_1_196' title='bbox 3395 1812 3694 1876; x_wconf 74' lang='grc' dir='ltr'>ἐπίσκοπον,</span> <span class='ocrx_word' id='word_1_197' title='bbox 3720 1818 3816 1869; x_wconf 63' lang='grc' dir='ltr'>καθα</span> 
     </span>
    </p>
   </div>
   <div class='ocr_carea' id='block_1_38' title="bbox 624 1898 2208 1976">
    <p class='ocr_par' dir='ltr' id='par_1_38' title="bbox 624 1901 2195 1973">
     <span class='ocr_line' id='line_1_38' title="bbox 624 1901 2195 1973; baseline -0.002 -16"><span class='ocrx_word' id='word_1_198' title='bbox 624 1901 884 1968; x_wconf 85' lang='lat' dir='ltr'><strong>allecerit,</strong></span> <span class='ocrx_word' id='word_1_199' title='bbox 935 1903 1256 1973; x_wconf 85' lang='lat' dir='ltr'><strong>deponatur.</strong></span> <span class='ocrx_word' id='word_1_200' title='bbox 1292 1901 1535 1971; x_wconf 84' lang='lat' dir='ltr'><strong>Principi</strong></span> <span class='ocrx_word' id='word_1_201' title='bbox 1570 1903 1708 1955; x_wconf 86' lang='lat' dir='ltr'><strong>enim</strong></span> <span class='ocrx_word' id='word_1_202' title='bbox 1744 1902 1926 1971; x_wconf 81' lang='lat' dir='ltr'><strong>populi</strong></span> <span class='ocrx_word' id='word_1_203' title='bbox 1978 1902 2057 1955; x_wconf 84' lang='lat' dir='ltr'><strong>tui</strong></span> <span class='ocrx_word' id='word_1_204' title='bbox 2090 1917 2195 1954; x_wconf 89' lang='lat' dir='ltr'><strong>non</strong></span> 
     </span>
    </p>
   </div>
   <div class='ocr_carea' id='block_1_39' title="bbox 2308 1898 3816 1976">
    <p class='ocr_par' dir='ltr' id='par_1_39' title="bbox 2308 1898 3816 1976">
     <span class='ocr_line' id='line_1_39' title="bbox 2308 1898 3816 1976; baseline 0.005 -24"><span class='ocrx_word' id='word_1_205' title='bbox 2308 1898 2555 1969; x_wconf 78' lang='grc' dir='ltr'>ιιιρείσθω</span> <span class='ocrx_word' id='word_1_206' title='bbox 2580 1915 2593 1928; x_wconf 90' lang='grc'><strong>·</strong></span> <span class='ocrx_word' id='word_1_207' title='bbox 2625 1900 2920 1970; x_wconf 74' lang='grc' dir='ltr'>Ἄρχοντα</span> <span class='ocrx_word' id='word_1_208' title='bbox 2942 1899 3053 1972; x_wconf 80' lang='grc' dir='ltr'>γὰρ</span> <span class='ocrx_word' id='word_1_209' title='bbox 3076 1903 3186 1958; x_wconf 82' lang='grc' dir='ltr'>τοῦ</span> <span class='ocrx_word' id='word_1_210' title='bbox 3227 1902 3385 1958; x_wconf 80' lang='grc' dir='ltr'>λαοῦ</span> <span class='ocrx_word' id='word_1_211' title='bbox 3429 1920 3546 1958; x_wconf 84' lang='grc' dir='ltr'>σου</span> <span class='ocrx_word' id='word_1_212' title='bbox 3590 1907 3688 1961; x_wconf 75' lang='grc' dir='ltr'>οὐκ</span> <span class='ocrx_word' id='word_1_213' title='bbox 3703 1909 3816 1976; x_wconf 77' lang='grc' dir='ltr'>ἐρεῖς</span> 
     </span>
    </p>
   </div>
   <div class='ocr_carea' id='block_1_40' title="bbox 626 1991 2208 2060">
    <p class='ocr_par' dir='ltr' id='par_1_40' title="bbox 626 1992 930 2047">
     <span class='ocr_line' id='line_1_40' title="bbox 626 1992 930 2047; baseline 0.007 -2"><span class='ocrx_word' id='word_1_214' title='bbox 626 1992 930 2047; x_wconf 72' lang='lat' dir='ltr'><strong>maledicas.</strong></span> 
     </span>
    </p>
   </div>
   <div class='ocr_carea' id='block_1_41' title="bbox 2308 1991 2515 2060">
    <p class='ocr_par' dir='ltr' id='par_1_41' title="bbox 2308 1991 2515 2060">
     <span class='ocr_line' id='line_1_41' title="bbox 2308 1991 2515 2060; baseline 0.01 -14"><span class='ocrx_word' id='word_1_215' title='bbox 2308 1991 2515 2060; x_wconf 71' lang='grc' dir='ltr'>κακῶς.</span> 
     </span>
    </p>
   </div>
   <div class='ocr_carea' id='block_1_42' title="bbox 697 2080 2208 2163">
    <p class='ocr_par' dir='ltr' id='par_1_42' title="bbox 697 2080 2196 2154">
     <span class='ocr_line' id='line_1_42' title="bbox 697 2080 2196 2154; baseline 0.002 -19"><span class='ocrx_word' id='word_1_216' title='bbox 697 2082 767 2135; x_wconf 79' lang='grc'><strong>56</strong></span> <span class='ocrx_word' id='word_1_217' title='bbox 793 2080 930 2153; x_wconf 78' lang='grc'>[55].</span> <span class='ocrx_word' id='word_1_218' title='bbox 979 2082 1032 2136; x_wconf 87' lang='lat' dir='ltr'><strong>Si</strong></span> <span class='ocrx_word' id='word_1_219' title='bbox 1061 2083 1181 2152; x_wconf 87' lang='lat' dir='ltr'><strong>quis</strong></span> <span class='ocrx_word' id='word_1_220' title='bbox 1209 2084 1443 2139; x_wconf 85' lang='lat' dir='ltr'><strong>clericus</strong></span> <span class='ocrx_word' id='word_1_221' title='bbox 1486 2083 1865 2154; x_wconf 80' lang='lat' dir='ltr'><strong>presbyterum</strong></span> <span class='ocrx_word' id='word_1_222' title='bbox 1894 2082 1979 2138; x_wconf 85' lang='lat' dir='ltr'><strong>vel</strong></span> <span class='ocrx_word' id='word_1_223' title='bbox 2011 2082 2196 2138; x_wconf 89' lang='lat' dir='ltr'><strong>diaco-</strong></span> 
     </span>
    </p>
   </div>
   <div class='ocr_carea' id='block_1_43' title="bbox 2308 2080 3818 2163">
    <p class='ocr_par' dir='ltr' id='par_1_43' title="bbox 2369 2082 3818 2163">
     <span class='ocr_line' id='line_1_43' title="bbox 2369 2082 3818 2163; baseline 0.006 -25"><span class='ocrx_word' id='word_1_224' title='bbox 2369 2082 2477 2148; x_wconf 72' lang='lat' dir='ltr'><strong>vg’.</strong></span> <span class='ocrx_word' id='word_1_225' title='bbox 2506 2085 2574 2139; x_wconf 80' lang='grc' dir='ltr'><strong>Εἴ</strong></span> <span class='ocrx_word' id='word_1_226' title='bbox 2593 2103 2678 2150; x_wconf 91' lang='grc' dir='ltr'><strong>τις</strong></span> <span class='ocrx_word' id='word_1_227' title='bbox 2703 2086 2960 2159; x_wconf 77' lang='grc' dir='ltr'>κληρικὸς</span> <span class='ocrx_word' id='word_1_228' title='bbox 2991 2088 3202 2158; x_wconf 87' lang='grc' dir='ltr'>ύϐρίσει</span> <span class='ocrx_word' id='word_1_229' title='bbox 3236 2087 3604 2161; x_wconf 87' lang='grc' dir='ltr'>πρεσϐύτερον</span> <span class='ocrx_word' id='word_1_230' title='bbox 3632 2092 3661 2163; x_wconf 83' lang='lat' dir='ltr'><strong>i]</strong></span> <span class='ocrx_word' id='word_1_231' title='bbox 3686 2093 3818 2147; x_wconf 74' lang='grc' dir='ltr'>διάκο-</span> 
     </span>
    </p>
   </div>
   <div class='ocr_carea' id='block_1_44' title="bbox 626 2174 2208 2249">
    <p class='ocr_par' dir='ltr' id='par_1_44' title="bbox 626 2174 1634 2246">
     <span class='ocr_line' id='line_1_44' title="bbox 626 2174 1634 2246; baseline 0.004 -19"><span class='ocrx_word' id='word_1_232' title='bbox 626 2189 756 2228; x_wconf 89' lang='lat' dir='ltr'><strong>num</strong></span> <span class='ocrx_word' id='word_1_233' title='bbox 787 2174 986 2245; x_wconf 85' lang='lat' dir='ltr'><strong>injuria</strong></span> <span class='ocrx_word' id='word_1_234' title='bbox 1009 2175 1270 2241; x_wconf 70' lang='lat' dir='ltr'><strong>olfecerit,</strong></span> <span class='ocrx_word' id='word_1_235' title='bbox 1302 2184 1634 2246; x_wconf 80' lang='lat' dir='ltr'><strong>segregetur.</strong></span> 
     </span>
    </p>
   </div>
   <div class='ocr_carea' id='block_1_45' title="bbox 2308 2174 2808 2249">
    <p class='ocr_par' dir='ltr' id='par_1_45' title="bbox 2308 2177 2808 2249">
     <span class='ocr_line' id='line_1_45' title="bbox 2308 2177 2808 2249; baseline 0.008 -19"><span class='ocrx_word' id='word_1_236' title='bbox 2308 2193 2408 2243; x_wconf 81' lang='grc' dir='ltr'>νον,</span> <span class='ocrx_word' id='word_1_237' title='bbox 2442 2177 2808 2249; x_wconf 78' lang='grc' dir='ltr'>ἀφοριζέσθω.</span> 
     </span>
    </p>
   </div>
   <div class='ocr_carea' id='block_1_46' title="bbox 692 2264 2208 2344">
    <p class='ocr_par' dir='ltr' id='par_1_46' title="bbox 692 2264 1991 2338">
     <span class='ocr_line' id='line_1_46' title="bbox 692 2264 1991 2338; baseline 0.002 -18"><span class='ocrx_word' id='word_1_238' title='bbox 692 2264 761 2320; x_wconf 69' lang='grc'><strong>84</strong></span> <span class='ocrx_word' id='word_1_239' title='bbox 786 2264 922 2338; x_wconf 74' lang='lat'><strong>[85].</strong></span> <span class='ocrx_word' id='word_1_240' title='bbox 958 2265 1219 2337; x_wconf 84' lang='lat' dir='ltr'><strong>Quisquis</strong></span> <span class='ocrx_word' id='word_1_241' title='bbox 1241 2283 1444 2338; x_wconf 78' lang='lat' dir='ltr'><strong>regem,</strong></span> <span class='ocrx_word' id='word_1_242' title='bbox 1484 2277 1587 2322; x_wconf 92' lang='lat' dir='ltr'><strong>etc.</strong></span> <span class='ocrx_word' id='word_1_243' title='bbox 1619 2276 1674 2320; x_wconf 88' lang='lat' dir='ltr'><strong>ut</strong></span> <span class='ocrx_word' id='word_1_244' title='bbox 1704 2282 1826 2338; x_wconf 88' lang='lat' dir='ltr'><strong>pag.</strong></span> <span class='ocrx_word' id='word_1_245' title='bbox 1864 2267 1991 2323; x_wconf 77' lang='lat'><strong>739.</strong></span> 
     </span>
    </p>
   </div>
   <div class='ocr_carea' id='block_1_47' title="bbox 2308 2264 3484 2344">
    <p class='ocr_par' dir='ltr' id='par_1_47' title="bbox 2371 2268 3484 2344">
     <span class='ocr_line' id='line_1_47' title="bbox 2371 2268 3484 2344; baseline 0.004 -21"><span class='ocrx_word' id='word_1_246' title='bbox 2371 2268 2474 2327; x_wconf 85' lang='grc' dir='ltr'>πδ’.</span> <span class='ocrx_word' id='word_1_247' title='bbox 2514 2272 2707 2334; x_wconf 79' lang='grc' dir='ltr'>Ὅστις</span> <span class='ocrx_word' id='word_1_248' title='bbox 2739 2270 2949 2344; x_wconf 81' lang='grc' dir='ltr'>ὑϐρίσει</span> <span class='ocrx_word' id='word_1_249' title='bbox 2982 2271 3224 2343; x_wconf 78' lang='grc' dir='ltr'>βασιλέα,</span> <span class='ocrx_word' id='word_1_250' title='bbox 3259 2291 3314 2328; x_wconf 93' lang='grc' dir='ltr'><strong>κ.</strong></span> <span class='ocrx_word' id='word_1_251' title='bbox 3352 2274 3484 2329; x_wconf 87' lang='grc' dir='ltr'>τ.λ.</span> 
     </span>
    </p>
   </div>
   <div class='ocr_carea' id='block_1_48' title="bbox 1030 2379 2208 2461">
    <p class='ocr_par' dir='ltr' id='par_1_48' title="bbox 1030 2379 1827 2452">
     <span class='ocr_line' id='line_1_48' title="bbox 1030 2379 1827 2452; baseline 0.004 -19"><span class='ocrx_word' id='word_1_252' title='bbox 1030 2380 1103 2434; x_wconf 85' lang='lat' dir='ltr'><strong>De</strong></span> <span class='ocrx_word' id='word_1_253' title='bbox 1126 2379 1317 2435; x_wconf 79' lang='lat' dir='ltr'><strong>Pltotio</strong></span> <span class='ocrx_word' id='word_1_254' title='bbox 1355 2382 1544 2452; x_wconf 78' lang='lat' dir='ltr'><strong>synodi</strong></span> <span class='ocrx_word' id='word_1_255' title='bbox 1576 2398 1743 2435; x_wconf 85' lang='lat' dir='ltr'><strong>canon</strong></span> <span class='ocrx_word' id='word_1_256' title='bbox 1772 2383 1827 2437; x_wconf 79' lang='grc'>5.</span> 
     </span>
    </p>
   </div>
   <div class='ocr_carea' id='block_1_49' title="bbox 2308 2379 3638 2461">
    <p class='ocr_par' dir='ltr' id='par_1_49' title="bbox 2542 2384 3638 2461">
     <span class='ocr_line' id='line_1_49' title="bbox 2542 2384 3638 2461; baseline 0.004 -21"><span class='ocrx_word' id='word_1_257' title='bbox 2542 2384 2659 2454; x_wconf 81' lang='grc' dir='ltr'><strong>Τῆς</strong></span> <span class='ocrx_word' id='word_1_258' title='bbox 2695 2384 2795 2439; x_wconf 78' lang='grc' dir='ltr'><strong>ἐπὶ</strong></span> <span class='ocrx_word' id='word_1_259' title='bbox 2824 2388 3022 2456; x_wconf 79' lang='grc' dir='ltr'>Φωτίῳ</span> <span class='ocrx_word' id='word_1_260' title='bbox 3046 2387 3317 2443; x_wconf 83' lang='grc' dir='ltr'>συνόδου</span> <span class='ocrx_word' id='word_1_261' title='bbox 3347 2389 3552 2444; x_wconf 77' lang='grc' dir='ltr'>κανὼν</span> <span class='ocrx_word' id='word_1_262' title='bbox 3575 2398 3638 2461; x_wconf 78' lang='grc' dir='ltr'>γ’.</span> 
     </span>
    </p>
   </div>
   <div class='ocr_carea' id='block_1_50' title="bbox 696 2491 2204 2565">
    <p class='ocr_par' dir='ltr' id='par_1_50' title="bbox 696 2491 2204 2565">
     <span class='ocr_line' id='line_1_50' title="bbox 696 2491 2204 2565; baseline 0.003 -19"><span class='ocrx_word' id='word_1_263' title='bbox 696 2492 751 2547; x_wconf 81' lang='grc'>5.</span> <span class='ocrx_word' id='word_1_264' title='bbox 792 2491 849 2548; x_wconf 87' lang='lat' dir='ltr'><strong>Si</strong></span> <span class='ocrx_word' id='word_1_265' title='bbox 894 2492 1019 2562; x_wconf 87' lang='lat' dir='ltr'><strong>quis</strong></span> <span class='ocrx_word' id='word_1_266' title='bbox 1077 2493 1252 2548; x_wconf 88' lang='lat' dir='ltr'><strong>laicus</strong></span> <span class='ocrx_word' id='word_1_267' title='bbox 1309 2494 1493 2549; x_wconf 87' lang='lat' dir='ltr'><strong>divina</strong></span> <span class='ocrx_word' id='word_1_268' title='bbox 1553 2509 1617 2550; x_wconf 89' lang='lat' dir='ltr'><strong>ac</strong></span> <span class='ocrx_word' id='word_1_269' title='bbox 1660 2495 1806 2565; x_wconf 81' lang='lat' dir='ltr'><strong>regia</strong></span> <span class='ocrx_word' id='word_1_270' title='bbox 1852 2503 2204 2551; x_wconf 87' lang='lat' dir='ltr'><strong>contemnens</strong></span> 
     </span>
    </p>
   </div>
   <div class='ocr_carea' id='block_1_51' title="bbox 627 2584 2204 2661">
    <p class='ocr_par' dir='ltr' id='par_1_51' title="bbox 627 2584 2204 2661">
     <span class='ocr_line' id='line_1_51' title="bbox 627 2584 2204 2661; baseline 0.004 -23"><span class='ocrx_word' id='word_1_271' title='bbox 627 2584 912 2652; x_wconf 87' lang='lat' dir='ltr'><strong>mandata,</strong></span> <span class='ocrx_word' id='word_1_272' title='bbox 983 2587 1401 2658; x_wconf 85' lang='lat' dir='ltr'><strong>tremendasque</strong></span> <span class='ocrx_word' id='word_1_273' title='bbox 1461 2588 1880 2643; x_wconf 87' lang='lat' dir='ltr'><strong>constitutiones</strong></span> <span class='ocrx_word' id='word_1_274' title='bbox 1937 2600 1994 2643; x_wconf 86' lang='lat' dir='ltr'><strong>et</strong></span> <span class='ocrx_word' id='word_1_275' title='bbox 2057 2589 2204 2661; x_wconf 80' lang='lat' dir='ltr'><strong>leges</strong></span> 
     </span>
    </p>
   </div>
   <div class='ocr_carea' id='block_1_52' title="bbox 629 2673 2206 2748">
    <p class='ocr_par' dir='ltr' id='par_1_52' title="bbox 629 2673 2206 2748">
     <span class='ocr_line' id='line_1_52' title="bbox 629 2673 2206 2748; baseline 0.004 -20"><span class='ocrx_word' id='word_1_276' title='bbox 629 2673 887 2729; x_wconf 73' lang='lat' dir='ltr'><strong>Ecclesia:</strong></span> <span class='ocrx_word' id='word_1_277' title='bbox 944 2685 1323 2741; x_wconf 89' lang='lat' dir='ltr'><strong>contemnens,</strong></span> <span class='ocrx_word' id='word_1_278' title='bbox 1372 2679 1594 2748; x_wconf 85' lang='lat' dir='ltr'><strong>prepria</strong></span> <span class='ocrx_word' id='word_1_279' title='bbox 1655 2679 1983 2733; x_wconf 89' lang='lat' dir='ltr'><strong>auctoritate</strong></span> <span class='ocrx_word' id='word_1_280' title='bbox 2036 2694 2206 2734; x_wconf 90' lang='lat' dir='ltr'><strong>ausus</strong></span> 
     </span>
    </p>
   </div>
   <div class='ocr_carea' id='block_1_53' title="bbox 628 2766 2205 2842">
    <p class='ocr_par' dir='ltr' id='par_1_53' title="bbox 628 2766 2205 2842">
     <span class='ocr_line' id='line_1_53' title="bbox 628 2766 2205 2842; baseline 0.001 -19"><span class='ocrx_word' id='word_1_281' title='bbox 628 2766 795 2823; x_wconf 70' lang='lat' dir='ltr'><strong>fuerit</strong></span> <span class='ocrx_word' id='word_1_282' title='bbox 836 2767 1152 2839; x_wconf 86' lang='lat' dir='ltr'><strong>episc0pum</strong></span> <span class='ocrx_word' id='word_1_283' title='bbox 1192 2770 1479 2824; x_wconf 88' lang='lat' dir='ltr'><strong>verberare</strong></span> <span class='ocrx_word' id='word_1_284' title='bbox 1511 2779 1607 2824; x_wconf 89' lang='lat' dir='ltr'><strong>aut</strong></span> <span class='ocrx_word' id='word_1_285' title='bbox 1634 2770 1686 2824; x_wconf 92' lang='lat' dir='ltr'><strong>in</strong></span> <span class='ocrx_word' id='word_1_286' title='bbox 1715 2786 1992 2827; x_wconf 89' lang='lat' dir='ltr'><strong>carcerem</strong></span> <span class='ocrx_word' id='word_1_287' title='bbox 2030 2773 2205 2842; x_wconf 87' lang='lat' dir='ltr'><strong>conji-</strong></span> 
     </span>
    </p>
   </div>
   <div class='ocr_carea' id='block_1_54' title="bbox 632 2861 2208 2934">
    <p class='ocr_par' dir='ltr' id='par_1_54' title="bbox 632 2861 2208 2934">
     <span class='ocr_line' id='line_1_54' title="bbox 632 2861 2208 2934; baseline 0.003 -15"><span class='ocrx_word' id='word_1_288' title='bbox 632 2877 792 2931; x_wconf 90' lang='lat' dir='ltr'><strong>cere,</strong></span> <span class='ocrx_word' id='word_1_289' title='bbox 832 2861 915 2919; x_wconf 81' lang='lat' dir='ltr'><strong>vel</strong></span> <span class='ocrx_word' id='word_1_290' title='bbox 961 2864 1081 2919; x_wconf 83' lang='lat' dir='ltr'><strong>sine</strong></span> <span class='ocrx_word' id='word_1_291' title='bbox 1130 2879 1336 2932; x_wconf 90' lang='lat' dir='ltr'><strong>causa,</strong></span> <span class='ocrx_word' id='word_1_292' title='bbox 1374 2865 1455 2921; x_wconf 86' lang='lat' dir='ltr'><strong>vel</strong></span> <span class='ocrx_word' id='word_1_293' title='bbox 1497 2866 1621 2922; x_wconf 81' lang='lat' dir='ltr'><strong>ﬁcta</strong></span> <span class='ocrx_word' id='word_1_294' title='bbox 1666 2881 1866 2934; x_wconf 89' lang='lat' dir='ltr'><strong>causa,</strong></span> <span class='ocrx_word' id='word_1_295' title='bbox 1915 2868 2208 2924; x_wconf 80' lang='lat' dir='ltr'><strong>anathema</strong></span> 
     </span>
    </p>
   </div>
   <div class='ocr_carea' id='block_1_55' title="bbox 630 2966 772 3012">
    <p class='ocr_par' dir='ltr' id='par_1_55' title="bbox 630 2966 772 3012">
     <span class='ocr_line' id='line_1_55' title="bbox 630 2966 772 3012; baseline 0 0"><span class='ocrx_word' id='word_1_296' title='bbox 630 2966 747 3012; x_wconf 68' lang='lat'><strong>8510</strong></span> <span class='ocrx_word' id='word_1_297' title='bbox 758 2996 772 3012; x_wconf 84' lang='grc'><strong>.</strong></span> 
     </span>
    </p>
   </div>
   <div class='ocr_carea' id='block_1_56' title="bbox 703 3046 2278 3136">
    <p class='ocr_par' dir='ltr' id='par_1_56' title="bbox 703 3046 2278 3136">
     <span class='ocr_line' id='line_1_56' title="bbox 703 3046 2278 3136; baseline 0.006 -35"><span class='ocrx_word' id='word_1_298' title='bbox 703 3046 923 3103; x_wconf 75' lang='lat' dir='ltr'><strong>Textus.</strong></span> <span class='ocrx_word' id='word_1_299' title='bbox 955 3046 1031 3102; x_wconf 91' lang='lat' dir='ltr'><strong>De</strong></span> <span class='ocrx_word' id='word_1_300' title='bbox 1055 3046 1269 3103; x_wconf 89' lang='lat' dir='ltr'><strong>clericis</strong></span> <span class='ocrx_word' id='word_1_301' title='bbox 1292 3050 1624 3106; x_wconf 90' lang='lat' dir='ltr'><strong>contumelia</strong></span> <span class='ocrx_word' id='word_1_302' title='bbox 1645 3049 2001 3107; x_wconf 81' lang='lat' dir='ltr'><strong>allicieutibus</strong></span> <span class='ocrx_word' id='word_1_303' title='bbox 2028 3052 2206 3109; x_wconf 90' lang='lat' dir='ltr'><strong>civilis</strong></span> <span class='ocrx_word' id='word_1_304' title='bbox 2233 3075 2278 3136; x_wconf 72' lang='grc' dir='ltr'>α</span> 
     </span>
    </p>
   </div>
   <div class='ocr_carea' id='block_1_57' title="bbox 636 3140 2205 3212">
    <p class='ocr_par' dir='ltr' id='par_1_57' title="bbox 636 3140 2205 3212">
     <span class='ocr_line' id='line_1_57' title="bbox 636 3140 2205 3212; baseline 0.004 -18"><span class='ocrx_word' id='word_1_305' title='bbox 636 3140 720 3195; x_wconf 89' lang='lat' dir='ltr'><strong>lex</strong></span> <span class='ocrx_word' id='word_1_306' title='bbox 750 3140 1061 3210; x_wconf 85' lang='lat' dir='ltr'><strong>specialiter</strong></span> <span class='ocrx_word' id='word_1_307' title='bbox 1087 3141 1221 3195; x_wconf 83' lang='lat' dir='ltr'><strong>nihil</strong></span> <span class='ocrx_word' id='word_1_308' title='bbox 1246 3150 1473 3198; x_wconf 88' lang='lat' dir='ltr'><strong>tractat.</strong></span> <span class='ocrx_word' id='word_1_309' title='bbox 1516 3144 1655 3199; x_wconf 85' lang='lat' dir='ltr'><strong>Dicit</strong></span> <span class='ocrx_word' id='word_1_310' title='bbox 1689 3153 1872 3199; x_wconf 90' lang='lat' dir='ltr'><strong>autem</strong></span> <span class='ocrx_word' id='word_1_311' title='bbox 1904 3145 1958 3200; x_wconf 88' lang='lat' dir='ltr'><strong>in</strong></span> <span class='ocrx_word' id='word_1_312' title='bbox 1991 3145 2085 3201; x_wconf 90' lang='lat' dir='ltr'><strong>lib.</strong></span> <span class='ocrx_word' id='word_1_313' title='bbox 2124 3163 2205 3212; x_wconf 81' lang='grc' dir='ltr'>ιιι,</span> 
     </span>
    </p>
   </div>
   <div class='ocr_carea' id='block_1_58' title="bbox 635 3230 2207 3309">
    <p class='ocr_par' dir='ltr' id='par_1_58' title="bbox 635 3230 2207 3309">
     <span class='ocr_line' id='line_1_58' title="bbox 635 3230 2207 3309; baseline 0.003 -21"><span class='ocrx_word' id='word_1_314' title='bbox 635 3233 757 3288; x_wconf 87' lang='lat' dir='ltr'><strong>cod.</strong></span> <span class='ocrx_word' id='word_1_315' title='bbox 793 3230 877 3288; x_wconf 86' lang='lat' dir='ltr'><strong>tit.</strong></span> <span class='ocrx_word' id='word_1_316' title='bbox 910 3233 962 3298; x_wconf 87' lang='lat'><strong>7,</strong></span> <span class='ocrx_word' id='word_1_317' title='bbox 1009 3234 1229 3291; x_wconf 87' lang='lat' dir='ltr'><strong>constit.</strong></span> <span class='ocrx_word' id='word_1_318' title='bbox 1265 3250 1302 3300; x_wconf 90' lang='lat' dir='ltr'><strong>I,</strong></span> <span class='ocrx_word' id='word_1_319' title='bbox 1348 3250 1521 3304; x_wconf 90' lang='lat' dir='ltr'><strong>eaque</strong></span> <span class='ocrx_word' id='word_1_320' title='bbox 1575 3237 1759 3301; x_wconf 90' lang='lat' dir='ltr'><strong>unica,</strong></span> <span class='ocrx_word' id='word_1_321' title='bbox 1796 3237 1945 3308; x_wconf 91' lang='lat' dir='ltr'><strong>quod</strong></span> <span class='ocrx_word' id='word_1_322' title='bbox 1982 3237 2079 3309; x_wconf 89' lang='lat' dir='ltr'><strong>qui</strong></span> <span class='ocrx_word' id='word_1_323' title='bbox 2106 3239 2207 3292; x_wconf 91' lang='lat' dir='ltr'><strong>im-</strong></span> 
     </span>
    </p>
   </div>
   <div class='ocr_carea' id='block_1_59' title="bbox 638 3326 2207 3399">
    <p class='ocr_par' dir='ltr' id='par_1_59' title="bbox 638 3326 2207 3399">
     <span class='ocr_line' id='line_1_59' title="bbox 638 3326 2207 3399; baseline 0.005 -21"><span class='ocrx_word' id='word_1_324' title='bbox 638 3335 944 3394; x_wconf 87' lang='lat' dir='ltr'><strong>peratorem</strong></span> <span class='ocrx_word' id='word_1_325' title='bbox 983 3326 1248 3382; x_wconf 86' lang='lat' dir='ltr'><strong>conviciis</strong></span> <span class='ocrx_word' id='word_1_326' title='bbox 1292 3326 1600 3393; x_wconf 90' lang='lat' dir='ltr'><strong>incesserit,</strong></span> <span class='ocrx_word' id='word_1_327' title='bbox 1656 3343 1763 3383; x_wconf 92' lang='lat' dir='ltr'><strong>non</strong></span> <span class='ocrx_word' id='word_1_328' title='bbox 1797 3330 2074 3399; x_wconf 90' lang='lat' dir='ltr'><strong>puniatur,</strong></span> <span class='ocrx_word' id='word_1_329' title='bbox 2108 3346 2207 3387; x_wconf 90' lang='lat' dir='ltr'><strong>ne-</strong></span> 
     </span>
    </p>
   </div>
   <div class='ocr_carea' id='block_1_60' title="bbox 2360 2496 3821 2577">
    <p class='ocr_par' dir='ltr' id='par_1_60' title="bbox 2360 2496 3821 2577">
     <span class='ocr_line' id='line_1_60' title="bbox 2360 2496 3821 2577; baseline 0.002 -23"><span class='ocrx_word' id='word_1_330' title='bbox 2360 2496 2431 2569; x_wconf 87' lang='grc' dir='ltr'>γ’.</span> <span class='ocrx_word' id='word_1_331' title='bbox 2453 2497 2521 2552; x_wconf 72' lang='lat' dir='ltr'><strong>EI</strong></span> <span class='ocrx_word' id='word_1_332' title='bbox 2550 2515 2635 2562; x_wconf 87' lang='grc' dir='ltr'><strong>τις</strong></span> <span class='ocrx_word' id='word_1_333' title='bbox 2665 2498 2774 2554; x_wconf 88' lang='grc' dir='ltr'><strong>τῶν</strong></span> <span class='ocrx_word' id='word_1_334' title='bbox 2795 2498 3001 2553; x_wconf 87' lang='grc' dir='ltr'>λαῖκῶν</span> <span class='ocrx_word' id='word_1_335' title='bbox 3035 2500 3396 2572; x_wconf 78' lang='grc' dir='ltr'>αὐθεντήσας,</span> <span class='ocrx_word' id='word_1_336' title='bbox 3423 2502 3519 2555; x_wconf 73' lang='grc' dir='ltr'>καὶ</span> <span class='ocrx_word' id='word_1_337' title='bbox 3547 2508 3821 2577; x_wconf 73' lang='grc' dir='ltr'>καταφροιή-</span> 
     </span>
    </p>
   </div>
   <div class='ocr_carea' id='block_1_61' title="bbox 2306 2590 3819 2666">
    <p class='ocr_par' dir='ltr' id='par_1_61' title="bbox 2306 2590 3819 2666">
     <span class='ocr_line' id='line_1_61' title="bbox 2306 2590 3819 2666; baseline 0.003 -20"><span class='ocrx_word' id='word_1_338' title='bbox 2306 2609 2404 2655; x_wconf 88' lang='grc' dir='ltr'><strong>σας</strong></span> <span class='ocrx_word' id='word_1_339' title='bbox 2425 2591 2522 2662; x_wconf 83' lang='grc' dir='ltr'>μὲν</span> <span class='ocrx_word' id='word_1_340' title='bbox 2545 2590 2653 2644; x_wconf 86' lang='grc' dir='ltr'><strong>τῶν</strong></span> <span class='ocrx_word' id='word_1_341' title='bbox 2682 2590 2842 2645; x_wconf 85' lang='grc' dir='ltr'>θείων</span> <span class='ocrx_word' id='word_1_342' title='bbox 2861 2590 2954 2645; x_wconf 76' lang='grc' dir='ltr'>καὶ</span> <span class='ocrx_word' id='word_1_343' title='bbox 2984 2590 3274 2662; x_wconf 82' lang='grc' dir='ltr'>βασιλικῶν</span> <span class='ocrx_word' id='word_1_344' title='bbox 3303 2595 3733 2666; x_wconf 76' lang='grc' dir='ltr'>προσταγμάτων,</span> <span class='ocrx_word' id='word_1_345' title='bbox 3752 2616 3819 2651; x_wconf 77' lang='grc' dir='ltr'>κα-</span> 
     </span>
    </p>
   </div>
   <div class='ocr_carea' id='block_1_62' title="bbox 2303 2680 3818 2773">
    <p class='ocr_par' dir='ltr' id='par_1_62' title="bbox 2303 2680 3818 2773">
     <span class='ocr_line' id='line_1_62' title="bbox 2303 2680 3818 2773; baseline 0.003 -38"><span class='ocrx_word' id='word_1_346' title='bbox 2303 2682 2611 2773; x_wconf 56' lang='grc' dir='ltr'>ταγελιξσας</span> <span class='ocrx_word' id='word_1_347' title='bbox 2659 2680 2716 2734; x_wconf 72' lang='grc' dir='ltr'><strong>δὲ</strong></span> <span class='ocrx_word' id='word_1_348' title='bbox 2758 2683 2853 2735; x_wconf 75' lang='grc' dir='ltr'>καὶ</span> <span class='ocrx_word' id='word_1_349' title='bbox 2924 2682 3032 2736; x_wconf 88' lang='grc' dir='ltr'><strong>τῶν</strong></span> <span class='ocrx_word' id='word_1_350' title='bbox 3094 2685 3339 2754; x_wconf 86' lang='grc' dir='ltr'>φρικτῶν</span> <span class='ocrx_word' id='word_1_351' title='bbox 3398 2686 3501 2756; x_wconf 85' lang='grc' dir='ltr'><strong>τῆς</strong></span> <span class='ocrx_word' id='word_1_352' title='bbox 3554 2687 3818 2758; x_wconf 80' lang='grc' dir='ltr'>Ἐκκλησίας</span> 
     </span>
    </p>
   </div>
   <div class='ocr_carea' id='block_1_63' title="bbox 2306 2771 3819 2845">
    <p class='ocr_par' dir='ltr' id='par_1_63' title="bbox 2306 2771 3819 2845">
     <span class='ocr_line' id='line_1_63' title="bbox 2306 2771 3819 2845; baseline 0.002 -18"><span class='ocrx_word' id='word_1_353' title='bbox 2306 2771 2523 2844; x_wconf 82' lang='grc' dir='ltr'>θεσμῶν</span> <span class='ocrx_word' id='word_1_354' title='bbox 2558 2789 2620 2825; x_wconf 87' lang='grc' dir='ltr'><strong>τε</strong></span> <span class='ocrx_word' id='word_1_355' title='bbox 2667 2772 2762 2825; x_wconf 71' lang='grc' dir='ltr'><strong>καὶ</strong></span> <span class='ocrx_word' id='word_1_356' title='bbox 2807 2771 3009 2843; x_wconf 87' lang='grc' dir='ltr'>νόμων,</span> <span class='ocrx_word' id='word_1_357' title='bbox 3040 2773 3363 2845; x_wconf 81' lang='grc' dir='ltr'>τολμήσειεν</span> <span class='ocrx_word' id='word_1_358' title='bbox 3413 2775 3691 2831; x_wconf 73' lang='grc' dir='ltr'>ἐπίσκοπόν</span> <span class='ocrx_word' id='word_1_359' title='bbox 3732 2795 3819 2831; x_wconf 69' lang='grc' dir='ltr'>τινα</span> 
     </span>
    </p>
   </div>
   <div class='ocr_carea' id='block_1_64' title="bbox 2306 2865 3820 2941">
    <p class='ocr_par' dir='ltr' id='par_1_64' title="bbox 2306 2865 3820 2941">
     <span class='ocr_line' id='line_1_64' title="bbox 2306 2865 3820 2941; baseline 0.003 -23"><span class='ocrx_word' id='word_1_360' title='bbox 2306 2866 2493 2935; x_wconf 81' lang='grc' dir='ltr'>τύψαι,</span> <span class='ocrx_word' id='word_1_361' title='bbox 2536 2865 2570 2936; x_wconf 80' lang='grc' dir='ltr'>ἢ</span> <span class='ocrx_word' id='word_1_362' title='bbox 2607 2865 2990 2937; x_wconf 76' lang='grc' dir='ltr'>φυλακίσαι,ἥ</span> <span class='ocrx_word' id='word_1_363' title='bbox 3042 2867 3212 2937; x_wconf 73' lang='grc' dir='ltr'>χωρὶς</span> <span class='ocrx_word' id='word_1_364' title='bbox 3261 2867 3469 2935; x_wconf 73' lang='grc' dir='ltr'>αἰτίας,</span> <span class='ocrx_word' id='word_1_365' title='bbox 3530 2870 3677 2940; x_wconf 75' lang='grc' dir='ltr'>ἧκαὶ</span> <span class='ocrx_word' id='word_1_366' title='bbox 3719 2886 3820 2941; x_wconf 76' lang='grc' dir='ltr'>συμ-</span> 
     </span>
    </p>
   </div>
   <div class='ocr_carea' id='block_1_65' title="bbox 2308 2956 3661 3029">
    <p class='ocr_par' dir='ltr' id='par_1_65' title="bbox 2308 2956 3661 3029">
     <span class='ocr_line' id='line_1_65' title="bbox 2308 2956 3661 3029; baseline 0.003 -19"><span class='ocrx_word' id='word_1_367' title='bbox 2308 2957 2653 3028; x_wconf 82' lang='grc' dir='ltr'>πλασάμενος</span> <span class='ocrx_word' id='word_1_368' title='bbox 2679 2956 2878 3021; x_wconf 76' lang='grc' dir='ltr'>αἰτίαν,</span> <span class='ocrx_word' id='word_1_369' title='bbox 2909 2959 2937 3010; x_wconf 87' lang='grc' dir='ltr'><strong>ό</strong></span> <span class='ocrx_word' id='word_1_370' title='bbox 2968 2956 3209 3021; x_wconf 80' lang='grc' dir='ltr'>τοιοῦτος</span> <span class='ocrx_word' id='word_1_371' title='bbox 3233 2958 3488 3029; x_wconf 83' lang='grc' dir='ltr'>ἀνάθεμα</span> <span class='ocrx_word' id='word_1_372' title='bbox 3516 2960 3661 3015; x_wconf 73' lang='grc' dir='ltr'>ἔστω.</span> 
     </span>
    </p>
   </div>
   <div class='ocr_carea' id='block_1_66' title="bbox 2392 3050 3820 3125">
    <p class='ocr_par' dir='ltr' id='par_1_66' title="bbox 2392 3050 3820 3125">
     <span class='ocr_line' id='line_1_66' title="bbox 2392 3050 3820 3125; baseline 0.001 -19"><span class='ocrx_word' id='word_1_373' title='bbox 2392 3053 2594 3114; x_wconf 84' lang='grc' dir='ltr'>Ἰδικῶς</span> <span class='ocrx_word' id='word_1_374' title='bbox 2648 3051 2746 3121; x_wconf 84' lang='grc' dir='ltr'><strong>μὲν</strong></span> <span class='ocrx_word' id='word_1_375' title='bbox 2775 3050 2870 3103; x_wconf 80' lang='grc' dir='ltr'>καὶ</span> <span class='ocrx_word' id='word_1_376' title='bbox 2896 3050 3024 3121; x_wconf 76' lang='grc' dir='ltr'>περὶ</span> <span class='ocrx_word' id='word_1_377' title='bbox 3074 3050 3352 3122; x_wconf 88' lang='grc' dir='ltr'>κληρικῶν</span> <span class='ocrx_word' id='word_1_378' title='bbox 3378 3053 3733 3125; x_wconf 80' lang='grc' dir='ltr'>ὑϐριζόντωνὸ</span> <span class='ocrx_word' id='word_1_379' title='bbox 3755 3071 3820 3108; x_wconf 68' lang='grc' dir='ltr'>που</span> 
     </span>
    </p>
   </div>
   <div class='ocr_carea' id='block_1_67' title="bbox 2308 3141 3823 3216">
    <p class='ocr_par' dir='ltr' id='par_1_67' title="bbox 2308 3141 3823 3216">
     <span class='ocr_line' id='line_1_67' title="bbox 2308 3141 3823 3216; baseline 0 -18"><span class='ocrx_word' id='word_1_380' title='bbox 2308 3142 2510 3207; x_wconf 82' lang='grc' dir='ltr'>λιτικδς</span> <span class='ocrx_word' id='word_1_381' title='bbox 2536 3141 2698 3213; x_wconf 86' lang='grc' dir='ltr'>νόμος</span> <span class='ocrx_word' id='word_1_382' title='bbox 2733 3142 2795 3195; x_wconf 88' lang='grc' dir='ltr'><strong>ού</strong></span> <span class='ocrx_word' id='word_1_383' title='bbox 2816 3141 3171 3213; x_wconf 80' lang='grc' dir='ltr'>διαλαμϐάνει</span> <span class='ocrx_word' id='word_1_384' title='bbox 3203 3160 3218 3174; x_wconf 89' lang='grc'><strong>·</strong></span> <span class='ocrx_word' id='word_1_385' title='bbox 3255 3143 3410 3214; x_wconf 83' lang='grc' dir='ltr'>λέγει</span> <span class='ocrx_word' id='word_1_386' title='bbox 3438 3144 3495 3198; x_wconf 83' lang='grc' dir='ltr'><strong>δὲ</strong></span> <span class='ocrx_word' id='word_1_387' title='bbox 3541 3144 3669 3216; x_wconf 75' lang='grc' dir='ltr'>βιϐλ.</span> <span class='ocrx_word' id='word_1_388' title='bbox 3700 3144 3736 3198; x_wconf 89' lang='grc' dir='ltr'>θ’</span> <span class='ocrx_word' id='word_1_389' title='bbox 3754 3145 3823 3199; x_wconf 72' lang='grc' dir='ltr'>τοῦ</span> 
     </span>
    </p>
   </div>
   <div class='ocr_carea' id='block_1_68' title="bbox 2318 3230 3817 3306">
    <p class='ocr_par' dir='ltr' id='par_1_68' title="bbox 2318 3230 3817 3306">
     <span class='ocr_line' id='line_1_68' title="bbox 2318 3230 3817 3306; baseline -0.001 -17"><span class='ocrx_word' id='word_1_390' title='bbox 2318 3234 2476 3299; x_wconf 82' lang='grc' dir='ltr'>κώδ.,</span> <span class='ocrx_word' id='word_1_391' title='bbox 2517 3234 2624 3287; x_wconf 87' lang='grc' dir='ltr'>τίτ.</span> <span class='ocrx_word' id='word_1_392' title='bbox 2665 3230 2733 3298; x_wconf 78' lang='grc' dir='ltr'><strong>ζ’,</strong></span> <span class='ocrx_word' id='word_1_393' title='bbox 2760 3231 2899 3287; x_wconf 85' lang='grc' dir='ltr'>διάτ.</span> <span class='ocrx_word' id='word_1_394' title='bbox 2932 3239 2980 3286; x_wconf 86' lang='grc' dir='ltr'>α’</span> <span class='ocrx_word' id='word_1_395' title='bbox 3007 3236 3099 3286; x_wconf 77' lang='grc' dir='ltr'><strong>καὶ</strong></span> <span class='ocrx_word' id='word_1_396' title='bbox 3135 3234 3294 3305; x_wconf 86' lang='grc' dir='ltr'>μόνη,</span> <span class='ocrx_word' id='word_1_397' title='bbox 3348 3236 3435 3289; x_wconf 85' lang='grc' dir='ltr'>ὅτι</span> <span class='ocrx_word' id='word_1_398' title='bbox 3459 3238 3489 3290; x_wconf 84' lang='grc' dir='ltr'><strong>ό</strong></span> <span class='ocrx_word' id='word_1_399' title='bbox 3538 3236 3623 3289; x_wconf 82' lang='grc' dir='ltr'><strong>τὸν</strong></span> <span class='ocrx_word' id='word_1_400' title='bbox 3651 3236 3817 3306; x_wconf 72' lang='grc' dir='ltr'>βασιλέα</span> 
     </span>
    </p>
   </div>
   <div class='ocr_carea' id='block_1_69' title="bbox 2308 3325 3817 3401">
    <p class='ocr_par' dir='ltr' id='par_1_69' title="bbox 2308 3325 3817 3401">
     <span class='ocr_line' id='line_1_69' title="bbox 2308 3325 3817 3401; baseline 0.002 -22"><span class='ocrx_word' id='word_1_401' title='bbox 2308 3327 2544 3399; x_wconf 77' lang='grc' dir='ltr'>ὑϐρίζων</span> <span class='ocrx_word' id='word_1_402' title='bbox 2595 3326 2654 3379; x_wconf 85' lang='grc' dir='ltr'><strong>ού</strong></span> <span class='ocrx_word' id='word_1_403' title='bbox 2698 3326 3044 3397; x_wconf 80' lang='grc' dir='ltr'>τιμωρεῖται,</span> <span class='ocrx_word' id='word_1_404' title='bbox 3101 3325 3229 3380; x_wconf 75' lang='grc' dir='ltr'>οὔτε</span> <span class='ocrx_word' id='word_1_405' title='bbox 3275 3344 3328 3382; x_wconf 91' lang='grc' dir='ltr'><strong>τι</strong></span> <span class='ocrx_word' id='word_1_406' title='bbox 3392 3328 3681 3401; x_wconf 81' lang='grc' dir='ltr'>σκληρὸνῆ</span> <span class='ocrx_word' id='word_1_407' title='bbox 3722 3333 3817 3398; x_wconf 69' lang='grc' dir='ltr'>ταχὺ</span> 
     </span>
    </p>
   </div>
   <div class='ocr_carea' id='block_1_70' title="bbox 2309 3413 3817 3489">
    <p class='ocr_par' dir='ltr' id='par_1_70' title="bbox 2309 3413 3817 3489">
     <span class='ocr_line' id='line_1_70' title="bbox 2309 3413 3817 3489; baseline -0.003 -17"><span class='ocrx_word' id='word_1_408' title='bbox 2309 3418 2571 3489; x_wconf 80' lang='grc' dir='ltr'>ὑπομένει</span> <span class='ocrx_word' id='word_1_409' title='bbox 2597 3433 2611 3448; x_wconf 74' lang='grc' dir='ltr'><strong>ο</strong></span> <span class='ocrx_word' id='word_1_410' title='bbox 2643 3417 2676 3488; x_wconf 82' lang='grc' dir='ltr'>ἢ</span> <span class='ocrx_word' id='word_1_411' title='bbox 2709 3417 2819 3487; x_wconf 85' lang='grc' dir='ltr'>γὰρ</span> <span class='ocrx_word' id='word_1_412' title='bbox 2853 3417 2961 3471; x_wconf 79' lang='grc' dir='ltr'><strong>ἀπὸ</strong></span> <span class='ocrx_word' id='word_1_413' title='bbox 2987 3418 3316 3489; x_wconf 84' lang='grc' dir='ltr'>κουφότητος</span> <span class='ocrx_word' id='word_1_414' title='bbox 3366 3413 3490 3472; x_wconf 85' lang='grc' dir='ltr'>εἷπε</span> <span class='ocrx_word' id='word_1_415' title='bbox 3515 3460 3530 3486; x_wconf 87' lang='grc'><strong>,</strong></span> <span class='ocrx_word' id='word_1_416' title='bbox 3576 3420 3657 3473; x_wconf 76' lang='grc' dir='ltr'>καὶ</span> <span class='ocrx_word' id='word_1_417' title='bbox 3708 3435 3817 3487; x_wconf 83' lang='grc' dir='ltr'>περι-</span> 
     </span>
    </p>
   </div>
   <div class='ocr_carea' id='block_1_71' title="bbox 2311 3508 3816 3581">
    <p class='ocr_par' dir='ltr' id='par_1_71' title="bbox 2311 3508 3816 3581">
     <span class='ocr_line' id='line_1_71' title="bbox 2311 3508 3816 3581; baseline 0 -18"><span class='ocrx_word' id='word_1_418' title='bbox 2311 3512 2588 3581; x_wconf 83' lang='grc' dir='ltr'>φρονεῑται</span> <span class='ocrx_word' id='word_1_419' title='bbox 2613 3522 2628 3538; x_wconf 77' lang='grc'><strong>⁸</strong></span> <span class='ocrx_word' id='word_1_420' title='bbox 2656 3508 2689 3578; x_wconf 79' lang='grc' dir='ltr'><strong>ἢ</strong></span> <span class='ocrx_word' id='word_1_421' title='bbox 2722 3508 2780 3575; x_wconf 76' lang='grc' dir='ltr'>ἐξ</span> <span class='ocrx_word' id='word_1_422' title='bbox 2813 3508 3016 3575; x_wconf 76' lang='grc' dir='ltr'>ἀνοίας,</span> <span class='ocrx_word' id='word_1_423' title='bbox 3052 3511 3146 3563; x_wconf 81' lang='grc' dir='ltr'>καὶ</span> <span class='ocrx_word' id='word_1_424' title='bbox 3187 3509 3421 3564; x_wconf 81' lang='grc' dir='ltr'>ὲλεεῖται</span> <span class='ocrx_word' id='word_1_425' title='bbox 3453 3527 3466 3541; x_wconf 90' lang='grc'><strong>·</strong></span> <span class='ocrx_word' id='word_1_426' title='bbox 3505 3510 3538 3576; x_wconf 79' lang='grc' dir='ltr'>ἦ</span> <span class='ocrx_word' id='word_1_427' title='bbox 3565 3510 3633 3573; x_wconf 86' lang='grc' dir='ltr'>ὡς</span> <span class='ocrx_word' id='word_1_428' title='bbox 3661 3510 3816 3564; x_wconf 72' lang='grc' dir='ltr'>ἀδικού-</span> 
     </span>
    </p>
   </div>
   <div class='ocr_carea' id='block_1_72' title="bbox 2315 3600 3812 3672">
    <p class='ocr_par' dir='ltr' id='par_1_72' title="bbox 2315 3600 3812 3672">
     <span class='ocr_line' id='line_1_72' title="bbox 2315 3600 3812 3672; baseline -0.002 -18"><span class='ocrx_word' id='word_1_429' title='bbox 2315 3617 2493 3671; x_wconf 82' lang='grc' dir='ltr'>μενος,</span> <span class='ocrx_word' id='word_1_430' title='bbox 2519 3600 2613 3654; x_wconf 76' lang='grc' dir='ltr'>καὶ</span> <span class='ocrx_word' id='word_1_431' title='bbox 2642 3603 3008 3672; x_wconf 85' lang='grc' dir='ltr'>συγχωρείται</span> <span class='ocrx_word' id='word_1_432' title='bbox 3037 3616 3050 3630; x_wconf 77' lang='grc'>³</span> <span class='ocrx_word' id='word_1_433' title='bbox 3105 3600 3440 3672; x_wconf 80' lang='grc' dir='ltr'>ἀναφέρεται</span> <span class='ocrx_word' id='word_1_434' title='bbox 3472 3600 3527 3654; x_wconf 85' lang='grc' dir='ltr'><strong>δὲ</strong></span> <span class='ocrx_word' id='word_1_435' title='bbox 3554 3601 3626 3672; x_wconf 86' lang='grc' dir='ltr'>τῷ</span> <span class='ocrx_word' id='word_1_436' title='bbox 3644 3601 3812 3670; x_wconf 75' lang='grc' dir='ltr'>βασιλεῖ,</span> 
     </span>
    </p>
   </div>
   <div class='ocr_carea' id='block_1_73' title="bbox 2312 3691 3814 3764">
    <p class='ocr_par' dir='ltr' id='par_1_73' title="bbox 2312 3691 3814 3764">
     <span class='ocr_line' id='line_1_73' title="bbox 2312 3691 3814 3764; baseline -0.001 -18"><span class='ocrx_word' id='word_1_437' title='bbox 2312 3692 2406 3747; x_wconf 76' lang='grc' dir='ltr'><strong>καὶ</strong></span> <span class='ocrx_word' id='word_1_438' title='bbox 2437 3692 2598 3755; x_wconf 82' lang='grc' dir='ltr'>αὐτὸς</span> <span class='ocrx_word' id='word_1_439' title='bbox 2629 3692 2693 3745; x_wconf 82' lang='grc' dir='ltr'>ὲκ</span> <span class='ocrx_word' id='word_1_440' title='bbox 2730 3691 2831 3761; x_wconf 79' lang='grc' dir='ltr'>τῆς</span> <span class='ocrx_word' id='word_1_441' title='bbox 2883 3691 3168 3763; x_wconf 79' lang='grc' dir='ltr'>ποιότητος</span> <span class='ocrx_word' id='word_1_442' title='bbox 3209 3691 3304 3746; x_wconf 81' lang='grc' dir='ltr'>τοῦ</span> <span class='ocrx_word' id='word_1_443' title='bbox 3358 3691 3645 3763; x_wconf 82' lang='grc' dir='ltr'>προσώπου</span> <span class='ocrx_word' id='word_1_444' title='bbox 3690 3693 3814 3764; x_wconf 76' lang='grc' dir='ltr'>κρίνει</span> 
     </span>
    </p>
   </div>
   <div class='ocr_carea' id='block_1_74' title="bbox 2312 3784 3813 3857">
    <p class='ocr_par' dir='ltr' id='par_1_74' title="bbox 2312 3784 3813 3857">
     <span class='ocr_line' id='line_1_74' title="bbox 2312 3784 3813 3857; baseline -0.001 -19"><span class='ocrx_word' id='word_1_445' title='bbox 2312 3787 2361 3838; x_wconf 79' lang='grc' dir='ltr'><strong>εί</strong></span> <span class='ocrx_word' id='word_1_446' title='bbox 2391 3785 2596 3854; x_wconf 83' lang='grc' dir='ltr'>ὀφείλει</span> <span class='ocrx_word' id='word_1_447' title='bbox 2634 3784 3057 3855; x_wconf 82' lang='grc' dir='ltr'>συγχωρηθῆναι</span> <span class='ocrx_word' id='word_1_448' title='bbox 3101 3785 3134 3856; x_wconf 74' lang='grc' dir='ltr'><strong>ἢ</strong></span> <span class='ocrx_word' id='word_1_449' title='bbox 3189 3787 3568 3857; x_wconf 82' lang='grc' dir='ltr'>τιμωρηθῆναι</span> <span class='ocrx_word' id='word_1_450' title='bbox 3599 3803 3615 3817; x_wconf 74' lang='grc' dir='ltr'><strong>ο</strong></span> <span class='ocrx_word' id='word_1_451' title='bbox 3656 3787 3813 3856; x_wconf 67' lang='grc' dir='ltr'>εἴρηται</span> 
     </span>
    </p>
   </div>
   <div class='ocr_carea' id='block_1_75' title="bbox 2312 3872 3813 3947">
    <p class='ocr_par' dir='ltr' id='par_1_75' title="bbox 2312 3872 3813 3947">
     <span class='ocr_line' id='line_1_75' title="bbox 2312 3872 3813 3947; baseline 0 -20"><span class='ocrx_word' id='word_1_452' title='bbox 2312 3876 2421 3947; x_wconf 82' lang='grc' dir='ltr'><strong>γὰρ</strong></span> <span class='ocrx_word' id='word_1_453' title='bbox 2450 3877 2544 3928; x_wconf 70' lang='grc' dir='ltr'><strong>καὶ</strong></span> <span class='ocrx_word' id='word_1_454' title='bbox 2576 3874 2719 3946; x_wconf 85' lang='grc' dir='ltr'>βιϐλ.</span> <span class='ocrx_word' id='word_1_455' title='bbox 2780 3881 2890 3945; x_wconf 83' lang='grc' dir='ltr'>μη¹,</span> <span class='ocrx_word' id='word_1_456' title='bbox 2921 3876 3027 3928; x_wconf 87' lang='grc' dir='ltr'>τίτ.</span> <span class='ocrx_word' id='word_1_457' title='bbox 3060 3872 3102 3928; x_wconf 86' lang='grc' dir='ltr'><strong>δ’</strong></span> <span class='ocrx_word' id='word_1_458' title='bbox 3122 3915 3137 3941; x_wconf 90' lang='grc'><strong>,</strong></span> <span class='ocrx_word' id='word_1_459' title='bbox 3166 3874 3274 3943; x_wconf 85' lang='grc' dir='ltr'>δίγ.</span> <span class='ocrx_word' id='word_1_460' title='bbox 3308 3874 3352 3939; x_wconf 77' lang='grc' dir='ltr'><strong>ζ’</strong></span> <span class='ocrx_word' id='word_1_461' title='bbox 3373 3915 3389 3940; x_wconf 95' lang='grc'><strong>,</strong></span> <span class='ocrx_word' id='word_1_462' title='bbox 3416 3877 3499 3929; x_wconf 85' lang='grc' dir='ltr'>ὅτι</span> <span class='ocrx_word' id='word_1_463' title='bbox 3521 3875 3578 3929; x_wconf 85' lang='grc' dir='ltr'><strong>ού</strong></span> <span class='ocrx_word' id='word_1_464' title='bbox 3599 3875 3690 3947; x_wconf 78' lang='grc' dir='ltr'>χρὴ</span> <span class='ocrx_word' id='word_1_465' title='bbox 3728 3876 3813 3938; x_wconf 75' lang='grc' dir='ltr'>τοὺς</span> 
     </span>
    </p>
   </div>
   <div class='ocr_carea' id='block_1_76' title="bbox 2311 3966 3810 4040">
    <p class='ocr_par' dir='ltr' id='par_1_76' title="bbox 2311 3966 3810 4040">
     <span class='ocr_line' id='line_1_76' title="bbox 2311 3966 3810 4040; baseline -0.003 -19"><span class='ocrx_word' id='word_1_466' title='bbox 2311 3968 2571 4032; x_wconf 77' lang='grc' dir='ltr'>δικαστὰς</span> <span class='ocrx_word' id='word_1_467' title='bbox 2605 3966 3015 4039; x_wconf 83' lang='grc' dir='ltr'>ἁποκεχρῆσθαι</span> <span class='ocrx_word' id='word_1_468' title='bbox 3038 3970 3103 4039; x_wconf 76' lang='grc' dir='ltr'>τῇ</span> <span class='ocrx_word' id='word_1_469' title='bbox 3134 3967 3386 4039; x_wconf 79' lang='grc' dir='ltr'>βασιλικῇ</span> <span class='ocrx_word' id='word_1_470' title='bbox 3420 3971 3572 4040; x_wconf 78' lang='grc' dir='ltr'>τιμῇ,</span> <span class='ocrx_word' id='word_1_471' title='bbox 3620 3968 3731 4022; x_wconf 76' lang='grc' dir='ltr'>ἀλλὰ</span> <span class='ocrx_word' id='word_1_472' title='bbox 3768 3969 3810 4018; x_wconf 72' lang='grc' dir='ltr'>τὸ</span> 
     </span>
    </p>
   </div>
   <div class='ocr_carea' id='block_1_77' title="bbox 636 3419 2209 3492">
    <p class='ocr_par' dir='ltr' id='par_1_77' title="bbox 636 3419 2209 3492">
     <span class='ocr_line' id='line_1_77' title="bbox 636 3419 2209 3492; baseline 0.005 -21"><span class='ocrx_word' id='word_1_473' title='bbox 636 3435 743 3488; x_wconf 86' lang='lat' dir='ltr'><strong>que</strong></span> <span class='ocrx_word' id='word_1_474' title='bbox 797 3419 999 3474; x_wconf 90' lang='lat' dir='ltr'><strong>durum</strong></span> <span class='ocrx_word' id='word_1_475' title='bbox 1049 3419 1253 3489; x_wconf 88' lang='lat' dir='ltr'><strong>aliquid</strong></span> <span class='ocrx_word' id='word_1_476' title='bbox 1314 3435 1415 3476; x_wconf 90' lang='lat' dir='ltr'><strong>nec</strong></span> <span class='ocrx_word' id='word_1_477' title='bbox 1463 3436 1718 3492; x_wconf 88' lang='lat' dir='ltr'><strong>asperum</strong></span> <span class='ocrx_word' id='word_1_478' title='bbox 1755 3423 2048 3481; x_wconf 86' lang='lat' dir='ltr'><strong>sustineat.</strong></span> <span class='ocrx_word' id='word_1_479' title='bbox 2101 3425 2209 3480; x_wconf 85' lang='lat' dir='ltr'><strong>Aut</strong></span> 
     </span>
    </p>
   </div>
   <div class='ocr_carea' id='block_1_78' title="bbox 633 3510 2206 3583">
    <p class='ocr_par' dir='ltr' id='par_1_78' title="bbox 633 3510 2206 3583">
     <span class='ocr_line' id='line_1_78' title="bbox 633 3510 2206 3583; baseline 0.004 -18"><span class='ocrx_word' id='word_1_480' title='bbox 633 3511 779 3565; x_wconf 90' lang='lat' dir='ltr'><strong>enim</strong></span> <span class='ocrx_word' id='word_1_481' title='bbox 833 3510 1059 3583; x_wconf 82' lang='lat' dir='ltr'><strong>[inquit]</strong></span> <span class='ocrx_word' id='word_1_482' title='bbox 1099 3526 1163 3565; x_wconf 81' lang='lat' dir='ltr'><strong>ex</strong></span> <span class='ocrx_word' id='word_1_483' title='bbox 1214 3510 1430 3566; x_wconf 90' lang='lat' dir='ltr'><strong>levitate</strong></span> <span class='ocrx_word' id='word_1_484' title='bbox 1474 3511 1636 3576; x_wconf 83' lang='lat' dir='ltr'><strong>dixit,</strong></span> <span class='ocrx_word' id='word_1_485' title='bbox 1693 3523 1747 3568; x_wconf 91' lang='lat' dir='ltr'><strong>et</strong></span> <span class='ocrx_word' id='word_1_486' title='bbox 1791 3515 2206 3571; x_wconf 87' lang='lat' dir='ltr'><strong>contemnitur:</strong></span> 
     </span>
    </p>
   </div>
   <div class='ocr_carea' id='block_1_79' title="bbox 640 3603 2212 3675">
    <p class='ocr_par' dir='ltr' id='par_1_79' title="bbox 640 3603 2212 3675">
     <span class='ocr_line' id='line_1_79' title="bbox 640 3603 2212 3675; baseline 0.004 -19"><span class='ocrx_word' id='word_1_487' title='bbox 640 3612 736 3657; x_wconf 90' lang='lat' dir='ltr'><strong>aut</strong></span> <span class='ocrx_word' id='word_1_488' title='bbox 756 3618 823 3658; x_wconf 66' lang='lat' dir='ltr'><strong>ev</strong></span> <span class='ocrx_word' id='word_1_489' title='bbox 854 3604 1087 3667; x_wconf 90' lang='lat' dir='ltr'><strong>insania,</strong></span> <span class='ocrx_word' id='word_1_490' title='bbox 1113 3612 1166 3657; x_wconf 88' lang='lat' dir='ltr'><strong>et</strong></span> <span class='ocrx_word' id='word_1_491' title='bbox 1208 3603 1559 3659; x_wconf 87' lang='lat' dir='ltr'><strong>miseratione</strong></span> <span class='ocrx_word' id='word_1_492' title='bbox 1590 3604 1787 3675; x_wconf 76' lang='lat' dir='ltr'><strong>dignus</strong></span> <span class='ocrx_word' id='word_1_493' title='bbox 1819 3604 2049 3660; x_wconf 89' lang='lat' dir='ltr'><strong>habetur</strong></span> <span class='ocrx_word' id='word_1_494' title='bbox 2078 3615 2212 3662; x_wconf 89' lang='lat' dir='ltr'><strong>:aut</strong></span> 
     </span>
    </p>
   </div>
   <div class='ocr_carea' id='block_1_80' title="bbox 639 3693 2207 3771">
    <p class='ocr_par' dir='ltr' id='par_1_80' title="bbox 639 3693 2207 3771">
     <span class='ocr_line' id='line_1_80' title="bbox 639 3693 2207 3771; baseline 0.003 -24"><span class='ocrx_word' id='word_1_495' title='bbox 639 3703 898 3763; x_wconf 86' lang='lat' dir='ltr'><strong>tanquam</strong></span> <span class='ocrx_word' id='word_1_496' title='bbox 948 3693 1205 3763; x_wconf 91' lang='lat' dir='ltr'><strong>injuriam</strong></span> <span class='ocrx_word' id='word_1_497' title='bbox 1256 3709 1477 3765; x_wconf 89' lang='lat' dir='ltr'><strong>passus,</strong></span> <span class='ocrx_word' id='word_1_498' title='bbox 1525 3703 1580 3750; x_wconf 88' lang='lat' dir='ltr'><strong>et</strong></span> <span class='ocrx_word' id='word_1_499' title='bbox 1616 3695 1979 3751; x_wconf 89' lang='lat' dir='ltr'><strong>condonatur.</strong></span> <span class='ocrx_word' id='word_1_500' title='bbox 2028 3696 2207 3771; x_wconf 89' lang='lat' dir='ltr'><strong>[Eam]</strong></span> 
     </span>
    </p>
   </div>
   <div class='ocr_carea' id='block_1_81' title="bbox 638 3784 2211 3857">
    <p class='ocr_par' dir='ltr' id='par_1_81' title="bbox 638 3784 2211 3857">
     <span class='ocr_line' id='line_1_81' title="bbox 638 3784 2211 3857; baseline 0.003 -16"><span class='ocrx_word' id='word_1_501' title='bbox 638 3797 820 3841; x_wconf 86' lang='lat' dir='ltr'><strong>autem</strong></span> <span class='ocrx_word' id='word_1_502' title='bbox 850 3784 1013 3857; x_wconf 89' lang='lat' dir='ltr'><strong>[rem]</strong></span> <span class='ocrx_word' id='word_1_503' title='bbox 1054 3786 1123 3841; x_wconf 85' lang='lat' dir='ltr'><strong>ad</strong></span> <span class='ocrx_word' id='word_1_504' title='bbox 1166 3786 1553 3855; x_wconf 90' lang='lat' dir='ltr'><strong>imperatorem</strong></span> <span class='ocrx_word' id='word_1_505' title='bbox 1606 3786 1829 3855; x_wconf 86' lang='lat' dir='ltr'><strong>referri,</strong></span> <span class='ocrx_word' id='word_1_506' title='bbox 1872 3802 2108 3855; x_wconf 89' lang='lat' dir='ltr'><strong>eumque</strong></span> <span class='ocrx_word' id='word_1_507' title='bbox 2145 3805 2211 3845; x_wconf 85' lang='lat' dir='ltr'><strong>ex</strong></span> 
     </span>
    </p>
   </div>
   <div class='ocr_carea' id='block_1_82' title="bbox 637 3875 2213 3946">
    <p class='ocr_par' dir='ltr' id='par_1_82' title="bbox 637 3875 2213 3946">
     <span class='ocr_line' id='line_1_82' title="bbox 637 3875 2213 3946; baseline 0.002 -16"><span class='ocrx_word' id='word_1_508' title='bbox 637 3875 899 3945; x_wconf 88' lang='lat' dir='ltr'><strong>qualitate</strong></span> <span class='ocrx_word' id='word_1_509' title='bbox 932 3891 1178 3945; x_wconf 69' lang='lat' dir='ltr'><strong>personae</strong></span> <span class='ocrx_word' id='word_1_510' title='bbox 1203 3875 1476 3945; x_wconf 85' lang='lat' dir='ltr'><strong>judicare,</strong></span> <span class='ocrx_word' id='word_1_511' title='bbox 1518 3876 1751 3931; x_wconf 85' lang='lat' dir='ltr'><strong>veniane</strong></span> <span class='ocrx_word' id='word_1_512' title='bbox 1788 3876 2082 3946; x_wconf 79' lang='lat' dir='ltr'><strong>dignanda,</strong></span> <span class='ocrx_word' id='word_1_513' title='bbox 2118 3889 2213 3934; x_wconf 88' lang='lat' dir='ltr'><strong>aut</strong></span> 
     </span>
    </p>
   </div>
   <div class='ocr_carea' id='block_1_83' title="bbox 640 3964 2211 4036">
    <p class='ocr_par' dir='ltr' id='par_1_83' title="bbox 640 3964 2211 4036">
     <span class='ocr_line' id='line_1_83' title="bbox 640 3964 2211 4036; baseline 0 -19"><span class='ocrx_word' id='word_1_514' title='bbox 640 3979 769 4020; x_wconf 89' lang='lat' dir='ltr'><strong>vero</strong></span> <span class='ocrx_word' id='word_1_515' title='bbox 814 3965 1085 4035; x_wconf 91' lang='lat' dir='ltr'><strong>punienda</strong></span> <span class='ocrx_word' id='word_1_516' title='bbox 1137 3965 1228 4021; x_wconf 88' lang='lat' dir='ltr'><strong>sit.</strong></span> <span class='ocrx_word' id='word_1_517' title='bbox 1273 3964 1412 4019; x_wconf 88' lang='lat' dir='ltr'><strong>Nam</strong></span> <span class='ocrx_word' id='word_1_518' title='bbox 1445 3964 1646 4021; x_wconf 90' lang='lat' dir='ltr'><strong>dicitur</strong></span> <span class='ocrx_word' id='word_1_519' title='bbox 1686 3966 1851 4021; x_wconf 91' lang='lat' dir='ltr'><strong>etiam</strong></span> <span class='ocrx_word' id='word_1_520' title='bbox 1895 3967 1992 4021; x_wconf 93' lang='lat' dir='ltr'><strong>lib.</strong></span> <span class='ocrx_word' id='word_1_521' title='bbox 2025 3983 2211 4036; x_wconf 79' lang='lat' dir='ltr'><strong>vam,</strong></span> 
     </span>
    </p>
   </div>
   <div class='ocr_carea' id='block_1_84' title="bbox 640 4055 2208 4132">
    <p class='ocr_par' dir='ltr' id='par_1_84' title="bbox 640 4056 2208 4132">
     <span class='ocr_line' id='line_1_84' title="bbox 640 4056 2208 4132; baseline 0.003 -21"><span class='ocrx_word' id='word_1_522' title='bbox 640 4060 728 4113; x_wconf 89' lang='lat' dir='ltr'><strong>tit.</strong></span> <span class='ocrx_word' id='word_1_523' title='bbox 756 4060 811 4125; x_wconf 78' lang='grc'>4,</span> <span class='ocrx_word' id='word_1_524' title='bbox 837 4059 1031 4129; x_wconf 80' lang='lat' dir='ltr'><strong>digest.</strong></span> <span class='ocrx_word' id='word_1_525' title='bbox 1068 4059 1118 4124; x_wconf 85' lang='lat'><strong>7,</strong></span> <span class='ocrx_word' id='word_1_526' title='bbox 1145 4058 1357 4129; x_wconf 90' lang='lat' dir='ltr'><strong>judiees</strong></span> <span class='ocrx_word' id='word_1_527' title='bbox 1388 4058 1704 4129; x_wconf 89' lang='lat' dir='ltr'><strong>principalis</strong></span> <span class='ocrx_word' id='word_1_528' title='bbox 1736 4056 2086 4132; x_wconf 87' lang='lat' dir='ltr'><strong>[majestatis]</strong></span> <span class='ocrx_word' id='word_1_529' title='bbox 2129 4076 2208 4115; x_wconf 90' lang='lat' dir='ltr'><strong>ve-</strong></span> 
     </span>
    </p>
   </div>
   <div class='ocr_carea' id='block_1_85' title="bbox 2308 4055 3811 4132">
    <p class='ocr_par' dir='ltr' id='par_1_85' title="bbox 2313 4055 3811 4132">
     <span class='ocr_line' id='line_1_85' title="bbox 2313 4055 3811 4132; baseline -0.005 -17"><span class='ocrx_word' id='word_1_530' title='bbox 2313 4061 2511 4131; x_wconf 81' lang='grc' dir='ltr'>ἀληθὲς</span> <span class='ocrx_word' id='word_1_531' title='bbox 2568 4063 2814 4126; x_wconf 83' lang='grc' dir='ltr'>σκοπεῖν,</span> <span class='ocrx_word' id='word_1_532' title='bbox 2859 4061 2952 4113; x_wconf 76' lang='grc' dir='ltr'><strong>καὶ</strong></span> <span class='ocrx_word' id='word_1_533' title='bbox 3000 4061 3048 4113; x_wconf 82' lang='grc' dir='ltr'>εἰ</span> <span class='ocrx_word' id='word_1_534' title='bbox 3106 4059 3330 4113; x_wconf 78' lang='grc' dir='ltr'>δυνατὸν</span> <span class='ocrx_word' id='word_1_535' title='bbox 3367 4055 3439 4131; x_wconf 80' lang='grc' dir='ltr'>ἦν</span> <span class='ocrx_word' id='word_1_536' title='bbox 3479 4060 3538 4113; x_wconf 78' lang='grc' dir='ltr'><strong>τὸ</strong></span> <span class='ocrx_word' id='word_1_537' title='bbox 3591 4060 3811 4132; x_wconf 58' lang='grc' dir='ltr'>πρότακτοι</span> 
     </span>
    </p>
   </div>
   <div class='ocr_carea' id='block_1_86' title="bbox 643 4150 2208 4224">
    <p class='ocr_par' dir='ltr' id='par_1_86' title="bbox 643 4152 2208 4222">
     <span class='ocr_line' id='line_1_86' title="bbox 643 4152 2208 4222; baseline -0.001 -15"><span class='ocrx_word' id='word_1_538' title='bbox 643 4153 923 4207; x_wconf 89' lang='lat' dir='ltr'><strong>neratione</strong></span> <span class='ocrx_word' id='word_1_539' title='bbox 947 4152 1096 4207; x_wconf 89' lang='lat' dir='ltr'><strong>abuti</strong></span> <span class='ocrx_word' id='word_1_540' title='bbox 1131 4168 1241 4206; x_wconf 90' lang='lat' dir='ltr'><strong>non</strong></span> <span class='ocrx_word' id='word_1_541' title='bbox 1271 4152 1487 4217; x_wconf 90' lang='lat' dir='ltr'><strong>debere,</strong></span> <span class='ocrx_word' id='word_1_542' title='bbox 1515 4152 1607 4208; x_wconf 89' lang='lat' dir='ltr'><strong>sed</strong></span> <span class='ocrx_word' id='word_1_543' title='bbox 1629 4152 1913 4207; x_wconf 84' lang='lat' dir='ltr'><strong>veritatem</strong></span> <span class='ocrx_word' id='word_1_544' title='bbox 1945 4163 2208 4222; x_wconf 88' lang='lat' dir='ltr'><strong>spectare,</strong></span> 
     </span>
    </p>
   </div>
   <div class='ocr_carea' id='block_1_87' title="bbox 2308 4150 3812 4224">
    <p class='ocr_par' dir='ltr' id='par_1_87' title="bbox 2315 4150 3812 4224">
     <span class='ocr_line' id='line_1_87' title="bbox 2315 4150 3812 4224; baseline -0.003 -18"><span class='ocrx_word' id='word_1_545' title='bbox 2315 4153 2557 4223; x_wconf 81' lang='grc' dir='ltr'>ποιῆσαι,</span> <span class='ocrx_word' id='word_1_546' title='bbox 2593 4153 2688 4205; x_wconf 78' lang='grc' dir='ltr'><strong>καὶ</strong></span> <span class='ocrx_word' id='word_1_547' title='bbox 2723 4154 2773 4205; x_wconf 81' lang='grc' dir='ltr'><strong>εί</strong></span> <span class='ocrx_word' id='word_1_548' title='bbox 2820 4153 2926 4224; x_wconf 82' lang='grc' dir='ltr'><strong>πρὸ</strong></span> <span class='ocrx_word' id='word_1_549' title='bbox 2948 4150 3140 4205; x_wconf 89' lang='grc' dir='ltr'>τούτου</span> <span class='ocrx_word' id='word_1_550' title='bbox 3172 4152 3424 4224; x_wconf 73' lang='grc' dir='ltr'>ἐποίησε,</span> <span class='ocrx_word' id='word_1_551' title='bbox 3473 4153 3563 4209; x_wconf 78' lang='grc' dir='ltr'>καὶ</span> <span class='ocrx_word' id='word_1_552' title='bbox 3607 4153 3649 4205; x_wconf 84' lang='grc' dir='ltr'><strong>εί</strong></span> <span class='ocrx_word' id='word_1_553' title='bbox 3681 4150 3812 4203; x_wconf 70' lang='grc' dir='ltr'>ἐνεθυ-</span> 
     </span>
    </p>
   </div>
   <div class='ocr_carea' id='block_1_88' title="bbox 642 4241 2208 4317">
    <p class='ocr_par' dir='ltr' id='par_1_88' title="bbox 642 4241 2208 4317">
     <span class='ocr_line' id='line_1_88' title="bbox 642 4241 2208 4317; baseline 0 -18"><span class='ocrx_word' id='word_1_554' title='bbox 642 4261 710 4299; x_wconf 88' lang='lat' dir='ltr'><strong>an</strong></span> <span class='ocrx_word' id='word_1_555' title='bbox 737 4242 1033 4317; x_wconf 82' lang='lat' dir='ltr'><strong>[videlicet]</strong></span> <span class='ocrx_word' id='word_1_556' title='bbox 1061 4242 1226 4314; x_wconf 77' lang='lat'><strong>318</strong></span> <span class='ocrx_word' id='word_1_557' title='bbox 1245 4258 1478 4314; x_wconf 89' lang='lat' dir='ltr'><strong>persona</strong></span> <span class='ocrx_word' id='word_1_558' title='bbox 1508 4241 1622 4316; x_wconf 91' lang='lat' dir='ltr'><strong>[illa</strong></span> <span class='ocrx_word' id='word_1_559' title='bbox 1642 4241 1717 4315; x_wconf 92' lang='lat' dir='ltr'><strong>id]</strong></span> <span class='ocrx_word' id='word_1_560' title='bbox 1756 4242 1934 4299; x_wconf 80' lang='lat' dir='ltr'><strong>facere</strong></span> <span class='ocrx_word' id='word_1_561' title='bbox 1954 4246 2208 4313; x_wconf 82' lang='lat' dir='ltr'><strong>potuerit,</strong></span> 
     </span>
    </p>
   </div>
   <div class='ocr_carea' id='block_1_89' title="bbox 2308 4241 3809 4317">
    <p class='ocr_par' dir='ltr' id='par_1_89' title="bbox 2318 4241 3809 4317">
     <span class='ocr_line' id='line_1_89' title="bbox 2318 4241 3809 4317; baseline -0.003 -19"><span class='ocrx_word' id='word_1_562' title='bbox 2318 4243 2489 4316; x_wconf 86' lang='grc' dir='ltr'>μήθη,</span> <span class='ocrx_word' id='word_1_563' title='bbox 2544 4246 2639 4298; x_wconf 70' lang='grc' dir='ltr'><strong>καὶ</strong></span> <span class='ocrx_word' id='word_1_564' title='bbox 2670 4246 2719 4297; x_wconf 81' lang='grc' dir='ltr'><strong>εί</strong></span> <span class='ocrx_word' id='word_1_565' title='bbox 2779 4244 2976 4315; x_wconf 78' lang='grc' dir='ltr'>ἑνηφεν</span> <span class='ocrx_word' id='word_1_566' title='bbox 3009 4260 3023 4275; x_wconf 81' lang='grc' dir='ltr'><strong>ο</strong></span> <span class='ocrx_word' id='word_1_567' title='bbox 3076 4241 3201 4297; x_wconf 75' lang='grc' dir='ltr'>οὔτε</span> <span class='ocrx_word' id='word_1_568' title='bbox 3237 4245 3348 4316; x_wconf 87' lang='grc' dir='ltr'>γὰρ</span> <span class='ocrx_word' id='word_1_569' title='bbox 3400 4244 3630 4317; x_wconf 81' lang='grc' dir='ltr'>εὐχερῶς</span> <span class='ocrx_word' id='word_1_570' title='bbox 3663 4242 3809 4313; x_wconf 73' lang='grc' dir='ltr'>ὀφείλει</span> 
     </span>
    </p>
   </div>
   <div class='ocr_carea' id='block_1_90' title="bbox 641 4332 2208 4409">
    <p class='ocr_par' dir='ltr' id='par_1_90' title="bbox 641 4332 2208 4405">
     <span class='ocr_line' id='line_1_90' title="bbox 641 4332 2208 4405; baseline -0.001 -11"><span class='ocrx_word' id='word_1_571' title='bbox 641 4347 697 4395; x_wconf 87' lang='lat' dir='ltr'><strong>et</strong></span> <span class='ocrx_word' id='word_1_572' title='bbox 743 4353 811 4392; x_wconf 93' lang='lat' dir='ltr'><strong>an</strong></span> <span class='ocrx_word' id='word_1_573' title='bbox 843 4346 968 4392; x_wconf 90' lang='lat' dir='ltr'><strong>ante</strong></span> <span class='ocrx_word' id='word_1_574' title='bbox 1012 4332 1225 4400; x_wconf 79' lang='lat' dir='ltr'><strong>iecerit,</strong></span> <span class='ocrx_word' id='word_1_575' title='bbox 1281 4346 1334 4391; x_wconf 91' lang='lat' dir='ltr'><strong>et</strong></span> <span class='ocrx_word' id='word_1_576' title='bbox 1367 4351 1437 4389; x_wconf 89' lang='lat' dir='ltr'><strong>an</strong></span> <span class='ocrx_word' id='word_1_577' title='bbox 1478 4335 1831 4405; x_wconf 79' lang='lat' dir='ltr'><strong>cogitaverit,</strong></span> <span class='ocrx_word' id='word_1_578' title='bbox 1875 4346 1930 4392; x_wconf 90' lang='lat' dir='ltr'><strong>et</strong></span> <span class='ocrx_word' id='word_1_579' title='bbox 1963 4352 2033 4391; x_wconf 88' lang='lat' dir='ltr'><strong>an</strong></span> <span class='ocrx_word' id='word_1_580' title='bbox 2068 4352 2208 4393; x_wconf 65' lang='lat' dir='ltr'><strong>sana</strong></span> 
     </span>
    </p>
   </div>
   <div class='ocr_carea' id='block_1_91' title="bbox 2308 4332 3809 4409">
    <p class='ocr_par' dir='ltr' id='par_1_91' title="bbox 2315 4335 3809 4409">
     <span class='ocr_line' id='line_1_91' title="bbox 2315 4335 3809 4409; baseline -0.004 -19"><span class='ocrx_word' id='word_1_581' title='bbox 2315 4336 2671 4407; x_wconf 87' lang='grc' dir='ltr'>τιμωρεῖσθαι</span> <span class='ocrx_word' id='word_1_582' title='bbox 2726 4338 2755 4389; x_wconf 85' lang='grc' dir='ltr'><strong>ό</strong></span> <span class='ocrx_word' id='word_1_583' title='bbox 2800 4335 3080 4408; x_wconf 82' lang='grc' dir='ltr'>φλύαρος·</span> <span class='ocrx_word' id='word_1_584' title='bbox 3137 4338 3187 4391; x_wconf 78' lang='grc' dir='ltr'><strong>εἰ</strong></span> <span class='ocrx_word' id='word_1_585' title='bbox 3240 4337 3316 4409; x_wconf 78' lang='grc' dir='ltr'>μὴ</span> <span class='ocrx_word' id='word_1_586' title='bbox 3372 4338 3602 4392; x_wconf 83' lang='grc' dir='ltr'>τοιοῦτόν</span> <span class='ocrx_word' id='word_1_587' title='bbox 3655 4335 3809 4389; x_wconf 67' lang='lat' dir='ltr'><strong>tanti</strong></span> 
     </span>
    </p>
   </div>
   <div class='ocr_carea' id='block_1_92' title="bbox 642 4425 2208 4502">
    <p class='ocr_par' dir='ltr' id='par_1_92' title="bbox 642 4426 2208 4500">
     <span class='ocr_line' id='line_1_92' title="bbox 642 4426 2208 4500; baseline -0.001 -16"><span class='ocrx_word' id='word_1_588' title='bbox 642 4429 844 4486; x_wconf 91' lang='lat' dir='ltr'><strong>mentis</strong></span> <span class='ocrx_word' id='word_1_589' title='bbox 874 4428 1058 4484; x_wconf 78' lang='lat' dir='ltr'><strong>fuerit.</strong></span> <span class='ocrx_word' id='word_1_590' title='bbox 1102 4428 1294 4498; x_wconf 87' lang='lat' dir='ltr'><strong>Neque</strong></span> <span class='ocrx_word' id='word_1_591' title='bbox 1315 4428 1462 4483; x_wconf 91' lang='lat' dir='ltr'><strong>enim</strong></span> <span class='ocrx_word' id='word_1_592' title='bbox 1503 4426 1666 4484; x_wconf 77' lang='lat' dir='ltr'><strong>facile</strong></span> <span class='ocrx_word' id='word_1_593' title='bbox 1713 4429 1994 4500; x_wconf 79' lang='lat' dir='ltr'><strong>garrulum</strong></span> <span class='ocrx_word' id='word_1_594' title='bbox 2031 4430 2208 4498; x_wconf 83' lang='lat' dir='ltr'><strong>puniri</strong></span> 
     </span>
    </p>
   </div>
   <div class='ocr_carea' id='block_1_93' title="bbox 2308 4425 3808 4502">
    <p class='ocr_par' dir='ltr' id='par_1_93' title="bbox 2315 4427 3808 4502">
     <span class='ocr_line' id='line_1_93' title="bbox 2315 4427 3808 4502; baseline -0.004 -20"><span class='ocrx_word' id='word_1_595' title='bbox 2315 4429 2640 4500; x_wconf 84' lang='grc' dir='ltr'>ἁμάρτημα,</span> <span class='ocrx_word' id='word_1_596' title='bbox 2670 4428 2807 4497; x_wconf 84' lang='grc' dir='ltr'>ὅπερ</span> <span class='ocrx_word' id='word_1_597' title='bbox 2832 4430 2861 4481; x_wconf 86' lang='grc' dir='ltr'><strong>ὁ</strong></span> <span class='ocrx_word' id='word_1_598' title='bbox 2893 4428 3057 4499; x_wconf 85' lang='grc' dir='ltr'>νόμος</span> <span class='ocrx_word' id='word_1_599' title='bbox 3112 4428 3294 4499; x_wconf 83' lang='grc' dir='ltr'>ῥητῶς</span> <span class='ocrx_word' id='word_1_600' title='bbox 3327 4429 3387 4494; x_wconf 77' lang='grc' dir='ltr'>ἐξ</span> <span class='ocrx_word' id='word_1_601' title='bbox 3413 4430 3591 4502; x_wconf 82' lang='grc' dir='ltr'>ὁμοίου</span> <span class='ocrx_word' id='word_1_602' title='bbox 3616 4427 3808 4499; x_wconf 61' lang='grc' dir='ltr'>τιμωρεῖς</span> 
     </span>
    </p>
   </div>
   <div class='ocr_carea' id='block_1_94' title="bbox 642 4518 2208 4605">
    <p class='ocr_par' dir='ltr' id='par_1_94' title="bbox 642 4520 2208 4605">
     <span class='ocr_line' id='line_1_94' title="bbox 642 4520 2208 4605; baseline -0.001 -28"><span class='ocrx_word' id='word_1_603' title='bbox 642 4523 840 4577; x_wconf 81' lang='lat' dir='ltr'><strong>debere</strong></span> <span class='ocrx_word' id='word_1_604' title='bbox 863 4520 967 4577; x_wconf 92' lang='lat' dir='ltr'><strong>nisi</strong></span> <span class='ocrx_word' id='word_1_605' title='bbox 995 4523 1041 4577; x_wconf 89' lang='lat' dir='ltr'><strong>si</strong></span> <span class='ocrx_word' id='word_1_606' title='bbox 1067 4521 1175 4576; x_wconf 90' lang='lat' dir='ltr'><strong>tale</strong></span> <span class='ocrx_word' id='word_1_607' title='bbox 1204 4521 1467 4577; x_wconf 88' lang='lat' dir='ltr'><strong>delictum</strong></span> <span class='ocrx_word' id='word_1_608' title='bbox 1494 4523 1587 4588; x_wconf 91' lang='lat' dir='ltr'><strong>sit,</strong></span> <span class='ocrx_word' id='word_1_609' title='bbox 1620 4520 1768 4605; x_wconf 71' lang='lat' dir='ltr'><strong>quod</strong></span> <span class='ocrx_word' id='word_1_610' title='bbox 1788 4536 1858 4576; x_wconf 81' lang='lat' dir='ltr'><strong>ex</strong></span> <span class='ocrx_word' id='word_1_611' title='bbox 1895 4531 2044 4576; x_wconf 88' lang='lat' dir='ltr'><strong>certa</strong></span> <span class='ocrx_word' id='word_1_612' title='bbox 2074 4522 2208 4592; x_wconf 82' lang='lat' dir='ltr'><strong>lege,</strong></span> 
     </span>
    </p>
   </div>
   <div class='ocr_carea' id='block_1_95' title="bbox 2308 4518 3809 4605">
    <p class='ocr_par' dir='ltr' id='par_1_95' title="bbox 2315 4518 3809 4594">
     <span class='ocr_line' id='line_1_95' title="bbox 2315 4518 3809 4594; baseline -0.003 -19"><span class='ocrx_word' id='word_1_613' title='bbox 2315 4538 2408 4575; x_wconf 88' lang='grc' dir='ltr'><strong>ται</strong></span> <span class='ocrx_word' id='word_1_614' title='bbox 2443 4535 2457 4550; x_wconf 77' lang='grc'><strong>⁸</strong></span> <span class='ocrx_word' id='word_1_615' title='bbox 2515 4523 2848 4592; x_wconf 86' lang='grc' dir='ltr'>τραχύτερον</span> <span class='ocrx_word' id='word_1_616' title='bbox 2890 4520 2948 4574; x_wconf 83' lang='grc' dir='ltr'><strong>δὲ</strong></span> <span class='ocrx_word' id='word_1_617' title='bbox 3003 4518 3148 4575; x_wconf 85' lang='grc' dir='ltr'>κατὰ</span> <span class='ocrx_word' id='word_1_618' title='bbox 3197 4521 3546 4594; x_wconf 83' lang='grc' dir='ltr'>στρατιωτῶν</span> <span class='ocrx_word' id='word_1_619' title='bbox 3592 4522 3809 4574; x_wconf 78' lang='grc' dir='ltr'>κινεῖται·</span> 
     </span>
    </p>
   </div>
   <div class='ocr_carea' id='block_1_96' title="bbox 643 4610 2208 4684">
    <p class='ocr_par' dir='ltr' id='par_1_96' title="bbox 643 4612 2208 4684">
     <span class='ocr_line' id='line_1_96' title="bbox 643 4612 2208 4684; baseline -0.001 -15"><span class='ocrx_word' id='word_1_620' title='bbox 643 4623 740 4669; x_wconf 89' lang='lat' dir='ltr'><strong>aut</strong></span> <span class='ocrx_word' id='word_1_621' title='bbox 774 4614 843 4669; x_wconf 88' lang='lat' dir='ltr'><strong>ad</strong></span> <span class='ocrx_word' id='word_1_622' title='bbox 867 4615 1176 4683; x_wconf 82' lang='lat' dir='ltr'><strong>exemplum</strong></span> <span class='ocrx_word' id='word_1_623' title='bbox 1208 4615 1485 4684; x_wconf 89' lang='lat' dir='ltr'><strong>puniatur.</strong></span> <span class='ocrx_word' id='word_1_624' title='bbox 1515 4612 1782 4670; x_wconf 74' lang='lat' dir='ltr'><strong>Acerbius</strong></span> <span class='ocrx_word' id='word_1_625' title='bbox 1809 4622 1992 4669; x_wconf 86' lang='lat' dir='ltr'><strong>autem</strong></span> <span class='ocrx_word' id='word_1_626' title='bbox 2027 4613 2083 4668; x_wconf 93' lang='lat' dir='ltr'><strong>in</strong></span> <span class='ocrx_word' id='word_1_627' title='bbox 2115 4615 2208 4669; x_wconf 84' lang='lat' dir='ltr'><strong>mi-</strong></span> 
     </span>
    </p>
   </div>
   <div class='ocr_carea' id='block_1_97' title="bbox 2308 4610 3811 4684">
    <p class='ocr_par' dir='ltr' id='par_1_97' title="bbox 2317 4610 3811 4684">
     <span class='ocr_line' id='line_1_97' title="bbox 2317 4610 3811 4684; baseline -0.003 -17"><span class='ocrx_word' id='word_1_628' title='bbox 2317 4613 2549 4684; x_wconf 87' lang='grc' dir='ltr'>γενικῶς</span> <span class='ocrx_word' id='word_1_629' title='bbox 2599 4613 2657 4666; x_wconf 86' lang='grc' dir='ltr'>δὲ</span> <span class='ocrx_word' id='word_1_630' title='bbox 2701 4613 2831 4684; x_wconf 76' lang='grc' dir='ltr'>περὶ</span> <span class='ocrx_word' id='word_1_631' title='bbox 2897 4613 3007 4666; x_wconf 90' lang='grc' dir='ltr'><strong>τῶν</strong></span> <span class='ocrx_word' id='word_1_632' title='bbox 3043 4612 3440 4684; x_wconf 77' lang='grc' dir='ltr'>ὑϐριζόντωνῆ</span> <span class='ocrx_word' id='word_1_633' title='bbox 3496 4610 3811 4675; x_wconf 78' lang='grc' dir='ltr'>τυπτόντωνῆ</span> 
     </span>
    </p>
   </div>
   <div class='ocr_carea' id='block_1_98' title="bbox 650 4700 2208 4777">
    <p class='ocr_par' dir='ltr' id='par_1_98' title="bbox 650 4702 2208 4777">
     <span class='ocr_line' id='line_1_98' title="bbox 650 4702 2208 4777; baseline 0 -16"><span class='ocrx_word' id='word_1_634' title='bbox 650 4706 777 4762; x_wconf 87' lang='lat' dir='ltr'><strong>lites</strong></span> <span class='ocrx_word' id='word_1_635' title='bbox 819 4706 1048 4775; x_wconf 82' lang='lat' dir='ltr'><strong>insurgi.</strong></span> <span class='ocrx_word' id='word_1_636' title='bbox 1076 4705 1414 4762; x_wconf 83' lang='lat' dir='ltr'><strong>Generaliter</strong></span> <span class='ocrx_word' id='word_1_637' title='bbox 1446 4702 1622 4777; x_wconf 91' lang='lat' dir='ltr'><strong>[vero]</strong></span> <span class='ocrx_word' id='word_1_638' title='bbox 1672 4704 1737 4759; x_wconf 90' lang='lat' dir='ltr'><strong>de</strong></span> <span class='ocrx_word' id='word_1_639' title='bbox 1780 4704 1848 4760; x_wconf 89' lang='lat' dir='ltr'><strong>iis</strong></span> <span class='ocrx_word' id='word_1_640' title='bbox 1876 4706 1971 4776; x_wconf 90' lang='lat' dir='ltr'><strong>qui</strong></span> <span class='ocrx_word' id='word_1_641' title='bbox 2018 4715 2208 4761; x_wconf 87' lang='lat' dir='ltr'><strong>contu-</strong></span> 
     </span>
    </p>
   </div>
   <div class='ocr_carea' id='block_1_99' title="bbox 2308 4700 3813 4777">
    <p class='ocr_par' dir='ltr' id='par_1_99' title="bbox 2317 4700 3813 4777">
     <span class='ocr_line' id='line_1_99' title="bbox 2317 4700 3813 4777; baseline -0.005 -19"><span class='ocrx_word' id='word_1_642' title='bbox 2317 4704 2616 4759; x_wconf 88' lang='grc' dir='ltr'>ποιούντων</span> <span class='ocrx_word' id='word_1_643' title='bbox 2669 4706 2910 4775; x_wconf 86' lang='grc' dir='ltr'>φάμοσα,</span> <span class='ocrx_word' id='word_1_644' title='bbox 2963 4705 3057 4759; x_wconf 71' lang='grc' dir='ltr'>καὶ</span> <span class='ocrx_word' id='word_1_645' title='bbox 3083 4704 3193 4759; x_wconf 91' lang='grc' dir='ltr'><strong>τῶν</strong></span> <span class='ocrx_word' id='word_1_646' title='bbox 3221 4705 3582 4777; x_wconf 85' lang='grc' dir='ltr'>εὑρισκόντων</span> <span class='ocrx_word' id='word_1_647' title='bbox 3603 4703 3715 4757; x_wconf 79' lang='grc' dir='ltr'>αὐτὰ</span> <span class='ocrx_word' id='word_1_648' title='bbox 3749 4700 3813 4753; x_wconf 81' lang='grc' dir='ltr'><strong>καὶ</strong></span> 
     </span>
    </p>
   </div>
   <div class='ocr_carea' id='block_1_100' title="bbox 647 4791 2208 4873">
    <p class='ocr_par' dir='ltr' id='par_1_100' title="bbox 647 4795 2208 4873">
     <span class='ocr_line' id='line_1_100' title="bbox 647 4795 2208 4873; baseline 0 -19"><span class='ocrx_word' id='word_1_649' title='bbox 647 4800 805 4854; x_wconf 79' lang='lat' dir='ltr'><strong>uielia</strong></span> <span class='ocrx_word' id='word_1_650' title='bbox 833 4798 1093 4862; x_wconf 86' lang='lat' dir='ltr'><strong>alliciunt,</strong></span> <span class='ocrx_word' id='word_1_651' title='bbox 1117 4798 1202 4852; x_wconf 92' lang='lat' dir='ltr'><strong>vel</strong></span> <span class='ocrx_word' id='word_1_652' title='bbox 1231 4798 1545 4862; x_wconf 89' lang='lat' dir='ltr'><strong>verberant,</strong></span> <span class='ocrx_word' id='word_1_653' title='bbox 1576 4798 1660 4852; x_wconf 85' lang='lat' dir='ltr'><strong>vel</strong></span> <span class='ocrx_word' id='word_1_654' title='bbox 1683 4795 1928 4854; x_wconf 79' lang='lat' dir='ltr'><strong>famosos</strong></span> <span class='ocrx_word' id='word_1_655' title='bbox 1960 4797 2208 4873; x_wconf 87' lang='lat' dir='ltr'><strong>[libellos]</strong></span> 
     </span>
    </p>
   </div>
   <div class='ocr_carea' id='block_1_101' title="bbox 2308 4791 3812 4873">
    <p class='ocr_par' dir='ltr' id='par_1_101' title="bbox 2318 4791 3812 4868">
     <span class='ocr_line' id='line_1_101' title="bbox 2318 4791 3812 4868; baseline -0.007 -17"><span class='ocrx_word' id='word_1_656' title='bbox 2318 4795 2821 4866; x_wconf 81' lang='grc' dir='ltr'>ἀναγινωσκόντων,</span> <span class='ocrx_word' id='word_1_657' title='bbox 2851 4797 2947 4850; x_wconf 78' lang='grc' dir='ltr'><strong>καὶ</strong></span> <span class='ocrx_word' id='word_1_658' title='bbox 2984 4795 3060 4868; x_wconf 81' lang='grc' dir='ltr'>μὴ</span> <span class='ocrx_word' id='word_1_659' title='bbox 3103 4796 3549 4868; x_wconf 75' lang='grc' dir='ltr'>διαρῥηγνύντων</span> <span class='ocrx_word' id='word_1_660' title='bbox 3581 4791 3812 4865; x_wconf 73' lang='grc' dir='ltr'>διαλαμϐά-</span> 
     </span>
    </p>
   </div>
   <div class='ocr_carea' id='block_1_102' title="bbox 643 4882 2208 4959">
    <p class='ocr_par' dir='ltr' id='par_1_102' title="bbox 643 4886 2208 4957">
     <span class='ocr_line' id='line_1_102' title="bbox 643 4886 2208 4957; baseline -0.001 -13"><span class='ocrx_word' id='word_1_661' title='bbox 643 4888 960 4956; x_wconf 87' lang='lat' dir='ltr'><strong>conliciunt,</strong></span> <span class='ocrx_word' id='word_1_662' title='bbox 996 4887 1082 4943; x_wconf 88' lang='lat' dir='ltr'><strong>vel</strong></span> <span class='ocrx_word' id='word_1_663' title='bbox 1134 4887 1321 4956; x_wconf 81' lang='lat' dir='ltr'><strong>legunt</strong></span> <span class='ocrx_word' id='word_1_664' title='bbox 1355 4893 1410 4942; x_wconf 92' lang='lat' dir='ltr'><strong>et</strong></span> <span class='ocrx_word' id='word_1_665' title='bbox 1437 4901 1548 4940; x_wconf 90' lang='lat' dir='ltr'><strong>non</strong></span> <span class='ocrx_word' id='word_1_666' title='bbox 1596 4886 1984 4957; x_wconf 88' lang='lat' dir='ltr'><strong>disrumpunt,</strong></span> <span class='ocrx_word' id='word_1_667' title='bbox 2028 4897 2208 4945; x_wconf 82' lang='lat' dir='ltr'><strong>tractat</strong></span> 
     </span>
    </p>
   </div>
   <div class='ocr_carea' id='block_1_103' title="bbox 2308 4882 3847 4959">
    <p class='ocr_par' dir='ltr' id='par_1_103' title="bbox 2320 4882 3847 4959">
     <span class='ocr_line' id='line_1_103' title="bbox 2320 4882 3847 4959; baseline -0.004 -17"><span class='ocrx_word' id='word_1_668' title='bbox 2320 4905 2401 4943; x_wconf 86' lang='grc' dir='ltr'><strong>νει</strong></span> <span class='ocrx_word' id='word_1_669' title='bbox 2431 4886 2572 4959; x_wconf 83' lang='grc' dir='ltr'>βιϐλ.</span> <span class='ocrx_word' id='word_1_670' title='bbox 2615 4885 2724 4958; x_wconf 53' lang='grc' dir='ltr'><strong>με,</strong></span> <span class='ocrx_word' id='word_1_671' title='bbox 2761 4887 2869 4943; x_wconf 82' lang='grc' dir='ltr'>τιτ.</span> <span class='ocrx_word' id='word_1_672' title='bbox 2899 4894 2951 4954; x_wconf 85' lang='grc' dir='ltr'>ι’,</span> <span class='ocrx_word' id='word_1_673' title='bbox 2981 4886 3079 4941; x_wconf 81' lang='grc' dir='ltr'><strong>καὶ</strong></span> <span class='ocrx_word' id='word_1_674' title='bbox 3102 4886 3244 4958; x_wconf 82' lang='grc' dir='ltr'>βιϐλ.</span> <span class='ocrx_word' id='word_1_675' title='bbox 3278 4887 3322 4940; x_wconf 87' lang='grc' dir='ltr'>θ’</span> <span class='ocrx_word' id='word_1_676' title='bbox 3344 4887 3440 4941; x_wconf 83' lang='grc' dir='ltr'>τοῦ</span> <span class='ocrx_word' id='word_1_677' title='bbox 3472 4887 3617 4953; x_wconf 83' lang='grc' dir='ltr'>κώδ.,</span> <span class='ocrx_word' id='word_1_678' title='bbox 3645 4886 3727 4938; x_wconf 83' lang='grc' dir='ltr'>τίτ.</span> <span class='ocrx_word' id='word_1_679' title='bbox 3763 4882 3809 4932; x_wconf 78' lang='grc' dir='ltr'>λε’</span> <span class='ocrx_word' id='word_1_680' title='bbox 3846 4884 3847 4889; x_wconf 64' lang='grc'><em>“</em></span> 
     </span>
    </p>
   </div>
   <div class='ocr_carea' id='block_1_104' title="bbox 643 4965 2208 5051">
    <p class='ocr_par' dir='ltr' id='par_1_104' title="bbox 643 4976 2208 5047">
     <span class='ocr_line' id='line_1_104' title="bbox 643 4976 2208 5047; baseline 0 -11"><span class='ocrx_word' id='word_1_681' title='bbox 643 4981 967 5047; x_wconf 71' lang='lat' dir='ltr'><strong>liberum,</strong></span> <span class='ocrx_word' id='word_1_682' title='bbox 986 4980 1072 5035; x_wconf 90' lang='lat' dir='ltr'><strong>tit.</strong></span> <span class='ocrx_word' id='word_1_683' title='bbox 1094 4994 1149 5043; x_wconf 83' lang='lat' dir='ltr'><strong>x,</strong></span> <span class='ocrx_word' id='word_1_684' title='bbox 1175 4978 1276 5043; x_wconf 77' lang='lat'><strong>10;</strong></span> <span class='ocrx_word' id='word_1_685' title='bbox 1311 4985 1365 5032; x_wconf 90' lang='lat' dir='ltr'><strong>et</strong></span> <span class='ocrx_word' id='word_1_686' title='bbox 1389 4976 1483 5030; x_wconf 90' lang='lat' dir='ltr'><strong>lib.</strong></span> <span class='ocrx_word' id='word_1_687' title='bbox 1506 4993 1581 5043; x_wconf 79' lang='grc' dir='ltr'>ιιι,</span> <span class='ocrx_word' id='word_1_688' title='bbox 1612 4978 1734 5032; x_wconf 92' lang='lat' dir='ltr'><strong>cod.</strong></span> <span class='ocrx_word' id='word_1_689' title='bbox 1767 4979 1851 5033; x_wconf 90' lang='lat' dir='ltr'><strong>tit.</strong></span> <span class='ocrx_word' id='word_1_690' title='bbox 1865 4979 1943 5035; x_wconf 68' lang='grc'><strong>’55</strong></span> <span class='ocrx_word' id='word_1_691' title='bbox 1970 4988 2026 5035; x_wconf 90' lang='lat' dir='ltr'><strong>et</strong></span> <span class='ocrx_word' id='word_1_692' title='bbox 2048 4980 2146 5047; x_wconf 77' lang='lat'><strong>56;</strong></span> <span class='ocrx_word' id='word_1_693' title='bbox 2170 4990 2208 5036; x_wconf 86' lang='lat' dir='ltr'><strong>et</strong></span> 
     </span>
    </p>
   </div>
   <div class='ocr_carea' id='block_1_105' title="bbox 2308 4965 3810 5051">
    <p class='ocr_par' dir='ltr' id='par_1_105' title="bbox 2322 4965 3810 5051">
     <span class='ocr_line' id='line_1_105' title="bbox 2322 4965 3810 5051; baseline -0.007 -16"><span class='ocrx_word' id='word_1_694' title='bbox 2322 4981 2418 5035; x_wconf 70' lang='grc' dir='ltr'>καὶ</span> <span class='ocrx_word' id='word_1_695' title='bbox 2435 4965 3036 5043; x_wconf 50' lang='grc' dir='ltr'>λς’ίκαὶίνστιτυτίων</span> <span class='ocrx_word' id='word_1_696' title='bbox 3064 4979 3106 5034; x_wconf 81' lang='grc' dir='ltr'><strong>δ’</strong></span> <span class='ocrx_word' id='word_1_697' title='bbox 3136 4979 3242 5036; x_wconf 85' lang='grc' dir='ltr'>τίτ.</span> <span class='ocrx_word' id='word_1_698' title='bbox 3267 4980 3310 5034; x_wconf 79' lang='grc' dir='ltr'><strong>δ’</strong></span> <span class='ocrx_word' id='word_1_699' title='bbox 3332 5020 3348 5046; x_wconf 92' lang='grc'><strong>,</strong></span> <span class='ocrx_word' id='word_1_700' title='bbox 3369 4982 3427 5034; x_wconf 80' lang='grc' dir='ltr'>ὲν</span> <span class='ocrx_word' id='word_1_701' title='bbox 3441 4974 3522 5043; x_wconf 72' lang='grc' dir='ltr'>οἷς</span> <span class='ocrx_word' id='word_1_702' title='bbox 3550 4975 3810 5051; x_wconf 76' lang='grc' dir='ltr'>είρηται,ὄτι</span> 
     </span>
    </p>
   </div>
   <div class='ocr_carea' id='block_1_106' title="bbox 645 5067 2208 5145">
    <p class='ocr_par' dir='ltr' id='par_1_106' title="bbox 645 5070 2208 5145">
     <span class='ocr_line' id='line_1_106' title="bbox 645 5070 2208 5145; baseline -0.001 -17"><span class='ocrx_word' id='word_1_703' title='bbox 645 5074 823 5131; x_wconf 91' lang='lat' dir='ltr'><strong>lnstit.</strong></span> <span class='ocrx_word' id='word_1_704' title='bbox 866 5070 985 5145; x_wconf 90' lang='lat' dir='ltr'><strong>[lib]</strong></span> <span class='ocrx_word' id='word_1_705' title='bbox 1020 5086 1095 5136; x_wconf 84' lang='lat' dir='ltr'><strong>tv,</strong></span> <span class='ocrx_word' id='word_1_706' title='bbox 1129 5071 1215 5123; x_wconf 88' lang='lat' dir='ltr'><strong>tit.</strong></span> <span class='ocrx_word' id='word_1_707' title='bbox 1246 5070 1303 5136; x_wconf 74' lang='grc'>4,</span> <span class='ocrx_word' id='word_1_708' title='bbox 1346 5070 1401 5123; x_wconf 86' lang='lat' dir='ltr'><strong>in</strong></span> <span class='ocrx_word' id='word_1_709' title='bbox 1433 5070 1631 5140; x_wconf 88' lang='lat' dir='ltr'><strong>quibus</strong></span> <span class='ocrx_word' id='word_1_710' title='bbox 1681 5070 1899 5139; x_wconf 91' lang='lat' dir='ltr'><strong>dicitur,</strong></span> <span class='ocrx_word' id='word_1_711' title='bbox 1936 5074 2082 5143; x_wconf 91' lang='lat' dir='ltr'><strong>quod</strong></span> <span class='ocrx_word' id='word_1_712' title='bbox 2113 5072 2208 5145; x_wconf 27' lang='lat' dir='ltr'><strong>[int</strong></span> 
     </span>
    </p>
   </div>
   <div class='ocr_carea' id='block_1_107' title="bbox 2308 5067 3809 5145">
    <p class='ocr_par' dir='ltr' id='par_1_107' title="bbox 2322 5067 3809 5144">
     <span class='ocr_line' id='line_1_107' title="bbox 2322 5067 3809 5144; baseline -0.005 -19"><span class='ocrx_word' id='word_1_713' title='bbox 2322 5073 2417 5125; x_wconf 79' lang='grc' dir='ltr'><strong>καὶ</strong></span> <span class='ocrx_word' id='word_1_714' title='bbox 2452 5070 2810 5144; x_wconf 87' lang='grc' dir='ltr'>χρηματικῶς</span> <span class='ocrx_word' id='word_1_715' title='bbox 2838 5070 2934 5125; x_wconf 73' lang='grc' dir='ltr'><strong>καὶ</strong></span> <span class='ocrx_word' id='word_1_716' title='bbox 2958 5070 3383 5142; x_wconf 80' lang='grc' dir='ltr'>ὲγκληματικῶς</span> <span class='ocrx_word' id='word_1_717' title='bbox 3409 5074 3641 5134; x_wconf 86' lang='grc' dir='ltr'>κινεῖται,</span> <span class='ocrx_word' id='word_1_718' title='bbox 3672 5067 3809 5123; x_wconf 64' lang='lat' dir='ltr'><strong>salit:</strong></span> 
     </span>
    </p>
   </div>
   <div class='ocr_carea' id='block_1_108' title="bbox 642 5157 2208 5235">
    <p class='ocr_par' dir='ltr' id='par_1_108' title="bbox 642 5158 2208 5233">
     <span class='ocr_line' id='line_1_108' title="bbox 642 5158 2208 5233; baseline 0 -16"><span class='ocrx_word' id='word_1_719' title='bbox 642 5164 919 5233; x_wconf 86' lang='lat' dir='ltr'><strong>juriarum</strong></span> <span class='ocrx_word' id='word_1_720' title='bbox 962 5158 1127 5232; x_wconf 90' lang='lat' dir='ltr'><strong>actio]</strong></span> <span class='ocrx_word' id='word_1_721' title='bbox 1176 5167 1290 5213; x_wconf 93' lang='lat' dir='ltr'><strong>tum</strong></span> <span class='ocrx_word' id='word_1_722' title='bbox 1341 5159 1657 5230; x_wconf 87' lang='lat' dir='ltr'><strong>pecuniarie</strong></span> <span class='ocrx_word' id='word_1_723' title='bbox 1697 5168 1811 5215; x_wconf 87' lang='lat' dir='ltr'><strong>tum</strong></span> <span class='ocrx_word' id='word_1_724' title='bbox 1863 5163 2208 5217; x_wconf 82' lang='lat' dir='ltr'><strong>criminalitei</strong></span> 
     </span>
    </p>
   </div>
   <div class='ocr_carea' id='block_1_109' title="bbox 2308 5157 3809 5235">
    <p class='ocr_par' dir='ltr' id='par_1_109' title="bbox 2321 5157 3809 5235">
     <span class='ocr_line' id='line_1_109' title="bbox 2321 5157 3809 5235; baseline -0.006 -19"><span class='ocrx_word' id='word_1_725' title='bbox 2321 5164 2350 5216; x_wconf 85' lang='grc' dir='ltr'><strong>ό</strong></span> <span class='ocrx_word' id='word_1_726' title='bbox 2380 5162 2509 5234; x_wconf 73' lang='grc' dir='ltr'>περὶ</span> <span class='ocrx_word' id='word_1_727' title='bbox 2531 5162 2743 5235; x_wconf 77' lang='grc' dir='ltr'>ὕϐρεως</span> <span class='ocrx_word' id='word_1_728' title='bbox 2772 5162 3266 5231; x_wconf 78' lang='grc' dir='ltr'>καταδικαζόμενος</span> <span class='ocrx_word' id='word_1_729' title='bbox 3307 5164 3499 5233; x_wconf 75' lang='grc' dir='ltr'>ἄτιμος</span> <span class='ocrx_word' id='word_1_730' title='bbox 3519 5162 3715 5230; x_wconf 86' lang='grc' dir='ltr'>γίνεται,</span> <span class='ocrx_word' id='word_1_731' title='bbox 3740 5157 3809 5208; x_wconf 75' lang='lat' dir='ltr'><strong>xiv</strong></span> 
     </span>
    </p>
   </div>
   <div class='ocr_carea' id='block_1_110' title="bbox 647 5246 2208 5325">
    <p class='ocr_par' dir='ltr' id='par_1_110' title="bbox 647 5252 2208 5325">
     <span class='ocr_line' id='line_1_110' title="bbox 647 5252 2208 5325; baseline -0.002 -15"><span class='ocrx_word' id='word_1_732' title='bbox 647 5264 955 5310; x_wconf 89' lang='lat' dir='ltr'><strong>moveatur.</strong></span> <span class='ocrx_word' id='word_1_733' title='bbox 1010 5255 1079 5310; x_wconf 89' lang='lat' dir='ltr'><strong>Et</strong></span> <span class='ocrx_word' id='word_1_734' title='bbox 1111 5253 1257 5325; x_wconf 92' lang='lat' dir='ltr'><strong>quod</strong></span> <span class='ocrx_word' id='word_1_735' title='bbox 1296 5252 1621 5323; x_wconf 90' lang='lat' dir='ltr'><strong>injuriarum</strong></span> <span class='ocrx_word' id='word_1_736' title='bbox 1669 5253 1959 5308; x_wconf 89' lang='lat' dir='ltr'><strong>damnatus</strong></span> <span class='ocrx_word' id='word_1_737' title='bbox 2003 5252 2208 5310; x_wconf 72' lang='lat' dir='ltr'><strong>infami:</strong></span> 
     </span>
    </p>
   </div>
   <div class='ocr_carea' id='block_1_111' title="bbox 2308 5246 3809 5325">
    <p class='ocr_par' dir='ltr' id='par_1_111' title="bbox 2323 5246 3809 5325">
     <span class='ocr_line' id='line_1_111' title="bbox 2323 5246 3809 5325; baseline -0.011 -14"><span class='ocrx_word' id='word_1_738' title='bbox 2323 5254 2601 5325; x_wconf 86' lang='grc' dir='ltr'>ἀλλότριον</span> <span class='ocrx_word' id='word_1_739' title='bbox 2645 5252 2831 5307; x_wconf 83' lang='grc' dir='ltr'>δοῦλον</span> <span class='ocrx_word' id='word_1_740' title='bbox 2882 5250 3125 5322; x_wconf 80' lang='grc' dir='ltr'>ὕϐρισεν,</span> <span class='ocrx_word' id='word_1_741' title='bbox 3162 5252 3194 5322; x_wconf 86' lang='grc' dir='ltr'>ἢ</span> <span class='ocrx_word' id='word_1_742' title='bbox 3232 5252 3477 5320; x_wconf 85' lang='grc' dir='ltr'>φιλικῶς,</span> <span class='ocrx_word' id='word_1_743' title='bbox 3517 5251 3547 5322; x_wconf 81' lang='grc' dir='ltr'><strong>ἧ</strong></span> <span class='ocrx_word' id='word_1_744' title='bbox 3601 5251 3676 5303; x_wconf 76' lang='grc' dir='ltr'>ἐπὶ</span> <span class='ocrx_word' id='word_1_745' title='bbox 3710 5246 3809 5299; x_wconf 77' lang='grc' dir='ltr'>δόσει</span> 
     </span>
    </p>
   </div>
   <div class='ocr_carea' id='block_1_112' title="bbox 648 5336 2208 5419">
    <p class='ocr_par' dir='ltr' id='par_1_112' title="bbox 648 5344 2208 5415">
     <span class='ocr_line' id='line_1_112' title="bbox 648 5344 2208 5415; baseline -0.001 -13"><span class='ocrx_word' id='word_1_746' title='bbox 648 5349 781 5402; x_wconf 86' lang='lat' dir='ltr'><strong>tiat:</strong></span> <span class='ocrx_word' id='word_1_747' title='bbox 822 5345 1037 5400; x_wconf 87' lang='lat' dir='ltr'><strong>tametsi</strong></span> <span class='ocrx_word' id='word_1_748' title='bbox 1069 5361 1285 5400; x_wconf 88' lang='lat' dir='ltr'><strong>servum</strong></span> <span class='ocrx_word' id='word_1_749' title='bbox 1332 5345 1567 5398; x_wconf 87' lang='lat' dir='ltr'><strong>alienum</strong></span> <span class='ocrx_word' id='word_1_750' title='bbox 1604 5344 1803 5415; x_wconf 89' lang='lat' dir='ltr'><strong>injuria</strong></span> <span class='ocrx_word' id='word_1_751' title='bbox 1836 5344 2094 5412; x_wconf 75' lang='lat' dir='ltr'><strong>allecerit,</strong></span> <span class='ocrx_word' id='word_1_752' title='bbox 2130 5362 2208 5401; x_wconf 53' lang='lat' dir='ltr'><strong>au‘</strong></span> 
     </span>
    </p>
   </div>
   <div class='ocr_carea' id='block_1_113' title="bbox 2308 5336 3808 5419">
    <p class='ocr_par' dir='ltr' id='par_1_113' title="bbox 2324 5336 3808 5419">
     <span class='ocr_line' id='line_1_113' title="bbox 2324 5336 3808 5419; baseline -0.003 -17"><span class='ocrx_word' id='word_1_753' title='bbox 2324 5346 2622 5419; x_wconf 81' lang='grc' dir='ltr'>χρημάτων</span> <span class='ocrx_word' id='word_1_754' title='bbox 2656 5344 2972 5416; x_wconf 81' lang='grc' dir='ltr'>ἀπηλλάγη,</span> <span class='ocrx_word' id='word_1_755' title='bbox 2996 5343 3073 5408; x_wconf 80' lang='grc' dir='ltr'>ὡς</span> <span class='ocrx_word' id='word_1_756' title='bbox 3122 5342 3265 5413; x_wconf 85' lang='grc' dir='ltr'>βιϐλ.</span> <span class='ocrx_word' id='word_1_757' title='bbox 3285 5351 3331 5412; x_wconf 67' lang='grc' dir='ltr'>τ</span> <span class='ocrx_word' id='word_1_758' title='bbox 3353 5385 3368 5410; x_wconf 88' lang='grc'><strong>,</strong></span> <span class='ocrx_word' id='word_1_759' title='bbox 3393 5344 3497 5398; x_wconf 88' lang='grc' dir='ltr'>τίτ.</span> <span class='ocrx_word' id='word_1_760' title='bbox 3522 5342 3562 5413; x_wconf 86' lang='grc' dir='ltr'><strong>β’</strong></span> <span class='ocrx_word' id='word_1_761' title='bbox 3580 5384 3595 5408; x_wconf 90' lang='grc'><strong>,</strong></span> <span class='ocrx_word' id='word_1_762' title='bbox 3638 5336 3778 5407; x_wconf 86' lang='grc' dir='ltr'><strong>διγ.-β’</strong></span> <span class='ocrx_word' id='word_1_763' title='bbox 3798 5374 3808 5398; x_wconf 84' lang='grc' dir='ltr'><strong>ι</strong></span> 
     </span>
    </p>
   </div>
   <div class='ocr_carea' id='block_1_114' title="bbox 651 5427 2208 5509">
    <p class='ocr_par' dir='ltr' id='par_1_114' title="bbox 651 5434 2208 5509">
     <span class='ocr_line' id='line_1_114' title="bbox 651 5434 2208 5509; baseline 0 -17"><span class='ocrx_word' id='word_1_764' title='bbox 651 5439 830 5493; x_wconf 88' lang='lat' dir='ltr'><strong>amice</strong></span> <span class='ocrx_word' id='word_1_765' title='bbox 883 5437 1026 5492; x_wconf 91' lang='lat' dir='ltr'><strong>datis</strong></span> <span class='ocrx_word' id='word_1_766' title='bbox 1060 5436 1305 5506; x_wconf 89' lang='lat' dir='ltr'><strong>pecuniis</strong></span> <span class='ocrx_word' id='word_1_767' title='bbox 1356 5434 1447 5507; x_wconf 89' lang='lat' dir='ltr'><strong>[de</strong></span> <span class='ocrx_word' id='word_1_768' title='bbox 1485 5450 1547 5490; x_wconf 87' lang='lat' dir='ltr'><strong>ea</strong></span> <span class='ocrx_word' id='word_1_769' title='bbox 1599 5436 1836 5509; x_wconf 90' lang='lat' dir='ltr'><strong>actione]</strong></span> <span class='ocrx_word' id='word_1_770' title='bbox 1882 5439 2208 5509; x_wconf 72' lang='lat' dir='ltr'><strong>transegerit,</strong></span> 
     </span>
    </p>
   </div>
   <div class='ocr_carea' id='block_1_115' title="bbox 2308 5427 3810 5509">
    <p class='ocr_par' dir='ltr' id='par_1_115' title="bbox 2326 5427 3810 5505">
     <span class='ocr_line' id='line_1_115' title="bbox 2326 5427 3810 5505; baseline -0.007 -13"><span class='ocrx_word' id='word_1_771' title='bbox 2326 5438 2423 5493; x_wconf 76' lang='grc' dir='ltr'>καὶ</span> <span class='ocrx_word' id='word_1_772' title='bbox 2453 5442 2506 5500; x_wconf 87' lang='grc' dir='ltr'>ς’</span> <span class='ocrx_word' id='word_1_773' title='bbox 2532 5452 2547 5467; x_wconf 87' lang='grc'><strong>·</strong></span> <span class='ocrx_word' id='word_1_774' title='bbox 2580 5435 2675 5489; x_wconf 79' lang='grc' dir='ltr'><strong>καὶ</strong></span> <span class='ocrx_word' id='word_1_775' title='bbox 2704 5436 2786 5488; x_wconf 84' lang='grc' dir='ltr'>ὅτι</span> <span class='ocrx_word' id='word_1_776' title='bbox 2807 5436 3037 5505; x_wconf 77' lang='grc' dir='ltr'>τραχεῖα</span> <span class='ocrx_word' id='word_1_777' title='bbox 3065 5432 3225 5504; x_wconf 77' lang='grc' dir='ltr'>ὕϐρις</span> <span class='ocrx_word' id='word_1_778' title='bbox 3258 5434 3405 5486; x_wconf 75' lang='grc' dir='ltr'>ἐστὶν</span> <span class='ocrx_word' id='word_1_779' title='bbox 3443 5434 3475 5503; x_wconf 80' lang='grc' dir='ltr'><strong>ή</strong></span> <span class='ocrx_word' id='word_1_780' title='bbox 3502 5431 3722 5500; x_wconf 78' lang='grc' dir='ltr'>γινομένη</span> <span class='ocrx_word' id='word_1_781' title='bbox 3741 5427 3810 5496; x_wconf 78' lang='grc' dir='ltr'><strong>ἅρ-</strong></span> 
     </span>
    </p>
   </div>
   <div class='ocr_carea' id='block_1_116' title="bbox 655 5517 2208 5602">
    <p class='ocr_par' dir='ltr' id='par_1_116' title="bbox 655 5528 2202 5602">
     <span class='ocr_line' id='line_1_116' title="bbox 655 5528 2202 5602; baseline 0.001 -18"><span class='ocrx_word' id='word_1_782' title='bbox 655 5531 732 5584; x_wconf 91' lang='lat' dir='ltr'><strong>uti</strong></span> <span class='ocrx_word' id='word_1_783' title='bbox 767 5530 864 5584; x_wconf 88' lang='lat' dir='ltr'><strong>lib.</strong></span> <span class='ocrx_word' id='word_1_784' title='bbox 903 5544 985 5594; x_wconf 88' lang='lat' dir='ltr'><strong>Ill,</strong></span> <span class='ocrx_word' id='word_1_785' title='bbox 1037 5530 1122 5584; x_wconf 91' lang='lat' dir='ltr'><strong>tit.</strong></span> <span class='ocrx_word' id='word_1_786' title='bbox 1179 5529 1245 5596; x_wconf 78' lang='grc'><strong>2,</strong></span> <span class='ocrx_word' id='word_1_787' title='bbox 1294 5530 1486 5599; x_wconf 80' lang='lat' dir='ltr'><strong>digest.</strong></span> <span class='ocrx_word' id='word_1_788' title='bbox 1527 5528 1564 5582; x_wconf 76' lang='grc'><strong>2</strong></span> <span class='ocrx_word' id='word_1_789' title='bbox 1617 5539 1671 5585; x_wconf 90' lang='lat' dir='ltr'><strong>et</strong></span> <span class='ocrx_word' id='word_1_790' title='bbox 1715 5529 1747 5583; x_wconf 90' lang='lat'>6</span> <span class='ocrx_word' id='word_1_791' title='bbox 1782 5528 2086 5602; x_wconf 87' lang='lat' dir='ltr'><strong>[traditur].</strong></span> <span class='ocrx_word' id='word_1_792' title='bbox 2136 5531 2202 5585; x_wconf 88' lang='lat' dir='ltr'><strong>Et</strong></span> 
     </span>
    </p>
   </div>
   <div class='ocr_carea' id='block_1_117' title="bbox 2308 5517 3810 5602">
    <p class='ocr_par' dir='ltr' id='par_1_117' title="bbox 2327 5517 3810 5601">
     <span class='ocr_line' id='line_1_117' title="bbox 2327 5517 3810 5601; baseline -0.012 -17"><span class='ocrx_word' id='word_1_793' title='bbox 2327 5546 2477 5601; x_wconf 84' lang='grc' dir='ltr'>χοντι</span> <span class='ocrx_word' id='word_1_794' title='bbox 2507 5529 2541 5600; x_wconf 81' lang='grc' dir='ltr'>ἢ</span> <span class='ocrx_word' id='word_1_795' title='bbox 2574 5527 2786 5599; x_wconf 78' lang='grc' dir='ltr'>ὑπάτῳ,</span> <span class='ocrx_word' id='word_1_796' title='bbox 2826 5527 2921 5579; x_wconf 77' lang='grc' dir='ltr'><strong>καὶ</strong></span> <span class='ocrx_word' id='word_1_797' title='bbox 2949 5527 3085 5597; x_wconf 84' lang='grc' dir='ltr'>ἱερεῖ</span> <span class='ocrx_word' id='word_1_798' title='bbox 3122 5525 3220 5578; x_wconf 67' lang='grc' dir='ltr'><strong>κα)⁸</strong></span> <span class='ocrx_word' id='word_1_799' title='bbox 3248 5521 3587 5594; x_wconf 79' lang='grc' dir='ltr'>ἀξιωματικῷ</span> <span class='ocrx_word' id='word_1_800' title='bbox 3609 5538 3622 5553; x_wconf 92' lang='grc'><strong>·</strong></span> <span class='ocrx_word' id='word_1_801' title='bbox 3655 5521 3727 5573; x_wconf 72' lang='grc' dir='ltr'><strong>καὶ</strong></span> <span class='ocrx_word' id='word_1_802' title='bbox 3754 5517 3810 5568; x_wconf 81' lang='grc' dir='ltr'>ὅτι</span> 
     </span>
    </p>
   </div>
   <div class='ocr_carea' id='block_1_118' title="bbox 2329 5606 3807 5690">
    <p class='ocr_par' dir='ltr' id='par_1_118' title="bbox 2329 5606 3807 5690">
     <span class='ocr_line' id='line_1_118' title="bbox 2329 5606 3807 5690; baseline -0.009 -14"><span class='ocrx_word' id='word_1_803' title='bbox 2329 5623 2460 5677; x_wconf 82' lang='grc' dir='ltr'>εἴσω</span> <span class='ocrx_word' id='word_1_804' title='bbox 2519 5620 2615 5674; x_wconf 84' lang='grc' dir='ltr'><strong>τοῦ</strong></span> <span class='ocrx_word' id='word_1_805' title='bbox 2669 5619 2918 5674; x_wconf 72' lang='grc' dir='ltr'>ἐνιαυτοῦ</span> <span class='ocrx_word' id='word_1_806' title='bbox 2979 5618 3140 5690; x_wconf 86' lang='grc' dir='ltr'>μόνου</span> <span class='ocrx_word' id='word_1_807' title='bbox 3192 5619 3465 5671; x_wconf 84' lang='grc' dir='ltr'>κινεῖται·</span> <span class='ocrx_word' id='word_1_808' title='bbox 3511 5610 3735 5683; x_wconf 74' lang='grc' dir='ltr'>κεφολικὴ</span> <span class='ocrx_word' id='word_1_809' title='bbox 3773 5606 3807 5657; x_wconf 68' lang='grc' dir='ltr'><strong>δὲ</strong></span> 
     </span>
    </p>
   </div>
   <div class='ocr_carea' id='block_1_119' title="bbox 2334 5696 3804 5785">
    <p class='ocr_par' dir='ltr' id='par_1_119' title="bbox 2334 5696 3804 5785">
     <span class='ocr_line' id='line_1_119' title="bbox 2334 5696 3804 5785; baseline -0.002 -16"><span class='ocrx_word' id='word_1_810' title='bbox 2334 5716 2569 5785; x_wconf 84' lang='grc' dir='ltr'>τιμωρία</span> <span class='ocrx_word' id='word_1_811' title='bbox 2601 5710 2830 5781; x_wconf 80' lang='grc' dir='ltr'>ὥρισται</span> <span class='ocrx_word' id='word_1_812' title='bbox 2852 5713 2992 5767; x_wconf 74' lang='grc' dir='ltr'>κατὰ</span> <span class='ocrx_word' id='word_1_813' title='bbox 3045 5709 3152 5765; x_wconf 86' lang='grc' dir='ltr'><strong>τῶν</strong></span> <span class='ocrx_word' id='word_1_814' title='bbox 3181 5708 3470 5764; x_wconf 83' lang='grc' dir='ltr'>ποιούντων</span> <span class='ocrx_word' id='word_1_815' title='bbox 3502 5706 3710 5776; x_wconf 69' lang='grc' dir='ltr'>φάμοσαι</span> <span class='ocrx_word' id='word_1_816' title='bbox 3747 5696 3804 5748; x_wconf 52' lang='lat'><strong>7&quot;&quot;</strong></span> 
     </span>
    </p>
   </div>
   <div class='ocr_carea' id='block_1_120' title="bbox 656 5621 2221 5694">
    <p class='ocr_par' dir='ltr' id='par_1_120' title="bbox 656 5621 2221 5694">
     <span class='ocr_line' id='line_1_120' title="bbox 656 5621 2221 5694; baseline 0.001 -18"><span class='ocrx_word' id='word_1_817' title='bbox 656 5623 803 5694; x_wconf 88' lang='lat' dir='ltr'><strong>quod</strong></span> <span class='ocrx_word' id='word_1_818' title='bbox 834 5632 986 5677; x_wconf 83' lang='lat' dir='ltr'><strong>atrox</strong></span> <span class='ocrx_word' id='word_1_819' title='bbox 1032 5621 1230 5691; x_wconf 87' lang='lat' dir='ltr'><strong>injuria</strong></span> <span class='ocrx_word' id='word_1_820' title='bbox 1273 5622 1366 5689; x_wconf 90' lang='lat' dir='ltr'><strong>sit,</strong></span> <span class='ocrx_word' id='word_1_821' title='bbox 1415 5638 1539 5692; x_wconf 73' lang='lat' dir='ltr'><strong>qua:</strong></span> <span class='ocrx_word' id='word_1_822' title='bbox 1584 5623 1953 5693; x_wconf 84' lang='lat' dir='ltr'><strong>magistratui,</strong></span> <span class='ocrx_word' id='word_1_823' title='bbox 1985 5625 2221 5691; x_wconf 89' lang='lat' dir='ltr'><strong>consuli,</strong></span> 
     </span>
    </p>
   </div>
   <div class='ocr_carea' id='block_1_121' title="bbox 656 5711 2218 5788">
    <p class='ocr_par' dir='ltr' id='par_1_121' title="bbox 656 5711 2218 5788">
     <span class='ocr_line' id='line_1_121' title="bbox 656 5711 2218 5788; baseline 0.001 -17"><span class='ocrx_word' id='word_1_824' title='bbox 656 5715 943 5783; x_wconf 86' lang='lat' dir='ltr'><strong>sacerdoti,</strong></span> <span class='ocrx_word' id='word_1_825' title='bbox 978 5711 1224 5788; x_wconf 86' lang='lat' dir='ltr'><strong>[alioqui]</strong></span> <span class='ocrx_word' id='word_1_826' title='bbox 1254 5714 1336 5770; x_wconf 87' lang='lat' dir='ltr'><strong>vel</strong></span> <span class='ocrx_word' id='word_1_827' title='bbox 1365 5716 1573 5770; x_wconf 85' lang='lat' dir='ltr'><strong>honore</strong></span> <span class='ocrx_word' id='word_1_828' title='bbox 1610 5714 1835 5785; x_wconf 75' lang='lat' dir='ltr'><strong>praedito</strong></span> <span class='ocrx_word' id='word_1_829' title='bbox 1871 5716 1949 5771; x_wconf 88' lang='lat' dir='ltr'><strong>tit.</strong></span> <span class='ocrx_word' id='word_1_830' title='bbox 1983 5716 2046 5771; x_wconf 87' lang='lat' dir='ltr'><strong>Et</strong></span> <span class='ocrx_word' id='word_1_831' title='bbox 2072 5717 2218 5787; x_wconf 89' lang='lat' dir='ltr'><strong>quod</strong></span> 
     </span>
    </p>
   </div>
   <div class='ocr_carea' id='block_1_122' title="bbox 610 5933 691 5951">
    <p class='ocr_par' dir='ltr' id='par_1_122' title="bbox 610 5933 691 5951">
     <span class='ocr_line' id='line_1_122' title="bbox 610 5933 691 5951; baseline -0.012 0"><span class='ocrx_word' id='word_1_832' title='bbox 610 5933 691 5951; x_wconf 42' lang='lat' dir='ltr'><strong>.ﬁ‘</strong></span> 
     </span>
    </p>
   </div>
  </div>
