3980 6402
125 385 210 447 797
719 387 1117 452 SYNTAGMA
1137 391 1520 453 CANONUM.
1551 419 1623 428 —
1653 395 1798 454 TIT.
1828 395 1933 468 1x,
1957 396 2112 456 CAP.
2143 397 2688 461 XXXVI-XXXIX.
3245 383 3349 469 798

123 499 213 551 ιῶν
242 497 714 564 ἀναγινωσκόντων
757 503 916 570 αὐτὰ,
957 505 1051 556 καὶ
1077 505 1176 576 τὴν
1209 505 1436 576 δύναμιν
1487 506 1665 559 αὐτῶν
1693 567 1695 575 ι

1775 507 1910 560 intra
1937 523 2138 561 annum
2167 509 2428 562 duntaxat
2455 507 2592 580 [haec
2636 507 2799 580 actio]
2837 521 3138 566 moveatur.
3171 514 3347 568 Caete-

122 589 358 658 λετόντων
385 594 547 657 τισὶν,
580 592 652 657 ὡς
678 593 817 662 βιδλ.
849 595 893 648 ϐ’
912 636 927 662 ,
955 597 1061 650 τίτ.
1100 596 1206 660 λς’.

1779 613 1902 653 rum
1930 600 1983 653 in
2007 616 2102 656 eos
2129 601 2220 670 qui
2243 600 2488 656 famosos
2511 601 2769 674 [libellos]
2797 609 3150 673 cetnponunt,
3188 607 3350 676 quive

123 680 451 842 illosagrglqnt,
474 684 634 844 qqive
663 686 768 739 vim
795 702 982 742 eorum
1031 689 1305 758 aliquibus
1370 689 1580 756 dicunt,
1607 689 1853 760 capitalis
1918 707 2078 763 pinna
2109 693 2405 748 constituta
2470 704 2594 750 est:
2628 697 3084 765 quemadmodum
3138 698 3233 752 lib.
3257 715 3310 753 rx
3331 717 3347 742 ν

123 773 193 826 tit.
344 782 515 827 locet.

179 865 416 918 ΚΕΦΑΛ.
447 865 570 920 ΛΖ’.
600 871 831 936 -Περὶ
863 869 982 924 τῶν
1007 873 1342 927 ποιούντων
1384 889 1661 944 συνωμο-

1839 875 1989 932 CAP.
2022 877 2284 934 XXXVII.
2324 909 2395 920 —
2431 879 2509 933 De
2535 879 2937 950 conjici-antibus
2992 891 3044 936 et
3093 883 3347 937 sodalitia

120 959 236 1024 σῖας
258 956 295 1022 ἢ
323 957 594 1027 φατρίας.

1772 971 2110 1041 facientibus.
2339 961 2357 981 ⁸

359 1049 631 1104 Συνόδου
663 1051 1050 1121 Χαλκηδόνος
1076 1055 1279 1108 κανὼν
1306 1062 1396 1127 ιη’.

2040 1063 2265 1118 Concilii
2298 1063 2730 1118 Chalcedonensis
2758 1082 2927 1119 canon
2978 1067 3063 1122 18.

180 1139 258 1213 ιη’.
289 1141 360 1194 To
383 1141 486 1212 τῆς
522 1143 910 1216 συνωμοσίαςῆ
928 1145 1160 1217 φατρίας
1177 1146 1345 1218 ἔγκλη
1354 1165 1451 1219 μα,
1469 1165 1523 1202 κ.
1542 1165 1593 1204 τ.
1611 1147 1662 1203 λ.

1843 1149 1931 1206 18.
1987 1149 2393 1220 Conjurationis
2442 1153 2524 1206 vel
2554 1152 2861 1209 sodalitatis
2907 1155 3138 1219 crimen,
3209 1141 3342 1220 etc,

1770 1251 1827 1297 ut
1857 1259 1978 1312 pag.
2014 1242 2138 1297 7‘50.

324 1328 596 1384 Συνόδου
634 1331 1057 1400 Καρθαγέννης
1091 1333 1295 1387 κανῶν
1328 1333 1428 1403 νγ’.

2055 1333 2280 1388 Concilii
2321 1333 2729 1405 Carthaginenis
2762 1353 2931 1391 canon
2977 1336 3064 1394 55.

177 1420 338 1472 Ὥστε
367 1419 476 1486 τὰς
497 1420 845 1488 διοικήσεις,
874 1425 927 1476 εὶ
974 1423 1056 1491 μὴ
1102 1425 1252 1478 κατὰ
1297 1427 1671 1498 συναίνεονν⁸

1846 1423 1913 1478 Ut
1945 1423 2209 1485 dioeccses,
2243 1425 2346 1476 nisi
2374 1440 2438 1478 ex
2463 1442 2717 1479 consensu
2737 1427 2964 1498 episcopi
2985 1428 3207 1498 proprii,
3237 1429 3345 1497 epi—

124 1511 210 1564 τοῡ
259 1509 406 1564 ιδίου
479 1511 856 1578 ἐπισκόπου,
939 1513 1282 1569 ἐπίσκοπον
1334 1515 1538 1586 ἕτερον
1579 1517 1664 1587 μὴ

939 1513 1282 1569 ἐπίσκοπον
1334 1515 1538 1586 ἕτερον
1579 1517 1664 1587 μὴ
1772 1531 1986 1585 scopum
2019 1531 2119 1569 non
2150 1516 2438 1585 accipiant.

125 1603 390 1671 δέχεσθαι.

181 1692 267 1764 vf.
309 1695 611 1764 Ἐπιγόνιος
637 1685 1134 1760 ὲπίσκοποςίεῐπεν·
1172 1697 1260 1752 Ἐν
1296 1697 1515 1762 πολλαῖς
1546 1715 1671 1753 συν-

1852 1700 1941 1754 55.
1997 1695 2292 1771 EpigOnius
2325 1698 2612 1767 episc0pus
2664 1700 2843 1758 dixit:
2884 1697 3065 1756 Multis
3102 1701 3345 1756 conciliis

129 1786 240 1850 όδοις
261 1785 478 1856 ὥρισται
509 1788 770 1860 συνεδρίῳ
801 1787 1079 1859 ἱέρατικῷ,
1104 1805 1157 1842 κ.
1189 1805 1242 1842 τ.
1263 1788 1313 1843 λ.

1775 1795 1874 1848 boc
1933 1801 2197 1847 statutum
2258 1800 2342 1846 est
2383 1806 2441 1844 a-
2487 1800 2632 1847 coetu
2696 1793 3036 1859 sacerdotali,
3097 1805 3228 1858 ctc.,
3291 1804 3347 1845 ut

1768 1903 1890 1958 pag.
1938 1884 2066 1940 650.

180 1981 420 2052 Αὐρήλιος
453 1981 752 2046 ἐπίσκοπος
791 1978 962 2038 εἶπενο
995 1981 1103 2035 Τοῦ
1133 1981 1364 2052 ἀδελφοῦ
1390 1984 1483 2038 καὶ
1535 2001 1669 2038 συν-

1836 1978 2002 2049 319
2031 1977 2283 2033 Aurelius
2314 1979 2606 2047 episcopus
2647 1977 2786 2031 dixit
2817 1995 2831 2032 :
2866 1977 3087 2031 Fratres
3131 1987 3183 2031 et
3213 1993 3345 2032 con-

128 2066 385 2128 επισκόπου
416 2074 580 2146 ἡμῶν
609 2077 676 2146 τῇ
697 2074 1152 2146 ἐξακολουθήσει,
1184 2093 1239 2130 κ.
1268 2093 1319 2130 τ.
1355 2077 1405 2131 λ.
1475 2083 1478 2090 ’

1771 2072 2075 2126 sacerdotes
2103 2069 2270 2123 nostri
2305 2068 2698 2138 prosecutioni,
2719 2077 2847 2134 ctc.,
2877 2078 2932 2121 ut
2958 2085 3078 2138 pag.
3112 2067 3237 2122 650.

192 2165 466 2235 Ὁνωράτος
531 2164 630 2218 καὶ
683 2164 959 2236 Οὐρϐανὸς
1029 2165 1319 2218 ἐπίσκοποι
1373 2161 1546 2220 εἵπονο
1607 2166 1672 2220 Ἦ

1838 2163 2150 2217 Honoratus
2170 2172 2224 2216 et
2253 2161 2512 2216 Urbanus
2532 2161 2771 2230 episc0pi
2800 2160 3093 2214 dixerunt:
3122 2161 3346 2214 Summa

131 2253 322 2324 μεγίστη
346 2254 574 2324 πρόνοια
600 2254 700 2324 τῆς
752 2255 1023 2326 ὑμετέρας
1087 2254 1414 2324 ἁγιωσύνης,
1444 2273 1499 2309 κ.
1529 2273 1580 2310 τ.
1619 2255 1670 2310 λ.

1467 2273 1499 2309 ι.
1529 2273 1580 2310 τ.
1619 2255 1670 2310 λ.
1771 2254 2011 2326 provisio
2035 2253 2338 2308 sanctitatis
2372 2264 2496 2318 tuae,
2523 2263 2651 2318 etc.,
2684 2262 2738 2304 ut
2765 2269 2888 2321 pag.
2915 2251 3039 2307 651.

177 2347 467 2418 Σύμπαντες
497 2347 790 2400 ἐπίσκοποι
817 2343 992 2400 εἷπον.
1021 2347 1373 2418 -Ἀρέσκει,
1424 2348 1668 2419 ἀρέσκει.

1592 2365 1668 2401 ει.
1851 2345 2103 2402 Universi
2127 2345 2364 2415 episcopi
2394 2343 2650 2399 dixerunt
2681 2361 2694 2397 :
2729 2342 2934 2408 Placet,
2971 2346 3164 2414 placet.

239 2532 498 2586 Συνόδου
536 2529 958 2600 οἱκουμενικηῆς
990 2530 1171 2600 ἕκτης
1203 2530 1408 2584 κανὼν
1434 2529 1528 2585 λδῆ

1458 2529 1528 2585 .δ⁹.
2075 2531 2298 2590 Concilii
2333 2529 2635 2585 tecumenici
2666 2544 2718 2582 Vl
2745 2544 2914 2581 canon
2941 2528 3030 2582 51.

180 2619 258 2675 λδῆ
284 2623 384 2675 Καὶ
413 2623 580 2675 τοῦτο
605 2622 660 2674 δὲ
689 2622 779 2674 τοῦ
809 2623 1080 2691 ἱερατικοῦ
1111 2622 1332 2685 κανόνος
1358 2623 1543 2690 σαφῶς
1560 2623 1674 2676 δια-

1841 2628 1930 2685 54.
1982 2625 2154 2682 Porro
2197 2634 2378 2678 autem
2402 2624 2448 2655 “
2497 2638 2620 2676 cum
2645 2631 2698 2675 et
2733 2620 2834 2674 boc
2863 2635 3039 2673 canon
3093 2621 3346 2674 sacerdo-

127 2717 419 2784 γορεύοντος,
443 2718 516 2778 ὼς
534 2715 603 2768 τὸ
623 2717 720 2785 τῆς
739 2715 1077 2784 συνωμοσίας
1095 2717 1126 2786 ἢ
1148 2716 1375 2787 φατρίας
1400 2717 1564 2785 ἕγκλη
1575 2735 1670 2786 μα,

1774 2724 1898 2778 talis
1943 2730 2128 2790 aperte
2154 2720 2350 2780 edicat,
2396 2716 2539 2786 quod
2567 2713 2962 2783 conjurationis
3025 2713 3107 2767 vel
3141 2712 3343 2766 sodali-

129 2807 207 2858 καὶ
223 2808 360 2876 παρὰ
385 2808 492 2862 τῶν
515 2807 627 2874 ἔξω
654 2809 833 2878 νόμων
873 2807 1050 2876 πάντη
1097 2806 1424 2872 κεκώλυται,
1492 2808 1671 2879 πολλῷ

1775 2815 1898 2870 latis
1927 2815 2135 2868 crimen
2165 2810 2324 2865 etiam
2383 2808 2452 2862 ab
2516 2805 2752 2859 externis
2816 2803 3025 2873 legibus
3077 2804 3299 2857 vetitum
3333 2844 3347 2869 ,

130 2901 180 2970 δὴ
205 2903 382 2971 μᾶλλον
419 2905 476 2957 ὲν
502 2907 576 2974 τῇ
601 2903 694 2956 τοῦ
727 2894 880 2956 Θεοῦ
906 2903 1207 2974 Ἐκκλησία
1239 2901 1399 2956 τοῦτο
1427 2900 1671 2970 γίνεσθαι

1778 2907 1941 2960 multo
2000 2912 2178 2958 autem
2213 2899 2384 2971 magis
2407 2899 2509 2954 hoc
2559 2897 2671 2952 ﬁeri
2707 2897 2759 2950 in
2790 2896 3029 2950 Ecclesia
3061 2897 3350 2965 prohibere

130 2995 458 3066 ἀπαγορεύειν
529 2998 826 3068 προσήκει,
884 2998 980 3050 καὶ
1026 2999 1187 3069 ἡμεῖς
1226 2997 1671 3068 παραφυλάττειν

1776 3007 2031 3067 oportet:
2077 3011 2176 3049 nos
2212 3006 2431 3064 quoque
2475 2989 2769 3043 observare
2823 2987 3105 3042 studemus
3141 3029 3155 3052 ,
3200 2996 3257 3042 ut
3303 2988 3348 3043 si

131 3086 497 3156 σπουδάζομεν*
565 3087 702 3140 ὥστε
761 3088 814 3141 ετ
855 3105 1002 3151 τινες
1051 3088 1303 3159 κληρικοὶ
1352 3089 1384 3157 ἢ
1442 3087 1667 3158 μοναχοὶ

1778 3089 1864 3158 qui
1899 3088 2081 3143 clerici
2133 3094 2228 3140 aut
2285 3081 2533 3138 monachi
2587 3079 2794 3134 inventi
2855 3080 2964 3133 sint
3022 3081 3103 3133 vel
3159 3079 3350 3150 conju-

129 3172 380 3242 εὑρεθεῖεν,
418 3176 450 3247 ἢ
481 3177 908 3248 συνομνύμενοι,
943 3178 976 3247 ἢ
1031 3178 1439 3248 φατριάζοντες.
1482 3177 1515 3248 ἢ
1571 3170 1701 3230 και-ί

1778 3186 1970 3243 rantes,
2004 3177 2085 3231 vel
2109 3175 2423 3230 sodalitates
2463 3172 2734 3232 ineuntes,
2793 3171 2876 3223 vel
2921 3169 3184 3225 adversus
3235 3170 3350 3239 epi-

129 3265 358 3329 τασκευὰς
417 3267 740 3338 τυρεύοντες
788 3268 1128 3335 ἐπισκόπων,
1187 3267 1662 3339 ἢσυγκληρικῶν,

1779 3285 1962 3340 scepos
1993 3268 2076 3323 vel
2107 3266 2444 3323 conclericos
2504 3261 2712 3332 aliquid
2745 3272 3041 3330 struentes,
3077 3280 3108 3318 a
3134 3264 3351 3333 proprio

130 3351 496 3409 ἒκπιπτὲτωσαν
521 3358 703 3430 πάντη
736 3358 828 3411 τοῦ
852 3358 1052 3411 οἰκείου
1080 3358 1310 3429 βαθμοῦ.

933 3358 1052 3411 ,είου
1080 3358 1310 3429 βαθμοῦ.
1766 3365 1936 3435 gradu
1969 3363 2196 3418 omnino
2230 3361 2505 3416 excidant.

185 3443 278 3496 Καὶ
320 3445 348 3497 ὁ
391 3447 672 3510 πολιτικὸς
723 3447 884 3517 νόμος
934 3449 1258 3517 τιμωρεῖται
1295 3445 1394 3510 τὰς
1429 3443 1662 3514 φατρίας

1837 3455 2048 3509 Textus.
2086 3453 2273 3510 Civilis
2313 3455 2477 3508 etiam
2517 3456 2600 3510 lex
2643 3453 2913 3508 factiones
2960 3459 3124 3518 atque
3151 3447 3346 3515 conju-

131 3536 314 3602 καὶτὰς
344 3539 708 3609 συνωμοσίας,
739 3540 814 3602 ὡς
857 3539 999 3608 βιὸλ.
1053 3545 1143 3609 μη¹
1177 3539 1282 3593 τίτ.
1309 3538 1350 3592 δ’
1365 3575 1382 3604 ,
1421 3537 1526 3605 δίγ.
1577 3536 1617 3590 δ’
1646 3577 1661 3602 ,

1773 3545 2006 3599 rationes
2059 3544 2216 3614 punit
2254 3545 2756 3613 :quemadmodum
2796 3543 2891 3596 lib.
2934 3556 3122 3601 vam,
3177 3538 3258 3591 tit.
3291 3539 3345 3603 4,

130 3629 204 3680 καὶ
232 3629 322 3684 τίτ.
358 3631 419 3684 t0'
439 3673 454 3692 ,
476 3633 591 3699 δξγ.
620 3637 666 3683 α’
692 3633 789 3683 καὶ
816 3639 913 3696 ις’.
1685 3630 1688 3634 ’

1776 3638 1874 3706 Iig.
1918 3637 1971 3700 Δ,
2015 3646 2067 3690 ct
2115 3635 2195 3689 tit.
2233 3635 2315 3689 19.
2374 3637 2566 3705 digest.
2611 3636 2663 3697 1,
2711 3644 2764 3688 et
2797 3634 2890 3686 lib.
2944 3649 3052 3693 va,
3090 3628 3348 3701 [docent.]

186 3721 407 3776 ΚΕΦΑΛ.
435 3721 643 3778 AH'.—
676 3724 822 3777 Ποῖα
847 3721 1234 3797 ἁμαρτήματα
1254 3723 1291 3791 ἡ
1330 3720 1665 3790 χειροθεσία

1833 3725 1986 3780 CAP.
2021 3723 2309 3779 XXXVIII.
2359 3756 2429 3765 —
2460 3726 2716 3791 Quantam
2763 3732 2978 3792 peccata
3009 3737 3101 3790 per
3132 3719 3347 3772 ordina-

132 3810 254 3868 λύει.

1769 3819 1962 3872 tionem
1985 3817 2278 3871 solvantur.

337 3905 603 3959 Συνόδου
640 3906 1107 3974 Νεοκαισαρείας
1130 3903 1329 3958 κανὼν
1349 3902 1414 3956 0'.

2041 3907 2272 3962 Concilii
2309 3907 2769 3962 Neocwsareensis
2811 3922 2979 3960 canon
3006 3905 3060 3959 9.

190 3991 246 4048 θ’.
281 3996 645 4069 Πρεσϐύτερος
678 3997 772 4051 ὲὰν
801 3996 1270 4070 προημαρτηκὼς,
1296 4014 1351 4051 κ.
1383 4014 1434 4050 τ.
1469 3995 1521 4050 λ.

1833 4001 1887 4056 9.
1919 3999 1976 4056 Si
2003 4003 2287 4072 presbyter
2315 4003 2405 4072 qui
2432 4017 2663 4072 corpore
2689 4001 2839 4072 prius
2854 4005 3190 4069 peccaverat,
3215 4003 3343 4054 etc..

1769 4102 1825 4146 ut
1849 4109 1972 4162 pag.
2020 4092 2148 4146 547.

187 4182 410 4238 ΚΕΦΑΛ.
448 4182 580 4238 ΛΘ’.
640 4212 708 4223 -
759 4184 900 4254 Περὶ
958 4183 1297 4253 μετανοίας,
1343 4183 1438 4236 καὶ
1501 4183 1661 4248 τίνες

1831 4184 1996 4252 320
2023 4182 2174 4237 CAP.
2205 4180 2451 4236 XXXIX.
2482 4211 2547 4222 —
2578 4179 2654 4234 De
2687 4179 3028 4249 paenitentia;
3054 4186 3100 4229 et
3131 4174 3345 4244 quinam

134 4273 302 4329 ἄδειαν
330 4278 537 4345 ἔχουσι
559 4277 790 4332 διδόναι
812 4277 936 4342 τοῖς
963 4276 1327 4345 μετανοοῦσι
1356 4278 1658 4328 καταλλα-

1773 4275 1994 4328 ltabeant
2022 4283 2335 4344 potestatem
2362 4273 2666 4342 pwnitentes
2705 4269 3111 4330 reconciliandi;
3136 4278 3182 4319 et
3209 4265 3345 4335 quod

135 4366 243 4432 τὴν,
265 4371 351 4423 καὶ
371 4369 457 4424 ὅτι
476 4370 682 4435 ἔξεστι
708 4369 786 4436 τῷ
808 4370 954 4438 ἱερεῖ
977 4367 1186 4436 μειοῦν
1205 4368 1301 4421 καὶ
1331 4367 1542 4432 αὔξειν
1588 4366 1662 4422 τὰ

1773 4367 2031 4421 sacerdoti
2084 4367 2241 4421 liceat
2290 4367 2525 4419 minuere
2573 4364 2652 4418 vel
2703 4378 2892 4433 augere
2940 4376 3143 4431 poenam
3185 4375 3345 4412 cano—

133 4457 374 4530 ἐπιτίμια.
1443 4503 1446 4506 «
1699 4503 1705 4559 1

1720 4504 1745 4560 )
1769 4460 1965 4514 nicum.

508 4557 894 4614 Ἀποσζόλων
933 4553 1136 4607 κανὼν
1158 4552 1258 4622 νβ’.
1701 4546 1742 4561 ν

1701 4546 1742 4561 ν
2194 4547 2562 4618 Apostolorum
2589 4562 2758 4598 conon
2794 4546 2883 4600 59..

188 4642 270 4698 νϐ’.
294 4647 356 4699 Ei
378 4666 456 4713 τις
487 4651 784 4710 ἐπίσκοπος
813 4648 845 4716 ἢ
877 4645 1244 4716 πρεσϐύτερος
1288 4643 1376 4696 τὸν
1410 4641 1665 4712 ἐπιστρέ-

1846 4642 1912 4696 5:!
1932 4639 2070 4713 [51].
2101 4639 2158 4694 Si
2183 4640 2307 4706 quis
2331 4639 2638 4708 cpiscopus,
2658 4639 2938 4707 presbyter
2979 4636 3060 4690 vel
3088 4636 3351 4690 diaconus

137 4748 273 4796 (ξαντα
291 4738 390 4791 ἀπὸ
414 4740 691 4811 ἁμαρτίας
721 4740 782 4792 ού
801 4738 1172 4809 προσδέχεται,
1207 4735 1342 4788 ἀλλὰ
1371 4733 1667 4788 ἀποϐάλλε-

1775 4749 1898 4788 eum
1931 4733 2025 4804 qui
2049 4749 2079 4786 a
2103 4730 2335 4801 peccatis
2350 4731 2685 4785 convertitur
2702 4746 2808 4784 non
2835 4728 3046 4797 recipit,
3065 4728 3157 4782 sed
3179 4727 3347 4796 ejicit,

137 4829 590 4902 ται,καοαιρείσοω.
628 4835 709 4887 ὅτι
727 4833 884 4884 λυπεῖ
903 4833 943 4884 Χ
956 4830 1134 4899 ριστὸν
1149 4830 1239 4882 τὸν
1251 4829 1493 4881 εἰπόντα·
1509 4827 1671 4893 Χαρὰ

1778 4827 2118 4896 deponatur;
2149 4824 2407 4894 quoniam
2443 4823 2724 4878 Christum
2761 4821 3010 4876 moleStia
3038 4819 3222 4885 allicit,
3251 4819 3344 4888 qui

139 4914 319 4978 γίνεται
337 4923 403 4975 ἐν
425 4923 658 4992 οὐρανῷ
677 4924 774 4978 ἐπὶ
806 4923 895 4976 ἐνὶ
914 4919 1236 4991 ἁμαρτωλῷ
1254 4918 1669 4990 μετανοοῦντι.

1779 4917 1916 4971 dixit
1943 4933 1957 4970 :
1991 4915 2257 4970 Caudium
2286 4925 2363 4970 cst
2388 4917 2440 4967 in
2467 4915 2594 4969 caelo
2622 4926 2836 4984 propter
2885 4929 3048 4966 unum
3102 4914 3345 4982 peccato-

1768 5025 1873 5062 rem
1899 5009 2258 5076 paenitentiam
2281 5017 2514 5077 agentem
2543 5007 2608 5037 °'°

380 5105 645 5160 Συνόδου
672 5107 916 5172 Νικαίας
939 5103 1139 5159 κανὼν
1168 5111 1257 5170 ια’,
1294 5101 1382 5174 ιβ’.

2071 5099 2294 5154 Coucilii
2328 5099 2537 5154 Nicwni
2568 5116 2794 5154 canones
2826 5099 2912 5160 11,
2952 5097 3038 5150 1'2.

197 5188 271 5243 ια’.
295 5195 420 5265 Περὶ
443 5197 548 5249 τῶν
576 5198 936 5268 παραὸἁντων
953 5198 1121 5266 χωρὶς
1139 5196 1402 5265 ἀνάγκης,
1436 5193 1468 5266 ἥ
1501 5195 1669 5265 χωρὶς

1845 5193 1932 5246 11.
1979 5191 2051 5244 De
2085 5191 2172 5258 iis,
2219 5191 2311 5260 qui
2345 5191 2464 5244 sine
2511 5190 2831 5244 necessitate
2860 5188 2933 5251 “,
2988 5186 3072 5240 vel
3115 5184 3232 5239 sine
3263 5183 3345 5239 1a-

143 5278 445 5352 ἀφαιρὲσεως
473 5289 842 5359 ὑπαρχόντων,
879 5288 912 5356 ἢ
948 5288 1116 5359 χωρὶς
1148 5286 1415 5352 κινδύνου,
1449 5287 1482 5357 ἢ
1525 5303 1668 5350 τινος

1771 5285 2031 5338 cultatum
2066 5298 2288 5337 suarum
2325 5283 2624 5363 ablatione,
2658 5281 2739 5334 vel
2779 5279 2899 5332 sine
2939 5277 3048 5330 ullo
3079 5277 3342 5346 periculo,

143 5373 368 5439 τοιούτου,
421 5379 448 5430 ὃ
489 5381 708 5446 γέγονεν
748 5379 840 5431 ἐπὶ
896 5378 997 5446 τῆς
1025 5377 1335 5447 τυραννίδος
1370 5378 1666 5442 Λικιννίου,

1776 5378 1853 5433 VCI
1902 5377 2085 5446 aliquo
2129 5376 2422 5445 ejusmodi,
2481 5373 2805 5443 transgressi
2857 5379 3005 5433 sunt,
3055 5369 3202 5440 quod
3248 5369 3348 5422 sub

145 5461 260 5526 ἓδθξε
286 5470 343 5537 τῇ
377 5471 594 5540 συνόδῳ,
628 5473 674 5524 εἰ
703 5473 796 5525 καὶ
829 5470 1032 5534 ἀνάξιοι
1059 5466 1198 5540 ἦσαν
1237 5469 1670 5539 φιλανθρωπίας,

1775 5470 1968 5524 Licinii
2010 5471 2295 5540 tyrannide
2331 5471 2534 5523 factum
2572 5477 2676 5532 est,
2705 5467 2910 5537 synodo
2945 5466 3119 5520 visum
3155 5473 3256 5529 est,
3287 5473 3341 5517 et

146 5551 266 5617 ὃμως
293 5563 714 5628 χρηστεύσασοαι
752 5565 829 5627 εἰς
860 5563 1051 5624 αύτούς
1087 5577 1102 5592 ’
1152 5563 1266 5614 ὅσοι
1321 5561 1411 5614 οὖν
1436 5560 1671 5629 γνησίως

1778 5562 1821 5613 si
1875 5559 2214 5614 humanitate
2257 5561 2464 5630 indigni
2515 5567 2661 5621 sunt,
2725 5557 3008 5611 clementia
3071 5564 3248 5607 tamen
3294 5563 3347 5606 et

149 5649 550 5717 μεταμελοῦνται,
581 5661 626 5723 γ’
650 5654 742 5725 ἔτη
793 5656 848 5708 ἐν
876 5654 1243 5724 ἀκροωμένοις
1279 5653 1583 5724 ποιήσουσιν
1612 5653 1660 5704 οἱ

1788 5652 2118 5722 benignitate
2149 5652 2203 5704 in
2237 5666 2329 5705 cos
2365 5652 2460 5706 uti.
2499 5648 2822 5718 Quicunque
2849 5661 2976 5717 ergo
3009 5660 3263 5716 germane
3297 5651 3348 5696 ct

210 5796 249 5827 ι’
279 5799 432 5858 Cone.
459 5805 706 5863 Calcltcd.
745 5825 793 5863 ο.
841 5809 926 5862 18.
1003 5809 1046 5840 ⁸⁵³
1080 5807 1209 5864 Luc.
1250 5823 1332 5871 xv,
1368 5807 1420 5859 7.
1498 5808 1541 5839 ⁸³
1567 5808 1764 5877 Ancyr.

745 5825 793 5863 (ι.
841 5809 926 5862 18.
1003 5809 1046 5840 ⁸³
1080 5807 1209 5864 Luc.
1250 5823 1332 5871 xv,
1368 5807 1420 5859 7.
1498 5808 1541 5839 ⁸³
1567 5808 1764 5877 Ancyr.
1797 5805 1832 5858 9..
1861 5817 1914 5862 et
1941 5807 2008 5873 5;
2045 5807 2218 5877 Syrio.
2253 5805 2305 5860 5.
