3874 6296
588 333 698 401 799

1712 339 1975 400 PIIOTII
2014 341 2188 402 PATI

2300 344 2520 405 ΒΟΗίΕ
2559 348 2672 408 CP.
3695 356 3773 419 800

564 458 717 502 ‘vere
745 447 1067 517 ptenitentia
1101 448 1403 515 ducuntur,
1440 459 1551 507 tres
1578 466 1751 505 annos
1788 453 1928 507 inter
1958 452 2175 507 audito-

2300 458 2483 523 τιστοὶ,
2520 461 2614 513 καὶ
2650 460 2789 513 ἑπτά
2816 460 2911 532 ἐτη
2949 459 3346 513 ὑποπεσοῐωται
3375 473 3387 486 ·
3416 460 3502 513 δύο
3521 460 3568 513 δὲ
3602 462 3679 534 ἔτη
3696 484 3776 535 χω-

591 556 681 594 res
705 540 943 611 exigent,
972 550 1031 596 ut
1070 542 1278 606 ﬁdeles,
1305 554 1358 597 et
1386 554 1590 613 septem
1625 544 1784 599 annis
1817 556 2170 613 prosternen-

591 642 681 685 tur
721 634 996 702 supplices
1024 652 1038 699 ;
1068 634 1284 690 duobus
1335 646 1518 690 autem
1567 638 1726 691 annis
1767 640 1976 707 absque
2021 638 2174 693 obla-

592 721 741 776 tione
764 734 925 777 erunt
963 725 1272 777 orationum
1304 740 1426 778 cum
1454 727 1651 796 pepulo
1689 729 2004 796 participes.

658 814 748 869 12.
784 816 887 882 Qui
929 827 1108 872 autem
1162 834 1193 872 a
1223 820 1396 889 gratia
1423 821 1642 890 quidem
1692 822 1924 886 evocati,
1962 831 2073 878 etc.
2113 830 2173 875 ut

593 910 867 979 pag.751.
1576 920 1581 927 '

598 1023 825 1105 Concilii
850 1025 1120 1097 Ancyrani
1149 1044 1372 1083 canones
1406 1029 1459 1095 1,
1491 1028 1545 1093 2,
1575 1030 1629 1097 5,
1667 1029 1721 1095 4,
1761 1030 1813 1094 5,
1854 1029 1911 1093 6,
1948 1031 1999 1095 '7,
2034 1030 2086 1098 8,
2120 1032 2175 1086 9.

666 1233 1107 1306 LPresbyteros.
1128 1236 1220 1307 qui
1249 1235 1863 1301 sacriﬁearunt,deinde
1878 1246 2064 1291 contra
2091 1252 2177 1293 re-

598 1325 785 1380 luctati
813 1336 962 1391 sunt,
994 1338 1123 1393 etc.,
1155 1337 1212 1382 ut
1239 1347 1365 1401 pag.
1401 1328 1529 1383 595.

664 1417 721 1470 2.
759 1417 1027 1477 Diaconos
1082 1421 1354 1488 similiter,
1405 1423 1497 1491 qui
1543 1420 1947 1486 sacriﬁcarunt,
1978 1430 2082 1475 etc.
2120 1432 2177 1475 ut

595 1525 718 1581 pag.
747 1512 871 1567 755.

666 1605 720 1659 5.
750 1604 856 1660 Eos
885 1606 979 1677 qui
1017 1606 1287 1676 fugientes
1332 1610 1713 1680 comprehensi
1761 1618 1926 1675 sunt,
1970 1618 2073 1663 etc.
2123 1617 2179 1661 ut

596 1713 721 1768 pag.
755 1699 879 1755 758.

2278 548 2359 619 ρὶς
2386 553 2701 622 προσφορᾶς
2725 552 3056 623 κοινωνήσου
3068 569 3119 605 σι
3144 552 3223 624 τῷ
3241 550 3353 622 λαῷ
3379 552 3479 605 τῶν
3499 557 3774 625 προσευχῶν,

2351 836 2437 892 ιϐ’.
2452 835 2515 890 Οί
2528 836 2584 889 δὲ
2596 834 3025 906 προσκληθέντες
3050 834 3149 905 μὲν
3167 834 3269 888 ὑπὸ
3284 833 3379 905 τῆς
3395 831 3614 906 χάριτος,
3630 854 3674 889 κ.
3693 855 3730 892 τ.
3744 839 3781 893 λ.

2280 1041 2548 1098 Συνόδου
2578 1041 2857 1111 Ἀγκύρας
2882 1038 3082 1095 κανὼν
3097 1046 3167 1105 α’,
3192 1040 3257 1111 β’,
3276 1047 3345 1109 γ’,
3364 1040 3424 1105 δ’,
3442 1045 3501 1105 ε’,
3520 1039 3656 1106 ς-’,ζ’,
3670 1051 3726 1110 η’,
3742 1044 3788 1097 θ’.

2350 1247 2417 1303 α’.
2446 1245 2719 1319 Πρεσὸυτέ
2729 1263 2851 1316 ρους
2872 1245 2997 1309 τοὺς
3020 1242 3405 1304 ἐπιθύσαντας,
3421 1237 3535 1293 εἶτα
3554 1241 3792 1295 ἀναπαλαὲ.

2281 1359 2499 1402 σαντας,
2538 1358 2591 1394 κ.
2625 1357 2672 1392 τ.
2705 1338 2754 1393 λ.

2350 1433 2413 1503 β’.
2450 1432 2738 1494 Διακόνους
2764 1429 2962 1501 ὁμοίως
2992 1428 3286 1491 θύσαντας,
3314 1443 3369 1479 κ.
3397 1442 3449 1481 τ.
3482 1425 3530 1479 λ.

2352 1620 2420 1684 γ’.
2451 1614 2587 1677 Τοὺς
2618 1611 2916 1682 φεύγοντας
2947 1610 3041 1663 καὶ
3072 1607 3498 1679 συλληφθέντας,
3532 1626 3582 1661 κ.
3622 1626 3663 1665 τ.
3692 1613 3729 1663 λ.

666 1819 721 1872 4.
761 1817 835 1870 De
883 1816 950 1872 iis
999 1818 1092 1887 qui
1136 1819 1187 1874 vi
1236 1818 1654 1884 sacriﬁcarunt,
1710 1829 1764 1874 et
1797 1828 2056 1889 praeterea
2104 1816 2170 1873 ad

2343 1824 2404 1881 δ’.
2427 1826 2559 1896 Περὶ
2580 1823 2689 1878 τῶν
2711 1823 2848 1895 πρὸς
2873 1824 2992 1894 βίαν
3018 1822 3320 1885 θυσάντων,
3350 1823 3443 1875 ἐπὶ
3463 1821 3515 1875 δέ
3532 1822 3713 1885 τούτοις
3734 1825 3799 1876 xz".

597 1906 739 1960 idola
786 1908 971 1976 pransi
1015 1916 1166 1972 sunt,
1198 1910 1514 1979 quicunque
1553 1910 1794 1974 abducti,
1844 1910 2087 1980 quidem,
2126 1918 2181 1964 et

594 1998 802 2053 Iretiore
848 2000 1034 2054 habitu
1070 2009 1446 2064 accesserunt,
1493 2010 1548 2056 et
1577 2012 1725 2057 veste
1774 2001 2183 2071 sumptuosiora

595 2091 683 2146 usi
731 2100 881 2155 sunt,
925 2102 980 2146 et
1027 2094 1202 2162 parati
1231 2094 1468 2163 prandii,
1516 2109 1623 2148 non
1652 2110 1793 2164 :egre
1829 2094 1879 2148 id
1925 2093 2181 2160 ferentes,

596 2184 889 2253 participes
916 2184 1157 2249 fuerunt,
1208 2186 1387 2241 visum
1436 2194 1521 2241 est
1569 2201 1713 2240 anno
1744 2185 1956 2247 audire,
2008 2184 2182 2239 tribus

597 2286 777 2329 autem
811 2276 971 2332 annis
1020 2278 1295 2332 substerni
1330 2293 1394 2333 ac
1426 2279 1698 2349 supplices
1722 2277 2042 2347 esse,321
2080 2276 2182 2331 soli

598 2376 782 2421 autem
814 2369 1049 2423 orationi
1078 2370 1291 2425 duobus
1323 2371 1483 2426 annis
1516 2370 1947 2434 communicare,
1974 2378 2029 2425 et
2057 2381 2185 2424 tunc

596 2458 663 2511 ad
694 2460 741 2512 id
777 2460 918 2528 quod
944 2470 1029 2515 est
1058 2461 1359 2531 perfectum
1388 2461 1673 2517 accedere.

669 2554 723 2607 5.
765 2553 1090 2626 Quicunque
1149 2556 1261 2627 (l3)
1291 2564 1471 2611 autem
1503 2573 1625 2610 cum
1656 2563 1809 2611 veste
1842 2554 2060 2623 lugubri
2092 2569 2185 2609 ac-

598 2658 904 2711 cesserunt,
931 2658 985 2703 et
1010 2651 1396 2705 accumbentes
1427 2650 1806 2715 comederunt,
1841 2649 2049 2703 interea
2072 2655 2186 2704 toto

599 2741 890 2797 accubitus
945 2752 1190 2815 tempore
1225 2744 1499 2814 lacrymas
1554 2742 1867 2806 fundentes,
1918 2742 1961 2797 si
2019 2741 2185 2795 trien-

599 2835 725 2889 nale
770 2835 1168 2891 substrationis
1202 2845 1419 2905 tempus
1467 2835 1857 2904 impleverunt,
1894 2833 2013 2889 sine
2038 2832 2185 2888 obla-

602 2928 748 2982 tione
788 2928 1145 2998 recipientur.
1191 2929 1248 2982 Si
1281 2936 1599 2983 autemnon
1636 2928 2017 2991 comederunt,
2061 2941 2183 2981 cum

601 3021 819 3075 duobus
850 3023 1010 3077 annis
1045 3022 1319 3091 supplices
1352 3021 1726 3091 substratique
1756 3019 1983 3081 fuerint,
2024 3018 2185 3073 tertio

605 3128 750 3169 anno
783 3114 1192 3169 communicent
1218 3114 1337 3168 siue
1366 3114 1665 3177 oblatione,
1710 3121 1770 3167 ut
1802 3111 1855 3165 id
1888 3110 2033 3180 quod
2058 3126 2185 3181 per-

2284 1918 2394 1973 τῶν
2419 1916 2820 1987 δειπνησάντων
2851 1918 2931 1979 είς
2945 1915 3013 1969 τὰ
3039 1915 3255 1980 εἴδωλα,
3286 1915 3407 1967 ὅσοι
3451 1913 3546 1984 μὲν
3579 1914 3800 1983 ἀπαγόμεο

2286 2028 2367 2064 νοι
2418 2010 2512 2062 καὶ
2552 2010 2795 2079 σχήματι
2851 2006 3191 2079 φαιδροτέρῳ
3238 2004 3497 2074 ἀνῆλθον,
3551 2004 3636 2057 καὶ
3662 2004 3799 2074 ἐσθῆτι

2285 2103 2590 2174 ἐχρήσαντο
2620 2098 3075 2169 πολυτελεστέρα,
3106 2098 3203 2151 καὶ
3265 2096 3528 2167 μετέσχον
3557 2094 3641 2147 τοῦ
3673 2113 3801 2161 παρα.

2289 2193 2678 2254 σκευασθέντος
2723 2192 2941 2244 δείπνου
3004 2190 3334 2258 ἀδιαφόρως,
3391 2188 3563 2253 ἔδοξεν
3618 2188 3803 2240 ὲνιιιυτδν

2286 2284 2609 2355 ἀκροᾶσθαι,
2638 2283 2931 2335 ὑποπεσεῖν
2958 2281 3015 2334 δὲ
3064 2280 3192 2350 τρία
3216 2278 3333 2349 ἐτη,
3363 2279 3533 2349 εὐχῆς
3587 2277 3637 2330 δὲ
3684 2278 3802 2345 μόνης

2288 2375 2617 2445 κοινωνῆσαι
2644 2373 2738 2446 ἐτη
2764 2372 2880 2440 δύο,
2912 2373 3008 2426 καὶ
3062 2371 3183 2425 τότε
3214 2372 3392 2426 ἐλθεῖν
3438 2371 3531 2423 ἐπὶ
3557 2370 3611 2422 τὺ
3632 2369 3804 2422 τέλειον.

2354 2566 2417 2615 ε’.
2447 2558 2601 2611 Ὅσοι
2647 2557 2703 2611 δὲ
2742 2556 2970 2627 ἀνῆλθον
3016 2553 3154 2627 μετὰ
3193 2554 3424 2625 ἐσθῆτος
3466 2552 3719 2622 πενθικῆς,
3742 2556 3807 2605 καὶ

2289 2653 2650 2715 ἀναπεσόντες
2682 2651 2905 2719 ἔφαγον,
2934 2648 3135 2721 μεταξὺ
3158 2648 3224 2701 δι’
3252 2648 3385 2718 ὅλης
3404 2647 3505 2716 τῆς
3536 2644 3807 2706 ἀνακλίσεως

2288 2746 2650 2816 δακρύοντες,
2707 2745 2756 2796 εἰ
2815 2742 3143 2812 ἐπλήρωσαν
3186 2740 3280 2793 τὸν
3343 2738 3447 2809 τῆς
3507 2736 3808 2799 ὑποπτώσεως

2287 2840 2476 2911 τριετῆ
2508 2837 2730 2909 χρόνον,
2772 2834 2943 2908 χωρὶς
2974 2832 3291 2905 προσφορᾶς
3323 2831 3691 2901 δεχθήτωσανο
3724 2829 3811 2881 εἰδὲ

2293 2933 2367 3003 μὴ
2398 2931 2630 3001 ἔφαγον,
2663 2930 2755 2982 δύο
2804 2926 3171 2989 ὑποπεσόντες
3218 2924 3334 2995 ἔτη,
3367 2923 3448 2994 τῷ
3493 2922 3650 2993 τρίτῳ
3672 2938 3813 2974 κοινω-

2290 3026 2611 3097 νησάτωσαν
2663 3024 2835 3092 χωρὶς
2885 3020 3235 3091 προσφορᾶς,
3294 3018 3386 3070 ἵνα
3440 3017 3501 3069 τὸ
3553 3016 3731 3067 τέλειον
3771 3018 3814 3079 τῇ

2290 3114 2580 3184 τετραετία
2649 3112 2888 3166 λάϐωσι*
2948 3111 3075 3174 τοὺς
3123 3110 3181 3162 δὲ
3235 3107 3578 3169 ἐπισκόπους
3623 3104 3817 3170 ἐξουσίαν

604 3203 805 3257 foetum
837 3213 941 3271 est,
973 3203 1210 3258 triennio
1251 3204 1546 3273 accipiant.
1577 3202 1885 3257 Statuimus
1909 3209 2091 3255 autem
2126 3207 2187 3255 ut

2300 3208 2436 3280 ἔχειν
2457 3209 2548 3261 τὸν
2575 3208 2775 3279 τρόπον
2794 3208 2894 3276 τῆς
2924 3205 3263 3274 ἐπιστροφῆς
3291 3204 3705 3274 δοκιμάσαντας,
3728 3200 3815 3267 φιλ-

606 3293 871 3363 cpisc0pi,
921 3295 1083 3349 modo
1121 3293 1554 3349 conversationis
1604 3288 2033 3363 [conversionis]
2060 3303 2191 3344 exa-

607 3386 833 3450 minato,
889 3394 1217 3455 potestatem
1263 3385 1499 3440 habeant
1527 3384 1610 3439 vel
1645 3383 1829 3439 utendi
1876 3381 2188 3444 clementia,

606 3478 691 3531 vel
722 3478 842 3547 plus
871 3479 1134 3548 temporis
1183 3475 1504 3543 adjiciendi.
1534 3474 1673 3529 Ante
1713 3474 1899 3529 omnia
1926 3483 2107 3527 autem
2138 3479 2192 3526 et

606 3571 921 3643 praecedens
944 3571 1076 3635 vita,
1106 3579 1161 3625 et
1204 3583 1326 3639 quae
1351 3576 1648 3622 consecuta
1682 3575 1786 3633 est,
1820 3564 2189 3632 examinetur,

606 3679 661 3725 et
680 3669 760 3724 sic
792 3669 873 3724 eis
906 3668 1197 3723 clementia
1225 3665 1591 3735 impertiatur.

680 3782 732 3837 6.
779 3781 853 3837 De
891 3781 980 3846 iis,
1018 3780 1110 3850 qui
1146 3778 1397 3848 supplicii
1427 3777 1629 3840 minis,
1670 3784 1725 3831 et
1763 3776 2026 3830 bonorum
2051 3777 2195 3830 abia-

612 3876 799 3938 tionis,
850 3876 935 3929 vel
976 3872 1452 3929 exterminatiouis
1509 3878 1723 3924 tantum
1778 3878 2089 3929 cesserunt,
2141 3876 2195 3922 et

614 3966 1086 4029 sacriﬁcaverunt,
1115 3969 1168 4017 et
1191 3962 1257 4016 ad
1291 3976 1532 4031 praesens
1562 3974 1736 4028 usque
1770 3967 1986 4026 tempus
2020 3957 2194 4027 poen'v

612 4058 838 4113 tentiam
868 4072 977 4111 non
1024 4064 1277 4126 egerunt,
1310 4069 1409 4108 nec
1438 4051 1687 4107 conversi
1716 4060 1875 4115 sunt;
1906 4065 2051 4103 nunc
2097 4064 2195 4103 au-

613 4164 720 4207 tem
752 4151 894 4205 circa
940 4158 1155 4218 tempus
1184 4146 1376 4217 synodi
1415 4151 1823 4214 processerunt,
1864 4151 1918 4196 et
1962 4156 2193 4197 conver-

612 4242 782 4297 sionis
853 4240 1240 4309 cogitationem
1318 4237 1652 4290 induerunt:
1716 4235 1894 4287 visum
1964 4241 2050 4287 est
2126 4231 2195 4287 ad

614 4348 871 4403 magnum
907 4347 1081 4401 usque
1108 4331 1251 4385 diem
1280 4343 1372 4383 eos
1407 4328 1472 4381 ad
1504 4325 1840 4380 auditionem
1865 4323 2107 4387 admitti,
2139 4332 2195 4377 et

612 4438 736 4499 post
778 4442 1037 4497 magnum
1072 4424 1216 4479 diem
1270 4424 1446 4477 tribus
1473 4422 1632 4475 annis
1668 4436 1791 4476 esse
1821 4420 2096 4489 supplices
2140 4427 2196 4473 et

616 4520 914 4583 substerni,
952 4527 1005 4573 et
1050 4524 1173 4586 post
1215 4515 1353 4569 alios
1399 4513 1539 4568 duos
1581 4528 1755 4567 annos
1785 4510 2195 4565 communicare

614 4615 734 4667 sine
767 4610 1062 4675 oblatione,
1086 4618 1141 4664 et
1170 4609 1250 4663 sic
1282 4606 1351 4660 ad
1385 4606 1437 4660 id
1472 4604 1616 4675 quod
1660 4602 1962 4673 perfectum
1988 4612 2072 4655 est
2103 4615 2192 4654 ve-

616 4708 751 4769 nire,
793 4712 851 4758 ut
890 4713 1061 4759 totum
1109 4701 1435 4759 sexennium
1468 4698 1765 4769 impleant:
1817 4696 1861 4751 si
1894 4696 1985 4765 qui
2012 4702 2193 4748 autem

614 4808 743 4853 ante
785 4796 928 4852 banc
966 4795 1236 4867 synodum
1272 4793 1339 4847 ad
1369 4791 1746 4863 pmnitentiam
1782 4786 2008 4842 admissi
2043 4793 2192 4848 sunt,

616 4894 685 4948 ab
714 4893 807 4948 illo
847 4900 1091 4960 tempore
1121 4889 1202 4944 eis
1237 4887 1559 4944 sexennium
1590 4882 1852 4948 reputari.
1880 4878 1986 4935 Sed
2021 4878 2071 4934 si
2104 4892 2198 4947 pe-

615 4987 873 5051 riculum,
916 4984 1223 5054 mortisque
1259 4978 1596 5051 exspectatio
1638 4991 1704 5031 ex
1733 4973 1941 5037 morbo,
1968 4971 2055 5027 vel
2099 4970 2195 5024 ali-

614 5094 725 5151 qua
768 5080 875 5134 alia
908 5077 1202 5133 occasione
1239 5072 1504 5136 evenerit,
1552 5069 1591 5124 ii
1622 5068 1725 5125 sub
1758 5066 2077 5123 deﬁnitione
2111 5080 2199 5121 re-

616 5170 906 5239 cipiantur.
1102 5178 1107 5181 '

690 5288 744 5345 7.
783 5288 860 5344 De
897 5288 966 5344 iis
994 5287 1088 5358 qui
1132 5286 1189 5341 in
1219 5284 1361 5341 festo
1397 5282 1618 5338 cthnico
1674 5279 1729 5332 in
1763 5277 1883 5333 loco
1907 5274 2202 5347 gentilibus

620 5388 900 5457 deputato,
951 5381 1225 5439 convivati
1260 5388 1410 5440 sunt,
1442 5387 1498 5433 et
1538 5374 1791 5448 proprios
1824 5373 1977 5428 cibos
2017 5369 2207 5425 attule-

622 5490 773 5545 runt,
809 5490 863 5534 et
883 5476 1274 5533 comederunt:
1306 5472 1486 5527 visum
1514 5478 1620 5534 est,
1655 5483 1779 5522 cum
1821 5462 2041 5519 biennio
2068 5461 2199 5517 sub-

624 5578 779 5632 strati
805 5572 1031 5639 fuerint,
1081 5584 1204 5628 esse
1238 5566 1613 5638 recipiendos.
1652 5560 1814 5633 322
1870 5557 1951 5611 An
2009 5570 2203 5609 unum-

2218 4570 2272 4629 D

2292 3298 2739 3370 ανθρωπεύεσθαι
2774 3298 2806 3370 ἢ
2853 3296 3079 3349 πλείονα
3114 3292 3472 3362 προστιθέναι
3501 3291 3705 3362 χρόνον·
3746 3288 3819 3349 ττιὸ

2292 3392 2509 3445 πάντων
2538 3390 2595 3443 δὲ
2621 3390 2717 3444 καὶ⁸
2741 3392 2769 3443 ὀ
2797 3388 3043 3461 προέχων
3068 3388 3180 3458 βίος
3202 3387 3298 3441 καὶ
3320 3388 3347 3439 ὁ
3385 3385 3526 3455 μετὰ
3559 3383 3711 3435 ταῦτα
3759 3382 3821 3445 ἑξο

2293 3482 2601 3549 εταζέσθω,
2639 3482 2735 3536 καὶ
2762 3480 2937 3544 οὕτως
2968 3482 3002 3551 ἡ
3037 3478 3423 3550 φιλανθρωπία
3459 3472 3821 3547 ἐπιμετρείσθω.

2368 3785 2440 3851 ς’.
2471 3785 2605 3858 Περὶ
2631 3784 2738 3837 τῶν
2764 3781 2960 3853 ἀπειλῇ
2999 3779 3159 3851 μόνον
3185 3778 3450 3844 εἰξάντων
3481 3776 3827 3835 κολάσεως,κιι

2293 3882 2633 3953 ἀφαιρέσεως
2660 3878 3015 3948 ὑπαρχόντων
3044 3876 3077 3947 ἢ
3111 3873 3424 3945 μετοικίας,
3463 3871 3558 3925 καὶ
3586 3868 3827 3927 θυσάντων,

2294 3976 2389 4029 καὶ
2431 3973 2591 4044 μέχρι
2630 3969 2726 4024 τοῦ
2760 3968 3028 4037 παρόντος
3079 3964 3274 4036 καιροῦ
3310 3965 3385 4034 μὴ
3419 3960 3829 4034 μετανοησάντων,

2298 4066 2433 4137 μηδέ
2484 4062 2951 4133 ἐπιστρεψάντων,
2979 4058 3072 4111 νῦν
3117 4058 3175 4111 δὲ
3226 4056 3383 4127 παρὰ
3432 4055 3525 4107 τὸν
3567 4050 3734 4120 καιρὸν
3760 4046 3831 4114 τῆς

2298 4156 2516 4211 συνόδου
2545 4152 2973 4224 προσελθόντων,
3003 4149 3098 4203 καί
3129 4151 3208 4212 εἰς
3230 4148 3475 4201 διάνοιαν
3506 4146 3604 4215 τῆς
3635 4145 3832 4211 ἐπιστροο

2296 4248 2403 4317 φῆς
2438 4246 2768 4316 γενομένων,
2804 4243 2948 4307 ἔδοξε
2984 4244 3147 4313 μέχρι
3173 4244 3269 4311 τῆς
3303 4241 3552 4312 μεγάλης
3576 4235 3831 4309 ἡμέραςεῖς

2296 4339 2557 4409 ἀκρόασιν
2588 4335 2867 4406 δεχθῆναι,
2893 4335 2985 4387 καὶ
3014 4334 3151 4403 μετὰ
3189 4333 3289 4403 τὴν
3319 4333 3569 4403 μεγάλην
3597 4329 3833 4382 ὑποπεσεῖν

2296 4431 2423 4502 τρία
2447 4430 2564 4501 ἔτη,
2596 4430 2691 4482 καὶ
2732 4427 2873 4498 μετὰ
2924 4426 3059 4480 ἄλλα
3088 4424 3181 4477 δύο
3228 4423 3322 4494 ἐτη
3360 4421 3683 4489 κοινωνῆσαι
3709 4414 3834 4486 χωρὶς

2301 4524 2638 4596 προσφορᾶς,
2672 4521 2768 4574 καὶ
2815 4518 2989 4581 οὕτως
3030 4517 3204 4570 ἐλθεῖν
3238 4516 3332 4568 ἐπὶ
3377 4514 3440 4566 τὸ
3481 4514 3705 4566 τέλειονο
3732 4508 3835 4559 ams

2300 4617 2401 4685 τὴν
2443 4615 2619 4667 πᾶσαν
2652 4611 2902 4679 ἑξαετίαν
2948 4609 3269 4680 πληρῶσαιο
3313 4608 3361 4659 εἰ
3396 4605 3457 4659 δέ
3488 4621 3631 4665 τινες
3655 4601 3743 4670 πρὸ
3768 4598 3836 4663 τῆς

2306 4708 2525 4762 συνόδου
2548 4705 2753 4776 ταύτης
2782 4703 3078 4774 ἐδέχθησαν
3110 4702 3189 4764 είς
3215 4699 3511 4771 μετάνοιαν
3541 4696 3632 4750 ἀπ’
3674 4691 3837 4746 ἐκείνου

2300 4800 2396 4856 τοῦ
2437 4801 2628 4873 χρόνου
2660 4796 2971 4867 λελογίσθαι
3030 4796 3215 4857 αὑτοῖς
3273 4793 3372 4863 τὴν
3424 4790 3601 4864 ἀρχὴν
3632 4787 3718 4855 τῆς
3740 4781 3837 4873 ’ἐξε-

2302 4893 2479 4955 ετίας·
2512 4892 2561 4943 εἰ
2607 4889 2791 4959 μέντοι
2825 4885 3088 4950 κίνδυνος,
3114 4883 3207 4935 καὶ
3228 4881 3461 4934 θανάτου
3516 4870 3778 4947 προσδοκία
3796 4868 3837 4917 ἐν

2302 4986 2459 5039 νόσου
2498 4984 2531 5055 ἢ
2569 4982 2735 5051 ἄλλης
2784 4979 2929 5043 τινὸς
2972 4977 3299 5049 προφάσεως
3354 4969 3625 5041 συμὸαίη,
3662 4962 3837 5018 τούτους

2304 5078 2397 5132 ἐπὶ
2425 5077 2536 5147 ὅρῳ
2558 5074 2837 5145 δεχθῆναι.

2380 5272 2446 5339 ξό
2488 5272 2626 5341 Περὶ
2661 5269 2770 5325 τῶν
2815 5265 3276 5323 συνεστιαθέντων
3311 5265 3367 5317 ἐν
3398 5262 3561 5333 ἑορτῇ
3588 5254 3773 5323 ἐθνικῇ,
3800 5249 3838 5300 ἐν

2306 5369 2457 5437 τόπῳ
2484 5362 2857 5435 ἀφωρισμένῳ
2886 5361 2999 5422 τοῖς
3040 5357 3295 5421 ἐθνικοῖς,
3330 5356 3437 5408 ῐδια
3484 5351 3727 5422 βρώματα
3751 5344 3838 5391 ἐπα

2310 5459 2694 5533 κομισαμένων
2737 5457 2833 5510 καὶ
2852 5456 3158 5525 φαγόντων,
3186 5452 3328 5516 ἔδοξε
3353 5449 3557 5504 διετίαν
3586 5438 3836 5498 ὑποπεσὸν·

2312 5530 2412 5619 τας
2455 5552 2747 5626 δεχθῆναιο
2780 5551 2839 5603 τὸ
2893 5552 2951 5604 δὲ
2992 5550 3040 5602 εἰ
3077 5548 3183 5621 χρὴ
3239 5545 3377 5617 μετὰ
3419 5542 3520 5613 τῆς
3554 5530 3836 5608 προσφορὶςν

698 5758 809 5829 (t5)
850 5757 908 5812 In
947 5756 1135 5815 codice
1162 5752 1416 5810 Ecclesia
1448 5749 1708 5807 Romana:
1732 5744 1889 5803 'cdito
1921 5738 2212 5812 Moguntia:
2252 5736 2341 5793 bic
2426 5748 2601 5792 canon
2639 5730 2953 5788 Griecorum
3001 5748 3052 5798 v,
3127 5745 3231 5786 non
3284 5723 3581 5796 sejungilur
3611 5734 3637 5773 ει
3682 5720 3836 5783 quam

632 5830 931 5902 superiore.
