3980 6412
99 447 184 513 θοι
842 435 1244 500 SYNTAGMA
1294 432 1682 496 CANONUM.
1709 456 1780 470 -
1815 433 1966 494 TIT-
1994 434 2099 509 1X,
2127 436 2284 496 CAP.
2323 438 2592 499 XXXIX.
3222 435 3329 505 802

101 557 292 627 ἑκάστῳ
334 551 442 608 τῶν
491 547 816 606 ἐπισκόπων
857 547 1060 616 ἐξέστω
1095 545 1409 618 δοκιμάσαι,
1443 540 1654 600 καὶτὸν

1780 559 2028 615 [nemque
2077 557 2259 603 autem
2299 563 2424 604 cum
2455 549 2728 605 oblatione
2777 550 3020 621 recipere
3051 563 3322 622 Oporteat,

99 647 230 701 ἄλλον
254 643 367 715 βίον
399 640 490 711 ἐφ’
520 640 750 695 ἑκάστου
778 635 1052 702 ἐξετάσαι.

1781 646 1832 691 st
1856 635 2236 709 episcoporum
2261 641 2597 710 examinare,
2626 648 2682 698 et
2705 640 2870 697 aliam
2898 642 3063 698 vitam
3095 643 3151 698 in
3179 660 3322 701 uno-

1748 741 1970 796 quoque
2005 728 2309 800 inquirere.

1819 817 1874 875 8.
1926 818 2032 886 Qui
2073 831 2255 876 autem
2285 822 2372 877 his
2406 821 2490 878 vel
2524 831 2606 878 ter
2643 822 3026 879 sacriﬁcarunt
3050 837 3148 893 per
3175 823 3323 890 vim',

1753 912 1988 968 triennio
2029 914 2487 982 substernantur,
2525 915 2738 971 duobus
2777 925 2958 970 autem
2994 916 3154 971 annis
3206 917 3327 972 sine

1751 1004 2024 1061 oblatione
2053 1006 2456 1063 communicent
2480 1047 2496 1074 ,
2531 1017 2586 1063 et
2615 1007 2846 1078 septimo
2872 1005 3109 1077 perfecte
3153 1008 3329 1063 susci-

1749 1095 1989 1168 piantur.

1822 1187 1875 1242 9.
1917 1187 2242 1259 Quicunque
2270 1200 2450 1247 autem
2487 1206 2596 1246 non
2623 1191 2798 1247 solum
2831 1192 3202 1258 desciverunt,
3231 1192 3327 1248 sed

1751 1278 1916 1335 etiam
1952 1280 2404 1345 insurrexerunt,
2441 1292 2495 1336 et
2529 1280 2726 1338 fratres
2753 1298 2884 1338 suos
2908 1293 3241 1353 coegerunt,
3273 1290 3328 1336 et

1752 1385 1932 1426 causm
1965 1369 2180 1426 fuerunt.
2222 1381 2281 1426 ut
2313 1383 2635 1444 cogerentur
2656 1415 2670 1436 ,
2712 1376 2746 1428 ii
2779 1377 2938 1430 annis
2967 1376 3182 1446 quidem
3227 1375 3328 1431 tri-

1753 1460 1855 1516 bus
1884 1461 2179 1516 auditionis
2210 1462 2389 1517 locum
2421 1464 2764 1533 suscipiant,
2797 1481 2892 1520 sex
2923 1466 3326 1528 substrationis,

1753 1553 1859 1606 alio
1905 1561 2087 1607 autem
2136 1569 2280 1609 anno
2321 1558 2441 1611 sine
2481 1545 2758 1612 oblatione
2798 1560 3234 1623 communicent,
3270 1568 3328 1612 ut

153 834 216 899 η’.
246 828 309 880 Οι
348 824 406 878 δὲ
438 822 688 894 δεύτερον
710 819 806 875 καὶ
826 819 1007 890 τρίτον
1042 817 1305 880 θύσαντες
1341 814 1482 887 μετὰ
1503 813 1646 885 βίας,

97 918 386 990 τετραετίαν
414 914 864 979 ὑποπεσέτωσαν,
888 911 983 964 δύο
1008 910 1065 963 δὲ
1087 910 1182 981 ἔτη
1213 907 1384 979 χωρὶς
1410 922 1650 976 προσφο-

101 1015 184 1084 ρᾶς
209 1009 715 1082 κοινωνησὰτωσαν,
751 1006 848 1062 καὶ
879 1004 957 1077 τῷ
982 1004 1193 1075 ἑϐδόμῳ
1221 1000 1443 1066 τελείως
1458 999 1652 1070 δεχθῆ-

98 1121 273 1157 τωσαν.

161 1195 217 1248 θ’.
237 1195 388 1246 Ὅσοι
420 1192 478 1245 δὲ
511 1191 588 1263 μὴ
630 1190 788 1262 μόνον
842 1188 1159 1260 ἀπέστησαν
1185 1185 1321 1239 ἀλλὰ
1355 1185 1450 1240 καὶ
1485 1185 1652 1238 ὲπαν-

102 1287 302 1356 ἔστησαν
328 1284 420 1338 καὶ
449 1283 768 1352 ἠνάγκασαν
799 1280 1080 1348 ἀδελφοὺς,
1100 1277 1196 1334 καὶ
1227 1277 1388 1332 αἴτιοι
1408 1276 1653 1346 ἐγένοντο

103 1377 178 1432 τοῦ
203 1377 628 1447 ἀναγκασθῆναι,
644 1368 790 1428 οῦτοι
813 1373 907 1442 ἐτη
931 1373 1027 1442 μὲν
1055 1371 1180 1442 τρία
1199 1371 1291 1423 τὸν
1320 1372 1420 1440 τῆς
1444 1367 1653 1440 ἀκροά-

107 1484 217 1530 σεως
263 1464 609 1534 δεξάσθωσαν
679 1463 882 1515 τόπον·
932 1463 990 1514 ἐν
1035 1461 1092 1513 δὲ
1137 1459 1276 1532 ἄλλῃ
1310 1457 1526 1528 ἑξαετία
1561 1456 1652 1509 τὸν

107 1561 184 1628 τῆς
207 1556 596 1619 ὐποπτὼσεωςο
623 1555 780 1609 ἄλλον
808 1554 866 1607 δὲ
888 1553 1132 1607 ἐνιαυτὸν
1167 1550 1652 1620 κοινωνησάτωσαν

110 1651 250 1719 χωρὶς
292 1647 638 1719 προσφορᾶς
669 1645 754 1698 ἶνα
778 1643 876 1715 τὴν
915 1643 1198 1696 δεκαετίαν
1245 1639 1649 1710 πληρώσαντες,

109 1741 185 1794 τοῦ
208 1740 399 1793 τελείου
425 1739 773 1810 μετάσχωσιν
791 1752 805 1764 ⁸
829 1739 886 1790 ὲν
917 1736 1098 1806 μέντοι
1128 1733 1300 1803 τούτῳ
1338 1730 1414 1801 τῷ
1457 1729 1649 1801 χρόνῳ,

1753 1645 2018 1699 decennio
2067 1647 2320 1716 expleto,
2374 1647 2494 1717 ejus
2529 1651 2676 1718 quod
2724 1659 2808 1704 est
2841 1650 3177 1720 perfectum,
3221 1649 3328 1704 sint

1752 1736 2063 1806 participes.
2104 1736 2306 1792 Eorum
2368 1746 2550 1794 autem
2607 1741 2663 1796 in
2709 1757 2776 1796 eo
2821 1758 3038 1813 quoque
3089 1753 3329 1814 tempore

109 1834 181 1884 καὶ
204 1835 284 1885 τὸν
311 1831 466 1884 ἄλλον
495 1830 678 1884 αὐτῶν
703 1826 1082 1899 ὲπιτηρεῖσθαι
1108 1825 1246 1896 βίον.

296 1922 568 1977 Συγόδου
616 1920 1081 1989 Νεοκαισαρείας
1110 1917 1310 1972 κανὼν
1360 1915 1426 1985 β’.

164 2016 217 2085 β’.
233 2015 364 2086 Γυνὴ
388 2015 484 2068 ἐὰν
508 2016 758 2086 γήμηται
779 2013 870 2066 δύο
887 2012 1153 2081 ἀδελφοῖς,
1173 2009 1476 2075 ἐξωθείσθω
1493 2009 1652 2080 μέχρι

112 2107 337 2161 θανάτουο
396 2107 541 2178 πλὴν
607 2108 667 2158 ὲν
714 2106 791 2176 τῷ
833 2104 1048 2174 θανάτῳ
1101 2103 1189 2156 διὰ
1243 2102 1652 2172 φιλανθρωπίαν

113 2197 305 2249 εἰποῦσα
363 2197 438 2260 ὡς
492 2197 770 2265 ὑγιάνασα
833 2195 984 2248 λύσει
1023 2195 1113 2247 τὸν
1164 2193 1364 2264 γάμον,
1391 2193 1500 2258 ἕξει
1558 2191 1655 2263 τὴν

116 2289 382 2356 μετάνοιαψ
411 2289 508 2342 ἐὰν
538 2287 599 2340 δὲ
628 2286 923 2358 τελευτήσῃ
953 2288 984 2357 ή
1013 2283 1150 2355 γυνὴ
1179 2286 1236 2336 ὲν
1252 2282 1475 2352 τοιούτῳ
1494 2282 1657 2353 γάμῳ

114 2376 240 2440 οὖσα,
275 2379 388 2450 ἦτοι
423 2379 453 2432 ὁ
491 2376 657 2448 ἀνὴρ,
708 2376 977 2448 δυσχερὴς
1020 2375 1098 2446 τῷ
1127 2374 1369 2446 μείναντι
1405 2376 1438 2445 ἡ
1496 2375 1660 2444 μετά-

113 2484 224 2524 νοια.

371 2560 650 2616 Συνόδου
679 2558 1032 2624 Λαοδικείας
1063 2558 1264 2613 κανὼν
1297 2557 1362 2628 β’.

174 2650 228 2722 β’.
270 2651 402 2721 Περὶ
441 2649 540 2704 τοῦ
597 2651 724 2714 τοὺς
771 2648 1243 2720 ἐξαμαρτάνοντας
1285 2649 1344 2702 ὲν
1385 2648 1657 2721 διαφόροις

118 2745 422 2813 πταίσμασι,
463 2745 568 2796 καὶ
596 2739 1140 2812 προσκαρτεροῦντας
1161 2742 1228 2811 τῇ
1260 2745 1534 2812 προσευχῇ
1564 2744 1662 2813 τῆς

120 2836 518 2906 ὲξομολογήσεως
571 2836 668 2888 καὶ
719 2833 1025 2905 μετανοίας,
1057 2833 1150 2886 καὶ
1189 2832 1285 2903 τὴν
1315 2833 1662 2904 ἀποστροφὴν

119 2928 205 2980 τῶν
227 2927 397 2982 κακῶν
420 2927 641 2981 τελείαν
671 2925 1049 2996 ποιουμένους,
1074 2922 1218 2978 κατὰ
1250 2923 1348 2992 τὴν
1374 2923 1662 2992 ἀναλογίαν

121 3017 194 3071 τοῦ
234 3020 571 3090 πταίσματος
618 3017 811 3088 καιροῦ
861 3018 1148 3087 μετανοίας
1216 3016 1494 3082 δοθέντος,
1538 3017 1664 3081 τοὺς

121 3111 354 3174 τοιούτους
396 3110 484 3164 διὰ
539 3110 670 3173 τοὺς
714 3108 1030 3180 οίκτιρμοὺς
1073 3108 1166 3160 καὶ
1208 3105 1307 3178 τὴν
1347 3106 1664 3176 ἀγαθότητα

122 3201 194 3253 τοῦ
223 3201 346 3255 Θεοῦ
379 3200 757 3274 προσάγεσθαι
781 3203 847 3272 τῇ
880 3200 1158 3271 κοινωνίᾳ.

125 3315 350 3370 Συνόδου
385 3314 804 3384 Καρθαγέννης
854 3313 1056 3369 κανὼν
1082 3319 1162 3379 ς’,
1194 3311 1237 3378 ζ’
1259 3313 1368 3384 κζ’,
1415 3309 1524 3383 μγ’,
1559 3317 1664 3382 με’.

180 3386 335 3440 Ὥστε
363 3383 608 3456 χρίσμα
630 3385 746 3440 ἀπὸ
775 3385 1189 3453 πρεσϐυτέρων
1203 3383 1283 3457 μὴ
1308 3385 1596 3455 γίνεσθαι.

183 3484 243 3541 ς’.
262 3478 658 3550 Φουρτουνάτος
691 3477 986 3540 ἐπίσκοπος
1012 3474 1184 3530 εἷπεν·
1203 3477 1290 3529 Ἐν
1319 3479 1437 3538 ταῖς
1468 3474 1668 3542 προλα-

127 3567 313 3632 ϐούσαις
348 3569 592 3632 συνόδοις
641 3568 966 3639 μεμνήμεθα
996 3584 1159 3639 usque
1197 3569 1266 3622 ad
1299 3567 1408 3620 ἀπὺ
1446 3567 1664 3620 πάντων

130 3663 398 3720 ἐπισκόπων
422 3661 624 3734 ἐλέχθη
642 3678 656 3693 ο
695 3663 862 3715 Ιιᾶσιν
889 3661 1132 3733 ἀρέσκει.
1168 3661 1483 3732 Χρίσματος
1507 3660 1664 3730 ποίη-

130 3773 196 3817 σις
219 3758 301 3810 καὶ
322 3756 494 3826 κορῶν
520 3754 872 3825 καθιέρωσις,
893 3752 1060 3812 κ.τ.λ.

130 3848 241 3917 Περί
295 3846 397 3916 τῆς
434 3847 562 3902 τῶν
619 3846 690 3900 ἐν
725 3845 983 3917 κιγδὺιςῳ
1017 3845 1402 3900 καθεστώτων
1448 3849 1666 3912 καταλ-

192 3915 199 3984 ξ
351 3915 357 3916 ί
784 3915 996 3987 laric-

185 4010 238 4076 ζ’.
265 4011 519 4085 Αὐρήλιος
560 4009 852 4073 ἐπίσκοπος
889 4005 1061 4061 εἶπεν·
1081 4007 1203 4063 Ἐάν
1225 4025 1308 4071 τις
1341 4007 1399 4062 ὲν
1440 4007 1668 4079 κινδύνῳ

133 4103 390 4170 καθεστὼς,
418 4105 622 4175 αἰτήσῃ
671 4102 862 4156 ἑαυτὸν
889 4099 1293 4172 καταλλαγῆναι
1341 4102 1453 4164 τοῖς
1505 4101 1667 4168 ίεροῖς

135 4193 522 4266 θυσιαστηρίοις,
557 4194 652 4248 τοῦ
679 4194 977 4247 ἐπισκόπου
1008 4193 1258 4258 ἀπόντος,
1298 4192 1496 4261 ὀφείλει
1526 4190 1667 4245 εἰκό-

135 4302 217 4346 τως
256 4287 280 4338 ό
318 4288 687 4357 πρεσϐύτερος
744 4285 1018 4356 ἐρωτῆσαι
1071 4285 1164 4338 τὸν
1210 4285 1540 4351 ἐπίσκοπον,
1575 4287 1669 4340 καὶ

136 4374 276 4440 οὕτως
309 4377 391 4431 τὸν
431 4381 488 4432 ἐν
522 4366 752 4448 κινδύνῳ
779 4376 1104 4442 καταλλάξαι
1139 4376 1281 4429 κατὰ
1326 4377 1423 4448 τὴν
1458 4379 1667 4430 ἐκείνου

137 4472 498 4538 παραγγελίαν·
528 4469 685 4524 τοῦτο
725 4470 780 4523 δὲ
809 4469 868 4522 τὸ
898 4471 1126 4542 πρᾶγμα
1171 4469 1457 4540 ὀφείλομεν
1496 4489 1670 4542 σωτη-

1687 3241 1733 3304 C

1754 1827 1917 1882 vitam
1947 1829 2260 1885 examinare
2288 1841 2520 1903 oportet.

2037 1917 2264 1973 Concilii
2297 1921 2748 1978 Neoca'sariensis
2777 1941 2965 1979 canon.
2992 1925 3047 1980 2.

1827 2010 1885 2065 2.
1921 2010 2144 2067 Femina
2184 2015 2232 2069 si
2266 2015 2480 2072 duobus
2530 2016 2792 2074 fratribus
2829 2019 3099 2088 nupserit,
3141 2026 3328 2073 extru-

1761 2103 1922 2158 datur
1951 2121 2124 2174 usque
2157 2107 2221 2159 ad
2253 2117 2498 2163 mortem.
2535 2107 2640 2162 Sed
2671 2109 2724 2162 in
2756 2119 2947 2174 morte,
2985 2119 3201 2180 propter
3227 2112 3330 2164 liu-

1760 2199 2096 2261 manitatem,
2120 2199 2166 2252 si
2196 2199 2414 2265 dixerit,
2443 2201 2589 2269 quod
2632 2201 2720 2255 ubi
2763 2203 3118 2266 convaluerit,
3160 2207 3332 2260 solvet

1757 2290 2188 2358 matrimonium,
2231 2291 2450 2346 habebit
2482 2293 2874 2361 pmnitentiam.
2905 2293 3009 2349 Sed
3043 2297 3089 2350 si
3119 2308 3329 2351 mortua

1758 2377 1924 2433 fuerit
1973 2381 2168 2434 mulier
2217 2383 2508 2447 exsistens,
2553 2383 2637 2438 vel
2693 2383 2814 2453 ejus
2861 2386 3108 2451 maritus,
3137 2386 3191 2440 in
3237 2388 3331 2442 tali

1759 2470 2012 2541 conjugio
2047 2470 2282 2527 diliicilis
2313 2482 2396 2528 est
2425 2475 2768 2543 pmnitentia.

2128 2565 2355 2620 Concilii
2384 2564 2668 2622 Laodiceni
2703 2560 2872 2622 canon
2904 2568 2960 2623 2.

1830 2654 1886 2711 2.
1929 2653 2032 2712 Eos
2083 2657 2176 2726 qui
2225 2657 2279 2712 in
2331 2658 2570 2714 diversis
2617 2659 2832 2715 delictis
2880 2669 3127 2729 peccant,
3171 2669 3226 2714 et
3275 2660 3331 2714 in

1761 2747 2008 2803 oratione
2069 2748 2526 2820 confessione-que
2602 2760 2656 2806 et
2733 2753 3058 2821 paenitentia
3118 2751 3333 2806 fortiter

1762 2848 2131 2907 perseverant,
2175 2849 2230 2894 et
2286 2856 2346 2896 se
2394 2857 2424 2895 a
2481 2841 2640 2897 malis
2696 2841 2939 2911 perfecte
2991 2853 3330 2910 convertunt,

1765 2940 2007 3000 tempore
2067 2932 2402 3000 pmnitentiaa
2461 2934 2541 2988 eis
2609 2949 2705 3002 pro
2762 2935 2945 2989 delicti
2985 2938 3334 3005 proportione

1762 3018 1911 3089 da'to,
1944 3032 2166 3094 propter
2205 3023 2302 3080 Dei
2347 3026 2734 3083 miserationes
2769 3037 2824 3084 et
2873 3028 3197 3096 bonitatem,
3251 3029 3337 3084 ofs

1764 3112 1862 3169 feri
1893 3116 2291 3171 communioni.

1796 3313 2022 3370 Concilii
2059 3316 2494 3389 Qarthaginensis
2526 3335 2748 3372 canones
2777 3318 2830 3384 6,
2880 3321 2933 3385 7,
2966 3321 3057 3387 27,
3093 3323 3182 3389 45,
3221 3322 3311 3377 45.

2061 3386 2129 3440 Ut
2165 3390 2391 3442 chrisma
2426 3406 2458 3442 a
2498 3389 2808 3459 presbyteris
2837 3407 2937 3444 non
2961 3386 3078 3460 ﬁat.

1842 3475 1896 3532 6.
1930 3477 2266 3534 Fortunatus
2291 3481 2583 3550 episcopus
2616 3480 2862 3535 dixitzln
2892 3485 3182 3551 praeteritis
3209 3499 3344 3539 con-

1773 3570 1934 3636 ciliis,
1981 3581 2082 3626 etc.
2119 3572 2280 3642 323
2324 3590 2486 3644 usque
2519 3574 2588 3627 ad
2621 3588 2643 3628 .°
2671 3575 2754 3630 Ab
2775 3576 3048 3632 universis
3075 3578 3344 3648 episcopis

1773 3661 1978 3716 dictum
2009 3673 2133 3719 est:
2164 3663 2429 3721 Omnibus
2467 3667 2666 3736 placet.
2697 3666 3029 3724 Chrismatis
3069 3670 3342 3727 confectio

1771 3763 1827 3810 et
1850 3756 2152 3825 puellarum
2181 3758 2539 3823 consecratio,
2558 3768 2664 3815 etc.
2689 3770 2748 3813 ut
2774 3778 2896 3832 pag.
2929 3762 3053 3816 562.

1918 3848 1990 3902 De
2009 3848 2089 3903 his
2113 3849 2204 3918 qui
2232 3849 2287 3903 in
2314 3850 2547 3918 periculo
2575 3853 2736 3922 positi
2767 3854 3199 3910 reconciliantur.

1844 4006 1898 4062 7.
1934 4006 2187 4061 Aurelius
2239 4007 2353 4078 (ιι)
2399 4008 2692 4079 episcopus
2737 4009 2908 4066 dixit:
2950 4009 3004 4064 Si
3049 4013 3339 4082 quisquam

1775 4103 1827 4156 in
1854 4103 2092 4171 periculo
2122 4101 2284 4157 fuerit
2311 4106 2665 4169 constitutus,
2697 4113 2751 4160 et
2781 4121 2840 4161 se
2860 4108 3202 4162 reconciliari
3227 4109 3341 4180 (l5)

1774 4195 1975 4250 divinis
2005 4194 2270 4250 altaribus
2311 4197 2566 4265 petierit:
2601 4198 2645 4252 si
2688 4198 2976 4266 episcopus
3000 4197 3199 4253 absens
3219 4196 3343 4255 fue-

1775 4289 1864 4349 rit,
1914 4287 2072 4342 debet
2118 4287 2304 4355 utique
2343 4288 2626 4358 presbyter
2665 4287 2953 4342 consulere
2996 4288 3339 4358 episcopum,

1773 4388 1828 4433 et
1877 4379 1958 4434 sic
1999 4380 2392 4450 periclitantem
2446 4380 2568 4449 ejus
2619 4389 2894 4450 praecepto
2945 4366 3338 4435 reconciliare:

1775 4487 1936 4542 quam
2012 4488 2123 4526 rem
2187 4474 2446 4526 debemus
2501 4471 2704 4538 salubri
2767 4472 2996 4527 consilio
3059 4472 3340 4528 roborare.

141 4560 287 4628 ριώδει
320 4563 474 4635 βουλῇ
503 4564 769 4635 κυρῶσαι.
807 4562 938 4614 Ἀπὸ
965 4563 1180 4615 πάντων
1215 4560 1320 4613 τῶν
1355 4562 1660 4614 ἐπισκόπων

1780 4566 1856 4620 ΑΙ)
1897 4564 2168 4619 universis
2217 4565 2489 4634 episcopis
2542 4565 2749 4619 dictum
2795 4574 2919 4619 est:
2967 4564 3149 4620 Placet
3200 4566 3342 4633 quod

139 4652 316 4725 ἐλέχθηο
350 4658 599 4726 ’Λρέσκει
645 4655 780 4723 ὅπερ
829 4655 862 4723 ή
892 4653 1132 4724 ὑμετέρα
1188 4653 1464 4726 ἁγιωσύνη
1503 4655 1672 4724 ἀναγ-

140 4745 278 4810 καίως
303 4749 443 4819 ἡμᾶς
474 4747 752 4818 ὠφελῆσαι
782 4746 1137 4816 κατηξίωσεν.

1775 4657 2035 4711 sanctitas
2086 4665 2266 4711 vestra
2318 4654 2631 4709 necessario
2683 4670 2781 4710 nos
2811 4655 3082 4710 instruere
3124 4656 3342 4726 dignata

1771 4761 1873 4807 εει.

141 4857 493 4933 Πρεσϐύτεροι
553 4859 656 4933 καί
687 4858 953 4914 διάκονοι
1012 4858 1109 4912 ἐπὶ
1131 4857 1444 4933 ,βαρςυτέρῳ
1494 4861 1660 4933 ἀμαρ-

1780 4861 2070 4933 Presbyteri
2124 4871 2171 4915 et
2231 4861 2441 4916 diaconi
2492 4863 2545 4916 in
2595 4864 2833 4932 graviore
2873 4863 3027 4925 culpa
3096 4862 3339 4924 convicti,

193 4929 384 5001 ζὴματι
409 4930 815 4999 ἐλεγχθέντες,
844 4929 1218 4999 χειροθεσίαν
1236 4929 1314 4994 ὡς
1331 4930 1526 4984 Jama!
1557 4950 1674 5001 μη-

195 4997 370 5069 δαμῶς
405 4997 822 5066 ὑποδέξονται.

197 5109 285 5174 κζ’.
321 5113 548 5184 Ὁμοίως
584 5113 888 5186 ἐϐεϐαιώοη
919 5114 992 5177 ὡς
1026 5113 1120 5168 ἐὰν
1163 5131 1290 5166 ποτε
1315 5113 1672 5184 πρεσβύτεροι

143 5197 170 5266 ἦ
193 5199 427 5269 διάκονοι,
459 5207 549 5260 ἐπί
574 5223 679 5260 τινι
710 5206 980 5277 βαρυτέρᾳ
1005 5205 1250 5276 ἁμαρτίᾳ
1269 5205 1584 5276 ἐλεγχθῶσι,
1609 5209 1673 5277 τῇ

1843 4949 2028 5005 manus
2051 4933 2432 5002 impositionem
2457 4943 2706 5005 tanquam
2729 4933 2853 4987 laici
2877 4949 3206 5004 nequaquam
3225 4949 3342 4985 sus-

1843 5004 2057 5072 cipiunt.

1841 5116 1930 5171 9.7.
1968 5116 2098 5171 item
2134 5116 2511 5172 conﬁrmatum
2542 5128 2625 5174 est
2653 5119 2720 5182 ⁸³,
2755 5128 2813 5174 ut
2847 5118 2891 5174 si
2925 5119 3145 5188 quando
3189 5127 3343 5183 pres-

1773 5208 1945 5280 byteri
1983 5210 2063 5262 vel
2088 5209 2302 5263 diaconi
2343 5209 2396 5263 in
2441 5211 2620 5280 aliqua
2650 5212 2880 5280 graviori
2921 5210 3077 5277 culpa
3107 5206 3340 5261 convicti

145 5291 325 5369 ἀνάγκη
349 5299 541 5362 αὐτοὺς
572 5299 669 5370 τῆς
698 5298 1035 5369 λειτουργίας
1058 5299 1414 5368 ἀποκινούσῃ,
1441 5299 1516 5370 μὴ
1559 5302 1660 5352 ὲπι-

1780 5300 1998 5367 fuerint,
2030 5317 2136 5371 qua
2171 5317 2263 5358 eos
2290 5317 2319 5355 a
2360 5302 2666 5358 ministerio
2699 5318 2920 5358 necesse
2941 5303 3013 5356 sit
3044 5301 3338 5364 removeri,

144 5382 354 5442 τίθεσθαι
387 5371 569 5456 αὐτοῖς
601 5394 787 5464 χεῖρας
839 5391 915 5454 ὡς
964 5389 1333 5462 μετανοοῦσιν,
1400 5390 1538 5462 ἢὼς
1586 5409 1676 5445 πι-

202 5566 248 5598 ⁸³
282 5567 535 5642 Carthag.
567 5587 620 5638 v,
662 5586 710 5627 c.
741 5573 832 5627 ‘23.

205 5725 301 5795 (14)
318 5729 915 5786 Gcnctliliisententiain
941 5732 1209 5798 Aurelius,
1238 5745 1288 5787 ct
1314 5733 1393 5789 sic
1414 5734 1503 5787 alii
1545 5736 1676 5789 alio-

148 5807 248 5872 rum
288 5801 651 5871 episcoporum
693 5819 724 5857 e
757 5802 1128 5872 superioribus
1161 5804 1408 5859 conciliis
1447 5815 1666 5859 sentt-n-

148 5869 233 5917 lias
260 5869 774 5936 synodo'ﬁrmandas
803 5869 1018 5928 nomine
1040 5888 1139 5928 suo
1179 5889 1481 5944 proponere
1523 5893 1666 5932 nunc

1777 5411 1885 5451 non
1909 5396 1988 5450 eis
2022 5411 2216 5452 manus
2240 5407 2500 5468 tanquam
2533 5397 2922 5468 paenitentibus
2950 5395 3127 5461 laicis,
3159 5392 3339 5463 impo-

1781 5737 2050 5794 videnlur.

1851 5810 1958 5879 (15)
1989 5809 2098 5864 MS.
2141 5827 2158 5861 (
2195 5817 2247 5864 et
2277 5824 2333 5864 se
2357 5805 2664 5864 conciliare.
2699 5822 2717 5856 ι
