3874 6296
586 395 690 459 803

1762 388 2021 448 ΡΗΟΤΙΙ
2060 386 2565 447 PATRIARCII/E
2594 386 2705 445 Cl".

3702 399 3782 463 804

591 519 785 572 natur;
840 498 1020 574 neque
1078 502 1536 573 permittendum,
1599 512 1658 556 ut
1718 501 2039 572 rebaptizati
2093 500 2157 555 ad

2282 502 2487 563 ττικοῖς,
2524 499 2659 571 μηδὲ
2708 498 3103 569 ἐπιτρέπεσθαι
3146 499 3330 565 αὐτοῖς
3354 501 3487 556 ὥστε
3535 504 3784 566 ἀναδαπτιο

587 600 881 657 clericatus
921 598 1145 668 gradum
1177 603 1602 666 promoveantur
1634 592 1771 664 (l6).

1110 687 1186 740 De
1219 689 1353 756 pomi
1361 688 1604 741 tantibus.

655 785 746 838 45.
807 781 879 836 Ut
923 781 1314 851 paenitentibus
1375 781 1420 812 ⁶⁶
1470 781 1768 835 secundum
1812 780 2172 837 differentiam

589 884 938 947 peccatorum
975 873 1216 943 episcopi
1250 872 1481 927 arbitrio
1529 874 1867 941 poenitentiae
1924 884 2169 944 tempora

591 970 959 1025 decernantur
991 985 1005 1019 :
1038 975 1091 1020 et
1120 976 1179 1018 ut
1212 966 1498 1035 presbyter
1547 966 1860 1019 inconsulto
1912 968 2173 1037 episcopo

594 1079 703 1117 non
732 1060 1047 1115 reconciliet
1074 1058 1452 1128 pmnitentem,
1490 1058 1593 1113 nisi
1626 1058 1876 1111 absentia
1924 1059 2172 1128 episcopi

593 1154 919 1210 necessitate
977 1160 1228 1221 cogente.
1311 1150 1707 1220 Cujuscunque
1772 1160 1951 1203 autem
2010 1150 2174 1221 32E.

593 1246 912 1317 pcenitentis
945 1245 1222 1314 publicum
1259 1251 1313 1296 et
1355 1242 1788 1312 vulgatissimum
1829 1242 2035 1295 crimen
2066 1253 2170 1304 est,

591 1340 734 1410 quod
790 1338 1101 1391 universam
1137 1336 1435 1391 Ecelesiam
1484 1336 1858 1401 commoverit,
1893 1344 2015 1390 ante
2058 1335 2171 1407 (Π)

592 1432 833 1487 absidem
869 1444 1065 1484 manus
1103 1428 1151 1482 ei
1188 1429 1560 1498 imponantur.

596 1630 669 1685 De
710 1628 1089 1700 aegrotantibus
1140 1627 1230 1696 qui
1276 1642 1493 1694 prorsus
1553 1625 1863 1694 respondere
1916 1639 2019 1679 non
2048 1639 2171 1693 pos—

1227 1707 1369 1750 sunt.

666 1791 755 1847 45.
788 1790 862 1847 Ut
900 1796 1247 1858 :egrotantes,
1283 1798 1336 1840 ut
1366 1804 1488 1857 pag.
1531 1786 1657 1841 (iit).

844 1880 1069 1935 Concilii
1107 1880 1410 1932 (vcuntenici
1436 1894 1488 1931 vt
1520 1895 1689 1932 canon
1724 1877 1848 1932 102.

672 1975 791 2029 102.
848 1976 1073 2044 Oportet
1106 1983 1287 2027 autem
1344 1988 1437 2026 eos
1467 1972 1537 2037 "’,
1573 1973 1665 2042 qui
1713 1971 1960 2026 solvendi
2008 1980 2062 2027 et
2110 1970 2175 2025 li-

597 2070 757 2141 gandi
801 2076 1128 2138 potestatem
1176 2082 1205 2120 a
1252 2066 1362 2119 Deo
1407 2080 1687 2134 accepere,
1738 2065 1947 2134 peccati
2006 2064 2177 2134 quali-

598 2173 763 2217 tatem
811 2162 1179 2226 considerare,
1235 2167 1289 2214 et
1321 2158 1437 2226 ejus
1504 2159 1595 2229 qui
1628 2160 1873 2228 peccavit
1929 2158 1998 2213 ad
2043 2173 2174 2213 con-

600 2253 904 2308 versionem
942 2260 1248 2320 promptum
1292 2249 1555 2315 studium,
1624 2260 1675 2303 et
1706 2249 1989 2304 sicmorbo
2041 2264 2175 2304 con-

600 2342 904 2397 venientem
957 2340 1152 2395 aﬂ‘erre
1205 2340 1582 2395 medicinam:
1623 2354 1689 2393 ne
1744 2342 1788 2395 si
1844 2340 1897 2393 in
1942 2350 2175 2408 utroque

601 2431 1052 2486 immoderatiune
1098 2440 1304 2494 utatur,
1333 2431 1401 2483 ab
1426 2430 1565 2499 ejus,
1623 2430 1715 2499 qui
1748 2430 1978 2494 laborat,
2006 2431 2177 2484 salute

596 2525 831 2580 excidat.
868 2522 984 2577 Non
1026 2522 1169 2577 enim
1214 2522 1443 2591 simplex
1509 2530 1591 2576 est
1653 2522 1873 2577 morbus
1924 2518 2173 2592 peccati,

598 2620 689 2671 sed
728 2616 915 2669 varius
976 2625 1027 2669 et
1085 2614 1460 2680 multiformis,
1502 2625 1555 2668 et
1604 2616 1805 2669 multas
1849 2614 2177 2670 incommodi

597 2709 923 2776 propagines
950 2706 1305 2776 germinans:
1353 2722 1418 2760 ex
1460 2707 1659 2776 quibus
1715 2708 1916 2761 malum
1948 2709 2175 2762 multum

599 2801 943 2861 diﬂ‘unditur,
998 2812 1052 2853 et
1104 2799 1327 2852 ulterius
1356 2799 1717 2867 progreditur,
1766 2799 1940 2854 donec
1970 2800 2178 2854 viribus

601 2890 870 2944 medentis
922 2890 1213 2951 consistat,
1273 2886 1454 2953 Quare
1507 2890 1597 2959 qui
1656 2889 1937 2944 medicina:
2002 2891 2179 2944 scien-

601 2982 731 3035 tiam
794 2982 845 3035 iu
890 2982 1083 3050 spiritu
1150 2980 1457 3049 proﬁtetur,
1500 2990 1711 3049 Oportet
1774 2998 1897 3035 eum
1944 2983 2178 3052 primum

600 3075 721 3143 ejus
779 3074 872 3144 qui
931 3074 1197 3143 peccavit,
1224 3072 1571 3127 aﬂeetioncm
1604 3074 1953 3127 considerare
1983 3084 2034 3127 et
2066 3074 2182 3128 sive

603 3167 781 3236 vergit
834 3166 899 3220 ad
963 3166 1279 3231 sanitatem,
1337 3165 1450 3220 sire
1507 3175 1721 3229 contra,
1751 3165 1984 3235 propriis
2011 3165 2180 3221 mori-

604 3260 707 3314 bus
746 3269 1007 3329 provocat
1044 3260 1094 3314 in
1150 3276 1206 3313 se
1240 3259 1515 3324 morbum,
1571 3261 1815 3327 aspicere
1839 3298 1854 3322 ,
1909 3259 2183 3328 quomodo

603 3356 723 3425 ejus
783 3371 904 3424 qua:
952 3354 1238 3409 intercedit
1295 3353 1416 3407 vita:
1447 3353 1674 3408 rationis
1705 3354 2187 3423 eonversionisque

606 3464 792 3504 curam
858 3456 1047 3518 gerat:
1106 3455 1159 3500 et
1212 3447 1256 3500 si
1314 3446 1509 3500 artitici
1549 3462 1657 3499 non
1724 3446 2021 3501 reluctatur
2062 3486 2076 3509 ,
2132 3454 2187 3501 et

605 3545 761 3600 ulcus
798 3544 992 3595 animae
1018 3550 1183 3610 auget
1221 3554 1317 3609 per
1386 3538 1766 3608 impositorum
1820 3539 2187 3593 medicamen-

607 3647 785 3689 torum
820 3631 1219 3701 adjcctionem;
1271 3639 1324 3683 et
1359 3630 1459 3683 .sie
1505 3630 1961 3694 misericordiam,
2026 3639 2186 3699 prout

604 3726 801 3795 dignus
856 3732 961 3787 est,
1007 3722 1295 3791 impertiri.
1341 3718 1566 3775 Omnem
1628 3723 1772 3775 enim
1796 3724 2062 3776 rationem
2085 3723 2185 3777 init

609 3818 771 3880 Deus,
804 3818 960 3885 isque
1016 3816 1103 3869 cui
1150 3814 1445 3883 pastoralis
1479 3814 1713 3869 traditus
1778 3828 1861 3870 est
1908 3816 2180 3886 principa-

605 3922 712 3977 tus,
762 3920 824 3964 ut
869 3920 1139 3963 errantem
1202 3922 1356 3962 ovem
1388 3910 1664 3973 reducat;
1714 3910 1872 3975 etei,
1903 3910 2049 3979 quod
2100 3917 2186 3963 est

607 4022 636 4057 a
696 4011 946 4071 serpente
990 4002 1357 4063 vulneratum,
1402 4004 1718 4070 medeatur;
1770 4011 1824 4057 et
1871 4018 2043 4070 neque
2089 4020 2184 4073 per

604 4096 1006 4166 desperationis
1041 4097 1337 4164 praecipitia
1401 4096 1660 4163 impellat,
1702 4112 1803 4149 nec
1835 4095 1901 4149 ad
1931 4096 2051 4149 vita:
2073 4098 2185 4152 dis-

604 4191 1028 4253 solutionem,et
1060 4198 1429 4258 contemptura
1474 4188 1626 4243 frena
1657 4188 1863 4243 relaxet
1896 4206 1909 4242 :
1940 4188 2034 4242 sed
2076 4204 2183 4243 una

604 4284 822 4353 quidem
849 4281 1009 4351 325
1047 4282 1270 4336 omnino
1309 4283 1539 4346 ratione,
1575 4282 1689 4335 sive
1735 4296 1829 4349 per
1884 4282 2095 4336 acriora
2133 4290 2186 4336 et

604 4380 983 4448 astringentia,
1022 4379 1136 4432 sive
1189 4394 1283 4447 per
1342 4379 1565 4431 meliora
1598 4385 1651 4430 et
1694 4376 1898 4431 leniora
1956 4377 2188 4431 medica-

606 4482 785 4526 menta
822 4469 1094 4523 ali‘ectioni
1141 4470 1383 4532 resistat,
1442 4479 1495 4522 et
1546 4469 1609 4522 ad
1649 4468 1849 4523 ulceris
1903 4468 2187 4522 obductio-

608 4580 728 4618 nem
764 4563 1058 4627 animatur,
1101 4563 1315 4616 fructus
1364 4562 1696 4631 pmuitentize
1729 4563 2073 4625 examinans,
2129 4569 2183 4615 et

607 4657 880 4726 sapienter
912 4656 1234 4725 dispensans
1291 4665 1341 4707 et
1373 4656 1682 4725 gubernans
1748 4656 2048 4717 hominem,
2083 4654 2178 4723 qui

608 4752 673 4803 ad
728 4749 1069 4817 superiorem
1132 4747 1584 4801 illuminationem
1615 4736 1996 4801 vocatur.’Nos
2032 4746 2176 4799 enim

610 4849 839 4908 utraque
869 4841 1009 4891 seire
1050 4847 1297 4906 oportet,
1336 4847 1389 4890 et
1450 4854 1571 4906 qua:
1606 4847 1733 4891 sunt
1780 4837 2138 4905 summijuris
2167 4878 2181 4899 ,

607 4942 658 4987 et
690 4948 811 5001 quae
859 4942 985 4985 sunt
1047 4930 1459 4985 consuetudinis
1515 4948 1528 4981 :
1584 4930 1636 4981 in
1712 4930 1779 4982 iis
1819 4938 2025 4994 autem,
2086 4928 2180 4998 qui

607 5035 848 5079 extrema
887 5041 989 5077 non
1046 5024 1356 5087 admittant,
1417 5022 1568 5090 sequi
1609 5022 1838 5075 formam
1875 5022 2127 5075 traditam
2163 5061 2179 5087 ,

609 5117 1067 5187 quemadmodum
1100 5126 1322 5168 sanctus
1346 5129 1445 5168 nos
1470 5114 1626 5167 docet
1648 5111 1900 5167 Basilius.

764 5290 954 5343 Basilii
983 5305 1207 5342 canones
1239 5288 1293 5353 5,
1324 5269 1544 5351 34,374,
1582 5286 1669 5352 '75,
1701 5286 1789 5351 76,
1829 5287 1920 5354 82,
1960 5287 2049 5342 84.

681 5380 734 5434 5.
776 5379 1071 5433 lliereticos
1102 5383 1155 5431 in
1186 5379 1333 5432 exitu
1366 5379 1740 5447 ptenitentiam
1788 5389 2009 5447 agentes
2040 5377 2181 5432 reci-

612 5487 740 5543 pere
787 5479 1022 5541 oportet.
1078 5470 1339 5539 Recipere
1390 5480 1594 5534 autem,
1631 5485 1737 5524 non
1788 5472 1907 5525 sine
1946 5472 2179 5540 judicio,

2276 593 2540 661 ζομένους
2573 591 2710 663 πρὸς
2728 592 2820 645 τὸν
2844 592 2939 645 τοῦ
2961 592 3166 663 κλήρου
3198 592 3405 663 βαθμὸν
3426 596 3734 665 προκόπτειν.

2656 684 2796 751 Περὶ
2826 683 2946 738 τῶν
2966 686 3443 754 μετανοούντων.

2345 771 2457 846 μγ⁹.
2492 775 2657 829 Ὥστε
2695 777 2810 840 τοῖς
2846 777 3170 846 μετανοοῦσι
3216 777 3359 831 κατὰ
3400 779 3495 850 τὴν
3520 780 3620 833 τῶν
3648 784 3792 857 ἀμαρ-

2272 866 2531 935 τημάτων
2583 867 2847 938 διαφορὰν
2902 872 2967 939 τῇ
3017 868 3125 922 τῶν
3172 869 3486 922 ἐπισκόπων
3528 874 3687 942 κρίσει
3719 881 3793 932 τὰς

2285 957 2571 1028 μετανοίας
2619 959 2679 1011 ἐν
2734 959 2913 1031 καιρῷ
2965 958 3336 1030 ψηφίζεσθαι·
3393 964 3723 1034 πρεσϐύτερος
3754 970 3795 1022 δὲ

2273 1052 2425 1121 παρά
2452 1049 2679 1121 γνώμην
2711 1050 2806 1103 τοῦ
2835 1052 3161 1117 ἐπισκόπου,
3193 1052 3268 1124 μὴ
3303 1053 3636 1128 καταλλάσσῃ
3668 1075 3795 1128 μετα-

2272 1139 2515 1207 νοοῦντα,
2555 1142 2602 1193 εἰ
2652 1142 2727 1211 μή
2774 1141 2826 1209 γ’
2875 1141 2941 1195 ἂν
2995 1144 3245 1212 ἀνάγκης
3282 1144 3629 1215 συνωθούσης,
3667 1150 3714 1200 ὲν
3748 1156 3796 1220 τῇ

2274 1235 2511 1304 ἀπουσίᾳ.
2577 1234 2670 1287 τοῦ
2726 1234 3058 1288 ἐπισκόπου·
3112 1236 3530 1305 οὑτινοσδήποτε
3577 1238 3629 1291 δέ
3670 1258 3799 1307 μετα-

2272 1324 2551 1391 νοοῦντος,
2579 1328 2627 1378 εί
2683 1326 2973 1380 πούϐλικον
3020 1328 3114 1381 καὶ
3163 1328 3589 1399 τεθρυλλημένον
3632 1334 3729 1385 ἐστὶ
3757 1338 3801 1385 τδ

2272 1415 2527 1487 ἔγκλημα
2551 1418 2613 1471 τὸ
2641 1418 2933 1489 σύμπασαν
2958 1420 3056 1491 τὴν
3082 1419 3379 1491 ἐκκλησίαν
3411 1421 3603 1491 κινοῦν,
3622 1425 3712 1492 πρὸ
3729 1427 3800 1495 τῆς

2271 1508 2464 1577 ἀψίδος
2490 1511 2665 1582 τούτῳ
2689 1513 2722 1582 ἡ
2743 1513 2866 1583 χεὶρ
2902 1512 3152 1582 ἐπιτεθῇ.

2346 1627 2485 1695 Περὶ
2516 1627 2634 1681 τῶν
2661 1628 3103 1693 ἀσθενούντων,
3141 1629 3239 1683 καί
3266 1629 3421 1697 ὑπὲρ
3456 1627 3668 1683 ἑαυτῶν
3696 1631 3801 1685 ἁπο-

2664 1700 2970 1767 κρίνεσθαι
3002 1699 3088 1768 μὴ
3120 1701 3489 1770 δυναμένων.

2347 1796 2453 1861 με’.
2474 1790 2637 1844 Ὥστε
2666 1792 2790 1855 τοὺς
2818 1791 3207 1858 ἀσθενοῦντας,
3250 1809 3306 1845 κ.
3334 1808 3385 1847 τ.
3423 1789 3472 1843 λ.

2430 1883 2700 1937 Συνόδου
2727 1883 3143 1953 οὶκουμενικῆς
3172 1884 3347 1950 ἕκτης
3384 1881 3581 1935 κανὼν
3602 1881 3689 1953 ρβ’.

2306 1980 2322 2011 δ’
2347 1974 2449 2048 ρβ’.
2496 1978 2589 2030 Δεῖ
2610 1976 2667 2029 δέ
2698 1977 2825 2040 τοὺς
2864 1977 3112 2041 ἐξουσίαν
3158 1977 3308 2029 λύειν
3343 1976 3441 2030 καὶ
3467 1976 3670 2045 δεσμεῖν
3695 1976 3805 2045 παρὰ

2273 2070 2409 2124 Θεοῦ
2441 2070 2703 2133 λαϐόντας
2722 2111 2736 2134 ,
2764 2073 2984 2123 σκοπεῖν
3012 2071 3109 2141 την
3151 2071 3249 2141 τῆς
3280 2070 3552 2141 ἁμαρτίας
3580 2069 3803 2138 ποιότητι,

2276 2160 2368 2215 καὶ
2391 2159 2489 2231 τὴν
2520 2159 2614 2213 τοῦ
2660 2160 3041 2231 ἡμαρτηκότος
3088 2160 3223 2230 πρὸς
3266 2158 3601 2229 ἐπιστροφὴν
3637 2160 3807 2227 ἑτοιμα-

2279 2252 2419 2316 σὶαν,
2455 2246 2548 2304 καὶ
2573 2250 2715 2304 οὕτω
2742 2252 3076 2321 κατάλληλον
3106 2252 3203 2321 τὴν
3225 2251 3530 2322 θεραπείαν
3563 2252 3806 2320 προσάγειν

2276 2343 2354 2414 τῷ
2386 2343 2781 2414 ἀρῤωστήματι
2803 2358 2815 2372 °
2849 2342 2935 2395 ἵνα
2977 2343 3052 2413 μὴ
3084 2346 3151 2414 τῇ
3186 2343 3429 2415 ἀμετρίᾳ
3461 2343 3579 2397 καθ’
3602 2344 3807 2411 ἑκάτερον

2276 2436 2589 2507 χρώμενος,
2620 2436 2962 2507 ἀποσφαλείη
2996 2437 3133 2507 πρὸς
3164 2439 3263 2505 τὴν
3297 2437 3574 2507 σωτηρίαν
3617 2435 3698 2489 τοῦ
3733 2437 3807 2489 κά-

2280 2542 2537 2598 μνοντοςο
2581 2527 2641 2580 οὐ
2682 2527 2790 2596 γὰρ
2815 2526 2960 2598 ἁπλῆ
2994 2529 3093 2597 τῆς
3135 2528 3414 2599 ἁμαρτίας
3459 2530 3492 2599 ἡ
3524 2531 3682 2591 νόσος,
3711 2527 3809 2579 ἀλλά

2279 2620 2523 2683 ποικίλος
2588 2620 2683 2673 καὶ
2727 2620 3032 2691 πολυειδὴς,
3096 2622 3190 2674 καὶ
3244 2621 3451 2685 πολλάς
3500 2622 3595 2692 τῆς
3658 2620 3811 2690 βλάῦτςς

2278 2713 2638 2785 παραφυάδας
2652 2713 2944 2783 βλαστάνου
2954 2731 3039 2781 τα,
3062 2716 3118 2781 ἐξ
3141 2709 3215 2767 ὧν
3234 2714 3292 2767 τὺ
3312 2714 3485 2767 κακὸν
3498 2716 3583 2766 ἐπὶ
3598 2715 3713 2766 πολὺ
3732 2714 3812 2765 δια-

2279 2808 2453 2877 χεῖται
2480 2805 2575 2859 καὶ
2602 2806 2793 2876 πρόσω
2825 2805 3018 2875 βαίνει.
3056 2806 3247 2876 μέχρις
3267 2805 3332 2859 ἂν
3364 2806 3528 2875 σταίη
3558 2808 3619 2876 τῇ
3640 2805 3811 2873 δυνάμει

2279 2900 2372 2952 τοῦ
2401 2898 2797 2968 θεραπεύοντος
2818 2916 2833 2929 ο
2859 2897 2998 2951 ὥστε
3031 2898 3121 2950 τὸν
3142 2897 3241 2968 τὴν
3271 2897 3525 2969 ἰατρικὴν
3553 2898 3811 2965 ἐπιστήμην

2279 2990 2338 3043 ἐν
2371 2989 2641 3059 πνεύματι
2692 2988 3157 3057 ἐπιδεικνύμενον,
3184 2989 3455 3059 πρότερον
3506 2989 3605 3059 χρὴ
3644 2987 3725 3056 τὴν
3745 2986 3812 3039 τοῦ

2283 3082 2665 3153 ἡμαρτηκότος
2716 3081 2955 3135 διάθεσιν
2985 3080 3435 3142 ἐπισκέπτεσθαι,
3473 3082 3564 3132 καὶ
3594 3080 3688 3132 εἴτε
3715 3079 3813 3147 πρὸς

2208 3211 2251 3268 c
2282 3175 2381 3245 τὴν
2428 3174 2636 3242 ὑγίειαν
2692 3172 2872 3239 νεύει,
2918 3171 2951 3242 ἢ
3013 3172 3320 3224 τούναντίον
3367 3171 3462 3224 διὰ
3506 3170 3607 3223 τῶν
3645 3169 3813 3223 οἰκείων

2288 3269 2504 3339 τρόπων
2564 3266 2950 3337 προσκαλεῖται
3002 3265 3124 3318 καθ’
3178 3264 3375 3317 ἑαυτοῦ
3423 3264 3483 3316 τὸ
3532 3262 3813 3334 ἀρρώστημα

2290 3359 2515 3429 ἐφορᾷν,
2551 3358 2699 3420 ὅπως
2748 3374 2809 3409 τε
2853 3356 2951 3425 τῆς
2985 3357 3042 3409 ἐν
3069 3354 3145 3424 τῷ
3177 3354 3383 3425 μεταξὺ
3414 3357 3700 3424 προνοεῖται
3725 3355 3817 3405 ἁνα-

2290 3450 2551 3520 στροφῆς,
2583 3448 2675 3501 καὶ⁵
2717 3449 2764 3501 εἰ
2801 3448 2875 3517 μὴ
2902 3447 2980 3519 τῷ
3005 3448 3223 3519 τεχνίτῃ
3270 3446 3646 3511 ἀντιπαλαίει,
3677 3446 3752 3497 καὶ
3775 3448 3817 3496 τδ

2286 3541 2384 3611 τῆς
2427 3539 2606 3610 ψυχῆς
2644 3539 2800 3602 ἕλκος
2832 3540 2919 3592 διὰ
2946 3540 3044 3607 τῆς
3073 3539 3180 3591 τῶν
3214 3537 3611 3607 ἐπιτιθεμένων
3646 3537 3817 3607 φαρμά-

2287 3649 2398 3685 κων
2451 3632 2673 3698 αὐξάνει
2732 3630 3120 3701 προσαγωγῆς,
3177 3630 3271 3682 καὶ
3333 3628 3484 3681 οὕτω
3556 3628 3641 3681 τὸν
3709 3629 3817 3679 ἔλεον

2288 3725 2412 3779 κατ’
2446 3726 2603 3790 ἀξίαν
2634 3727 2977 3795 ἐπιμετρεῖψ
3010 3724 3118 3785 πᾶς
3145 3723 3252 3790 γὰρ
3284 3720 3449 3790 λόγος
3491 3720 3607 3790 Θεῷ
3658 3720 3736 3771 καὶ
3763 3719 3816 3787 τῷ

2284 3818 2383 3889 τὴν
2414 3819 2781 3888 ποιμαντικὴν
2810 3817 3201 3889 ἐγχειρισθέντι
3230 3816 3552 3887 ἡγεμονίαν,
3581 3816 3636 3869 τὸ
3658 3816 3816 3866 πλανώ-

2290 3928 2451 3981 μενον
2486 3910 2761 3981 πρόϐατον
2794 3912 3189 3980 ἐπαναγαγεῖν,
3213 3910 3389 3965 καὶτὸ
3416 3907 3617 3979 τρωθὲν
3646 3906 3732 3959 ὑπὸ
3750 3902 3815 3956 τοῦ

2284 4003 2461 4073 ὄφεως
2515 4003 2856 4068 ἐξιάσασθαι,
2889 4005 2982 4057 καὶ
3024 4006 3161 4074 μήτε
3191 4005 3331 4058 κατά
3367 4002 3631 4074 κρημνῶν
3656 3999 3817 4067 ὠθῆσαι

2285 4097 2387 4166 τῆς
2438 4097 2825 4167 ἀπογνώσεως,
2876 4099 3021 4168 μήτε
3050 4098 3141 4151 τὸν
3182 4097 3401 4167 χαλινὸν
3451 4094 3680 4149 ἐνδοῦναι
3717 4090 3816 4161 πρός

2285 4191 2382 4261 τὴν
2422 4190 2535 4261 βίου
2580 4190 2803 4243 ἐλκυσίν
2828 4208 2887 4244 τε
2942 4192 3037 4244 καὶ
3086 4191 3527 4262 καταφρόνησιν·
3561 4188 3665 4243 ἀλλ’
3692 4186 3816 4250 ἐνίγε

2285 4282 2471 4353 τρόπῳ
2518 4282 2756 4345 πάντως,
2802 4282 2910 4336 εἴτε
2952 4282 3043 4336 διὰ
3077 4283 3184 4336 τῶν
3222 4282 3633 4352 αὐστηροτέρων
3672 4295 3721 4331 τε
3749 4274 3817 4327 καὶ

2289 4372 2617 4438 στυφόντων,
2646 4374 2754 4427 εἴτε
2783 4373 2869 4427 διὰ
2898 4374 3003 4426 τῶν
3036 4374 3288 4427 ἀπαλωτέ
3299 4391 3408 4445 ρων
3425 4392 3485 4427 τε
3519 4373 3608 4426 καὶ
3636 4368 3816 4440 πραοτέ-

2292 4479 2397 4531 ρων
2434 4463 2766 4534 φαρμάκων,
2800 4464 2941 4517 κατά
2986 4465 3078 4516 τοῦ
3116 4464 3343 4529 πάθους,
3380 4466 3477 4517 καὶ⁹
3518 4463 3646 4535 πρὸς
3674 4458 3817 4513 συνού-

2217 4592 2262 4647 D
2288 4555 2453 4607 λωσιν
2478 4554 2571 4607 τοῦ
2594 4555 2785 4617 ἕλκους
2808 4555 3298 4625 ἀνταγωνίσασθαι,
3318 4556 3447 4618 τοὺς
3468 4556 3565 4625 τῆς
3589 4551 3817 4623 μετανοίας

2291 4648 2538 4713 καρποὺς
2575 4647 2951 4718 δοκιμάζοντι,
3002 4650 3097 4701 καὶ
3146 4647 3520 4717 οἰκονομοῦντι
3577 4644 3730 4713 σοφῶς
3751 4642 3817 4693 τὸν

2286 4737 2423 4805 πρὸς
2451 4736 2549 4805 τὴν
2582 4737 2694 4790 ἄνω
2734 4736 3152 4809 λαμπροφορίαν
3185 4738 3520 4809 καλούμενον
3556 4737 3815 4806 ἄνθρωπον’

2283 4830 2571 4900 ἀμφότερα
2610 4830 2787 4884 τοίνυν
2814 4831 3008 4885 εἰδέναι
3039 4834 3187 4902 ἡμᾶς
3213 4834 3341 4903 χρὴ,
3374 4832 3471 4885 καὶ
3507 4831 3570 4883 τὰ
3598 4829 3684 4898 τῆς
3708 4828 3818 4894 ἀκριε

2286 4921 2460 4986 δείας,
2498 4923 2593 4975 καὶ
2633 4922 2700 4975 τὰ
2736 4925 2834 4994 τῆς
2870 4925 3248 4995 συμπαθείας’
3281 4925 3515 4978 ἐπεσθαι
3539 4924 3613 4987 δέ,
3640 4919 3819 4974 ἐπὶτῶν

2286 5012 2740 5082 καταδεξαμένων
2764 5016 2860 5084 τὴν
2874 5016 3155 5085 ἀκρότητα
3176 5015 3582 5087 παραδέξασθαι
3598 5011 3668 5082 τῷ
3682 5025 3819 5078 παρα·

2296 5103 2504 5157 δοθέντι
2567 5105 2723 5177 τύπῳ
2747 5148 2763 5175 ,
2802 5106 2989 5172 καθὼς
3030 5110 3059 5160 ὀ
3088 5108 3229 5179 ἱερὸς
3255 5109 3400 5177 ἡμᾶς
3436 5106 3723 5160 ἐκδιδάσκει
3744 5101 3820 5153 Ba-

2296 5196 2515 5261 σίλειος.

2354 5291 2678 5345 Βασιλείου
2719 5290 2918 5345 κανὼν
2948 5289 3010 5358 ε’,
3044 5292 3141 5357 λδ¹,
3175 5292 3265 5359 οδ’,
3299 5292 3390 5356 σε’,
3420 5298 3529 5357 ος’,
3564 5288 3665 5358 πβ’,
3694 5283 3777 5337 πδῑ

2360 5389 2420 5435 ε’.
2443 5383 2582 5446 Τοὺς
2606 5383 2663 5435 δέ
2690 5384 2783 5435 ἐπὶ
2807 5382 2973 5453 ἐξόδῳ
3001 5384 3391 5453 μετανοοῦντας
3417 5383 3526 5434 τῶν
3548 5372 3796 5449 αίρετικῶν
3811 5409 3821 5431 ν

2288 5472 2541 5543 δέχεσθαι
2594 5474 2735 5544 χρή⁸
2795 5472 3045 5543 δέχεσθαι
3086 5474 3144 5526 δέ
3195 5473 3432 5544 δηλονότι
3474 5474 3572 5525 οὐκ
3610 5466 3821 5540 ἀκρίτως.

2204 1856 2247 1912 Β

682 5627 725 5657 ⁶⁶
758 5624 926 5679 Cone.
957 5623 1123 5680 Afric.
1154 5640 1273 5695 cap.
1304 5625 1389 5680 lt).
1462 5625 1504 5658 ⁸⁷
1546 5624 1668 5680 Vid.
1705 5640 1823 5695 cap.
1868 5625 1918 5692 7,
1952 5641 2108 5682 conc.
2147 5626 2520 5694 Vormatieu.;
2558 5628 2723 5683 Basil.
2759 5646 2882 5684 can.
2922 5630 2988 5684 74
3022 5639 3076 5687 et
3109 5631 3212 5698 84;
3247 5630 3477 5703 Nyssen.
3512 5630 3564 5687 8.

615 5781 798 5906 ω(ιὲ
842 5778 1150 5837 Ferrandus
1181 5797 1305 5853 cap.
1379 5781 1500 5849 H8,
1552 5798 1615 5837 ex
1677 5784 1871 5840 concil.
1931 5782 2188 5875 Cartliag.

2376 5784 2489 5851 (7|)
2531 5785 2704 5849 Absis,
2750 5786 2834 5841 vel
2879 5786 3089 5857 absida,
3147 5788 3515 5845 sanctuarium
3556 5776 3821 5848 est;\'ttist'

2292 5858 2519 5910 chorum
2550 5858 2801 5912 dicimus.
