3980 6408
105 442 181 504 sas
793 403 1204 494 'SY'NTAGMA
1226 429 1615 491 CANONUM.
1650 455 1720 465 —
1742 394 1894 495 vim
1921 433 2026 508 IX,
2061 436 2219 496 CAP.
2255 436 2525 498 XXXIX.

3197 441 3300 506 806

103 552 201 606 ἀλλὰ
240 543 601 617 δοκιμάζοντας
660 542 708 597 εί
748 542 1008 614 ἀληθινὴν
1066 542 1470 598 ἐπιδείκνυνται
1518 545 1617 613 τὴν

1738 548 1815 602 sed
1845 561 2222 606 examtnantes
2253 569 2321 607 an
2354 568 2540 607 veram
2569 552 2949 622 paenitentiam
2981 559 3298 624 ostendant,

104 638 452 704 ιιετάνοιαν,καὶ
477 638 523 690 εἰ
549 635 675 699 τοὺς
700 638 944 705 καρποὺς
976 636 1163 707 έχουσι
1196 636 1614 708 μαρτυροῦντας

105 736 150 804 τῇ
176 730 286 801 πρδς
311 728 366 780 τὸ
395 727 623 796 σωθῆναι
649 726 874 796 σπουδῇ.

147 822 218 875 λδ.
252 820 349 882 Τὰς
376 817 746 889 μοιχευθείσας
778 819 872 871 καὶ
904 816 1335 888 ἑξαγορευούσας
1355 818 1423 872 δι’
1451 819 1614 874 εὐλά-

100 915 232 978 ϐειαν,
257 915 285 982 ἦ
314 908 546 964 ὁπωσοῦν
573 909 956 980 ἐλεγχομένας,
979 910 1327 979 δημοσιεύειν
1362 911 1460 980 μὲν
1482 912 1620 964 ἐκώ·

99 1007 226 1058 λυσαν
279 1003 322 1054 οἱ
373 1000 606 1071 Πατέρες
648 1001 804 1070 ἡμῶν
847 1041 862 1067 ,
892 1000 980 1053 ἵνα
1040 1000 1115 1071 μὴ
1161 999 1389 1054 θανάτου
1444 1001 1620 1055 αἰτίαν

100 1097 407 1167 παράσχωμεν
448 1091 845 1163 ἐλεγχθείσαιςο
879 1093 1126 1145 ἵστασθαι
1162 1091 1218 1144 δὲ
1274 1093 1445 1157 αὐτάς
1491 1093 1618 1147 ἄνευ

99 1187 320 1247 κοινωνίας
343 1185 691 1256 προσέταξαν,
716 1184 878 1254 μέχρι
917 1182 1010 1236 τοῦ
1037 1183 1497 1255 συμπληροῦσθαι
1527 1186 1619 1240 τὸν

100 1276 238 1346 χρόνον
259 1273 346 1343 τῆς
375 1273 675 1341 μετανοίας.

151 1366 342 1423 οδ.Ἐὰν
368 1365 608 1436 μέντοιγε
631 1365 858 1428 ἕκαστος
885 1364 995 1419 τῶν
1025 1366 1083 1420 ὲν
1107 1367 1219 1426 τοῖς
1248 1383 1421 1438 προγε
1437 1383 1619 1438 γραμ-

105 1460 238 1530 μένοις
265 1458 611 1528 ἁμαρτήμασι
655 1458 1004 1528 γενομένων,
1061 1457 1346 1523 σπουδαῖος
1397 1460 1620 1528 γένηται

102 1548 541 1620 ἐξομολογούμενος,
573 1551 600 1602 ὁ
650 1547 964 1612 πιστευθεὶς
994 1549 1145 1621 παρὰ⁵
1190 1551 1289 1620 τῆς
1341 1551 1436 1604 τοῦ
1484 1549 1620 1605 Θεοῦ

103 1640 441 1711 φιλανθρωπίας
473 1639 622 1692 λύειν
677 1640 772 1694 καὶ
824 1639 1080 1711 δεσμεῖν,
1108 1641 1619 1715 φιλανθρωπότερος

101 1735 276 1801 γένοιτο,
299 1734 354 1787 τδ
383 1733 720 1805 ὑπερϐάλλον
746 1733 844 1804 τῆς
877 1733 1320 1806 ὲξομολογήσεως
1355 1736 1496 1806 ὁρῶν
1525 1736 1620 1790 τοῦ

101 1826 432 1897 ἡμαρτηκότος,
465 1829 548 1890 εἰς
577 1827 636 1879 τὸ
663 1825 970 1880 ἐλαττῶσαι
1000 1827 1092 1880 τὸν
1127 1827 1318 1898 χρόνον
1354 1829 1462 1882 τῶν
1495 1830 1618 1882 ἐπι-

101 1918 261 1986 τιμίων,
287 1919 378 1970 ούκ
422 1917 576 1970 ἔσται
627 1918 1025 1986 καταγνώσεως
1061 1919 1208 1985 ἄξιος
1231 1934 1244 1947 ·
1282 1919 1382 1990 τῆς
1411 1921 1468 1972 ὲν
1500 1922 1619 1984 ταῖς
1656 1896 1696 1953 Β

99 2007 287 2078 Γραφαῖς
314 2007 546 2078 ἱστορίας
576 2005 948 2078 γνωριζούσης
981 2009 1134 2076 ἡμῖν,
1165 2009 1291 2072 τοὺς
1323 2009 1461 2079 μετὰ
1492 2010 1622 2079 μεί-

98 2101 209 2165 ζονος
242 2101 385 2154 πόνου
415 2102 740 2170 ἐξομολογου
752 2103 967 2170 μένους,
1000 2102 1211 2171 ταχέως
1231 2101 1329 2173 τὴν
1363 2101 1458 2155 τοῦ
1487 2103 1622 2156 Θεοῦ

97 2191 438 2262 φιλανθρωπίαν
466 2192 930 2264 καταλαμϐάνειν.

142 2373 215 2421 σε’.
253 2367 302 2421 Ὀ
339 2369 537 2442 ἀδελφῇ
577 2371 685 2443 ἰδίᾳ
740 2373 806 2425 ὲκ
867 2370 1116 2443 πατρὸςῆ
1144 2372 1208 2425 ἐκ
1266 2373 1469 2444 μητρὸς
1493 2390 1627 2443 συμ-

95 2460 307 2529 μιπνθεὶς,
326 2465 398 2526 είς
416 2458 566 2516 οἷκον
596 2463 904 2534 προσευχῆς
936 2465 1010 2534 μὴ
1041 2465 1419 2535 ὲπιτρεπέσθω
1435 2469 1627 2537 παρεῖ-

94 2570 175 2617 ναι,
194 2553 280 2617 ἕως
300 2555 359 2608 διν
384 2556 598 2628 ἀποστῇ
619 2557 717 2626 τῆς
742 2557 1059 2627 παρανόμου
1082 2557 1177 2611 καὶ
1203 2555 1461 2626 ἀθεμίτου
1485 2559 1627 2630 πρά-

95 2644 221 2707 ξεως·
246 2647 369 2716 μετὰ
399 2647 454 2701 δὲ
479 2649 544 2701 τὸ
568 2648 742 2703 ἐλθεῖν
764 2651 844 2712 εἰς
873 2648 1225 2720 συναίσθησιν
1252 2652 1348 2721 τῆς
1391 2650 1627 2721 φοϐερᾶς

93 2736 331 2805 ἁμαρτίας,
362 2739 604 2808 τριετίαν
632 2741 1029 2811 προσκλαιέτω,
1050 2743 1118 2811 τῇ
1144 2740 1284 2813 θύρᾳ.
1302 2740 1410 2794 τῶν
1434 2742 1624 2813 εύκτηο

93 2828 192 2896 ρίων
217 2832 361 2886 οἴκων
393 2832 788 2905 παρεστηκὼς,
837 2835 931 2888 καὶ
953 2834 1208 2900 δεόμενος
1234 2834 1328 2887 τοῦ
1355 2835 1486 2889 λαοῦ
1525 2837 1630 2890 εἱσ-

95 2919 222 2984 ιὸντος
255 2923 338 2974 ἐπὶ
373 2924 468 2994 τὴν
512 2924 825 2996 προσευχήν
852 2941 866 2954 ⁸
890 2924 1030 2978 ὥστε
1061 2924 1290 2980 ἕκαστον
1324 2925 1460 2996 μετά
1492 2944 1630 2997 συμ“⁶

94 3012 275 3078 πιθείας
306 3016 435 3088 ὑπὲρ
469 3017 642 3071 αὐτοῦ
672 3019 914 3081 ἐκτενεῖς
953 3018 1227 3072 ποιεῖσθαι
1258 3020 1395 3088 πρὸς
1425 3018 1628 3090 Κύριον

92 3111 374 3180 προσευχάςο
398 3111 556 3183 παρὰ
581 3112 638 3165 δὲ
671 3112 844 3176 τοῦτο,
875 3111 1041 3183 ἄλλην
1062 3112 1301 3184 τριετίαν
1323 3113 1402 3178 εἰς
1425 3112 1630 3184 ἀκρόα-

95 3216 156 3252 σιν
188 3202 335 3274 μὸνην
385 3204 816 3277 παραδεχθήτω,
859 3207 953 3259 καὶ
1000 3206 1214 3258 ἀκούων
1261 3205 1367 3258 τῶν
1398 3205 1630 3276 Γραφῶν

93 3293 274 3362 καὶτῆς
313 3295 684 3361 διδασκαλίας,
722 3296 1068 3350 ἐκϐαλλέσθω
1106 3297 1200 3349 καὶ
1235 3297 1309 3367 μὴ
1341 3294 1630 3360 καταξιού-

97 3381 182 3435 σθω
224 3388 518 3458 προσευχῆς
545 3403 559 3418 ο
590 3387 780 3441 ἔπειτα
811 3390 967 3458 εἴπερ
998 3389 1137 3458 μετὰ
1162 3387 1413 3458 δακρύων
1438 3389 1628 3459 ἐξεζή-

93 3492 218 3544 τησεν
243 3479 390 3532 αὐτὸν
416 3480 510 3533 καὶ
545 3480 852 3552 προσέπεσε
877 3480 953 3551 τῷ
983 3481 1174 3552 Κυρίῳ
1207 3481 1346 3554 μετὰ
1371 3498 1630 3552 σύντριμ-

96 3565 173 3633 μού
217 3569 424 3640 καρδίας
483 3572 584 3625 καὶ
642 3570 1024 3635 ταπεινώσεως
1100 3573 1348 3644 ἰσχυρᾶς,
1405 3573 1630 3627 διδόσθω

94 3658 208 3727 αὐτῴ
232 3662 259 3730 ἡ
287 3662 600 3725 ὑπόπτωσις
625 3665 680 3715 ὲν
710 3662 889 3726 ἄλλοις
915 3663 1093 3734 τρισὶν
1132 3663 1311 3729 Esset;
1343 3664 1436 3717 καὶ
1457 3663 1630 3728 οὕτως

96 3747 272 3801 ἐπειδὰν
313 3753 431 3814 τοὺς
470 3752 724 3823 καρποὺς
763 3753 882 3821 τῆς“’
897 3753 1182 3824 μετανοίας
1210 3752 1392 3818 ἀξίους
1426 3754 1624 3807 ἐπιδεί-

96 3837 237 3909 ξηται,
269 3843 342 3914 τῷ
369 3845 586 3916 δεκάτῳ
624 3846 734 3898 ἔτει
781 3846 862 3909 είς
916 3846 1016 3914 τὴν
1061 3845 1169 3898 τῶν
1216 3845 1420 3899 πιστῶν
1468 3847 1631 3918 εὐχὴν

95 3930 294 4004 δεχθήτω
320 3937 487 4008 χωρὶς
527 3939 876 4009 προσφορᾶςο
908 3937 1004 3991 καὶ
1051 3937 1148 3992 δύο
1182 3937 1275 4008 ἔτη
1324 3938 1524 4002 συστὰς
1552 3944 1634 4004 είς

93 4023 168 4094 τὴν
205 4027 352 4100 εὐχὴν
402 4033 516 4094 τοῖς
573 4033 802 4096 πιστοῖς,
833 4028 1004 4095 οὓτως
1045 4031 1231 4084 λοιπὸν
1260 4031 1633 4099 καταξιούσθω

95 4114 171 4182 τῆς
200 4117 282 4170 τοῦ
313 4120 519 4188 ἀγαθοῦ
551 4120 860 4184 κοινωνίας.

145 4215 232 4271 (ις’.
263 4209 317 4265 '0
346 4212 504 4277 αὐτὸς
527 4215 695 4279 τύπος
722 4217 815 4270 καὶ
849 4219 975 4290 περὶ
1001 4220 1110 4272 τῶν
1133 4230 1232 4284 τας
1261 4221 1475 4292 νύμφας
1509 4225 1634 4278 ἑαυ-

92 4299 176 4351 τῶν
193 4302 584 4373 λαμϐανόντων.

147 4393 239 4463 πβκ
271 4399 372 4452 Καὶ
405 4403 538 4472 περὶ
560 4401 668 4454 τῶν
705 4403 1175 4475 ὲπιορκησάντων,
1201 4411 1250 4460 εἰ
1287 4408 1387 4478 μὲν
1418 4411 1482 4463 ὲκ
1511 4409 1634 4480 βίας

91 4485 163 4537 καὶ
200 4489 430 4562 ἀνάγκης
467 4494 794 4567 παρέϐησαν
857 4499 984 4562 τοὺς
1034 4501 1248 4571 ὅρκους,
1284 4504 1633 4576 κουφοτέροις

1723 638 2044 711 fructusque
2102 644 2362 713 habeant,
2417 645 2510 716 qui
2553 645 2749 704 salutis
2795 648 3039 704 studium
3107 651 3301 707 testiti-

1721 736 1932 782 cenlur.

1790 824 1881 880 54.
1923 824 2180 882 Mulieres
2236 829 2510 884 adulterio
2575 830 2835 899 pollutas,
2889 840 2946 888 et
3001 834 3073 890 ob
3130 834 3300 905 pieta-

1720 922 1830 969 tem
1879 918 2224 986 conﬁtentes,
2285 930 2379 975 aut
2425 922 2815 990 quoquomodo
2876 926 3154 980 convictas
3202 943 3302 994 pu-

1722 1008 1912 1064 blicari
1956 1010 2150 1067 Patres
2182 1013 2352 1067 nostri
2402 1014 2717 1078 noluerunt,
2749 1031 2818 1071 ne
2841 1032 3062 1071 causam
3105 1019 3298 1074 mortis

1721 1105 2062 1172 praebeamus
2107 1108 2405 1172 convictis;
2448 1109 2752 1164 consistere
2787 1121 2966 1165 autem
3019 1113 3140 1168 illas
3174 1116 3294 1170 sine
3334 1173 3342 1182 κ

1723 1198 2110 1252 communione
2144 1198 2454 1268 jusserunt,
2501 1201 2679 1256 donec
2727 1203 3019 1272 impleatur
3079 1214 3295 1277 tempus

1721 1290 2074 1359 paenitentiae.

1793 1377 1882 1436 74.
1923 1381 2078 1449 Quod
2138 1383 2184 1438 si
2234 1386 2620 1457 unusquisque
2680 1403 2872 1445 eorum
2918 1395 3012 1462 qui
3055 1393 3110 1448 in
3161 1409 3300 1464 pra:-

1724 1471 1887 1528 dictis
1929 1475 2173 1543 peccatis
2220 1474 2395 1542 fuere,
2453 1479 2833 1547 paenitentiam
2879 1497 3069 1553 agens,
3121 1485 3299 1541 bonus

1722 1566 1980 1631 evaserit,
2017 1568 2061 1622 is
2086 1568 2173 1622 cui
2208 1583 2236 1621 a
2275 1568 2370 1622 Dei
2403 1571 2737 1640 benignitate
2772 1573 2974 1640 ligandi
3003 1585 3165 1646 atque
3189 1579 3298 1633 sol~

1723 1657 1884 1712 vendi
1913 1660 2115 1714 credita
2140 1669 2404 1731 potestas,
2438 1664 2482 1718 si
2519 1665 2842 1720 clementior
2870 1667 2986 1733 ﬁat,
3014 1681 3298 1738 perspecta

1725 1753 1872 1807 illius
1914 1755 2007 1824 qui
2083 1755 2329 1823 peccavit
2408 1757 2742 1826 pmnitentim
2788 1760 3182 1830 magnitudine,
3234 1761 3300 1815 ad

1725 1845 2137 1900 diminuendum
2189 1862 2475 1917 pinnarum
2519 1860 2756 1920 tempus,
2805 1867 2910 1906 non
2957 1853 3061 1908 erit
3105 1853 3302 1924 dignus

1727 1936 2207 2002 condemnatione,
2241 1955 2365 1993 cum
2393 1956 2454 1994 ea
2486 1957 2607 2011 quae
2633 1953 2718 1998 est
2768 1944 2822 1997 in
2861 1945 3159 2014 Scripturis
3189 1946 3301 2000 his-

1727 2029 1864 2084 toria
1896 2043 1998 2084 nos
2026 2030 2238 2094 doceat,
2276 2047 2372 2085 eos
2405 2033 2496 2102 qui
2548 2048 2671 2087 eum
2705 2036 2910 2101 majore
2957 2035 3143 2090 labore
3183 2050 3302 2104 pue-

1727 2122 2016 2178 nitentiam
2067 2131 2253 2194 agunt,
2302 2124 2412 2180 cito
2458 2125 2550 2180 Dei
2599 2127 3040 2182 misericordiam
3105 2142 3301 2183 conse-

1727 2231 1844 2286 qut.

1798 2395 1884 2450 75.
1922 2396 2026 2462 Qui
2070 2412 2196 2452 cum
2235 2412 2332 2452 sua
2381 2412 2448 2452 ex
2487 2408 2644 2467 patre
2685 2399 2770 2452 vel
2804 2415 2870 2453 cx
2902 2407 3077 2454 matre
3115 2415 3306 2456 sorore

1729 2487 1969 2556 pollutus
2012 2498 2117 2553 est,
2157 2489 2210 2542 in
2268 2490 2491 2544 domum
2535 2493 2803 2546 orationis
2853 2507 2924 2545 ne
2962 2493 3307 2561 permittatur

1728 2581 2010 2646 accedere,
2052 2583 2226 2637 donec
2245 2583 2409 2655 326
2439 2584 2507 2638 ab
2540 2585 2726 2654 iniqua
2763 2593 2819 2637 et
2849 2585 3058 2641 nefaria
3090 2589 3307 2642 actione

1729 2670 1980 2728 desistat.
2008 2673 2304 2744 Postquam
2338 2685 2520 2729 autem
2554 2675 2608 2729 in
2645 2677 2904 2732 horrendi
2943 2679 3151 2747 peccati
3179 2695 3307 2734 sen~

1730 2779 1848 2818 sum
1904 2775 1959 2820 et
2013 2766 2541 2821 animadversionem
2605 2768 2835 2833 venerit,
2869 2770 3102 2825 triennio
3159 2770 3304 2835 ﬂeat,

1729 2865 1881 2912 stans
1919 2867 2140 2928 propter
2169 2859 2313 2914 l‘ores
2345 2859 2544 2913 domus
2570 2861 2861 2924 orationis,
2895 2870 2950 2914 et
2982 2877 3179 2930 rogans
3209 2878 3306 2931 po-

1730 2952 1919 3022 pulum
1951 2953 2345 3023 ingredientem
2377 2955 2443 3009 ad
2471 2958 2798 3018 orationem,
2832 2965 2892 3010 ut
2931 2957 3309 3027 unusquisque

1730 3041 2157 3096 misericorditer
2210 3058 2311 3112 pro
2377 3043 2498 3112 ipso
2561 3043 2805 3098 intensas
2884 3043 2950 3098 ad
3017 3043 3306 3098 Dominum

1731 3147 1919 3202 preces
1951 3131 2163 3190 fundat.
2188 3133 2385 3189 Postea
2427 3144 2608 3189 autem
2641 3135 2749 3189 alio
2776 3135 3009 3191 triennio
3035 3137 3102 3191 ad
3136 3137 3306 3193 solam

1730 3223 2068 3278 auditionem
2131 3226 2470 3293 admittatur,
2507 3235 2561 3281 et
2605 3227 2903 3296 Scripturis
2954 3228 3310 3298 doctrinaque

1729 3314 1932 3370 auditis
1975 3316 2246 3383 ejiciatur,
2304 3332 2404 3371 nec.
2464 3317 2662 3386 dignus
2721 3318 2988 3372 habeatur
3036 3320 3306 3373 oratione.

1731 3406 1955 3472 Deinde,
1989 3409 2033 3463 si
2075 3409 2239 3463 modo
2261 3409 2409 3463 illam
2442 3425 2567 3464 cum
2603 3411 2862 3481 lacrymis
2889 3413 3231 3481 exquisierit,
3255 3423 3308 3466 et

1730 3498 1963 3553 Domino
1995 3513 2119 3553 cum
2173 3500 2353 3554 cordis
2385 3501 2713 3556 contritione
2739 3511 2794 3556 et
2825 3503 3002 3558 valida
3051 3504 3306 3558 humilia-

1733 3592 1880 3644 tione
1938 3590 2163 3660 supplex
2217 3592 2531 3660 prociderit,
2578 3594 2740 3648 detur
2789 3596 2838 3649 ei
2881 3597 3179 3650 suhstratio
3215 3613 3309 3664 per

1733 3683 1869 3737 alios
1903 3690 2012 3737 tres
2033 3699 2230 3738 annos.
2268 3685 2332 3738 Et
2386 3695 2673 3755 postquam
2716 3688 3055 3755 ptenitentiae
3091 3687 3305 3744 fructus

1733 3772 1928 3841 dignos
1955 3774 2278 3838 ostenderit,
2313 3789 2458 3829 anno
2494 3777 2708 3829 decimo
2744 3778 2798 3830 in
2831 3777 3067 3831 lidelium
3108 3781 3311 3833 oratio-

1734 3879 1830 3918 nes
1858 3865 2190 3934 suscipiatur
2213 3865 2331 3919 sine
2353 3866 2630 3920 oblatione
2656 3885 2669 3922 :
2699 3877 2754 3923 et
2792 3869 2886 3923 ubi
2917 3867 3076 3923 annis
3097 3869 3311 3924 duobus

1735 3973 1843 4012 una
1892 3973 2017 4014 cum
2077 3957 2325 4013 lidelibus
2356 3961 2568 4014 steterit
2606 3961 2672 4016 ad
2725 3963 3053 4026 orationem,
3105 3961 3179 4017 ita
3221 3962 3314 4016 de-

1733 4063 1885 4102 mum
1914 4048 2110 4119 dignus
2142 4049 2406 4104 habeatur
2437 4051 2562 4105 boni
2584 4053 2987 4108 communione.

1808 4228 1897 4284 76.
1939 4230 2140 4286 Eadem
2175 4239 2259 4287 est
2284 4231 2422 4286 ratio
2443 4231 2509 4286 de
2536 4230 2602 4286 iis
2629 4247 2846 4303 quoque
2869 4249 2959 4303 qut
2989 4250 3118 4289 suas
3141 4251 3314 4290 nurus

1736 4324 2036 4394 accipiunt.

1806 4417 1895 4472 82.
1938 4417 2014 4472 De
2062 4418 2129 4473 iis
2171 4417 2334 4472 etiam
2365 4419 2457 4486 qui
2499 4417 2837 4488 pejerarunt,
2883 4419 2929 4472 si
2984 4419 3036 4474 vi
3079 4419 3304 4489 quidem

1736 4522 1898 4584 atque
1928 4512 2252 4567 necessitate
2274 4511 2583 4580 juramcnta
2605 4513 2930 4579 transgressi
2959 4520 3106 4579 sunt,
3135 4515 3313 4582 pomis

91 4579 359 4639 ὑπόκεινται
398 4592 512 4652 τοῖς
561 4590 881 4662 ἐπιτιμίοις,
920 4593 1061 4648 ὥστε
1092 4598 1230 4666 μετὰ
1267 4597 1326 4664 ἒξ
1357 4599 1450 4669 ἔτη
1488 4594 1628 4654 εἶναι

1738 4606 2032 4661 levioribus
2063 4605 2452 4674 subjiciuntur,
2482 4605 2561 4658 sic
2599 4613 2653 4659 ut
2697 4615 2820 4674 post
2847 4620 2944 4659 sex
2979 4621 3155 4660 annos
3191 4621 3317 4676 pos-

89 4668 250 4735 αὐτοὺς
305 4675 558 4742 δεκτούςσ
593 4681 640 4732 εί
674 4680 732 4733 δὲ
780 4681 909 4735 ἄνευ
939 4685 1184 4755 ἀνάγκης
1220 4668 1507 4758 προδόνέες
1532 4691 1631 4762 τὴν

89 4763 260 4822 ἑαυτῶν
309 4773 514 4841 πίστιν,
557 4777 615 4828 ὲν
648 4776 800 4830 δυσὶν
827 4776 972 4831 ἔτεσι
1008 4780 1505 4850 προσκλαύσαντες,
1538 4785 1632 4838 καὶ

90 4855 133 4907 ἐν
161 4858 291 4914 δυσὶν
322 4865 749 4937 ἀκροασάμενοι,
781 4871 874 4922 καὶ
909 4872 967 4922 ὲν
1014 4871 1178 4924 πέντε
1219 4875 1277 4927 ὲν
1319 4874 1632 4930 ὑποπτώσει

88 4948 360 5021 εὐξάμενοι,
397 4960 496 5012 καὶ
536 4962 594 5012 ἐν
640 4960 792 5014 δυσὶν
816 4962 995 5025 ἄλλοι,
1039 4963 1167 5016 ἄνευ
1204 4969 1521 5039 προσφορᾶς
1552 4971 1633 5032 εἰς

86 5039 162 5108 τὴν
193 5052 468 5103 κοινωνίαν
499 5052 600 5122 τῆς
652 5055 957 5124 προσευχῆς
987 5056 1420 5126 παραδεχθέντες
1439 5099 1455 5124 ,
1489 5059 1632 5114 οὕτω

87 5133 358 5195 τελευταῖον
397 5144 680 5214 ἀξιόλογον
717 5147 917 5218 δηλαδὴ
960 5148 1058 5219 τὴν
1103 5153 1391 5217 μετάνοιαν
1431 5152 1632 5206 ἐπιδει-

88 5223 296 5300 ξάμενοι,
331 5237 952 5309 ἀποκατασταθήσονται
981 5240 1062 5302 είς
1089 5240 1188 5307 τὴν
1223 5242 1506 5296 κοινωνίαν
1537 5242 1629 5296 τοῦ

86 5317 300 5389 σώματος
323 5326 418 5380 τοῦ
451 5327 711 5398 Χριστοῦ.

139 5411 226 5467 πδ’.
252 5418 435 5472 Πάντα
465 5420 524 5472 δὲ
551 5419 721 5474 ταῦτα
738 5426 1042 5493 γράφομεν,
1061 5421 1201 5476 ὥστε
1228 5425 1354 5485 τοὺς
1382 5426 1630 5497 καρποὺς

81 5503 440 5576 δοκιμάζεσθαι
493 5511 591 5581 τῆς
629 5513 946 5580 μετανοίας’
995 5515 1054 5566 ού
1113 5515 1218 5586 γὰρ
1268 5516 1490 5580 πάντως
1553 5517 1630 5588 τῷ

82 5599 232 5668 χρόνῳ
290 5604 550 5673 κρίνομεν
605 5605 671 5657 τὰ
704 5605 950 5667 τοιαῦτα,
999 5606 1135 5660 ἀλλὰ
1195 5607 1272 5677 τῷ
1317 5609 1504 5677 τρόπῳ
1533 5608 1631 5676 τῆς

81 5695 339 5758 μετανοίας
355 5698 695 5768 προσέχομεν
717 5715 730 5728 ·
757 5700 852 5752 ὲαν
892 5700 946 5751 δὲ
972 5699 1436 5765 δυσαποσπάστως
1463 5701 1628 5771 ἔχωσι

76 5781 166 5833 τῶν
216 5785 355 5840 ἰδίων
404 5789 566 5852 ἐθῶν,
594 5792 687 5843 καὶ
716 5794 834 5854 ταῖς
862 5791 1081 5861 ἡδοναῖς
1113 5792 1214 5862 τῆς
1245 5793 1446 5863 σαρκὸς
1486 5795 1624 5863 μᾶλ-

76 5868 150 5926 λον
171 5875 432 5937 δτωλεύειν
467 5882 716 5938 ἐθέλωσιν
747 5884 776 5955 ἣ
806 5884 882 5954 τῷ
912 5884 1119 5955 Κυρίῳ,
1147 5885 1240 5941 καὶ
1267 5886 1366 5957 τὴν
1399 5888 1538 5942 κατὰ
1567 5888 1626 5942 τὸ

1738 4700 1848 4753 sint
1878 4699 2102 4768 suscipi.
2142 4697 2238 4752 Sin
2271 4707 2476 4761 autem,
2507 4697 2559 4751 vi
2588 4712 2695 4751 non
2735 4699 2906 4761 illata,
2946 4700 3106 4754 {idem
3157 4714 3313 4765 suam

1735 4791 2118 4860 prodiderunt,
2156 4791 2247 4844 tthi
2283 4790 2498 4844 duobus
2553 4790 2710 4845 annis
2739 4789 2987 4845 ﬂeverint
3018 4802 3071 4846 et
3103 4793 3316 4848 duobus

1735 4884 1895 4938 annis
1921 4883 2210 4948 audierint,
2257 4893 2311 4938 et
2354 4899 2448 4952 per
2492 4885 2736 4954 quinque
2778 4885 3054 4940 oraverint
3087 4887 3139 4941 in
3183 4889 3314 4943 sub-

1735 4975 2022 5040 stratione,
2055 4982 2106 5028 et
2141 4991 2238 5045 per
2276 4975 2411 5029 alios
2438 4975 2578 5030 duos
2623 4977 2743 5030 sine
2787 4977 3064 5033 oblatione
3092 4979 3157 5032 ad
3191 4995 3315 5049 pre-

1733 5063 1967 5118 cationis
2018 5065 2459 5120 communionem
2521 5066 2727 5122 fuerint
2788 5069 3038 5132 admissi,
3093 5070 3166 5124 ita
3218 5069 3315 5124 de-
3394 5087 3396 5090 '

1733 5171 1907 5220 mum,
1952 5157 2110 5228 digna
2146 5158 2396 5212 videlicet
2441 5159 2767 5228 poenitentia
2812 5172 3054 5226 ostensa,
3102 5161 3155 5215 in
3190 5177 3315 5218 cor-

1731 5251 1881 5322 poris
1901 5249 2105 5305 Christi
2130 5251 2574 5306 communionem
2611 5253 2990 5308 restituentur.

1805 5428 1894 5484 84.
1934 5428 2058 5486 [iam
2084 5441 2264 5486 autem
2292 5432 2477 5488 omnia
2510 5433 2825 5499 scribimus,
2859 5443 2919 5488 ut
2945 5434 3156 5491 fructus
3185 5452 3312 5506 pro-

1732 5519 1932 5576 bentur
1994 5525 2348 5592 pmnitcntiaa.
2412 5525 2532 5579 Non
2585 5527 2731 5580 enim
2786 5528 3013 5581 omnino
3069 5539 3312 5599 tempore

1732 5613 1897 5682 327
1943 5614 2314 5685 dijudicamus
2353 5634 2442 5672 res
2490 5619 2785 5687 ejusmodi,
2825 5619 2916 5672 sed
2966 5621 3030 5673 ad
3083 5623 3308 5675 modum

1731 5708 2070 5775 poenitentiae
2119 5711 2473 5765 attendimus.
2515 5711 2669 5775 Quod
2701 5711 2745 5765 si
2778 5711 2871 5780 qui
2925 5712 3140 5765 dillicile
3163 5712 3308 5765 avel-

1731 5798 1913 5853 lantur
1944 5815 1972 5853 τι
2009 5802 2250 5869 propriis
2301 5802 2564 5865 moribus,
2609 5802 2896 5872 carnisque
2941 5802 3310 5872 voluptatibus

1734 5891 1940 5947 servire
1991 5892 2181 5947 malint
2217 5909 2380 5964 quant
2437 5893 2690 5962 Domino,
2723 5902 2776 5950 et
2809 5893 2971 5947 vitam
3009 5893 3308 5950 secundum
