3874 6296
626 377 729 446 8οἹ

1798 377 2061 439 ΡΗΟΤΙῘ
2099 378 2208 439 PA'.

2311 378 2601 441 [ARCH/E
2638 380 2749 445 CP.
3737 404 3816 468 303

631 492 987 565 Evangelium
1042 492 1338 551 instituere
1366 493 1566 559 nolint,
1597 491 1746 547 nulla
1779 503 1864 549 est
1889 493 2049 549 nobis
2092 508 2208 549 cum

2326 493 2658 563 Εὑαγγέλιον
2721 494 2868 566 ζωὴν
2924 496 3000 566 μὴ
3057 497 3480 570 καταδέχωνται,
3524 504 3674 574 οὐδεὶς
3717 517 3818 586 ἡμῖν

630 587 740 643 illis
761 586 1073 644 communis
1127 587 1292 643 ratio.
1317 584 1430 643 Nos
1474 586 1623 642 enim
1670 586 1725 641 in
1767 587 1968 657 populo
1995 587 2216 642 inobse-

631 681 821 749 quenti
868 689 923 734 et
946 661 1355 735 'contradicenti
1395 678 1573 733 edocti
1604 694 1801 734 sumus
1830 680 2063 733 audire:
2091 677 2217 733 Ser-

630 789 757 828 vum
776 788 926 826 serva
952 772 1191 825 animam
1222 781 1367 824 tuam
1400 770 1473 824 ⁸⁸.
1496 768 1576 825 Ne
1604 770 1771 840 igitur
1786 770 2213 832 committamus,

635 874 693 918 ut
731 878 855 917 cum
892 863 1094 917 talibus
1126 877 1456 932 pereamus:
1488 862 1778 931 sed‘grave
1808 859 2079 929 judicium
2107 857 2217 912 ior-

633 955 924 1017 midantes,
954 964 1010 1009 et
1056 955 1353 1009 terribilem
1398 953 1776 1010 retributionis
1816 950 2030 1007 Domini
2072 950 2214 1005 diem

630 1048 700 1102 ob
752 1046 943 1101 oculos
990 1046 1284 1112 habentes,
1334 1060 1403 1100 ne
1449 1046 1686 1101 velimus
1722 1060 1832 1099 una
1865 1058 1990 1097 cum
2023 1041 2218 1097 alienis

634 1139 872 1209 peccatis
923 1139 1134 1208 perire.
1158 1135 1231 1192 ‘Si
1266 1138 1411 1192 enim
1442 1153 1545 1193 nos
1573 1152 1681 1191 non
1707 1135 2029 1190 erudierunt
2058 1133 2219 1187 terri-

634 1232 760 1285 bilia
791 1230 1031 1294 Domini,
1068 1246 1172 1285 nec
1196 1231 1332 1285 tales
1360 1231 1532 1301 plaga
1569 1230 1941 1292 adduxerunt,
1977 1236 2039 1282 ut
2064 1240 2164 1281 nos
2186 1240 2219 1280 a

632 1320 864 1374 Domino
910 1330 1133 1391 propter
1202 1330 1446 1376 nostram
1510 1320 1855 1390 iniquitatem
1908 1316 2217 1379 derelictos,

630 1411 1105 1482 Barbarorumque
1138 1414 1194 1466 in
1236 1427 1433 1466 manus
1480 1413 1709 1467 traditos
1750 1412 2103 1471 sentiremus,
2166 1417 2222 1464 et

630 1501 889 1569 populum
929 1503 1071 1570 apud
1114 1503 1302 1558 hostes
1334 1504 1614 1573 captivum
1643 1501 1939 1557 abductum
1974 1515 2115 1565 esse,
2154 1512 2222 1551 ac

629 1592 954 1661 dispersioui
984 1595 1261 1659 traditum,
1291 1595 1421 1665 quia
1449 1596 1563 1649 haec
1581 1594 1859 1648 audebant
1886 1597 1979 1663 qui
2009 1588 2221 1646 Christi

630 1700 827 1738 nomen
855 1687 1298 1753 ,cireumieruut:
1352 1687 1402 1743 si
1444 1702 1553 1742 non
1586 1695 1878 1750 noverunt,
1914 1698 2087 1755 neque
2134 1683 2221 1736 in-

631 1777 974 1842 tellexerunt,
1024 1787 1308 1849 propterea
1356 1780 1573 1835 venisse
1622 1779 1678 1833 in
1732 1794 1834 1834 nos
1888 1778 2024 1831 iram
2078 1775 2216 1833 Dei:

2319 588 2500 651 κοινὸς
2534 588 2673 659 πρὸς
2700 589 2900 654 αὐτοὺς
2930 590 3088 659 λόγος
3112 605 3125 619 ⁸
3158 593 3319 662 ἡμεῖς
3342 594 3519 665 γὰρέν
3540 597 3639 669 λαῷ
3657 604 3821 662 ἀπειθεῖ

2316 678 2412 731 καὶ
2433 680 2770 748 άντιλέγοντι
2787 680 3147 751 δεδιδάγμεθα
3169 683 3407 749 ἀκούειν,
3423 687 3499 741 ὅτι
3526 688 3698 752 Σώζων
3711 698 3821 761 σῶζε

2317 769 2435 837 τὴν
2465 772 2736 826 σεαυτοῦ
2758 771 2993 842 ψυχήν·
3025 774 3100 846 μὴ
3128 776 3306 831 τοίνυν
3324 780 3703 853 καταδεξώμεθα
3726 808 3819 844 συν-

2316 860 2648 916 απόλλυσθαι
2675 865 2789 926 τοῖς
2809 865 3070 928 τοιούτοις
3089 884 3104 899 ·
3137 868 3274 922 ἀλλὰ
3311 870 3619 941 φοϐηθέντες
3650 877 3700 931 τὸ
3722 881 3820 953 βαρῇ

2318 953 2500 1023 κρῖμα
2518 992 2533 1017 ,
2565 952 2662 1007 καὶ
2711 953 2810 1025 τὴν
2858 955 3097 1029 φοϐεράν
3120 959 3336 1031 ἡμέραν
3364 962 3462 1031 τῆς
3490 952 3823 1037 ἁνταποδόσεὼς

2315 1044 2410 1098 τοῦ
2458 1046 2664 1117 Κυρίου
2694 1047 2802 1118 πρὸ
2832 1047 3132 1121 ὀφθαλμῶν
3162 1051 3437 1117 λαϐόντες,
3471 1056 3541 1127 μὴ
3572 1057 3823 1133 θελήσωμεν

2318 1138 2615 1210 ἁμαρτίαις
2676 1140 2989 1213 ἀλλοτρίαις
3041 1147 3510 1203 συναπόλλυσθαι·
3558 1153 3602 1205 εί
3642 1155 3729 1226 γὰρ
3771 1160 3823 1229 μὴ

2320 1232 2640 1287 ἐπαίδευσεν
2673 1236 2821 1305 ἡμᾶς
2864 1238 2935 1290 τὰ
2987 1238 3198 1310 φοϐερὰ
3241 1240 3337 1294 τοῦ
3389 1243 3606 1310 Κυρίου,
3649 1250 3756 1319 μηδέ
3784 1256 3821 1305 αἱ

2316 1325 2640 1395 τηλικαῦται
2680 1327 2888 1398 πληγαὶ
2943 1332 3024 1395 είς
3084 1332 3339 1404 αἴσθησιν
3373 1337 3515 1407 ἡμᾶς
3541 1339 3736 1409 ήγαγον,
3766 1347 3822 1399 ὅτι

2318 1420 2408 1472 διά
2451 1421 2550 1491 τὴν
2587 1422 2816 1492 ἀνομίαν
2855 1424 3013 1495 ήμῶν
3037 1428 3396 1496 ἐγκατέλιπεν
3428 1433 3568 1502 ἡμας
3604 1435 3630 1486 ὁ
3654 1437 3822 1508 Κύριος,

2320 1512 2415 1565 καὶ
2466 1513 2783 1584 παρέδωκεν
2832 1517 2913 1579 είς
2953 1521 3140 1591 χεῖρας
3176 1522 3497 1593 Βαρϐάρων,
3526 1526 3614 1580 καὶ
3661 1532 3821 1602 ἀπήχθη

2321 1604 2665 1675 αἰχμάλωτος
2693 1608 2775 1670 είς
2801 1610 2928 1675 τοὺς
2959 1612 3253 1683 πολεμίους
3276 1617 3304 1668 ὁ
3330 1614 3476 1683 λαὸς,
3499 1618 3586 1670 καὶ
3615 1623 3821 1694 παρεδόθη

2318 1700 2386 1766 τῇ
2419 1698 2705 1771 διασπορᾷ,
2738 1700 2872 1754 διότι
2924 1702 3101 1757 ταῦτα
3143 1705 3389 1777 ἐτόλμων
3423 1708 3469 1759 οί
3508 1707 3564 1759 τὸ
3593 1708 3734 1780 ὄνομα
3760 1713 3823 1765 τοῦ

2323 1789 2560 1859 Χριστοῦ
2615 1792 3034 1862 περιφέροντες·
3069 1797 3116 1848 εί
3164 1796 3239 1867 μὴ
3284 1797 3525 1866 ἔγνωσαν
3588 1802 3703 1872 μηδὲ
3740 1821 3825 1856 συν-

630 1885 752 1940 quae
777 1886 865 1926 res
894 1872 1053 1927 nobis
1088 1888 1212 1927 cum
1265 1872 1350 1927 his
1381 1872 1693 1927 communis
1740 1871 1861 1927 est?
1892 1868 1997 1924 Sed
2014 1879 2201 1922 tamen

2316 1847 2480 1950 ἧκαν,
2512 1882 2592 1934 ὅτι
2622 1847 2712 1937 διά
2742 1847 2915 1953 “cuiam
2943 1847 3108 1957 ἦλθεν
3126 1847 3209 1957 ἐξω
3227 1847 3382 1960 ἶἢμθὶς
3409 1847 3682 1963 ἡόργὴιτύῦ
3702 1896 3823 1963 Θεοῦ,

630 1959 894 2015 obtestari
938 1977 1033 2017 eos
1073 1972 1129 2017 ct
1162 1972 1324 2018 noctu
1378 1973 1433 2018 et
1480 1964 1741 2028 interdiu,
1792 1973 1846 2017 et
1894 1962 2109 2033 publice
2150 1970 2205 2015 et

628 2051 879 2121 privatim
912 2052 1173 2108 debemus
1203 2071 1219 2119 ;
1257 2072 1355 2109 nos
1377 2063 1559 2109 autem
1591 2055 1755 2110 simul
1786 2055 1961 2124 abripi
2010 2067 2203 2107 eorum

630 2143 1105 2213 improbitatibus,
1183 2160 1255 2199 ne
1340 2146 1604 2209 feramus,
1677 2147 1913 2200 maxime
1985 2144 2203 2213 quidem

628 2246 880 2304 optantes
918 2251 1014 2291 eos
1060 2234 1408 2305 lucrifacere,
1446 2246 1501 2293 et
1538 2253 1569 2293 a
1619 2239 1843 2308 maligni
1872 2239 2067 2308 laqueo
2098 2236 2206 2291 eri-

627 2342 789 2396 pere;
825 2326 921 2382 scd
971 2328 1018 2382 si
1070 2328 1172 2383 hoc
1212 2345 1319 2383 non
1366 2344 1681 2399 possumus,
1734 2330 2054 2385 studeamus
2098 2328 2207 2384 sal-

626 2430 732 2474 tem
759 2422 969 2477 animas
1003 2430 1218 2478 nostras
1254 2410 1333 2477 ab'
1356 2433 1562 2478 aeterna
1593 2423 2050 2479 condemnatione
2086 2436 2206 2478 ser-

632 2527 779 2567 vare.

871 2694 1107 2767 Gregorii
1142 2696 1373 2768 Nysseni
1401 2714 1625 2753 canones
1656 2700 1708 2763 5,
1736 2699 1791 2766 4,
1822 2700 1878 2766 7,
1900 2700 1955 2754 8.

692 2783 727 2837 3
759 2783 860 2856 [4].
894 2785 1093 2841 Eorum
1126 2796 1308 2841 autem
1340 2803 1460 2857 qua:
1492 2788 1557 2843 ad
1586 2790 1941 2859 cupiditatem
1969 2800 2024 2846 et
2052 2790 2208 2845 volu-

624 2885 824 2946 ptatem
853 2878 992 2932 ﬁunt
1020 2889 1391 2949 peccatorum,
1420 2882 1535 2936 haec
1562 2892 1645 2937 est
1668 2882 1865 2937 divisio
1896 2902 1910 2937 :
1936 2884 2041 2939 hoc
2064 2883 2205 2939 enim

624 2980 851 3025 vocatur
882 2971 1209 3025 adulterium
1230 3012 1245 3037 ,
1280 2972 1410 3027 illud
1449 2989 1577 3029 vero
1612 2974 1926 3031 fornicatio.
1960 2976 2038 3032 Ac
2073 2992 2209 3031 non-

627 3061 787 3116 nullis
824 3062 1043 3131 quidem
1090 3077 1280 3117 eorum
1320 3064 1413 3132 qui
1459 3073 1590 3119 sunt
1628 3065 1962 3134 subtiliores,
2009 3067 2211 3136 placuit

624 3154 788 3208 etiam
824 3151 1209 3208 fornicationis
1248 3162 1535 3224 peccatum
1570 3156 1899 3210 adulterium
1934 3172 2057 3213 esse
2089 3156 2210 3211 exi-

625 3245 869 3310 stimare,
899 3245 1066 3314 328
1087 3247 1349 3315 quoniam
1387 3261 1492 3299 una
1520 3254 1603 3301 cst
1629 3246 1869 3315 legitima
1899 3246 2212 3315 conjunctio

624 3348 679 3391 et
701 3337 946 3391 mulieris
977 3352 1099 3390 cum
1137 3337 1276 3403 viro,
1301 3348 1354 3391 et
1378 3337 1478 3391 viri
1512 3353 1635 3392 cum
1672 3338 1919 3394 muliere.
1943 3337 2215 3407 Quidquid

623 3442 752 3495 ergo
796 3442 905 3481 non
949 3438 1033 3483 est
1076 3428 1412 3497 legitimum,
1449 3436 1535 3483 est
1580 3430 1806 3484 omnino
1852 3429 2117 3498 iujustum
2164 3438 2218 3483 et

624 3519 725 3589 [agi
755 3520 1088 3573 contrarium
1123 3538 1137 3575 :
1170 3529 1225 3575 et
1252 3522 1353 3590 qui
1390 3537 1497 3574 non
1532 3521 1694 3576 habet
1721 3522 2024 3591 proprium,
2056 3521 2218 3575 habet

623 3612 857 3664 omnino
891 3611 1153 3665 alienum.
1178 3611 1397 3666 llomiui
1426 3613 1569 3668 enim
1604 3629 1711 3668 una
1744 3624 1952 3668 tantum
1980 3615 2105 3669 data
2132 3622 2216 3669 est

623 3702 930 3755 auxiliatrix
964 3718 995 3757 a
1031 3703 1168 3768 Deo,
1201 3714 1255 3759 et
1298 3705 1515 3760 mulieri
1566 3721 1738 3760 unum
1781 3708 2088 3777 appositum
2132 3716 2217 3763 est

620 3801 803 3860 caput.
833 3790 976 3861 Ergo
1008 3794 1055 3847 si
1087 3796 1223 3864 quis,
1256 3794 1493 3865 quidem,
1523 3798 1797 3866 proprium
1833 3815 1923 3852 vas
1953 3814 2126 3861 suum,
2154 3805 2215 3851 ut

622 3883 841 3938 divinus
871 3884 1166 3953 Apostolus
1196 3888 1469 3954 nominat,
1501 3889 1877 3958 possederit“,
1906 3891 1955 3945 ei
1989 3891 2073 3945 lex
2108 3906 2211 3944 na-

623 3983 759 4028 tura:
797 3974 1007 4043 justum
1054 3993 1213 4032 usum
1260 3982 1531 4035 concedit.
1567 3982 1623 4036 Si
1662 3984 1787 4053 quis
1828 3992 2006 4038 autem
2056 3993 2211 4039 extra

620 4066 899 4135 proprium
934 4082 1235 4125 conversus
1268 4072 1458 4140 fuerit,
1488 4074 1592 4127 erit
1625 4076 1853 4130 omnino
1888 4076 1941 4129 in
1978 4076 2157 4130 alieno
2191 4095 2205 4131 :

617 4166 705 4215 est
734 4168 916 4214 autem
946 4163 1241 4232 unicuique
1273 4165 1512 4220 alienum
1540 4168 1803 4238 quidquid
1833 4184 1939 4222 non
1973 4177 2055 4224 est
2082 4183 2209 4238 pro-

616 4255 791 4320 prium
813 4292 828 4318 ,
854 4253 1065 4307 etiamsi
1102 4254 1157 4307 id
1194 4271 1300 4309 non
1336 4258 1661 4312 conﬁteatur
1691 4260 1783 4327 qui
1817 4268 1900 4313 est
1928 4260 2203 4314 dominus.

616 4341 735 4397 Non
764 4344 922 4414 longe
946 4360 1075 4415 ergo
1100 4362 1130 4400 a
1157 4360 1382 4418 peccato
1416 4352 1670 4405 adulterii
1702 4352 2012 4417 l‘ornicatio,
2040 4353 2107 4407 ab
2137 4353 2204 4408 iis

616 4440 710 4508 qui
739 4454 851 4493 rem
884 4441 1043 4509 paulo
1072 4445 1383 4499 accuratius
1412 4445 1761 4509 examinant,
1803 4456 2054 4516 suscepta
2083 4456 2199 4503 est.

615 4545 740 4585 eum
792 4532 938 4587 dicat
978 4535 1142 4590 etiam
1189 4536 1473 4605 Scriptura
1524 4555 1540 4590 :

615 4622 886 4691 aliena”;
921 4627 1013 4680 sed
1049 4642 1173 4681 cum
1205 4627 1651 4684 imbecillioribus
1676 4630 2012 4701 indulgenter
2035 4647 2198 4701 agen-

615 4714 745 4769 dum
791 4727 1123 4772 censuerunt
1164 4717 1385 4784 Patres,
1421 4719 1737 4776 distinctum
1785 4733 1870 4777 est
1914 4736 2193 4793 peceatum

618 4808 719 4862 hac
754 4809 991 4877 generali
1028 4808 1329 4877 divisione,
1360 4813 1505 4881 quod
1541 4814 1826 4871 fornicatio
1856 4818 2072 4886 quidem
2109 4819 2196 4872 di-

617 4912 771 4956 catur
799 4902 1112 4971 cupiditatis
1145 4918 1239 4958 seu
1276 4904 1519 4962 libidinis
1552 4909 1816 4977 expletio,
1844 4926 1966 4980 quae
1996 4913 2055 4967 lit
2078 4913 2198 4968 sine

614 4992 720 5047 alia
769 4993 1003 5064 alicujus
1044 4992 1278 5064 injuria;
1328 4998 1655 5052 adulterium
1700 5015 1857 5067 vero,
1887 5003 2098 5061 insidia:
2144 5016 2200 5061 et

616 5084 816 5155 injuria
843 5101 964 5154 qua:
995 5086 1152 5141 alteri
1179 5088 1423 5142 all‘ertur.
1449 5089 1505 5143 ln
1537 5106 1602 5145 eo
1634 5103 1816 5148 autem
1849 5106 1903 5150 et
1929 5112 2052 5151 cum
2083 5099 2199 5153 ani-

617 5177 849 5231 malibus
876 5177 1081 5232 coitum
1112 5187 1167 5232 et
1197 5180 1516 5248 paedicatuiu
1545 5198 1667 5239 esse
1691 5186 2036 5254 existimant;
2063 5207 2200 5260 quo-

616 5270 761 5322 niam
796 5270 907 5323 barc
938 5280 1067 5324 sunt
1092 5280 1300 5327 naturaa
1330 5272 1679 5336 adulterium.
1708 5277 1767 5333 ln
1801 5282 1851 5335 id
1880 5283 2022 5336 enim
2050 5285 2197 5354 quod

614 5371 698 5418 est
725 5363 986 5429 alienum,
1011 5374 1064 5418 et
1089 5366 1236 5435 quod
1268 5374 1354 5421 est
1377 5379 1573 5438 praeter
1604 5381 1877 5440 naturam,
1904 5377 1961 5431 ﬁt
1989 5378 2199 5449 injusti-

618 5455 710 5509 tia.
738 5453 873 5508 Cum
903 5456 1017 5511 haec
1044 5472 1174 5527 ergo
1203 5458 1397 5513 divisio
1426 5460 1480 5514 in
1514 5462 1613 5517 hac
1641 5466 1806 5520 etiam
1835 5471 2041 5536 peccati
2078 5486 2199 5540 spc-

618 5547 701 5601 cie
736 5548 848 5612 liat,
880 5548 1185 5604 universale
1216 5562 1297 5606 est
1326 5553 1648 5615 remedium,
1683 5566 1741 5611 ut
1771 5574 1801 5613 a
1836 5562 2103 5617 concitata
2141 5564 2194 5618 in

624 5638 935 5709 lmjusmudi
972 5642 1260 5713 voluptatis
1289 5647 1459 5711 rabie,
1492 5664 1587 5718 per
1614 5652 1986 5719 poniitcntiam
2032 5656 2195 5711 homo

692 5798 739 5830 ⁸⁸
778 5802 909 5855 Gen.
943 5820 1050 5871 xix,
1083 5805 1167 5862 i7.

2311 1971 2394 2034 τίς
2424 1973 2557 2040 ἡμῖν
2584 1975 2762 2039 κοινὸς
2787 1977 2924 2046 πρὸς
2956 1977 3177 2043 τούτους
3213 1980 3394 2048 λόγος,
3429 1983 3542 2035 ἀλλ’
3590 1984 3618 2053 ἢ
3655 1986 3826 2056 Super,-

2310 2062 2578 2134 τύρασθαι
2611 2067 2794 2131 αὐτοῖς
2825 2070 2919 2122 καὶ
2946 2071 3138 2134 νυκτὸς
3168 2073 3261 2124 καὶ
3294 2074 3401 2143 ήμέ
3413 2092 3510 2144 ρας
3546 2078 3629 2127 καὶ
3655 2078 3827 2149 enasci;

2313 2155 2408 2207 καὶ
2462 2154 2569 2226 ἰδίᾳ
2620 2156 2942 2227 ὀφείλομεν;
2985 2164 3409 2231 συναπάγεσθαι
3454 2164 3509 2217 δὲ
3560 2166 3827 2231 αὐτῶντιῐς

2314 2247 2601 2317 πονηρίαις
2629 2248 2703 2319 μὴ
2729 2250 3176 2323 καταδεχώμεθα,
3209 2258 3633 2327 προσευχόμενοι
3654 2262 3827 2329 μάλιστα

2316 2337 2416 2408 μέν
2444 2339 2706 2411 κερδῆσαι
2741 2341 2936 2406 αὐτοὺς
2964 2345 3059 2397 καὶ
3086 2346 3367 2411 ἐξελέσθαι
3414 2351 3515 2420 τῆς
3550 2353 3745 2420 παγίδος
3763 2355 3825 2406 τοῦ

2314 2431 2550 2501 πονηροῦ
2570 2448 2584 2463 ·
2617 2431 2712 2484 ἐὰν
2744 2432 2801 2486 δὲ
2832 2434 2992 2494 ’,ῧτο
3028 2437 3104 2506 μὴ
3138 2438 3462 2511 δυνηθῶμεν
3511 2443 3828 2513 σπουδάτωμεν

2312 2519 2412 2583 τὰς
2455 2519 2585 2588 γοῦν
2638 2521 2851 2576 ἑαυτῶν
2896 2523 3077 2595 ψυχὰς
3118 2527 3220 2600 τῆς
3253 2530 3479 2584 αἰωνίου
3524 2535 3828 2604 κατακρίσεως

2315 2615 2748 2685 περισώσασθαι.

2489 2710 2823 2778 Γρηγορίου
2844 2711 3099 2779 Νύσσης
3128 2713 3330 2767 κανὼν
3363 2722 3440 2784 γ’,
3476 2714 3538 2780 δ’,
3570 2715 3629 2781 ζ’,
3655 2723 3715 2787 η’.

2386 2806 2455 2869 γ’.
2493 2801 2613 2853 Τῶν
2641 2802 2697 2855 δὲ
2729 2803 2795 2857 δι’
2832 2804 3129 2875 ἐπιθυμίαν
3156 2824 3215 2860 τε
3254 2809 3347 2861 καὶ
3392 2809 3579 2880 ἡδονὴν
3603 2810 3833 2879 γινομένων

2316 2891 2750 2963 ἁμαρτημάτων,
2768 2894 2993 2967 τοιαύτη
3022 2897 3169 2950 ἐστὶν
3197 2900 3227 2969 ἡ
3249 2898 3520 2970 διαίρεσις
3539 2916 3552 2930 ·
3583 2902 3639 2953 τὸ
3662 2900 3742 2969 μὲν
3758 2903 3833 2969 γὰρ

2316 2985 2562 3040 καλεῖται
2599 2988 2834 3058 μοιχεία,
2859 2988 2920 3043 τὸ
2965 2989 3022 3043 δὲ
3080 2995 3341 3062 πορνεία·
3374 2992 3490 3045 τισὶ
3534 2994 3624 3061 μὲν
3663 2989 3738 3046 οὖν
3759 2992 3834 3045 τῶν

2316 3078 2725 3151 ἀκριϐεστέρων
2773 3083 2960 3154 ἤρεσε,
2994 3085 3087 3138 καὶ
3136 3086 3197 3139 τὸ
3240 3089 3385 3141 κατὰ
3435 3089 3677 3158 πορνείαν
3703 3088 3833 3156 πλημ-

2321 3171 2560 3243 μέλημα,
2601 3176 2847 3244 μοιχείαν
2879 3172 3021 3230 εἷναι
3062 3179 3324 3248 νομίζειν,
3362 3180 3505 3234 διότι
3542 3181 3633 3248 μία
3662 3181 3780 3234 ἐστὶν
3814 3182 3835 3249 ἡ

2316 3262 2548 3333 νόμιμος
2579 3264 2826 3333 συζυγία,
2860 3268 2953 3319 καὶ
2982 3268 3203 3334 γυναικὶ
3239 3270 3378 3342 πρὸς
3410 3270 3596 3342 ἄνδρα,
3629 3270 3832 3338 καὶάνδῷ

2316 3355 2452 3425 πρὸς
2479 3360 2712 3423 γυναῖκα
2736 3374 2751 3388 °
2786 3360 2894 3411 πᾶν
2933 3359 3027 3419 οὖν
3070 3360 3133 3413 τὸ
3192 3362 3266 3432 μὴ
3296 3363 3553 3431 νόμιμον,
3584 3363 3834 3433 παράνομον

2315 3446 2562 3511 πάντως·
2595 3449 2691 3502 καὶ
2718 3451 2746 3502 ό
2775 3449 2850 3521 μὴ
2877 3451 2937 3504 τὸ
2973 3453 3103 3507 ίδιον
3131 3452 3292 3523 έχων,
3318 3454 3522 3526 δηλαδὴ
3544 3456 3600 3509 τὸ
3619 3456 3835 3525 ἀλλότριον

2313 3538 2425 3609 ἔχει
2446 3557 2459 3570 ·
2488 3539 2566 3609 τῷ
2612 3541 2719 3613 γὰρ
2745 3544 3018 3615 ἀνθρώπῳ
3051 3546 3147 3616 μία
3180 3547 3389 3601 δέδοται
3441 3548 3590 3620 παρά
3630 3550 3711 3603 τοῦ
3740 3548 3834 3602 Θειῦ

2315 3631 2528 3703 βοηθὸς,
2567 3634 2664 3687 καὶ
2713 3638 2777 3707 τῇ
2826 3637 3048 3703 γυναικὶ
3106 3638 3205 3708 μία
3250 3640 3598 3711 ἐφήρμοσται
3638 3641 3832 3709 κεφαλή·

2312 3724 2505 3777 οὐκοῦν
2521 3729 2569 3780 εὶ
2589 3727 2707 3795 μέν
2728 3746 2817 3794 τις
2832 3729 2895 3782 τὸ
2920 3729 3076 3783 ίδιον
3088 3730 3306 3786 ἑαυτοῦ
3329 3734 3833 3800 ε’κεῦος,καοὼςόνοο

2320 3816 2480 3885 μάςει
2504 3819 2532 3871 ὁ
2560 3819 2700 3882 θεῖος
2716 3819 3058 3884 Ἀπόστολος,
3083 3822 3275 3887 ἐαυτῷ
3286 3824 3598 3892 κτήσαιτο,
3623 3828 3833 3894 συγχωρεῖ

2309 3907 2339 3958 ὀ
2387 3906 2548 3977 νόμος
2595 3909 2692 3979 τῆς
2747 3909 2965 3979 φύσεως
3007 3910 3105 3980 τὴν
3135 3910 3348 3967 δικαίαν
3383 3916 3619 3985 χρῆσιν·
3645 3917 3687 3968 εί
3711 3917 3755 3967 δέ
3777 3932 3833 3975 τις

2309 3997 2414 4063 ἔξω
2441 3999 2535 4051 τοῦ
2583 4001 2713 4055 ἰδίου
2759 4002 3017 4074 τραπείη,
3051 4005 3108 4055 ἐν
3154 4005 3427 4077 ἀλλοτρίῳ
3478 4008 3685 4067 πάντως
3713 4007 3833 4073 γενή·

2310 4106 2491 4143 σεται·
2524 4092 2797 4163 ἀλλότριον
2833 4095 2890 4148 δὲ
2920 4096 3136 4165 ἑκάστῳ
3166 4098 3274 4149 πᾶν
3300 4100 3361 4150 τὸ
3398 4100 3475 4169 μὴ
3503 4100 3645 4163 ἴδιον,
3667 4098 3750 4151 κᾶν
3784 4096 3834 4165 μὴ

2307 4181 2736 4254 ὁμολογούμενον
2762 4186 2860 4257 ἔχῃ
2884 4188 2977 4241 τὸν
3006 4188 3328 4259 κυριεύοντα
3345 4207 3360 4219 ·
3387 4192 3587 4244 οὐκοῦν
3616 4193 3670 4244 ού
3694 4192 3835 4261 πὸῤῥω

2305 4272 2400 4325 τοῦ
2446 4276 2583 4327 κατά
2629 4276 2725 4345 τὴν
2775 4279 3023 4347 μοιχείαν
3058 4281 3536 4354 π).ημμελήματος
3569 4285 3656 4337 καὶ
3681 4286 3708 4352 ἡ
3736 4300 3834 4351 πςρο

2305 4366 2457 4433 νεία,
2512 4372 2621 4431 τοῖς
2678 4370 2767 4422 τὸν
2829 4371 3221 4443 ἀκριϐέστερον
3270 4375 3588 4442 ἐξετάζουσι
3628 4378 3833 4445 λογισμὸν

2304 4457 2535 4527 ἐδείχθη,
2571 4458 2833 4529 λεγούσης
2889 4462 3110 4533 καὶτῆς
3160 4464 3311 4529 θείας
3376 4467 3621 4539 Γραφῆς,
3665 4469 3735 4521 ὅτι
3761 4467 3829 4532 Μὴ

1590 4535 1673 4591 ΝΡ
1718 4540 1913 4592 mullus
1956 4542 2029 4593 858
2080 4556 2197 4593 cum
2232 4560 2274 4615 υ
2304 4549 2500 4615 πολὺς
2522 4551 2647 4605 ἴσθι
2668 4552 3178 4623 πριτςὰλλοτρίαν·
3216 4557 3356 4628 πλὴν
3386 4535 3514 4611 ἀλλί
3534 4535 3733 4613 ἐπειδὰν
3756 4564 3833 4620 τοῖς

2304 4640 2717 4714 ἀσθενεστέροις
2748 4644 2968 4712 ἐγένετό
3012 4662 3098 4709 τις
3138 4647 3288 4718 παρὰ
3318 4649 3428 4702 τῶν
3461 4650 3707 4719 Πατέρων
3731 4666 3830 4718 ταμ-

2306 4736 2602 4807 περιφορά,
2644 4738 2885 4810 διεκρίθη
2928 4741 2990 4793 τὸ
3021 4742 3399 4813 πλημμέλημα
3435 4749 3500 4817 τῇ
3535 4749 3708 4816 γενικῇ
3734 4747 3833 4797 6m;-

2310 4830 2456 4900 ρέσει
2485 4829 2657 4903 ταύτῃ
2678 4845 2692 4861 ·
2723 4832 2798 4893 ὡς
2846 4834 3103 4905 πορνείαν
3132 4837 3230 4906 μὲν
3267 4836 3547 4905 λέγεσθαι,
3581 4838 3671 4908 τὴν
3705 4838 3833 4907 χωρὶς

2306 4919 2517 4983 ἀδικίας
2547 4922 2735 4992 ἐτέρου
2766 4925 3059 4996 γινομένην
3093 4929 3198 4980 τινὶ
3227 4929 3325 4998 τῆς
3350 4930 3648 5000 ἐπιθυμίας
3672 4930 3831 4996 ἐκπλή-

2309 5028 2503 5081 ρωσιν·
2558 5014 2803 5083 μοιχείαν
2835 5017 2927 5082 δὲ,
2969 5018 3067 5089 τὴν
3110 5020 3405 5092 ἐπιϐουλήν
3446 5039 3507 5075 τε
3548 5025 3636 5076 καὶ
3668 5020 3831 5076 ἀδικίαν

2296 5104 2389 5157 τοῦ
2418 5104 2703 5178 ἀλλοτρίου
2730 5122 2746 5137 ·
2776 5109 2833 5160 ἐν
2859 5110 3033 5184 ταύτῃ
3063 5112 3119 5165 δέ
3146 5114 3244 5185 τὴν
3286 5114 3629 5189 ζωοφθορίαν
3662 5118 3743 5170 καὶ
3764 5115 3832 5182 τὴν

2298 5196 2687 5265 παιδεραστίαν
2726 5193 2864 5253 εἶναι
2898 5199 3208 5270 λογίζονται
3236 5221 3250 5235 ·
3283 5206 3415 5259 διότι
3447 5208 3544 5262 καὶ
3582 5206 3737 5259 ταῦτα
3764 5206 3827 5273 φύ-

2298 5288 2433 5351 σεώς
2465 5290 2583 5342 ἐστι
2612 5293 2828 5362 μοιχεία
2848 5310 2861 5322 ·
2892 5296 2973 5357 εἰς
3003 5296 3110 5366 γάρ
3134 5298 3193 5349 τὸ
3216 5299 3494 5373 ἀλλότριόν
3526 5319 3583 5355 τε
3610 5301 3698 5355 καὶ
3724 5301 3834 5369 παρὰ

2298 5381 2458 5451 φύσιν
2477 5383 2685 5451 γίνεται
2708 5390 2739 5457 ἡ
2767 5388 2979 5443 ἀδικία·
3002 5391 3206 5462 ταύτης
3233 5396 3409 5450 τοίνυν
3437 5397 3536 5466 τῆς
3564 5396 3837 5466 διαιρέσεως

2302 5475 2392 5527 καὶ
2437 5478 2495 5528 ἐν
2540 5476 2718 5548 τούτῳ
2744 5478 2820 5549 τῷ
2871 5480 3002 5534 είδει
3037 5482 3136 5551 τῆς
3166 5485 3441 5557 ἁμαρτίας
3478 5488 3833 5559 γεγενημένης,

2302 5568 2559 5641 καθολικὴ
2589 5572 2685 5641 μέν
2714 5574 2827 5624 ἐστι
2856 5573 3120 5643 θεραπεία
3146 5577 3205 5631 τὸ
3226 5580 3323 5650 τῆς
3348 5582 3630 5651 ὲμπαθοῦς
3650 5582 3832 5647 λύσσηςτ

2301 5662 2405 5730 τῆς
2433 5665 2559 5734 περὶ
2592 5667 2687 5731 τὰς
2721 5668 2977 5733 τοιαύτας
3018 5671 3233 5742 ἡδονὰς,
3270 5675 3505 5746 καθαρὸν
3539 5678 3602 5731 ἐκ
3636 5692 3836 5747 μεταμ-

1247 5809 1289 5844 ⁶⁹
1317 5808 1337 5864 I
1365 5807 1611 5864 Thcssal.
1652 5825 1724 5877 iv,
1768 5812 1819 5865 4.
1886 5812 1928 5843 ⁷ο
1965 5814 2176 5871 Eccles.
2219 5831 2295 5883 ix,
2337 5819 2420 5872 12.
