  <div class='ocr_page' id='page_1' title='image "/cluster/home/n/w/nwhite01/storage/ocr_20150623/104/hvd.32044018872853/410.png"; bbox 0 0 3980 6422; ppageno 0'>
   <div class='ocr_carea' id='block_1_1' title="bbox 162 368 270 435">
    <p class='ocr_par' dir='ltr' id='par_1_1' title="bbox 162 368 270 435">
     <span class='ocr_line' id='line_1_1' title="bbox 162 368 270 435; baseline 0 -3"><span class='ocrx_word' id='word_1_1' title='bbox 162 368 270 435; x_wconf 75' lang='lat'><strong>309</strong></span> 
     </span>
    </p>
   </div>
   <div class='ocr_carea' id='block_1_2' title="bbox 905 332 2651 433">
    <p class='ocr_par' dir='ltr' id='par_1_2' title="bbox 905 332 2651 433">
     <span class='ocr_line' id='line_1_2' title="bbox 905 332 2651 433; baseline -0.001 -11"><span class='ocrx_word' id='word_1_2' title='bbox 905 359 1309 424; x_wconf 80' lang='lat' dir='ltr'><strong>SYNTAGMA</strong></span> <span class='ocrx_word' id='word_1_3' title='bbox 1341 356 1733 421; x_wconf 84' lang='lat' dir='ltr'><strong>CANONUM.</strong></span> <span class='ocrx_word' id='word_1_4' title='bbox 1762 383 1831 394; x_wconf 96' lang='lat'><strong><em>—</em></strong></span> <span class='ocrx_word' id='word_1_5' title='bbox 1858 358 2008 419; x_wconf 85' lang='lat' dir='ltr'><strong>TIT.</strong></span> <span class='ocrx_word' id='word_1_6' title='bbox 2045 359 2149 433; x_wconf 86' lang='lat' dir='ltr'><strong>Ix,</strong></span> <span class='ocrx_word' id='word_1_7' title='bbox 2188 359 2350 423; x_wconf 86' lang='lat' dir='ltr'><strong>CAP.</strong></span> <span class='ocrx_word' id='word_1_8' title='bbox 2380 332 2651 422; x_wconf 72' lang='lat' dir='ltr'><strong>xxxrx.</strong></span> 
     </span>
    </p>
   </div>
   <div class='ocr_carea' id='block_1_3' title="bbox 3312 361 3419 430">
    <p class='ocr_par' dir='ltr' id='par_1_3' title="bbox 3312 361 3419 430">
     <span class='ocr_line' id='line_1_3' title="bbox 3312 361 3419 430; baseline 0.037 -5"><span class='ocrx_word' id='word_1_9' title='bbox 3312 361 3419 430; x_wconf 84' lang='lat'><strong>810</strong></span> 
     </span>
    </p>
   </div>
   <div class='ocr_carea' id='block_1_4' title="bbox 163 468 1765 543">
    <p class='ocr_par' dir='ltr' id='par_1_4' title="bbox 163 468 1765 543">
     <span class='ocr_line' id='line_1_4' title="bbox 163 468 1765 543; baseline -0.007 -14"><span class='ocrx_word' id='word_1_10' title='bbox 163 476 308 537; x_wconf 72' lang='grc' dir='ltr'>λείας</span> <span class='ocrx_word' id='word_1_11' title='bbox 334 471 587 543; x_wconf 82' lang='grc' dir='ltr'>γενέσθαι</span> <span class='ocrx_word' id='word_1_12' title='bbox 612 469 703 524; x_wconf 76' lang='grc' dir='ltr'><strong>τὸν</strong></span> <span class='ocrx_word' id='word_1_13' title='bbox 732 468 1018 541; x_wconf 73' lang='grc' dir='ltr'>ἄνθρωπον</span> <span class='ocrx_word' id='word_1_14' title='bbox 1034 486 1048 500; x_wconf 89' lang='grc'><strong>·</strong></span> <span class='ocrx_word' id='word_1_15' title='bbox 1068 470 1191 522; x_wconf 77' lang='grc' dir='ltr'>ἐπεὶ</span> <span class='ocrx_word' id='word_1_16' title='bbox 1213 470 1270 522; x_wconf 82' lang='grc' dir='ltr'>δὲ</span> <span class='ocrx_word' id='word_1_17' title='bbox 1294 468 1403 523; x_wconf 86' lang='grc' dir='ltr'>τῶν</span> <span class='ocrx_word' id='word_1_18' title='bbox 1422 469 1480 521; x_wconf 83' lang='grc' dir='ltr'><strong>ὲν</strong></span> <span class='ocrx_word' id='word_1_19' title='bbox 1508 468 1735 538; x_wconf 74' lang='grc' dir='ltr'>πορνεία</span> <span class='ocrx_word' id='word_1_20' title='bbox 1763 522 1765 527; x_wconf 28' lang='grc' dir='ltr'><strong><em>λ</em></strong></span> 
     </span>
    </p>
   </div>
   <div class='ocr_carea' id='block_1_5' title="bbox 1869 468 3422 543">
    <p class='ocr_par' dir='ltr' id='par_1_5' title="bbox 1869 469 3422 541">
     <span class='ocr_line' id='line_1_5' title="bbox 1869 469 3422 541; baseline 0.007 -18"><span class='ocrx_word' id='word_1_21' title='bbox 1869 486 2010 525; x_wconf 62' lang='grc' dir='ltr'>ιυιθυε</span> <span class='ocrx_word' id='word_1_22' title='bbox 2034 469 2333 538; x_wconf 86' lang='lat' dir='ltr'><strong>elIiciatur;</strong></span> <span class='ocrx_word' id='word_1_23' title='bbox 2360 472 2452 527; x_wconf 89' lang='lat' dir='ltr'><strong>sed</strong></span> <span class='ocrx_word' id='word_1_24' title='bbox 2480 472 2606 541; x_wconf 85' lang='lat' dir='ltr'><strong>quia</strong></span> <span class='ocrx_word' id='word_1_25' title='bbox 2631 484 2825 527; x_wconf 82' lang='lat' dir='ltr'><strong>eorum</strong></span> <span class='ocrx_word' id='word_1_26' title='bbox 2853 470 2946 541; x_wconf 90' lang='lat' dir='ltr'><strong>qui</strong></span> <span class='ocrx_word' id='word_1_27' title='bbox 2976 472 3029 527; x_wconf 94' lang='lat' dir='ltr'><strong>in</strong></span> <span class='ocrx_word' id='word_1_28' title='bbox 3058 471 3422 537; x_wconf 73' lang='lat' dir='ltr'><strong>fornicatione</strong></span> 
     </span>
    </p>
   </div>
   <div class='ocr_carea' id='block_1_6' title="bbox 164 561 1739 641">
    <p class='ocr_par' dir='ltr' id='par_1_6' title="bbox 164 561 1739 641">
     <span class='ocr_line' id='line_1_6' title="bbox 164 561 1739 641; baseline -0.008 -17"><span class='ocrx_word' id='word_1_29' title='bbox 164 566 536 641; x_wconf 62' lang='grc' dir='ltr'>μώυνθὲντων</span> <span class='ocrx_word' id='word_1_30' title='bbox 559 606 574 631; x_wconf 92' lang='grc'><strong>,</strong></span> <span class='ocrx_word' id='word_1_31' title='bbox 605 564 786 619; x_wconf 81' lang='grc' dir='ltr'><strong>ἀδικία</strong></span> <span class='ocrx_word' id='word_1_32' title='bbox 816 581 899 627; x_wconf 88' lang='grc' dir='ltr'><strong>τις</strong></span> <span class='ocrx_word' id='word_1_33' title='bbox 945 566 1013 635; x_wconf 81' lang='grc' dir='ltr'>τῇ</span> <span class='ocrx_word' id='word_1_34' title='bbox 1046 562 1306 634; x_wconf 73' lang='grc' dir='ltr'>,ἁμαρτία</span> <span class='ocrx_word' id='word_1_35' title='bbox 1339 562 1510 633; x_wconf 81' lang='grc' dir='ltr'>ταύτῃ</span> <span class='ocrx_word' id='word_1_36' title='bbox 1545 561 1605 614; x_wconf 85' lang='grc' dir='ltr'>ού</span> <span class='ocrx_word' id='word_1_37' title='bbox 1639 577 1739 613; x_wconf 88' lang='grc' dir='ltr'>κα-</span> 
     </span>
    </p>
   </div>
   <div class='ocr_carea' id='block_1_7' title="bbox 164 652 1743 731">
    <p class='ocr_par' dir='ltr' id='par_1_7' title="bbox 164 652 1743 731">
     <span class='ocr_line' id='line_1_7' title="bbox 164 652 1743 731; baseline -0.007 -17"><span class='ocrx_word' id='word_1_38' title='bbox 164 659 536 731; x_wconf 80' lang='grc' dir='ltr'>ταμέμικται·</span> <span class='ocrx_word' id='word_1_39' title='bbox 565 655 655 709; x_wconf 81' lang='grc' dir='ltr'>διὰ</span> <span class='ocrx_word' id='word_1_40' title='bbox 701 654 858 707; x_wconf 77' lang='grc' dir='ltr'>τοῦτο</span> <span class='ocrx_word' id='word_1_41' title='bbox 905 654 1204 708; x_wconf 81' lang='grc' dir='ltr'><strong>διπλασίων</strong></span> <span class='ocrx_word' id='word_1_42' title='bbox 1254 652 1463 723; x_wconf 81' lang='grc' dir='ltr'><strong>ὡρίσθη</strong></span> <span class='ocrx_word' id='word_1_43' title='bbox 1493 653 1590 722; x_wconf 82' lang='grc' dir='ltr'><strong>τῆς</strong></span> <span class='ocrx_word' id='word_1_44' title='bbox 1623 653 1743 705; x_wconf 78' lang='grc' dir='ltr'>ἑπι-</span> 
     </span>
    </p>
   </div>
   <div class='ocr_carea' id='block_1_8' title="bbox 162 740 1741 821">
    <p class='ocr_par' dir='ltr' id='par_1_8' title="bbox 162 740 1741 821">
     <span class='ocr_line' id='line_1_8' title="bbox 162 740 1741 821; baseline -0.008 -16"><span class='ocrx_word' id='word_1_45' title='bbox 162 750 407 821; x_wconf 76' lang='grc' dir='ltr'>στροφῆς</span> <span class='ocrx_word' id='word_1_46' title='bbox 458 749 487 801; x_wconf 89' lang='grc' dir='ltr'><strong>ό</strong></span> <span class='ocrx_word' id='word_1_47' title='bbox 533 747 722 819; x_wconf 79' lang='grc' dir='ltr'><strong>χρόνος</strong></span> <span class='ocrx_word' id='word_1_48' title='bbox 749 749 859 809; x_wconf 88' lang='grc' dir='ltr'>τοῖς</span> <span class='ocrx_word' id='word_1_49' title='bbox 890 748 946 798; x_wconf 78' lang='grc' dir='ltr'><strong>ἐν</strong></span> <span class='ocrx_word' id='word_1_50' title='bbox 981 746 1197 817; x_wconf 81' lang='grc' dir='ltr'>μοιχείᾳ</span> <span class='ocrx_word' id='word_1_51' title='bbox 1246 740 1515 814; x_wconf 83' lang='grc' dir='ltr'>μιανθεῖσι</span> <span class='ocrx_word' id='word_1_52' title='bbox 1549 743 1644 797; x_wconf 69' lang='grc' dir='ltr'>καὶ</span> <span class='ocrx_word' id='word_1_53' title='bbox 1684 745 1741 794; x_wconf 81' lang='grc' dir='ltr'><strong>ὲν</strong></span> 
     </span>
    </p>
   </div>
   <div class='ocr_carea' id='block_1_9' title="bbox 164 834 1739 911">
    <p class='ocr_par' dir='ltr' id='par_1_9' title="bbox 164 834 1739 911">
     <span class='ocr_line' id='line_1_9' title="bbox 164 834 1739 911; baseline -0.006 -15"><span class='ocrx_word' id='word_1_54' title='bbox 164 847 271 906; x_wconf 86' lang='grc' dir='ltr'>τοῖς</span> <span class='ocrx_word' id='word_1_55' title='bbox 321 839 789 911; x_wconf 80' lang='grc' dir='ltr'>ἀπηγορευμένοις</span> <span class='ocrx_word' id='word_1_56' title='bbox 830 840 1042 902; x_wconf 81' lang='grc' dir='ltr'>κακοῖς,</span> <span class='ocrx_word' id='word_1_57' title='bbox 1082 837 1389 906; x_wconf 73' lang='grc' dir='ltr'>ζωοφθορίᾳ</span> <span class='ocrx_word' id='word_1_58' title='bbox 1434 853 1493 888; x_wconf 91' lang='grc' dir='ltr'><strong>τε</strong></span> <span class='ocrx_word' id='word_1_59' title='bbox 1542 835 1636 888; x_wconf 60' lang='grc' dir='ltr'>καὶ</span> <span class='ocrx_word' id='word_1_60' title='bbox 1674 834 1739 903; x_wconf 85' lang='grc' dir='ltr'>τῇ</span> 
     </span>
    </p>
   </div>
   <div class='ocr_carea' id='block_1_10' title="bbox 162 922 1744 1013">
    <p class='ocr_par' dir='ltr' id='par_1_10' title="bbox 162 922 1744 1013">
     <span class='ocr_line' id='line_1_10' title="bbox 162 922 1744 1013; baseline -0.008 -24"><span class='ocrx_word' id='word_1_61' title='bbox 162 936 309 989; x_wconf 81' lang='grc' dir='ltr'><strong>κατά</strong></span> <span class='ocrx_word' id='word_1_62' title='bbox 335 934 427 987; x_wconf 79' lang='grc' dir='ltr'>τοῦ</span> <span class='ocrx_word' id='word_1_63' title='bbox 455 933 683 1013; x_wconf 67' lang='grc' dir='ltr'>ἄρῤεχος</span> <span class='ocrx_word' id='word_1_64' title='bbox 712 931 885 1001; x_wconf 77' lang='grc' dir='ltr'>λύσσῃ</span> <span class='ocrx_word' id='word_1_65' title='bbox 908 946 922 960; x_wconf 87' lang='grc'><strong>·</strong></span> <span class='ocrx_word' id='word_1_66' title='bbox 963 928 1376 992; x_wconf 71' lang='grc' dir='ltr'>διπλασιάζεται</span> <span class='ocrx_word' id='word_1_67' title='bbox 1401 928 1534 997; x_wconf 89' lang='grc' dir='ltr'><strong>γάρ,</strong></span> <span class='ocrx_word' id='word_1_68' title='bbox 1567 928 1643 989; x_wconf 80' lang='grc' dir='ltr'>ὡς</span> <span class='ocrx_word' id='word_1_69' title='bbox 1665 922 1744 978; x_wconf 85' lang='grc' dir='ltr'><strong>εἷ-</strong></span> 
     </span>
    </p>
   </div>
   <div class='ocr_carea' id='block_1_11' title="bbox 162 1021 1744 1093">
    <p class='ocr_par' dir='ltr' id='par_1_11' title="bbox 162 1021 1744 1093">
     <span class='ocr_line' id='line_1_11' title="bbox 162 1021 1744 1093; baseline -0.004 -12"><span class='ocrx_word' id='word_1_70' title='bbox 162 1046 285 1091; x_wconf 90' lang='grc' dir='ltr'>πον,</span> <span class='ocrx_word' id='word_1_71' title='bbox 317 1027 411 1079; x_wconf 75' lang='grc' dir='ltr'><strong>ἐπὶ</strong></span> <span class='ocrx_word' id='word_1_72' title='bbox 457 1026 566 1078; x_wconf 83' lang='grc' dir='ltr'>τῶν</span> <span class='ocrx_word' id='word_1_73' title='bbox 609 1023 866 1077; x_wconf 76' lang='grc' dir='ltr'><strong>τοιούτων</strong></span> <span class='ocrx_word' id='word_1_74' title='bbox 898 1024 931 1092; x_wconf 81' lang='grc' dir='ltr'><strong>ἡ</strong></span> <span class='ocrx_word' id='word_1_75' title='bbox 967 1022 1243 1093; x_wconf 82' lang='grc' dir='ltr'>ἁμαρτία,</span> <span class='ocrx_word' id='word_1_76' title='bbox 1281 1021 1376 1090; x_wconf 88' lang='grc' dir='ltr'><strong>μία</strong></span> <span class='ocrx_word' id='word_1_77' title='bbox 1410 1021 1507 1090; x_wconf 80' lang='grc' dir='ltr'>μὲν</span> <span class='ocrx_word' id='word_1_78' title='bbox 1537 1022 1568 1091; x_wconf 88' lang='grc' dir='ltr'>ἡ</span> <span class='ocrx_word' id='word_1_79' title='bbox 1603 1021 1744 1074; x_wconf 80' lang='grc' dir='ltr'><strong>κατά</strong></span> 
     </span>
    </p>
   </div>
   <div class='ocr_carea' id='block_1_12' title="bbox 164 1112 1744 1187">
    <p class='ocr_par' dir='ltr' id='par_1_12' title="bbox 164 1112 1744 1187">
     <span class='ocr_line' id='line_1_12' title="bbox 164 1112 1744 1187; baseline -0.004 -17"><span class='ocrx_word' id='word_1_80' title='bbox 164 1118 259 1187; x_wconf 77' lang='grc' dir='ltr'>τὴν</span> <span class='ocrx_word' id='word_1_81' title='bbox 284 1118 526 1185; x_wconf 76' lang='grc' dir='ltr'>ἄθεσμον</span> <span class='ocrx_word' id='word_1_82' title='bbox 554 1114 765 1185; x_wconf 80' lang='grc' dir='ltr'>ἡδονὴν,</span> <span class='ocrx_word' id='word_1_83' title='bbox 796 1114 959 1181; x_wconf 79' lang='grc' dir='ltr'>ἑτέρα</span> <span class='ocrx_word' id='word_1_84' title='bbox 989 1114 1046 1167; x_wconf 86' lang='grc' dir='ltr'>δὲ</span> <span class='ocrx_word' id='word_1_85' title='bbox 1092 1115 1125 1182; x_wconf 84' lang='grc' dir='ltr'><strong>ἡ</strong></span> <span class='ocrx_word' id='word_1_86' title='bbox 1165 1112 1309 1165; x_wconf 87' lang='grc' dir='ltr'><strong>κατά</strong></span> <span class='ocrx_word' id='word_1_87' title='bbox 1336 1112 1434 1182; x_wconf 87' lang='grc' dir='ltr'>τὴν</span> <span class='ocrx_word' id='word_1_88' title='bbox 1464 1112 1555 1165; x_wconf 74' lang='grc' dir='ltr'><strong>τοῦ</strong></span> <span class='ocrx_word' id='word_1_89' title='bbox 1586 1112 1744 1166; x_wconf 76' lang='grc' dir='ltr'>ἀλλο-</span> 
     </span>
    </p>
   </div>
   <div class='ocr_carea' id='block_1_13' title="bbox 161 1204 1745 1280">
    <p class='ocr_par' dir='ltr' id='par_1_13' title="bbox 161 1204 1745 1280">
     <span class='ocr_line' id='line_1_13' title="bbox 161 1204 1745 1280; baseline -0.004 -18"><span class='ocrx_word' id='word_1_90' title='bbox 161 1210 316 1280; x_wconf 84' lang='grc' dir='ltr'>τρίου</span> <span class='ocrx_word' id='word_1_91' title='bbox 363 1208 577 1261; x_wconf 84' lang='grc' dir='ltr'>ἀδικίαν</span> <span class='ocrx_word' id='word_1_92' title='bbox 621 1207 1016 1276; x_wconf 82' lang='grc' dir='ltr'><strong>συνισταμένη·</strong></span> <span class='ocrx_word' id='word_1_93' title='bbox 1052 1205 1288 1275; x_wconf 81' lang='grc' dir='ltr'>διαφορὰ</span> <span class='ocrx_word' id='word_1_94' title='bbox 1314 1204 1370 1257; x_wconf 77' lang='grc' dir='ltr'>δέ</span> <span class='ocrx_word' id='word_1_95' title='bbox 1401 1204 1483 1266; x_wconf 84' lang='grc' dir='ltr'><strong>τίς</strong></span> <span class='ocrx_word' id='word_1_96' title='bbox 1513 1206 1660 1256; x_wconf 76' lang='grc' dir='ltr'>ἐστιν</span> <span class='ocrx_word' id='word_1_97' title='bbox 1688 1206 1745 1256; x_wconf 77' lang='grc' dir='ltr'><strong>ἐν</strong></span> 
     </span>
    </p>
   </div>
   <div class='ocr_carea' id='block_1_14' title="bbox 162 1295 1747 1372">
    <p class='ocr_par' dir='ltr' id='par_1_14' title="bbox 162 1295 1747 1372">
     <span class='ocr_line' id='line_1_14' title="bbox 162 1295 1747 1372; baseline -0.005 -18"><span class='ocrx_word' id='word_1_98' title='bbox 162 1303 241 1372; x_wconf 78' lang='grc' dir='ltr'>τῷ</span> <span class='ocrx_word' id='word_1_99' title='bbox 284 1302 428 1369; x_wconf 83' lang='grc' dir='ltr'>λόγῳ</span> <span class='ocrx_word' id='word_1_100' title='bbox 479 1300 582 1368; x_wconf 84' lang='grc' dir='ltr'>τῆς</span> <span class='ocrx_word' id='word_1_101' title='bbox 634 1300 917 1368; x_wconf 84' lang='grc' dir='ltr'>μετανοίας</span> <span class='ocrx_word' id='word_1_102' title='bbox 964 1299 1058 1351; x_wconf 72' lang='grc' dir='ltr'>καὶ</span> <span class='ocrx_word' id='word_1_103' title='bbox 1107 1299 1200 1352; x_wconf 73' lang='grc' dir='ltr'><strong>ἐπὶ</strong></span> <span class='ocrx_word' id='word_1_104' title='bbox 1252 1296 1358 1350; x_wconf 83' lang='grc' dir='ltr'>τῶν</span> <span class='ocrx_word' id='word_1_105' title='bbox 1406 1296 1527 1349; x_wconf 80' lang='grc' dir='ltr'>καθ’</span> <span class='ocrx_word' id='word_1_106' title='bbox 1554 1295 1747 1366; x_wconf 81' lang='grc' dir='ltr'>ἡδονὴν</span> 
     </span>
    </p>
   </div>
   <div class='ocr_carea' id='block_1_15' title="bbox 162 1386 1751 1465">
    <p class='ocr_par' dir='ltr' id='par_1_15' title="bbox 162 1386 1751 1465">
     <span class='ocr_line' id='line_1_15' title="bbox 162 1386 1751 1465; baseline -0.004 -21"><span class='ocrx_word' id='word_1_107' title='bbox 162 1391 633 1465; x_wconf 65' lang='grc' dir='ltr'>πλημμελούντων</span> <span class='ocrx_word' id='word_1_108' title='bbox 658 1389 911 1460; x_wconf 80' lang='grc' dir='ltr'>τοιαύτην</span> <span class='ocrx_word' id='word_1_109' title='bbox 928 1404 942 1419; x_wconf 80' lang='lat'>&#39;</span> <span class='ocrx_word' id='word_1_110' title='bbox 970 1389 999 1440; x_wconf 84' lang='grc' dir='ltr'>ὁ</span> <span class='ocrx_word' id='word_1_111' title='bbox 1025 1389 1122 1458; x_wconf 84' lang='grc' dir='ltr'>μὲν</span> <span class='ocrx_word' id='word_1_112' title='bbox 1152 1389 1259 1459; x_wconf 78' lang='grc' dir='ltr'><strong>γὰρ</strong></span> <span class='ocrx_word' id='word_1_113' title='bbox 1283 1386 1375 1457; x_wconf 83' lang='grc' dir='ltr'>ἀφ’</span> <span class='ocrx_word' id='word_1_114' title='bbox 1396 1388 1592 1442; x_wconf 77' lang='grc' dir='ltr'>ἑαυτοῦ</span> <span class='ocrx_word' id='word_1_115' title='bbox 1617 1387 1751 1456; x_wconf 74' lang='grc' dir='ltr'>πρὸς</span> 
     </span>
    </p>
   </div>
   <div class='ocr_carea' id='block_1_16' title="bbox 162 1477 1751 1553">
    <p class='ocr_par' dir='ltr' id='par_1_16' title="bbox 162 1477 1751 1553">
     <span class='ocr_line' id='line_1_16' title="bbox 162 1477 1751 1553; baseline -0.004 -17"><span class='ocrx_word' id='word_1_116' title='bbox 162 1485 265 1553; x_wconf 84' lang='grc' dir='ltr'><strong>τὴν</strong></span> <span class='ocrx_word' id='word_1_117' title='bbox 314 1483 663 1552; x_wconf 76' lang='grc' dir='ltr'>ἐξαγόρευσιν</span> <span class='ocrx_word' id='word_1_118' title='bbox 710 1482 809 1551; x_wconf 83' lang='grc' dir='ltr'>τῆς</span> <span class='ocrx_word' id='word_1_119' title='bbox 856 1481 1131 1551; x_wconf 84' lang='grc' dir='ltr'>ἁμαρτίας</span> <span class='ocrx_word' id='word_1_120' title='bbox 1176 1479 1458 1552; x_wconf 85' lang='grc' dir='ltr'><strong>ὁρμήσας,</strong></span> <span class='ocrx_word' id='word_1_121' title='bbox 1495 1478 1643 1549; x_wconf 83' lang='grc' dir='ltr'>αὐτῷ</span> <span class='ocrx_word' id='word_1_122' title='bbox 1675 1477 1751 1546; x_wconf 78' lang='grc' dir='ltr'>τῷ</span> 
     </span>
    </p>
   </div>
   <div class='ocr_carea' id='block_1_17' title="bbox 162 1570 1751 1643">
    <p class='ocr_par' dir='ltr' id='par_1_17' title="bbox 162 1570 1751 1643">
     <span class='ocr_line' id='line_1_17' title="bbox 162 1570 1751 1643; baseline -0.006 -12"><span class='ocrx_word' id='word_1_123' title='bbox 162 1574 566 1641; x_wconf 81' lang='grc' dir='ltr'>καταδέξασθαι</span> <span class='ocrx_word' id='word_1_124' title='bbox 594 1574 662 1628; x_wconf 84' lang='grc' dir='ltr'>δι’</span> <span class='ocrx_word' id='word_1_125' title='bbox 688 1574 894 1635; x_wconf 80' lang='grc' dir='ltr'>οἰκείας</span> <span class='ocrx_word' id='word_1_126' title='bbox 935 1571 1114 1643; x_wconf 81' lang='grc' dir='ltr'>ὁρμῆς</span> <span class='ocrx_word' id='word_1_127' title='bbox 1166 1571 1419 1639; x_wconf 79' lang='grc' dir='ltr'>γενέσθαι</span> <span class='ocrx_word' id='word_1_128' title='bbox 1463 1570 1571 1623; x_wconf 83' lang='grc' dir='ltr'><strong>τῶν</strong></span> <span class='ocrx_word' id='word_1_129' title='bbox 1615 1587 1751 1637; x_wconf 84' lang='grc' dir='ltr'>κρυ-</span> 
     </span>
    </p>
   </div>
   <div class='ocr_carea' id='block_1_18' title="bbox 162 1661 1752 1737">
    <p class='ocr_par' dir='ltr' id='par_1_18' title="bbox 162 1661 1752 1737">
     <span class='ocr_line' id='line_1_18' title="bbox 162 1661 1752 1737; baseline -0.005 -17"><span class='ocrx_word' id='word_1_130' title='bbox 162 1669 309 1737; x_wconf 80' lang='grc' dir='ltr'>φίων</span> <span class='ocrx_word' id='word_1_131' title='bbox 338 1668 661 1737; x_wconf 87' lang='grc' dir='ltr'>κατήγορος,</span> <span class='ocrx_word' id='word_1_132' title='bbox 695 1665 770 1728; x_wconf 84' lang='grc' dir='ltr'>ὡς</span> <span class='ocrx_word' id='word_1_133' title='bbox 801 1665 901 1735; x_wconf 76' lang='grc' dir='ltr'>ἤδη</span> <span class='ocrx_word' id='word_1_134' title='bbox 946 1664 1043 1732; x_wconf 79' lang='grc' dir='ltr'>τῆς</span> <span class='ocrx_word' id='word_1_135' title='bbox 1095 1662 1392 1733; x_wconf 87' lang='grc' dir='ltr'>θεραπείας</span> <span class='ocrx_word' id='word_1_136' title='bbox 1424 1663 1514 1715; x_wconf 84' lang='grc' dir='ltr'><strong>τοῦ</strong></span> <span class='ocrx_word' id='word_1_137' title='bbox 1548 1661 1752 1722; x_wconf 80' lang='grc' dir='ltr'><strong>πάθους</strong></span> 
     </span>
    </p>
   </div>
   <div class='ocr_carea' id='block_1_19' title="bbox 163 1754 1755 1831">
    <p class='ocr_par' dir='ltr' id='par_1_19' title="bbox 163 1754 1755 1831">
     <span class='ocr_line' id='line_1_19' title="bbox 163 1754 1755 1831; baseline -0.007 -17"><span class='ocrx_word' id='word_1_138' title='bbox 163 1760 496 1831; x_wconf 70' lang='grc' dir='ltr'>ἀρξάμενος,</span> <span class='ocrx_word' id='word_1_139' title='bbox 526 1758 620 1813; x_wconf 72' lang='grc' dir='ltr'>καὶ</span> <span class='ocrx_word' id='word_1_140' title='bbox 652 1760 872 1827; x_wconf 77' lang='grc' dir='ltr'>σημεῖον</span> <span class='ocrx_word' id='word_1_141' title='bbox 902 1755 1002 1825; x_wconf 82' lang='grc' dir='ltr'>τῆς</span> <span class='ocrx_word' id='word_1_142' title='bbox 1035 1754 1171 1824; x_wconf 85' lang='grc' dir='ltr'>πρὸς</span> <span class='ocrx_word' id='word_1_143' title='bbox 1213 1754 1275 1806; x_wconf 84' lang='grc' dir='ltr'>τὸ</span> <span class='ocrx_word' id='word_1_144' title='bbox 1318 1755 1563 1823; x_wconf 86' lang='grc' dir='ltr'>κρεῖττον</span> <span class='ocrx_word' id='word_1_145' title='bbox 1597 1768 1755 1822; x_wconf 86' lang='grc' dir='ltr'>μετα-</span> 
     </span>
    </p>
   </div>
   <div class='ocr_carea' id='block_1_20' title="bbox 1841 562 3421 636">
    <p class='ocr_par' dir='ltr' id='par_1_20' title="bbox 1841 562 3421 636">
     <span class='ocr_line' id='line_1_20' title="bbox 1841 562 3421 636; baseline 0.006 -21"><span class='ocrx_word' id='word_1_146' title='bbox 1841 562 2033 633; x_wconf 90' lang='lat' dir='ltr'><strong>polluti</strong></span> <span class='ocrx_word' id='word_1_147' title='bbox 2076 574 2233 629; x_wconf 89' lang='lat' dir='ltr'><strong>sunt,</strong></span> <span class='ocrx_word' id='word_1_148' title='bbox 2267 564 2467 633; x_wconf 84' lang='lat' dir='ltr'><strong>injuria</strong></span> <span class='ocrx_word' id='word_1_149' title='bbox 2511 564 2691 632; x_wconf 85' lang='lat' dir='ltr'><strong>aliqua</strong></span> <span class='ocrx_word' id='word_1_150' title='bbox 2736 578 2861 617; x_wconf 92' lang='lat' dir='ltr'><strong>cum</strong></span> <span class='ocrx_word' id='word_1_151' title='bbox 2904 565 3007 620; x_wconf 91' lang='lat' dir='ltr'><strong>hoc</strong></span> <span class='ocrx_word' id='word_1_152' title='bbox 3048 576 3271 636; x_wconf 86' lang='lat' dir='ltr'><strong>peccato</strong></span> <span class='ocrx_word' id='word_1_153' title='bbox 3312 586 3421 626; x_wconf 88' lang='lat' dir='ltr'><strong>non</strong></span> 
     </span>
    </p>
   </div>
   <div class='ocr_carea' id='block_1_21' title="bbox 1842 656 3421 725">
    <p class='ocr_par' dir='ltr' id='par_1_21' title="bbox 1842 656 3421 725">
     <span class='ocr_line' id='line_1_21' title="bbox 1842 656 3421 725; baseline 0.004 -16"><span class='ocrx_word' id='word_1_154' title='bbox 1842 656 2128 711; x_wconf 78' lang='lat' dir='ltr'><strong>cominista</strong></span> <span class='ocrx_word' id='word_1_155' title='bbox 2157 666 2269 719; x_wconf 87' lang='lat' dir='ltr'><strong>est,</strong></span> <span class='ocrx_word' id='word_1_156' title='bbox 2299 665 2583 725; x_wconf 77' lang='lat' dir='ltr'><strong>propterea</strong></span> <span class='ocrx_word' id='word_1_157' title='bbox 2615 656 2839 725; x_wconf 87' lang='lat' dir='ltr'><strong>duplum</strong></span> <span class='ocrx_word' id='word_1_158' title='bbox 2872 660 3251 714; x_wconf 83' lang='lat' dir='ltr'><strong>conversionis</strong></span> <span class='ocrx_word' id='word_1_159' title='bbox 3283 671 3421 715; x_wconf 85' lang='lat' dir='ltr'><strong>tem—</strong></span> 
     </span>
    </p>
   </div>
   <div class='ocr_carea' id='block_1_22' title="bbox 1844 746 3419 821">
    <p class='ocr_par' dir='ltr' id='par_1_22' title="bbox 1844 746 3419 821">
     <span class='ocr_line' id='line_1_22' title="bbox 1844 746 3419 821; baseline 0.004 -22"><span class='ocrx_word' id='word_1_160' title='bbox 1844 760 1944 813; x_wconf 88' lang='lat' dir='ltr'><strong>pus</strong></span> <span class='ocrx_word' id='word_1_161' title='bbox 1990 746 2057 801; x_wconf 88' lang='lat' dir='ltr'><strong>iis</strong></span> <span class='ocrx_word' id='word_1_162' title='bbox 2098 747 2472 816; x_wconf 84' lang='lat' dir='ltr'><strong>praescriptum</strong></span> <span class='ocrx_word' id='word_1_163' title='bbox 2508 756 2592 801; x_wconf 89' lang='lat' dir='ltr'><strong>est</strong></span> <span class='ocrx_word' id='word_1_164' title='bbox 2628 748 2719 816; x_wconf 85' lang='lat' dir='ltr'><strong>qui</strong></span> <span class='ocrx_word' id='word_1_165' title='bbox 2756 748 2807 801; x_wconf 91' lang='lat' dir='ltr'><strong>in</strong></span> <span class='ocrx_word' id='word_1_166' title='bbox 2845 748 3116 803; x_wconf 85' lang='lat' dir='ltr'><strong>adulterio</strong></span> <span class='ocrx_word' id='word_1_167' title='bbox 3151 750 3419 821; x_wconf 81' lang='lat' dir='ltr'><strong>inquinati</strong></span> 
     </span>
    </p>
   </div>
   <div class='ocr_carea' id='block_1_23' title="bbox 1846 839 3419 905">
    <p class='ocr_par' dir='ltr' id='par_1_23' title="bbox 1846 839 3419 905">
     <span class='ocr_line' id='line_1_23' title="bbox 1846 839 3419 905; baseline 0.003 -12"><span class='ocrx_word' id='word_1_168' title='bbox 1846 847 2000 903; x_wconf 88' lang='lat' dir='ltr'><strong>sunt;</strong></span> <span class='ocrx_word' id='word_1_169' title='bbox 2052 847 2106 893; x_wconf 86' lang='lat' dir='ltr'><strong>et</strong></span> <span class='ocrx_word' id='word_1_170' title='bbox 2151 841 2203 892; x_wconf 90' lang='lat' dir='ltr'><strong>in</strong></span> <span class='ocrx_word' id='word_1_171' title='bbox 2251 839 2372 892; x_wconf 90' lang='lat' dir='ltr'><strong>aliis</strong></span> <span class='ocrx_word' id='word_1_172' title='bbox 2416 839 2600 892; x_wconf 86' lang='lat' dir='ltr'><strong>itidem</strong></span> <span class='ocrx_word' id='word_1_173' title='bbox 2650 840 2827 893; x_wconf 85' lang='lat' dir='ltr'><strong>vetitis</strong></span> <span class='ocrx_word' id='word_1_174' title='bbox 2878 841 3061 905; x_wconf 86' lang='lat' dir='ltr'><strong>malis,</strong></span> <span class='ocrx_word' id='word_1_175' title='bbox 3100 844 3419 897; x_wconf 82' lang='lat' dir='ltr'><strong>animalium</strong></span> 
     </span>
    </p>
   </div>
   <div class='ocr_carea' id='block_1_24' title="bbox 1851 931 3427 1004">
    <p class='ocr_par' dir='ltr' id='par_1_24' title="bbox 1851 931 3427 1004">
     <span class='ocr_line' id='line_1_24' title="bbox 1851 931 3427 1004; baseline 0.002 -20"><span class='ocrx_word' id='word_1_176' title='bbox 1851 931 2017 997; x_wconf 89' lang='lat' dir='ltr'><strong>initu,</strong></span> <span class='ocrx_word' id='word_1_177' title='bbox 2047 939 2101 984; x_wconf 90' lang='lat' dir='ltr'><strong>et</strong></span> <span class='ocrx_word' id='word_1_178' title='bbox 2134 932 2284 985; x_wconf 82' lang='lat' dir='ltr'><strong>rabie</strong></span> <span class='ocrx_word' id='word_1_179' title='bbox 2326 932 2380 984; x_wconf 92' lang='lat' dir='ltr'><strong>in</strong></span> <span class='ocrx_word' id='word_1_180' title='bbox 2424 931 2718 986; x_wconf 84' lang='lat' dir='ltr'><strong>masculos.</strong></span> <span class='ocrx_word' id='word_1_181' title='bbox 2754 931 2807 984; x_wconf 89' lang='lat' dir='ltr'><strong>In</strong></span> <span class='ocrx_word' id='word_1_182' title='bbox 2854 932 2921 986; x_wconf 90' lang='lat' dir='ltr'><strong>iis</strong></span> <span class='ocrx_word' id='word_1_183' title='bbox 2960 934 3138 997; x_wconf 85' lang='lat' dir='ltr'><strong>enim,</strong></span> <span class='ocrx_word' id='word_1_184' title='bbox 3173 944 3229 987; x_wconf 90' lang='lat' dir='ltr'><strong>ut</strong></span> <span class='ocrx_word' id='word_1_185' title='bbox 3260 935 3427 1004; x_wconf 78' lang='lat'><strong>329</strong></span> 
     </span>
    </p>
   </div>
   <div class='ocr_carea' id='block_1_25' title="bbox 1848 1021 3425 1095">
    <p class='ocr_par' dir='ltr' id='par_1_25' title="bbox 1848 1021 3425 1095">
     <span class='ocr_line' id='line_1_25' title="bbox 1848 1021 3425 1095; baseline 0.003 -20"><span class='ocrx_word' id='word_1_186' title='bbox 1848 1021 1981 1086; x_wconf 85' lang='lat' dir='ltr'><strong>dixi,</strong></span> <span class='ocrx_word' id='word_1_187' title='bbox 2009 1030 2289 1090; x_wconf 82' lang='lat' dir='ltr'><strong>peccatum</strong></span> <span class='ocrx_word' id='word_1_188' title='bbox 2323 1022 2657 1090; x_wconf 87' lang='lat' dir='ltr'><strong>duplicatur;</strong></span> <span class='ocrx_word' id='word_1_189' title='bbox 2687 1039 2853 1075; x_wconf 91' lang='lat' dir='ltr'><strong>unum</strong></span> <span class='ocrx_word' id='word_1_190' title='bbox 2886 1023 3103 1091; x_wconf 79' lang='lat' dir='ltr'><strong>quidem</strong></span> <span class='ocrx_word' id='word_1_191' title='bbox 3131 1023 3209 1095; x_wconf 85' lang='lat' dir='ltr'><strong>[in</strong></span> <span class='ocrx_word' id='word_1_192' title='bbox 3240 1027 3425 1079; x_wconf 74' lang='lat' dir='ltr'><strong>illicita</strong></span> 
     </span>
    </p>
   </div>
   <div class='ocr_carea' id='block_1_26' title="bbox 1850 1110 3427 1183">
    <p class='ocr_par' dir='ltr' id='par_1_26' title="bbox 1850 1110 3427 1183">
     <span class='ocr_line' id='line_1_26' title="bbox 1850 1110 3427 1183; baseline 0.003 -19"><span class='ocrx_word' id='word_1_193' title='bbox 1850 1121 1904 1164; x_wconf 87' lang='lat' dir='ltr'><strong>ct</strong></span> <span class='ocrx_word' id='word_1_194' title='bbox 1937 1110 2142 1164; x_wconf 83' lang='lat' dir='ltr'><strong>nefaria</strong></span> <span class='ocrx_word' id='word_1_195' title='bbox 2178 1112 2483 1179; x_wconf 76' lang='lat' dir='ltr'><strong>voluptate;</strong></span> <span class='ocrx_word' id='word_1_196' title='bbox 2523 1114 2750 1165; x_wconf 89' lang='lat' dir='ltr'><strong>alterum</strong></span> <span class='ocrx_word' id='word_1_197' title='bbox 2790 1112 2996 1183; x_wconf 82' lang='lat' dir='ltr'><strong>autem]</strong></span> <span class='ocrx_word' id='word_1_198' title='bbox 3038 1114 3181 1181; x_wconf 74' lang='lat' dir='ltr'><strong>quod</strong></span> <span class='ocrx_word' id='word_1_199' title='bbox 3228 1115 3427 1183; x_wconf 75' lang='lat' dir='ltr'><strong>injuria</strong></span> 
     </span>
    </p>
   </div>
   <div class='ocr_carea' id='block_1_27' title="bbox 1851 1201 3427 1272">
    <p class='ocr_par' dir='ltr' id='par_1_27' title="bbox 1851 1201 3427 1272">
     <span class='ocr_line' id='line_1_27' title="bbox 1851 1201 3427 1272; baseline 0 -17"><span class='ocrx_word' id='word_1_200' title='bbox 1851 1217 1973 1272; x_wconf 67' lang='lat' dir='ltr'><strong>quin</strong></span> <span class='ocrx_word' id='word_1_201' title='bbox 2010 1205 2066 1255; x_wconf 92' lang='lat' dir='ltr'><strong>lit</strong></span> <span class='ocrx_word' id='word_1_202' title='bbox 2100 1201 2287 1261; x_wconf 89' lang='lat' dir='ltr'><strong>alteri,</strong></span> <span class='ocrx_word' id='word_1_203' title='bbox 2318 1202 2591 1256; x_wconf 85' lang='lat' dir='ltr'><strong>consistit.</strong></span> <span class='ocrx_word' id='word_1_204' title='bbox 2624 1202 2721 1255; x_wconf 85' lang='lat' dir='ltr'><strong>Est</strong></span> <span class='ocrx_word' id='word_1_205' title='bbox 2757 1212 2936 1255; x_wconf 86' lang='lat' dir='ltr'><strong>autent</strong></span> <span class='ocrx_word' id='word_1_206' title='bbox 2981 1207 3228 1272; x_wconf 79' lang='lat' dir='ltr'><strong>quaedam</strong></span> <span class='ocrx_word' id='word_1_207' title='bbox 3274 1206 3427 1258; x_wconf 61' lang='lat' dir='ltr'><strong>diffe-</strong></span> 
     </span>
    </p>
   </div>
   <div class='ocr_carea' id='block_1_28' title="bbox 1851 1294 3427 1367">
    <p class='ocr_par' dir='ltr' id='par_1_28' title="bbox 1851 1294 3427 1367">
     <span class='ocr_line' id='line_1_28' title="bbox 1851 1294 3427 1367; baseline 0.003 -18"><span class='ocrx_word' id='word_1_208' title='bbox 1851 1296 2025 1349; x_wconf 87' lang='lat' dir='ltr'><strong>rentia</strong></span> <span class='ocrx_word' id='word_1_209' title='bbox 2071 1295 2126 1347; x_wconf 92' lang='lat' dir='ltr'><strong>in</strong></span> <span class='ocrx_word' id='word_1_210' title='bbox 2172 1295 2381 1348; x_wconf 86' lang='lat' dir='ltr'><strong>ratione</strong></span> <span class='ocrx_word' id='word_1_211' title='bbox 2424 1294 2757 1363; x_wconf 62' lang='lat' dir='ltr'><strong>paenitentiae</strong></span> <span class='ocrx_word' id='word_1_212' title='bbox 2798 1295 2853 1349; x_wconf 92' lang='lat' dir='ltr'><strong>in</strong></span> <span class='ocrx_word' id='word_1_213' title='bbox 2906 1297 2974 1350; x_wconf 90' lang='lat' dir='ltr'><strong>iis</strong></span> <span class='ocrx_word' id='word_1_214' title='bbox 3020 1298 3112 1366; x_wconf 90' lang='lat' dir='ltr'><strong>qui</strong></span> <span class='ocrx_word' id='word_1_215' title='bbox 3154 1300 3427 1367; x_wconf 83' lang='lat' dir='ltr'><strong>voluptate</strong></span> 
     </span>
    </p>
   </div>
   <div class='ocr_carea' id='block_1_29' title="bbox 1851 1385 3427 1457">
    <p class='ocr_par' dir='ltr' id='par_1_29' title="bbox 1851 1385 3427 1457">
     <span class='ocr_line' id='line_1_29' title="bbox 1851 1385 3427 1457; baseline 0.001 -17"><span class='ocrx_word' id='word_1_216' title='bbox 1851 1395 2177 1456; x_wconf 89' lang='lat' dir='ltr'><strong>peccarunt,</strong></span> <span class='ocrx_word' id='word_1_217' title='bbox 2206 1386 2498 1455; x_wconf 85' lang='lat' dir='ltr'><strong>ejusmodi.</strong></span> <span class='ocrx_word' id='word_1_218' title='bbox 2534 1385 2637 1451; x_wconf 84' lang='lat' dir='ltr'><strong>Qui</strong></span> <span class='ocrx_word' id='word_1_219' title='bbox 2678 1386 2821 1440; x_wconf 89' lang='lat' dir='ltr'><strong>enim</strong></span> <span class='ocrx_word' id='word_1_220' title='bbox 2863 1403 2928 1440; x_wconf 81' lang='lat' dir='ltr'><strong>ex</strong></span> <span class='ocrx_word' id='word_1_221' title='bbox 2970 1402 3028 1441; x_wconf 90' lang='lat' dir='ltr'><strong>se</strong></span> <span class='ocrx_word' id='word_1_222' title='bbox 3072 1391 3189 1457; x_wconf 83' lang='lat' dir='ltr'><strong>ipso</strong></span> <span class='ocrx_word' id='word_1_223' title='bbox 3226 1390 3291 1441; x_wconf 90' lang='lat' dir='ltr'><strong>ad</strong></span> <span class='ocrx_word' id='word_1_224' title='bbox 3330 1405 3427 1443; x_wconf 87' lang='lat' dir='ltr'><strong>sua</strong></span> 
     </span>
    </p>
   </div>
   <div class='ocr_carea' id='block_1_30' title="bbox 1853 1478 3430 1550">
    <p class='ocr_par' dir='ltr' id='par_1_30' title="bbox 1853 1478 3430 1550">
     <span class='ocr_line' id='line_1_30' title="bbox 1853 1478 3430 1550; baseline 0.003 -19"><span class='ocrx_word' id='word_1_225' title='bbox 1853 1479 2172 1549; x_wconf 86' lang='lat' dir='ltr'><strong>proferenda</strong></span> <span class='ocrx_word' id='word_1_226' title='bbox 2197 1486 2414 1548; x_wconf 87' lang='lat' dir='ltr'><strong>peccata</strong></span> <span class='ocrx_word' id='word_1_227' title='bbox 2440 1478 2707 1546; x_wconf 84' lang='lat' dir='ltr'><strong>impulsus</strong></span> <span class='ocrx_word' id='word_1_228' title='bbox 2731 1488 2834 1543; x_wconf 91' lang='lat' dir='ltr'><strong>est,</strong></span> <span class='ocrx_word' id='word_1_229' title='bbox 2854 1495 2919 1532; x_wconf 77' lang='lat' dir='ltr'><strong>eo</strong></span> <span class='ocrx_word' id='word_1_230' title='bbox 2944 1480 3091 1549; x_wconf 90' lang='lat' dir='ltr'><strong>quod</strong></span> <span class='ocrx_word' id='word_1_231' title='bbox 3116 1496 3212 1534; x_wconf 91' lang='lat' dir='ltr'><strong>sua</strong></span> <span class='ocrx_word' id='word_1_232' title='bbox 3238 1494 3430 1550; x_wconf 83' lang='lat' dir='ltr'><strong>sponte</strong></span> 
     </span>
    </p>
   </div>
   <div class='ocr_carea' id='block_1_31' title="bbox 1853 1571 3426 1640">
    <p class='ocr_par' dir='ltr' id='par_1_31' title="bbox 1853 1571 3426 1640">
     <span class='ocr_line' id='line_1_31' title="bbox 1853 1571 3426 1640; baseline 0.001 -15"><span class='ocrx_word' id='word_1_233' title='bbox 1853 1572 2186 1625; x_wconf 89' lang='lat' dir='ltr'><strong>occultorum</strong></span> <span class='ocrx_word' id='word_1_234' title='bbox 2243 1577 2528 1625; x_wconf 78' lang='lat' dir='ltr'><strong>accusator</strong></span> <span class='ocrx_word' id='word_1_235' title='bbox 2579 1584 2703 1624; x_wconf 91' lang='lat' dir='ltr'><strong>esse</strong></span> <span class='ocrx_word' id='word_1_236' title='bbox 2753 1571 3012 1635; x_wconf 83' lang='lat' dir='ltr'><strong>voluerit,</strong></span> <span class='ocrx_word' id='word_1_237' title='bbox 3066 1580 3125 1624; x_wconf 88' lang='lat' dir='ltr'><strong>ut</strong></span> <span class='ocrx_word' id='word_1_238' title='bbox 3173 1574 3263 1640; x_wconf 92' lang='lat' dir='ltr'><strong>qui</strong></span> <span class='ocrx_word' id='word_1_239' title='bbox 3314 1571 3426 1640; x_wconf 82' lang='lat' dir='ltr'><strong>jam</strong></span> 
     </span>
    </p>
   </div>
   <div class='ocr_carea' id='block_1_32' title="bbox 1854 1661 3429 1734">
    <p class='ocr_par' dir='ltr' id='par_1_32' title="bbox 1854 1661 3429 1734">
     <span class='ocr_line' id='line_1_32' title="bbox 1854 1661 3429 1734; baseline 0.001 -18"><span class='ocrx_word' id='word_1_240' title='bbox 1854 1664 2123 1717; x_wconf 80' lang='lat' dir='ltr'><strong>aﬂ‘ectioni</strong></span> <span class='ocrx_word' id='word_1_241' title='bbox 2166 1663 2491 1717; x_wconf 86' lang='lat' dir='ltr'><strong>medicinam</strong></span> <span class='ocrx_word' id='word_1_242' title='bbox 2537 1661 2795 1716; x_wconf 90' lang='lat' dir='ltr'><strong>adhibere</strong></span> <span class='ocrx_word' id='word_1_243' title='bbox 2836 1663 3093 1731; x_wconf 81' lang='lat' dir='ltr'><strong>coeperit,</strong></span> <span class='ocrx_word' id='word_1_244' title='bbox 3126 1672 3181 1717; x_wconf 83' lang='lat' dir='ltr'><strong>et</strong></span> <span class='ocrx_word' id='word_1_245' title='bbox 3213 1665 3429 1734; x_wconf 78' lang='lat' dir='ltr'><strong>signum</strong></span> 
     </span>
    </p>
   </div>
   <div class='ocr_carea' id='block_1_33' title="bbox 1856 1751 3432 1821">
    <p class='ocr_par' dir='ltr' id='par_1_33' title="bbox 1856 1751 3432 1821">
     <span class='ocr_line' id='line_1_33' title="bbox 1856 1751 3432 1821; baseline 0.003 -18"><span class='ocrx_word' id='word_1_246' title='bbox 1856 1752 2175 1805; x_wconf 86' lang='lat' dir='ltr'><strong>mutationis</strong></span> <span class='ocrx_word' id='word_1_247' title='bbox 2210 1752 2263 1805; x_wconf 89' lang='lat' dir='ltr'><strong>in</strong></span> <span class='ocrx_word' id='word_1_248' title='bbox 2297 1752 2347 1804; x_wconf 89' lang='lat' dir='ltr'><strong>id</strong></span> <span class='ocrx_word' id='word_1_249' title='bbox 2382 1751 2529 1821; x_wconf 87' lang='lat' dir='ltr'><strong>quod</strong></span> <span class='ocrx_word' id='word_1_250' title='bbox 2560 1762 2645 1805; x_wconf 88' lang='lat' dir='ltr'><strong>est</strong></span> <span class='ocrx_word' id='word_1_251' title='bbox 2672 1751 2860 1806; x_wconf 89' lang='lat' dir='ltr'><strong>melius</strong></span> <span class='ocrx_word' id='word_1_252' title='bbox 2888 1754 3212 1815; x_wconf 86' lang='lat' dir='ltr'><strong>ostenderit,</strong></span> <span class='ocrx_word' id='word_1_253' title='bbox 3247 1757 3299 1808; x_wconf 88' lang='lat' dir='ltr'><strong>in</strong></span> <span class='ocrx_word' id='word_1_254' title='bbox 3331 1756 3432 1810; x_wconf 86' lang='lat' dir='ltr'><strong>mi-</strong></span> 
     </span>
    </p>
   </div>
   <div class='ocr_carea' id='block_1_34' title="bbox 166 1829 1765 1920">
    <p class='ocr_par' dir='ltr' id='par_1_34' title="bbox 166 1829 1751 1920">
     <span class='ocr_line' id='line_1_34' title="bbox 166 1829 1751 1920; baseline -0.007 -16"><span class='ocrx_word' id='word_1_255' title='bbox 166 1829 338 1920; x_wconf 60' lang='grc' dir='ltr'>οὸλῆέ</span> <span class='ocrx_word' id='word_1_256' title='bbox 391 1848 821 1918; x_wconf 75' lang='grc' dir='ltr'>ἐπιδειξάμενος,</span> <span class='ocrx_word' id='word_1_257' title='bbox 854 1848 911 1899; x_wconf 86' lang='grc' dir='ltr'>ὲν</span> <span class='ocrx_word' id='word_1_258' title='bbox 963 1844 1494 1914; x_wconf 78' lang='grc' dir='ltr'>φιλανθρωποτέροις</span> <span class='ocrx_word' id='word_1_259' title='bbox 1546 1842 1751 1910; x_wconf 88' lang='grc' dir='ltr'>γίνεται</span> 
     </span>
    </p>
   </div>
   <div class='ocr_carea' id='block_1_35' title="bbox 1869 1829 3431 1920">
    <p class='ocr_par' dir='ltr' id='par_1_35' title="bbox 1869 1842 3431 1916">
     <span class='ocr_line' id='line_1_35' title="bbox 1869 1842 3431 1916; baseline 0.003 -19"><span class='ocrx_word' id='word_1_260' title='bbox 1869 1844 2087 1899; x_wconf 83' lang='lat' dir='ltr'><strong>.i&#39;oribus</strong></span> <span class='ocrx_word' id='word_1_261' title='bbox 2117 1844 2295 1913; x_wconf 68' lang='lat' dir='ltr'><strong>pmnis</strong></span> <span class='ocrx_word' id='word_1_262' title='bbox 2328 1853 2597 1898; x_wconf 85' lang='lat' dir='ltr'><strong>versatur.</strong></span> <span class='ocrx_word' id='word_1_263' title='bbox 2628 1842 2735 1909; x_wconf 86' lang='lat' dir='ltr'><strong>Qui</strong></span> <span class='ocrx_word' id='word_1_264' title='bbox 2765 1851 2944 1899; x_wconf 88' lang='lat' dir='ltr'><strong>autem</strong></span> <span class='ocrx_word' id='word_1_265' title='bbox 2981 1845 3035 1898; x_wconf 91' lang='lat' dir='ltr'><strong>in</strong></span> <span class='ocrx_word' id='word_1_266' title='bbox 3068 1847 3207 1899; x_wconf 86' lang='lat' dir='ltr'><strong>malo</strong></span> <span class='ocrx_word' id='word_1_267' title='bbox 3237 1848 3431 1916; x_wconf 78' lang='lat' dir='ltr'><strong>depre-</strong></span> 
     </span>
    </p>
   </div>
   <div class='ocr_carea' id='block_1_36' title="bbox 164 1934 1756 2012">
    <p class='ocr_par' dir='ltr' id='par_1_36' title="bbox 164 1934 1756 2012">
     <span class='ocr_line' id='line_1_36' title="bbox 164 1934 1756 2012; baseline -0.006 -15"><span class='ocrx_word' id='word_1_268' title='bbox 164 1946 279 2005; x_wconf 84' lang='grc' dir='ltr'>τοῖς</span> <span class='ocrx_word' id='word_1_269' title='bbox 313 1942 635 2012; x_wconf 77' lang='grc' dir='ltr'>ἐπιτιμίοις·</span> <span class='ocrx_word' id='word_1_270' title='bbox 667 1943 695 1994; x_wconf 86' lang='grc' dir='ltr'><strong>ό</strong></span> <span class='ocrx_word' id='word_1_271' title='bbox 724 1939 779 1992; x_wconf 84' lang='grc' dir='ltr'>δὲ</span> <span class='ocrx_word' id='word_1_272' title='bbox 810 1938 1083 2008; x_wconf 77' lang='grc' dir='ltr'>φωραθεὶς</span> <span class='ocrx_word' id='word_1_273' title='bbox 1127 1938 1218 1990; x_wconf 76' lang='grc' dir='ltr'><strong>ἐπὶ</strong></span> <span class='ocrx_word' id='word_1_274' title='bbox 1260 1936 1334 2006; x_wconf 81' lang='grc' dir='ltr'><strong>τῷ</strong></span> <span class='ocrx_word' id='word_1_275' title='bbox 1373 1934 1549 2005; x_wconf 80' lang='grc' dir='ltr'>κακῷ,</span> <span class='ocrx_word' id='word_1_276' title='bbox 1593 1935 1625 2004; x_wconf 80' lang='grc' dir='ltr'>ἢ</span> <span class='ocrx_word' id='word_1_277' title='bbox 1668 1934 1756 1997; x_wconf 70' lang='grc' dir='ltr'>διά</span> 
     </span>
    </p>
   </div>
   <div class='ocr_carea' id='block_1_37' title="bbox 164 2026 1755 2104">
    <p class='ocr_par' dir='ltr' id='par_1_37' title="bbox 164 2026 1755 2104">
     <span class='ocr_line' id='line_1_37' title="bbox 164 2026 1755 2104; baseline -0.007 -16"><span class='ocrx_word' id='word_1_278' title='bbox 164 2055 317 2100; x_wconf 85' lang='grc' dir='ltr'>τινος</span> <span class='ocrx_word' id='word_1_279' title='bbox 359 2036 617 2104; x_wconf 73' lang='grc' dir='ltr'>ὑποψίας,</span> <span class='ocrx_word' id='word_1_280' title='bbox 648 2033 681 2103; x_wconf 83' lang='grc' dir='ltr'><strong>ἥ</strong></span> <span class='ocrx_word' id='word_1_281' title='bbox 710 2031 1047 2102; x_wconf 84' lang='grc' dir='ltr'>κατηγορίας</span> <span class='ocrx_word' id='word_1_282' title='bbox 1076 2029 1345 2091; x_wconf 83' lang='grc' dir='ltr'>ἀκουσίως</span> <span class='ocrx_word' id='word_1_283' title='bbox 1372 2026 1666 2096; x_wconf 77' lang='grc' dir='ltr'>ἐλεγχθεὶς,</span> <span class='ocrx_word' id='word_1_284' title='bbox 1700 2028 1755 2078; x_wconf 79' lang='grc' dir='ltr'>ἐν</span> 
     </span>
    </p>
   </div>
   <div class='ocr_carea' id='block_1_38' title="bbox 166 2119 1753 2199">
    <p class='ocr_par' dir='ltr' id='par_1_38' title="bbox 166 2119 1753 2199">
     <span class='ocr_line' id='line_1_38' title="bbox 166 2119 1753 2199; baseline -0.009 -14"><span class='ocrx_word' id='word_1_285' title='bbox 166 2128 580 2199; x_wconf 66' lang='grc' dir='ltr'>ὲτιιτεταγμένῃ</span> <span class='ocrx_word' id='word_1_286' title='bbox 627 2126 834 2194; x_wconf 83' lang='grc' dir='ltr'>γίνεται</span> <span class='ocrx_word' id='word_1_287' title='bbox 866 2127 932 2195; x_wconf 80' lang='grc' dir='ltr'>τῇ</span> <span class='ocrx_word' id='word_1_288' title='bbox 965 2124 1300 2192; x_wconf 74' lang='grc' dir='ltr'>ἐπιστροφῇο</span> <span class='ocrx_word' id='word_1_289' title='bbox 1336 2121 1477 2175; x_wconf 79' lang='grc' dir='ltr'>ὥστε</span> <span class='ocrx_word' id='word_1_290' title='bbox 1523 2119 1753 2199; x_wconf 61' lang='grc' dir='ltr'>καθαριτ</span> 
     </span>
    </p>
   </div>
   <div class='ocr_carea' id='block_1_39' title="bbox 168 2194 1759 2289">
    <p class='ocr_par' dir='ltr' id='par_1_39' title="bbox 168 2194 1759 2289">
     <span class='ocr_line' id='line_1_39' title="bbox 168 2194 1759 2289; baseline -0.008 -13"><span class='ocrx_word' id='word_1_291' title='bbox 168 2223 374 2276; x_wconf 78' lang='grc' dir='ltr'>σθέντα</span> <span class='ocrx_word' id='word_1_292' title='bbox 402 2222 469 2275; x_wconf 86' lang='grc' dir='ltr'><strong>δι’</strong></span> <span class='ocrx_word' id='word_1_293' title='bbox 499 2219 783 2289; x_wconf 77' lang='grc' dir='ltr'>ἀκριϐείας</span> <span class='ocrx_word' id='word_1_294' title='bbox 815 2217 1002 2278; x_wconf 77' lang='grc' dir='ltr'>αὑτὸν,</span> <span class='ocrx_word' id='word_1_295' title='bbox 1026 2215 1197 2278; x_wconf 73' lang='grc' dir='ltr'>οὕτως</span> <span class='ocrx_word' id='word_1_296' title='bbox 1220 2215 1312 2266; x_wconf 74' lang='grc' dir='ltr'><strong>ἐπὶ</strong></span> <span class='ocrx_word' id='word_1_297' title='bbox 1344 2217 1441 2284; x_wconf 79' lang='grc' dir='ltr'>τὴν</span> <span class='ocrx_word' id='word_1_298' title='bbox 1471 2211 1579 2265; x_wconf 82' lang='grc' dir='ltr'>τῶν</span> <span class='ocrx_word' id='word_1_299' title='bbox 1603 2194 1759 2276; x_wconf 50' lang='grc' dir='ltr'>ἀγιαλ</span> 
     </span>
    </p>
   </div>
   <div class='ocr_carea' id='block_1_40' title="bbox 170 2301 1758 2383">
    <p class='ocr_par' dir='ltr' id='par_1_40' title="bbox 170 2301 1758 2383">
     <span class='ocr_line' id='line_1_40' title="bbox 170 2301 1758 2383; baseline -0.008 -16"><span class='ocrx_word' id='word_1_300' title='bbox 170 2314 403 2383; x_wconf 85' lang='grc' dir='ltr'>σμάτων</span> <span class='ocrx_word' id='word_1_301' title='bbox 443 2309 729 2365; x_wconf 86' lang='grc' dir='ltr'>κοινωνίαν</span> <span class='ocrx_word' id='word_1_302' title='bbox 762 2305 1171 2377; x_wconf 80' lang='grc' dir='ltr'>παραδεχθῆναι</span> <span class='ocrx_word' id='word_1_303' title='bbox 1192 2320 1204 2332; x_wconf 78' lang='grc'><strong><em>⁸</em></strong></span> <span class='ocrx_word' id='word_1_304' title='bbox 1245 2302 1361 2355; x_wconf 78' lang='grc' dir='ltr'>ἔστι</span> <span class='ocrx_word' id='word_1_305' title='bbox 1391 2301 1569 2355; x_wconf 85' lang='grc' dir='ltr'>τοίνυν</span> <span class='ocrx_word' id='word_1_306' title='bbox 1598 2303 1626 2354; x_wconf 84' lang='grc' dir='ltr'>ὁ</span> <span class='ocrx_word' id='word_1_307' title='bbox 1656 2319 1758 2355; x_wconf 89' lang='grc' dir='ltr'>κα-</span> 
     </span>
    </p>
   </div>
   <div class='ocr_carea' id='block_1_41' title="bbox 167 2395 1759 2471">
    <p class='ocr_par' dir='ltr' id='par_1_41' title="bbox 167 2395 1759 2471">
     <span class='ocr_line' id='line_1_41' title="bbox 167 2395 1759 2471; baseline -0.009 -11"><span class='ocrx_word' id='word_1_308' title='bbox 167 2405 281 2460; x_wconf 85' lang='grc' dir='ltr'>νὼν</span> <span class='ocrx_word' id='word_1_309' title='bbox 321 2403 594 2466; x_wconf 79' lang='grc' dir='ltr'>τοιοῦτος,</span> <span class='ocrx_word' id='word_1_310' title='bbox 625 2401 764 2455; x_wconf 83' lang='grc' dir='ltr'>ὥστε</span> <span class='ocrx_word' id='word_1_311' title='bbox 792 2400 917 2471; x_wconf 79' lang='grc' dir='ltr'>τοὺς</span> <span class='ocrx_word' id='word_1_312' title='bbox 944 2399 1002 2450; x_wconf 84' lang='grc' dir='ltr'><strong>ὲν</strong></span> <span class='ocrx_word' id='word_1_313' title='bbox 1038 2397 1263 2466; x_wconf 82' lang='grc' dir='ltr'>πορνείᾳ</span> <span class='ocrx_word' id='word_1_314' title='bbox 1292 2395 1673 2465; x_wconf 81' lang='grc' dir='ltr'>μολυνθέντας,</span> <span class='ocrx_word' id='word_1_315' title='bbox 1700 2395 1759 2445; x_wconf 73' lang='grc' dir='ltr'><strong>ἐν</strong></span> 
     </span>
    </p>
   </div>
   <div class='ocr_carea' id='block_1_42' title="bbox 169 2485 1761 2567">
    <p class='ocr_par' dir='ltr' id='par_1_42' title="bbox 169 2485 1761 2567">
     <span class='ocr_line' id='line_1_42' title="bbox 169 2485 1761 2567; baseline -0.008 -17"><span class='ocrx_word' id='word_1_316' title='bbox 169 2498 326 2567; x_wconf 73' lang='grc' dir='ltr'><strong>τρι.σῖ¹</strong></span> <span class='ocrx_word' id='word_1_317' title='bbox 358 2496 477 2565; x_wconf 82' lang='grc' dir='ltr'>μὲν,</span> <span class='ocrx_word' id='word_1_318' title='bbox 504 2495 601 2564; x_wconf 81' lang='grc' dir='ltr'>τῆς</span> <span class='ocrx_word' id='word_1_319' title='bbox 625 2491 940 2561; x_wconf 84' lang='grc' dir='ltr'>ἀκροάσεως</span> <span class='ocrx_word' id='word_1_320' title='bbox 973 2489 1221 2559; x_wconf 79' lang='grc' dir='ltr'>μετέχειν</span> <span class='ocrx_word' id='word_1_321' title='bbox 1255 2487 1453 2557; x_wconf 77' lang='grc' dir='ltr'>μόνηςο</span> <span class='ocrx_word' id='word_1_322' title='bbox 1496 2488 1553 2539; x_wconf 83' lang='grc' dir='ltr'><strong>ὲν</strong></span> <span class='ocrx_word' id='word_1_323' title='bbox 1583 2485 1761 2549; x_wconf 80' lang='grc' dir='ltr'>ἄλλοις</span> 
     </span>
    </p>
   </div>
   <div class='ocr_carea' id='block_1_43' title="bbox 169 2578 1762 2661">
    <p class='ocr_par' dir='ltr' id='par_1_43' title="bbox 169 2578 1762 2661">
     <span class='ocr_line' id='line_1_43' title="bbox 169 2578 1762 2661; baseline -0.009 -16"><span class='ocrx_word' id='word_1_324' title='bbox 169 2592 233 2644; x_wconf 76' lang='grc' dir='ltr'>δὲ</span> <span class='ocrx_word' id='word_1_325' title='bbox 254 2594 432 2661; x_wconf 70' lang='grc' dir='ltr'>τρισὶν</span> <span class='ocrx_word' id='word_1_326' title='bbox 454 2589 617 2642; x_wconf 73' lang='grc' dir='ltr'>ἔτεσι,</span> <span class='ocrx_word' id='word_1_327' title='bbox 640 2584 773 2656; x_wconf 77' lang='grc' dir='ltr'>μετὰ</span> <span class='ocrx_word' id='word_1_328' title='bbox 800 2583 905 2637; x_wconf 83' lang='grc' dir='ltr'>τῶν</span> <span class='ocrx_word' id='word_1_329' title='bbox 928 2586 984 2636; x_wconf 81' lang='grc' dir='ltr'>ὲν</span> <span class='ocrx_word' id='word_1_330' title='bbox 1009 2585 1076 2653; x_wconf 80' lang='grc' dir='ltr'>τῇ</span> <span class='ocrx_word' id='word_1_331' title='bbox 1093 2584 1394 2651; x_wconf 73' lang='grc' dir='ltr'>ἐπιστροφῇ</span> <span class='ocrx_word' id='word_1_332' title='bbox 1428 2578 1762 2632; x_wconf 83' lang='grc' dir='ltr'>ὑποπιπτόν-</span> 
     </span>
    </p>
   </div>
   <div class='ocr_carea' id='block_1_44' title="bbox 170 2670 1763 2752">
    <p class='ocr_par' dir='ltr' id='par_1_44' title="bbox 170 2670 1763 2752">
     <span class='ocr_line' id='line_1_44' title="bbox 170 2670 1763 2752; baseline -0.009 -16"><span class='ocrx_word' id='word_1_333' title='bbox 170 2700 286 2736; x_wconf 82' lang='grc' dir='ltr'><strong>των</strong></span> <span class='ocrx_word' id='word_1_334' title='bbox 323 2679 742 2752; x_wconf 83' lang='grc' dir='ltr'>προσεύχεσθαι,</span> <span class='ocrx_word' id='word_1_335' title='bbox 782 2677 878 2729; x_wconf 69' lang='grc' dir='ltr'><strong>καὶ</strong></span> <span class='ocrx_word' id='word_1_336' title='bbox 906 2676 1025 2728; x_wconf 89' lang='grc' dir='ltr'>τότε</span> <span class='ocrx_word' id='word_1_337' title='bbox 1064 2674 1314 2745; x_wconf 77' lang='grc' dir='ltr'>μετέχειν</span> <span class='ocrx_word' id='word_1_338' title='bbox 1346 2670 1455 2724; x_wconf 83' lang='grc' dir='ltr'>τῶν</span> <span class='ocrx_word' id='word_1_339' title='bbox 1484 2670 1763 2739; x_wconf 83' lang='grc' dir='ltr'>ἁγιασμά-</span> 
     </span>
    </p>
   </div>
   <div class='ocr_carea' id='block_1_45' title="bbox 172 2761 1763 2835">
    <p class='ocr_par' dir='ltr' id='par_1_45' title="bbox 172 2761 1763 2835">
     <span class='ocr_line' id='line_1_45' title="bbox 172 2761 1763 2835; baseline -0.009 -9"><span class='ocrx_word' id='word_1_340' title='bbox 172 2789 318 2826; x_wconf 83' lang='grc' dir='ltr'>των·</span> <span class='ocrx_word' id='word_1_341' title='bbox 354 2771 447 2823; x_wconf 77' lang='grc' dir='ltr'><strong>ἐπὶ</strong></span> <span class='ocrx_word' id='word_1_342' title='bbox 475 2769 532 2821; x_wconf 80' lang='grc' dir='ltr'>δὲ</span> <span class='ocrx_word' id='word_1_343' title='bbox 565 2768 671 2821; x_wconf 82' lang='grc' dir='ltr'>τῶν</span> <span class='ocrx_word' id='word_1_344' title='bbox 712 2765 1128 2835; x_wconf 85' lang='grc' dir='ltr'>σπουδαιότερον</span> <span class='ocrx_word' id='word_1_345' title='bbox 1158 2761 1512 2833; x_wconf 83' lang='grc' dir='ltr'>κεχρημένων</span> <span class='ocrx_word' id='word_1_346' title='bbox 1544 2763 1608 2831; x_wconf 81' lang='grc' dir='ltr'>τῇ</span> <span class='ocrx_word' id='word_1_347' title='bbox 1642 2761 1763 2812; x_wconf 82' lang='grc' dir='ltr'>ὲπι-</span> 
     </span>
    </p>
   </div>
   <div class='ocr_carea' id='block_1_46' title="bbox 177 2849 1764 2934">
    <p class='ocr_par' dir='ltr' id='par_1_46' title="bbox 177 2849 1764 2934">
     <span class='ocr_line' id='line_1_46' title="bbox 177 2849 1764 2934; baseline -0.009 -17"><span class='ocrx_word' id='word_1_348' title='bbox 177 2865 415 2934; x_wconf 68' lang='grc' dir='ltr'>στροφῇ,</span> <span class='ocrx_word' id='word_1_349' title='bbox 446 2861 542 2913; x_wconf 76' lang='grc' dir='ltr'><strong>καὶ</strong></span> <span class='ocrx_word' id='word_1_350' title='bbox 578 2859 654 2929; x_wconf 82' lang='grc' dir='ltr'>τῷ</span> <span class='ocrx_word' id='word_1_351' title='bbox 686 2857 785 2928; x_wconf 83' lang='grc' dir='ltr'>βίῳ</span> <span class='ocrx_word' id='word_1_352' title='bbox 816 2855 1140 2909; x_wconf 85' lang='grc' dir='ltr'>δεικνύντων</span> <span class='ocrx_word' id='word_1_353' title='bbox 1167 2853 1264 2924; x_wconf 80' lang='grc' dir='ltr'>τὴν</span> <span class='ocrx_word' id='word_1_354' title='bbox 1298 2853 1434 2924; x_wconf 78' lang='grc' dir='ltr'>πρὸς</span> <span class='ocrx_word' id='word_1_355' title='bbox 1466 2853 1526 2904; x_wconf 74' lang='grc' dir='ltr'>τὸ</span> <span class='ocrx_word' id='word_1_356' title='bbox 1560 2849 1764 2918; x_wconf 84' lang='grc' dir='ltr'>ἀγαθὸν</span> 
     </span>
    </p>
   </div>
   <div class='ocr_carea' id='block_1_47' title="bbox 176 2942 1765 3020">
    <p class='ocr_par' dir='ltr' id='par_1_47' title="bbox 176 2942 1765 3020">
     <span class='ocr_line' id='line_1_47' title="bbox 176 2942 1765 3020; baseline -0.01 -11"><span class='ocrx_word' id='word_1_357' title='bbox 176 2955 461 3015; x_wconf 71' lang='grc' dir='ltr'>ἐπάνοδον,</span> <span class='ocrx_word' id='word_1_358' title='bbox 492 2953 666 3016; x_wconf 76' lang='grc' dir='ltr'>ἔξεστι</span> <span class='ocrx_word' id='word_1_359' title='bbox 697 2949 773 3020; x_wconf 83' lang='grc' dir='ltr'><strong>τῷ</strong></span> <span class='ocrx_word' id='word_1_360' title='bbox 804 2946 1173 3016; x_wconf 72' lang='grc' dir='ltr'>οἰκονομοῦντι</span> <span class='ocrx_word' id='word_1_361' title='bbox 1214 2944 1349 3016; x_wconf 85' lang='grc' dir='ltr'>πρὸς</span> <span class='ocrx_word' id='word_1_362' title='bbox 1393 2943 1455 2996; x_wconf 82' lang='grc' dir='ltr'>τὸ</span> <span class='ocrx_word' id='word_1_363' title='bbox 1488 2942 1765 3013; x_wconf 79' lang='grc' dir='ltr'>συμφέρον</span> 
     </span>
    </p>
   </div>
   <div class='ocr_carea' id='block_1_48' title="bbox 177 3034 1765 3118">
    <p class='ocr_par' dir='ltr' id='par_1_48' title="bbox 177 3034 1765 3118">
     <span class='ocr_line' id='line_1_48' title="bbox 177 3034 1765 3118; baseline -0.009 -17"><span class='ocrx_word' id='word_1_364' title='bbox 177 3050 248 3118; x_wconf 81' lang='grc' dir='ltr'>τῇ</span> <span class='ocrx_word' id='word_1_365' title='bbox 279 3046 707 3115; x_wconf 80' lang='grc' dir='ltr'>ἑκκλησιαστικῇ</span> <span class='ocrx_word' id='word_1_366' title='bbox 731 3041 1013 3112; x_wconf 74' lang='grc' dir='ltr'>οἰκονομίᾳ</span> <span class='ocrx_word' id='word_1_367' title='bbox 1037 3038 1321 3107; x_wconf 86' lang='grc' dir='ltr'>συντεμεῖν</span> <span class='ocrx_word' id='word_1_368' title='bbox 1343 3035 1433 3089; x_wconf 81' lang='grc' dir='ltr'>τὸν</span> <span class='ocrx_word' id='word_1_369' title='bbox 1453 3037 1643 3107; x_wconf 81' lang='grc' dir='ltr'>χρόνον</span> <span class='ocrx_word' id='word_1_370' title='bbox 1668 3034 1765 3105; x_wconf 81' lang='grc' dir='ltr'>τῆς</span> 
     </span>
    </p>
   </div>
   <div class='ocr_carea' id='block_1_49' title="bbox 178 3128 1767 3210">
    <p class='ocr_par' dir='ltr' id='par_1_49' title="bbox 178 3128 1767 3210">
     <span class='ocr_line' id='line_1_49' title="bbox 178 3128 1767 3210; baseline -0.009 -17"><span class='ocrx_word' id='word_1_371' title='bbox 178 3140 524 3210; x_wconf 76' lang='grc' dir='ltr'>ἀκροάσεως,</span> <span class='ocrx_word' id='word_1_372' title='bbox 555 3136 649 3189; x_wconf 72' lang='grc' dir='ltr'>καὶ</span> <span class='ocrx_word' id='word_1_373' title='bbox 678 3134 863 3205; x_wconf 82' lang='grc' dir='ltr'>τάχιον</span> <span class='ocrx_word' id='word_1_374' title='bbox 890 3134 970 3196; x_wconf 89' lang='grc' dir='ltr'><strong>είς</strong></span> <span class='ocrx_word' id='word_1_375' title='bbox 1004 3131 1337 3202; x_wconf 77' lang='grc' dir='ltr'>ἐπιστροφὴν</span> <span class='ocrx_word' id='word_1_376' title='bbox 1361 3130 1588 3197; x_wconf 81' lang='grc' dir='ltr'><strong>ἀγαγεῖν</strong></span> <span class='ocrx_word' id='word_1_377' title='bbox 1613 3144 1626 3158; x_wconf 91' lang='grc'><strong>·</strong></span> <span class='ocrx_word' id='word_1_378' title='bbox 1671 3128 1767 3181; x_wconf 72' lang='grc' dir='ltr'>καὶ</span> 
     </span>
    </p>
   </div>
   <div class='ocr_carea' id='block_1_50' title="bbox 181 3218 1765 3294">
    <p class='ocr_par' dir='ltr' id='par_1_50' title="bbox 181 3218 1765 3294">
     <span class='ocr_line' id='line_1_50' title="bbox 181 3218 1765 3294; baseline -0.008 -10"><span class='ocrx_word' id='word_1_379' title='bbox 181 3231 351 3284; x_wconf 76' lang='grc' dir='ltr'>πάλιν</span> <span class='ocrx_word' id='word_1_380' title='bbox 399 3230 492 3282; x_wconf 77' lang='grc' dir='ltr'>καὶ</span> <span class='ocrx_word' id='word_1_381' title='bbox 533 3227 721 3280; x_wconf 77' lang='grc' dir='ltr'>τοῦτον</span> <span class='ocrx_word' id='word_1_382' title='bbox 764 3226 1045 3293; x_wconf 86' lang='grc' dir='ltr'>συντεμεῖν</span> <span class='ocrx_word' id='word_1_383' title='bbox 1075 3224 1165 3275; x_wconf 73' lang='grc' dir='ltr'><strong>τὸν</strong></span> <span class='ocrx_word' id='word_1_384' title='bbox 1194 3221 1405 3294; x_wconf 89' lang='grc' dir='ltr'>χρόνον,</span> <span class='ocrx_word' id='word_1_385' title='bbox 1437 3220 1535 3274; x_wconf 75' lang='grc' dir='ltr'>καὶ</span> <span class='ocrx_word' id='word_1_386' title='bbox 1579 3218 1765 3287; x_wconf 85' lang='grc' dir='ltr'>τάχιον</span> 
     </span>
    </p>
   </div>
   <div class='ocr_carea' id='block_1_51' title="bbox 183 3304 1765 3385">
    <p class='ocr_par' dir='ltr' id='par_1_51' title="bbox 183 3304 1765 3385">
     <span class='ocr_line' id='line_1_51' title="bbox 183 3304 1765 3385; baseline -0.012 -11"><span class='ocrx_word' id='word_1_387' title='bbox 183 3318 481 3374; x_wconf 77' lang='grc' dir='ltr'>ἀποδοῦναι</span> <span class='ocrx_word' id='word_1_388' title='bbox 512 3318 610 3385; x_wconf 70' lang='grc' dir='ltr'>τὴν</span> <span class='ocrx_word' id='word_1_389' title='bbox 641 3313 946 3377; x_wconf 79' lang='grc' dir='ltr'>κοινωνίαν,</span> <span class='ocrx_word' id='word_1_390' title='bbox 978 3314 1123 3374; x_wconf 79' lang='grc' dir='ltr'>ὅπως</span> <span class='ocrx_word' id='word_1_391' title='bbox 1168 3308 1234 3371; x_wconf 83' lang='grc' dir='ltr'>ἂν</span> <span class='ocrx_word' id='word_1_392' title='bbox 1280 3310 1345 3378; x_wconf 82' lang='grc' dir='ltr'><strong>τῇ</strong></span> <span class='ocrx_word' id='word_1_393' title='bbox 1376 3304 1571 3359; x_wconf 77' lang='grc' dir='ltr'>ἑαυτοῦ</span> <span class='ocrx_word' id='word_1_394' title='bbox 1615 3304 1765 3357; x_wconf 88' lang='grc' dir='ltr'>δοκι-</span> 
     </span>
    </p>
   </div>
   <div class='ocr_carea' id='block_1_52' title="bbox 186 3396 1765 3483">
    <p class='ocr_par' dir='ltr' id='par_1_52' title="bbox 186 3396 1765 3483">
     <span class='ocr_line' id='line_1_52' title="bbox 186 3396 1765 3483; baseline -0.009 -19"><span class='ocrx_word' id='word_1_395' title='bbox 186 3411 364 3483; x_wconf 69' lang='grc' dir='ltr'>μασίᾳ.</span> <span class='ocrx_word' id='word_1_396' title='bbox 397 3410 638 3479; x_wconf 81' lang='grc' dir='ltr'>ἐγκρίνοι</span> <span class='ocrx_word' id='word_1_397' title='bbox 676 3408 773 3477; x_wconf 79' lang='grc' dir='ltr'>τὴν</span> <span class='ocrx_word' id='word_1_398' title='bbox 804 3405 896 3458; x_wconf 81' lang='grc' dir='ltr'><strong>τοῦ</strong></span> <span class='ocrx_word' id='word_1_399' title='bbox 930 3400 1367 3472; x_wconf 80' lang='grc' dir='ltr'>θεραπευομένου</span> <span class='ocrx_word' id='word_1_400' title='bbox 1401 3396 1765 3451; x_wconf 66' lang='grc' dir='ltr'>κατάστασιντ</span> 
     </span>
    </p>
   </div>
   <div class='ocr_carea' id='block_1_53' title="bbox 184 3486 1770 3573">
    <p class='ocr_par' dir='ltr' id='par_1_53' title="bbox 184 3486 1770 3573">
     <span class='ocr_line' id='line_1_53' title="bbox 184 3486 1770 3573; baseline -0.011 -15"><span class='ocrx_word' id='word_1_401' title='bbox 184 3504 381 3573; x_wconf 78' lang='grc' dir='ltr'>ὥσπερ</span> <span class='ocrx_word' id='word_1_402' title='bbox 413 3504 522 3572; x_wconf 74' lang='grc' dir='ltr'>γὰρ</span> <span class='ocrx_word' id='word_1_403' title='bbox 560 3502 622 3553; x_wconf 80' lang='grc' dir='ltr'><strong>τὸ</strong></span> <span class='ocrx_word' id='word_1_404' title='bbox 651 3501 763 3560; x_wconf 87' lang='grc' dir='ltr'>τοῖς</span> <span class='ocrx_word' id='word_1_405' title='bbox 798 3497 1002 3568; x_wconf 83' lang='grc' dir='ltr'>χοίροις</span> <span class='ocrx_word' id='word_1_406' title='bbox 1035 3494 1246 3567; x_wconf 78' lang='grc' dir='ltr'>ῥίπτειν</span> <span class='ocrx_word' id='word_1_407' title='bbox 1288 3490 1378 3544; x_wconf 71' lang='grc' dir='ltr'>τὸν</span> <span class='ocrx_word' id='word_1_408' title='bbox 1422 3486 1770 3559; x_wconf 79' lang='grc' dir='ltr'>μαργαρίτην</span> 
     </span>
    </p>
   </div>
   <div class='ocr_carea' id='block_1_54' title="bbox 186 3575 1774 3664">
    <p class='ocr_par' dir='ltr' id='par_1_54' title="bbox 186 3575 1774 3664">
     <span class='ocr_line' id='line_1_54' title="bbox 186 3575 1774 3664; baseline -0.013 -15"><span class='ocrx_word' id='word_1_409' title='bbox 186 3594 506 3664; x_wconf 83' lang='grc' dir='ltr'>ἀπείρηται,</span> <span class='ocrx_word' id='word_1_410' title='bbox 537 3590 707 3653; x_wconf 74' lang='grc' dir='ltr'>οὕτως</span> <span class='ocrx_word' id='word_1_411' title='bbox 741 3589 801 3642; x_wconf 84' lang='grc' dir='ltr'><strong>τὸ</strong></span> <span class='ocrx_word' id='word_1_412' title='bbox 831 3588 1153 3657; x_wconf 82' lang='grc' dir='ltr'>ἀποστερεῖν</span> <span class='ocrx_word' id='word_1_413' title='bbox 1180 3584 1271 3636; x_wconf 83' lang='grc' dir='ltr'><strong>τοῦ</strong></span> <span class='ocrx_word' id='word_1_414' title='bbox 1293 3581 1474 3652; x_wconf 89' lang='grc' dir='ltr'>τιμίου</span> <span class='ocrx_word' id='word_1_415' title='bbox 1503 3575 1774 3650; x_wconf 85' lang='grc' dir='ltr'>μαργαρί-</span> 
     </span>
    </p>
   </div>
   <div class='ocr_carea' id='block_1_55' title="bbox 187 3670 1773 3754">
    <p class='ocr_par' dir='ltr' id='par_1_55' title="bbox 187 3670 1773 3754">
     <span class='ocr_line' id='line_1_55' title="bbox 187 3670 1773 3754; baseline -0.013 -13"><span class='ocrx_word' id='word_1_416' title='bbox 187 3704 283 3741; x_wconf 87' lang='grc' dir='ltr'><strong>του</strong></span> <span class='ocrx_word' id='word_1_417' title='bbox 330 3686 420 3738; x_wconf 71' lang='grc' dir='ltr'>τὸν</span> <span class='ocrx_word' id='word_1_418' title='bbox 460 3683 561 3754; x_wconf 74' lang='grc' dir='ltr'>ἤδη</span> <span class='ocrx_word' id='word_1_419' title='bbox 599 3682 882 3751; x_wconf 78' lang='grc' dir='ltr'>ἄνθρωπον</span> <span class='ocrx_word' id='word_1_420' title='bbox 912 3678 999 3732; x_wconf 81' lang='grc' dir='ltr'>διὰ</span> <span class='ocrx_word' id='word_1_421' title='bbox 1044 3677 1143 3753; x_wconf 78' lang='grc' dir='ltr'>τῆς</span> <span class='ocrx_word' id='word_1_422' title='bbox 1188 3672 1558 3744; x_wconf 88' lang='grc' dir='ltr'>καθαρότητός</span> <span class='ocrx_word' id='word_1_423' title='bbox 1587 3686 1646 3722; x_wconf 91' lang='grc' dir='ltr'><strong>τε</strong></span> <span class='ocrx_word' id='word_1_424' title='bbox 1680 3670 1773 3722; x_wconf 75' lang='grc' dir='ltr'>καὶ</span> 
     </span>
    </p>
   </div>
   <div class='ocr_carea' id='block_1_56' title="bbox 189 3758 1775 3843">
    <p class='ocr_par' dir='ltr' id='par_1_56' title="bbox 189 3758 1775 3843">
     <span class='ocr_line' id='line_1_56' title="bbox 189 3758 1775 3843; baseline -0.013 -12"><span class='ocrx_word' id='word_1_425' title='bbox 189 3777 464 3838; x_wconf 82' lang='grc' dir='ltr'>ἀπαθείας</span> <span class='ocrx_word' id='word_1_426' title='bbox 505 3774 816 3843; x_wconf 85' lang='grc' dir='ltr'>γενόμενον,</span> <span class='ocrx_word' id='word_1_427' title='bbox 852 3770 961 3825; x_wconf 81' lang='grc' dir='ltr'>τῶν</span> <span class='ocrx_word' id='word_1_428' title='bbox 1000 3769 1215 3823; x_wconf 85' lang='grc' dir='ltr'>ἀτόπων</span> <span class='ocrx_word' id='word_1_429' title='bbox 1263 3765 1440 3819; x_wconf 75' lang='grc' dir='ltr'>ἐστίν’</span> <span class='ocrx_word' id='word_1_430' title='bbox 1475 3765 1507 3833; x_wconf 77' lang='grc' dir='ltr'>ἡ</span> <span class='ocrx_word' id='word_1_431' title='bbox 1546 3761 1603 3815; x_wconf 78' lang='grc' dir='ltr'>δὲ</span> <span class='ocrx_word' id='word_1_432' title='bbox 1634 3758 1775 3813; x_wconf 87' lang='grc' dir='ltr'><strong>κατά</strong></span> 
     </span>
    </p>
   </div>
   <div class='ocr_carea' id='block_1_57' title="bbox 193 3855 1774 3943">
    <p class='ocr_par' dir='ltr' id='par_1_57' title="bbox 193 3855 1774 3943">
     <span class='ocr_line' id='line_1_57' title="bbox 193 3855 1774 3943; baseline -0.012 -19"><span class='ocrx_word' id='word_1_433' title='bbox 193 3870 445 3943; x_wconf 86' lang='grc' dir='ltr'>μοιχείαν</span> <span class='ocrx_word' id='word_1_434' title='bbox 494 3869 614 3939; x_wconf 76' lang='grc' dir='ltr'>ἤτοι</span> <span class='ocrx_word' id='word_1_435' title='bbox 661 3868 801 3923; x_wconf 84' lang='grc' dir='ltr'>κατὰ</span> <span class='ocrx_word' id='word_1_436' title='bbox 834 3864 902 3918; x_wconf 87' lang='grc' dir='ltr'><strong>τά</strong></span> <span class='ocrx_word' id='word_1_437' title='bbox 938 3864 1101 3919; x_wconf 85' lang='grc' dir='ltr'>λοιπὰ</span> <span class='ocrx_word' id='word_1_438' title='bbox 1140 3861 1254 3931; x_wconf 81' lang='grc' dir='ltr'>εἴδη</span> <span class='ocrx_word' id='word_1_439' title='bbox 1292 3860 1389 3929; x_wconf 81' lang='grc' dir='ltr'>τῆς</span> <span class='ocrx_word' id='word_1_440' title='bbox 1432 3855 1774 3927; x_wconf 81' lang='grc' dir='ltr'>ἀκαθαρσίας</span> 
     </span>
    </p>
   </div>
   <div class='ocr_carea' id='block_1_58' title="bbox 190 3949 1775 4032">
    <p class='ocr_par' dir='ltr' id='par_1_58' title="bbox 190 3949 1775 4032">
     <span class='ocr_line' id='line_1_58' title="bbox 190 3949 1775 4032; baseline -0.01 -16"><span class='ocrx_word' id='word_1_441' title='bbox 190 3962 462 4032; x_wconf 82' lang='grc' dir='ltr'>γενομένη</span> <span class='ocrx_word' id='word_1_442' title='bbox 493 3959 829 4031; x_wconf 83' lang='grc' dir='ltr'>παρανομία,</span> <span class='ocrx_word' id='word_1_443' title='bbox 853 3956 1037 4019; x_wconf 87' lang='grc' dir='ltr'>καθὼς</span> <span class='ocrx_word' id='word_1_444' title='bbox 1061 3953 1405 4025; x_wconf 88' lang='grc' dir='ltr'>προείρηται,</span> <span class='ocrx_word' id='word_1_445' title='bbox 1440 3950 1578 4003; x_wconf 83' lang='grc' dir='ltr'><strong>κατά</strong></span> <span class='ocrx_word' id='word_1_446' title='bbox 1599 3949 1775 4002; x_wconf 85' lang='grc' dir='ltr'>πάντα</span> 
     </span>
    </p>
   </div>
   <div class='ocr_carea' id='block_1_59' title="bbox 192 4034 1776 4125">
    <p class='ocr_par' dir='ltr' id='par_1_59' title="bbox 192 4034 1776 4125">
     <span class='ocr_line' id='line_1_59' title="bbox 192 4034 1776 4125; baseline -0.011 -17"><span class='ocrx_word' id='word_1_447' title='bbox 192 4057 250 4108; x_wconf 76' lang='grc' dir='ltr'><strong>ὲν</strong></span> <span class='ocrx_word' id='word_1_448' title='bbox 280 4052 359 4125; x_wconf 85' lang='grc' dir='ltr'>τῷ</span> <span class='ocrx_word' id='word_1_449' title='bbox 388 4050 535 4122; x_wconf 82' lang='grc' dir='ltr'>αύτῷ</span> <span class='ocrx_word' id='word_1_450' title='bbox 559 4052 787 4122; x_wconf 87' lang='grc' dir='ltr'>κρίματι</span> <span class='ocrx_word' id='word_1_451' title='bbox 815 4046 1306 4118; x_wconf 84' lang='grc' dir='ltr'>θεραπευθήσεται,</span> <span class='ocrx_word' id='word_1_452' title='bbox 1325 4042 1382 4093; x_wconf 81' lang='grc' dir='ltr'><strong>ὲν</strong></span> <span class='ocrx_word' id='word_1_453' title='bbox 1404 4034 1447 4108; x_wconf 80' lang='grc' dir='ltr'>ᾧ</span> <span class='ocrx_word' id='word_1_454' title='bbox 1469 4040 1564 4093; x_wconf 76' lang='grc' dir='ltr'><strong>καὶ</strong></span> <span class='ocrx_word' id='word_1_455' title='bbox 1595 4037 1653 4090; x_wconf 84' lang='grc' dir='ltr'>τὸ</span> <span class='ocrx_word' id='word_1_456' title='bbox 1678 4040 1776 4107; x_wconf 75' lang='grc' dir='ltr'>τῆς</span> 
     </span>
    </p>
   </div>
   <div class='ocr_carea' id='block_1_60' title="bbox 194 4130 1773 4218">
    <p class='ocr_par' dir='ltr' id='par_1_60' title="bbox 194 4130 1773 4218">
     <span class='ocr_line' id='line_1_60' title="bbox 194 4130 1773 4218; baseline -0.011 -19"><span class='ocrx_word' id='word_1_457' title='bbox 194 4144 453 4218; x_wconf 84' lang='grc' dir='ltr'>πορνείας</span> <span class='ocrx_word' id='word_1_458' title='bbox 499 4144 666 4211; x_wconf 83' lang='grc' dir='ltr'>ἄγος·</span> <span class='ocrx_word' id='word_1_459' title='bbox 711 4140 788 4211; x_wconf 80' lang='grc' dir='ltr'>τῷ</span> <span class='ocrx_word' id='word_1_460' title='bbox 832 4139 889 4193; x_wconf 81' lang='grc' dir='ltr'>δὲ</span> <span class='ocrx_word' id='word_1_461' title='bbox 933 4137 1110 4209; x_wconf 85' lang='grc' dir='ltr'>χρόνῳ</span> <span class='ocrx_word' id='word_1_462' title='bbox 1149 4135 1295 4204; x_wconf 81' lang='grc' dir='ltr'>μόνῳ</span> <span class='ocrx_word' id='word_1_463' title='bbox 1327 4130 1773 4218; x_wconf 70' lang='grc' dir='ltr'>διπλασιάζεται·</span> 
     </span>
    </p>
   </div>
   <div class='ocr_carea' id='block_1_61' title="bbox 194 4216 1779 4304">
    <p class='ocr_par' dir='ltr' id='par_1_61' title="bbox 194 4216 1779 4304">
     <span class='ocr_line' id='line_1_61' title="bbox 194 4216 1779 4304; baseline -0.013 -15"><span class='ocrx_word' id='word_1_464' title='bbox 194 4216 724 4304; x_wconf 77' lang='grc' dir='ltr'>παρατηρηθήσεται</span> <span class='ocrx_word' id='word_1_465' title='bbox 749 4230 805 4282; x_wconf 84' lang='grc' dir='ltr'>δὲ</span> <span class='ocrx_word' id='word_1_466' title='bbox 836 4228 928 4281; x_wconf 76' lang='grc' dir='ltr'>καὶ</span> <span class='ocrx_word' id='word_1_467' title='bbox 948 4226 1033 4279; x_wconf 77' lang='grc' dir='ltr'><strong>ἐπ’</strong></span> <span class='ocrx_word' id='word_1_468' title='bbox 1056 4224 1205 4294; x_wconf 86' lang='grc' dir='ltr'><strong>αύτῷ</strong></span> <span class='ocrx_word' id='word_1_469' title='bbox 1236 4226 1268 4293; x_wconf 79' lang='grc' dir='ltr'><strong>ἡ</strong></span> <span class='ocrx_word' id='word_1_470' title='bbox 1296 4221 1386 4275; x_wconf 80' lang='grc' dir='ltr'>τοῦ</span> <span class='ocrx_word' id='word_1_471' title='bbox 1416 4216 1779 4290; x_wconf 83' lang='grc' dir='ltr'>θεραπευομέ-</span> 
     </span>
    </p>
   </div>
   <div class='ocr_carea' id='block_1_62' title="bbox 192 4310 1779 4393">
    <p class='ocr_par' dir='ltr' id='par_1_62' title="bbox 192 4310 1779 4393">
     <span class='ocr_line' id='line_1_62' title="bbox 192 4310 1779 4393; baseline -0.012 -13"><span class='ocrx_word' id='word_1_472' title='bbox 192 4345 287 4381; x_wconf 68' lang='grc' dir='ltr'><strong>νου</strong></span> <span class='ocrx_word' id='word_1_473' title='bbox 323 4325 581 4389; x_wconf 81' lang='grc' dir='ltr'>διάθεσις,</span> <span class='ocrx_word' id='word_1_474' title='bbox 604 4322 661 4376; x_wconf 82' lang='grc' dir='ltr'>ὃν</span> <span class='ocrx_word' id='word_1_475' title='bbox 683 4322 879 4393; x_wconf 89' lang='grc' dir='ltr'>τρόπον</span> <span class='ocrx_word' id='word_1_476' title='bbox 906 4319 1001 4373; x_wconf 79' lang='grc' dir='ltr'>καὶ</span> <span class='ocrx_word' id='word_1_477' title='bbox 1036 4318 1127 4369; x_wconf 72' lang='grc' dir='ltr'><strong>ἐπὶ</strong></span> <span class='ocrx_word' id='word_1_478' title='bbox 1161 4315 1267 4369; x_wconf 84' lang='grc' dir='ltr'><strong>τῶν</strong></span> <span class='ocrx_word' id='word_1_479' title='bbox 1297 4314 1374 4384; x_wconf 82' lang='grc' dir='ltr'>τῷ</span> <span class='ocrx_word' id='word_1_480' title='bbox 1400 4311 1658 4383; x_wconf 82' lang='grc' dir='ltr'>μολυσμῷ</span> <span class='ocrx_word' id='word_1_481' title='bbox 1682 4310 1779 4378; x_wconf 79' lang='grc' dir='ltr'>τῆς</span> 
     </span>
    </p>
   </div>
   <div class='ocr_carea' id='block_1_63' title="bbox 194 4403 1779 4488">
    <p class='ocr_par' dir='ltr' id='par_1_63' title="bbox 194 4403 1779 4488">
     <span class='ocr_line' id='line_1_63' title="bbox 194 4403 1779 4488; baseline -0.011 -17"><span class='ocrx_word' id='word_1_482' title='bbox 194 4416 456 4488; x_wconf 82' lang='grc' dir='ltr'>πορνείας</span> <span class='ocrx_word' id='word_1_483' title='bbox 501 4413 923 4485; x_wconf 79' lang='grc' dir='ltr'>συνενεχθέντων</span> <span class='ocrx_word' id='word_1_484' title='bbox 943 4425 957 4439; x_wconf 78' lang='grc'><strong><em>⁸</em></strong></span> <span class='ocrx_word' id='word_1_485' title='bbox 994 4410 1134 4463; x_wconf 86' lang='grc' dir='ltr'>ὥστε</span> <span class='ocrx_word' id='word_1_486' title='bbox 1164 4407 1197 4479; x_wconf 85' lang='grc' dir='ltr'>ἢ</span> <span class='ocrx_word' id='word_1_487' title='bbox 1229 4406 1423 4460; x_wconf 78' lang='grc' dir='ltr'>θᾶττον</span> <span class='ocrx_word' id='word_1_488' title='bbox 1451 4404 1486 4477; x_wconf 83' lang='grc' dir='ltr'>ἢ</span> <span class='ocrx_word' id='word_1_489' title='bbox 1519 4403 1779 4475; x_wconf 85' lang='grc' dir='ltr'>βραδύτε-</span> 
     </span>
    </p>
   </div>
   <div class='ocr_carea' id='block_1_64' title="bbox 200 4496 1614 4583">
    <p class='ocr_par' dir='ltr' id='par_1_64' title="bbox 200 4496 1614 4583">
     <span class='ocr_line' id='line_1_64' title="bbox 200 4496 1614 4583; baseline -0.011 -19"><span class='ocrx_word' id='word_1_490' title='bbox 200 4528 294 4583; x_wconf 84' lang='grc' dir='ltr'><strong>ρον</strong></span> <span class='ocrx_word' id='word_1_491' title='bbox 319 4508 578 4578; x_wconf 84' lang='grc' dir='ltr'>γενέσθαι</span> <span class='ocrx_word' id='word_1_492' title='bbox 606 4508 785 4569; x_wconf 80' lang='grc' dir='ltr'>αὐτοῖς</span> <span class='ocrx_word' id='word_1_493' title='bbox 810 4504 908 4575; x_wconf 81' lang='grc' dir='ltr'>τὴν</span> <span class='ocrx_word' id='word_1_494' title='bbox 942 4501 1037 4556; x_wconf 81' lang='grc' dir='ltr'><strong>τοῦ</strong></span> <span class='ocrx_word' id='word_1_495' title='bbox 1072 4498 1275 4570; x_wconf 78' lang='grc' dir='ltr'>ἀγαθοῦ</span> <span class='ocrx_word' id='word_1_496' title='bbox 1302 4496 1614 4569; x_wconf 85' lang='grc' dir='ltr'>μετουσίαν.</span> 
     </span>
    </p>
   </div>
   <div class='ocr_carea' id='block_1_65' title="bbox 268 4587 1775 4669">
    <p class='ocr_par' dir='ltr' id='par_1_65' title="bbox 268 4587 1775 4669">
     <span class='ocr_line' id='line_1_65' title="bbox 268 4587 1775 4669; baseline -0.01 -15"><span class='ocrx_word' id='word_1_497' title='bbox 268 4603 336 4655; x_wconf 85' lang='grc' dir='ltr'><strong>δ’.</strong></span> <span class='ocrx_word' id='word_1_498' title='bbox 367 4601 630 4655; x_wconf 86' lang='grc' dir='ltr'>Λείπεται</span> <span class='ocrx_word' id='word_1_499' title='bbox 658 4596 793 4669; x_wconf 76' lang='grc' dir='ltr'>πρὸς</span> <span class='ocrx_word' id='word_1_500' title='bbox 818 4595 1027 4657; x_wconf 83' lang='grc' dir='ltr'>τούτοις</span> <span class='ocrx_word' id='word_1_501' title='bbox 1063 4594 1124 4647; x_wconf 85' lang='grc' dir='ltr'>τὸ</span> <span class='ocrx_word' id='word_1_502' title='bbox 1158 4590 1437 4662; x_wconf 83' lang='grc' dir='ltr'>θυμοειδὲς</span> <span class='ocrx_word' id='word_1_503' title='bbox 1475 4588 1574 4658; x_wconf 76' lang='grc' dir='ltr'>τῆς</span> <span class='ocrx_word' id='word_1_504' title='bbox 1599 4587 1775 4658; x_wconf 76' lang='grc' dir='ltr'>ψυχῆς</span> 
     </span>
    </p>
   </div>
   <div class='ocr_carea' id='block_1_66' title="bbox 198 4678 1781 4765">
    <p class='ocr_par' dir='ltr' id='par_1_66' title="bbox 198 4678 1781 4765">
     <span class='ocr_line' id='line_1_66' title="bbox 198 4678 1781 4765; baseline -0.013 -16"><span class='ocrx_word' id='word_1_505' title='bbox 198 4693 489 4765; x_wconf 85' lang='grc' dir='ltr'>προθεῖναι</span> <span class='ocrx_word' id='word_1_506' title='bbox 545 4691 625 4754; x_wconf 85' lang='grc' dir='ltr'><strong>είς</strong></span> <span class='ocrx_word' id='word_1_507' title='bbox 696 4686 967 4752; x_wconf 76' lang='grc' dir='ltr'>ἐξέτασιν,</span> <span class='ocrx_word' id='word_1_508' title='bbox 1014 4685 1142 4737; x_wconf 83' lang='grc' dir='ltr'>ὅταν</span> <span class='ocrx_word' id='word_1_509' title='bbox 1202 4679 1619 4751; x_wconf 74' lang='grc' dir='ltr'>παρασφαλείσα</span> <span class='ocrx_word' id='word_1_510' title='bbox 1681 4678 1781 4746; x_wconf 77' lang='grc' dir='ltr'>τῆς</span> 
     </span>
    </p>
   </div>
   <div class='ocr_carea' id='block_1_67' title="bbox 200 4770 1770 4857">
    <p class='ocr_par' dir='ltr' id='par_1_67' title="bbox 200 4770 1770 4857">
     <span class='ocr_line' id='line_1_67' title="bbox 200 4770 1770 4857; baseline -0.011 -17"><span class='ocrx_word' id='word_1_511' title='bbox 200 4786 415 4857; x_wconf 86' lang='grc' dir='ltr'>ἀγαθῆς</span> <span class='ocrx_word' id='word_1_512' title='bbox 469 4782 562 4837; x_wconf 78' lang='grc' dir='ltr'><strong>τού</strong></span> <span class='ocrx_word' id='word_1_513' title='bbox 597 4779 768 4850; x_wconf 80' lang='grc' dir='ltr'>θυμοῦ</span> <span class='ocrx_word' id='word_1_514' title='bbox 799 4779 1064 4849; x_wconf 78' lang='grc' dir='ltr'>χρήσεως,</span> <span class='ocrx_word' id='word_1_515' title='bbox 1095 4776 1182 4838; x_wconf 88' lang='grc' dir='ltr'>είς-</span> <span class='ocrx_word' id='word_1_516' title='bbox 1228 4772 1503 4843; x_wconf 83' lang='grc' dir='ltr'>ἁμαρτίαν</span> <span class='ocrx_word' id='word_1_517' title='bbox 1529 4770 1770 4842; x_wconf 75' lang='grc' dir='ltr'>ὲκπέση’</span> 
     </span>
    </p>
   </div>
   <div class='ocr_carea' id='block_1_68' title="bbox 203 4860 1782 4934">
    <p class='ocr_par' dir='ltr' id='par_1_68' title="bbox 203 4860 1782 4934">
     <span class='ocr_line' id='line_1_68' title="bbox 203 4860 1782 4934; baseline -0.013 -4"><span class='ocrx_word' id='word_1_518' title='bbox 203 4876 414 4930; x_wconf 76' lang='grc' dir='ltr'>πολλῶν</span> <span class='ocrx_word' id='word_1_519' title='bbox 436 4873 494 4927; x_wconf 80' lang='grc' dir='ltr'>δὲ</span> <span class='ocrx_word' id='word_1_520' title='bbox 520 4872 689 4925; x_wconf 76' lang='grc' dir='ltr'>όντων</span> <span class='ocrx_word' id='word_1_521' title='bbox 716 4869 824 4921; x_wconf 80' lang='grc' dir='ltr'><strong>τῶν</strong></span> <span class='ocrx_word' id='word_1_522' title='bbox 849 4865 993 4919; x_wconf 89' lang='grc' dir='ltr'><strong>κατά</strong></span> <span class='ocrx_word' id='word_1_523' title='bbox 1028 4863 1192 4934; x_wconf 75' lang='grc' dir='ltr'>θυμὸν</span> <span class='ocrx_word' id='word_1_524' title='bbox 1224 4863 1303 4926; x_wconf 82' lang='grc' dir='ltr'>εἰς</span> <span class='ocrx_word' id='word_1_525' title='bbox 1333 4860 1604 4932; x_wconf 87' lang='grc' dir='ltr'>ἁμαρτίαν</span> <span class='ocrx_word' id='word_1_526' title='bbox 1637 4860 1782 4930; x_wconf 77' lang='grc' dir='ltr'>ἐνερ-</span> 
     </span>
    </p>
   </div>
   <div class='ocr_carea' id='block_1_69' title="bbox 200 4949 1780 5040">
    <p class='ocr_par' dir='ltr' id='par_1_69' title="bbox 200 4949 1780 5040">
     <span class='ocr_line' id='line_1_69' title="bbox 200 4949 1780 5040; baseline -0.014 -16"><span class='ocrx_word' id='word_1_527' title='bbox 200 4968 507 5040; x_wconf 81' lang='grc' dir='ltr'>γουμένων,</span> <span class='ocrx_word' id='word_1_528' title='bbox 552 4963 647 5016; x_wconf 68' lang='grc' dir='ltr'>καὶ</span> <span class='ocrx_word' id='word_1_529' title='bbox 676 4962 892 5014; x_wconf 78' lang='grc' dir='ltr'>πάντων</span> <span class='ocrx_word' id='word_1_530' title='bbox 926 4956 1131 5019; x_wconf 76' lang='grc' dir='ltr'>κακῶν,</span> <span class='ocrx_word' id='word_1_531' title='bbox 1185 4952 1352 5024; x_wconf 79' lang='grc' dir='ltr'>ἣρεσέ</span> <span class='ocrx_word' id='word_1_532' title='bbox 1384 4968 1500 5014; x_wconf 83' lang='grc' dir='ltr'><strong>πως</strong></span> <span class='ocrx_word' id='word_1_533' title='bbox 1530 4954 1637 5013; x_wconf 88' lang='grc' dir='ltr'>τοῖς</span> <span class='ocrx_word' id='word_1_534' title='bbox 1665 4949 1780 5003; x_wconf 88' lang='grc' dir='ltr'><strong>Πα-</strong></span> 
     </span>
    </p>
   </div>
   <div class='ocr_carea' id='block_1_70' title="bbox 198 5044 1783 5135">
    <p class='ocr_par' dir='ltr' id='par_1_70' title="bbox 198 5044 1783 5135">
     <span class='ocr_line' id='line_1_70' title="bbox 198 5044 1783 5135; baseline -0.013 -20"><span class='ocrx_word' id='word_1_535' title='bbox 198 5062 399 5135; x_wconf 81' lang='grc' dir='ltr'>τράσιν</span> <span class='ocrx_word' id='word_1_536' title='bbox 447 5056 627 5126; x_wconf 80' lang='grc' dir='ltr'>ἡμῶν,</span> <span class='ocrx_word' id='word_1_537' title='bbox 680 5054 737 5105; x_wconf 81' lang='grc' dir='ltr'>ὲν</span> <span class='ocrx_word' id='word_1_538' title='bbox 785 5053 899 5114; x_wconf 89' lang='grc' dir='ltr'>τοῖς</span> <span class='ocrx_word' id='word_1_539' title='bbox 930 5048 1107 5109; x_wconf 74' lang='grc' dir='ltr'>ἄλλοις</span> <span class='ocrx_word' id='word_1_540' title='bbox 1156 5047 1232 5115; x_wconf 82' lang='grc' dir='ltr'>μὴ</span> <span class='ocrx_word' id='word_1_541' title='bbox 1261 5045 1382 5098; x_wconf 88' lang='grc' dir='ltr'>λίαν</span> <span class='ocrx_word' id='word_1_542' title='bbox 1413 5044 1783 5115; x_wconf 78' lang='grc' dir='ltr'>ἀκριϐολογεῖ-</span> 
     </span>
    </p>
   </div>
   <div class='ocr_carea' id='block_1_71' title="bbox 204 5135 1780 5219">
    <p class='ocr_par' dir='ltr' id='par_1_71' title="bbox 204 5135 1780 5219">
     <span class='ocr_line' id='line_1_71' title="bbox 204 5135 1780 5219; baseline -0.013 -11"><span class='ocrx_word' id='word_1_543' title='bbox 204 5158 353 5215; x_wconf 82' lang='grc' dir='ltr'>σθαι,</span> <span class='ocrx_word' id='word_1_544' title='bbox 408 5148 545 5219; x_wconf 81' lang='grc' dir='ltr'>μηδὲ</span> <span class='ocrx_word' id='word_1_545' title='bbox 594 5145 792 5213; x_wconf 76' lang='grc' dir='ltr'>πολλῆς</span> <span class='ocrx_word' id='word_1_546' title='bbox 834 5143 981 5206; x_wconf 77' lang='grc' dir='ltr'>ἄξιον</span> <span class='ocrx_word' id='word_1_547' title='bbox 1029 5139 1278 5211; x_wconf 83' lang='grc' dir='ltr'>ἡγεῖσθαι</span> <span class='ocrx_word' id='word_1_548' title='bbox 1312 5138 1566 5207; x_wconf 72' lang='grc' dir='ltr'>σπουδῆς,</span> <span class='ocrx_word' id='word_1_549' title='bbox 1597 5138 1656 5189; x_wconf 90' lang='grc' dir='ltr'>τὸ</span> <span class='ocrx_word' id='word_1_550' title='bbox 1692 5135 1780 5188; x_wconf 84' lang='grc' dir='ltr'>θε-</span> 
     </span>
    </p>
   </div>
   <div class='ocr_carea' id='block_1_72' title="bbox 201 5227 1783 5319">
    <p class='ocr_par' dir='ltr' id='par_1_72' title="bbox 201 5227 1783 5319">
     <span class='ocr_line' id='line_1_72' title="bbox 201 5227 1783 5319; baseline -0.013 -20"><span class='ocrx_word' id='word_1_551' title='bbox 201 5241 471 5319; x_wconf 83' lang='grc' dir='ltr'>ραπεύειν</span> <span class='ocrx_word' id='word_1_552' title='bbox 498 5239 673 5291; x_wconf 82' lang='grc' dir='ltr'>πάντα</span> <span class='ocrx_word' id='word_1_553' title='bbox 696 5238 762 5289; x_wconf 78' lang='grc' dir='ltr'><strong>τὰ</strong></span> <span class='ocrx_word' id='word_1_554' title='bbox 789 5238 851 5288; x_wconf 80' lang='grc' dir='ltr'>ὲκ</span> <span class='ocrx_word' id='word_1_555' title='bbox 872 5233 964 5287; x_wconf 81' lang='grc' dir='ltr'>τοῦ</span> <span class='ocrx_word' id='word_1_556' title='bbox 993 5231 1163 5303; x_wconf 74' lang='grc' dir='ltr'>θυμοῦ</span> <span class='ocrx_word' id='word_1_557' title='bbox 1193 5227 1637 5299; x_wconf 81' lang='grc' dir='ltr'>παραπτώματα’</span> <span class='ocrx_word' id='word_1_558' title='bbox 1664 5228 1783 5279; x_wconf 82' lang='grc' dir='ltr'>καί·</span> 
     </span>
    </p>
   </div>
   <div class='ocr_carea' id='block_1_73' title="bbox 198 5316 1778 5406">
    <p class='ocr_par' dir='ltr' id='par_1_73' title="bbox 198 5316 1778 5406">
     <span class='ocr_line' id='line_1_73' title="bbox 198 5316 1778 5406; baseline -0.016 -14"><span class='ocrx_word' id='word_1_559' title='bbox 198 5316 283 5392; x_wconf 78' lang='grc' dir='ltr'>τοι</span> <span class='ocrx_word' id='word_1_560' title='bbox 311 5353 378 5406; x_wconf 88' lang='grc' dir='ltr'><strong>γε</strong></span> <span class='ocrx_word' id='word_1_561' title='bbox 412 5334 513 5402; x_wconf 79' lang='grc' dir='ltr'>τῆς</span> <span class='ocrx_word' id='word_1_562' title='bbox 546 5327 771 5401; x_wconf 70' lang='grc' dir='ltr'>Γραφῆς</span> <span class='ocrx_word' id='word_1_563' title='bbox 802 5326 861 5378; x_wconf 88' lang='grc' dir='ltr'>ού</span> <span class='ocrx_word' id='word_1_564' title='bbox 897 5323 1055 5394; x_wconf 88' lang='grc' dir='ltr'>μόνον</span> <span class='ocrx_word' id='word_1_565' title='bbox 1086 5321 1183 5390; x_wconf 80' lang='grc' dir='ltr'>τὴν</span> <span class='ocrx_word' id='word_1_566' title='bbox 1209 5318 1368 5388; x_wconf 73' lang='grc' dir='ltr'>ψιλὴν</span> <span class='ocrx_word' id='word_1_567' title='bbox 1400 5316 1778 5388; x_wconf 85' lang='grc' dir='ltr'>ἀπαγορευού-</span> 
     </span>
    </p>
   </div>
   <div class='ocr_carea' id='block_1_74' title="bbox 202 5407 1783 5500">
    <p class='ocr_par' dir='ltr' id='par_1_74' title="bbox 202 5407 1783 5500">
     <span class='ocr_line' id='line_1_74' title="bbox 202 5407 1783 5500; baseline -0.017 -17"><span class='ocrx_word' id='word_1_568' title='bbox 202 5448 305 5500; x_wconf 79' lang='grc' dir='ltr'><strong>σης</strong></span> <span class='ocrx_word' id='word_1_569' title='bbox 361 5422 601 5491; x_wconf 82' lang='grc' dir='ltr'>πληγὴν,</span> <span class='ocrx_word' id='word_1_570' title='bbox 657 5416 794 5472; x_wconf 80' lang='grc' dir='ltr'><strong>ἀλλά</strong></span> <span class='ocrx_word' id='word_1_571' title='bbox 840 5414 935 5470; x_wconf 75' lang='grc' dir='ltr'>καὶ</span> <span class='ocrx_word' id='word_1_572' title='bbox 965 5415 1143 5466; x_wconf 81' lang='grc' dir='ltr'>πᾶσαν</span> <span class='ocrx_word' id='word_1_573' title='bbox 1176 5408 1439 5478; x_wconf 82' lang='grc' dir='ltr'>λοιδορίαν</span> <span class='ocrx_word' id='word_1_574' title='bbox 1473 5408 1505 5480; x_wconf 85' lang='grc' dir='ltr'>ἢ</span> <span class='ocrx_word' id='word_1_575' title='bbox 1544 5407 1783 5477; x_wconf 72' lang='grc' dir='ltr'>βλασφη-</span> 
     </span>
    </p>
   </div>
   <div class='ocr_carea' id='block_1_75' title="bbox 201 5500 1780 5592">
    <p class='ocr_par' dir='ltr' id='par_1_75' title="bbox 201 5500 1780 5592">
     <span class='ocr_line' id='line_1_75' title="bbox 201 5500 1780 5592; baseline -0.015 -18"><span class='ocrx_word' id='word_1_576' title='bbox 201 5522 361 5592; x_wconf 82' lang='grc' dir='ltr'>μίαν,</span> <span class='ocrx_word' id='word_1_577' title='bbox 418 5518 513 5568; x_wconf 73' lang='grc' dir='ltr'>καὶ</span> <span class='ocrx_word' id='word_1_578' title='bbox 542 5514 665 5567; x_wconf 84' lang='grc' dir='ltr'>εἴτι</span> <span class='ocrx_word' id='word_1_579' title='bbox 696 5511 823 5566; x_wconf 81' lang='grc' dir='ltr'>ἄλλο</span> <span class='ocrx_word' id='word_1_580' title='bbox 852 5507 1089 5561; x_wconf 75' lang='grc' dir='ltr'>τοιοῦτον</span> <span class='ocrx_word' id='word_1_581' title='bbox 1116 5507 1143 5557; x_wconf 88' lang='grc' dir='ltr'><strong>ό</strong></span> <span class='ocrx_word' id='word_1_582' title='bbox 1172 5502 1340 5574; x_wconf 82' lang='grc' dir='ltr'>θυμὸς</span> <span class='ocrx_word' id='word_1_583' title='bbox 1378 5500 1747 5571; x_wconf 71' lang='grc' dir='ltr'>ἀπεργάζεται</span> <span class='ocrx_word' id='word_1_584' title='bbox 1767 5516 1780 5530; x_wconf 78' lang='lat'><strong><em>°</em></strong></span> 
     </span>
    </p>
   </div>
   <div class='ocr_carea' id='block_1_76' title="bbox 203 5591 1785 5685">
    <p class='ocr_par' dir='ltr' id='par_1_76' title="bbox 203 5591 1785 5685">
     <span class='ocr_line' id='line_1_76' title="bbox 203 5591 1785 5685; baseline -0.012 -20"><span class='ocrx_word' id='word_1_585' title='bbox 203 5591 372 5685; x_wconf 84' lang='grc' dir='ltr'>μόνον</span> <span class='ocrx_word' id='word_1_586' title='bbox 403 5607 462 5660; x_wconf 80' lang='grc' dir='ltr'>δὲ</span> <span class='ocrx_word' id='word_1_587' title='bbox 490 5604 583 5659; x_wconf 79' lang='grc' dir='ltr'><strong>τοῦ</strong></span> <span class='ocrx_word' id='word_1_588' title='bbox 610 5606 751 5658; x_wconf 77' lang='grc' dir='ltr'>κατὰ</span> <span class='ocrx_word' id='word_1_589' title='bbox 773 5603 864 5655; x_wconf 84' lang='grc' dir='ltr'>τὸν</span> <span class='ocrx_word' id='word_1_590' title='bbox 895 5599 1053 5668; x_wconf 84' lang='grc' dir='ltr'>φόνον</span> <span class='ocrx_word' id='word_1_591' title='bbox 1080 5597 1246 5663; x_wconf 86' lang='grc' dir='ltr'>ἄγους</span> <span class='ocrx_word' id='word_1_592' title='bbox 1267 5595 1363 5663; x_wconf 83' lang='grc' dir='ltr'><strong>τὴν</strong></span> <span class='ocrx_word' id='word_1_593' title='bbox 1391 5591 1785 5663; x_wconf 81' lang='grc' dir='ltr'>παραφυλακὴν</span> 
     </span>
    </p>
   </div>
   <div class='ocr_carea' id='block_1_77' title="bbox 196 5687 1786 5774">
    <p class='ocr_par' dir='ltr' id='par_1_77' title="bbox 196 5687 1786 5774">
     <span class='ocr_line' id='line_1_77' title="bbox 196 5687 1786 5774; baseline -0.013 -14"><span class='ocrx_word' id='word_1_594' title='bbox 196 5706 540 5774; x_wconf 73' lang='grc' dir='ltr'>ἐποιήσαντο</span> <span class='ocrx_word' id='word_1_595' title='bbox 598 5698 686 5751; x_wconf 83' lang='grc' dir='ltr'>διὰ</span> <span class='ocrx_word' id='word_1_596' title='bbox 739 5696 845 5748; x_wconf 85' lang='grc' dir='ltr'>τῶν</span> <span class='ocrx_word' id='word_1_597' title='bbox 908 5690 1237 5762; x_wconf 72' lang='grc' dir='ltr'>ἐπιτιμίωνο</span> <span class='ocrx_word' id='word_1_598' title='bbox 1298 5687 1551 5760; x_wconf 77' lang='grc' dir='ltr'>διῄρηται</span> <span class='ocrx_word' id='word_1_599' title='bbox 1608 5687 1667 5740; x_wconf 82' lang='grc' dir='ltr'>δὲ</span> <span class='ocrx_word' id='word_1_600' title='bbox 1726 5688 1786 5740; x_wconf 85' lang='grc' dir='ltr'>τὸ</span> 
     </span>
    </p>
   </div>
   <div class='ocr_carea' id='block_1_78' title="bbox 193 5779 1787 5860">
    <p class='ocr_par' dir='ltr' id='par_1_78' title="bbox 193 5779 1787 5860">
     <span class='ocr_line' id='line_1_78' title="bbox 193 5779 1787 5860; baseline -0.013 -5"><span class='ocrx_word' id='word_1_601' title='bbox 193 5795 452 5854; x_wconf 73' lang='grc' dir='ltr'>τοιοῦτον</span> <span class='ocrx_word' id='word_1_602' title='bbox 502 5790 668 5845; x_wconf 81' lang='grc' dir='ltr'>κακὸν</span> <span class='ocrx_word' id='word_1_603' title='bbox 717 5791 785 5860; x_wconf 76' lang='grc' dir='ltr'>τῇ</span> <span class='ocrx_word' id='word_1_604' title='bbox 844 5786 1077 5855; x_wconf 80' lang='grc' dir='ltr'>διαφορᾷ</span> <span class='ocrx_word' id='word_1_605' title='bbox 1127 5781 1224 5837; x_wconf 80' lang='grc' dir='ltr'><strong>τοῦ</strong></span> <span class='ocrx_word' id='word_1_606' title='bbox 1288 5779 1539 5836; x_wconf 75' lang='grc' dir='ltr'>ἑκουσίου</span> <span class='ocrx_word' id='word_1_607' title='bbox 1568 5797 1629 5835; x_wconf 88' lang='grc' dir='ltr'><strong>τε</strong></span> <span class='ocrx_word' id='word_1_608' title='bbox 1691 5781 1787 5835; x_wconf 69' lang='grc' dir='ltr'><strong>καὶ</strong></span> 
     </span>
    </p>
   </div>
   <div class='ocr_carea' id='block_1_79' title="bbox 531 5876 1142 5946">
    <p class='ocr_par' dir='ltr' id='par_1_79' title="bbox 531 5876 1142 5946">
     <span class='ocr_line' id='line_1_79' title="bbox 531 5876 1142 5946; baseline -0.011 0"><span class='ocrx_word' id='word_1_609' title='bbox 531 5884 798 5946; x_wconf 50' lang='lat' dir='ltr'><strong>Puncta</strong></span> <span class='ocrx_word' id='word_1_610' title='bbox 831 5879 946 5943; x_wconf 77' lang='lat' dir='ltr'><strong>Gn.</strong></span> <span class='ocrx_word' id='word_1_611' title='bbox 986 5876 1142 5943; x_wconf 83' lang='lat' dir='ltr'><strong>CIV.</strong></span> 
     </span>
    </p>
   </div>
   <div class='ocr_carea' id='block_1_80' title="bbox 1857 1936 3435 2007">
    <p class='ocr_par' dir='ltr' id='par_1_80' title="bbox 1857 1936 3435 2007">
     <span class='ocr_line' id='line_1_80' title="bbox 1857 1936 3435 2007; baseline 0.003 -18"><span class='ocrx_word' id='word_1_612' title='bbox 1857 1936 2064 1990; x_wconf 83' lang='lat' dir='ltr'><strong>liensus</strong></span> <span class='ocrx_word' id='word_1_613' title='bbox 2108 1944 2224 2001; x_wconf 86' lang='lat' dir='ltr'><strong>est,</strong></span> <span class='ocrx_word' id='word_1_614' title='bbox 2259 1936 2342 1989; x_wconf 80' lang='lat' dir='ltr'><strong>vel</strong></span> <span class='ocrx_word' id='word_1_615' title='bbox 2393 1945 2608 2005; x_wconf 84' lang='lat' dir='ltr'><strong>propter</strong></span> <span class='ocrx_word' id='word_1_616' title='bbox 2646 1936 2885 2004; x_wconf 89' lang='lat' dir='ltr'><strong>aliquam</strong></span> <span class='ocrx_word' id='word_1_617' title='bbox 2939 1938 3306 2007; x_wconf 84' lang='lat' dir='ltr'><strong>suspicionem</strong></span> <span class='ocrx_word' id='word_1_618' title='bbox 3350 1941 3435 1994; x_wconf 68' lang='lat' dir='ltr'><strong>vel</strong></span> 
     </span>
    </p>
   </div>
   <div class='ocr_carea' id='block_1_81' title="bbox 1857 2028 3435 2101">
    <p class='ocr_par' dir='ltr' id='par_1_81' title="bbox 1857 2028 3435 2101">
     <span class='ocr_line' id='line_1_81' title="bbox 1857 2028 3435 2101; baseline 0.002 -20"><span class='ocrx_word' id='word_1_619' title='bbox 1857 2028 2262 2081; x_wconf 85' lang='lat' dir='ltr'><strong>accusationem</strong></span> <span class='ocrx_word' id='word_1_620' title='bbox 2298 2028 2354 2081; x_wconf 90' lang='lat' dir='ltr'><strong>in</strong></span> <span class='ocrx_word' id='word_1_621' title='bbox 2397 2028 2587 2097; x_wconf 80' lang='lat' dir='ltr'><strong>gratiis</strong></span> <span class='ocrx_word' id='word_1_622' title='bbox 2615 2029 2900 2083; x_wconf 85' lang='lat' dir='ltr'><strong>convictus</strong></span> <span class='ocrx_word' id='word_1_623' title='bbox 2946 2042 3059 2096; x_wconf 87' lang='lat' dir='ltr'><strong>est,</strong></span> <span class='ocrx_word' id='word_1_624' title='bbox 3097 2032 3312 2101; x_wconf 84' lang='lat' dir='ltr'><strong>longius</strong></span> <span class='ocrx_word' id='word_1_625' title='bbox 3356 2032 3435 2085; x_wconf 89' lang='lat' dir='ltr'><strong>illi</strong></span> 
     </span>
    </p>
   </div>
   <div class='ocr_carea' id='block_1_82' title="bbox 1858 2120 3434 2195">
    <p class='ocr_par' dir='ltr' id='par_1_82' title="bbox 1858 2120 3434 2195">
     <span class='ocr_line' id='line_1_82' title="bbox 1858 2120 3434 2195; baseline 0.002 -19"><span class='ocrx_word' id='word_1_626' title='bbox 1858 2121 2232 2176; x_wconf 85' lang='lat' dir='ltr'><strong>conversionis</strong></span> <span class='ocrx_word' id='word_1_627' title='bbox 2268 2129 2480 2188; x_wconf 86' lang='lat' dir='ltr'><strong>tempus</strong></span> <span class='ocrx_word' id='word_1_628' title='bbox 2510 2120 2699 2184; x_wconf 87' lang='lat' dir='ltr'><strong>datur,</strong></span> <span class='ocrx_word' id='word_1_629' title='bbox 2734 2130 2792 2174; x_wconf 87' lang='lat' dir='ltr'><strong>ut</strong></span> <span class='ocrx_word' id='word_1_630' title='bbox 2818 2120 2936 2189; x_wconf 84' lang='lat' dir='ltr'><strong>ipse</strong></span> <span class='ocrx_word' id='word_1_631' title='bbox 2967 2123 3202 2191; x_wconf 85' lang='lat' dir='ltr'><strong>perfecte</strong></span> <span class='ocrx_word' id='word_1_632' title='bbox 3236 2141 3434 2195; x_wconf 80' lang='lat' dir='ltr'><strong>purga-</strong></span> 
     </span>
    </p>
   </div>
   <div class='ocr_carea' id='block_1_83' title="bbox 1858 2213 3437 2278">
    <p class='ocr_par' dir='ltr' id='par_1_83' title="bbox 1858 2213 3437 2278">
     <span class='ocr_line' id='line_1_83' title="bbox 1858 2213 3437 2278; baseline 0.003 -11"><span class='ocrx_word' id='word_1_633' title='bbox 1858 2222 1944 2267; x_wconf 83' lang='lat' dir='ltr'><strong>tus</strong></span> <span class='ocrx_word' id='word_1_634' title='bbox 1964 2255 1977 2278; x_wconf 85' lang='lat'><strong>,</strong></span> <span class='ocrx_word' id='word_1_635' title='bbox 2007 2214 2088 2267; x_wconf 91' lang='lat' dir='ltr'><strong>sic</strong></span> <span class='ocrx_word' id='word_1_636' title='bbox 2117 2213 2185 2268; x_wconf 90' lang='lat' dir='ltr'><strong>ad</strong></span> <span class='ocrx_word' id='word_1_637' title='bbox 2214 2220 2677 2267; x_wconf 84' lang='lat' dir='ltr'><strong>sacramentorum</strong></span> <span class='ocrx_word' id='word_1_638' title='bbox 2706 2215 3146 2267; x_wconf 76' lang='lat' dir='ltr'><strong>communionem</strong></span> <span class='ocrx_word' id='word_1_639' title='bbox 3179 2217 3437 2271; x_wconf 86' lang='lat' dir='ltr'><strong>admitta-</strong></span> 
     </span>
    </p>
   </div>
   <div class='ocr_carea' id='block_1_84' title="bbox 1860 2303 3438 2374">
    <p class='ocr_par' dir='ltr' id='par_1_84' title="bbox 1860 2303 3438 2374">
     <span class='ocr_line' id='line_1_84' title="bbox 1860 2303 3438 2374; baseline 0.003 -16"><span class='ocrx_word' id='word_1_640' title='bbox 1860 2314 1971 2359; x_wconf 89' lang='lat' dir='ltr'><strong>tur.</strong></span> <span class='ocrx_word' id='word_1_641' title='bbox 1993 2303 2089 2359; x_wconf 86' lang='lat' dir='ltr'><strong>Est</strong></span> <span class='ocrx_word' id='word_1_642' title='bbox 2115 2318 2245 2373; x_wconf 80' lang='lat' dir='ltr'><strong>ergo</strong></span> <span class='ocrx_word' id='word_1_643' title='bbox 2271 2319 2445 2357; x_wconf 89' lang='lat' dir='ltr'><strong>canon</strong></span> <span class='ocrx_word' id='word_1_644' title='bbox 2478 2303 2767 2374; x_wconf 73' lang='lat' dir='ltr'><strong>ejusmodi,</strong></span> <span class='ocrx_word' id='word_1_645' title='bbox 2793 2316 2851 2359; x_wconf 90' lang='lat' dir='ltr'><strong>ut</strong></span> <span class='ocrx_word' id='word_1_646' title='bbox 2876 2307 2966 2374; x_wconf 86' lang='lat' dir='ltr'><strong>qui</strong></span> <span class='ocrx_word' id='word_1_647' title='bbox 2996 2306 3049 2360; x_wconf 92' lang='lat' dir='ltr'><strong>in</strong></span> <span class='ocrx_word' id='word_1_648' title='bbox 3077 2306 3438 2364; x_wconf 77' lang='lat' dir='ltr'><strong>fornicatione</strong></span> 
     </span>
    </p>
   </div>
   <div class='ocr_carea' id='block_1_85' title="bbox 1860 2397 3439 2468">
    <p class='ocr_par' dir='ltr' id='par_1_85' title="bbox 1860 2397 3439 2468">
     <span class='ocr_line' id='line_1_85' title="bbox 1860 2397 3439 2468; baseline 0.004 -18"><span class='ocrx_word' id='word_1_649' title='bbox 1860 2398 2055 2468; x_wconf 90' lang='lat' dir='ltr'><strong>polluti</strong></span> <span class='ocrx_word' id='word_1_650' title='bbox 2098 2407 2254 2459; x_wconf 88' lang='lat' dir='ltr'><strong>sunt,</strong></span> <span class='ocrx_word' id='word_1_651' title='bbox 2295 2397 2349 2450; x_wconf 91' lang='lat' dir='ltr'><strong>in</strong></span> <span class='ocrx_word' id='word_1_652' title='bbox 2391 2397 2568 2452; x_wconf 90' lang='lat' dir='ltr'><strong>tribus</strong></span> <span class='ocrx_word' id='word_1_653' title='bbox 2615 2398 2832 2467; x_wconf 90' lang='lat' dir='ltr'><strong>quidem</strong></span> <span class='ocrx_word' id='word_1_654' title='bbox 2877 2400 3038 2453; x_wconf 85' lang='lat' dir='ltr'><strong>annis</strong></span> <span class='ocrx_word' id='word_1_655' title='bbox 3078 2401 3147 2453; x_wconf 85' lang='lat' dir='ltr'><strong>ab</strong></span> <span class='ocrx_word' id='word_1_656' title='bbox 3190 2403 3439 2456; x_wconf 87' lang='lat' dir='ltr'><strong>oratione</strong></span> 
     </span>
    </p>
   </div>
   <div class='ocr_carea' id='block_1_86' title="bbox 1861 2487 3440 2556">
    <p class='ocr_par' dir='ltr' id='par_1_86' title="bbox 1861 2487 3440 2556">
     <span class='ocr_line' id='line_1_86' title="bbox 1861 2487 3440 2556; baseline 0.004 -15"><span class='ocrx_word' id='word_1_657' title='bbox 1861 2489 2085 2541; x_wconf 86' lang='lat' dir='ltr'><strong>omnino</strong></span> <span class='ocrx_word' id='word_1_658' title='bbox 2131 2487 2503 2556; x_wconf 81' lang='lat' dir='ltr'><strong>expellantur;</strong></span> <span class='ocrx_word' id='word_1_659' title='bbox 2558 2488 2609 2540; x_wconf 93' lang='lat' dir='ltr'><strong>in</strong></span> <span class='ocrx_word' id='word_1_660' title='bbox 2661 2488 2836 2542; x_wconf 90' lang='lat' dir='ltr'><strong>tribus</strong></span> <span class='ocrx_word' id='word_1_661' title='bbox 2882 2498 3064 2541; x_wconf 89' lang='lat' dir='ltr'><strong>autem</strong></span> <span class='ocrx_word' id='word_1_662' title='bbox 3114 2491 3225 2544; x_wconf 90' lang='lat' dir='ltr'><strong>sint</strong></span> <span class='ocrx_word' id='word_1_663' title='bbox 3265 2492 3440 2547; x_wconf 86' lang='lat' dir='ltr'><strong>solius</strong></span> 
     </span>
    </p>
   </div>
   <div class='ocr_carea' id='block_1_87' title="bbox 1862 2578 3441 2648">
    <p class='ocr_par' dir='ltr' id='par_1_87' title="bbox 1862 2578 3441 2648">
     <span class='ocr_line' id='line_1_87' title="bbox 1862 2578 3441 2648; baseline 0.004 -15"><span class='ocrx_word' id='word_1_664' title='bbox 1862 2580 2155 2634; x_wconf 87' lang='lat' dir='ltr'><strong>auditionis</strong></span> <span class='ocrx_word' id='word_1_665' title='bbox 2190 2578 2500 2648; x_wconf 82' lang='lat' dir='ltr'><strong>participes,</strong></span> <span class='ocrx_word' id='word_1_666' title='bbox 2527 2579 2581 2634; x_wconf 87' lang='lat' dir='ltr'><strong>in</strong></span> <span class='ocrx_word' id='word_1_667' title='bbox 2616 2579 2789 2633; x_wconf 82' lang='lat' dir='ltr'><strong>tribus</strong></span> <span class='ocrx_word' id='word_1_668' title='bbox 2820 2589 3000 2634; x_wconf 90' lang='lat' dir='ltr'><strong>autem</strong></span> <span class='ocrx_word' id='word_1_669' title='bbox 3035 2583 3178 2648; x_wconf 89' lang='lat' dir='ltr'><strong>aliis,</strong></span> <span class='ocrx_word' id='word_1_670' title='bbox 3209 2599 3332 2637; x_wconf 89' lang='lat' dir='ltr'><strong>cum</strong></span> <span class='ocrx_word' id='word_1_671' title='bbox 3372 2585 3441 2640; x_wconf 85' lang='lat' dir='ltr'><strong>iis</strong></span> 
     </span>
    </p>
   </div>
   <div class='ocr_carea' id='block_1_88' title="bbox 1863 2672 3445 2743">
    <p class='ocr_par' dir='ltr' id='par_1_88' title="bbox 1863 2672 3445 2743">
     <span class='ocr_line' id='line_1_88' title="bbox 1863 2672 3445 2743; baseline 0.004 -19"><span class='ocrx_word' id='word_1_672' title='bbox 1863 2672 1953 2741; x_wconf 89' lang='lat' dir='ltr'><strong>qui</strong></span> <span class='ocrx_word' id='word_1_673' title='bbox 2010 2673 2065 2725; x_wconf 91' lang='lat' dir='ltr'><strong>in</strong></span> <span class='ocrx_word' id='word_1_674' title='bbox 2114 2674 2475 2727; x_wconf 86' lang='lat' dir='ltr'><strong>conversione</strong></span> <span class='ocrx_word' id='word_1_675' title='bbox 2526 2672 2983 2737; x_wconf 86' lang='lat' dir='ltr'><strong>substernuntur,</strong></span> <span class='ocrx_word' id='word_1_676' title='bbox 3030 2684 3344 2743; x_wconf 90' lang='lat' dir='ltr'><strong>precentur,</strong></span> <span class='ocrx_word' id='word_1_677' title='bbox 3389 2688 3445 2731; x_wconf 84' lang='lat' dir='ltr'><strong>et</strong></span> 
     </span>
    </p>
   </div>
   <div class='ocr_carea' id='block_1_89' title="bbox 1866 2764 3442 2835">
    <p class='ocr_par' dir='ltr' id='par_1_89' title="bbox 1866 2764 3442 2835">
     <span class='ocr_line' id='line_1_89' title="bbox 1866 2764 3442 2835; baseline 0.004 -17"><span class='ocrx_word' id='word_1_678' title='bbox 1866 2773 1993 2818; x_wconf 88' lang='lat' dir='ltr'><strong>tunc</strong></span> <span class='ocrx_word' id='word_1_679' title='bbox 2041 2764 2152 2819; x_wconf 87' lang='lat' dir='ltr'><strong>sint</strong></span> <span class='ocrx_word' id='word_1_680' title='bbox 2196 2775 2660 2820; x_wconf 73' lang='lat' dir='ltr'><strong>sacramentorum</strong></span> <span class='ocrx_word' id='word_1_681' title='bbox 2704 2766 3011 2835; x_wconf 81' lang='lat' dir='ltr'><strong>participes.</strong></span> <span class='ocrx_word' id='word_1_682' title='bbox 3048 2766 3106 2822; x_wconf 85' lang='lat' dir='ltr'><strong>In</strong></span> <span class='ocrx_word' id='word_1_683' title='bbox 3150 2768 3219 2821; x_wconf 90' lang='lat' dir='ltr'><strong>iis</strong></span> <span class='ocrx_word' id='word_1_684' title='bbox 3262 2775 3442 2823; x_wconf 80' lang='lat' dir='ltr'><strong>autem</strong></span> 
     </span>
    </p>
   </div>
   <div class='ocr_carea' id='block_1_90' title="bbox 1865 2856 3445 2927">
    <p class='ocr_par' dir='ltr' id='par_1_90' title="bbox 1865 2856 3445 2927">
     <span class='ocr_line' id='line_1_90' title="bbox 1865 2856 3445 2927; baseline 0.003 -17"><span class='ocrx_word' id='word_1_685' title='bbox 1865 2859 1957 2926; x_wconf 89' lang='lat' dir='ltr'><strong>qui</strong></span> <span class='ocrx_word' id='word_1_686' title='bbox 1988 2857 2319 2927; x_wconf 80' lang='lat' dir='ltr'><strong>diligentiori</strong></span> <span class='ocrx_word' id='word_1_687' title='bbox 2349 2856 2707 2912; x_wconf 88' lang='lat' dir='ltr'><strong>conversione</strong></span> <span class='ocrx_word' id='word_1_688' title='bbox 2739 2859 2822 2912; x_wconf 89' lang='lat' dir='ltr'><strong>usi</strong></span> <span class='ocrx_word' id='word_1_689' title='bbox 2858 2859 3086 2923; x_wconf 83' lang='lat' dir='ltr'><strong>fuerint,</strong></span> <span class='ocrx_word' id='word_1_690' title='bbox 3120 2868 3172 2913; x_wconf 89' lang='lat' dir='ltr'><strong>et</strong></span> <span class='ocrx_word' id='word_1_691' title='bbox 3204 2860 3342 2923; x_wconf 83' lang='lat' dir='ltr'><strong>vita.</strong></span> <span class='ocrx_word' id='word_1_692' title='bbox 3375 2860 3445 2915; x_wconf 87' lang='lat' dir='ltr'><strong>ad</strong></span> 
     </span>
    </p>
   </div>
   <div class='ocr_carea' id='block_1_91' title="bbox 1868 2949 3446 3018">
    <p class='ocr_par' dir='ltr' id='par_1_91' title="bbox 1868 2949 3446 3018">
     <span class='ocr_line' id='line_1_91' title="bbox 1868 2949 3446 3018; baseline 0.003 -16"><span class='ocrx_word' id='word_1_693' title='bbox 1868 2949 1920 3003; x_wconf 92' lang='lat' dir='ltr'><strong>id</strong></span> <span class='ocrx_word' id='word_1_694' title='bbox 1964 2950 2108 3018; x_wconf 88' lang='lat' dir='ltr'><strong>quod</strong></span> <span class='ocrx_word' id='word_1_695' title='bbox 2149 2951 2352 3003; x_wconf 88' lang='lat' dir='ltr'><strong>bonum</strong></span> <span class='ocrx_word' id='word_1_696' title='bbox 2391 2958 2503 3016; x_wconf 90' lang='lat' dir='ltr'><strong>est,</strong></span> <span class='ocrx_word' id='word_1_697' title='bbox 2539 2951 2772 3004; x_wconf 86' lang='lat' dir='ltr'><strong>reditum</strong></span> <span class='ocrx_word' id='word_1_698' title='bbox 2820 2951 3188 3014; x_wconf 82' lang='lat' dir='ltr'><strong>ostenderim,</strong></span> <span class='ocrx_word' id='word_1_699' title='bbox 3225 2951 3352 3005; x_wconf 87' lang='lat' dir='ltr'><strong>licet</strong></span> <span class='ocrx_word' id='word_1_700' title='bbox 3393 2953 3446 3007; x_wconf 83' lang='lat' dir='ltr'><strong>ei</strong></span> 
     </span>
    </p>
   </div>
   <div class='ocr_carea' id='block_1_92' title="bbox 1869 3040 3445 3111">
    <p class='ocr_par' dir='ltr' id='par_1_92' title="bbox 1869 3040 3445 3111">
     <span class='ocr_line' id='line_1_92' title="bbox 1869 3040 3445 3111; baseline 0.004 -20"><span class='ocrx_word' id='word_1_701' title='bbox 1869 3040 1960 3108; x_wconf 87' lang='lat' dir='ltr'><strong>qui</strong></span> <span class='ocrx_word' id='word_1_702' title='bbox 1985 3040 2282 3109; x_wconf 83' lang='lat' dir='ltr'><strong>dispensat,</strong></span> <span class='ocrx_word' id='word_1_703' title='bbox 2305 3055 2404 3108; x_wconf 92' lang='lat' dir='ltr'><strong>pro</strong></span> <span class='ocrx_word' id='word_1_704' title='bbox 2434 3041 2817 3095; x_wconf 68' lang='lat' dir='ltr'><strong>ecclesiasticae</strong></span> <span class='ocrx_word' id='word_1_705' title='bbox 2842 3044 3163 3095; x_wconf 63' lang='lat' dir='ltr'><strong>oeconomia:</strong></span> <span class='ocrx_word' id='word_1_706' title='bbox 3192 3044 3445 3111; x_wconf 83' lang='lat' dir='ltr'><strong>utilitate,</strong></span> 
     </span>
    </p>
   </div>
   <div class='ocr_carea' id='block_1_93' title="bbox 1874 3132 3448 3200">
    <p class='ocr_par' dir='ltr' id='par_1_93' title="bbox 1874 3132 3448 3200">
     <span class='ocr_line' id='line_1_93' title="bbox 1874 3132 3448 3200; baseline 0.004 -17"><span class='ocrx_word' id='word_1_707' title='bbox 1874 3140 2087 3200; x_wconf 83' lang='lat' dir='ltr'><strong>tempus</strong></span> <span class='ocrx_word' id='word_1_708' title='bbox 2122 3132 2449 3197; x_wconf 88' lang='lat' dir='ltr'><strong>auditionis,</strong></span> <span class='ocrx_word' id='word_1_709' title='bbox 2480 3133 2833 3196; x_wconf 90' lang='lat' dir='ltr'><strong>contrahere,</strong></span> <span class='ocrx_word' id='word_1_710' title='bbox 2864 3142 2919 3185; x_wconf 90' lang='lat' dir='ltr'><strong>et</strong></span> <span class='ocrx_word' id='word_1_711' title='bbox 2947 3134 3179 3189; x_wconf 78' lang='lat' dir='ltr'><strong>celerius</strong></span> <span class='ocrx_word' id='word_1_712' title='bbox 3212 3136 3277 3189; x_wconf 84' lang='lat' dir='ltr'><strong>ad</strong></span> <span class='ocrx_word' id='word_1_713' title='bbox 3314 3151 3448 3190; x_wconf 83' lang='lat' dir='ltr'><strong>con-</strong></span> 
     </span>
    </p>
   </div>
   <div class='ocr_carea' id='block_1_94' title="bbox 1870 3223 3448 3295">
    <p class='ocr_par' dir='ltr' id='par_1_94' title="bbox 1870 3223 3448 3295">
     <span class='ocr_line' id='line_1_94' title="bbox 1870 3223 3448 3295; baseline 0.004 -19"><span class='ocrx_word' id='word_1_714' title='bbox 1870 3223 2176 3276; x_wconf 84' lang='lat' dir='ltr'><strong>versionem</strong></span> <span class='ocrx_word' id='word_1_715' title='bbox 2208 3223 2471 3277; x_wconf 88' lang='lat' dir='ltr'><strong>deducere</strong></span> <span class='ocrx_word' id='word_1_716' title='bbox 2501 3240 2515 3276; x_wconf 87' lang='lat'><strong>:</strong></span> <span class='ocrx_word' id='word_1_717' title='bbox 2545 3235 2599 3276; x_wconf 88' lang='lat' dir='ltr'><strong>et</strong></span> <span class='ocrx_word' id='word_1_718' title='bbox 2625 3238 2818 3277; x_wconf 87' lang='lat' dir='ltr'><strong>rursus</strong></span> <span class='ocrx_word' id='word_1_719' title='bbox 2850 3224 2955 3279; x_wconf 90' lang='lat' dir='ltr'><strong>hoc</strong></span> <span class='ocrx_word' id='word_1_720' title='bbox 2983 3240 3200 3294; x_wconf 88' lang='lat' dir='ltr'><strong>quoque</strong></span> <span class='ocrx_word' id='word_1_721' title='bbox 3234 3235 3448 3295; x_wconf 79' lang='lat' dir='ltr'><strong>tempus</strong></span> 
     </span>
    </p>
   </div>
   <div class='ocr_carea' id='block_1_95' title="bbox 1866 3313 3451 3379">
    <p class='ocr_par' dir='ltr' id='par_1_95' title="bbox 1866 3313 3451 3379">
     <span class='ocr_line' id='line_1_95' title="bbox 1866 3313 3451 3379; baseline 0.004 -12"><span class='ocrx_word' id='word_1_722' title='bbox 1866 3314 2226 3377; x_wconf 76' lang='lat' dir='ltr'><strong>eontrahere,</strong></span> <span class='ocrx_word' id='word_1_723' title='bbox 2253 3322 2309 3369; x_wconf 90' lang='lat' dir='ltr'><strong>et</strong></span> <span class='ocrx_word' id='word_1_724' title='bbox 2344 3313 2577 3367; x_wconf 86' lang='lat' dir='ltr'><strong>celerius</strong></span> <span class='ocrx_word' id='word_1_725' title='bbox 2617 3315 3061 3369; x_wconf 76' lang='lat' dir='ltr'><strong>communionrm</strong></span> <span class='ocrx_word' id='word_1_726' title='bbox 3102 3318 3354 3379; x_wconf 81' lang='lat' dir='ltr'><strong>reddere,</strong></span> <span class='ocrx_word' id='word_1_727' title='bbox 3390 3328 3451 3375; x_wconf 88' lang='lat' dir='ltr'><strong>ut</strong></span> 
     </span>
    </p>
   </div>
   <div class='ocr_carea' id='block_1_96' title="bbox 1870 3403 3455 3472">
    <p class='ocr_par' dir='ltr' id='par_1_96' title="bbox 1870 3403 3455 3472">
     <span class='ocr_line' id='line_1_96' title="bbox 1870 3403 3455 3472; baseline 0.003 -13"><span class='ocrx_word' id='word_1_728' title='bbox 1870 3420 1968 3460; x_wconf 86' lang='lat' dir='ltr'><strong>sua</strong></span> <span class='ocrx_word' id='word_1_729' title='bbox 1998 3403 2336 3472; x_wconf 86' lang='lat' dir='ltr'><strong>probatione,</strong></span> <span class='ocrx_word' id='word_1_730' title='bbox 2362 3404 2480 3472; x_wconf 87' lang='lat' dir='ltr'><strong>ejus</strong></span> <span class='ocrx_word' id='word_1_731' title='bbox 2506 3404 2591 3457; x_wconf 91' lang='lat' dir='ltr'><strong>cui</strong></span> <span class='ocrx_word' id='word_1_732' title='bbox 2620 3406 2823 3459; x_wconf 80' lang='lat' dir='ltr'><strong>medela</strong></span> <span class='ocrx_word' id='word_1_733' title='bbox 2851 3407 3155 3469; x_wconf 82' lang='lat' dir='ltr'><strong>adhibetur,</strong></span> <span class='ocrx_word' id='word_1_734' title='bbox 3185 3411 3455 3464; x_wconf 88' lang='lat' dir='ltr'><strong>constitu-</strong></span> 
     </span>
    </p>
   </div>
   <div class='ocr_carea' id='block_1_97' title="bbox 1871 3494 3452 3568">
    <p class='ocr_par' dir='ltr' id='par_1_97' title="bbox 1871 3494 3452 3568">
     <span class='ocr_line' id='line_1_97' title="bbox 1871 3494 3452 3568; baseline 0.004 -18"><span class='ocrx_word' id='word_1_735' title='bbox 1871 3496 2073 3551; x_wconf 88' lang='lat' dir='ltr'><strong>tionem</strong></span> <span class='ocrx_word' id='word_1_736' title='bbox 2104 3494 2388 3562; x_wconf 88' lang='lat' dir='ltr'><strong>dijudicet.</strong></span> <span class='ocrx_word' id='word_1_737' title='bbox 2417 3494 2884 3560; x_wconf 77' lang='lat' dir='ltr'><strong>Quemadmodum</strong></span> <span class='ocrx_word' id='word_1_738' title='bbox 2916 3499 3060 3551; x_wconf 80' lang='lat' dir='ltr'><strong>enirn</strong></span> <span class='ocrx_word' id='word_1_739' title='bbox 3095 3503 3275 3568; x_wconf 89' lang='lat' dir='ltr'><strong>porcis</strong></span> <span class='ocrx_word' id='word_1_740' title='bbox 3306 3517 3452 3557; x_wconf 88' lang='lat' dir='ltr'><strong>mar-</strong></span> 
     </span>
    </p>
   </div>
   <div class='ocr_carea' id='block_1_98' title="bbox 1875 3588 3453 3661">
    <p class='ocr_par' dir='ltr' id='par_1_98' title="bbox 1875 3588 3453 3661">
     <span class='ocr_line' id='line_1_98' title="bbox 1875 3588 3453 3661; baseline 0.003 -19"><span class='ocrx_word' id='word_1_741' title='bbox 1875 3589 2080 3658; x_wconf 78' lang='lat' dir='ltr'><strong>gat&#39;itas</strong></span> <span class='ocrx_word' id='word_1_742' title='bbox 2108 3588 2374 3658; x_wconf 85' lang='lat' dir='ltr'><strong>projicere</strong></span> <span class='ocrx_word' id='word_1_743' title='bbox 2403 3598 2486 3643; x_wconf 84' lang='lat' dir='ltr'><strong>est</strong></span> <span class='ocrx_word' id='word_1_744' title='bbox 2516 3590 2763 3652; x_wconf 82' lang='lat' dir='ltr'><strong>vetitum,</strong></span> <span class='ocrx_word' id='word_1_745' title='bbox 2792 3591 2863 3643; x_wconf 74' lang='lat' dir='ltr'><strong>ita</strong></span> <span class='ocrx_word' id='word_1_746' title='bbox 2893 3602 2946 3643; x_wconf 87' lang='lat' dir='ltr'><strong>ct</strong></span> <span class='ocrx_word' id='word_1_747' title='bbox 2976 3592 3208 3658; x_wconf 85' lang='lat' dir='ltr'><strong>pretiosa</strong></span> <span class='ocrx_word' id='word_1_748' title='bbox 3239 3610 3453 3661; x_wconf 77' lang='lat' dir='ltr'><strong>marga-</strong></span> 
     </span>
    </p>
   </div>
   <div class='ocr_carea' id='block_1_99' title="bbox 1875 3680 3453 3750">
    <p class='ocr_par' dir='ltr' id='par_1_99' title="bbox 1875 3680 3453 3750">
     <span class='ocr_line' id='line_1_99' title="bbox 1875 3680 3453 3750; baseline 0.003 -14"><span class='ocrx_word' id='word_1_749' title='bbox 1875 3680 1975 3736; x_wconf 89' lang='lat' dir='ltr'><strong>rita</strong></span> <span class='ocrx_word' id='word_1_750' title='bbox 2022 3681 2232 3749; x_wconf 85' lang='lat' dir='ltr'><strong>privare</strong></span> <span class='ocrx_word' id='word_1_751' title='bbox 2278 3696 2402 3735; x_wconf 87' lang='lat' dir='ltr'><strong>eum</strong></span> <span class='ocrx_word' id='word_1_752' title='bbox 2439 3681 2529 3749; x_wconf 88' lang='lat' dir='ltr'><strong>qui</strong></span> <span class='ocrx_word' id='word_1_753' title='bbox 2563 3680 2673 3750; x_wconf 88' lang='lat' dir='ltr'><strong>jam</strong></span> <span class='ocrx_word' id='word_1_754' title='bbox 2714 3696 2806 3749; x_wconf 89' lang='lat' dir='ltr'><strong>per</strong></span> <span class='ocrx_word' id='word_1_755' title='bbox 2837 3682 3216 3737; x_wconf 87' lang='lat' dir='ltr'><strong>alienationem</strong></span> <span class='ocrx_word' id='word_1_756' title='bbox 3256 3702 3283 3739; x_wconf 91' lang='lat' dir='ltr'><strong>a</strong></span> <span class='ocrx_word' id='word_1_757' title='bbox 3320 3688 3453 3741; x_wconf 85' lang='lat' dir='ltr'><strong>vitio</strong></span> 
     </span>
    </p>
   </div>
   <div class='ocr_carea' id='block_1_100' title="bbox 1874 3774 3455 3843">
    <p class='ocr_par' dir='ltr' id='par_1_100' title="bbox 1874 3774 3455 3843">
     <span class='ocr_line' id='line_1_100' title="bbox 1874 3774 3455 3843; baseline 0.003 -15"><span class='ocrx_word' id='word_1_758' title='bbox 1874 3782 1928 3828; x_wconf 85' lang='lat' dir='ltr'><strong>et</strong></span> <span class='ocrx_word' id='word_1_759' title='bbox 1956 3774 2330 3843; x_wconf 75' lang='lat' dir='ltr'><strong>purgationem</strong></span> <span class='ocrx_word' id='word_1_760' title='bbox 2358 3776 2522 3829; x_wconf 89' lang='lat' dir='ltr'><strong>homo</strong></span> <span class='ocrx_word' id='word_1_761' title='bbox 2550 3775 2621 3829; x_wconf 86' lang='lat' dir='ltr'><strong>sit</strong></span> <span class='ocrx_word' id='word_1_762' title='bbox 2648 3774 2845 3838; x_wconf 79' lang='lat' dir='ltr'><strong>factus,</strong></span> <span class='ocrx_word' id='word_1_763' title='bbox 2870 3776 3167 3829; x_wconf 88' lang='lat' dir='ltr'><strong>absurdum</strong></span> <span class='ocrx_word' id='word_1_764' title='bbox 3196 3787 3297 3829; x_wconf 82' lang='lat' dir='ltr'><strong>est.</strong></span> <span class='ocrx_word' id='word_1_765' title='bbox 3322 3778 3455 3842; x_wconf 65' lang='lat' dir='ltr'><strong>Quae</strong></span> 
     </span>
    </p>
   </div>
   <div class='ocr_carea' id='block_1_101' title="bbox 1876 3862 3453 3936">
    <p class='ocr_par' dir='ltr' id='par_1_101' title="bbox 1876 3862 3453 3936">
     <span class='ocr_line' id='line_1_101' title="bbox 1876 3862 3453 3936; baseline 0.003 -21"><span class='ocrx_word' id='word_1_766' title='bbox 1876 3872 2057 3916; x_wconf 89' lang='lat' dir='ltr'><strong>autem</strong></span> <span class='ocrx_word' id='word_1_767' title='bbox 2090 3863 2142 3915; x_wconf 91' lang='lat' dir='ltr'><strong>in</strong></span> <span class='ocrx_word' id='word_1_768' title='bbox 2174 3862 2443 3917; x_wconf 87' lang='lat' dir='ltr'><strong>adulterio</strong></span> <span class='ocrx_word' id='word_1_769' title='bbox 2472 3873 2525 3918; x_wconf 89' lang='lat' dir='ltr'><strong>et</strong></span> <span class='ocrx_word' id='word_1_770' title='bbox 2557 3864 2608 3916; x_wconf 92' lang='lat' dir='ltr'><strong>iu</strong></span> <span class='ocrx_word' id='word_1_771' title='bbox 2644 3865 2868 3933; x_wconf 89' lang='lat' dir='ltr'><strong>reliquis</strong></span> <span class='ocrx_word' id='word_1_772' title='bbox 2900 3865 3256 3920; x_wconf 73' lang='lat' dir='ltr'><strong>imtuutulitite</strong></span> <span class='ocrx_word' id='word_1_773' title='bbox 3287 3882 3453 3936; x_wconf 83' lang='lat' dir='ltr'><strong>gene-</strong></span> 
     </span>
    </p>
   </div>
   <div class='ocr_carea' id='block_1_102' title="bbox 1877 3952 3453 4027">
    <p class='ocr_par' dir='ltr' id='par_1_102' title="bbox 1877 3952 3453 4027">
     <span class='ocr_line' id='line_1_102' title="bbox 1877 3952 3453 4027; baseline 0.004 -21"><span class='ocrx_word' id='word_1_774' title='bbox 1877 3954 2030 4007; x_wconf 84' lang='lat' dir='ltr'><strong>ribus</strong></span> <span class='ocrx_word' id='word_1_775' title='bbox 2062 3953 2119 4005; x_wconf 84' lang='lat' dir='ltr'><strong>lit</strong></span> <span class='ocrx_word' id='word_1_776' title='bbox 2149 3952 2429 4023; x_wconf 84' lang='lat' dir='ltr'><strong>iniquitas,</strong></span> <span class='ocrx_word' id='word_1_777' title='bbox 2459 3961 2517 4009; x_wconf 91' lang='lat' dir='ltr'><strong>ut</strong></span> <span class='ocrx_word' id='word_1_778' title='bbox 2542 3954 2747 4009; x_wconf 84' lang='lat' dir='ltr'><strong>dictum</strong></span> <span class='ocrx_word' id='word_1_779' title='bbox 2777 3965 2881 4019; x_wconf 87' lang='lat' dir='ltr'><strong>est,</strong></span> <span class='ocrx_word' id='word_1_780' title='bbox 2909 3958 3098 4010; x_wconf 86' lang='lat' dir='ltr'><strong>eodem</strong></span> <span class='ocrx_word' id='word_1_781' title='bbox 3124 3958 3453 4027; x_wconf 80' lang='lat' dir='ltr'><strong>330judi-</strong></span> 
     </span>
    </p>
   </div>
   <div class='ocr_carea' id='block_1_103' title="bbox 1877 4048 3454 4120">
    <p class='ocr_par' dir='ltr' id='par_1_103' title="bbox 1877 4048 3454 4120">
     <span class='ocr_line' id='line_1_103' title="bbox 1877 4048 3454 4120; baseline 0.003 -19"><span class='ocrx_word' id='word_1_782' title='bbox 1877 4048 1962 4101; x_wconf 87' lang='lat' dir='ltr'><strong>cio</strong></span> <span class='ocrx_word' id='word_1_783' title='bbox 1988 4048 2238 4115; x_wconf 90' lang='lat' dir='ltr'><strong>punietur</strong></span> <span class='ocrx_word' id='word_1_784' title='bbox 2262 4063 2370 4116; x_wconf 89' lang='lat' dir='ltr'><strong>quo</strong></span> <span class='ocrx_word' id='word_1_785' title='bbox 2394 4057 2448 4102; x_wconf 88' lang='lat' dir='ltr'><strong>et</strong></span> <span class='ocrx_word' id='word_1_786' title='bbox 2474 4048 2845 4103; x_wconf 82' lang='lat' dir='ltr'><strong>fornicationis</strong></span> <span class='ocrx_word' id='word_1_787' title='bbox 2866 4050 3065 4113; x_wconf 89' lang='lat' dir='ltr'><strong>scelus,</strong></span> <span class='ocrx_word' id='word_1_788' title='bbox 3090 4052 3183 4104; x_wconf 89' lang='lat' dir='ltr'><strong>sed</strong></span> <span class='ocrx_word' id='word_1_789' title='bbox 3212 4059 3454 4120; x_wconf 87' lang='lat' dir='ltr'><strong>tempore</strong></span> 
     </span>
    </p>
   </div>
   <div class='ocr_carea' id='block_1_104' title="bbox 1877 4134 3454 4204">
    <p class='ocr_par' dir='ltr' id='par_1_104' title="bbox 1877 4134 3454 4204">
     <span class='ocr_line' id='line_1_104' title="bbox 1877 4134 3454 4204; baseline 0.002 -14"><span class='ocrx_word' id='word_1_790' title='bbox 1877 4136 2264 4204; x_wconf 88' lang='lat' dir='ltr'><strong>duplicabitur.</strong></span> <span class='ocrx_word' id='word_1_791' title='bbox 2296 4134 2353 4190; x_wconf 87' lang='lat' dir='ltr'><strong>In</strong></span> <span class='ocrx_word' id='word_1_792' title='bbox 2394 4151 2460 4191; x_wconf 91' lang='lat' dir='ltr'><strong>eo</strong></span> <span class='ocrx_word' id='word_1_793' title='bbox 2500 4143 2716 4198; x_wconf 87' lang='lat' dir='ltr'><strong>autem,</strong></span> <span class='ocrx_word' id='word_1_794' title='bbox 2748 4137 2866 4204; x_wconf 85' lang='lat' dir='ltr'><strong>ejus</strong></span> <span class='ocrx_word' id='word_1_795' title='bbox 2908 4137 3071 4190; x_wconf 89' lang='lat' dir='ltr'><strong>etiam</strong></span> <span class='ocrx_word' id='word_1_796' title='bbox 3114 4137 3201 4191; x_wconf 87' lang='lat' dir='ltr'><strong>cui</strong></span> <span class='ocrx_word' id='word_1_797' title='bbox 3246 4139 3454 4193; x_wconf 81' lang='lat' dir='ltr'><strong>medela</strong></span> 
     </span>
    </p>
   </div>
   <div class='ocr_carea' id='block_1_105' title="bbox 1878 4227 3455 4296">
    <p class='ocr_par' dir='ltr' id='par_1_105' title="bbox 1878 4227 3455 4296">
     <span class='ocr_line' id='line_1_105' title="bbox 1878 4227 3455 4296; baseline 0 -13"><span class='ocrx_word' id='word_1_798' title='bbox 1878 4229 2189 4292; x_wconf 77' lang='lat' dir='ltr'><strong>adhibetur,</strong></span> <span class='ocrx_word' id='word_1_799' title='bbox 2221 4227 2435 4283; x_wconf 80' lang='lat' dir='ltr'><strong>aﬂeetio</strong></span> <span class='ocrx_word' id='word_1_800' title='bbox 2473 4227 2926 4291; x_wconf 87' lang='lat' dir='ltr'><strong>considerabitur,</strong></span> <span class='ocrx_word' id='word_1_801' title='bbox 2956 4242 3064 4296; x_wconf 90' lang='lat' dir='ltr'><strong>quo</strong></span> <span class='ocrx_word' id='word_1_802' title='bbox 3108 4228 3270 4281; x_wconf 86' lang='lat' dir='ltr'><strong>modo</strong></span> <span class='ocrx_word' id='word_1_803' title='bbox 3311 4238 3365 4283; x_wconf 89' lang='lat' dir='ltr'><strong>et</strong></span> <span class='ocrx_word' id='word_1_804' title='bbox 3398 4230 3455 4283; x_wconf 88' lang='lat' dir='ltr'><strong>in</strong></span> 
     </span>
    </p>
   </div>
   <div class='ocr_carea' id='block_1_106' title="bbox 1878 4319 3453 4390">
    <p class='ocr_par' dir='ltr' id='par_1_106' title="bbox 1878 4319 3453 4390">
     <span class='ocr_line' id='line_1_106' title="bbox 1878 4319 3453 4390; baseline -0.001 -15"><span class='ocrx_word' id='word_1_805' title='bbox 1878 4321 1947 4375; x_wconf 81' lang='lat' dir='ltr'><strong>iis</strong></span> <span class='ocrx_word' id='word_1_806' title='bbox 1980 4322 2072 4390; x_wconf 91' lang='lat' dir='ltr'><strong>qui</strong></span> <span class='ocrx_word' id='word_1_807' title='bbox 2110 4319 2489 4375; x_wconf 84' lang='lat' dir='ltr'><strong>fornicationis</strong></span> <span class='ocrx_word' id='word_1_808' title='bbox 2526 4320 2941 4389; x_wconf 87' lang='lat' dir='ltr'><strong>inquinamento</strong></span> <span class='ocrx_word' id='word_1_809' title='bbox 2982 4319 3257 4388; x_wconf 85' lang='lat' dir='ltr'><strong>illaqueati</strong></span> <span class='ocrx_word' id='word_1_810' title='bbox 3297 4331 3453 4387; x_wconf 91' lang='lat' dir='ltr'><strong>sunt,</strong></span> 
     </span>
    </p>
   </div>
   <div class='ocr_carea' id='block_1_107' title="bbox 1881 4411 3363 4481">
    <p class='ocr_par' dir='ltr' id='par_1_107' title="bbox 1881 4411 3363 4481">
     <span class='ocr_line' id='line_1_107' title="bbox 1881 4411 3363 4481; baseline 0.001 -15"><span class='ocrx_word' id='word_1_811' title='bbox 1881 4424 1939 4467; x_wconf 89' lang='lat' dir='ltr'><strong>ut</strong></span> <span class='ocrx_word' id='word_1_812' title='bbox 1970 4414 2051 4467; x_wconf 85' lang='lat' dir='ltr'><strong>vel</strong></span> <span class='ocrx_word' id='word_1_813' title='bbox 2081 4413 2242 4469; x_wconf 85' lang='lat' dir='ltr'><strong>citius</strong></span> <span class='ocrx_word' id='word_1_814' title='bbox 2274 4413 2357 4468; x_wconf 90' lang='lat' dir='ltr'><strong>vel</strong></span> <span class='ocrx_word' id='word_1_815' title='bbox 2387 4412 2599 4467; x_wconf 89' lang='lat' dir='ltr'><strong>tardius</strong></span> <span class='ocrx_word' id='word_1_816' title='bbox 2624 4416 2706 4467; x_wconf 85' lang='lat' dir='ltr'><strong>eis</strong></span> <span class='ocrx_word' id='word_1_817' title='bbox 2738 4412 2810 4466; x_wconf 92' lang='lat' dir='ltr'><strong>sit</strong></span> <span class='ocrx_word' id='word_1_818' title='bbox 2835 4411 2962 4465; x_wconf 89' lang='lat' dir='ltr'><strong>boui</strong></span> <span class='ocrx_word' id='word_1_819' title='bbox 2997 4412 3363 4481; x_wconf 88' lang='lat' dir='ltr'><strong>participatio.</strong></span> 
     </span>
    </p>
   </div>
   <div class='ocr_carea' id='block_1_108' title="bbox 1948 4590 3462 4665">
    <p class='ocr_par' dir='ltr' id='par_1_108' title="bbox 1948 4590 3462 4665">
     <span class='ocr_line' id='line_1_108' title="bbox 1948 4590 3462 4665; baseline 0.001 -16"><span class='ocrx_word' id='word_1_820' title='bbox 1948 4594 1983 4649; x_wconf 75' lang='grc'><strong>4</strong></span> <span class='ocrx_word' id='word_1_821' title='bbox 2012 4591 2113 4665; x_wconf 74' lang='grc'><strong>[5].</strong></span> <span class='ocrx_word' id='word_1_822' title='bbox 2141 4591 2330 4648; x_wconf 81' lang='lat' dir='ltr'><strong>Restat</strong></span> <span class='ocrx_word' id='word_1_823' title='bbox 2356 4591 2421 4646; x_wconf 91' lang='lat' dir='ltr'><strong>ad</strong></span> <span class='ocrx_word' id='word_1_824' title='bbox 2449 4592 2566 4646; x_wconf 72' lang='lat' dir='ltr'><strong>haec</strong></span> <span class='ocrx_word' id='word_1_825' title='bbox 2595 4599 2654 4645; x_wconf 89' lang='lat' dir='ltr'><strong>ut</strong></span> <span class='ocrx_word' id='word_1_826' title='bbox 2683 4590 3004 4647; x_wconf 88' lang='lat' dir='ltr'><strong>irascentem</strong></span> <span class='ocrx_word' id='word_1_827' title='bbox 3030 4593 3227 4647; x_wconf 68' lang='lat' dir='ltr'><strong>anima:</strong></span> <span class='ocrx_word' id='word_1_828' title='bbox 3252 4603 3462 4664; x_wconf 87' lang='lat' dir='ltr'><strong>partem</strong></span> 
     </span>
    </p>
   </div>
   <div class='ocr_carea' id='block_1_109' title="bbox 1880 4685 3462 4754">
    <p class='ocr_par' dir='ltr' id='par_1_109' title="bbox 1880 4685 3462 4754">
     <span class='ocr_line' id='line_1_109' title="bbox 1880 4685 3462 4754; baseline -0.002 -13"><span class='ocrx_word' id='word_1_829' title='bbox 1880 4687 2300 4741; x_wconf 84' lang='lat' dir='ltr'><strong>examinatulam</strong></span> <span class='ocrx_word' id='word_1_830' title='bbox 2349 4698 2750 4754; x_wconf 87' lang='lat' dir='ltr'><strong>proponamus,</strong></span> <span class='ocrx_word' id='word_1_831' title='bbox 2787 4685 3005 4752; x_wconf 89' lang='lat' dir='ltr'><strong>quando</strong></span> <span class='ocrx_word' id='word_1_832' title='bbox 3047 4685 3196 4754; x_wconf 88' lang='lat' dir='ltr'><strong>lapsa</strong></span> <span class='ocrx_word' id='word_1_833' title='bbox 3242 4702 3273 4741; x_wconf 91' lang='lat' dir='ltr'><strong>a</strong></span> <span class='ocrx_word' id='word_1_834' title='bbox 3318 4688 3462 4740; x_wconf 88' lang='lat' dir='ltr'><strong>bono</strong></span> 
     </span>
    </p>
   </div>
   <div class='ocr_carea' id='block_1_110' title="bbox 1883 4774 3463 4847">
    <p class='ocr_par' dir='ltr' id='par_1_110' title="bbox 1883 4774 3463 4847">
     <span class='ocr_line' id='line_1_110' title="bbox 1883 4774 3463 4847; baseline 0.003 -16"><span class='ocrx_word' id='word_1_835' title='bbox 1883 4778 1976 4832; x_wconf 87' lang='lat' dir='ltr'><strong>irae</strong></span> <span class='ocrx_word' id='word_1_836' title='bbox 2008 4793 2107 4832; x_wconf 93' lang='lat' dir='ltr'><strong>usu</strong></span> <span class='ocrx_word' id='word_1_837' title='bbox 2143 4777 2196 4831; x_wconf 90' lang='lat' dir='ltr'><strong>in</strong></span> <span class='ocrx_word' id='word_1_838' title='bbox 2227 4785 2507 4847; x_wconf 89' lang='lat' dir='ltr'><strong>peccatum</strong></span> <span class='ocrx_word' id='word_1_839' title='bbox 2561 4775 2841 4830; x_wconf 88' lang='lat' dir='ltr'><strong>ceciderit.</strong></span> <span class='ocrx_word' id='word_1_840' title='bbox 2899 4774 3034 4829; x_wconf 85' lang='lat' dir='ltr'><strong>Cum</strong></span> <span class='ocrx_word' id='word_1_841' title='bbox 3080 4788 3259 4831; x_wconf 90' lang='lat' dir='ltr'><strong>autem</strong></span> <span class='ocrx_word' id='word_1_842' title='bbox 3294 4780 3463 4835; x_wconf 78' lang='lat' dir='ltr'><strong>multa</strong></span> 
     </span>
    </p>
   </div>
   <div class='ocr_carea' id='block_1_111' title="bbox 1883 4866 3465 4939">
    <p class='ocr_par' dir='ltr' id='par_1_111' title="bbox 1883 4866 3465 4939">
     <span class='ocr_line' id='line_1_111' title="bbox 1883 4866 3465 4939; baseline 0 -15"><span class='ocrx_word' id='word_1_843' title='bbox 1883 4872 1994 4925; x_wconf 85' lang='lat' dir='ltr'><strong>sint</strong></span> <span class='ocrx_word' id='word_1_844' title='bbox 2034 4884 2155 4939; x_wconf 68' lang='lat' dir='ltr'><strong>qua:</strong></span> <span class='ocrx_word' id='word_1_845' title='bbox 2200 4883 2294 4938; x_wconf 90' lang='lat' dir='ltr'><strong>per</strong></span> <span class='ocrx_word' id='word_1_846' title='bbox 2330 4867 2467 4920; x_wconf 89' lang='lat' dir='ltr'><strong>iratn</strong></span> <span class='ocrx_word' id='word_1_847' title='bbox 2505 4866 2641 4920; x_wconf 82' lang='lat' dir='ltr'><strong>fiunt</strong></span> <span class='ocrx_word' id='word_1_848' title='bbox 2672 4877 2893 4934; x_wconf 84' lang='lat' dir='ltr'><strong>peccata</strong></span> <span class='ocrx_word' id='word_1_849' title='bbox 2931 4880 2986 4920; x_wconf 87' lang='lat' dir='ltr'><strong>et</strong></span> <span class='ocrx_word' id='word_1_850' title='bbox 3023 4868 3204 4921; x_wconf 91' lang='lat' dir='ltr'><strong>omnis</strong></span> <span class='ocrx_word' id='word_1_851' title='bbox 3248 4871 3465 4939; x_wconf 69' lang='lat' dir='ltr'><strong>generis</strong></span> 
     </span>
    </p>
   </div>
   <div class='ocr_carea' id='block_1_112' title="bbox 1883 4957 3466 5030">
    <p class='ocr_par' dir='ltr' id='par_1_112' title="bbox 1883 4957 3466 5030">
     <span class='ocr_line' id='line_1_112' title="bbox 1883 4957 3466 5030; baseline -0.001 -14"><span class='ocrx_word' id='word_1_852' title='bbox 1883 4963 2045 5025; x_wconf 76' lang='lat' dir='ltr'><strong>mala,</strong></span> <span class='ocrx_word' id='word_1_853' title='bbox 2072 4959 2277 5030; x_wconf 88' lang='lat' dir='ltr'><strong>placuit</strong></span> <span class='ocrx_word' id='word_1_854' title='bbox 2310 4958 2566 5013; x_wconf 87' lang='lat' dir='ltr'><strong>omnibus</strong></span> <span class='ocrx_word' id='word_1_855' title='bbox 2597 4958 2800 5014; x_wconf 92' lang='lat' dir='ltr'><strong>nostris</strong></span> <span class='ocrx_word' id='word_1_856' title='bbox 2822 4957 3077 5014; x_wconf 88' lang='lat' dir='ltr'><strong>Patribus</strong></span> <span class='ocrx_word' id='word_1_857' title='bbox 3109 4960 3161 5013; x_wconf 92' lang='lat' dir='ltr'><strong>in</strong></span> <span class='ocrx_word' id='word_1_858' title='bbox 3191 4961 3313 5015; x_wconf 87' lang='lat' dir='ltr'><strong>aliis</strong></span> <span class='ocrx_word' id='word_1_859' title='bbox 3342 4964 3466 5029; x_wconf 85' lang='lat' dir='ltr'><strong>qui-</strong></span> 
     </span>
    </p>
   </div>
   <div class='ocr_carea' id='block_1_113' title="bbox 1884 5050 3467 5121">
    <p class='ocr_par' dir='ltr' id='par_1_113' title="bbox 1884 5050 3467 5121">
     <span class='ocr_line' id='line_1_113' title="bbox 1884 5050 3467 5121; baseline -0.002 -11"><span class='ocrx_word' id='word_1_860' title='bbox 1884 5054 2004 5110; x_wconf 86' lang='lat' dir='ltr'><strong>dem</strong></span> <span class='ocrx_word' id='word_1_861' title='bbox 2034 5068 2143 5107; x_wconf 92' lang='lat' dir='ltr'><strong>non</strong></span> <span class='ocrx_word' id='word_1_862' title='bbox 2172 5051 2400 5106; x_wconf 80' lang='lat' dir='ltr'><strong>nimium</strong></span> <span class='ocrx_word' id='word_1_863' title='bbox 2434 5050 2708 5106; x_wconf 89' lang='lat' dir='ltr'><strong>subtiliter</strong></span> <span class='ocrx_word' id='word_1_864' title='bbox 2733 5066 2909 5121; x_wconf 78' lang='lat' dir='ltr'><strong>agere,</strong></span> <span class='ocrx_word' id='word_1_865' title='bbox 2935 5068 3034 5106; x_wconf 89' lang='lat' dir='ltr'><strong>nec</strong></span> <span class='ocrx_word' id='word_1_866' title='bbox 3059 5053 3288 5106; x_wconf 89' lang='lat' dir='ltr'><strong>nimium</strong></span> <span class='ocrx_word' id='word_1_867' title='bbox 3322 5056 3467 5108; x_wconf 83' lang='lat' dir='ltr'><strong>ineo</strong></span> 
     </span>
    </p>
   </div>
   <div class='ocr_carea' id='block_1_114' title="bbox 1886 5143 3470 5214">
    <p class='ocr_par' dir='ltr' id='par_1_114' title="bbox 1886 5143 3470 5214">
     <span class='ocr_line' id='line_1_114' title="bbox 1886 5143 3470 5214; baseline 0.001 -15"><span class='ocrx_word' id='word_1_868' title='bbox 1886 5144 2049 5199; x_wconf 86' lang='lat' dir='ltr'><strong>studii</strong></span> <span class='ocrx_word' id='word_1_869' title='bbox 2074 5159 2363 5214; x_wconf 65' lang='lat' dir='ltr'><strong>operteque</strong></span> <span class='ocrx_word' id='word_1_870' title='bbox 2392 5159 2611 5214; x_wconf 88' lang='lat' dir='ltr'><strong>ponere,</strong></span> <span class='ocrx_word' id='word_1_871' title='bbox 2636 5155 2695 5197; x_wconf 92' lang='lat' dir='ltr'><strong>ut</strong></span> <span class='ocrx_word' id='word_1_872' title='bbox 2716 5143 2899 5197; x_wconf 89' lang='lat' dir='ltr'><strong>omnia</strong></span> <span class='ocrx_word' id='word_1_873' title='bbox 2925 5158 3045 5212; x_wconf 80' lang='lat' dir='ltr'><strong>quae</strong></span> <span class='ocrx_word' id='word_1_874' title='bbox 3076 5159 3139 5197; x_wconf 79' lang='lat' dir='ltr'><strong>ex</strong></span> <span class='ocrx_word' id='word_1_875' title='bbox 3168 5145 3244 5198; x_wconf 90' lang='lat' dir='ltr'><strong>ira</strong></span> <span class='ocrx_word' id='word_1_876' title='bbox 3275 5161 3470 5200; x_wconf 79' lang='lat' dir='ltr'><strong>nasce-</strong></span> 
     </span>
    </p>
   </div>
   <div class='ocr_carea' id='block_1_115' title="bbox 1886 5234 3468 5305">
    <p class='ocr_par' dir='ltr' id='par_1_115' title="bbox 1886 5234 3468 5305">
     <span class='ocr_line' id='line_1_115' title="bbox 1886 5234 3468 5305; baseline 0.002 -13"><span class='ocrx_word' id='word_1_877' title='bbox 1886 5247 2076 5293; x_wconf 83' lang='lat' dir='ltr'><strong>rentur</strong></span> <span class='ocrx_word' id='word_1_878' title='bbox 2123 5237 2319 5291; x_wconf 87' lang='lat' dir='ltr'><strong>delicta</strong></span> <span class='ocrx_word' id='word_1_879' title='bbox 2375 5245 2664 5302; x_wconf 86' lang='lat' dir='ltr'><strong>curarent;</strong></span> <span class='ocrx_word' id='word_1_880' title='bbox 2714 5236 2965 5305; x_wconf 84' lang='lat' dir='ltr'><strong>quamvis</strong></span> <span class='ocrx_word' id='word_1_881' title='bbox 3018 5234 3301 5305; x_wconf 82' lang='lat' dir='ltr'><strong>Scriptura</strong></span> <span class='ocrx_word' id='word_1_882' title='bbox 3357 5255 3468 5295; x_wconf 85' lang='lat' dir='ltr'><strong>non</strong></span> 
     </span>
    </p>
   </div>
   <div class='ocr_carea' id='block_1_116' title="bbox 1887 5321 3467 5395">
    <p class='ocr_par' dir='ltr' id='par_1_116' title="bbox 1887 5321 3467 5395">
     <span class='ocr_line' id='line_1_116' title="bbox 1887 5321 3467 5395; baseline -0.003 -14"><span class='ocrx_word' id='word_1_883' title='bbox 1887 5327 2065 5381; x_wconf 89' lang='lat' dir='ltr'><strong>solum</strong></span> <span class='ocrx_word' id='word_1_884' title='bbox 2094 5326 2289 5380; x_wconf 83' lang='lat' dir='ltr'><strong>vulnus</strong></span> <span class='ocrx_word' id='word_1_885' title='bbox 2318 5324 2622 5395; x_wconf 86' lang='lat' dir='ltr'><strong>prohibeat,</strong></span> <span class='ocrx_word' id='word_1_886' title='bbox 2648 5324 2742 5378; x_wconf 88' lang='lat' dir='ltr'><strong>sed</strong></span> <span class='ocrx_word' id='word_1_887' title='bbox 2773 5323 2937 5376; x_wconf 89' lang='lat' dir='ltr'><strong>etiam</strong></span> <span class='ocrx_word' id='word_1_888' title='bbox 2968 5338 3127 5375; x_wconf 88' lang='lat' dir='ltr'><strong>omne</strong></span> <span class='ocrx_word' id='word_1_889' title='bbox 3157 5321 3467 5377; x_wconf 89' lang='lat' dir='ltr'><strong>convicium</strong></span> 
     </span>
    </p>
   </div>
   <div class='ocr_carea' id='block_1_117' title="bbox 1887 5411 3472 5483">
    <p class='ocr_par' dir='ltr' id='par_1_117' title="bbox 1887 5411 3472 5483">
     <span class='ocr_line' id='line_1_117' title="bbox 1887 5411 3472 5483; baseline 0 -16"><span class='ocrx_word' id='word_1_890' title='bbox 1887 5416 1971 5468; x_wconf 81' lang='lat' dir='ltr'><strong>vel</strong></span> <span class='ocrx_word' id='word_1_891' title='bbox 2008 5413 2389 5479; x_wconf 88' lang='lat' dir='ltr'><strong>maledictum,</strong></span> <span class='ocrx_word' id='word_1_892' title='bbox 2413 5422 2467 5467; x_wconf 91' lang='lat' dir='ltr'><strong>et</strong></span> <span class='ocrx_word' id='word_1_893' title='bbox 2499 5413 2545 5468; x_wconf 86' lang='lat' dir='ltr'><strong>si</strong></span> <span class='ocrx_word' id='word_1_894' title='bbox 2581 5414 2709 5483; x_wconf 88' lang='lat' dir='ltr'><strong>quid</strong></span> <span class='ocrx_word' id='word_1_895' title='bbox 2744 5412 2887 5467; x_wconf 88' lang='lat' dir='ltr'><strong>aliud</strong></span> <span class='ocrx_word' id='word_1_896' title='bbox 2923 5411 3191 5482; x_wconf 88' lang='lat' dir='ltr'><strong>ejusmodi</strong></span> <span class='ocrx_word' id='word_1_897' title='bbox 3234 5414 3306 5467; x_wconf 91' lang='lat' dir='ltr'><strong>ita</strong></span> <span class='ocrx_word' id='word_1_898' title='bbox 3353 5412 3472 5467; x_wconf 82' lang='lat' dir='ltr'><strong>etii-</strong></span> 
     </span>
    </p>
   </div>
   <div class='ocr_carea' id='block_1_118' title="bbox 1889 5502 3472 5574">
    <p class='ocr_par' dir='ltr' id='par_1_118' title="bbox 1889 5502 3472 5574">
     <span class='ocr_line' id='line_1_118' title="bbox 1889 5502 3472 5574; baseline 0 -18"><span class='ocrx_word' id='word_1_899' title='bbox 1889 5504 1994 5570; x_wconf 87' lang='lat' dir='ltr'><strong>cit;</strong></span> <span class='ocrx_word' id='word_1_900' title='bbox 2033 5505 2127 5558; x_wconf 85' lang='lat' dir='ltr'><strong>sed</strong></span> <span class='ocrx_word' id='word_1_901' title='bbox 2165 5505 2336 5559; x_wconf 88' lang='lat' dir='ltr'><strong>solam</strong></span> <span class='ocrx_word' id='word_1_902' title='bbox 2373 5504 2537 5558; x_wconf 83' lang='lat' dir='ltr'><strong>caedis</strong></span> <span class='ocrx_word' id='word_1_903' title='bbox 2568 5502 2878 5557; x_wconf 87' lang='lat' dir='ltr'><strong>cautionem</strong></span> <span class='ocrx_word' id='word_1_904' title='bbox 2923 5505 3039 5558; x_wconf 86' lang='lat' dir='ltr'><strong>suis</strong></span> <span class='ocrx_word' id='word_1_905' title='bbox 3078 5503 3255 5574; x_wconf 76' lang='lat' dir='ltr'><strong>ptenis</strong></span> <span class='ocrx_word' id='word_1_906' title='bbox 3296 5503 3472 5557; x_wconf 86' lang='lat' dir='ltr'><strong>intro-</strong></span> 
     </span>
    </p>
   </div>
   <div class='ocr_carea' id='block_1_119' title="bbox 1888 5590 3476 5655">
    <p class='ocr_par' dir='ltr' id='par_1_119' title="bbox 1888 5590 3476 5655">
     <span class='ocr_line' id='line_1_119' title="bbox 1888 5590 3476 5655; baseline -0.002 -6"><span class='ocrx_word' id='word_1_907' title='bbox 1888 5596 2179 5649; x_wconf 81' lang='lat' dir='ltr'><strong>duxerunt.</strong></span> <span class='ocrx_word' id='word_1_908' title='bbox 2215 5593 2480 5647; x_wconf 85' lang='lat' dir='ltr'><strong>Dividitur</strong></span> <span class='ocrx_word' id='word_1_909' title='bbox 2526 5601 2705 5645; x_wconf 91' lang='lat' dir='ltr'><strong>autem</strong></span> <span class='ocrx_word' id='word_1_910' title='bbox 2751 5590 2856 5646; x_wconf 88' lang='lat' dir='ltr'><strong>hoc</strong></span> <span class='ocrx_word' id='word_1_911' title='bbox 2898 5592 3125 5655; x_wconf 88' lang='lat' dir='ltr'><strong>malum,</strong></span> <span class='ocrx_word' id='word_1_912' title='bbox 3156 5591 3476 5646; x_wconf 74' lang='lat' dir='ltr'><strong>dill‘erentia:</strong></span> 
     </span>
    </p>
   </div>
   <div class='ocr_carea' id='block_1_120' title="bbox 1890 5680 3474 5753">
    <p class='ocr_par' dir='ltr' id='par_1_120' title="bbox 1890 5680 3474 5753">
     <span class='ocr_line' id='line_1_120' title="bbox 1890 5680 3474 5753; baseline -0.003 -12"><span class='ocrx_word' id='word_1_913' title='bbox 1890 5686 2210 5741; x_wconf 75' lang='lat' dir='ltr'><strong>voluntariae</strong></span> <span class='ocrx_word' id='word_1_914' title='bbox 2250 5694 2303 5739; x_wconf 91' lang='lat' dir='ltr'><strong>et</strong></span> <span class='ocrx_word' id='word_1_915' title='bbox 2337 5683 2717 5738; x_wconf 70' lang='lat' dir='ltr'><strong>involuutaria:</strong></span> <span class='ocrx_word' id='word_1_916' title='bbox 2761 5700 2775 5737; x_wconf 90' lang='lat'><strong>:</strong></span> <span class='ocrx_word' id='word_1_917' title='bbox 2818 5692 2872 5738; x_wconf 90' lang='lat' dir='ltr'><strong>et</strong></span> <span class='ocrx_word' id='word_1_918' title='bbox 2910 5693 2996 5738; x_wconf 87' lang='lat' dir='ltr'><strong>est</strong></span> <span class='ocrx_word' id='word_1_919' title='bbox 3034 5683 3214 5739; x_wconf 80' lang='lat' dir='ltr'><strong>caedes</strong></span> <span class='ocrx_word' id='word_1_920' title='bbox 3249 5680 3474 5753; x_wconf 86' lang='lat' dir='ltr'><strong>quidem</strong></span> 
     </span>
    </p>
   </div>
   <div class='ocr_carea' id='block_1_121' title="bbox 1892 5776 3476 5855">
    <p class='ocr_par' dir='ltr' id='par_1_121' title="bbox 1892 5776 3476 5855">
     <span class='ocr_line' id='line_1_121' title="bbox 1892 5776 3476 5855; baseline -0.003 -21"><span class='ocrx_word' id='word_1_921' title='bbox 1892 5779 2221 5849; x_wconf 79' lang='lat' dir='ltr'><strong>voluntaria,</strong></span> <span class='ocrx_word' id='word_1_922' title='bbox 2245 5794 2366 5850; x_wconf 80' lang='lat' dir='ltr'><strong>quae</strong></span> <span class='ocrx_word' id='word_1_923' title='bbox 2394 5777 2770 5855; x_wconf 82' lang='lat' dir='ltr'><strong>praemeditate</strong></span> <span class='ocrx_word' id='word_1_924' title='bbox 2799 5788 3056 5850; x_wconf 84' lang='lat' dir='ltr'><strong>suscepta</strong></span> <span class='ocrx_word' id='word_1_925' title='bbox 3082 5786 3164 5832; x_wconf 90' lang='lat' dir='ltr'><strong>est</strong></span> <span class='ocrx_word' id='word_1_926' title='bbox 3190 5777 3258 5833; x_wconf 87' lang='lat' dir='ltr'><strong>ab</strong></span> <span class='ocrx_word' id='word_1_927' title='bbox 3286 5789 3352 5833; x_wconf 88' lang='lat' dir='ltr'><strong>eo</strong></span> <span class='ocrx_word' id='word_1_928' title='bbox 3380 5776 3476 5847; x_wconf 81' lang='lat' dir='ltr'><strong>qui</strong></span> 
     </span>
    </p>
   </div>
   <div class='ocr_carea' id='block_1_122' title="bbox 3082 5867 3163 5931">
    <p class='ocr_par' dir='ltr' id='par_1_122' title="bbox 3082 5867 3163 5931">
     <span class='ocr_line' id='line_1_122' title="bbox 3082 5867 3163 5931; baseline 0.049 -4"><span class='ocrx_word' id='word_1_929' title='bbox 3082 5867 3163 5931; x_wconf 78' lang='grc'><strong>26</strong></span> 
     </span>
    </p>
   </div>
  </div>
