3980 6398
557 342 655 410 811

1699 340 1962 402 ΡΗΟΤΙΙ
1998 339 2152 401 PATI

2256 338 2500 400 lRCH/E
2549 341 2656 401 CP.
3709 342 3797 407 812

563 472 621 513 se
649 455 715 511 ad
750 454 852 510 hoc
883 460 1297 522 comparaverat
1325 460 1384 506 ut
1412 449 1516 506 hoc
1543 448 1754 506 facinus
1788 456 2142 519 perpetraret.

2256 447 2509 503 ἀκουσίου
2534 467 2547 481 ⁸
2576 452 2634 504 ἐν
2649 444 2729 515 οἷς
2751 449 2997 515 ἑκούσιος
3030 450 3129 521 μέν
3152 449 3267 505 ἐστι
3288 450 3466 522 φόνος,
3488 452 3695 523 πρῶτον
3715 458 3795 525 μὲν

564 547 767 604 Deinde
792 545 923 601 illud
949 558 1170 615 quoque
1199 543 1253 597 in
1283 542 1607 598 voluntariis
1637 542 2013 599 existimatum
2049 548 2152 606 est,

567 639 789 714 quando
818 639 944 710 quis
980 638 1039 693 in
1072 652 1373 707 congressu
1405 637 1698 692 verberans
1731 645 1787 691 et
1818 636 2155 691 verberatus.

560 748 729 788 manu
775 731 990 802 plagam
1036 727 1375 784 mortiferam
1424 726 1691 782 intulerit.
1723 727 1828 794 Qui
1879 726 2024 781 enim
2073 726 2153 780 ira

560 822 729 882 semel
768 822 949 876 victus
999 828 1115 884 est,
1142 826 1196 872 et
1234 816 1402 872 animi
1449 817 1770 888 appetitioni
1812 815 1985 882 cedit,
2016 816 2154 870 nihil

561 925 752 966 eorum
782 924 903 980 qua.
930 907 1132 962 malum
1164 913 1387 975 possent
1413 914 1721 974 amputare,
1746 904 1797 959 ei
1830 906 1882 958 in
1914 912 2151 959 mentem

561 1004 731 1058 venit.
768 1004 949 1070 Quare
992 1009 1047 1055 et
1086 999 1199 1054 illic
1240 1013 1460 1069 quoque
1503 998 1596 1069 qui
1638 1012 1707 1051 ex
1747 997 2154 1053 concertatione

561 1093 841 1165 profectus
864 1101 967 1155 est,
995 1090 1160 1147 caedis
1183 1098 1433 1156 eventus,
1452 1089 1505 1144 in
1533 1089 1735 1143 factum
1760 1090 2149 1153 voluntarium.

564 1201 672 1240 non
704 1184 758 1239 in
787 1198 979 1239 casum
1003 1182 1307 1237 confertur.
1330 1180 1713 1237 lnvoluntarite
1741 1189 1922 1234 autem
1950 1181 2153 1235 habent

566 1277 855 1334 manifesta
895 1276 1131 1340 indicia,
1164 1274 1384 1346 quando
1427 1273 1552 1342 quis
1590 1273 1748 1344 331
1792 1271 1953 1327 alicui
1996 1271 2148 1325 alteri

564 1371 642 1427 rei
681 1370 921 1426 studium
966 1366 1278 1437 applicans,
1314 1380 1447 1420 casu
1494 1364 1881 1436 gravissimum
1928 1361 2150 1432 aliquod

564 1463 768 1517 malum
814 1459 1132 1531 patraverit.
1168 1456 1224 1511 In
1279 1457 1367 1511 his
1408 1470 1538 1525 ergo
1614 1455 1789 1511 caedes
1830 1454 2048 1523 quidem
2096 1452 2151 1506 in

568 1556 760 1626 triplex
792 1564 1008 1624 tempus
1042 1550 1354 1607 extenditur
1385 1550 1453 1603 iis
1481 1549 1572 1619 qui
1606 1563 1702 1617 per
1733 1546 2149 1602 conversionem

563 1648 874 1709 voluntario
906 1644 1135 1700 facinori
1176 1642 1473 1697 remedium
1524 1640 1783 1695 aerrunt.
1818 1638 1923 1693 Ter
1958 1652 2149 1692 novem

566 1742 731 1797 etiam
777 1746 907 1794 sunt
944 1739 1105 1801 anul,
1138 1734 1475 1789 novennario
1508 1746 1782 1786 annorum
1818 1746 2044 1785 numero
2094 1729 2148 1783 in

570 1846 899 1904 unoquoque
931 1829 1103 1899 gradu
1138 1826 1439 1898 praeﬁnito,
1472 1836 1531 1879 ut
1563 1825 1615 1878 in
1651 1822 1892 1894 perfecta
1929 1823 2147 1892 quidem
2183 1804 2225 1859 Β

570 1926 944 1998 segregatione
980 1936 1177 1977 novem
1212 1934 1482 1977 annorum
1519 1927 1774 1989 tempore
1807 1924 2056 1972 versetur
2084 1914 2154 1969 ab

568 2018 811 2076 Ecclesia
844 2015 1185 2089 prohibitus;
1220 2013 1358 2069 alios
1390 2020 1567 2067 autem
1596 2019 1677 2066 ιοι
1701 2025 1877 2066 annos
1908 2009 1963 2064 in
1993 2006 2152 2063 audi-

570 2113 721 2167 tione
761 2116 1107 2180 permaneat,
1140 2107 1257 2162 sola
1302 2106 1585 2161 doctorum
1632 2112 1687 2158 et
1734 2102 2143 2172 Scripturarum

570 2200 851 2257 auditione
875 2208 929 2255 et
951 2196 1365 2254 conversatione
1390 2210 1514 2250 cum
1546 2192 1748 2263 popqu
1771 2191 1968 2263 dignus
2000 2189 2154 2245 habi-

570 2300 689 2357 tus,
727 2291 781 2344 in
824 2288 987 2345 tertio
1029 2296 1212 2343 autem
1256 2283 1595 2341 novennario
1621 2298 1745 2338 cum
1775 2281 2064 2337 substratis
2097 2280 2150 2334 in

568 2383 927 2440 conversione
966 2397 1161 2449 orans,
1191 2390 1253 2436 ut
1290 2379 1569 2449 perveniat
1604 2377 1671 2433 ad
1711 2375 2151 2432 communionem

569 2476 896 2531 sacramenti
927 2475 1165 2541 scilicet;
1203 2482 1257 2528 et
1290 2474 1343 2527 in
1377 2472 1570 2528 eodem
1602 2472 1791 2526 eadem
1826 2468 1931 2524 erit
1961 2467 2152 2522 obser-

568 2568 716 2623 vatio
751 2569 819 2623 ab
850 2582 917 2623 eo
951 2566 1042 2636 qui
1075 2565 1376 2622 Ecclesiam
1440 2564 1821 2628 administrat,
1852 2570 1906 2616 et
1935 2575 2034 2631 pro
2065 2574 2153 2612 ra-

569 2659 718 2721 tione
743 2659 1115 2714 conversionis
1138 2658 1216 2713 illi
1238 2672 1458 2728 quoque
1482 2670 1657 2727 positae
1679 2652 1925 2709 extensio
1950 2648 2153 2706 rescin-

566 2751 747 2817 detur,
778 2759 837 2805 ut
861 2765 957 2821 pro
989 2765 1180 2805 novem
1209 2749 1368 2803 annis
1402 2748 1455 2801 in
1486 2759 1819 2814 unoquoque
1846 2742 2041 2813 gradu.
2068 2741 2150 2795 vel

567 2853 722 2911 octo,
755 2846 839 2901 vel
874 2853 1116 2916 septem,
1143 2843 1228 2897 vel
1260 2843 1505 2913 quinque
1535 2839 1711 2895 solum
1749 2837 1877 2891 anni
1912 2837 2071 2898 fiant,
2102 2834 2149 2889 si

565 2937 901 3009 poenitentia:
950 2935 1271 3007 magnitudo
1322 2943 1538 3003 tempus
1582 2932 1795 2996 vincat,
1831 2937 1885 2983 et
1933 2936 2152 2997 superet

568 3027 928 3083 correctionis
962 3027 1145 3083 studio
1177 3042 1274 3083 eos
1307 3027 1402 3098 qui
1440 3029 1492 3082 in
1529 3028 1692 3099 longo
1727 3037 1971 3097 tempore
2012 3039 2151 3095 pra:—

2258 542 2288 593 ό
2321 541 2385 593 ἐκ
2438 545 2790 614 παρασκευῆς
2821 542 3228 613 τετολμημένος
3251 543 3346 596 τοῦ
3378 544 3459 605 είς
3504 543 3633 598 αὐτὸ
3666 546 3800 601 τοῦτο

2259 634 2711 707 εὐτρεπισμένου,
2736 637 2883 699 ὅπως
2905 636 2969 689 ἂν
2988 636 3049 689 τὸ
3066 636 3197 705 ἄγος
3216 636 3515 707 ἐργάσηται
3534 652 3548 667 ⁸
3571 636 3741 691 ἔπειτα
3755 639 3803 692 δέ

2259 725 2509 790 κάκεῖνος
2529 712 2587 780 ἐν
2606 730 2718 791 τοῖς
2739 729 3007 791 ἑκουσίοις
3027 728 3311 798 ἐνομίσθη,
3334 729 3461 781 ὅταν
3493 745 3576 792 τις
3600 730 3652 781 ἐν
3684 747 3803 801 συμ-

2259 816 2431 888 πλοκῇ
2461 820 2555 873 καὶ
2588 820 2734 891 μάχῃ
2764 824 2983 873 τύπτων
3010 835 3068 871 τε
3110 820 3205 873 καὶ
3244 821 3598 890 τυπτόμενος,
3631 822 3803 893 ἐνέγκῃ

2258 911 2399 964 κατά
2412 928 2553 972 τινος
2578 912 2791 983 καιρίου
2815 912 2912 983 τὴν
2933 912 3022 965 διὰ
3047 911 3148 983 τῆς
3180 913 3359 982 χειρὸς
3388 913 3603 982 πληγήν
3625 930 3636 943 ⁸
3665 916 3691 966 ό
3709 917 3801 984 γὰρ

2257 1001 2402 1067 ἅπαξ
2424 1002 2500 1073 τῷ
2518 1002 2673 1072 θυμῷ
2690 1003 3001 1072 κρατηθεὶς,
3023 1003 3114 1055 καὶ
3135 1005 3198 1072 τῇ
3218 1006 3360 1075 ὁρμῇ
3378 1004 3479 1073 τῆς
3497 1005 3664 1074 ὀργῆς
3679 1023 3807 1076 χαρι-

2257 1096 2502 1165 ζόμενος,
2526 1095 2678 1148 οὐδὲν
2695 1094 2760 1149 ἂν
2783 1096 2933 1165 παρὰ
2955 1096 3044 1148 τὸν
3070 1097 3261 1167 καιρὸν
3316 1095 3413 1149 τοῦ
3466 1096 3668 1160 πάθους
3717 1099 3807 1151 τῶν

2255 1187 2525 1257 ἀνακόψαι
2556 1187 2617 1241 τὸ
2641 1188 2809 1241 κακὸν
2830 1188 3165 1257 δυναμένων.
3192 1187 3283 1240 ἐπὶ
3306 1187 3433 1240 νοῦν
3465 1188 3621 1241 λάϐοι
3638 1202 3653 1216 ⁸
3687 1186 3807 1240 ὥστε

2253 1280 2349 1332 καὶ
2376 1279 2435 1333 τὸ
2463 1282 2527 1333 ἐκ
2549 1283 2649 1349 τῆς
2673 1279 2993 1350 συμπλοκῆς
3021 1280 3371 1351 ἀποτέλεσμα
3400 1280 3496 1333 τοῦ
3531 1280 3711 1349 φόνου,
3739 1282 3806 1343 εἰς

2256 1372 2417 1442 ἔργον
2444 1372 2815 1442 προαιρέσεως
2846 1373 2939 1425 καὶ
2970 1374 3071 1425 οὐκ
3108 1375 3189 1435 είς
3210 1374 3516 1443 ἀποτυχίαν
3549 1374 3805 1440 ἀνάγεται·

2254 1467 2302 1517 οἱ
2331 1465 2388 1518 δὲ
2422 1464 2666 1517 ἀκούσιοι
2696 1465 2907 1535 φανερά
2944 1464 3128 1534 έχουσι
3180 1466 3249 1519 τά
3280 1467 3661 1537 γνωρίσματα,
3702 1466 3807 1518 ὅταν

2254 1573 2339 1619 τις
2371 1557 2510 1626 πρὸς
2540 1554 2729 1624 ἑτερόν
2760 1571 2812 1608 τι
2838 1556 2937 1623 τὴν
2968 1556 3203 1621 σπουδὴν
3244 1554 3406 1625 ἔχων,
3443 1553 3502 1618 ἐξ
3531 1554 3805 1623 ἀποτυχίας

2253 1666 2308 1702 τι
2332 1648 2440 1703 τῶν
2474 1648 2789 1719 ἀνηκέστων
2818 1648 2992 1718 δράσῃ
3014 1664 3029 1679 ⁸
3064 1647 3156 1700 ἐπὶ
3187 1646 3394 1700 τούτων
3438 1647 3644 1711 τοίνυν,
3674 1647 3702 1698 ό
3727 1645 3809 1715 μὲν

2254 1739 2415 1808 φόνος
2457 1740 2537 1802 είς
2571 1738 2929 1811 τριπλασίονα
2969 1738 3158 1810 χρόνον
3200 1739 3595 1809 παρατείνεται
3633 1741 3734 1802 τοῖς
3757 1738 3810 1791 δι’

2258 1831 2592 1902 ἐπιστροφῆς
2623 1830 3081 1903 θεραπευομένοις
3112 1831 3173 1884 τὺ
3201 1832 3451 1885 ἑκούσιον
3501 1831 3637 1899 ἄγος
3665 1847 3680 1862 ⁸
3712 1831 3811 1901 cpi;

2254 1923 2413 1980 ἐννέα
2449 1925 2559 1994 γάρ
2586 1927 2726 1978 εἰσιν
2761 1923 3023 1989 ἐνιαυτοὶ,
3068 1924 3193 1977 καθ’
3223 1924 3456 1979 ἑκαστον
3484 1925 3693 1995 βαθμὸν
3727 1924 3808 1993 τῆς

2254 2016 2472 2081 ἑννάδος
2508 2017 2616 2070 τῶν
2643 2016 2782 2071 ἑτῶν
2800 2016 3117 2088 ὁρισθείσης
3139 2034 3151 2046 ⁸
3181 2016 3322 2070 ὥστε
3361 2019 3419 2070 ἑν
3465 2019 3567 2086 μὲν
3599 2017 3675 2088 τῷ
3700 2033 3811 2069 παν-

2252 2110 2401 2163 τελεῖ
2437 2109 2752 2183 άφορισμῷ,
2785 2111 3010 2179 ἑνναετῆ
3031 2109 3221 2179 χρόνον
3252 2109 3605 2177 διαγενέσθαι
3639 2111 3812 2176 ἀπειρ-

2252 2202 2483 2273 γόμενον
2510 2202 2611 2273 τῆς
2651 2201 3001 2273 Ἐκκλησίας⁸
3030 2200 3166 2256 ἄλλα
3195 2202 3251 2255 δὲ
3284 2202 3523 2255 τοσαῦτα
3552 2200 3652 2271 ἔτη
3681 2201 3733 2253 ἐν
3760 2202 3812 2270 τῇ

2251 2293 2516 2365 ἀκροάσει
2566 2296 2929 2365 παραμεῖναι,
2982 2295 3153 2365 μόνης
3204 2293 3312 2347 τῶν
3350 2293 3695 2347 διδασκάλων
3737 2293 3813 2344 καὶ

2252 2383 2352 2455 τῆς
2382 2384 2489 2438 τῶν
2514 2384 2747 2455 Γραφῶν
2777 2384 3116 2455 ἀκροάσεως,
3152 2384 3247 2437 καὶ
3288 2385 3427 2453 μετά
3459 2385 3558 2452 τῆς
3586 2382 3684 2436 τοῦ
3705 2381 3813 2434 λαοῦ

2254 2478 2563 2540 συστάσεως
2616 2476 2936 2547 ἀξιούμενον
2957 2494 2970 2506 ⁸
3013 2478 3072 2530 ἐν
3100 2476 3159 2530 δὲ
3190 2478 3257 2547 τῇ
3290 2475 3449 2547 τρίτῃ
3480 2476 3666 2529 ἐννάδι
3696 2474 3811 2545 μετά

2251 2571 2361 2625 τῶν
2415 2570 2832 2624 ὑποπιπτόντων
2892 2571 2951 2623 ἐν
3006 2570 3316 2640 ἐπιστροφῇ
3376 2568 3812 2640 προσευχόμενον,

2251 2661 2424 2724 οὕτως
2482 2661 2659 2715 ἐλθεῖν
2696 2661 2791 2713 ἐπὶ
2819 2660 2918 2731 τὴν
2985 2660 3278 2729 μετουσίαν
3315 2658 3408 2711 τοῦ
3459 2660 3811 2727 ἁγιάσματοςο

2250 2754 2450 2827 δηλαδὴ
2512 2754 2607 2807 καὶ
2660 2755 2754 2807 ἐπὶ
2777 2753 2871 2806 τοῦ
2905 2753 3151 2806 τοιούτου
3195 2754 3229 2823 ἡ
3279 2751 3416 2822 αὐτὴ
3447 2752 3812 2822 παρατήρησις

2251 2850 2405 2901 ἐσται
2441 2849 2593 2919 ποιρά
2621 2848 2717 2902 τοῦ
2750 2847 3163 2921 οίκονομοῦντος
3192 2848 3291 2919 τὴν
3325 2846 3661 2917 Ἐκκλησίαν
3683 2863 3695 2875 ⁸
3734 2844 3813 2898 καί

2251 2939 2387 3011 πρὸς
2423 2940 2579 3008 λόγον
2606 2941 2706 3010 τῆς
2754 2939 3118 3011 ἐπιστροφῆς,
3180 2937 3629 3008 συντμηθήσεται
3677 2936 3808 3005 αὐτῷ

2250 3030 2346 3084 καὶ
2373 3032 2407 3102 ἠ
2464 3031 2557 3085 τοῦ
2598 3032 2873 3103 ἐπιτιμίου
2936 3030 3282 3101 παράτασιςο
3336 3028 3477 3081 ὥστε
3517 3029 3639 3081 ἀντὶ
3678 3028 3813 3080 ἐννέα

569 3120 761 3175 atituto
794 3127 1079 3187 susceptas
1112 3135 1143 3173 a
1175 3134 1235 3173 se
1269 3120 1513 3175 maculas
1546 3120 1784 3190 segniter
1817 3119 2027 3173 eluunt.
2062 3117 2149 3172 lti-

2256 3123 2387 3177 ἐτῶν
2422 3125 2507 3195 ἐφ’
2567 3126 2785 3196 ἑκάστῳ
2851 3123 3064 3195 βαθμῷ,
3125 3120 3272 3176 ὀκτὼ
3321 3122 3355 3192 ἢ
3409 3122 3569 3184 ἑπτὰ,
3602 3120 3636 3190 ἦ
3664 3120 3737 3185 ἒξ,
3783 3119 3810 3189 ἢ

569 3210 938 3265 voluntarium
969 3220 1149 3266 autem
1183 3212 1338 3267 venia
1373 3213 1589 3282 quidem
1620 3213 1878 3283 dignum,
1910 3210 2005 3268 sed
2039 3226 2148 3266 non

571 3302 844 3358 laudabile
886 3303 1192 3374 judicatum
1240 3315 1345 3360 est.
1394 3303 1508 3360 lloc
1557 3315 1738 3360 autem
1784 3305 1927 3371 dixi,
1972 3312 2032 3358 ut
2083 3303 2155 3358 sit

572 3403 857 3463 apertum,
887 3392 1034 3463 quod
1068 3394 1229 3449 etiam
1267 3396 1313 3448 si
1347 3396 1473 3464 quis
1507 3392 1873 3448 iuvoluntarie
1902 3390 2064 3444 fuerit
2098 3388 2152 3443 in

573 3486 778 3542 scelere
821 3486 1096 3541 homicidii
1147 3503 1159 3539 :
1203 3501 1327 3540 eum
1373 3494 1635 3555 tanquam
1676 3484 1787 3555 jam
1833 3481 2149 3553 profanum,

573 3580 848 3650 piaculum
878 3579 1179 3645 redditum,
1208 3594 1238 3633 a
1268 3578 1592 3634 sacerdotali
1620 3577 1794 3647 gratia
1822 3575 2151 3645 ejiciendum

572 3672 944 3746 pronuntiavit
967 3688 1167 3728 canon.
1195 3670 1469 3738 Quantum
1504 3680 1685 3726 autem
1715 3679 1799 3725 est
1827 3668 2154 3739 expiationis

573 3776 787 3839 tempus
821 3768 893 3823 ob
927 3766 1230 3837 simplicem
1267 3765 1710 3829 fornicationem,
1743 3773 1952 3817 tantum
1988 3762 2152 3816 etiam

571 3868 719 3914 recte
747 3858 948 3913 habere
972 3858 1343 3912 existimatmn
1371 3865 1454 3909 est
1480 3854 1535 3908 in
1565 3856 1632 3911 iis
1657 3854 1748 3923 qui
1777 3852 1979 3908 caedem
2008 3851 2155 3905 invo-

571 3952 867 4007 luntariam
904 3950 1196 4017 fecissent;
1234 3947 1469 4013 scilicet,
1504 3948 1558 4001 in
1599 3946 1665 4001 iis
1699 3959 1946 4016 quoque,
1979 3943 2156 4015 paeni-

571 4042 738 4098 tentis
778 4041 1057 4096 voluntate
1092 4041 1439 4104 examinata;
1490 4046 1548 4092 ut
1588 4038 1635 4092 si
1674 4038 1745 4092 sit
1793 4036 1895 4090 fide
1934 4035 2151 4106 quidem

573 4135 737 4207 digna
779 4135 1099 4197 conversio,
1131 4148 1236 4185 non
1275 4140 1523 4185 servetur
1556 4144 1823 4183 annorum
1858 4142 2150 4193 numerus;

572 4231 665 4285 sed
695 4229 960 4298 temporis
987 4225 1302 4297 prolixitate
1326 4233 1592 4290 resccata,
1616 4223 1680 4277 ad
1709 4223 1870 4293 332
1900 4221 2156 4276 Ecclesia:

570 4322 972 4378 restitutionem
1017 4327 1072 4375 et
1117 4317 1244 4373 boni
1301 4316 1772 4388 participationem
1830 4313 2154 4384 compendio

570 4417 882 4471 reducatur.

2254 3216 2415 3273 πέντε
2448 3218 2587 3289 μόνα
2664 3217 2941 3286 γενέσθαι,
2993 3217 3153 3286 είπερ
3192 3216 3252 3267 τὸ
3290 3213 3521 3285 μεγέθος
3578 3216 3675 3285 τῆς
3709 3217 3811 3266 ἐπι·

2258 3311 2500 3383 στροφῆς
2550 3308 2719 3381 νικῴη
2773 3310 2865 3363 τὸν
2910 3308 3123 3380 χρόνον,
3176 3308 3271 3361 καὶ
3321 3307 3713 3377 ὑπερϐάλλοιτο
3757 3306 3812 3372 τῇ

2255 3404 2459 3474 σπουδῇ
2498 3403 2596 3471 τῆς
2650 3403 2995 3473 διορθώσεως
3048 3404 3177 3467 τοὺς
3234 3405 3291 3455 ἐν
3319 3404 3383 3471 τῇ
3421 3403 3608 3473 μακρᾷ
3636 3397 3813 3470 προθε-

2256 3496 2393 3565 σμίᾳ.
2426 3494 2797 3566 ῥᾳθυμότερον
2832 3495 3059 3557 ἑαυτοὺς
3090 3496 3198 3550 ἀπὸ
3247 3495 3343 3565 τῆς
3377 3494 3598 3565 κηλίδος
3636 3489 3811 3545 καθαί-

2259 3602 2467 3657 ροντας·
2490 3586 2549 3638 τὸ
2568 3585 2623 3638 δέ
2642 3585 2916 3648 ἀκούσιον,
2942 3587 3290 3655 συγγνωστὸν
3317 3587 3435 3656 μὲν,
3456 3587 3517 3639 οὐ
3545 3586 3653 3656 μὴν
3676 3586 3813 3637 ἐπαι-

2253 3676 2404 3729 νετὸν
2421 3674 2634 3746 ἐκρίθη·
2660 3675 2818 3729 τοῦτο
2845 3675 2902 3728 δὲ
2924 3673 3096 3743 εἷπον,
3121 3676 3262 3731 ὥστε
3282 3677 3439 3746 δῆλον
3470 3677 3723 3745 γενέσθαι
3742 3675 3809 3726 ὅτι

2255 3769 2361 3821 κᾶν
2386 3768 2653 3832 ἀκουσίως
2674 3785 2758 3831 τις
2783 3768 3012 3838 γένηται
3040 3770 3099 3821 ἐν
3130 3769 3209 3839 τῷ
3230 3768 3325 3822 τοῦ
3352 3770 3513 3837 φόνου
3543 3769 3810 3840 μιάσματι,

2254 3856 2329 3920 ὡς
2362 3856 2460 3927 ἤδη
2517 3856 2744 3926 βέϐηλον
2803 3858 2969 3911 αὑτὸν
3032 3860 3139 3913 ἀπὸ
3171 3861 3264 3912 τοῦ
3312 3860 3479 3927 άγους
3518 3859 3807 3927 γενόμενον,

2253 3948 2562 4019 ἀπόϐλητον
2618 3950 2900 4020 ἱερατικῆς
2946 3952 3169 4022 χάριτος
3197 3954 3224 4005 ό
3266 3953 3446 4005 κανὼν
3477 3952 3809 4021 ἀπεφήνατοο

2254 4042 2380 4105 ὅσος
2412 4040 2469 4095 δέ
2491 4042 2641 4093 ἐστιν
2676 4042 2769 4095 ἐπὶ
2806 4046 2872 4114 τῇ
2897 4042 3026 4114 ψιλῇ
3062 4043 3291 4113 πορνείᾳ
3326 4043 3419 4095 τοῦ
3454 4044 3747 4113 καθαρσίου
3788 4044 3811 4093 ὁ

2254 4134 2464 4205 χρόνος,
2491 4133 2745 4198 τοσοῦτος
2782 4136 2876 4187 καὶ
2916 4135 3011 4187 ἐπὶ
3063 4134 3174 4188 τῶν
3208 4135 3481 4199 ἀκουσίως
3514 4134 3813 4204 πεφονευκό-

2254 4246 2362 4282 των
2389 4227 2720 4299 ἐδοκιμάσθη
2770 4227 2952 4291 καλῶς
2977 4228 3125 4299 ἔχειν
3148 4244 3162 4259 ·
3193 4229 3396 4301 δηλαδὴ
3429 4232 3523 4285 καὶ⁸
3578 4232 3633 4283 ἑν
3663 4229 3811 4297 τούτῳ

2255 4320 2354 4390 τῆς
2387 4320 2760 4391 προαιρέσεως
2788 4320 2883 4373 τοῦ
2937 4320 3332 4388 μετανοοῦντος
3361 4322 3809 4392 δοκιμαζομένης,

2255 4411 2395 4465 ὥστε
2421 4410 2734 4475 ἀξιόπιστος
2787 4411 2999 4480 γένοιτο
3035 4413 3069 4481 ή
3119 4412 3447 4482 ἐπιστροφὴ,
3493 4412 3569 4485 μὴ
3618 4412 3809 4470 πάντως

570 4506 1071 4579 παραφυλαχθῆναι
1135 4503 1226 4559 τὸν
1256 4501 1489 4573 ἀριθμὸν
1533 4500 1645 4555 τῶν
1699 4500 1864 4568 ἑτῶν,
1894 4500 2030 4557 ἀλλά
2056 4502 2146 4558 διά
2218 4504 2513 4575 συντομίας
2574 4474 2811 4571 ἀγαγεῖν
2857 4502 3019 4556 αὑτὸν
3056 4474 3157 4565 ἐίς
3222 4474 3322 4574 τὴν
3362 4474 3809 4574 ’τῆς-’ἐκκλησίας

568 4601 1037 4664 ἀποκατάστασιν,
1072 4599 1165 4652 καὶ
1214 4599 1295 4658 είς
1325 4597 1426 4668 τὴν
1473 4593 1569 4647 τοῦ
1604 4594 1809 4663 ἀγαθοῦ
1839 4597 2153 4666 μετουσίαν.

644 4693 696 4751 7.
727 4696 1118 4766 Sepulcrorum
1151 4701 1333 4747 autem
1362 4690 1603 4755 ell'ossio,
1628 4690 1741 4760 ipsa
1772 4705 1992 4760 quoque
2018 4690 2152 4746 divi-

2332 4691 2395 4755 ζ’.
2433 4689 2498 4742 ’ῐί
2528 4689 2583 4742 δὲ
2622 4688 2982 4760 τυμϐωρυχία
3040 4690 3135 4743 καὶ
3187 4689 3324 4761 αῦτη
3386 4690 3636 4763 διῄρηται
3667 4691 3734 4751 εἰς
3758 4687 3809 4741 τὸ

569 4788 720 4845 ditur
752 4789 806 4841 in
849 4786 902 4842 id
944 4786 1089 4856 quod
1125 4784 1341 4840 veniam
1385 4791 1647 4846 meretur,
1678 4791 1730 4835 et
1766 4782 1817 4835 id
1858 4782 2003 4851 quod
2047 4796 2155 4836 non

568 4891 834 4937 meretur.
871 4880 929 4935 Si
960 4879 1106 4933 enim
1138 4876 1266 4946 quis
1296 4882 1638 4928 mortuorum
1668 4888 1896 4942 parcens
1923 4873 2156 4929 faculta-

569 4974 719 5030 tibus
750 4982 803 5029 ει
834 4982 1042 5028 tectum
1072 4983 1274 5038 corpus
1301 4968 1564 5021 intactum
1594 4965 1938 5034 relinquens,
1973 4975 2030 5021 ut
2059 4981 2157 5021 nec

569 5067 671 5123 soli
696 5066 1017 5122 ostendatur
1040 5059 1324 5132 turpitudo
1347 5057 1626 5126 corporis;
1652 5056 1924 5127 lapidibus
1950 5058 2159 5126 aliquot

569 5175 637 5214 ex
670 5160 739 5213 iis
770 5159 865 5228 qui
894 5168 1019 5211 ante
1046 5153 1360 5224 sepulcrum
1395 5149 1621 5221 projecti
1648 5158 1805 5213 sunt,
1834 5148 1902 5203 ad
1936 5149 2157 5217 aliquod

571 5264 710 5317 opus
752 5244 1181 5302 construendum
1220 5256 1357 5297 usus
1395 5249 1507 5308 est;
1545 5254 1616 5295 ne
1658 5240 1765 5295 hoc
1805 5240 2027 5310 quidem
2072 5247 2157 5295 est

571 5338 881 5403 laudabile;
928 5337 1022 5392 sed
1065 5344 1125 5389 ut
1156 5344 1303 5389 esset
1334 5333 1557 5404 dignum
1589 5331 1777 5398 venia,
1811 5330 1988 5385 eﬂ'ecit
2020 5344 2153 5384 con-

572 5429 836 5493 suetudo,
869 5426 1091 5497 quando
1139 5425 1206 5480 ad
1253 5424 1458 5496 aliquid
1510 5422 1707 5478 melius
1754 5432 1809 5478 et
1852 5422 2161 5491 reipublicae

572 5522 762 5577 utilius
799 5520 1026 5575 materia
1070 5519 1320 5574 traducta
1360 5518 1451 5573 sit.
1484 5514 1591 5572 Sed
1635 5516 1816 5571 carnis
1857 5514 1911 5568 in
1956 5524 2159 5569 terram

573 5616 808 5670 redacta:
839 5615 1115 5685 pulverem
1150 5613 1510 5684 perscrutari,
1546 5617 1603 5667 et
1631 5625 1754 5665 ossa
1784 5623 2033 5673 movere;
2068 5623 2161 5677 spe

574 5708 806 5777 aliquem
832 5723 897 5762 ex
923 5707 1153 5763 defossis
1179 5705 1554 5763 lucrifaciendi
1584 5712 1862 5766 ornatum,
1888 5702 1940 5755 in
1969 5700 2157 5755 eodcm

572 5801 777 5871 judicio
809 5800 1227 5859 condemnatum
1259 5812 1369 5871 est,
1406 5814 1517 5872 quo
1558 5798 1791 5869 simplex
1828 5792 2153 5859 fornicatio,

2263 4780 2611 4849 συγγνωστόν
2670 4797 2729 4833 τε
2778 4780 2875 4833 καὶ
2924 4780 3353 4850 ἀσύγγνωστον⁸
3420 4785 3468 4835 εί
3502 4784 3599 4852 μὲν
3623 4783 3717 4850 γάρ
3738 4795 3808 4840 τις

2261 4872 2360 4941 τῆς
2398 4871 2552 4933 ὁσίας
2586 4870 2923 4941 φειδόμενος,
2955 4873 3051 4926 καὶ
3089 4854 3288 4926 ἄσυλον
3318 4871 3481 4940 ἀφεὶς
3508 4874 3570 4925 τὸ
3597 4889 3805 4944 κεκρυμ-

2265 4964 2424 5034 μένον
2487 4963 2666 5034 σῶμα,
2734 4964 2810 5027 ὡς
2844 4964 2919 5035 μὴ
2938 4964 3325 5034 ἀναδειχθῆναι
3357 4965 3494 5035 ἡλίῳ
3532 4967 3629 5035 τὴν
3664 4967 3805 5033 ἀσχη.

2265 5054 2505 5126 μοσύνην
2532 5056 2627 5124 τῆς
2663 5055 2898 5124 φύσεως,
2930 5055 3097 5118 λίθοις
3121 5057 3237 5108 τισὶ¹
3261 5056 3370 5109 τῶν
3395 5056 3473 5128 τῷ
3511 5058 3662 5127 τάφῳ
3688 5071 3798 5125 προ·

2263 5144 2612 5216 ϐεϐλημένων
2675 5146 3062 5217 συγχρήσαιτο,
3117 5147 3196 5207 είς
3258 5144 3423 5215 ἔργου
3462 5147 3607 5210 τινος
3663 5159 3803 5199 κατα-

2264 5237 2485 5306 σκευὴν,
2518 5235 2804 5289 ἐπαινετὸν
2850 5236 2950 5307 μὲν
2999 5236 3121 5289 οὐδὲ
3162 5235 3323 5289 τοῦτό
3375 5238 3513 5303 ἐστι,
3544 5238 3677 5307 πλὴν
3697 5232 3807 5288 ἀλλὰ

2267 5330 2612 5398 συγγνωστὸν
2644 5330 2897 5400 ἐποίησεν
2927 5332 2960 5400 ἡ
2998 5329 3279 5399 συνήθεια,
3303 5329 3432 5382 ὅταν
3466 5331 3549 5393 είς
3573 5323 3803 5397 προτιμό-

2266 5422 2423 5493 τερόν
2457 5439 2510 5475 τι
2534 5422 2631 5475 καὶ
2662 5420 3156 5490 κοινωφελέστερον
3184 5422 3217 5492 ἡ
3258 5421 3357 5489 τῆς
3384 5420 3516 5491 ὕλης
3548 5418 3804 5492 μετάθεσπ

2260 5514 2477 5583 γίνηται
2501 5530 2515 5544 ⁸
2545 5513 2607 5566 τὸ
2626 5513 2684 5567 δέ
2714 5512 3094 5585 διερευνᾶσθαι
3116 5511 3216 5582 τὴν
3243 5512 3396 5565 κόνιν
3434 5512 3544 5565 ἀπὸ
3573 5511 3669 5579 τῆς
3684 5523 3802 5577 γεω·

2260 5610 2449 5679 θείσης
2511 5610 2737 5681 σαρκὸς,
2788 5610 2885 5663 καὶ
2918 5610 3196 5663 ἀνακινεῖν
3238 5609 3308 5663 τά
3340 5610 3495 5673 ὀστᾶ,
3545 5606 3706 5661 ἐλπίδι
3732 5599 3804 5654 τοῦ

2259 5701 2464 5771 κόσμον
2494 5702 2617 5755 τινὰ
2639 5701 2747 5754 τῶν
2777 5700 3332 5772 συγκατορυχθέντων
3369 5702 3641 5773 κερδᾶναι,
3667 5696 3798 5749 τοῦτο

2256 5792 2332 5865 τῷ
2372 5791 2520 5865 αὐτῷ
2548 5793 2781 5865 κρίματι
2814 5793 3201 5866 κατεδικάσθη,
3233 5786 3278 5862 ᾧ
3324 5794 3420 5848 καὶ
3453 5796 3486 5864 ἡ
3536 5792 3659 5863 ψιλὴ
3695 5801 3803 5856 ποθ’
