3980 6416
109 898 121 921 ί
197 840 453 910 δεσμίαν.

201 364 305 428 813
968 347 1369 411 SYNTAGMA
1396 343 1784 409 CANONUM-

1910 342 2057 403 TIT.
2098 341 2204 417 IX,
2239 343 2397 404 CAP.
2437 344 2707 407 XXXIX.
3351 347 3456 412 814

202 476 337 540 θεία,
365 469 552 535 καθὼς
582 471 638 525 ἐν
661 467 740 539 τῷ
796 465 1119 537 προλαϐόντι
1146 465 1400 536 διῄρηται
1428 460 1572 530 λόγῳ
1605 476 1619 491 ·
1650 459 1771 511 ἐπι.

1904 454 2337 524 [υειηοάῐῐιοδυηι
2372 456 2426 512 in
2460 459 2798 528 praecedente
2823 460 3070 514 oratione
3094 457 3289 514 divisio
3313 459 3453 515 facta

199 565 530 627 σκοποῦντος
554 560 754 632 δηλαδὴ
778 560 871 613 τοῦ
901 558 1205 629 οἰκονόμου,
1236 557 1295 622 ἐξ
1321 553 1489 609 αὑτοῦ
1522 551 1616 606 τοῦ
1648 550 1768 622 βίου

1908 556 1991 612 st;
2040 548 2419 604 considerante
2462 551 2669 606 scilicet
2705 564 2993 607 oeconomo
3039 566 3135 606 seu
3177 552 3455 621 dispensa-

200 659 293 729 τὴν
325 656 571 728 ἰατρείαν
593 652 686 708 τοῦ
714 649 1177 722 θεραπευομένου,
1202 647 1342 700 ὥστε
1369 662 1524 699 συντε
1533 645 1651 716 μεῖν
1671 642 1769 712 τὴν

1904 652 2014 706 ore,
2043 655 2110 694 ex
2142 639 2257 709 ipsa
2282 640 2390 695 vita
2419 640 2560 712 ejus,
2589 642 2677 695 cui
2709 642 2913 696 medela
2942 641 3257 704 adhibetur,
3286 644 3459 697 medi-

198 754 259 809 ἐκ
303 750 417 801 τῶν
474 746 717 802 κανόνων
773 741 1083 814 ὁρισθεῖσαν
1131 738 1226 793 τοῦ
1290 736 1565 806 ἐπιτιμίου
1641 750 1776 805 προ-

1904 733 2063 787 :inam
2089 775 2104 799 ,
2132 741 2191 786 ut
2226 733 2457 801 spatium
2489 747 2521 788 a
2549 734 2855 791 canonibus
2886 733 3254 804 praestitutum
3286 736 3456 805 possit

1876 824 2217 881 contrahere.

265 933 339 1004 η’.
390 932 453 986 'H
498 931 554 985 δὲ
590 929 867 1001 ἱεροσυλία
919 926 1071 998 παρὰ
1104 925 1201 996 μὲν
1234 927 1301 995 τῇ
1351 922 1554 993 ἀρχαίᾳ
1587 920 1776 990 Γραφῇ

1953 915 2008 971 8.
2042 914 2397 987 Saerilegium
2444 924 2625 971 autem
2669 916 2723 971 in
2767 919 2992 988 antiqua
3039 918 3257 989 quidem
3307 916 3457 972 Scri-

198 1026 354 1081 )ύδὲν
383 1023 646 1095 ἐνομίσθη
673 1022 771 1091 τῆς
803 1022 1035 1091 φονικῆς
1067 1017 1453 1087 κατακρίσεως
1490 1012 1778 1067 ἀνεκτοτέ-

1904 1015 2074 1070 itura,
2109 1020 2177 1060 ne
2213 1006 2377 1062 caedis
2412 1008 2630 1077 quidem
2674 1008 3128 1064 condemnatione
3163 1009 3341 1063 visum
3378 1017 3458 1062 est

198 1134 268 1188 ρα
294 1133 309 1146 ·
339 1116 543 1186 ὁμοίως
569 1114 676 1184 γὰρ
709 1114 796 1166 ὅτε
828 1111 920 1164 ἐπὶ
955 1111 1101 1182 φόνῳ
1154 1109 1336 1171 άλοῦς,
1364 1105 1459 1158 καὶ
1485 1102 1554 1156 τά
1583 1104 1779 1157 ἀνατε-

1906 1097 2248 1154 olerabilius.
2283 1098 2545 1153 Similiter
2574 1100 2750 1164 enim,
2778 1112 2831 1155 et
2858 1102 2951 1171 qui
2983 1102 3146 1156 caedis
3177 1100 3459 1156 convictus

198 1187 365 1262 θέντα
432 1205 511 1276 τῷ
581 1203 700 1274 Θεῷ
758 1201 1108 1272 ὑφελόμενος,
1175 1199 1273 1269 τὴν
1332 1196 1420 1249 διὰ
1448 1194 1557 1247 τῶν
1617 1193 1781 1246 λίθων

1904 1196 2018 1253 :rat,
2045 1196 2100 1242 et
2130 1187 2223 1256 qui
2255 1200 2344 1242 res
2373 1187 2484 1243 Deo
2513 1188 2792 1245 dedicatas
2825 1191 3142 1254 abstulerat,
3174 1189 3459 1260 lapidatio-

199 1299 479 1371 τιμωρίαν
515 1298 737 1368 ὑπεῖχον
760 1311 773 1327 ·
801 1295 894 1347 ἐπὶ
918 1295 975 1348 δὲ
1018 1293 1119 1361 τῆς
1148 1287 1612 1359 ὲκκλησιαστικῆς
1659 1302 1783 1338 συν-

1904 1279 1967 1334 iis
1996 1278 2323 1348 supplicium
2357 1279 2596 1334 subibat.
2625 1281 2683 1334 In
2715 1281 3084 1337 ecclesiastica
3111 1289 3290 1337 autem
3323 1297 3459 1335 con-

198 1368 394 1463 ηθείας
437 1392 535 1445 ούκ
583 1387 678 1444 οἷδ’
706 1389 853 1451 ὅπως
889 1383 1299 1454 συγκατάὸασίς
1326 1399 1411 1445 τις
1441 1380 1659 1449 ἐγένετο
1687 1380 1781 1431 καὶ

1904 1370 2203 1435 ιυθιυύὶηο,
2236 1368 2304 1423 de
2336 1384 2510 1439 paena:
2540 1371 2804 1439 gravitate
2839 1372 3021 1427 nescio
3054 1372 3326 1441 quomodo
3357 1372 3461 1425 ali-

198 1480 618 1552 συμπεριφορά,
649 1479 790 1533 ὥστε
827 1476 1180 1545 ἀνεκτότερον
1218 1471 1541 1543 νομισθῆναι
1570 1470 1631 1522 τὸ
1676 1468 1778 1535 τῆς

1904 1463 2012 1534 [uid
2057 1462 2392 1527 detractum,
2421 1472 2476 1518 et
2508 1476 2574 1517 eo
2615 1463 2856 1519 lenitatis
2894 1464 3216 1519 descensum
3258 1473 3371 1529 est,
3403 1475 3462 1519 ut

199 1573 463 1643 τοιαύτης
490 1573 645 1626 νόσου
700 1569 997 1641 καθάρσιον
1019 1582 1035 1598 ·
1064 1569 1122 1620 ὲν
1150 1566 1396 1639 ἐλάττονι
1443 1563 1553 1633 γὰρ
1607 1562 1784 1633 χρόνῳ

1904 1556 2030 1610 llius
2059 1554 2231 1609 morbi
2259 1555 2664 1610 existimaretur
2708 1556 3039 1611 tolerabilius
3067 1557 3372 1627 piaculum;
3407 1557 3460 1609 in

199 1664 357 1735 παρὰ
390 1662 487 1732 τὴν
522 1661 787 1731 μοιχείαν,
840 1661 954 1722 τοῖς
996 1656 1259 1719 τοιούτοις
1288 1655 1351 1707 τὸ
1395 1653 1670 1720 ἐπιτίμιον
1702 1651 1783 1704 δι-

1904 1647 2079 1701 ninori
2109 1647 2251 1702 enim
2282 1656 2523 1715 tempore
2553 1662 2717 1716 quam
2749 1647 3093 1713 adulterium,
3121 1648 3155 1702 ii
3183 1663 3212 1702 a
3238 1646 3461 1703 Patrum

198 1756 437 1821 ετάξατο
464 1756 496 1822 ἡ
528 1753 632 1805 τῶν
657 1750 914 1821 Πατέρων
944 1748 1240 1819 παράδοσις
1260 1763 1275 1778 ·
1320 1744 1597 1814 πανταχοῦ
1618 1744 1674 1795 δὲ
1724 1743 1783 1794 ἐν

1904 1737 2179 1793 ,raditione
2218 1752 2434 1807 pmnam
2480 1750 2857 1808 susceperunt.
2883 1739 3095 1811 Ubique
3137 1750 3317 1795 autem
3360 1746 3464 1796 hoc

200 1804 684 1918 πλῖμμελίλματος
721 1804 850 1896 εῐδέι
892 1804 1051 1894 τοῦτο
1096 1804 1336 1911 καθορᾷν
1369 1804 1636 1907 προσῆκει
1676 1834 1784 1906 πρὸ

1911 1847 1943 1884 n
1976 1829 2229 1900 supplicii
2263 1845 2460 1899 genere
2490 1839 2615 1885 ante
2648 1832 2831 1886 omnia
2863 1832 3150 1888 videndum
3186 1842 3298 1900 est,
3326 1849 3464 1903 qua-

200 1937 452 2002 πάντων,
480 1936 567 1990 οἵα
598 1935 745 1987 ἐστὶν
777 1934 810 2002 ἡ
832 1931 926 1986 τοῦ
951 1929 1390 2002 θεραπευομένου
1417 1926 1676 1990 διάθεσις,
1710 1924 1785 1995 μὴ

1910 1923 1954 1978 is
1984 1924 2053 1979 sit
2078 1923 2198 1993 ejus
2227 1924 2315 1978 cui
2345 1925 2638 1979 adhibetur
2660 1924 2906 1986 ali‘ectio;
2935 1935 2989 1981 et
3015 1942 3121 1981 non
3152 1928 3466 1982 existimare

198 2028 293 2081 τὸν
332 2027 528 2096 χρόνον
559 2023 766 2078 οίεσθαι
818 2022 955 2093 πρὸς
995 2021 1295 2091 θεραπείαν
1325 2020 1535 2090 ἀρκεῖν·
1570 2018 1652 2081 τίς
1679 2022 1785 2088 γὰρ

1904 2031 2104 2085 empus
2134 2017 2202 2070 ad
2235 2018 2503 2071 medelam
2539 2016 2786 2074 suliicere
2820 2019 3095 2089 (quaenam
3128 2020 3272 2075 enim
3303 2019 3468 2073 fuerit

200 2121 269 2175 iv
302 2122 374 2173 ὲκ
394 2118 490 2172 τοῦ
516 2119 712 2187 χρόνου
738 2116 881 2180 ἴασις
902 2116 1147 2184 γένοιτο;
1172 2113 1309 2167 ἀλλά
1338 2113 1435 2183 τὴν
1467 2111 1787 2183 προαίρεσιν

1904 2123 1953 2160 :x
1977 2116 2217 2176 tempore
2247 2105 2598 2178 medicina?),
2633 2108 2727 2163 sed
2763 2111 2907 2179 ejus,
2940 2111 3034 2180 qui
3070 2111 3170 2167 sibi
3206 2126 3301 2182 per
3330 2126 3466 2167 con-

203 2212 300 2269 τοῦ
324 2212 519 2267 ἑαυτὸν
549 2212 639 2265 διὰ
665 2210 763 2280 τῆς
789 2208 1122 2278 ἐπιστροφῆς
1152 2204 1572 2277 θεραπεύοντος.

272 2304 473 2360 Ταῦτά
497 2322 601 2368 σοι,
633 2297 678 2358 ὧ
730 2300 985 2372 ἄνθρωπε
1039 2299 1132 2352 τοῦ
1178 2298 1336 2363 Θεοῦ,
1370 2295 1513 2351 κατά
1553 2294 1790 2365 σπουδὴν

202 2394 418 2465 πολλὴν
466 2396 531 2447 ὲκ
586 2393 695 2445 τῶν
749 2388 1058 2463 προχείρων
1102 2388 1408 2453 συνθέντες,
1459 2386 1548 2440 διά
1578 2385 1640 2439 τὸ
1681 2385 1791 2439 δεῖν

206 2487 326 2549 τοῖς
395 2483 508 2537 τῶν
561 2480 804 2550 ἀδελφῶν
867 2478 1206 2549 ἐπιτάγμασι
1261 2476 1587 2540 πείθεσθαι,
1652 2473 1793 2529 κατὰ

203 2574 458 2646 σπουδὴν
507 2571 943 2641 ἀπεστείλαμεν·
998 2570 1062 2623 σὺ
1112 2570 1169 2623 δὲ
1209 2570 1308 2633 τάς
1358 2568 1609 2640 συνήθεις
1651 2566 1793 2640 ὑπὲρ

204 2667 376 2739 ἡμῶν
398 2664 564 2736 εύχάς
587 2664 665 2735 τῷ
697 2663 815 2733 Θεῷ
840 2662 1130 2732 προσάγων
1163 2661 1238 2732 μὴ
1266 2660 1549 2733 διαλείπῃς
1570 2676 1584 2691 ο
1617 2676 1793 2732 χρεω-

202 2758 364 2818 στεῖς
413 2754 544 2825 γὰρ,
601 2752 676 2816 ὡς
707 2751 1006 2822 εὐγνώμων
1058 2750 1194 2814 υίὸς,
1246 2749 1324 2820 τῷ
1380 2750 1521 2803 κατά
1553 2749 1685 2803 Θεόν
1735 2764 1795 2802 σε

204 2849 542 2919 γεννήσαντι
597 2844 695 2915 τὴν
741 2843 830 2897 διά
881 2842 989 2896 τῶν
1046 2840 1363 2914 προσευχῶν
1408 2839 1791 2912 γηρωκομίαν·

204 2942 364 2997 κατά
387 2941 488 3011 τὴν
513 2942 731 3011 ἐντολὴν
759 2939 856 3010 τὴν
882 2936 1211 2992 κελεύουσαν
1232 2936 1398 3007 τιμᾷν
1431 2936 1557 2997 τοὺς
1580 2934 1793 3002 γονέας,

205 3034 320 3089 ἵνα
347 3028 420 3089 εὖ
438 3047 540 3087 σοι
561 3032 823 3103 γένηται,
856 3031 956 3086 καὶ
983 3030 1100 3097 Ean
1125 3029 1552 3099 μακροχρινιος
1576 3025 1799 3095 ἑπίτῆς

1889 2199 2195 2253 versionem
2228 2200 2495 2266 medetur,
2521 2202 2763 2255 animum
2795 2210 2849 2257 et
2879 2204 3214 2258 institutum.

1959 2291 2119 2363 333
2151 2290 2276 2347 Haac
2305 2293 2432 2359 tibi,
2461 2308 2493 2349 ο
2524 2292 2687 2348 homo
2719 2293 2842 2358 Dei,
2871 2311 2935 2349 ex
2969 2297 3037 2350 iis
3067 2313 3187 2366 qum
3213 2305 3368 2350 erant
3399 2298 3467 2352 ad

1891 2402 2117 2443 manum
2150 2388 2395 2443 studiose
2422 2388 2725 2458 composita
2747 2428 2761 2452 ,
2789 2390 2928 2458 quod
2960 2398 3208 2459 oporteat
3235 2390 3466 2444 fratrum

1892 2480 2165 2534 mandatis
2202 2494 2429 2549 parere,
2459 2480 2701 2534 studiose
2746 2480 3018 2534 misimus.
3045 2479 3125 2533 Tu
3159 2494 3286 2534 vero
3330 2495 3467 2533 con-

1892 2581 2076 2629 suetas
2109 2586 2207 2642 pro
2241 2572 2398 2626 nobis
2430 2587 2617 2641 preces
2650 2571 2758 2626 Deo
2784 2571 2982 2625 oﬂ‘erre
3016 2588 3084 2625 ne
3118 2572 3466 2625 intermittas.

1897 2664 2068 2720 Debes
2107 2665 2251 2719 enim
2301 2674 2357 2718 ut
2402 2674 2588 2731 gratus
2634 2662 2804 2727 filius,
2834 2662 2883 2717 ei
2929 2663 3021 2730 qui
3073 2671 3124 2717 te
3168 2663 3468 2717 secundum

1895 2756 2062 2811 Deum
2102 2757 2320 2827 genuit,
2351 2755 2405 2810 in
2444 2764 2720 2811 senectute
2754 2771 2850 2826 per
2889 2766 3009 2811 tuas
3048 2757 3322 2811 orationes
3365 2755 3468 2810 ali-

1896 2858 2171 2912 mentum,
2206 2848 2592 2903 convenienter
2623 2860 2896 2918 praacepto
2928 2849 3074 2918 quod
3109 2848 3263 2918 jubet
3299 2848 3470 2902 hono-

1898 2955 2020 2995 rare
2049 2949 2329 3010 parentes,
2357 2949 2413 2993 ut
2444 2939 2539 2994 tibi
2568 2940 2691 2994 bene
2721 2941 2786 2994 sit
2805 2981 2820 3006 ,
2846 2949 2895 2993 et
2925 2940 2997 2994 sis
3030 2940 3288 3009 lonngus
3316 2954 3471 3007 super

1900 3041 2095 3087 terram
2115 3034 2179 3087 ⁷⁸.
2210 3032 2429 3089 Clarum
2462 3044 2546 3089 est
2578 3042 2755 3088 autem
2788 3032 2931 3103 quod
2965 3041 3024 3086 ut
3052 3031 3351 3102 symbolum
3383 3046 3474 3085 sa-

204 3126 368 3196 γῆς·
400 3125 559 3196 δῆλον
620 3125 678 3177 δὲ
725 3125 809 3178 ὅτι
841 3126 915 3187 ὡς
963 3123 1229 3194 σύμϐολον
1284 3119 1553 3191 ἱερατικὸν
1578 3119 1705 3191 δέξῃ
1736 3118 1795 3171 τὸ

1904 3129 2192 3196 cerdolale,
2216 3129 2424 3185 litteras
2454 3129 2712 3199 accipies,
2735 3143 3042 3198 munusque
3068 3127 3335 3197 hospitale
3364 3141 3471 3180 non

205 3219 485 3289 γράμμα,
535 3218 631 3269 καὶ
667 3215 767 3269 οὐκ
797 3215 1085 3285 ἀτιμάσεις
1128 3213 1188 3267 τὸ
1223 3213 1398 3280 ξένιον
1431 3210 1537 3265 κᾶν
1569 3208 1798 3281 σμικρό-

206 3326 385 3365 τατον
410 3310 510 3379 τῆς
540 3311 637 3380 σῆς
672 3308 1045 3376 μεγαλοφυτας

301 3402 372 3455 Ἦ
402 3409 451 3470 γ’
469 3403 610 3456 διάτ.
642 3405 736 3457 τοῦ
776 3402 818 3468 ζ’
851 3403 957 3454 τίτ.
984 3401 1078 3453 τοῦ
1106 3397 1157 3454 α’
1185 3398 1315 3453 κώδ.
1357 3397 1537 3453 ἀνεῖλε
1570 3397 1667 3467 τὴν
1700 3412 1799 3466 με-

207 3499 452 3553 τάνοιαν
480 3499 559 3570 τῷ
593 3499 650 3565 ἐξ
679 3497 977 3570 ὀρθοδόξων
1012 3498 1091 3560 είς
1126 3495 1434 3565 αἱρετικοῦς
1466 3491 1795 3546 ἀποστάντι·

206 3593 247 3663 ὴ
312 3590 373 3645 δὲ
402 3587 481 3654 λζ’
532 3590 721 3660 νεαρὰ,
753 3591 786 3660 ὴ
824 3588 1094 3660 περὶτῶν
1131 3586 1470 3656 Ἐκκλησιῶν
1534 3583 1798 3654 Ἀφρικῆς

207 3682 605 3752 διαλεγομένη,
642 3681 868 3744 καὶτοῖς
895 3679 1157 3742 τοιούτοις
1184 3678 1373 3749 καιρὸν
1398 3675 1597 3731 δέδωκε
1633 3690 1799 3746 μετα-

209 3775 407 3836 νοίας·
444 3775 476 3843 ἡ
502 3772 558 3824 δὲ
587 3768 658 3824 λδ¹
681 3771 820 3825 διάτ.
849 3769 941 3823 τοῦ
969 3767 1010 3822 δ’
1036 3770 1140 3822 τίτ.
1173 3766 1267 3821 τοῦ
1316 3763 1363 3821 α’
1396 3765 1534 3837 βι6λ.
1573 3766 1664 3817 καὶ
1689 3766 1722 3832 ὴ
1753 3760 1796 3834 β’

207 3867 366 3921 διάτ.
399 3867 505 3921 τοῦ
539 3861 587 3918 α’
613 3864 718 3918 τίτ.
746 3863 854 3916 τῶν
886 3861 1146 3934 Νεαρῶν,
1185 3860 1369 3914 ἄδειαν
1398 3859 1478 3929 τῷ
1514 3858 1798 3927 ὲπισκόπῳ

208 3959 447 4021 δέδωκε,
474 3954 762 4026 θεωροῦντι
794 3954 1081 4025 μετάνοιαν
1113 3951 1206 4006 τοῦ
1258 3951 1619 4014 κυϐεύσαντος
1662 3950 1795 4021 κλη-

213 4047 410 4121 ρικοῦ,
444 4047 478 4116 ἢ
509 4045 657 4109 θέαις
682 4044 1146 4115 παρεμϐαλόντος,
1178 4043 1363 4114 μειοῦν
1400 4042 1461 4096 τὸ
1501 4042 1795 4112 ἐπιτίμιον,

214 4144 325 4194 καὶ
355 4138 464 4209 πρὸ
495 4136 942 4209 συμπληρώσεως
977 4135 1071 4189 τοῦ
1100 4134 1408 4207 ὁρισθέντος
1438 4133 1631 4205 χρόνου
1658 4136 1797 4187 ἁπο-

213 4232 495 4302 καθιστᾷν
548 4230 709 4283 αὐτὸν
742 4232 808 4299 τῇ
839 4229 959 4301 θείᾳ
1008 4228 1317 4298 λειτουργίᾳ
1338 4243 1352 4258 ο
1405 4226 1562 4280 τοῦτο
1587 4226 1641 4279 δὲ
1669 4225 1798 4297 περὶ

217 4325 546 4377 ἐπισκόπων
574 4322 739 4376 ίδικόν
766 4323 913 4375 ἐστιν
938 4337 950 4351 ·
976 4322 1025 4374 οἱ
1042 4322 1150 4391 γὰρ
1172 4320 1464 4383 πολιτικῶς
1485 4318 1797 4383 δικάζοντες

218 4418 415 4471 ἄδειαν
472 4413 677 4485 έχουσι,
734 4413 832 4485 τὴν
865 4414 1041 4485 ἀρχὴν
1074 4412 1458 4483 ψηφιζόμενοι,
1487 4409 1671 4477 αῦξειν
1700 4409 1797 4463 καὶ

1901 3231 2245 3284 contemnes,
2269 3222 2484 3278 etiamsi
2519 3222 2591 3277 sit
2617 3222 2801 3276 minus
2831 3237 2991 3291 quam
3028 3236 3126 3291 pro
3151 3236 3365 3275 summa
3395 3220 3473 3275 tui

1898 3312 2099 3380 ingenii
2132 3313 2395 3367 bonitate.

1974 3401 2191 3457 Teztus.
2251 3402 2483 3458 Constit.
2529 3404 2585 3468 3,
2634 3404 2722 3458 tit.
2771 3403 2823 3468 7,
2865 3404 2961 3457 lib.
3000 3419 3039 3469 ι,
3082 3403 3207 3458 cod.
3274 3403 3473 3459 sustuli

1900 3495 2272 3565 paenitentiam
2322 3494 2750 3549 orthodoxorum
2787 3497 2852 3550 ad
2888 3496 3173 3550 haereticos
3217 3495 3475 3548 deiicien-

1902 3589 2058 3643 tium.
2099 3585 2319 3643 Novella
2360 3596 2541 3641 autem
2589 3587 2679 3653 37,
2718 3603 2838 3656 quae
2880 3587 2946 3641 de
2972 3585 3246 3641 Africanis
3294 3586 3476 3641 Eccle-

1900 3680 1998 3735 siis
2056 3678 2299 3743 disserit,
2368 3679 2565 3734 talibus
2641 3679 2973 3749 paenitentiae
3039 3687 3252 3748 tempus
3304 3678 3472 3732 dedit.

1896 3772 2130 3829 Constit.
2178 3788 2344 3842 porro
2395 3773 2483 3840 54,
2532 3774 2613 3828 ιίι.
2644 3772 2698 3836 »1,
2750 3771 2843 3826 lib.
2880 3788 2921 3835 ι,
2960 3772 3084 3826 cod.
3115 3783 3168 3826 et
3203 3780 3377 3826 const.
3412 3770 3472 3836 2,

1898 3866 1982 3921 tit.
2040 3881 2080 3933 ι,
2113 3865 2486 3931 Novellarnm,
2538 3866 2801 3937 episcopo
2848 3866 3052 3920 videnti
3102 3864 3473 3935 paenitentiam

1898 3958 2083 4014 clerici
2135 3958 2226 4028 qui
2256 3957 2370 4012 alca
2408 3958 2558 4023 lusit,
2611 3966 2703 4012 aut
2747 3958 3073 4026 spectaculis
3122 3955 3229 4028 [se]
3296 3956 3474 4009 immi-

1897 4049 2061 4114 scuit,
2101 4058 2417 4117 potestatem
2462 4047 2611 4113 facit,
2646 4058 2706 4102 ut
2744 4063 2958 4118 peenam
2984 4049 3212 4112 minuat,
3239 4056 3293 4102 et
3318 4057 3472 4101 ante-

1896 4154 2061 4209 quam
2101 4150 2366 4195 statutum
2416 4147 2631 4210 tempus
2683 4142 3014 4209 completum
3052 4140 3143 4203 sit,
3177 4140 3352 4209 ipsum
3383 4153 3475 4192 sa-

1897 4243 1992 4283 cro
2044 4229 2348 4284 ministerio
2399 4230 2667 4284 restituat.
2714 4228 2917 4284 Verum
2965 4230 3069 4285 hoc
3113 4229 3168 4284 in
3193 4229 3474 4299 episcopis

1898 4321 2132 4390 speciale
2158 4331 2260 4378 est.
2289 4322 2426 4376 Nam
2460 4323 2648 4377 civiles
2669 4322 2883 4392 judices
2911 4323 3224 4377 facultatem
3253 4323 3471 4386 habent,

1900 4422 1957 4468 ut
2005 4414 2058 4469 in
2114 4415 2232 4486 ipsa
2288 4416 2557 4471 sententia
2615 4431 2833 4486 pcnnam
2894 4425 3006 4471 tum
3057 4427 3310 4488 augeant,
3359 4425 3475 4471 tum

224 4507 421 4579 μειοῦν
468 4506 567 4577 τὴν
622 4507 812 4576 ποινήν
837 4521 852 4535 ⁸
878 4504 1022 4558 ὥστε
1073 4506 1170 4576 μέν
1198 4522 1281 4559 τοι
1312 4505 1403 4557 ἐπὶ
1435 4502 1693 4573 ἑκατέρου
1723 4503 1797 4573 μὴ

1904 4505 2200 4560 minuant:
2235 4515 2294 4560 ut
2334 4515 2515 4562 tamen
2565 4507 2619 4561 in
2671 4518 2900 4578 utroque
2955 4508 3167 4582 [modo]
3210 4511 3475 4565 rationem

224 4595 552 4668 παρεξιέναι
595 4594 694 4666 τὴν
742 4594 1109 4665 συμμετρίαν,
1160 4592 1235 4656 ὡς
1272 4591 1411 4663 βιϐλ.
1443 4589 1702 4661 μη’,’τίτ.
1735 4586 1801 4653 θ’,

221 4692 371 4745 διάτ.
423 4685 513 4758 ιβ’,
566 4685 667 4755 ιγ’·
705 4688 753 4740 εί
798 4688 893 4740 καὶ
921 4686 989 4740 τὰ
1028 4686 1262 4756 μάλιστα
1291 4684 1505 4754 εἴρηται
1540 4682 1682 4752 βιὸλ.
1725 4681 1805 4752 τῷ

222 4783 296 4838 αὖ
311 4782 384 4851 τῷ
422 4780 528 4834 τίτ.
562 4777 640 4845 ς’,
670 4779 808 4833 διάτ.
838 4775 911 4843 α’,
940 4778 1033 4831 καὶ
1073 4772 1413 4845 βιϐλ.ν’,τίτ.
1443 4770 1513 4835 α’,
1540 4772 1681 4827 διάτ.
1720 4769 1803 4834 ιε’,

222 4877 313 4928 ὅτι
340 4876 374 4943 ἡ
401 4872 497 4926 τοῦ
526 4873 732 4941 φάκτου
756 4870 1005 4941 ζήτησις,
1036 4868 1429 4943 ἐπιτέτραπται
1449 4865 1527 4936 τῷ
1553 4865 1804 4934 δικαστῇ,

225 4968 290 5021 οῦ
352 4966 464 5036 μὴν
518 4966 552 5035 ὴ
601 4963 695 5017 τοῦ
750 4963 914 5032 νόμου
950 4958 1321 5024 ὲπεξέλευσις·
1388 4958 1537 5025 ὅμως
1574 4957 1672 5027 μέν
1726 4974 1806 5010 τοι

225 5059 638 5129 ψηφισάμενος,
666 5055 851 5108 οὐκέτι
879 5053 1103 5106 δύναται
1124 5051 1219 5119 τὴν
1245 5049 1424 5119 ψῆφον
1455 5048 1804 5120 ἀνατρέπειν·

228 5153 455 5220 εῖρηται
513 5148 624 5217 γὰρ
672 5147 812 5217 βιῶ..
844 5143 891 5209 ζ’
928 5144 1023 5199 τοῦ
1059 5143 1188 5197 κώδ.
1221 5143 1327 5195 τίτ.
1357 5139 1421 5207 ν’,
1450 5140 1590 5196 διάτ.
1623 5139 1693 5207 α’,
1724 5143 1808 5195 ὅτι

228 5242 361 5295 οὗτε
389 5240 491 5312 τὴν
520 5239 655 5293 ἰδίαν
685 5241 882 5310 ψῆφον,
909 5236 1034 5291 οὔτε
1076 5235 1175 5306 τὴν
1205 5233 1300 5287 τοῦ
1329 5233 1701 5305 διαλεχθέντος
1724 5234 1808 5287 δύο

230 5332 397 5387 ναταί
433 5348 518 5394 τις
540 5332 888 5401 ἀνατρέπειν·
921 5329 1016 5383 καὶ
1052 5326 1192 5398 stet.
1223 5324 1266 5378 θ’
1296 5325 1399 5378 τίτ.
1427 5324 1510 5395 μζ¹
1536 5325 1675 5379 διάτ.
1722 5323 1808 5391 ιε’,

230 5425 319 5477 δτι
343 5423 373 5475 ό
413 5424 598 5493 ἄρχων
624 5423 724 5492 τὴν
753 5421 882 5493 παρ’
927 5420 1094 5474 αὐτοῦ
1147 5417 1474 5488 ἀνατρέπειν
1501 5419 1563 5472 ού
1593 5417 1811 5472 δύναται

232 5518 552 5588 ὁρισθεῖσαν
572 5520 783 5584 ποινήν.

323 5606 415 5659 Ἐν
446 5606 503 5659 δὲ
549 5607 629 5676 τῷ
676 5604 755 5677 με’
805 5607 1018 5676 διατὰγ.
1054 5605 1148 5659 τοῦ
1177 5604 1225 5658 α’
1276 5606 1385 5661 τίτ.
1420 5604 1515 5657 τοῦ
1548 5602 1635 5675 μβ¹
1669 5603 1808 5675 βιόλ.

311 5784 358 5816 ’¹
386 5782 557 5841 Exod.
581 5799 673 5852 xx,
704 5785 793 5851 l2;
828 5784 983 5841 Deut.
1005 5783 1187 5851 ν,16;
1220 5782 1411 5839 Matth.
1438 5799 1525 5849 xv,
1550 5782 1602 5839 4.

1908 4609 2016 4649 non
2066 4595 2330 4650 excedant
2359 4610 2374 4649 :
2407 4596 2863 4665 quemadmodum
2908 4598 3003 4654 lib.
3036 4615 3223 4667 xcvm,
3274 4600 3357 4654 tit.
3391 4601 3475 4662 19,

1908 4687 2020 4758 dig.
2076 4687 2143 4741 12
2193 4686 2496 4760 [traditur],
2550 4690 2766 4743 tametsi
2814 4690 3059 4760 ejusdem
3097 4693 3214 4759 lib.,
3275 4693 3356 4747 tit.
3392 4694 3479 4754 16.

1908 4780 2018 4849 dig.
2074 4779 2126 4846 1,
2157 4787 2211 4833 et
2249 4780 2341 4833 lib.
2408 4805 2458 4842 ι,
2488 4779 2571 4833 tit.
2618 4780 2670 4845 1,
2707 4780 2903 4851 digest.
2958 4782 3046 4846 15,
3072 4782 3204 4855 [vel]
3247 4785 3484 4839 maxime

1910 4872 2143 4935 dicatur,
2171 4872 2317 4941 quod
2348 4869 2525 4939 judici
2550 4872 2679 4928 facti
2714 4875 2964 4943 quaestio,
3002 4892 3109 4931 non
3140 4889 3319 4932 autem
3351 4878 3482 4948 legis

1880 4988 1893 4994 κ
1913 4962 2222 5030 persecutio
2249 4960 2542 5016 commissa
2571 4962 2663 5017 sit.
2694 4961 2855 5019 Certe
2884 4965 3101 5034 quidem
3142 4968 3234 5037 qui
3268 4968 3486 5037 judica-

1908 5053 2007 5118 vit,
2060 5052 2384 5107 sententiam
2433 5064 2681 5109 evertere
2702 5071 2810 5111 non
2839 5065 3038 5127 potest.
3087 5057 3296 5113 Dicitur
3332 5076 3485 5114 nam-

1910 5161 2016 5215 que
2062 5145 2156 5200 lib.
2203 5162 2297 5211 vn,
2348 5145 2469 5200 cod.
2518 5148 2605 5201 tit.
2647 5147 2736 5211 50,
2773 5152 2993 5206 constit.
3033 5152 3083 5217 1,
3125 5154 3268 5220 quod
3310 5170 3486 5221 neque

1912 5254 2067 5293 suam
2114 5251 2293 5307 neque
2343 5237 2649 5292 decessoris
2684 5238 2769 5293 sui
2816 5243 3139 5294 sententiam
3195 5244 3483 5313 quisquami

1914 5331 2223 5386 rescindere
2272 5331 2462 5398 possit.
2495 5327 2559 5381 Et
2590 5329 2683 5385 lib.
2722 5346 2795 5395 ιι,
2839 5333 2922 5385 tit.
2959 5334 3048 5395 47,
3085 5333 3248 5406 334
3307 5346 3485 5390 const.

1921 5421 2008 5487 15,
2048 5418 2192 5490 quod
2228 5419 2441 5488 praesidi
2492 5432 2707 5486 poenam
2742 5436 2838 5476 sua
2869 5422 3067 5477 dictam
3108 5425 3376 5479 sententia
3402 5441 3483 5479 re-

1919 5526 2114 5566 vocare
2140 5525 2247 5565 non
2279 5511 2457 5565 liceat.

1996 5602 2210 5659 Textus.
2274 5602 2330 5658 ln
2382 5604 2575 5675 digest.
2632 5605 2724 5673 45,
2763 5604 2843 5660 tit.
2888 5607 2938 5673 1,
2984 5607 3076 5664 lib.
3104 5625 3234 5675 XLII,
3272 5622 3483 5679 pmnam
