3874 6296
573 304 680 369 815
1766 307 2027 371 ΡΗΟἸῚῙ
2067 310 2103 373 P

2206 311 2569 376 amnem
2611 315 2722 378 cr.
3656 336 3736 403 ει,

566 413 835 470 sententia
870 413 1094 482 dictam.
1123 415 1241 472 sine
1274 414 1561 488 principali
1614 405 1937 477 auctoritate
1970 438 2096 492 neqt

2207 447 2220 487 ι
2249 426 2435 497 φησὶν,
2465 427 2549 481 δτι
2576 429 2675 500 τὴν
2702 428 3071 499 ψηφισθετσαν
3115 432 3306 503 ποινὴν
3355 434 3569 514 αὔξεινῆ
3593 457 3737 517 μειοῦν

565 506 817 576 ampliari
864 524 1042 579 neque
1083 509 1255 563 minui
1289 525 1450 582 posse
1480 509 1703 565 dicitur.
1740 510 1918 567 Etlib.
1948 529 2091 569 XLVII

2251 519 2280 571 ό
2309 520 2492 591 ἄρχων
2528 524 2695 593 χωρὶς
2724 520 3010 592 βασιλικῆς
3035 521 3325 585 αὐθεντίας
3345 528 3401 580 οὐ
3424 506 3646 591 δύναέάν
3675 506 3746 600 καὶ

568 612 649 670 tit,
687 599 771 667 18,
816 599 927 669 dig.
976 602 1027 656 1.
1062 602 1180 657 ait:
1216 600 1273 655 Si
1310 615 1505 657 servus
1558 612 1707 656 metu
1741 602 1808 656 ad
1854 603 2098 659 dominut

2254 609 2394 680 βιϐλ.
2454 609 2703 686 μη’,τίτ.
2756 610 2845 683 ιη’,
2886 613 3023 669 διάτ.
3072 612 3121 668 α’
3172 617 3354 686 φησὶν,
3382 618 3571 678 ὅτιιὰν
3605 599 3746 688 δοῦλοέ

559 700 871 770 revertendi
938 695 1167 770 [crimen
1216 691 1458 765 aliquod]
1504 692 1557 746 in
1611 708 1670 749 se
1737 694 2030 765 contingat,

2648 676 2932 799 arpbc‘jbv
2981 676 3261 799 Δ-εσπότην
3296 676 3748 799 ὑποστρέψαιῑείτζῆ

562 803 690 866 post
719 788 1227 849 condemnationem
1260 798 1325 839 eo
1351 784 1418 839 de
1450 784 1687 840 consciis
1724 787 1975 856 quaesito,
2002 803 2092 842 ver

2252 791 2376 845 καθ’
2408 791 2601 845 ἑαυτοῦ
2634 792 2910 858 πλαστῶς,
2942 794 3037 848 και¹
3080 794 3218 864 μετὰ
3250 784 3541 873 καταδίκην*
3574 784 3749 875 {pm—.0):

564 894 652 940 tas
682 888 940 953 appareat
972 894 984 929 :
1019 876 1283 931 liberatur
1320 887 1505 943 poena,
1528 889 1701 943 eaque
1730 875 2044 931 conditione
2072 893 2094 930 r

2254 884 2415 954 μένου
2449 883 2615 937 αὐτοῦ
2646 885 2908 957 περὶτῶν
2939 888 3286 958 συνιστόρων,
3335 896 3468 963 φανῇ
3495 896 3526 965 ἡ
3551 897 3752 971 ἀλήθεια,

565 975 634 1030 ad
683 972 962 1029 dominum
1014 974 1321 1021 revertatur
1362 979 1394 1018 a
1440 964 1665 1021 cohorte
1715 966 2045 1031 divenditur,
2090 990 2095 1018 ε

2251 974 2644 1064 ἐλευθεροῦται
2657 976 2759 1046 τῆς
2780 978 2992 1049 ποινῆς,
3025 980 3119 1032 καὶ
3147 979 3235 1033 διὰ
3257 980 3355 1051 τῆς
3379 964 3567 1050 τάξεως
3590 964 3753 1064 πιπράξ

564 1065 802 1138 pretium
848 1059 1070 1116 domino
1118 1057 1300 1113 datur.
1335 1055 1510 1112 Judex
1546 1066 1729 1113 autem
1772 1059 1866 1129 qui
1902 1060 2094 1129 alique!

2251 1084 2463 1133 σκεται,
2490 1069 2576 1137 ἐφ’
2608 1061 2653 1137 ᾧ
2716 1068 2791 1139 μὴ
2848 1070 3187 1141 ὑποστρέψαι
3222 1073 3356 1143 πρὸς
3387 1075 3472 1128 τὸν
3508 1055 3755 1156 Acamans,

566 1154 843 1213 damnavit
875 1161 1132 1221 tanquam
1163 1158 1398 1215 sontem,
1426 1149 1658 1204 liberare
1686 1149 1954 1205 insontem
1993 1167 2096 1206 con

2248 1161 2343 1211 καὶ
2370 1158 2431 1211 τὸ
2459 1158 2675 1229 τίμημα
2700 1156 2777 1228 τῷ
2801 1158 3050 1232 Δεσπότῃ
3077 1160 3279 1213 δίδοται
3301 1174 3315 1190 ⁸
3336 1161 3489 1226 αὐτὸς
3509 1164 3560 1218 δὲ
3584 1149 3758 1225 batur-a4

560 1256 777 1319 pertum
810 1262 920 1300 non
949 1252 1149 1315 potest.
1206 1240 1390 1310 Neque
1415 1242 1561 1295 enim
1606 1242 1895 1312 quisquam
1928 1253 2090 1298 semet

2246 1248 2472 1311 δικάσας
2527 1248 2603 1312 ὡς
2654 1248 2825 1302 αἴτιόν
2887 1266 3044 1313 τινα,
3103 1250 3166 1303 οὐ
3227 1251 3447 1306 δύναται
3495 1256 3760 1331 ἐλευθεροῦν

564 1340 694 1393 tiam
733 1353 888 1392 suam
933 1345 1175 1399 revocat,
1216 1332 1430 1387 etiamsi
1475 1333 1790 1403 pecuniaria
1824 1334 1913 1388 sit.
1942 1336 2002 1388 in
2034 1350 2092 1389 cr

2248 1338 2486 1391 ἀναίτιον
2542 1339 2970 1415 εὑρισκόμενον
3021 1341 3148 1395 οὔτε
3204 1344 3316 1413 γάρ
3365 1360 3447 1408 τις
3469 1346 3560 1416 τὴν
3593 1350 3759 1405 οἰκείαν

564 1432 802 1486 minibus
826 1430 991 1500 igitur
1019 1429 1085 1483 de
1116 1443 1180 1481 eo
1206 1429 1272 1482 ad
1304 1429 1602 1497 principem
1629 1426 1831 1481 referre
1855 1423 2094 1498 [judicen

2246 1427 2425 1497 ψῆφον
2487 1428 2863 1496 ἀνακαλεῖται,
2922 1431 3028 1485 κᾶν
3083 1434 3400 1506 χρηματικὴ
3449 1437 3549 1507 εἵη*
3604 1440 3671 1493 δεῖ
3691 1441 3759 1497 οὖν

560 1531 796 1593 oportet.
856 1521 922 1575 Et
954 1521 1148 1592 digest.
1190 1522 1223 1575 9
1253 1531 1305 1574 et
1346 1519 1438 1573 27.
1478 1520 1561 1572 ιὶι.
1610 1518 1694 1583 19,
1742 1518 1984 1588 ejusdem
2042 1520 2090 1573 lil

2248 1517 2377 1587 περὶ
2439 1514 2629 1570 τούτου
2662 1517 2872 1588 βασιλεί
2902 1520 3197 1590 ἀναφέρειν
3227 1521 3319 1573 ἐπὶ
3369 1523 3473 1575 τῶν
3528 1525 3760 1595 ὲγκλημέ-

560 1612 796 1668 Decurio
825 1628 1000 1682 neque
1029 1612 1083 1664 in
1116 1610 1415 1675 metallum,
1471 1623 1648 1677 neque
1686 1609 1739 1662 in
1775 1624 1912 1678 opus
1938 1610 2090 1663 metal

2243 1622 2389 1661 των·
2436 1608 2530 1661 καὶ
2561 1607 2699 1663 διάτ.
2754 1607 2819 1674 θ’,
2867 1610 2962 1663 καὶ
2993 1608 3075 1675 κζ’
3117 1612 3212 1664 τοῦ
3257 1611 3321 1665 ιον
3379 1612 3481 1666 τίτ.
3523 1613 3610 1666 τοῦ
3635 1617 3762 1670 αὑτοῦ

562 1706 873 1769 damnatur,
915 1719 1014 1758 uec
1056 1702 1222 1758 furca:
1284 1702 1591 1772 subjicitur,
1643 1718 1817 1771 neque
1869 1704 2084 1757 exuritu

2248 1699 2387 1769 βιδλ.
2450 1701 2534 1755 ὅτι
2602 1701 2893 1772 βουλευτὴς
2952 1702 3076 1755 οὔτε
3137 1704 3216 1767 εἰς
3248 1703 3506 1774 μέταλλον
3535 1746 3550 1770 ,
3586 1705 3764 1771 οὗτεείς

568 1796 673 1852 Sed
700 1796 917 1852 tametsi
946 1796 1051 1851 tale
1071 1795 1346 1865 quidpiam
1377 1794 1682 1864 judicatum
1713 1794 1804 1859 sit,
1841 1794 2098 1849 liberatur

2240 1790 2399 1863 ἔργον
2460 1794 2723 1862 μετάλλου
2780 1794 3222 1861 καταδικάζεται,
3266 1794 3392 1847 οὔτε
3450 1797 3761 1865 φουλκίζεται,

565 1903 673 1943 non
731 1884 999 1959 [quidem]
1052 1901 1150 1955 per
1205 1884 1465 1955 judicem,
1519 1885 1610 1940 sed
1663 1900 1757 1953 per
1818 1885 2095 1955 principen

2241 1883 2366 1936 οὔτε
2429 1886 2666 1950 καίεται,
2729 1886 2845 1939 ἀλλ’
2883 1886 2932 1939 εί
2999 1885 3092 1939 καί
3133 1903 3185 1938 τι
3249 1886 3489 1941 τοιοῦτον
3543 1889 3762 1961 ψηφισθῇ,

561 1979 655 2050 qui
711 1978 851 2050 [eam
883 1976 1023 2049 rem]
1053 1976 1278 2031 edoctus
1323 1990 1539 2045 pinnam
1571 1986 1663 2029 aut
1704 1985 1998 2045 permutat,
2045 1991 2091 2030 at

2246 1972 2651 2045 ἐλευθεροῦται,
2686 1976 2748 2029 οὐ
2788 1976 2879 2029 διὰ
2942 1974 3035 2030 τοῦ
3092 1976 3376 2047 ἄρχοντος,
3424 1978 3553 2032 ἀλλὰ
3579 1979 3654 2031 διὰ
3692 1982 3762 2033 τοῦ

560 2069 841 2132 remittit,
895 2075 950 2123 et
986 2066 1251 2139 praesides
1291 2066 1590 2121 sententias
1629 2081 1757 2120 suas
1780 2081 1887 2120 non
1932 2068 2090 2122 rescit

2255 2063 2520 2133 βασιλέως
2584 2065 3013 2137 διδασκομένου,
3066 2068 3167 2137 τὴν
3218 2068 3493 2139 τιμωρίαν
3556 2070 3766 2123 ἐναλλάσ-

558 2160 712 2216 dunt.
748 2160 817 2214 Se
846 2167 1025 2213 tamen
1062 2160 1116 2213 in
1146 2173 1203 2213 se
1224 2158 1347 2228 quis
1386 2159 1670 2224 mentitus,
1716 2168 1810 2213 aut
1866 2160 1937 2213 ob
1972 2160 2088 2214 deft

2241 2174 2426 2221 σοντος
2500 2158 2533 2229 ἢ
2612 2158 3024 2230 ὲλευθεροῦντος
3049 2175 3065 2191 ·
3122 2161 3218 2215 καὶ
3282 2162 3333 2214 οἱ
3396 2160 3642 2230 ἄρχοντες
3687 2164 3766 2215 οὐκ

558 2260 703 2306 ctum
728 2249 1166 2304 testificationum
1184 2251 1577 2305 condemnatus
1602 2252 1787 2316 fuerit,
1818 2264 1870 2308 et
1896 2264 2088 2324 pnsum

2238 2250 2604 2320 ἀνατρέπουσι
2638 2251 2738 2314 τὰς
2791 2252 2927 2315 ιδίας
2954 2252 3198 2321 ψήφουςο
3230 2253 3278 2305 εί
3320 2252 3504 2320 μέντοι
3555 2270 3631 2317 τις
3672 2255 3766 2307 καθ’

555 2341 687 2398 dum
734 2340 1083 2411 probationes
1129 2355 1251 2410 quae
1291 2342 1469 2411 ipsum
1521 2342 1715 2413 juvent
1764 2345 2079 2400 inveniautu

2238 2340 2430 2393 ἑαυτοῦ
2480 2341 2843 2410 ψευσάμενος,
2886 2343 2918 2412 ἦ
2976 2342 3181 2413 ἀπορίᾳ
3226 2342 3542 2406 συστάσεως
3582 2344 3765 2396 καταδι-

559 2433 815 2503 princeps
844 2440 939 2488 aut
961 2433 1156 2488 liberat
1180 2448 1307 2488 cum
1367 2442 1464 2488 aut
1492 2448 1712 2504 paruam
1746 2436 1965 2494 minuit.

2238 2430 2437 2500 κασθῇ,
2462 2430 2556 2483 καὶ
2580 2429 2805 2499 ὕστερον
2826 2428 3093 2501 εὑρεθῶσι
3111 2428 3411 2500 βοηθοῦντα
3433 2428 3576 2499 αὐτῷ
3588 2429 3766 2483 δικαιόν

2240 2534 2406 2589 ματα,
2470 2520 2499 2572 ό
2554 2517 2878 2588 βασιλεὺςῆ
2929 2518 3208 2589 ἐλευθεροῖ
3257 2518 3493 2590 αὐτδνῆ
3546 2522 3674 2590 μειοῖ
3691 2522 3766 2587 τὴν

2236 2611 2449 2675 ποινήν.

626 2695 843 2751 Textus.
896 2695 1119 2769 [Atque]
1152 2696 1267 2751 haec
1314 2694 1582 2769 [quidem]
1616 2696 1682 2751 de
1713 2696 1968 2765 perfectis
2006 2713 2133 2752 sen-

2304 2700 2487 2754 Ταῦτα
2539 2701 2672 2771 περὶ
2732 2700 3035 2755 αὐτοτελῶν
3068 2702 3285 2773 εἴρηται
3333 2702 3563 2773 ψήφων·
3600 2703 3659 2757 τὰ
3680 2704 3763 2771 γὰρ

551 2792 740 2848 tentiis
787 2792 931 2846 dicta
984 2791 1115 2846 sint.
1166 2790 1448 2862 Siquidem
1499 2805 1621 2861 quae
1670 2791 1836 2858 judex
1880 2792 1934 2845 in
1979 2804 2081 2861 parl

2235 2793 2369 2847 κατὰ
2414 2794 2580 2865 μέρος
2639 2794 3055 2865 διαλαλούμενα,
3083 2796 3308 2849 δύναται
3346 2797 3378 2850 ὀ
3408 2796 3655 2865 δικαστὴς
3693 2797 3765 2848 καὶ

552 2882 757 2956 [aliqua
784 2880 996 2953 judicii]
1030 2882 1388 2938 interlocutus
1437 2881 1622 2949 fuerit,
1663 2897 1725 2936 ea
1756 2896 1981 2950 prorsus
2024 2890 2079 2935 to

2233 2885 2449 2949 τελείως
2475 2888 2718 2957 ἀναιρεῖν
2752 2889 2847 2941 καὶ
2876 2888 3243 2951 ἐναλλάσσειν,
3271 2887 3347 2951 ὡς
3379 2887 3522 2958 βιόλ.
3574 2888 3763 2957 μβ’,τίτ.

548 2975 662 3030 lere
690 2982 744 3028 et
770 2973 1061 3028 immutare
1094 2982 1271 3044 potest
1301 2989 1316 3027 :
1352 2974 1809 3043 quemadmodum
1851 2973 1946 3028 lib.
1996 2989 2078 3027 xu

2237 2974 2457 3041 α’,διάτ.
2517 2978 2602 3043 ιδ’,
2660 2978 2755 3032 καὶ
2802 2978 2947 3049 pro}.
3003 2975 3180 3041 δ’,τίτ.
3234 2976 3472 3047 η’,διάτ.
3519 2978 3604 3039 ιθ“,
3654 2973 3767 3029 κ’σό

547 3064 636 3119 tit.
685 3063 736 3116 1.
768 3062 966 3134 digest.
1025 3063 1114 3129 14,
1145 3072 1200 3118 et
1220 3063 1314 3118 lib.
1345 3077 1420 3128 tv,
1450 3064 1534 3118 tit.
1560 3062 1615 3127 8,
1649 3064 1846 3133 digest.
1907 3061 1993 3127 19,
2033 3063 2077 3115 21

2236 3069 2333 3137 μὲν
2366 3067 2475 3140 γὰρ
2516 3068 2867 3140 διαλαλήσας,
2906 3069 3056 3139 μένει
3093 3068 3360 3139 δικαστής
3388 3085 3406 3100 ο
3438 3071 3467 3121 ὁ
3488 3069 3544 3121 δὲ
3566 3068 3766 3137 ψηφισά-

547 3151 849 3225 [traditur].
899 3150 969 3207 Et
1014 3152 1211 3207 merito
1260 3151 1551 3225 [quidem].
1592 3150 1728 3207 Nam
1768 3153 1860 3222 qui
1901 3153 2077 3207 interlt

2237 3174 2412 3227 μενος,
2450 3157 2725 3213 πέπαυται
2755 3160 2843 3212 ἐπ’
2869 3158 3018 3229 αὐτῷ
3052 3157 3132 3229 τῷ
3162 3158 3459 3229 πράγματι
3484 3153 3620 3211 εἶναι
3647 3156 3767 3209 δικα·

545 3253 708 3299 cutus
730 3251 837 3308 est,
873 3254 1056 3297 manet
1088 3244 1252 3314 judex
1292 3262 1305 3298 :
1336 3245 1426 3314 qui
1459 3260 1593 3298 vero
1626 3243 1949 3299 sententiam
1967 3242 2075 3297 dixi

2237 3249 2386 3318 στὴς,
2428 3248 2503 3312 ὡς
2550 3248 2692 3319 βιΰλ.
2748 3250 2933 3321 μ’,τίτ.
2980 3248 3217 3321 η’,διάτ.
3262 3247 3334 3314 κ’,
3379 3249 3476 3304 καὶ
3531 3241 3767 3319 βιόλ.μβ’,

544 3334 600 3389 in
645 3334 835 3390 eadem
882 3333 1020 3407 [illa]
1058 3350 1115 3389 re
1146 3335 1311 3404 judex
1350 3349 1471 3392 esse
1514 3336 1710 3391 desiit:
1744 3344 1803 3390 ut
1834 3335 1929 3389 lib.
1989 3349 2074 3388 xu

1196 3336 1311 3390 Idex
1350 3349 1471 3392 esse
1514 3336 1710 3391 desiit:
1744 3344 1803 3390 ut
1834 3335 1929 3389 lib.
1989 3349 2123 3396 xw.
2228 3338 2337 3390 τίτ.
2375 3338 2605 3402 α’,διάτ.
2632 3336 2726 3393 νε⁹.

545 3428 632 3484 tit.
666 3428 720 3494 1,
758 3426 867 3497 dig.
903 3425 973 3481 55
1001 3425 1295 3500 [docetur].

1897 3802 2306 3890 ΤΙΤΛΟΣ
2381 3806 2464 3886 I'.

542 4009 701 4065 ΠΕΡι
737 4011 1144 4066 ΔΙΟΙΚΗΣΕΩΣ
1198 4008 1813 4066 ΕΚΚΑΗΣΙΑΣΤΙΚΩΝ
1853 4006 2317 4071 ΠΡΑΓΜΑΤΩΝ,
2359 4007 2480 4060 ΚΑΙ
2537 4006 2699 4059 ΠΕΡΙ
2738 4005 2874 4060 ΤΩΝ
2913 4006 3147 4060 ΙΔΙΚΩΝ
3200 4006 3343 4059 ΤΟΥ
3383 4000 3766 4060 ΕΠΙΣΚΟΠΟΥ.

1854 4352 2319 4432 Tl'l‘ULUS
2392 4352 2484 4427 X.

675 4538 834 4610 335
868 4537 954 4592 DE
992 4528 1633 4591 ADMiNiSTRATIONE
1669 4526 2074 4584 PATRlMONlI
2111 4522 2651 4594 ECCLESIASTICI,
2674 4522 2762 4578 ΕΤ
2791 4523 2880 4580 DE
2911 4522 3005 4578 RE
3035 4522 3330 4581 PROPRIA
3361 4521 3683 4580 EPISCOPI.

576 4711 805 4770 CAPUT
832 4713 881 4784 ,1.
911 4745 979 4754 -
1027 4711 1278 4781 Oportere
1343 4724 1666 4764 wconomum
1724 4708 1787 4761 de
1814 4706 2062 4764 Ecclesia:

2292 4704 2539 4759 ΚΕΦΑΛ.
2571 4702 2656 4760 Α’.
2683 4734 2753 4745 -
2781 4704 2921 4774 Περὶ
2948 4703 3056 4758 τοῦ
3088 4703 3309 4774 χρῆναι
3340 4705 3456 4759 τὸν
3487 4703 3767 4771 οἰκονόμον

1189 4798 1328 4853 clero
1347 4798 1466 4867 ﬁat.
2214 4793 2283 4848 ἐκ
2317 4795 2422 4849 τοῦ
2456 4794 2686 4862 κλήρου
2714 4816 2719 4841 τ

2214 4793 2283 4848 ἐκ
2317 4795 2422 4849 τοῦ
2456 4794 2686 4862 κλήρου
2714 4794 2824 4863 τῆς
2867 4796 3233 4862 Ἐκκλησίας
3262 4791 3444 4850 εἶναι.

811 4891 1018 4949 ϐοηείί.
1046 4892 1487 4949 Chalcedonensis
1512 4905 1683 4943 canon
1739 4886 1829 4941 26.

2465 4887 2736 4941 Συνόδου
2764 4887 3151 4955 Χαλκηδόνος
3183 4887 3391 4942 κανὼν
3426 4894 3542 4954 κς’.

600 4983 691 5039 ες.
730 4984 1001 5051 Quoniam
1064 4983 1120 5036 in
1151 4980 1430 5037 nonnullis
1462 4977 1742 5042 Ecclesiis,
1796 4985 1855 5030 ut
1882 4991 2024 5046 saepe
2077 4992 2107 5031 a

2281 4977 2393 5044 κς’.
2457 4977 2674 5048 Ἐπειδὴ
2736 4979 2794 5031 ἔν
2834 4994 2974 5031 τισιν
3000 4978 3371 5049 Ἐκκλησίαις,
3413 4981 3493 5042 ὡς
3532 4976 3763 5048 περιηχή.

529 5077 688 5133 nobis
746 5077 993 5132 auditum
1046 5084 1151 5140 est,
1209 5073 1449 5144 episcopi
1481 5079 1645 5142 atque
1686 5070 1957 5126 teconomi
2000 5082 2059 5125 tr:

2239 5087 2403 5141 ημεν,
2444 5070 2565 5141 δίχα
2615 5071 2917 5141 οἰκονόμων
2972 5070 3020 5123 οἱ
3054 5069 3341 5124 ἐπίσκοποι
3388 5071 3463 5124 τὰ
3507 5070 3766 5139 ἐκκλησια-

529 5177 679 5224 ctant
728 5184 815 5225 res
862 5167 1285 5229 ecclesiasticas,
1317 5165 1523 5235 placuit
1545 5178 1765 5219 omnem
1808 5161 2059 5218 Ecclesiat

2233 5164 2376 5217 ιτικὰ
2436 5162 2735 5233 χειρίζουσι
2775 5162 3097 5233 πράγματα,
3128 5162 3275 5227 εδοξε
3313 5164 3508 5216 πᾶσαν
3565 5159 3763 5224 Ἐκκλη-

528 5262 847 5330 episcopum
903 5260 1219 5325 habentem,
1278 5272 1343 5311 ex
1397 5256 1619 5326 proprio
1676 5256 1847 5319 clero,
1883 5269 2058 5310 (ecout

2232 5253 2335 5307 rlav
2365 5255 2665 5306 ἐπίσκοπον
2693 5252 2946 5323 ἔχουσαν,
2983 5255 3076 5307 καὶ
3106 5254 3395 5324 οἰκονόμον
3428 5252 3576 5322 ἔχειν
3604 5252 3664 5303 ὲκ
3686 5246 3762 5301 τοῦ

527 5366 679 5405 mum
713 5351 935 5417 habere,
1002 5359 1062 5405 ut
1095 5348 1212 5404 sine
1245 5348 1475 5404 testibus
1522 5348 1593 5403 sit
1626 5346 1889 5401 Ecclesia:
1921 5346 2057 5401 admi

2232 5341 2345 5395 δίου
2372 5342 2600 5413 κλήρου,
2632 5342 3022 5413 οἱκονομοῦντα
3059 5344 3128 5397 τὰ
3175 5342 3611 5414 ὲκκλησιαστικὰ
3646 5335 3762 5392 κατὰ

526 5443 801 5508 nistratio,
841 5456 944 5495 nec
1009 5440 1132 5495 ideo
1167 5454 1257 5494 res
1286 5440 1406 5509 ejus
1458 5439 1821 5509 dissipentur,
1879 5447 1932 5491 et
1979 5452 2056 5506 prt

2230 5433 2432 5504 ννώμην
2487 5435 2582 5487 τοῦ
2648 5433 2778 5487 ἰδίου
2809 5434 3110 5486 ἐπισκόπου
3148 5450 3161 5463 ⁸
3187 5435 3326 5489 ὥστε
3360 5435 3443 5504 μὴ
3474 5434 3760 5503 ἀμάρτυρον

523 5534 683 5589 brum
711 5548 777 5587 ac
795 5534 1029 5590 dedecus
1054 5532 1365 5589 sacerdotio
1401 5532 1674 5587 inuratur.
1713 5529 1769 5585 Si
1794 5540 1973 5585 autem
1998 5531 2053 5584 bc

2229 5521 2348 5579 Ivat
2383 5524 2480 5596 τὴν
2535 5526 2848 5596 οἰκονομίαν
2892 5524 2993 5596 τῆς
3057 5525 3411 5596 Ἐκκλησίας,
3444 5528 3541 5578 καὶ
3579 5528 3641 5577 ὲκ
3659 5520 3759 5574 τού-

520 5639 634 5678 non
665 5622 877 5686 fecerit,
928 5640 1051 5678 eum
1087 5622 1286 5679 divinis
1336 5624 1501 5679 etiam
1552 5622 1855 5678 canonibus
1877 5620 2050 5691 subjic

2230 5637 2301 5674 που
2322 5622 2711 5694 σκορπίζεσθαι
2724 5624 2789 5677 τὰ
2815 5624 2913 5693 τῆς
2930 5624 3097 5691 αὐτῆς
3114 5622 3445 5690 Ἐκκλησίας
3459 5621 3760 5692 πράγματα.

524 5720 617 5773 καὶ
682 5714 950 5787 λοιδορίαν
989 5722 1055 5789 τῇ
1108 5718 1377 5790 ἱερωσύνῃ
1429 5716 1853 5792 προστρίϐεσθαι
1888 5732 1900 5745 ·
1936 5715 1983 5769 εί
2014 5715 2069 5768 δὲ
2106 5715 2183 5787 μὴ
2214 5714 2370 5769 τοῦτο
2417 5720 2568 5787 ποιῇ,
2602 5717 2923 5773 ὑποκεῖσθαι
2951 5716 3114 5772 αὑτὸν
3154 5720 3266 5779 τοῖς
3311 5715 3481 5775 θείοις
3540 5714 3758 5771 κανόσιν.
