3980 6400
150 463 243 527 817
941 457 1342 519 SYNTAGMA
1378 457 1722 518 CANONUN

1797 481 1864 493 -
1893 457 2041 517 TIT.
2070 456 2145 529 X,
2181 455 2343 515 CAP.
2381 454 2433 526 Ῑ,
2477 454 2560 515 II.
3264 446 3369 512 818

373 566 641 625 Συνόδου
668 565 923 630 Νικαίαςλ
944 565 1011 619 τὸ
1031 564 1114 630 β’,
1135 564 1335 619 κανὼν
1366 564 1455 620 ια’.
1728 564 1781 623 Α

1440 605 1455 620 .
1728 564 1781 623 Α
2138 562 2369 618 Conciliu'
2414 559 2622 614 Nica’m‘
2650 576 2685 614 ll
2718 578 2885 616 canon
2917 561 3005 616 11.

212 664 331 715 Ὀτι
356 658 810 725 δεῒοικονόμους
842 652 995 710 εἶναι
1031 656 1101 709 ἐν
1127 655 1251 724 τοῖς
1290 656 1695 724 ἐπισκοπειοις

1875 656 2089 722 Oportet
2126 670 2419 709 mconomos
2445 670 2553 709 esse
2595 657 2649 709 in
2691 656 2967 723 episcopiis
3009 662 3058 708 et
3097 655 3149 708 in
3188 671 3363 709 mona-

148 754 232 808 καὶ
260 750 379 817 τοὶὶν
402 749 847 819 μοναστηρίοις.

428 749 847 817 ιοναστηρίοις.
1803 747 2000 801 stertis.

212 842 292 897 ια’.
333 842 618 912 Ὑπόχρεοι
647 840 799 903 ὅντες
847 841 1058 906 πάντας
1076 841 1201 905 τοὺς
1231 839 1409 903 θείους
1466 840 1697 903 κανόνας

1877 839 1967 891 ll.
2026 836 2161 893 Cum
2193 853 2384 893 omnes
2419 839 2463 870 "
2492 836 2705 893 divinos
2749 853 2988 895 canones
3037 853 3255 894 servare
3299 848 3374 892 te.-

147 934 441 1004 φυλάττειν,
474 931 681 985 καὶτὸν
708 930 937 999 λέγοντα
962 931 1279 1002 οἰκονόμους
1308 926 1449 984 εἶναι
1478 933 1536 984 ὲν
1567 931 1697 984 ἑκά-

1803 944 2051 995 neamur,
2090 944 2216 984 eum
2257 944 2498 999 quoque,
2546 930 2641 1000 qui
2686 930 2841 1000 jubet
2897 944 3213 985 oeconomos
3253 944 3375 985 esse

149 1042 235 1099 στῃ
261 1025 575 1095 Ἐκκλησία,
591 1024 755 1079 παντί
785 1025 971 1095 τρόπῳ
989 1024 1383 1094 ἀπαράτρωτον
1419 1024 1696 1093 διατηρεῖν

1801 1022 1855 1077 in
1884 1021 2119 1092 singulis
2150 1021 2429 1085 Eeclesiis,
2479 1021 2706 1077 illmsum
2746 1020 2971 1076 omnino
3016 1035 3235 1076 servare
3278 1020 3372 1075 de-

147 1115 414 1184 ὀφείλομεν
440 1133 455 1147 ·
492 1116 587 1168 καὶ
614 1115 663 1167 εἰ
688 1112 788 1186 μὲν
828 1114 1059 1177 ἕκαστος
1090 1113 1489 1184 μητροπολίτης
1521 1116 1579 1167 ὲν
1626 1115 1695 1184 τῇ

1803 1112 2013 1169 bemus.
2048 1111 2116 1166 Et
2159 1113 2207 1167 si
2235 1112 2456 1179 quidem
2487 1112 2866 1183 unusquisque
2897 1111 3061 1183 336
3097 1120 3375 1180 metropo-

158 1204 436 1277 Ἐκκλησία
459 1205 625 1259 αὑτοῦ
660 1206 888 1277 καθιστᾷ
913 1206 1215 1276 οἰκονόμον,
1248 1205 1427 1270 καλῶς
1452 1204 1517 1260 ἂν
1542 1205 1654 1277 ἔχοι
1678 1222 1690 1236 ·

1803 1206 2002 1260 litanus
2024 1206 2076 1260 in
2105 1220 2205 1261 sua
2239 1204 2483 1261 Ecclesia
2526 1220 2870 1260 mconomum
2906 1204 3208 1269 constituit,
3238 1202 3375 1258 bene

149 1298 193 1350 εἰ
218 1296 270 1349 δὲ
306 1297 377 1368 μή
410 1314 498 1365 γε,
531 1296 593 1363 ἐξ
638 1297 923 1362 αύθεντίας
959 1298 1092 1363 ἰδίας
1136 1296 1212 1367 τῷ
1256 1299 1696 1371 Κωνσταντινου-

1802 1297 2006 1353 habet:
2068 1298 2153 1353 sin
2216 1299 2421 1363 minus,
2468 1298 3074 1367 Constantinopolitano
3117 1296 3374 1366 episcopo

151 1388 337 1451 πόλεως
364 1390 651 1460 ὲπισκόπῳ
682 1389 835 1444 ἄδειά
864 1392 978 1442 ἑστι
996 1389 1442 1460 προχειρίζεσθαι
1487 1391 1694 1444 οἰκονό-

1804 1389 2025 1460 speciali
2060 1390 2390 1445 auctoritate
2435 1390 2618 1444 licebit
2648 1404 2990 1444 oeconomum
3023 1389 3075 1441 in
3112 1386 3233 1456 ejus
3276 1386 3376 1440 Ec-

150 1479 303 1543 μονὲν
318 1481 383 1550 τῇ
411 1479 583 1534 αὐτοῦ
610 1480 937 1552 Ἐκκλησίαν
957 1480 1219 1544 ὡσαύτως
1245 1480 1467 1544 καὶτοῖς
1489 1499 1696 1553 μητρο-

1804 1478 1968 1534 clesia
2009 1479 2300 1549 praeﬁcere.
2336 1478 2602 1533 Similiter
2631 1488 2683 1533 et
2719 1478 3176 1548 metropolitanis,
3210 1476 3255 1531 si
3282 1476 3376 1547 qui

149 1570 394 1634 πολίταις,
425 1572 475 1624 εἰ
510 1573 561 1625 οἰ
589 1572 681 1625 ὑπ’
713 1572 909 1634 αὐτοὺς
940 1572 1230 1624 ἐπίσκοποι
1257 1573 1317 1625 ού
1351 1571 1691 1643 προαιροῦν-

1802 1570 1883 1625 eis
1912 1571 2146 1625 subsunt
2177 1570 2444 1640 episcopi,
2486 1571 2663 1626 nolint
2709 1570 2763 1625 in
2797 1571 2914 1625 suis
2940 1568 3199 1625 Ecclesiis
3226 1583 3374 1624 oeco-

149 1663 544 1734 ταιοίκονόμους
562 1666 974 1735 ἐγκαταστῆσαι
998 1664 1055 1717 ὲν
1070 1666 1187 1727 ταῖς
1213 1663 1422 1717 ἑαυτῶν
1460 1662 1696 1735 Ἐκκλη-

1804 1676 1995 1719 nemos
2015 1662 2372 1719 constituere.
2414 1662 2527 1720 Hoc
2556 1663 2736 1734 ipsum
2772 1674 2953 1719 autem
2979 1661 3187 1718 servari
3211 1661 3371 1716 etiam

152 1753 274 1816 σίαις
305 1770 318 1784 ·
341 1754 403 1808 τὸ
418 1754 552 1809 αύτδ
575 1754 633 1809 δὲ
659 1750 1019 1825 φυλάττεσθαι
1040 1756 1134 1808 καὶ
1167 1755 1261 1808 ὲπὶ
1290 1754 1401 1808 τῶν
1428 1772 1697 1826 μοναστη-

725 1750 1019 1810 ,λάττεσθαι
1040 1756 1134 1808 καὶ
1167 1755 1261 1808 ὲπὶ
1290 1754 1401 1808 τῶν
1428 1772 1697 1826 μοναστη-
1804 1754 1859 1808 in
1931 1757 2297 1813 monasteriis.

188 1861 289 1899 ιων.

188 1861 289 1899 ιων.

154 1861 199 1915 ρ(
237 1936 524 2003 Θεοφίλου
548 1936 619 1990 ἐκ
648 1935 753 1991 τοῦ
789 1935 1268 2007 ’Υπομνηστικοῦ
1285 1938 1487 1994 κανὼν
1514 1939 1582 1996 θ’.
1724 1969 1726 1977 ι

1724 1923 1768 1979 Β
2041 1925 2311 1995 Theophili
2341 1940 2407 1979 ea:
2436 1924 2853 1980 Commonitorio
2903 1938 3073 1977 canon
3104 1927 3160 1978 '3.

208 2024 268 2079 θ’.
298 2026 457 2080 Ὥστε
486 2026 684 2103 γνώμῃ
728 2006 937 2094 παντὸς
965 2029 1059 2083 τοῦ
1087 2030 1379 2101 ἰερατείου,
1412 2033 1703 2103 οἰκονόμον

1867 2016 1923 2073 9.
1958 2012 2032 2072 Ut
2070 2016 2237 2071 totius
2276 2014 2631 2069 sacerdotalis
2676 2013 2888 2069 ordinis
2921 2011 3191 2068 sententia
3236 2006 3374 2065 alius

149 2116 511 2188 ἀποδειχθῆναι
542 2100 754 2190 ἕτερον,
786 2120 872 2190 ἐφ’
891 2115 936 2190 ᾧ
968 2100 1277 2177 συντίθεται
1305 2124 1444 2177 καἰὸ
1471 2100 1699 2179 ἐπισκο-

1800 2108 2142 2162 renuntietur
2176 2120 2526 2170 (economus,
2563 2105 2616 2159 in
2647 2120 2757 2174 quo
2786 2104 2980 2174 Apollo
3013 2116 3232 2173 quoque
3255 2100 3372 2172 epi-

150 2224 236 2271 πος
271 2208 561 2277 Ἀπόλλων,
603 2211 741 2284 πρὸς
765 2212 826 2267 τὸ
853 2214 923 2268 τὰ
960 2216 1060 2287 τῇς
1093 2213 1422 2287 Ἐκκλησίας
1449 2218 1532 2281 εἰς
1575 2216 1694 2271 δέον

1803 2212 1998 2269 sc0pus
2013 2197 2312 2261 consensit,
2340 2205 2400 2252 ut
2422 2197 2561 2251 bona
2580 2194 2850 2250 ‘Ecclesire
2879 2196 2934 2249 in
2970 2209 3033 2249 ea
3061 2209 3181 2251 aute
3213 2206 3375 2262 opor-

150 2300 538 2358 ἀναλίσκεσθαι.

1795 2298 1873 2345 tet
1906 2290 2312 2358 impendantur.

214 2391 273 2445 Ἦ
303 2392 377 2463 λβ¹
403 2394 555 2450 διάτ.
592 2396 689 2451 τοῦ
727 2396 777 2465 γ’
835 2398 942 2452 τίτ.
986 2397 1082 2451 τοῦ
1140 2396 1191 2452 α’
1239 2397 1379 2469 βιὸλ.
1416 2399 1508 2453 τοῦ
1562 2400 1693 2457 κῶδ.

1867 2382 2084 2437 Teztus.
2116 2381 2307 2438 Const.
2343 2380 2434 2445 32,
2460 2380 2544 2436 tit.
2581 2380 2636 2444 3,
2665 2379 2760 2434 lib.
2798 2394 2838 2443 ι,
2867 2379 2992 2435 cod.
3025 2393 3372 2435 oeconomum

148 2482 274 2551 λέγει
296 2485 381 2539 τὸν
401 2488 690 2559 οἰκονόμον
731 2490 927 2560 χρῆναι
980 2490 1130 2561 παρὰ
1159 2490 1254 2544 τοῦ
1282 2493 1578 2547 ἐπισκόπου
1609 2494 1697 2562 γί-

1803 2473 1866 2529 ab
1904 2475 2160 2543 episcopo
2193 2473 2307 2529 ﬁeri
2338 2482 2589 2542 oportere
2631 2471 2785 2526 dicit.
2819 2471 2885 2525 Et
2913 2480 3091 2527 const.
3126 2472 3186 2524 ll
3228 2471 3375 2538 ejus-

149 2577 339 2631 νεσθαι·
366 2580 460 2633 καὶ
489 2583 522 2651 ἡ
556 2557 644 2651 μα’
672 2557 939 2636 διάτίτοῦ
967 2557 1132 2636 αὐτοῦ
1161 2583 1268 2637 τίτ.
1292 2584 1531 2638 ὃτικατά
1553 2557 1699 2639 δοκι-

1798 2565 1919 2618 dem
1950 2564 2033 2619 tit.
2059 2578 2154 2634 per
2177 2563 2613 2633 explorationem
2740 2558 2880 2619 ﬁeri.
2908 2566 2926 2585 '
2975 2557 3162 2615 Const.
3255 2558 3327 2612 24
3350 2598 3366 2623 ,

152 2672 331 2738 paulu
355 2649 570 2741 γίνεται
599 2690 614 2706 ο
648 2676 760 2747 ἡδὲ
781 2674 857 2729 κδ’
886 2675 982 2730 τοῦ
1008 2673 1051 2746 β’
1078 2675 1183 2730 τιτ.
1206 2677 1289 2729 ὅτι
1317 2676 1398 2729 δεῖ
1418 2678 1543 2740 τοὺς
1557 2678 1701 2731 οἰκο-
1806 2652 1891 2708 δὴ·
1947 2649 1983 2703 2
2003 2689 2018 2711 ν
2120 2656 2265 2723 q‘wd
2302 2664 2565 2747 ,θροηθδῖ
2598 2666 2918 2747 ωθοηοφυδ
2970 2651 3239 2747 δίηῧυιίδξ
3288 2651 3377 2704 νει

148 2762 321 2830 νόμους
370 2766 510 2819 κατὰ
555 2742 697 2837 μῆνα
724 2767 759 2839 ἢ
789 2767 852 2821 τὸ
901 2742 1168 2839 μήκιστον
1224 2767 1362 2837 ὑπὲρ
1393 2767 1507 2834 δύο,
1543 2768 1700 2836 λογο-

1803 2757 2079 2800 summum
2117 2746 2344 2801 alternis
2378 2746 2659 2801 mensibus
2680 2744 2825 2814 apud
2856 2744 3099 2798 arcarios
3134 2742 3375 2798 rationes

148 2856 301 2906 ποιεῖν
331 2855 465 2927 πρὸς
680 2832 999 2930 ἀρ’καρίους,
1024 2860 1146 2913 ἐπεὶ
1184 2832 1574 2925 κινδυνεύουσι,
1604 2832 1700 2917 καὶ

1806 2836 2114 2903 conﬁcere,
2166 2838 2371 2907 alioqui
2428 2836 2746 2906 periclitari.
2804 2835 2905 2899 Et,
2960 2834 3106 2903 quod
3144 2832 3378 2903 quisque

149 2942 220 2995 ὅτι
247 2945 464 3012 ἕκαστος
499 2949 607 3019 μὲν
652 2928 937 3018 οἰκονόμος
986 2951 1142 3021 ζητεῖ
1161 2952 1228 3005 τὰ
1257 2952 1354 3019 τῆς
1384 2952 1477 3021 ὑφ’
1506 2953 1699 3008 ἑαυτὸν

1804 2944 2123 2985 (economus
2149 2940 2359 3001 quaerat
2388 2946 2509 3001 qua:
2542 2945 2654 2985 suae
2682 2928 3174 2983 administrationis
3205 2936 3331 2981 sunt
3362 2942 3376 2980 :

130 3032 460 3105 ;διοικήσεως,
492 3039 551 3092 οἱ
600 3039 659 3093 δὲ
705 3040 883 3094 λοιποὶ
930 3019 1071 3095 κατά
1111 3019 1701 3115 πρόσταξιννάγραφον

1806 3022 1999 3091 reliqui
2035 3035 2167 3075 vero
2218 3021 2517 3077 secundum
2558 3020 2863 3091 jussionem
2912 3019 3237 3090 patriarchae
3268 3033 3378 3073 non

153 3122 233 3175 τοῦ
259 3128 596 3199 πατριάρχου
624 3132 735 3193 τοῖς
749 3129 1028 3201 λογισμοῖς
1065 3110 1465 3203 ὑπογράφουσι,
1601 3110 1697 3189 άν-

1808 3113 2071 3183 scriptam
2104 3114 2447 3179 rationibus,
2496 3112 2885 3179 subscribant,
2943 3113 3044 3182 legi
3079 3129 3092 3166 :
3124 3110 3380 3182 quodque

155 3212 305 3312 frvth
330 3231 345 3249 ’
384 3220 477 3272 καί
534 3218 600 3272 τὸ
654 3220 823 3290 χωρὶς
850 3221 950 3290 τῆς
981 3221 1235 3293 τοιαύτης
1264 3226 1695 3294 παρατηρήσεως

1810 3205 1946 3259 citra
1980 3205 2122 3261 hanc
2150 3205 2586 3261 observationem
2616 3206 2669 3259 in
2702 3206 2971 3260 rationem
2995 3204 3300 3269 deducitur,
3327 3203 3379 3257 id

1828 3297 1842 3312 ι
2304 3300 2315 3311 ι
2403 3289 2528 3312 Δ-..ι
2628 3291 2691 3312 ΩΑ
2775 3292 2823 3312 ιι
2947 3295 3005 3312 ιο.
3105 3298 3135 3312 ι-
3323 3311 3332 3312 κ
3364 3296 3378 3312 I

157 3302 488 3375 λογιζόμενον,
517 3289 815 3363 οἴκοθενοί
841 3289 1114 3382 οἰκονόμοι
1141 3289 1388 3365 διδόασιλ
1610 3315 1698 3386 μα’
1728 3289 1773 3312 υ
1812 3297 1881 3353 de
1915 3314 2017 3353 suo
2046 3300 2317 3354 (Βεοηοηιί
2399 3289 2550 3348 dem'
2626 3291 2695 3347 Et
2763 3292 2825 3346 Μ
2856 3333 2870 3359 ν
2946 3295 3031 3350 m'
3104 3298 3138 3352 δ
3162 3341 3178 3366 ν
3236 3296 3383 3365 (1⁸θά

156 3396 235 3450 τοῦ
254 3397 410 3466 γ’τίτ.
434 3402 516 3455 ὅτι
547 3404 661 3454 κατ’
679 3403 923 3457 ἐνιαυτὸν
963 3404 992 3456 ὁ
1012 3404 1297 3474 οἰκονόμος
1346 3406 1706 3475 παρατίθεται

1813 3388 2046 3457 singulis
2070 3405 2140 3459 qu
2160 3390 2373 3459 busque
2394 3391 2554 3443 annis
2581 3403 2898 3444 (economus
2922 3388 3163 3442 rationes
3195 3388 3383 3442 reddat

157 3486 291 3556 λόγον
310 3491 407 3561 τῆς
433 3493 607 3547 αὑτοῦ
645 3494 961 3566 διοικήσεως
988 3495 1065 3565 τῷ
1100 3497 1409 3568 ὲπισκόπῳ,
1452 3500 1548 3551 καὶ
1566 3500 1708 3551 ἀπο-

1812 3485 2023 3535 tractus
2055 3479 2138 3534 sui
2165 3480 2440 3549 episeOpo,
2475 3488 2531 3534 et
2558 3480 2833 3541 restituat,
2868 3478 2913 3532 si
2945 3480 3089 3548 quod
3122 3480 3381 3533 damnum

158 3578 346 3636 δίδωσιν
372 3584 423 3636 εῐ
451 3601 504 3637 τι
539 3588 681 3656 φανῇ
723 3585 928 3656 βλάψας
961 3586 994 3657 ἢ
1030 3587 1297 3658 κερδήσας
1319 3605 1331 3619 ·
1362 3566 1411 3643 εἰ
1443 3590 1501 3643 δὲ
1524 3592 1708 3647 τελευ-

1814 3569 2053 3638 dedisse,
2090 3582 2182 3626 aut
2208 3571 2420 3626 lucrum
2448 3570 2643 3625 fecisse
2683 3570 2960 3623 videatur.
3015 3566 3073 3622 Si
3101 3583 3231 3623 vero
3261 3579 3385 3623 ante

158 3672 293 3742 τὴσει
316 3676 417 3746 πρὸ
441 3676 556 3730 τῶν
581 3678 878 3747 λογισμῶν,
911 3679 1227 3732 ὑπόκεινται
1266 3681 1474 3745 τούτοις
1498 3685 1545 3736 οἰ
1577 3682 1709 3756 κλη-

1817 3660 2106 3735 [redditas]
2145 3664 2382 3718 rationes
2422 3662 2709 3727 moriatur,
2740 3660 2850 3715 illis
2874 3660 3117 3714 liaeredes
3146 3659 3265 3729 ejus
3302 3666 3383 3713 te-

163 3765 351 3835 ρονόμοι
394 3768 566 3822 αὑτοῦ
595 3785 607 3798 ·
644 3769 926 3822 ὑπόκειται
973 3769 1082 3840 γὰρ
1136 3771 1231 3824 καὶ
1260 3772 1367 3825 ὐπὸ
1416 3750 1706 3844 ῥᾳθυμίας,

1816 3756 1956 3809 neri.
1996 3754 2191 3809 Teneri
2220 3756 2365 3809 enim
2406 3754 2475 3809 ob
2504 3754 2921 3825 negligentiam,
2965 3761 3061 3807 aut
3114 3752 3157 3807 si
3207 3750 3382 3825 [quid]

160 3858 242 3909 καὶ
275 3860 362 3912 tam
388 3861 622 3934 ἀπόροις
655 3861 919 3915 ὲκδώσει’
958 3864 992 3933 ἡ
1026 3864 1081 3917 δὲ
1107 3862 1150 3934 β’
1180 3864 1320 3918 διὰτ.
1368 3866 1463 3919 τοῦ
1492 3866 1538 3936 β’
1565 3843 1568 3844 ⁷
1599 3868 1705 3924 τιτ.

1817 3847 1884 3902 iis
1918 3847 2010 3916 qui
2042 3847 2303 3901 solvendo
2322 3862 2430 3901 non
2450 3856 2577 3901 sunt
2594 3845 2909 3900 elocaverit.
2929 3843 3099 3898 Porro
3124 3843 3158 3895 2
3183 3847 3382 3905 const.,

161 3947 251 3999 τῶν
274 3950 518 4022 Νεαρῶν,
554 3953 887 4023 ἀπαγορεύει
929 3957 1043 4018 τοῖς
1062 3957 1388 4027 οἰκονόμοις.
1418 3935 1513 4012 καί
1536 3961 1711 4031 ὀρφα-

1818 3939 1903 3992 tit.
1939 3955 1957 3992 ι
2009 3938 2385 4003 Novellarum,
2423 3938 2697 3993 interdicit
2729 3937 3053 4002 ozeonomis,
3102 3946 3155 3990 et
3183 3935 3386 4005 orpha-

162 4043 431 4110 νοτρόφοις,
461 4047 564 4100 καὶ
583 4046 881 4117 διοικηταῖς
908 4050 1018 4101 τῶν
1047 4049 1249 4103 λοιπῶν
1281 4050 1495 4119 εύαγῶν
1522 4055 1708 4120 οἴκων,

1818 4029 2142 4098 notrOphis,
2198 4040 2250 4083 et
2284 4028 2617 4097 reliquarum
2674 4028 3066 4082 venerabilium
3124 4027 3386 4081 domuum

163 4130 230 4185 tu
259 4134 356 4205 μὴν
383 4139 475 4191 καὶ
504 4140 621 4201 τοῖς
638 4139 855 4193 πάντων
870 4140 1307 4211 χαρτουλαρίοις,
1338 4117 1430 4197 καί
1455 4147 1565 4208 τοῖς
1585 4117 1709 4199 τούέ

1818 4117 2328 4186 dispensatoribus,
2393 4130 2556 4188 atque
2626 4117 2849 4187 insuper
2938 4131 3388 4185 quarumcunque

161 4239 253 4278 των
290 4228 502 4295 γονεῦσι
553 4232 647 4284 καί
675 4206 986 4297 παισὶξκαὶ
1014 4235 1127 4296 τοῖς
1150 4206 1309 4287 -κατά
1359 4235 1513 4303 γένος
1608 4238 1711 4305 γά-

1819 4206 2131 4281 [domuum]
2157 4209 2530 4272 ebartulariis,
2563 4218 2618 4262 et
2655 4209 2851 4263 borum
2881 4207 3199 4277 parentibus
3226 4206 3387 4262 simul

167 4328 249 4379 μον
271 4317 443 4383 αὐτοῖς
477 4322 929 4391 συναπτομένοις,
965 4321 1345 4390 ὲμφυτεύσεις,
1382 4325 1477 4377 κα)⁵
1509 4325 1713 4394 μισθῶ-

1817 4312 1872 4357 et
1902 4303 2104 4368 liberis,
2130 4312 2184 4358 et
2213 4304 2336 4358 aliis
2365 4302 2525 4372 337
2560 4318 2759 4373 genere
2807 4302 2940 4372 ipsis
2993 4312 3087 4356 aut
3130 4301 3388 4357 allinitate

165 4420 281 4471 σεις,
311 4410 401 4461 καί
422 4410 706 4481 ὑποθήκας
720 4411 1061 4482 πραγμάτων
1090 4412 1198 4466 τῶν
1225 4413 1439 4481 εύαγῶν
1467 4414 1651 4478 οἴκων,
1676 4417 1709 4488 ἦ

1818 4395 2148 4462 conjunctis,
2187 4410 2255 4448 ne
2276 4396 2679 4463 emphytcuses,
2710 4404 2802 4447 aut
2832 4394 3151 4459 locationes,
3180 4404 3272 4448 aut
3304 4395 3389 4466 hy-

164 4494 220 4548 δι’
260 4499 481 4566 ἑαυτῶν,
517 4502 553 4573 ἢ
616 4501 703 4556 διά
750 4502 1099 4573 παρενθέτων
1134 4504 1443 4575 προσώπων
1497 4485 1711 4577 λαμϐά-ζ

1820 4486 2079 4553 pothecas
2104 4500 2285 4539 rerum
2318 4485 2721 4539 venerabilibus
2768 4486 3019 4542 domibus
3056 4487 3388 4559 [competen-

166 4602 260 4639 νειν
289 4604 302 4619 ο
339 4590 457 4644 ἐπεὶ
480 4592 578 4644 καὶ
620 4592 681 4644 τὸ
700 4592 1048 4662 συνάλλαγμα
1080 4592 1402 4663 ἀκυροῦται,
1433 4596 1527 4648 καὶ
1558 4576 1710 4650 πᾶσα

1818 4576 1977 4648 tium]
2006 4577 2087 4631 vel
2117 4592 2214 4647 per
2231 4592 2289 4632 se
2320 4576 2405 4631 vel
2430 4592 2523 4645 per
2548 4576 2896 4647 interpositas
2923 4595 3185 4649 personas
3216 4580 3389 4633 susci-

165 4676 194 4744 ἡ
226 4682 497 4751 περιουσία
534 4681 645 4735 τῶν
676 4684 976 4753 οἰκονόμων
1006 4687 1100 4738 καὶ
1156 4686 1566 4757 χαρτουλαρίων
1611 4688 1706 4742 καὶ

1816 4668 2260 4739 piant.Alioquin
2294 4666 2598 4739 [inquiens]
2625 4677 2681 4723 et
2704 4679 3018 4725 contractus
3050 4670 3235 4723 irritus
3266 4671 3388 4733 erit,

166 4766 424 4841 διοικητῶν
444 4768 525 4837 οἷς
552 4774 695 4828 κατὰ
721 4774 811 4828 τὸν
831 4776 1122 4844 εἰρημένον
1142 4777 1342 4846 τρόπον
1403 4778 1706 4833 συνάπτον-

1817 4769 1867 4817 et
1898 4775 2334 4824 oeconomorum,
2362 4769 2415 4815 et
2443 4761 2926 4827 chartulariorum,
2966 4772 3021 4817 et
3046 4764 3389 4834 dispensato-

165 4873 258 4925 ται,
280 4865 354 4927 εἰς
380 4866 470 4920 τὸν
500 4866 677 4936 εὐαγῆ
703 4862 869 4933 οἷκον,
908 4866 967 4931 ἐξ
1007 4858 1069 4919 οὗ
1122 4866 1184 4920 τὸ
1236 4870 1467 4939 πρᾶγμα
1500 4870 1712 4942 λαμϐά-

1815 4871 1961 4919 rum,
1994 4854 2196 4923 quibus
2248 4852 2373 4926 [illi]
2407 4856 2667 4925 praedicto
2701 4857 2865 4912 modo
2910 4856 3189 4925 conjuncti
3238 4864 3387 4918 sunt,

167 4966 317 5022 νουσι,
345 4959 693 5029 περιέρχεται
724 4958 859 5029 μετὰ
888 4959 987 5028 τὴν
1012 4958 1192 5013 αὐτῶν
1215 4955 1491 5032 τὶλευτήν.

1817 4945 2136 4999 universum
2169 4945 2560 5015 patrimonium
2597 4954 2718 5015 post
2752 4946 2994 5015 ipsorum
3047 4954 3279 5000 mortem
3322 4945 3386 4998 ad

1817 5037 2185 5093 venerabilem
2217 5038 2466 5104 domum,
2517 5038 2663 5093 unde
2696 5053 2812 5094 rem
2852 5046 3233 5108 susceperunt,
3266 5052 3388 5107 per-

1813 5129 2013 5183 veniet.

224 5217 467 5279 ΚΕΦΔΔ.
496 5222 574 5278 B’.
609 5252 680 5266 —-
708 5221 849 5293 Περι
906 5220 1260 5291 διοικήσεως
1280 5221 1398 5277 τῶν
1424 5222 1711 5294 ἐκκλησιρ

1880 5216 2033 5275 CAP.
2065 5218 2129 5277 IL
2153 5251 2220 5266 —-
2257 5220 2336 5277 De
2348 5223 2656 5293 patrimonii
2676 5222 3023 5277 ecclesiastici
3043 5220 3386 5277 administra-

169 5310 410 5369 αστικῶν
434 5314 813 5385 πραγμάτων.

402 5332 410 5347 ⁵
434 5314 813 5385 πραγμάτων.
1814 5311 1974 5365 tione.

436 5409 809 5463 Ἀποστόλων
840 5405 1041 5463 κανὼν
1064 5405 1168 5478 )η’,
1208 5413 1281 5477 μ’,
1316 5414 1428 5477 μα’.

2092 5400 2472 5475 Apostolorum
2504 5419 2731 5459 canones
2772 5403 2862 5467 38,
2898 5402 2989 5465 40,
3012 5401 3101 5457 «Η.

228 5496 321 5568 λη’.
349 5501 570 5557 Πάντων
615 5502 723 5556 τῶν
772 5500 1240 5571 ὲκκλησιαστικῶν
1290 5499 1630 5571 πραγμάτων
1680 5501 1711 5553 δ

1885 5498 1975 5555 58.
2011 5499 2126 5572 [37]
2148 5499 2403 5554 Omnium
2435 5512 2616 5551 rerum
2638 5495 3132 5551 ecclesiasticarum
3172 5494 3386 5563 episco-

171 5586 438 5655 ἐπίσκοπος
477 5594 643 5664 ἐχέτω
686 5596 785 5665 τὴν
835 5593 1109 5665 φροντίδα,
1143 5595 1233 5648 καὶ
1272 5593 1543 5648 διοικείτω
1571 5591 1710 5646 αὐτὰ

1815 5606 1918 5662 pus
1946 5607 2134 5647 curam
2162 5598 2333 5661 gerat,
2381 5599 2434 5644 et
2457 5603 2550 5644 eas
2592 5587 2937 5642 administret
2986 5595 3244 5655 tanquam
3277 5583 3386 5638 Deo

174 5675 237 5741 ὥς
275 5680 362 5735 τοῦ
397 5683 531 5738 Θεοῦ
564 5686 867 5757 ἐφορῶντος
899 5701 913 5716 ·
954 5686 1028 5758 μὴ
1055 5686 1253 5754 ἐξεῖναι
1287 5686 1343 5740 δὲ
1378 5684 1526 5766 αύτῴ
1576 5701 1707 5755 σφε-

1814 5683 2077 5741 intuente.
2105 5682 2183 5739 Ne
2207 5684 2369 5738 liceat
2395 5688 2575 5736 autem
2606 5695 2670 5735 ex
2700 5678 2779 5735 eis
2805 5678 3007 5745 aliquid
3056 5678 3158 5733 sibi
3209 5676 3377 5731 vindi-

236 5856 278 5893 τ’
299 5860 466 5919 Cone.
489 5862 767 5930 Chalccd.,
791 5880 909 5937 cun.
954 5863 1044 5920 26.
