3980 6402
588 469 692 535 819

1674 456 1940 519 PHOTII
1974 454 2480 519 PATRIARCH/E
2512 458 2623 519 CP-
3715 448 3797 512 890

591 596 736 646 care,
764 576 850 635 vel
897 573 1134 648 propriis
1166 572 1434 645 cognatis,
1486 585 1608 642 qum
1651 568 1745 624 Dei
1779 577 1928 633 sunt,
1960 569 2167 640 largiri.

2287 570 2589 641 τερίζεσθαί
2626 586 2680 622 τι
2731 567 2791 632 ἐξ
2835 566 3035 631 αὐτῶν,
3079 565 3112 636 ἦ
3148 562 3461 633 συγγενέσιν
3504 562 3538 633 ἢ
3587 561 3716 626 ίδίοις
3745 565 3801 618 τὰ

592 675 691 729 Sin
730 681 911 728 autem
974 678 1103 725 sunt
1147 681 1435 738 pauperes,
1477 674 1538 720 ut
1580 662 1911 734 pauperibus
1972 677 2170 732 suppe-

592 768 760 822 ditet:
792 763 885 820 sed
911 777 1017 817 non
1044 775 1231 817 eorum
1257 765 1520 830 praetextu
1544 755 1743 812 vendat
1771 770 1893 826 quae
1922 763 2050 811 sunt
2069 754 2170 810 Ec-

591 859 791 914 clesim.

660 952 751 1006 40.
788 947 902 1021 [59]
935 946 1228 1001 Manifestae
1264 943 1372 1000 sint
1415 944 1648 1015 episcopi
1690 960 1774 999 res
1804 946 2054 1015 probriae,
2091 942 2170 998 si-

593 1046 809 1114 quidem
862 1058 947 1095 res
987 1042 1143 1094 habet
1186 1038 1452 1108 proprias,
1496 1048 1550 1094 et
1601 1038 1897 1093 manifestae
1948 1053 2035 1091 res
2062 1036 2169 1090 Do-

592 1138 803 1191 rninicze
845 1154 858 1189 :
898 1143 957 1188 ut
1016 1137 1081 1189 sit
1136 1134 1189 1186 in
1255 1142 1518 1201 potestate
1570 1132 1856 1187 morientis
1905 1130 2165 1200 episcopi,

590 1226 807 1297 propria
841 1225 1038 1295 quibus
1072 1225 1186 1277 vult
1217 1232 1270 1275 et
1320 1223 1435 1275 vult
1470 1222 1795 1291 relinquere,
1834 1229 1887 1275 et
1945 1238 2047 1274 non
2085 1236 2171 1273 re-

592 1321 858 1389 linquere,
903 1326 956 1371 et
999 1332 1108 1370 non
1157 1332 1339 1370 rerum
1388 1316 1881 1370 ecclesiasticarum
1907 1321 2169 1384 praetextu

590 1428 678 1466 res
721 1410 960 1480 episcopi
990 1409 1359 1479 intercipiunt,
1394 1408 1486 1478 qui
1530 1423 1916 1477 nonnunquam
1946 1420 2170 1461 uxorem

592 1506 756 1558 habet
777 1512 829 1557 et
862 1504 1085 1565 liberos.
1116 1503 1198 1555 vel
1214 1511 1492 1572 cognatos,
1515 1502 1598 1556 vel
1626 1500 1878 1556 famulos.
1906 1501 1998 1555 Est
2025 1499 2171 1554 enim

588 1596 799 1666 justum
828 1594 873 1626 ⁷³
903 1594 1044 1663 apud
1090 1593 1256 1647 Deum
1286 1599 1340 1647 et
1396 1593 1671 1657 homines,
1702 1601 1759 1646 ut
1811 1607 1909 1646 nec
1928 1590 2171 1647 Ecclesia

590 1693 851 1747 damnum
888 1691 1109 1762 aliquod
1150 1692 1385 1760 accipiat
1429 1700 1653 1760 pr0pter
1688 1705 1872 1744 rerum
1929 1688 2172 1758 episcopi

591 1784 987 1854 ignorationem
1015 1800 1028 1837 :
1056 1799 1156 1838 nec
1186 1783 1474 1853 episc0pns
1504 1783 1586 1836 vel
1608 1782 1728 1852 ejus
1752 1781 1965 1850 cognati
1991 1779 2174 1835 Eccle-

590 1878 685 1929 siae
718 1885 981 1946 praetextu
1015 1876 1450 1945 proscribantur,
1486 1875 1570 1930 vel
1600 1875 1652 1928 in
1696 1876 1908 1944 negotia
1945 1874 2174 1942 litesque

591 1968 859 2034 incidant,
897 1969 993 2038 qui
1024 1968 1089 2022 ad
1118 1983 1242 2022 eum
1278 1969 1535 2032 attinent,
1561 1976 1611 2021 et
1638 1967 1758 2037 ejus
1799 1975 2029 2022 mortem
2053 1980 2172 2019 ma-

593 2059 809 2115 ledictis
839 2057 1207 2125 infaustisque
1237 2056 1418 2111 verbis
1451 2064 1871 2126 prosequantur.

665 2151 833 2222 338
854 2152 911 2204 4t
952 2148 1087 2221 [40].
1124 2148 1385 2204 Jubemus
1417 2149 1735 2220 episeOpum
1778 2164 1958 2202 rerum
1987 2148 2176 2203 Eccle-

593 2244 690 2299 siae
731 2252 1057 2313 potestatem
1107 2242 1308 2297 habere
1332 2240 1400 2296 ⁷⁸.
1452 2241 1510 2296 Si
1533 2242 1676 2296 enim
1714 2242 1964 2311 pretiosae
1999 2241 2178 2295 homi-

594 2352 725 2393 num
751 2336 947 2390 anima:
983 2340 1112 2390 sunt
1140 2335 1189 2388 ei
1223 2334 1525 2399 credendae,
1566 2333 1738 2388 multo
1768 2333 1940 2404 magis
1970 2333 2017 2385 ei
2052 2338 2180 2387 sunt

594 2426 1001 2483 committendae
1027 2428 1302 2497 pecunia,
1331 2436 1384 2482 et
1410 2428 1462 2481 in
1512 2426 1633 2496 ejus
1663 2427 1732 2482 sit
1773 2425 2035 2479 facultate
2058 2440 2179 2479 om-

594 2520 683 2574 nia
719 2519 1127 2584 administrare,
1147 2528 1200 2573 et
1230 2519 1298 2574 iis
1329 2520 1422 2589 qui
1447 2528 1604 2587 egent
1626 2533 1722 2588 per
1752 2517 2100 2588 presbyteros
2127 2524 2182 2570 et

596 2613 862 2668 diaconos
917 2612 1311 2667 subministare
1345 2627 1467 2666 cum
1523 2611 1616 2664 Dei
1667 2611 1884 2675 timore,
1932 2618 1985 2663 et
2029 2609 2177 2663 omni

595 2706 881 2776 religione,
935 2714 989 2760 et
1032 2706 1221 2770 etiam,
1266 2706 1313 2760 si
1367 2704 1439 2759 sit
1485 2719 1654 2773 opus,
1704 2705 1757 2757 in
1810 2701 2179 2757 necessarium

598 2814 761 2853 suum
792 2813 951 2852 usum
985 2798 1257 2865 accipere,
1289 2804 1343 2849 et
1366 2795 1594 2849 fratrum
1633 2794 1725 2866 qui
1770 2794 2008 2864 hospitio
2035 2794 2184 2850 exci-

597 2888 849 2957 piuntur,
907 2886 980 2941 ita
1035 2895 1094 2940 ut
1132 2886 1248 2956 ipse
1297 2885 1448 2941 nullo
1482 2886 1646 2939 modo
1690 2893 1865 2954 egeat.
1897 2883 2007 2939 Lex
2038 2886 2182 2940 enim

599 2976 696 3037 Dei
726 2978 829 3031 hoc
858 2976 1045 3041 habet,
1071 2976 1241 3045 utqui
1274 2975 1435 3028 altari
1468 2975 1734 3039 assident,
1766 2990 1829 3029 ex
1856 2974 2010 3028 altari
2034 2974 2187 3029 alan-

601 3080 691 3123 tur
721 3070 766 3101 ⁷⁸
800 3089 812 3125 :
847 3070 1291 3139 quandoquidem
1318 3085 1419 3126 nec
1460 3070 1617 3128 miles
1658 3086 1897 3143 unquam
1941 3086 2043 3128 suo
2070 3069 2187 3127 via-

602 3161 714 3218 tico
739 3162 1005 3221 adversus
1035 3164 1221 3223 hostes
1242 3163 1607 3237 progreditur.

853 3428 1081 3484 Concilii
1111 3429 1420 3487 Antiochem’
1458 3448 1681 3486 canones
1718 3431 1808 3498 24,
1843 3430 1935 3486 25.

674 3521 766 3577 24.
801 3521 966 3578 Recte
999 3525 1181 3589 habet,
1232 3535 1288 3580 ut
1318 3542 1378 3580 ea
1425 3543 1547 3596 quat
1579 3526 1841 3581 Ecclesiae
1865 3566 1880 3589 ,
1929 3523 2187 3581 Ecclesia)

608 3622 894 3669 serventur
920 3630 1043 3669 cum
1097 3616 1249 3669 omni
1300 3617 1425 3671 boni
1461 3618 1821 3681 conscientia,
1866 3625 1921 3671 et
1974 3616 2075 3671 fide
2131 3617 2186 3670 in

607 3702 855 3757 omnium
892 3703 1175 3773 praesidem
1233 3712 1288 3759 et
1328 3704 1565 3774 judicem
1603 3705 1772 3759 Deum
1804 3725 1817 3761 :
1853 3721 1974 3773 quae
2023 3705 2189 3759 etiam

610 3793 983 3848 administrari
1001 3782 1258 3849 convenit
1286 3812 1407 3849 cum
1436 3796 1667 3866 judicio,
1697 3806 1750 3850 et
1777 3806 2044 3866 potestate
2071 3797 2188 3867 epi-

611 3884 806 3953 scopi,
855 3884 945 3938 cui
998 3897 1085 3939 est
1138 3885 1318 3941 omnis
1353 3887 1588 3955 pepulus
1617 3887 1877 3950 creditus,
1912 3896 1966 3942 et
1997 3903 2187 3943 eorum

611 3975 811 4031 animae
844 3992 966 4044 quae
1021 3977 1074 4031 in
1131 3975 1430 4031 Ecclesiam
1462 3979 1814 4034 conveniunt.
1858 3980 1978 4034 Sint
2006 3989 2187 4035 autem

614 4066 908 4122 manifesta
936 4084 1056 4138 qua:
1086 4068 1153 4123 ad
1176 4067 1475 4123 Ecclesiam
1509 4071 1781 4138 pertinent
1828 4088 1953 4127 cum
2007 4073 2195 4141 cogni—

614 4156 764 4230 tione
786 4158 1230 4229 presbyterorum
1258 4166 1310 4213 et
1338 4160 1717 4227 diaconorum,
1755 4163 1848 4232 qui
1890 4171 2019 4217 sunt
2048 4165 2195 4218 circa

612 4264 761 4313 eum,
788 4259 846 4304 ut
870 4248 1046 4305 sciant
1077 4258 1132 4304 et
1172 4265 1276 4306 non
1328 4250 1582 4321 ignorent
1636 4268 1758 4323 qua:
1793 4262 1925 4309 sunt
1973 4254 2194 4324 propria

614 4341 895 4405 Ecclesiae,
930 4350 991 4396 ut
1024 4341 1159 4396 nihil
1189 4342 1337 4413 ipsos
1366 4344 1532 4399 lateat
1559 4364 1572 4399 :
1604 4354 1666 4399 ut
1695 4347 1739 4400 si
1769 4346 2052 4416 contingat
2077 4346 2195 4416 epi-

614 4448 845 4504 scopum
882 4450 913 4488 e
945 4434 1053 4489 vita
1093 4434 1350 4505 migrare,
1378 4436 1443 4491 iis
1468 4436 1776 4493 manifestis
1804 4437 2194 4494 exsistentibus

614 4542 738 4596 qua:
785 4527 851 4580 ad
891 4525 1191 4583 Ecclesiam
1226 4528 1517 4597 pertinent.
1556 4544 1623 4584 ne
1673 4544 1733 4584 ea
1782 4530 2111 4585 intercidant
2141 4540 2196 4585 et

613 4628 842 4690 pereant
872 4637 885 4673 :
915 4635 1013 4674 nec
1046 4636 1167 4690 qua:
1213 4632 1341 4676 sunt
1369 4622 1585 4690 propria
1631 4621 1891 4691 episcopi,
1928 4632 2190 4692 ριἰιξιεχιυ
2224 4644 2270 4702 ι)

613 4727 799 4766 rerum
830 4710 1330 4768 ecclesiasticarum
1352 4723 1637 4768 vexentur.
1670 4712 1766 4768 Est
1789 4713 1933 4769 enim
1960 4715 2190 4784 justum,

612 4815 667 4860 et
710 4806 853 4877 apud
888 4805 1059 4860 Deum
1099 4816 1154 4861 et
1185 4806 1439 4862 homines
1465 4817 1752 4877 acceptum
1777 4851 1791 4873 ,
1824 4818 1883 4863 ut
1910 4809 2200 4881 episcopus

616 4900 831 4970 propria
864 4902 1063 4970 quibus
1145 4895 1279 4953 velit
1345 4899 1639 4968 relinquat.
1709 4898 1841 4965 Quae
1868 4910 2197 4957 suntautem

612 4993 912 5057 Ecclesia},
971 4991 1077 5062 ipsi
1134 5000 1453 5055 serventur,
1507 4999 1559 5045 et
1597 4989 1762 5061 339
1807 5006 1910 5045 nec
1956 4992 2198 5048 Ecclesia

616 5086 884 5141 damnum
916 5084 1140 5154 aliquod
1172 5084 1462 5148 sustineat,
1490 5099 1591 5138 nec
1613 5084 1905 5152 episc0pns
1944 5082 2198 5141 Ecclesiae

613 5186 881 5249 praetextu
905 5175 1299 5246 proscribatur,
1334 5164 1418 5229 vel
1463 5174 1557 5244 qui
1590 5175 1658 5231 ad
1689 5189 1811 5228 eum
1849 5174 2100 5241 attinent,
2140 5176 2193 5229 in

614 5269 832 5340 negotia
870 5268 1113 5325 incidant
1145 5284 1269 5323 cum
1294 5283 1381 5334 eo,
1411 5267 1554 5337 quod
1587 5277 1640 5322 et
1682 5267 1861 5337 ipsum
1893 5275 2016 5337 post
2046 5282 2197 5323 mor-

617 5371 728 5416 tem
757 5361 920 5417 malis
940 5362 1195 5418 omnibus
1220 5371 1643 5433 prosequantur.

687 5629 779 5685 25.
826 5629 1127 5703 Episcopus
1150 5634 1347 5691 habeat
1367 5650 1548 5691 rerum
1580 5632 1834 5690 Ecclesiae
1852 5638 2199 5704 potestatem,

622 5730 684 5777 ut
709 5738 802 5779 eas
833 5724 888 5778 in
914 5740 1103 5784 omnes
1132 5739 1353 5799 egentes
1392 5728 1675 5800 dispenset
1702 5743 1826 5785 cum
1863 5726 2036 5782 multa
2069 5740 2202 5780 cau-

2276 663 2369 717 τοῦ
2399 663 2534 716 Θεοῦ
2574 660 2890 733 χαρίζεσθαι
2928 676 2942 691 ·
2974 660 3021 713 εί
3074 658 3133 712 δὲ
3177 659 3403 728 πένητες
3453 652 3579 717 εἷεν,
3619 654 3801 727 ἐπιχορ-

2277 756 2482 824 ηγείτω
2510 754 2583 818 ὼς
2614 754 2841 822 πένησιν
2875 768 2891 786 ο
2920 751 3057 806 ἀλλὰ
3093 750 3168 822 μὴ
3202 748 3473 822 προφάσει
3501 746 3709 813 τούτων,
3742 734 3804 800 τὰ

2276 850 2375 919 τῆς
2415 847 2739 916 Ἐκκλησίας
2772 843 3182 916 ἁπεμπολείτω.

2351 938 2425 1009 μ’.
2466 938 2647 991 Ἔστω
2694 936 2900 1006 φανερὰ
2937 933 3007 987 τὰ
3058 933 3166 987 ίδια
3221 932 3315 986 τοῦ
3364 928 3653 984 ἐπισκόπου
3691 925 3808 997 πρά-

2278 1028 2552 1100 γματα,εῐ
2576 1044 2638 1094 γε
2673 1028 2767 1080 καὶ
2798 1024 2902 1078 ίδια
2936 1024 3046 1093 ἔχει
3073 1039 3089 1055 ·
3113 1023 3208 1077 καὶ
3238 1020 3449 1092 φανερά
3479 1019 3546 1071 τά
3575 1017 3810 1087 Κυριακὰ,

2279 1124 2345 1176 ἵν’
2364 1121 2609 1189 ἐξουσίαν
2640 1118 2737 1189 ἔχῃ
2766 1117 2874 1171 τῶν
2914 1116 3057 1169 ίδίων
3077 1112 3345 1167 τελευτῶν
3367 1114 3395 1165 ὁ
3418 1110 3719 1173 ἐπίσκοπος,
3749 1104 3812 1170 οἷς

2283 1214 2529 1287 βούλεται
2559 1212 2651 1266 καλ⁸
2684 1211 2760 1274 ὡς
2795 1208 3044 1281 βούλεται
3086 1205 3409 1275 καταλεῖψαι
3440 1220 3454 1233 ⁸
3478 1204 3570 1256 καὶ⁸
3611 1202 3678 1271 μὴ
3707 1217 3812 1270 προ·

2280 1309 2441 1378 φάσει
2491 1306 2599 1359 τῶν
2654 1299 3123 1373 ὲκκλησιαστικῶν
3153 1297 3515 1369 πραγμάτων,
3546 1292 3814 1347 διαπίπτειν

2278 1400 2349 1452 τὰ
2382 1396 2475 1450 τοῦ
2507 1393 2831 1458 ἐπισκόπου,
2860 1390 2972 1443 ἐσθ’
3004 1391 3093 1443 ὅτε
3138 1389 3374 1457 γυναῖκα
3404 1383 3503 1439 καὶ
3531 1382 3710 1441 παῖδας
3740 1396 3813 1432 κε-

2280 1487 2576 1560 κτημένου,
2607 1486 2641 1556 ἢ
2679 1484 2962 1553 συγγενεῖς
2993 1480 3027 1551 ἢ
3066 1478 3303 1541 οίκέταςο
3338 1476 3548 1530 δίκαιον
3573 1468 3816 1541 γάρτοῦτο

2283 1578 2436 1650 παρὰ
2469 1576 2587 1647 Θεῷ
2626 1576 2720 1629 καὶ¹
2750 1572 3079 1643 ἀνθρώποις,
3111 1570 3171 1622 τὸ
3208 1570 3345 1639 μήτε
3374 1568 3475 1635 τὴν
3532 1560 3817 1629 Ἐκκλησίαν

2282 1670 2485 1739 ζημίαν
2524 1666 2646 1720 τινὰ
2696 1664 3011 1734 ὑπομένειν,
3038 1660 3232 1730 ἀγνοίᾳ
3262 1658 3371 1711 τῶν
3412 1654 3510 1709 τοῦ
3556 1650 3816 1707 ἐπισκόπου

2282 1760 2646 1834 πραγμάτων,
2682 1758 2819 1829 μήτε
2846 1756 2937 1810 τὸν
2958 1752 3257 1809 ἐπίσκοπον
3304 1750 3336 1819 ἦ
3368 1748 3497 1811 τοὺς
3528 1744 3686 1800 αὐτοῦ
3713 1758 3818 1834 cur:

2283 1830 2480 1922 γενεϊς,
2515 1850 2784 1921 προφάσει
2806 1848 2905 1915 τῆς
2932 1843 3273 1913 Ἑκκλησίας,
3304 1836 3638 1909 δημεύεσθαι
3660 1834 3720 1904 ’ἢ
3746 1830 3819 1886 καὶ

2201 1934 2248 1994 Β
2277 1948 2356 2009 είς
2406 1942 2708 2015 πράγματα
2762 1938 3059 2010 ἐμπίπτειν
3094 1935 3222 1997 τοὺς
3278 1930 3426 2002 αὐτῷ
3482 1927 3818 1998 διαφέροντας,

2278 2035 2373 2090 καὶ
2397 2035 2487 2087 τὸν
2513 2030 2678 2085 αὐτοῦ
2707 2030 2935 2083 θάνατον
2960 2023 3243 2097 δυσφημίᾳ
3273 2019 3707 2093 περιϐάλλεσθαι.

2353 2130 2463 2197 μα’.
2499 2122 2924 2193 Προστάσσομεν
2949 2117 3040 2171 τὸν
3077 2116 3374 2171 ἐπίσκοπον
3419 2112 3568 2183 ἔχειν
3611 2106 3820 2174 ἐξουσίαν

2276 2219 2384 2273 τῶν
2419 2216 2517 2285 τῆς
2557 2211 2885 2283 Ἐκκλησίας
2909 2208 3251 2281 πραγμάτων
3282 2224 3296 2238 °
3319 2206 3368 2258 εί
3403 2204 3517 2273 γὰρ
3550 2202 3645 2263 τὰς
3668 2197 3821 2269 τιμίας

2277 2308 2386 2362 τῶν
2411 2303 2714 2376 ἀνθρώπων
2770 2301 2947 2371 ψυχάς
2994 2299 3144 2368 αὐτῷ
3185 2295 3529 2358 πιστευτέον,
3567 2290 3733 2360 πολλῷ
3770 2290 3821 2341 ἅν

2277 2401 2385 2455 δέοι
2414 2396 2674 2468 περὶτῶν
2703 2395 2999 2466 χρημάτων
3018 2390 3360 2445 ἐντέλλεσθαι
3385 2404 3399 2418 ο
3425 2387 3571 2440 ὥστε
3596 2383 3723 2437 κατὰ
3746 2379 3821 2452 τὴν

2279 2489 2443 2545 αὐτοῦ
2477 2486 2723 2555 ἐξουσίαν
2769 2486 2947 2539 πάντα
2979 2480 3299 2536 διοικεῖσθαι
3328 2482 3441 2543 τοῖς
3479 2476 3737 2547 δεομένοις
3755 2471 3823 2525 διὰ

2278 2581 2386 2635 τῶν
2416 2575 2801 2650 πρεσϐυτέρων
2833 2574 2927 2628 καὶ
2965 2570 3249 2632 διακόνων,
3282 2570 3378 2622 καὶ
3405 2562 3821 2638 ἐπιχορηγείσθαι

2285 2672 2423 2744 μετὰ
2465 2669 2633 2739 φόϐου
2668 2666 2803 2721 Θεοῦ
2844 2666 2939 2718 καὶ
2980 2665 3162 2731 πάσης
3192 2660 3483 2723 εὐλαϐείας
3514 2673 3529 2688 ⁸
3584 2655 3823 2744 μεταλαμο

2282 2743 2464 2817 ϐάνειν
2495 2762 2553 2815 δὲ
2586 2759 2682 2814 καὶ
2720 2758 2882 2811 αὑτὸν
2913 2756 3022 2809 τῶν
3043 2754 3291 2819 δεόντων,
3313 2752 3430 2820 είγε
3469 2749 3637 2806 δέοιτο
3663 2746 3731 2808 είς
3748 2743 3824 2805 τὰς

2282 2854 2587 2925 ἀναγκαίας
2644 2850 2807 2907 αὐτοῦ
2859 2848 3071 2920 χρείας,
3122 2846 3218 2900 καὶ
3270 2845 3382 2899 τῶν
3428 2837 3824 2909 ἐπιξενουμένων

2284 2948 2549 3018 ἀδελφῶν,
2576 2946 2652 3009 ὡς
2699 2943 2842 2998 κατὰ
2879 2941 3084 3013 μηδένα
3131 2940 3331 3010 τρόπον
3368 2936 3572 2999 αὐτοὺς
3622 2929 3825 3001 ὑστερεῖ-

2288 3043 2441 3095 σθαισ
2468 3041 2496 3093 ό
2530 3039 2639 3109 γὰρ
2670 3036 2832 3107 νόμος
2859 3036 2953 3089 τοῦ
2995 3033 3133 3088 Θεοῦ
3160 3032 3465 3096 διετάξατο,
3498 3029 3624 3091 τοὺς
3665 3024 3735 3096 τῷ
3757 3023 3826 3075 θυ-

2288 3135 2594 3205 σιαστηρίῳ
2618 3128 3101 3202 προσεδρεύοντας,
3123 3128 3187 3179 ἐκ
3212 3124 3307 3179 τοῦ
3332 3120 3712 3191 θυσιαστηρίου
3726 3114 3826 3185 τρέ-

2290 3228 2482 3297 φεσθαι
2510 3242 2525 3257 ·
2570 3224 2804 3294 ἐπείπερ
2828 3221 2950 3274 οὐδὲ
2986 3221 3326 3289 στρατιώτης
3354 3217 3491 3269 ποτὲ
3535 3214 3679 3276 ἰδίοις
3715 3209 3829 3279 ὀψω-

2288 3323 2440 3385 νίοις,
2471 3319 2610 3374 ὅπλα
2639 3316 2780 3371 κατά
2802 3313 3076 3384 πολεμίων
3105 3311 3449 3382 ἐπιφέρεται.

2502 3412 2773 3468 Συνόδου
2811 3409 3167 3478 Ἀντιοχείας
3188 3405 3390 3460 κανὼν·
3418 3404 3523 3470 κδ’,
3558 3400 3655 3455 κε’.

2359 3510 2459 3564 κδ’.
2483 3508 2567 3560 Τὰ
2595 3506 2695 3576 τῆς
2723 3502 3071 3572 Ἐκκλησίας,
3091 3503 3157 3571 τῇ
3200 3496 3505 3567 Ἐκκλησία
3526 3492 3699 3553 καλῶς
3719 3488 3832 3557 ἔχειν

2295 3598 2659 3672 φυλάττεσθαι
2705 3597 2806 3661 δεῖ,
2845 3594 2982 3665 μετὰ
3029 3592 3210 3661 πάσης
3261 3587 3584 3659 ἐπιμελείας
3614 3581 3834 3672 xui-ﬁrm

2291 3668 2389 3765 θῆς
2430 3689 2788 3758 συνειδήσεως
2832 3685 2928 3739 καὶ
2979 3684 3218 3744 πίστεως
3250 3680 3349 3749 τῆς
3391 3678 3473 3739 εἰς
3504 3675 3598 3727 τὸν
3652 3668 3833 3723 πάντων

2291 3761 2483 3855 ἔφορον
2514 3782 2609 3835 καὶ
2640 3777 2834 3850 κριτὴν
2858 3775 3011 3829 Θεόνο
3042 3774 3077 3829 ἃ
3107 3774 3202 3827 καὶ
3244 3769 3571 3825 διοικεῖσθαι
3600 3761 3833 3855 προσήκει

2296 3852 2433 3949 μετὰ
2449 3876 2684 3947 κρίσεως
2718 3870 2811 3924 καὶ
2858 3868 3108 3933 ἐξουσίας
3133 3862 3228 3919 τοῦ
3284 3861 3616 3922 ἐπισκόπου,
3646 3852 3731 3949 τοῦ
3758 3865 3835 3901 πε·

2294 3947 2487 4023 πιστευ
2497 3967 2657 4039 μένου
2689 3964 2868 4017 πάντα
2887 3963 2977 4013 τὸν
2999 3960 3125 4014 λαὸν
3160 3958 3255 4011 καὶ
3282 3955 3384 4018 τὰς
3407 3953 3591 4023 ψυχὰς
3618 3947 3719 4001 τῶν
3741 3958 3837 4039 συν·

2294 4035 2576 4131 αγομένων
2599 4073 2614 4089 ·
2644 4054 2853 4126 φανερὰ
2900 4053 2958 4106 δὲ
3000 4048 3139 4105 εἶναι
3180 4050 3253 4103 τὰ
3285 4047 3615 4116 διαφέροντα
3654 4041 3712 4109 τῇ
3735 4035 3838 4131 *Ἐπ’

2294 4127 2512 4223 κλησίᾳ,
2552 4148 2692 4219 μετά
2721 4145 2977 4215 γνώσεως
3006 4142 3115 4196 τῶν
3145 4141 3273 4211 περὶ
3302 4138 3465 4192 αὐτὸν
3488 4127 3835 4223 πρεσϐυτέρων

2294 4221 2393 4299 καί
2421 4243 2684 4296 διακόνων
2702 4257 2717 4272 ’
2758 4237 2899 4292 ὥστε
2922 4233 3146 4297 τούτους
3176 4233 3398 4293 εἰδέναι,
3429 4230 3527 4283 καὶ
3553 4227 3627 4297 μὴ
3658 4221 3835 4290 ἀγνοεῖν

2294 4335 2414 4388 τίνα
2443 4332 2573 4385 ποτέ
2610 4331 2727 4383 ἐστι
2756 4328 2825 4381 τά
2852 4326 2961 4380 ἴδια
2992 4327 3092 4396 τῆς
3134 4321 3487 4387 Ἐκκλησίας,
3521 4317 3662 4369 ὥστε
3704 4306 3837 4382 μηδὲν

2294 4426 2493 4489 αὐτοὺς
2521 4422 2804 4477 λανθάνειν
2827 4435 2842 4450 ⁶
2863 4419 2930 4474 ἵν’
2954 4420 3004 4472 εί
3038 4416 3281 4487 συμϐαίη
3300 4414 3391 4467 τὸν
3418 4412 3709 4466 ἐπίσκοπον
3737 4416 3837 4472 μετ-

2295 4516 2577 4571 αλλάττειν
2617 4513 2711 4566 τὸν
2752 4511 2887 4583 βίον,
2926 4508 3178 4580 φανερῶν
3233 4506 3403 4559 ὄντων
3431 4503 3543 4557 τῶν
3592 4494 3837 4566 διαφερόν-

2296 4626 2403 4663 των
2427 4609 2495 4678 τῇ
2542 4604 2841 4675 Ἐκκλησία
2890 4602 3256 4673 πραγμάτων,
3314 4599 3453 4668 μήτε
3521 4593 3655 4648 αὐτὰ
3695 4584 3837 4641 διαπί·

2302 4717 2458 4754 πτειν
2504 4698 2597 4753 καὶ
2631 4695 2988 4759 ἀπόλλυσθαι,
3025 4693 3162 4763 μήτε
3198 4693 3266 4745 τά
3304 4691 3410 4744 ίδια
3440 4687 3537 4742 τοῦ
3578 4680 3835 4739 ἐπισκόπου

2299 4792 2656 4864 ἐνοχλεῖσθαι,
2682 4788 2953 4861 προφάσει
2982 4786 3089 4840 τῶν
3112 4779 3585 4852 ὲκκλησιαστικῶν
3624 4768 3836 4864 πραγμάῗ

2297 4860 2452 4938 των·
2488 4883 2695 4936 δίκαιον
2721 4860 2849 4952 ,γάρ
2899 4878 2993 4933 καὶ
3031 4875 3263 4948 ἀρεστὸν
3301 4872 3448 4943 παρά
3506 4889 3565 4925 τε
3620 4865 3727 4936 Θεῷ
3765 4860 3836 4915 καὶ

2299 4975 2624 5046 ἀνθρώποις,
2684 4943 2765 5027 τά,
2808 4943 2917 5026 ίδια
2960 4943 3429 5027 τοῦ-ἐπισκόπου,
3475 4960 3558 5024 οἷς
3601 4960 3665 5015 ἂν
3708 4953 3834 5013 αὐτὸς

2300 5074 2556 5148 βούληται
2606 5064 3137 5137 καταλιμπάνεσθαι,
3178 5062 3246 5115 τὰ
3296 5060 3480 5130 μέντοι
3644 5047 3835 5148 Ἐξκκλη-

2304 5138 2421 5230 σίας
2452 5164 2586 5233 αὐτῇ
2626 5156 2988 5231 φυλάττεσθαι
3016 5171 3030 5185 ⁸
3062 5154 3158 5208 καὶ
3224 5156 3360 5225 μήτε
3406 5149 3505 5220 τὴν
3550 5138 3835 5211 Ἐκκλησίαν

2304 5231 2595 5330 ὑπομένειν
2616 5254 2736 5307 τινὰ
2759 5252 2982 5322 ζημίαν,
3017 5250 3155 5318 μήτε
3174 5246 3263 5300 τὸν
3286 5244 3579 5298 ἐπίσκοπον
3604 5231 3833 5307 προφάσει

2305 5352 2402 5421 τῆς
2464 5345 2791 5417 Ἐκκλησίας
2843 5338 3255 5413 δημεύεσθαι,ἢ
3308 5337 3404 5391 καὶ
3453 5337 3531 5398 είς
3574 5330 3833 5421 πράγματα

2307 5443 2598 5514 ἐμπίπτειν
2618 5439 2742 5501 τοὺς
2772 5433 2917 5505 αύτῷ
2939 5431 3310 5503 διαφέροντας,
3339 5428 3476 5500 μετὰ
3498 5423 3587 5479 τοῦ
3603 5421 3688 5475 καὶ
3702 5412 3831 5468 αὑτὸν

2304 5534 2441 5609 μετά
2477 5533 2703 5586 θάνατον
2760 5526 3045 5597 δυσφημία
3074 5519 3519 5595 περιϐάλλεσθαι.

2370 5626 2469 5682 κε’.
2501 5625 2829 5679 Ἐπίσκοπον
2850 5595 2993 5692 ἔχειν
3014 5595 3122 5671 τῶν
3138 5617 3237 5686 τῆς
3273 5612 3592 5685 Ἐκκλησίας
3612 5595 3827 5692 πραγμά-

2298 5739 2407 5775 των
2439 5719 2711 5787 ἐξουσίαν,
2741 5715 2883 5769 ὥστε
2906 5715 3128 5769 διοικεῖν
3158 5711 3239 5775 είς
3272 5707 3480 5770 πάντας
3511 5702 3629 5763 τοὺς
3666 5685 3822 5760 δεομέ“

694 5900 996 5962 "Antioch.
1028 5922 1149 5963 can.
1173 5905 1265 5962 24.
1344 5905 1389 5940 τι
1421 5904 1644 5974 ρυωεὶι.
1682 5902 1769 5971 12,
1802 5917 1852 5958 c.
1876 5897 2183 5972 Prwcipimz

2307 5890 2554 5948 Antioch.
2589 5905 2711 5947 can.
2740 5889 2832 5945 ΞΒ.
2906 5888 2952 5923 ⁷⁸
2992 5888 3145 5944 Deut.
3179 5897 3333 5951 xvnt,
3379 5881 3403 5937 l
3433 5876 3634 5945 ;lCor.
3663 5862 3816 5927 13.15-
