3980 6434
173 402 405 482 821‘

979 412 1375 475 SYNTAGMA
1413 412 1797 474 CANDNUM.
1829 436 1898 448 --
1928 412 2073 472 ΤΙΤ.
2106 412 2188 487 Χ,
2220 412 2377 473 CAP-
2416 414 2529 476 III.

3300 416 3406 480 822

174 494 285 593 νους
314 526 453 598 μετά
484 526 665 596 πάσης
704 525 1010 590 εὐλαϐείας,
1036 528 1133 580 καὶ
1168 527 1334 596 φόϐου
1362 524 1498 578 Θεοῦ
1528 539 1542 555 ·
1571 541 1735 595 μετα-
1762 576 1765 585 ,

1850 526 1983 580 '.ione
2015 535 2068 580 et
2105 525 2193 580 Dei
2241 525 2436 580 timore
2468 544 2482 582 :
2515 527 2630 596 ipse
2653 537 2832 583 autem
2862 543 3076 595 eorum,
3105 545 3226 600 qua:
3266 547 3405 601 opus

175 617 462 691 λαμϐάνειν
501 620 561 673 δὲ
612 620 705 673 καὶ
739 620 898 673 αὑτὸν
943 620 1048 672 τῶν
1080 620 1323 685 δεόντων,
1363 618 1418 671 εί
1451 635 1514 685 γε
1546 618 1738 683 δέοιτο,

174 715 245 777 είς
262 713 360 776 τάς
386 710 693 779 ἀναγκαίας
723 710 883 764 αὐτοῦ
912 711 1100 781 χρείας
1156 714 1250 764 καὶ
1295 710 1406 763 τῶν
1433 708 1563 779 παρ’
1590 707 1738 777 αύτῷ

173 804 595 875 ἐπιξενουμένων
642 803 885 872 ἀδελφῶν
914 819 926 833 ·
979 803 1056 867 ὼς
1104 803 1246 855 κατὰ
1297 801 1499 872 μηδένα
1542 800 1741 871 τρόπον

174 895 359 957 αὐτοὺς
422 894 813 964 ὑστερεῖσθαι,
863 892 1005 946 κατά
1052 893 1142 946 τὸν
1206 891 1348 945 θεῖον
1422 889 1743 943 ’Δπόστολον

174 986 709 1053 λέγοντα,”Εχον-τες
721 983 1039 1051 διατροφὰς
1055 982 1152 1036 καὶ
1172 979 1592 1048 σκεπάσματα,
1608 979 1742 1033 τού-

174 1092 288 1141 τοις
316 1075 817 1144 ἀρκεσθησόμεθα
847 1089 861 1104 ·
893 1076 941 1127 εί
970 1074 1025 1126 δὲ
1056 1072 1129 1144 μὴ
1157 1072 1364 1133 τούτοις
1390 1072 1629 1140 ἀρκοίτο,
1653 1086 1744 1139 με·

175 1166 417 1221 ταϐάλλοι
446 1165 505 1218 δὲ
532 1165 601 1218 τά
630 1166 935 1236 πράγματα
962 1166 1042 1227 είς
1073 1163 1281 1223 οἰκείας
1303 1160 1495 1215 ἑαυτοῦ
1520 1162 1737 1230 χρείας,

177 1258 262 1311 καὶ
290 1257 417 1320 τοὺς
442 1256 646 1327 πόρους
666 1257 766 1326 τῆς
800 1254 1145 1325 Ἐκκλησίας,
1166 1255 1200 1324 ἢ
1248 1253 1374 1316 τοὺς
1406 1252 1515 1305 τῶν
1554 1246 1742 1322 ἀγρῶν

178 1348 432 1418 καρποὺς,
468 1346 545 1416 μὴ
582 1347 720 1416 μετά
761 1345 988 1416 γνώμης
1019 1345 1127 1398 τῶν
1156 1342 1597 1415 πρεσϐυτέρωνῆ
1625 1344 1741 1397 δια-

179 1437 337 1489 κόνων
362 1435 619 1506 χειρίζοι,
649 1434 763 1488 ἀλλ’
798 1434 1017 1497 οίκείοις
1063 1431 1252 1495 αὑτοῦ,
1284 1432 1381 1485 καὶ
1403 1431 1738 1500 συγγενέσιν,

176 1528 205 1598 ἦ
237 1527 504 1596 ἀδελφοῖς,
531 1527 565 1597 ἢ
600 1529 735 1590 υίοίς
763 1526 1101 1597 παράσχοιτο
1128 1523 1223 1593 τὴν
1258 1522 1528 1588 ἐξουσίαν,
1562 1524 1638 1585 εἰς
1680 1522 1741 1575 τὺ

174 1623 253 1675 διὰ
272 1623 375 1675 τῶν
410 1623 677 1675 τοιούτων
702 1621 1003 1692 λεληθότως
1037 1618 1367 1691 βλάπτεσθαι
1400 1618 1525 1680 τοὺς
1552 1616 1742 1685 λόγους

176 1712 264 1781 τῆς
298 1709 651 1780 Ἐκκλησίας,
680 1708 867 1763 τοῦτον
899 1708 1128 1771 εὐθύνας
1158 1709 1422 1779 παρέχειν
1455 1708 1520 1776 τῇ
1540 1704 1740 1775 συνόδῳ

176 1803 262 1873 τῆς
287 1802 560 1872 ἐπαρχίας
582 1818 596 1830 ·
620 1803 669 1855 εί
694 1801 751 1854 δὲ
777 1802 872 1855 καὶ
906 1800 1080 1864 ἄλλως
1107 1792 1440 1853 διαϐάλλοιτο
1463 1799 1492 1850 ὁ
1520 1797 1739 1850 ἐπίσκο-

1841 625 1945 681 est,
1987 616 2057 669 sit
2084 616 2358 686 particeps
2397 615 2465 669 ad
2498 631 2631 671 usus
2676 617 3035 684 necessarios,
3078 628 3132 673 et
3174 618 3405 676 fratrum

1841 704 1933 774 qui
1969 706 2108 773 apud
2147 720 2269 759 eum
2319 705 2555 775 hospitio
2602 707 2967 776 excipiuntur,
3023 718 3083 762 ut
3120 710 3222 778 ipsi
3254 711 3405 764 nullo

1842 796 2004 849 modo
2035 796 2315 863 priventur
2347 797 2648 852 secundum
2677 798 2918 853 divinum
2939 801 3284 868 Apostolum,
3311 802 3404 871 qui

1840 887 1972 941 dicit
2004 905 2017 940 :
2056 887 2316 941 Habentes
2360 900 2539 943 autem
2566 891 2815 942 alimenta
2842 900 2891 943 et
2921 890 3108 960 quibus
3142 901 3404 961 tegamur.

1841 978 1907 1031 iis
1929 980 2154 1032 contenti
2174 979 2369 1034 erimus
2398 981 2463 1035 ⁷⁸.
2504 979 2598 1035 Sin
2629 988 2810 1036 autem
2844 981 2914 1036 iis
2942 998 3048 1036 non
3078 983 3150 1038 sit
3178 993 3405 1038 conten-

1840 1078 1952 1134 tus,
1981 1080 2034 1124 et
2056 1085 2142 1124 res
2175 1069 2229 1123 in
2260 1071 2514 1141 proprios
2555 1086 2687 1127 usus
2719 1082 3023 1136 convertat,
3064 1083 3118 1128 et
3152 1072 3405 1129 Ecclesia!

1838 1159 2163 1224 reditus,vel
2184 1172 2435 1229 agrorum
2464 1160 2671 1215 fructus
2692 1177 2800 1215 non
2822 1177 2946 1217 eum
2966 1164 3404 1234 presbyterorum

1838 1251 1923 1306 vel
1952 1251 2308 1305 diaconorum
2344 1252 2613 1307 sententia
2643 1253 2987 1308 administret
3008 1294 3023 1319 ,
3050 1255 3143 1309 sed
3171 1255 3285 1310 suis
3311 1269 3404 1311 co-

1839 1342 2041 1414 gnatis,
2079 1342 2165 1396 vel
2200 1342 2481 1405 fratribus,
2531 1345 2613 1398 vel
2664 1346 2789 1401 [iliis
2821 1346 3056 1417 praebeat
3096 1346 3403 1411 facultates,

1839 1442 1899 1487 ut
1926 1446 2019 1501 per
2048 1430 2289 1486 rationes
2316 1430 2575 1488 Ecclesiaa
2606 1432 2837 1489 latenter
2874 1436 3137 1490 laidantur
3158 1476 3172 1501 ,
3219 1436 3266 1491 is
3316 1437 3404 1491 det

1840 1521 2050 1592 synodo
2079 1521 2374 1591 provincia:
2421 1523 2710 1579 rationem.
2749 1524 2844 1579 Sin
2877 1534 3059 1581 autem
3086 1529 3247 1582 etiam
3271 1527 3405 1581 alias

1839 1612 2184 1666 insimuletur
2211 1613 2522 1683 episcopos,
2544 1614 2628 1669 vel
2654 1615 2746 1684 qui
2779 1624 2909 1670 sunt
2937 1630 3061 1670 cum
3095 1631 3159 1671 eo
3180 1616 3406 1686 presby-

1842 1704 1969 1770 teri,
1993 1704 2137 1772 quod
2168 1718 2290 1772 quae
2310 1706 2585 1774 pertinent
2614 1708 2679 1761 ad
2695 1706 3011 1772 Ecclesiam,
3037 1708 3120 1762 vel
3143 1723 3205 1761 ex
3236 1707 3404 1776 agris,

1837 1796 1920 1850 vel
1940 1811 2007 1850 ex
2027 1811 2353 1866 quacunque
2374 1798 2481 1853 alia
2501 1813 2666 1854 causa
2690 1800 3082 1863 ecclesiastica,
3104 1799 3170 1853 ad
3197 1800 3406 1869 seipsos

180 1912 286 1959 πος,
318 1894 350 1965 ἢ
372 1896 421 1947 οἱ
448 1896 550 1948 σὺν
574 1892 723 1964 αύτῷ
749 1893 1128 1965 πρεσϐύτεροι,
1149 1891 1223 1954 ὼς
1247 1890 1315 1944 τά
1332 1892 1398 1961 τῇ
1442 1888 1737 1959 Ἐκκλησία

1850 1888 2096 1953 referant,
2128 1895 2185 1942 ut
2214 1903 2481 1957 pauperes
2511 1890 2731 1961 quidam
2757 1891 3159 1961 opprimantur,
3186 1899 3240 1945 et
3263 1891 3407 1944 invi-

176 1986 510 2055 διαφέροντα,
544 1986 662 2056 ἤτοι
689 1985 748 2050 ἐξ
780 1986 985 2055 ἀγρῶν,
1021 1984 1055 2056 ἢ
1090 1983 1149 2047 ἐξ
1177 1982 1369 2052 ἐτέρας
1411 1981 1732 2051 προφάσεως

179 2074 650 2145 ἐκκλησιαπικῆς,
678 2077 757 2139 είς
788 2073 1013 2138 ἑαυτοὺς
1060 2072 1481 2143 ἀποφερόμενοι.
1506 2071 1581 2134 ὡς
1616 2070 1731 2122 θλί-

179 2164 352 2218 ϐεσθαι
373 2166 469 2234 μὲν
491 2166 620 2228 τοὺς
647 2165 907 2236 πένητας,
938 2163 1188 2233 διαϐολὴν
1213 2164 1268 2215 δὲ
1300 2163 1393 2214 καὶ
1425 2159 1734 2229 δύσφημίαν

1840 1978 1931 2033 dia
1963 1993 2026 2033 ac
2059 1978 2285 2034 infamia
2310 1982 2475 2035 verbo
2509 1981 2782 2047 inuratur,
2827 1991 2882 2037 et
2910 1983 2978 2038 iis
3006 1982 3097 2052 qui
3130 1985 3209 2038 sic
3236 1982 3409 2037 admi-

1838 2071 2071 2125 nistrant
2119 2088 2133 2125 :
2192 2071 2229 2125 ii
2291 2087 2509 2142 quoque
2570 2075 2966 2129 correctionem
3027 2081 3399 2143 assequamur

1840 2170 2028 2216 sancta
2059 2163 2269 2233 synodo
2296 2162 2348 2217 id
2389 2164 2535 2231 quod
2563 2164 2719 2218 decet
2761 2164 3125 2219 examinante.

182 2254 596 2325 προστρίϐεσθαι
625 2253 701 2323 τῷ
731 2270 792 2306 τε
826 2253 969 2323 λόγῳ
1022 2254 1115 2306 καὶ
1143 2254 1256 2315 τοῖς
1280 2250 1424 2304 οὕτω
1456 2248 1737 2316 διοικοῦσι,
1780 2250 1875 2304 καὶ
1934 2249 2158 2315 τούτους
2220 2251 2554 2322 διορθώσεως
2583 2254 2868 2324 τυγχάνειν
2898 2272 2911 2286 ·
2941 2256 3002 2307 τὸ
3024 2254 3233 2326 πρέπον
3254 2255 3402 2309 δοκι-

183 2347 444 2416 μαζούσης
470 2348 575 2417 τῆς
604 2346 763 2414 ἁγίας
786 2345 1022 2400 συνόδου.

181 2439 465 2507 Κυρίλλου
493 2438 567 2490 ἐκ
586 2437 694 2505 τῆς
723 2436 871 2506 πρὸς
895 2438 1123 2505 Δόμνον
1140 2433 1487 2503 ἐπιστολῆς,
1506 2450 1646 2502 κεφ.
1667 2432 1731 2504 β’.

244 2526 303 2598 β’.
332 2528 413 2582 Τά
443 2527 503 2580 δὲ
543 2527 742 2593 ἀδίκως
774 2526 1043 2599 ληφθέντα
1076 2526 1205 2598 παρ’
1235 2525 1398 2580 αὑτοῦ
1442 2526 1733 2598 χρήματα,

183 2637 231 2674 κ.
247 2636 294 2672 τ.
322 2618 373 2674 λ.

344 2710 640 2779 Θεοφίλου
668 2707 735 2763 ἐκ
752 2707 859 2763 τοῦ
880 2706 1331 2778 ὑπομνηστικοῦ
1357 2724 1488 2776 nego.
1527 2704 1578 2760 ι’.

247 2797 295 2855 ι’.
321 2801 385 2853 Δί
407 2805 580 2873 χῆραι
596 2802 687 2854 καὶ
704 2802 751 2853 οἱ
776 2800 1004 2870 πένητες
1029 2801 1124 2854 καὶ
1146 2801 1194 2852 οἱ
1221 2797 1737 2871 παρεπιδημούντες

189 2890 312 2954 ξένοι
337 2892 519 2963 πάσης
551 2892 911 2954 ἀναπαύσεως
939 2891 1359 2945 ἀπολαυέτωσαν
1395 2906 1410 2922 ’
1443 2890 1535 2945 καὶ⁹
1560 2890 1632 2962 μή
1656 2906 1740 2953 τις

187 2985 246 3099 crit
277 2984 371 3052 τῆς
402 2984 731 3055 Ἐκκλησίας
779 2984 1139 3037 ἰδιοποιείσθω
1175 3000 1189 3015 °
1214 2983 1584 3055 ἀφιλάργυρον
1630 2981 1739 3053 γὰρ
1768 3040 1811 3099 C

190 3070 314 3129 εἶναι
337 3077 413 3131 δεῖ
433 3078 527 3131 τὸν
560 3076 871 3147 λειτουργὸν
896 3075 991 3129 τοῦ
1015 3073 1172 3128 Θεοῦ.

252 3167 420 3221 Πολλά
448 3168 553 3237 μὲν
594 3167 809 3239 εἴρηται
860 3167 957 3220 καὶ
999 3165 1129 3237 περὶ
1161 3165 1261 3235 τῆς
1292 3164 1606 3234 διοικήσεως
1637 3163 1747 3218 τῶν

191 3257 642 3327 ὲκκλησιαστικῶν
678 3263 1039 3329 πραγμάτων,
1071 3258 1129 3311 ἐν
1176 3257 1255 3328 τῷ
1298 3254 1342 3326 β’
1395 3255 1503 3310 τίτ.
1553 3255 1648 3310 τοῦ
1699 3255 1747 3310 α’

192 3348 315 3418 βιϐλ.
356 3348 448 3403 τοῦ
501 3350 632 3405 κώδ.
658 3350 748 3403 καὶ
782 3349 842 3402 ἐν
879 3348 1151 3419 διαφόροις
1191 3347 1297 3401 τῶν
1323 3348 1551 3419 Νεαρῶν
1585 3349 1746 3413 διατ.,

192 3440 272 3492 καὶ
300 3441 569 3509 ἀνάγνωθι
597 3442 686 3494 τὸν
708 3439 752 3511 β’
773 3440 872 3493 τίτ.
896 3440 1003 3493 τῶν
1028 3438 1206 3493 αὐτῶν
1238 3438 1486 3510 Νεαρῶν,
1523 3440 1616 3492 καὶ
1642 3439 1746 3509 μά-

192 3530 331 3585 λιστα
364 3534 460 3604 τὴν
486 3526 533 3603 β’
578 3531 743 3586 αὐτοῦ
790 3532 880 3585 καὶ
908 3529 957 3600 γ’
985 3531 1130 3585 δίατ.
1182 3529 1541 3600 περιεχούσας
1572 3530 1749 3584 πάντα

192 3623 250 3674 τὰ
276 3625 395 3695 περὶ
422 3624 893 3694 ἐκκλησιαστικῶν
930 3622 1246 3693 διοικήσεων
1284 3621 1381 3674 καὶ
1416 3622 1745 3692 προνομίων.

197 3716 430 3771 ΚΕΦΑΛ.
459 3716 613 3771 I".--
635 3717 772 3785 Περὶ
791 3715 1149 3784 πραγμάτων
1177 3712 1275 3766 καὶ
1294 3714 1610 3782 προσόδων
1630 3711 1749 3767 τῶν

557 3805 981 3859 ἀνεπισκόπων
1006 3800 1397 3868 Ἐκκλησιῶν.

505 3895 773 3950 Συνόδου
809 3893 1095 3964 Ἀγκύρας
1112 3893 1316 3949 κανὼν
1345 3898 1426 3946 ιε’.

255 3982 331 4039 ιε’.
356 3986 491 4058 Περὶ
523 3986 633 4039 τῶν
653 3986 1017 4057 διαφερόντων
1055 3985 1133 4057 τῷ
1164 3982 1446 4056 Κυριακῷ,
1478 3983 1578 4038 ὅσα
1623 3984 1745 4037 ἐπι-

198 4075 377 4129 σκόπου
411 4079 488 4147 μὴ
519 4077 671 4140 ὄντος
710 4076 1070 4147 πρεσϐύτεροι
1115 4075 1428 4146 ἐπώλησαν,
1460 4074 1745 4129 ἀνακαλεῖ-

202 4164 305 4217 σθαι
330 4168 387 4220 τὸ
416 4169 694 4239 Κυριακόν
722 4186 735 4198 ·
766 4169 824 4221 ἐν
879 4168 935 4220 δὲ
977 4170 1044 4239 τῇ
1090 4167 1270 4237 κρίσει
1296 4168 1390 4221 τοῦ
1448 4167 1745 4220 ἐπισκόπου

200 4250 337 4322 εἶναι,
361 4263 465 4314 εἴτε
488 4264 756 4332 προσήκει
785 4260 1076 4315 ἀπολαϐεῖν
1097 4260 1195 4330 τὴν
1211 4259 1377 4329 τιμὴν
1403 4261 1528 4322 τοὺς
1562 4258 1746 4322 κακῶς

2008 2433 2196 2505 Cyrilli
2224 2450 2288 2489 ex
2314 2435 2538 2505 epistola
2564 2434 2632 2488 ad
2671 2436 2965 2502 Damnum,
2994 2452 3113 2505 cap.
3155 2436 3213 2491 2.

1901 2525 1956 2581 2.
1997 2523 2286 2581 Pecuniam
2334 2537 2512 2582 autem
2557 2542 2679 2597 quae
2745 2543 2841 2598 per
2881 2527 3224 2598 injustitiam,
3277 2536 3408 2599 etc.,

1834 2626 1893 2672 ut
1921 2634 2044 2688 pag.
2076 2617 2203 2675 579.

1998 2706 2160 2779 340
2192 2707 2457 2778 Theophili
2495 2711 2925 2777 commonitorio,
2951 2728 3070 2781 cap.
3119 2712 3208 2767 10.

1916 2798 2003 2854 10.
2035 2799 2222 2855 Viduae
2258 2812 2309 2856 et
2340 2817 2599 2873 pauperes
2630 2813 2685 2859 et
2735 2806 3142 2876 peregrinantes
3174 2805 3411 2877 hospites

1846 2887 1994 2943 omni
2019 2888 2203 2960 quiete
2231 2888 2481 2948 fruantur
2502 2933 2518 2961 ,
2557 2903 2612 2950 et
2639 2909 2800 2950 nemo
2830 2908 2893 2949 ea
2921 2909 3042 2965 qua:
3075 2906 3201 2951 sunt
3228 2895 3411 2951 Eccle-

1846 2981 1942 3038 siae
1967 3022 1983 3049 ,
2015 2991 2073 3038 ut
2096 2998 2192 3039 sua
2224 2994 2467 3056 usurpet.

1922 3159 2137 3215 Textus.
2168 3162 2332 3218 Multa
2358 3164 2425 3219 de
2452 3179 2634 3220 rerum
2661 3166 3154 3222 ecclesiasticarum
3182 3164 3414 3220 admini-

1849 3254 2112 3309 stratione
2137 3254 2283 3310 dicta
2316 3266 2443 3311 sunt
2487 3258 2541 3311 in
2582 3257 2666 3313 tit.
2695 3258 2751 3325 2,
2786 3258 2882 3315 lib.
2911 3271 2959 3322 ι,
2994 3258 3116 3313 cod.
3145 3268 3199 3312 et
3230 3256 3416 3312 multis

1847 3341 2191 3400 Novellarum
2216 3348 2723 3405 constitutionibus.
2762 3350 2935 3421 Legas
2976 3366 3100 3405 vero
3133 3350 3218 3404 tit.
3243 3349 3278 3402 2
3302 3347 3414 3403 No-

1847 3436 2132 3500 vollarum,
2170 3444 2223 3492 et
2261 3441 2561 3508 praesertim
2609 3441 2644 3494 2
2688 3451 2742 3497 et
2772 3442 2806 3496 5
2893 3442 3013 3511 ejus
3064 3448 3241 3495 const.
3296 3455 3417 3509 qua

1848 3530 2314 3599 comprehendunt
2343 3548 2681 3603 quaecunque
2719 3534 2784 3588 ad
2814 3533 3211 3589 ecclesiasticas
3238 3530 3415 3587 admi-

1848 3621 2201 3677 nistrationes
2245 3632 2298 3678 et
2330 3624 2607 3695 privilegia
2637 3627 2937 3696 pertinent.

1847 3708 1999 3765 CAP.
2032 3709 2122 3767 ΙΙΙ.
2154 3740 2223 3754 -ο
2252 3714 2327 3768 De
2358 3714 2509 3769 rebus
2549 3726 2596 3769 et
2629 3715 2917 3770 redditibus
2940 3713 3299 3771 Ecclesiarum
3327 3729 3416 3769 va-

2497 3808 2751 3861 cautium.

2201 3894 2426 3951 Concilii
2471 3897 2741 3968 Ancyrani
2774 3915 2943 3952 canon
2970 3898 3059 3953 15.

1926 3986 2013 4041 15.
2059 3986 2138 4042 Ex
2178 3987 2248 4044 iis
2292 4005 2413 4059 quae
2449 3991 2721 4059 pertinent
2769 3991 2836 4045 ad
2868 3990 3242 4058 Dominicum,
3276 4006 3415 4062 quae.

1846 4093 2084 4150 cunque,
2120 4080 2248 4136 dum
2289 4096 2398 4137 non
2430 4092 2572 4138 esset
2592 4082 2876 4152 episcopus
2899 4123 2913 4147 ,
2958 4082 3259 4154 presbyteri
3288 4099 3418 4138 ven-

1846 4178 2124 4241 diderunt,
2145 4192 2402 4233 revocare
2434 4176 2772 4233 Dominicum
2800 4195 2814 4232 :
2848 4179 3087 4249 episcopi
3117 4188 3297 4233 autem
3326 4178 3416 4248 ju-

1846 4265 1990 4320 dicio
2030 4265 2264 4335 relinqui
2297 4305 2313 4332 ,
2352 4280 2421 4320 an
2472 4274 2725 4335 oporteat
2766 4269 2998 4335 pretium
3046 4268 3318 4336 recipere,
3349 4280 3415 4320 an

201 4348 585 4421 ὼνησαμένους,
618 4352 726 4405 εἴτε
744 4353 837 4405 καὶ
861 4351 954 4422 μὴ,
971 4351 1059 4405 διὰ
1080 4350 1140 4403 τὸ
1165 4350 1427 4413 πολλάκις
1447 4350 1546 4419 τὴν
1576 4348 1746 4418 πρόσ-

1852 4372 2009 4413 non:
2076 4365 2264 4427 utpote
2305 4356 2448 4425 quod
2491 4371 2679 4410 eorum
2727 4372 2848 4425 quae
2885 4366 3013 4413 sunt
3046 4357 3262 4414 vendita
3287 4396 3302 4422 ,
3336 4358 3417 4412 eis

202 4436 304 4491 οδον
328 4440 429 4493 τῶν
479 4443 848 4514 πεπραμένων
877 4440 1273 4496 ἀποδεδωκέναι
1308 4439 1490 4502 αὐτοῖς
1542 4437 1753 4503 τούτοις

1855 4448 1989 4519 ipsis
2028 4448 2206 4519 majus
2237 4447 2472 4518 pretium
2508 4444 2820 4501 reddiderit.

203 4526 401 4587 πλείονα
427 4536 531 4604 τὴν
565 4534 754 4603 τιμήν.

444 4624 716 4681 Συνόδου
746 4621 1130 4688 Χαλκηδόνος
1150 4619 1352 4675 κανὼν
1384 4627 1482 4674 κε’.

264 4714 353 4770 κε’.
406 4718 736 4788 Ἐπειδήπερ
782 4716 924 4779 τινὲς
960 4713 1070 4767 τῶν
1116 4711 1523 4784 μητροπολιτῶν
1555 4714 1629 4777 ὡς
1657 4728 1756 4765 πε-

210 4813 552 4884 ριηχήθημεν,
584 4831 637 4867 κ.
666 4830 718 4868 τ.
749 4813 798 4867 λ.

358 4901 626 4955 Συνόδου
646 4898 1061 4969 οἱκουμενικῆς
1077 4900 1254 4966 ἕκτης
1278 4898 1474 4953 κανὼν
1498 4899 1589 4954 λε’.

263 4987 350 5045 λε’.
369 4994 458 5066 Μὴ
482 4994 683 5061 ἐξέστω
709 4994 816 5047 τινὶ
836 4993 941 5046 τῶν
963 4995 1179 5047 πάντων
1212 4991 1644 5064 μητροπολιτῶν,
1668 5009 1757 5045 τε-

207 5074 483 5149 λευτῶντος
519 5086 837 5151 ἐπισκόπου,
872 5085 1155 5149 τελοῦντος
1185 5087 1289 5139 ὑπὸ
1310 5086 1400 5138 τὸν
1433 5086 1551 5139 κατ’
1591 5085 1753 5139 αὐτὸν

210 5168 393 5241 θρόνον,
421 5177 492 5230 τά
519 5176 684 5231 αὑτοῦ
712 5177 1031 5249 πράγματα,
1059 5178 1091 5249 ἢ
1120 5178 1217 5247 τῆς
1268 5178 1388 5231 κατ’
1421 5176 1581 5230 αὑτὸν
1627 5178 1749 5229 Ἐκ-

210 5257 413 5331 κλησίας
446 5267 794 5336 ἀφαιρεῖσθαι
829 5267 861 5339 ἢ
892 5266 1303 5338 σφετερίζεσθαι
1325 5282 1339 5296 ο
1374 5265 1489 5321 ἀλλ’
1514 5265 1616 5320 ὑπὸ
1647 5283 1755 5318 πα-

214 5352 503 5427 ραφυλακὴν
529 5357 769 5412 ἔστωσαν
807 5357 900 5411 τοῦ
946 5358 1149 5428 κλήρου
1188 5356 1635 5426 τῆςἝκκλησίας
1689 5350 1754 5427 ἧς

213 5436 568 5518 ὁτελευτήσας
608 5449 869 5521 ἐτύγχανε
915 5450 1193 5521 πρόεδρος,
1234 5448 1393 5519 μέχρι
1427 5448 1526 5518 τῆς
1559 5448 1747 5519 ἑτέρου

216 5530 484 5592 ἐπισκόπου
530 5544 881 5615 προαγωγῆς,
909 5542 1063 5605 ἐκτὸς
1114 5542 1163 5593 εί
1197 5541 1273 5612 μὴ
1303 5541 1554 5610 κληρικοὶ
1589 5542 1646 5593 ἐν
1686 5543 1750 5611 τῇ

217 5620 336 5705 ςιῧτῇ
377 5628 667 5703 Ἐκκλησία
692 5633 790 5705 οὐχ
830 5632 1231 5704 ὑπελείφθησαν
1262 5644 1277 5663 ⁶
1306 5630 1605 5704 τηνικαῦτα
1650 5632 1755 5701 γὰρ

2135 4621 2359 4676 Concilii
2391 4619 2826 4676 Chalcedonensis
2856 4636 3025 4674 canon
3046 4619 3135 4675 25.

1923 4713 2014 4769 25.
2075 4712 2345 4779 Quoniam
2395 4712 2645 4767 nonnulli
2689 4712 3124 4783 metropolitani,
3172 4720 3305 4780 etc.,
3362 4724 3418 4767 ut

1859 4805 2137 4877 pag.tas.

2160 4896 2386 4951 Concilii
2418 4896 2718 4950 meumenici
2745 4911 2797 4950 vi
2822 4911 2991 4950 canon
3025 4896 3116 4952 55.

1925 4989 2014 5047 55.
2048 4986 2192 5043 Nulli
2218 4988 2464 5043 omnium
2500 4987 3040 5055 metropolitanorum
3072 4988 3251 5053 liceat,
3276 5005 3417 5044 mor-

1854 5092 1949 5137 tuo
1971 5083 2248 5152 episcopo,
2284 5081 2377 5150 qui
2401 5080 2520 5149 ejus
2553 5079 2746 5133 throno
2776 5081 2984 5144 subest,
3012 5096 3100 5135 res
3120 5079 3315 5149 ipsius,
3338 5082 3417 5134 vel

1852 5170 2110 5227 Ecclesiae
2158 5171 2277 5241 ejus
2302 5169 2537 5231 auferre,
2567 5168 2650 5223 vel
2688 5169 2792 5224 sibi
2842 5168 3115 5223 vindicare
3149 5170 3280 5222 :sed
3312 5170 3416 5224 sint

1854 5264 1957 5320 Sub
1988 5263 2235 5319 custodia
2287 5261 2415 5316 cleri
2456 5258 2613 5332 34],
2660 5258 2936 5325 Ecclesiae,
2986 5260 3075 5315 cui
3129 5259 3417 5314 defunctus

1853 5356 2101 5426 praefuit,
2148 5368 2321 5423 usque
2347 5352 2413 5407 ad
2448 5351 2672 5407 alterius
2698 5351 2938 5420 episc0pi
2986 5350 3416 5420 promotionem;

1852 5457 2212 5519 praeterquam
2247 5444 2290 5500 si
2323 5444 2376 5498 in
2406 5443 2594 5498 eadem
2642 5441 2881 5497 Ecclesia
2927 5457 3034 5496 non
3085 5442 3264 5496 relicti
3311 5441 3415 5495 sint

1852 5539 2059 5594 clerici.
2108 5536 2264 5593 Tunc
2305 5535 2452 5592 enim
2503 5534 2958 5603 metrOpolitanus
3007 5549 3070 5589 ea
3100 5548 3206 5588 non
3255 5532 3415 5587 dimi-

1854 5640 1983 5685 nuta
2014 5629 2273 5694 servabit,
2306 5625 2611 5683 ordinando
2644 5625 2901 5696 episcopo
2940 5626 3124 5681 omnia
3163 5624 3416 5680 reddens.

219 5704 243 5754 δ
296 5720 675 5793 μητροπολίτης
726 5722 897 5778 ταῦτα
947 5722 1321 5795 παραφυλάξει
1364 5722 1631 5793 ἀμείωτα,
1672 5722 1748 5790 τῷ
1786 5719 2349 5793 χειροτονηθησομὲνῳ
2375 5716 2657 5788 ἐπισκόπῳ
2682 5718 2856 5772 πάντα
2882 5716 3131 5779 ἀποδούς.

283 5805 362 5860 "l
398 5811 535 5870 Tim.
568 5833 639 5882 vt,
671 5816 723 5872 8.
