3870 6290
547 318 648 383 523

1693 327 1956 389 PHOTII
1991 331 2496 397 PATRIARCH/E
2533 339 2664 401 ce:
2853 321 2868 335 '
3656 356 3745 419 εει

615 429 767 486 CAP.
804 428 894 484 IV.
945 459 1010 470 --
1059 430 1138 486 De
1171 433 1487 491 alienatione
1527 452 1700 491 rerum
1739 439 2123 497 ecclesiastica.

2299 447 2549 504 ΚΕΦΑΛ.
2602 454 2677 505 Δ’.
2701 479 2771 489 --
2794 451 2935 522 Περὶ
2959 451 3326 526 ἐκποιήσεως
3374 458 3751 529 ἐκκλησιαστι-

548 536 664 574 rum
675 562 687 576 .

882 613 1272 684 Apostolorum
1305 635 1528 675 canones
1558 621 1647 686 58,
1683 623 1768 677 73.

619 705 687 758 58
723 705 862 778 [37].
917 707 1174 765 Omnium
1200 727 1380 767 rerum
1415 716 1947 786 ecclesiasticarum,
1987 729 2116 785 etc.,

547 808 604 848 ut
631 813 750 866 pag.
791 798 918 852 818.

620 889 687 942 75
739 889 874 962 [72].
939 891 1049 950 Vas
1106 910 1332 952 aureum
1387 901 1470 957 vel
1526 911 1865 974 argenteum,
1893 914 2024 972 etc.,
2065 916 2122 959 ut

545 998 668 1054 pag.
696 986 822 1042 575.

916 1081 1148 1138 Concilii
1184 1086 1456 1157 Απομναηὶ
1483 1106 1650 1144 canon
1682 1090 1768 1145 15.

567 1211 580 1214 -
605 1169 806 1319 15.81:;
838 1171 907 1228 iis
933 1190 1056 1245 quae
1095 1179 1366 1245 pertinent
1395 1183 1462 1236 ad
1507 1181 1876 1249 Dominicum,
1903 1190 2037 1249 etc.,
2066 1193 2123 1238 ut

567 1277 666 1319 tat).
811 1302 825 1318 .
1651 1291 1660 1300 '
1740 1280 1745 1286 ’

545 1277 666 1332 pag.
698 1277 825 1319 δη.
1651 1291 1660 1300 -
1740 1280 1745 1286 ·

903 1357 1136 1413 Concilii
1164 1357 1374 1416 Nicteni
1417 1377 1457 1418 tt
1484 1378 1652 1418 canon
1684 1362 1772 1418 12.

618 1445 876 1506 Ecclesiae
913 1452 1231 1523 prapositns
1276 1470 1381 1508 non
1444 1455 1591 1508 debet
1634 1454 1841 1524 praedia
1875 1452 2126 1510 Ecclesiae

547 1540 804 1596 alienare.

619 1631 705 1686 ιε.
751 1630 808 1688 Si
839 1635 965 1705 quis
996 1636 1286 1707 episcopus
1330 1638 1416 1692 vel
1468 1637 1792 1692 monasterii
1835 1635 2126 1708 praefectus

547 1721 802 1780 inventus
879 1727 1044 1782 fuerit
1113 1743 1179 1782 ex
1245 1728 1594 1798 episcopatus
1666 1729 1750 1783 vel
1809 1728 2124 1783 monasterii

2217 536 2366 595 κῶν.

2585 636 2972 693 Ἀποστόλων
2997 639 3199 695 κανὼν
3224 641 3326 712 λη’,
3355 648 3453 711 ογ’.

2291 725 2391 798 λη’.
2415 725 2635 782 Πάντων
2647 729 2754 784 τῶν
2765 733 3229 802 ἐκκλησιαστικῶν
3245 751 3390 805 πραγ
3399 734 3644 804 μάτων,κ.
3659 737 3752 793 τ.)..

2293 910 2394 981 ογ’.
2426 911 2626 976 Σκεῦος
2655 913 2889 984 χρυσοῦν
2917 913 2948 985 ἢ
2984 914 3259 988 ἀργυροῦν
3280 916 3556 985 ἁγιασθέν,
3576 935 3626 970 κ.
3647 936 3690 970 τ.
3712 919 3755 974 λ.

2543 1087 2817 1142 Συνόδου
2852 1086 3142 1158 Ἀγκύρας
3158 1089 3358 1143 κανὼν
3390 1089 3470 1145 ιε’.

2299 1178 2378 1236 ιε’.
2414 1175 2549 1253 Περὶ
2580 1181 2690 1234 τῶν
2732 1182 3095 1255 διαφερόντων
3141 1183 3219 1256 τῷ
3250 1185 3516 1257 Κυριακῷ
3566 1204 3618 1244 κ.
3645 1206 3688 1243 τ.
3714 1189 3755 1247 λ.

2470 1355 2742 1412 Συνόδου
2780 1358 3029 1425 Νικαίας
3048 1359 3114 1413 τὸ
3138 1359 3222 1424 β’,
3242 1358 3446 1414 κανὼν
3467 1358 3553 1429 ιβ’.

2297 1450 2426 1504 Ὀτι
2458 1452 2528 1504 οὐ
2555 1449 2650 1504 δεῖ
2668 1450 3034 1505 ἐκποιεῗσθαι
3061 1451 3401 1522 ἡγούμενον
3427 1451 3496 1504 ἐκ
3516 1451 3625 1505 τῶν
3644 1467 3758 1522 προ-

2224 1542 2483 1595 αστείων
2520 1541 2629 1611 τῆς
2671 1543 3058 1610 Ἐκκλησίας.

2299 1633 2390 1704 ιβ’.
2428 1633 2496 1685 Et
2540 1651 2627 1697 τις
2655 1633 2952 1698 ἐπίσκοπος
3007 1634 3257 1706 εὑρεθείη
3296 1635 3330 1706 ἢ
3387 1633 3692 1706 ἡγούμενος,
3712 1640 3759 1690 ἐκ

2225 1725 2330 1779 τῶν
2353 1726 2717 1796 αὐτουργείων
2732 1725 2826 1779 τοῦ
2857 1727 3208 1780 ἐπισκοπείου
3231 1728 3265 1798 ἦ
3285 1726 3379 1780 τοῦ
3409 1729 3757 1797 μοναστηρέου,

547 1819 696 1886 agris
722 1859 736 1882 ,
763 1819 817 1872 in
853 1819 1115 1890 principis
1153 1821 1393 1890 alicujus
1424 1835 1619 1874 manus
1647 1820 1904 1883 alienare,
1929 1819 2013 1873 vel
2043 1818 2121 1873 al-

2244 1818 2608 1887 ,κποιούμενος
2644 1819 2724 1882 είς
2753 1818 3076 1891 αρχοντικὴν
3115 1822 3291 1890 χεῖρα,
3322 1820 3358 1890 ἥ
3417 1820 3584 1888 ἑτέρῳ
3628 1837 3761 1890 apo:-

545 1909 650 1965 teri
682 1924 928 1980 personae
963 1913 1200 1976 tradere,
1246 1912 1450 1966 nullius
1484 1913 1553 1966 sit
1588 1910 1850 1966 momenti
1881 1911 2119 1973 traditio,

549 2010 613 2056 ut
644 2011 957 2058 sanctorum
987 2006 1357 2073 apostolorum
1396 2003 1508 2058 vult
1535 2017 1712 2057 canon
1747 2003 1838 2070 qui
1875 2002 2006 2056 dicit
2029 2007 2074 2038 ⁷⁷
2104 2015 2117 2052 :

547 2094 806 2150 Omnium
833 2111 1017 2151 rerum
1049 2096 1549 2152 ecclesiasticarum
1596 2096 1886 2166 episcopus
1933 2108 2118 2148 curam

549 2197 720 2257 gerat,
765 2196 818 2242 et
860 2203 923 2242 ea
976 2188 1319 2244 administrat
1368 2198 1627 2258 tanquam
1688 2187 1797 2240 Dco
1858 2185 2120 2239 intuente.

543 2276 624 2332 Ne
659 2278 820 2333 liceat
861 2289 1040 2334 autem
1073 2280 1370 2350 quidquam
1410 2296 1475 2334 ex
1525 2279 1606 2335 eis
1660 2279 1763 2332 sibi
1826 2277 2121 2339 vindicare,

542 2370 630 2426 vel
677 2373 913 2442 propriis
977 2375 1221 2444 cognatis
1271 2389 1393 2443 quae
1419 2373 1511 2427 Dei
1570 2379 1698 2427 sunt
1764 2370 2004 2438 elargiri.
2065 2368 2122 2424 Si

543 2473 726 2518 autem
758 2465 868 2518 sint
899 2479 1186 2534 pauperes,
1217 2475 1275 2518 ut
1303 2463 1634 2534 pauperibus
1671 2461 1999 2532 suppeditet,
2028 2459 2121 2514 sed

544 2571 659 2611 non
701 2570 893 2610 eorum
934 2568 1196 2627 praetextu
1238 2573 1324 2612 res
1367 2556 1624 2610 Ecclesiae
1675 2554 1982 2610 venumdet.
2025 2551 2120 2606 Sin

543 2658 724 2704 autem
751 2649 1140 2703 detrimentum
1171 2649 1360 2703 aﬂ‘erre
1384 2657 1660 2712 causetur,
1701 2661 1801 2700 nec
1824 2645 2120 2716 quidquam

543 2753 609 2792 ex
636 2753 768 2809 agro
795 2739 1152 2794 emolumenti
1184 2741 1413 2809 percipi,
1443 2754 1512 2793 ne
1545 2737 1625 2792 sic
1654 2737 1874 2808 quidem
1914 2735 2123 2805 princi-

541 2831 728 2902 pibus,
760 2833 851 2901 qui
899 2840 1028 2888 sunt
1060 2832 1112 2884 in
1156 2847 1220 2886 eo
1253 2831 1394 2898 loco,
1449 2831 1648 2885 alicnet
1704 2827 1988 2899 praedium,
2028 2825 2122 2882 sed

543 2925 759 2981 clericis
793 2927 877 2980 vel
927 2927 1202 2995 agricolis.
1251 2926 1344 2979 Sin
1399 2933 1580 2979 autem
1640 2923 1820 2992 aliqua
1876 2922 2124 2990 improba

543 3017 843 3074 calliditate
875 3028 1117 3084 utentur,
1150 3027 1202 3072 ct
1233 3017 1397 3090 342
1447 3018 1515 3070 ab
1541 3016 1781 3086 agricola
1812 3014 1893 3067 vel
1924 3013 2123 3067 clerico

544 3123 737 3179 agrum
773 3110 1028 3180 princeps
1066 3111 1276 3176 emerit,
1315 3110 1394 3164 sic
1424 3124 1642 3178 quoque
1674 3108 1877 3162 nullius
1903 3106 1973 3160 sit
2003 3121 2122 3159 mo-

542 3201 711 3254 menti
740 3202 1001 3261 venditio,
1033 3211 1085 3256 et
1118 3201 1460 3272 episcopatui
1520 3200 1605 3255 vel
1660 3198 1988 3253 monasterio
2037 3212 2122 3251 re-

543 3291 824 3348 stituatur.
868 3293 1039 3347 Porro
1078 3295 1368 3363 episcopus
1417 3292 1500 3347 vel
1554 3291 1870 3346 monasterii
1929 3290 2122 3360 praele-

542 3391 667 3440 ctus
697 3384 790 3454 qui
823 3386 926 3440 hoc
967 3384 1178 3452 fecerit,
1214 3387 1538 3441 exturbetur
1581 3385 1798 3455 quidem
1831 3382 2120 3453 episcopus

543 3479 614 3534 ab
637 3480 981 3548 episcopatu,
1016 3480 1336 3534 monasterii
1363 3493 1496 3533 vero
1532 3477 1822 3548 prafectus
1853 3492 1882 3529 a
1925 3490 2121 3529 mona-

543 3571 730 3637 sterio,
775 3572 953 3640 utqui
991 3573 1135 3628 male
1183 3571 1452 3642 dissipent
1491 3588 1613 3642 qua:
1657 3586 1765 3625 non
1816 3584 2121 3640 congrega-

541 3675 688 3717 vere.

720 3749 913 3821 Cyrilli
933 3767 997 3806 ex
1033 3753 1258 3822 epistola
1288 3752 1357 3806 ad
1393 3750 1656 3806 Damnum
1687 3767 1803 3822 cap.
1833 3750 1889 3804 2.

610 3841 670 3896 2.
696 3842 990 3898 Pecuniam
1025 3854 1206 3900 autem
1242 3862 1364 3916 qua:
1415 3861 1510 3915 per
1545 3844 1870 3914 injustitiam
1895 3851 2028 3911 etc.,
2064 3851 2121 3895 ut

543 3952 667 4007 pag.
700 3936 825 3991 579.

543 4108 566 4154 ι
609 4028 758 4155 Il_.ege
790 4045 911 4101 qua:
946 4040 1207 4087 annotata
1239 4043 1368 4087 sunt
1407 4032 1460 4085 in
1485 4046 1604 4101 cap.
1656 4031 1692 4085 2
1743 4029 2028 4100 praesentis
2058 4027 2126 4083 ti-

571 4118 601 4154 u
629 4117 665 4155 ι.

571 4117 665 4155 till.

615 4191 769 4248 CAP.
806 4191 870 4247 ν.
896 4191 974 4247 De
1006 4210 1060 4246 re
1092 4192 1156 4248 ab
1185 4196 1443 4266 episcopis
1465 4203 1559 4249 aut
1596 4195 1801 4250 clericis
1828 4202 1944 4265 post
1976 4193 2125 4248 orali-

545 4287 811 4340 nationem
832 4287 1121 4355 acquisita.

829 4397 1054 4452 Concilii
1078 4399 1510 4470 Cartltaginensis
1553 4418 1721 4456 canon
1750 4402 1840 4457 52.

614 4489 674 4544 Si
710 4490 826 4560 quis
885 4490 1195 4546 clericorum
1253 4510 1450 4563 panper
1487 4506 1760 4564 promotus
1807 4497 1864 4550 in
1920 4495 2122 4560 ordine,
2157 4506 2204 4564 υ

542 4587 723 4650 postea
748 4580 986 4633 habuerit
1021 4583 1248 4652 aliquid,
1281 4581 1536 4637 Ecclesia:
1558 4585 1809 4653 potestati
1830 4584 2120 4654 subjaceat.

612 4753 704 4809 '52.
742 4751 875 4807 Item
913 4752 1026 4822 (18)
1071 4754 1296 4824 placuit,
1350 4765 1409 4809 ut
1458 4757 1726 4826 episcOpi,
1795 4757 2120 4830 presbyteri,

543 4845 785 4911 diaconi,
818 4846 903 4900 vel
935 4847 1250 4918 quicunque
1280 4849 1487 4916 clerici,
1523 4851 1615 4919 qui
1664 4850 1803 4904 nihil
1859 4851 2124 4906 habentes

545 4939 895 5004 ordinantur,
946 4949 1001 4993 et
1059 4947 1303 5009 tempore
1331 4941 1684 5012 episcopatus
1717 4943 1798 4996 vel
1833 4943 2124 4998 clericatus

546 5033 666 5098 sui,
715 5047 877 5104 agros
929 5032 1015 5088 vel
1071 5047 1413 5104 quaecunque
1483 5037 1684 5105 praedia
1740 5037 1963 5092 nomine
2023 5051 2126 5092 suo

548 5134 896 5192 comparant,
947 5131 1209 5192 tanquam
1265 5137 1449 5177 rerum
1502 5125 1909 5182 Dominicarutn
1967 5126 2123 5182 inva-

547 5215 722 5270 siunis
751 5215 983 5270 crimine
1028 5223 1318 5270 teneantur
1350 5233 1364 5270 :
1397 5218 1501 5271 nisi
1539 5219 1802 5273 admoniti
1836 5219 1889 5273 in
1935 5217 2124 5275 Eccle-

547 5287 686 5363 siain
711 5310 901 5364 eadem
926 5309 1048 5379 ipsa
1073 5308 1426 5364 contulerint.
1453 5309 1510 5365 Si
1542 5321 1724 5366 autem
1750 5313 1884 5382 ipsis
1907 5315 2124 5385 proprie

518 5401 754 5472 aliquid
800 5401 1130 5456 liberalitate
1185 5400 1444 5472 alicujus,
1503 5403 1588 5458 vel
1621 5404 1974 5461 successione
2025 5421 2123 5462 co-

611 5579 658 5614 "
686 5580 902 5639 Canon.
936 5583 1027 5639 59.

2223 1909 2356 1980 ὠπιρ
2401 1909 2662 1976 ἐκδιδοὺς,
2700 1908 2904 1982 ἄκυρον
2933 1906 3075 1964 εἶναι
3116 1910 3216 1980 τὴν
3254 1909 3492 1974 ἔκδοσιν,
3529 1911 3659 1962 κατὰ
3693 1912 3760 1963 τὸν

2225 2002 2422 2056 κανόνα
2452 2001 2559 2056 τῶν
2595 2002 2766 2072 ἁγίων
2816 2003 3129 2057 ἀποστόλων
3167 2004 3259 2056 τὸν
3290 2003 3546 2069 λέγοντα,
3582 2002 3764 2057 Πάντων

2223 2094 2332 2147 τῶν
2375 2094 2845 2164 ἐκκλησιαστικῶν
2878 2095 3216 2167 πραγμάτων
3249 2097 3277 2149 ὁ
3307 2095 3604 2157 ἐπίσκοπος
3629 2095 3765 2164 ἐχέτω

2223 2184 2322 2255 τὴν
2371 2184 2646 2256 φροντίδα,
2687 2187 2784 2240 καὶ
2810 2187 3082 2240 διοικείτω
3107 2188 3244 2240 αὐτὰ
3276 2187 3352 2251 ὡς
3387 2185 3528 2239 Θεοῦ
3561 2187 3762 2256 ἐφορῶν-

2223 2295 2315 2341 τος
2345 2295 2359 2309 ·
2393 2277 2467 2349 μὴ
2501 2277 2700 2342 ἐξεῖναι
2731 2279 2878 2351 αὐτῷ
2918 2277 3333 2349 σφετερίζεσθαι
3395 2295 3452 2332 τι
3491 2278 3549 2344 ἐξ
3599 2277 3761 2343 αὐτῶν,

2224 2370 2257 2440 ἢ
2298 2370 2613 2438 συγγενέσιν
2669 2370 2817 2434 ἰδίοις
2847 2371 2915 2426 τά
2941 2372 3035 2424 τοῦ
3071 2369 3206 2424 Θεοῦ
3236 2370 3561 2441 χαρίζεσθαι
3601 2384 3614 2398 '
3646 2370 3688 2422 εί
3721 2370 3764 2423 δὲ

2225 2461 2454 2529 πένητες
2485 2456 2614 2525 εἷεν,
2668 2463 3066 2532 ἐπιχορηγείτω
3107 2461 3182 2524 ὡς
3224 2462 3484 2532 πένησιν,
3535 2459 3658 2514 ἀλλὰ
3706 2462 3762 2532 μὴ

2224 2553 2496 2623 προφάσει
2519 2552 2722 2606 τούτων
2744 2555 2812 2606 τὰ
2838 2555 2935 2622 τῆς
2973 2554 3300 2624 Ἐκκλησίας
3317 2555 3426 2607 ἀπε
3436 2551 3705 2623 μπολείτω·
3729 2557 3765 2605 εί

2223 2644 2279 2697 δὲ
2309 2645 2716 2717 προφασίζοιτο,
2770 2645 2973 2717 ζημίαν
2989 2649 3238 2717 ἐμποιεῖν
3267 2661 3281 2676 ο
3317 2647 3414 2699 καὶ
3459 2645 3620 2716 μηδὲν
3659 2647 3766 2714 πρὸς

2223 2736 2408 2806 δνησιν
2446 2737 2734 2808 τυγχάνειν
2788 2738 2880 2791 τὸν
2911 2739 3100 2810 ἀγρὸν,
3145 2739 3219 2809 μὴ
3253 2738 3297 2791 δ’
3327 2737 3477 2791 οὕτω
3519 2738 3624 2800 τοῖς
3657 2737 3766 2790 κατὰ

2225 2828 2388 2881 τόπον
2419 2828 2676 2899 ἄρχουσιν
2704 2829 2965 2882 ἐκδιδόναι
2989 2829 3079 2882 τὸν
3121 2828 3307 2894 τόπον,
3341 2827 3481 2882 ἀλλὰ
3529 2827 3767 2898 κληρικοῑς

2224 2923 2257 2992 ἢ
2288 2926 2553 2994 γεωργοῖς
2584 2939 2598 2954 ο
2639 2923 2688 2976 εί
2716 2923 2771 2976 δὲ
2795 2922 3103 2994 πανουργίᾳ
3129 2923 3341 2993 πονηρᾷ
3367 2921 3668 2992 χρήσοιντο,
3695 2917 3768 2971 καὶ

2225 3015 2289 3068 ἐκ
2316 3014 2407 3067 τοῦ
2441 3014 2688 3086 γεωργοῦ
2721 3015 2755 3085 ἢ
2780 3014 2873 3068 τοῦ
2905 3015 3169 3086 κληρικοῦ
3203 3015 3475 3084 ὠνήσεται
3512 3013 3679 3084 ἄρχων
3698 3012 3766 3065 τὸν

2227 3107 2418 3175 ἀγρὸν,
2443 3106 2536 3159 καὶ
2559 3106 2732 3171 οὕτως
2764 3107 2968 3180 ἄκυρον
2998 3105 3138 3161 εἶναι
3162 3108 3261 3177 τὴν
3307 3106 3536 3172 πράσιν,
3563 3105 3650 3159 καὶ
3663 3107 3768 3158 ἀπο-

2229 3197 2590 3252 καθίστασθαι
2611 3201 2669 3252 ἐν
2693 3199 2768 3270 τῷ
2798 3201 3137 3271 ἐπισκοπείῳ
3166 3200 3199 3270 ἢ
3224 3203 3282 3253 ἐν
3303 3199 3381 3270 τῷ
3414 3198 3765 3268 μοναστῃρίῳ’

2229 3290 2322 3343 καὶ
2349 3291 2641 3354 ἐπίσκοπος
2670 3289 2727 3345 δὲ
2767 3291 2800 3364 ἢ
2857 3291 3155 3363 ἡγούμενος
3197 3291 3354 3344 τοῦτο
3403 3289 3576 3344 ποιῶν
3612 3287 3766 3340 ἐκδιω-

2229 3380 2430 3452 χθήτω,
2455 3383 2482 3434 ό
2507 3383 2604 3451 μὲν
2637 3382 2934 3446 ἐπίσκοπος
2967 3381 3060 3436 τοῦ
3092 3383 3470 3447 ἐπισκοπείου,
3503 3384 3533 3433 ὁ
3553 3381 3606 3434 δὲ
3637 3377 3769 3448 ἡγού-

2232 3474 2393 3544 μένος
2431 3476 2816 3547 μοναστηρίου,
2845 3475 2920 3537 ὡς
2948 3473 3422 3546 διασκορπίζοντες
3475 3474 3655 3535 κακῶς
3673 3471 3702 3526 ἃ
3721 3471 3768 3522 οὐ

2232 3569 2558 3638 συνήγαγον.

2225 3744 2530 3810 Ιιύρίλλου
2560 3742 2627 3796 ἐκ
2647 3741 2755 3810 τῆς
2779 3743 2929 3810 πρὸς
2959 3745 3190 3812 Δόμνον
3221 3742 3560 3809 ἐπιστολῆς
3584 3759 3701 3810 κερ.

2300 3832 2365 3904 β’.
2399 3834 2480 3888 Τὰ
2516 3835 2572 3887 δὲ
2602 3834 2799 3899 ἀδίκως
2822 3834 3095 3906 ληφθέντα
3117 3852 3172 3888 κ.
3203 3852 3254 3892 τ.
3294 3835 3344 3888 λ.

2309 4001 2610 4071 Ἀνάγνωθι
2633 4003 2703 4056 τὰ
2725 4000 3243 4075 παραγεγραμμένοι
3273 4002 3332 4055 ἐν
3361 3999 3439 4072 τῷ
3462 4003 3506 4074 β’
3549 4016 3665 4069 κεφ.
3694 3996 3766 4051 τοῦ

2227 4095 2495 4165 παρόντος
2523 4095 2630 4149 τίτ.

2301 4186 2531 4240 ΚΕΦΑΛ
2565 4185 2640 4242 E'.
2668 4217 2739 4228 —
2765 4185 3050 4255 Περὶ·τῶν
3087 4183 3238 4254 μετὰ
3278 4183 3396 4254 τὴν
3439 4183 3768 4254 χειροτονίαν

2227 4281 2532 4353 κτωμένων
2554 4282 2910 4347 ἐπισκόποις
2934 4279 2972 4349 ἢ
3008 4280 3340 4350 κληρικοῖς.

2486 4391 2759 4446 Συνόδου
2785 4379 3204 4462 Καρὸαγέννης
3235 4391 3440 4445 κανὼν
3467 4391 3566 4461 ).β’.

2312 4482 2456 4538 Ἐάν
2483 4501 2573 4550 τις
2603 4482 2722 4537 τῶν
2743 4483 3047 4550 κλτιρικῶν
3068 4485 3352 4552 πενιχρὸς
3372 4485 3671 4551 προκόψας
3696 4481 3765 4543 εἷς

2229 4593 2363 4630 τινα
2399 4575 2574 4640 τάξιν
2618 4575 2914 4644 κτήσηταί
2954 4591 3030 4640 τι,
3086 4576 3431 4632 ὑποκείσθω
3463 4573 3537 4645 τῇ
3555 4575 3764 4640 ἐξουσίᾳ

2228 4669 2348 4722 τῶν
2368 4668 2736 4722 ἐπισκόπων.

2300 4758 2404 4831 λβ’.
2435 4759 2671 4830 Ὀμοίως
2710 4759 2937 4829 ῆρεσεν,
2971 4757 3060 4812 ἵνα
3083 4758 3394 4823 ἐπίσκοποι,
3422 4757 3762 4830 πρεσϐύτεροι,

2231 4854 2550 4924 διάκονοι,ἢ
2581 4851 3025 4924 καὶζρὶοιδήποτε
3071 4851 3344 4923 κληρικοὶ,
3379 4853 3429 4904 οἱ
3460 4853 3616 4924 μηδὲν
3640 4850 3762 4918 ἔχονο

2232 4966 2345 5012 τες,
2381 4948 2477 5001 ἐὰν
2521 4945 2902 5018 προκόψαντες
2941 4944 3020 5015 τῷ
3068 4943 3247 5015 καιρῷ
3283 4943 3386 5014 τῆς
3416 4938 3760 5011 ἐπισκοπῆς,ῆ

2229 5043 2328 5112 τῆς
2356 5039 2685 5112 κληρώσεως
2741 5038 2921 5092 αὐτῶν
2965 5037 3169 5108 ἀγροὺς
3214 5035 3248 5108 ἢ
3299 5037 3592 5106 οίαδήποτε
3623 5032 3762 5105 χωρία

2229 5131 2317 5184 ἐπ’
2336 5129 2559 5200 ὀνόματι
2590 5127 2704 5200 ἰδίῳ
2733 5125 3100 5198 ἀγοράσωσιν,
3131 5126 3217 5178 ἵνα
3247 5123 3324 5187 ὡς
3355 5125 3498 5179 κατὰ
3546 5128 3761 5177 Aeetam-t-

2230 5223 2346 5278 κῶν
2401 5221 2742 5294 πραγμάτων
2789 5219 2976 5288 ἔφοδον
3018 5217 3380 5289 πεποιηκότες
3423 5217 3705 5288 ἐνέχωνται,
3724 5209 3761 5260 εἰ

2237 5315 2311 5388 μὴ
2345 5316 2452 5388 ἄρα
2471 5315 2656 5369 λοιπὸν
2697 5311 3162 5384 ὑπομνησθέντες,
3197 5313 3263 5382 τῇ
3312 5309 3602 5380 Ἐκκλησία
3623 5302 3761 5358 ταῦτα

2231 5407 2640 5478 είσκομίσουσιν
2661 5423 2684 5444 ο
2721 5404 2817 5460 ἐὰν
2840 5403 2897 5459 δέ
2927 5405 3006 5469 είς
3043 5403 3238 5469 αὐτοὺς
3273 5402 3502 5475 κυρίως,
3531 5393 3760 5471 ςιςιλοεςιμίί.1

625 5733 738 5806 H8)
768 5737 1365 5808 Hipponensipcoucilio
1401 5738 1483 5795 tit.
1517 5736 1550 5793 8
1605 5737 1868 5793 tribuitur
1910 5753 1940 5790 a
1993 5733 2271 5792 Fcrrando
2294 5751 2413 5806 cap.
2447 5736 2537 5791 35.
