3980 6392
166 404 289 468 825

959 401 1354 463 SYNTAGMA
1387 398 1772 462 CANONUM.
1800 422 1867 434 -
1889 398 2037 460 ΤΙΤ.
2076 399 2149 473 Χ,
2180 398 2337 459 CAP.
2378 397 2477 471 IV,
2508 396 2581 458 V.

3312 390 3442 453 '826

167 513 385 584 τινδςῆ
414 511 629 581 διαδοχῇ
666 509 985 579 συγγενείας
1012 510 1293 584 περιέλθῃ,
1314 508 1569 576 ὲξίαύτοῦ
1607 509 1765 578 ποιή-
1796 538 1809 573 λ

1901 511 2146 566 nationis
2179 507 2480 571 obvenerit,
2507 504 2707 559 faciant
2740 501 2883 567 inde,
2932 499 3077 570 quod
3105 512 3296 552 eorum
3322 500 3440 570 (l9)

170 622 375 658 σουσιν
406 604 437 657 ὃ
458 602 574 673 ἔχει
604 603 638 672 ἡ
666 601 923 672 πρόθεσις
952 601 1132 654 αὐτῶν
1174 618 1188 633 ·
1225 603 1273 654 εἰ
1301 602 1359 654 δὲ
1408 600 1504 654 καὶ
1544 601 1680 669 μετά
1709 600 1768 652 τὸ

168 693 492 765 προθέσθαι
526 693 607 755 εἰς
634 691 874 745 τούπίσω
902 690 1311 761 μετατραπῶσι,
1342 689 1440 757 τῆς
1466 688 1765 758 ἐκκλησια-

168 786 381 853 πικῆς
407 784 571 854 τιμῆς
602 783 810 847 ἀνάξιοι
851 783 927 846 ὠς
959 782 1206 853 ἀδόκιμοι
1230 782 1514 851 κριθῶσιν.

167 895 461 949 Συνόδου
491 903 542 949 α’
573 896 669 951 καί
702 896 763 960 β’
783 896 1300 965 συγκροτηϐεἰσης
1329 897 1399 949 ἐν
1453 901 1770 951 Κωνστανν-

248 969 605 1042 τινονπότιει
642 968 715 1020 ἐν
741 968 820 1033 τῷ
850 968 975 1032 ναῷ
1004 965 1122 1020 τῶν
1159 968 1362 1035 Ἁγίων
1395 968 1772 1022 Ἀποστόλων
1806 1038 1810 1042 ν

247 1035 467 1089 κανὼν
501 1036 564 1101 ζ’.

248 1145 322 1211 ζ’.
358 1148 570 1211 Πολλὰς
600 1149 709 1201 τῶν
733 1148 1049 1202 ἐπισκοπῶν
1068 1147 1284 1220 ὁρῶμεν
1313 1150 1771 1213 καταπιπτούσας

171 1241 276 1291 καὶ
311 1241 609 1311 ἀφανισμῷ
655 1242 846 1313 τελείῳ
888 1240 1307 1305 κινδυνευούσας
1355 1243 1767 1311 παραδίδοσθαι,

170 1332 381 1402 ὅτιπερ
451 1331 503 1386 οἰ
547 1331 751 1385 τούτων
794 1332 1215 1401 προεστηκότες,
1251 1332 1349 1404 τὴν
1408 1335 1537 1404 περὶ
1594 1334 1772 1386 αὐτῶν

176 1424 500 1493 φροντίδων
538 1424 632 1477 καὶ
672 1424 994 1493 ἐπιμέλειαν
1034 1423 1116 1486 εἰς
1166 1425 1452 1494 νεουργίας
1501 1440 1771 1494 μοναστη-

174 1516 323 1587 ρὲων
380 1516 862 1581 καταναλίσκουσι,
910 1517 1007 1570 καὶ
1056 1515 1259 1578 ταύτας
1296 1516 1658 1582 διασπῶντες,
1678 1516 1773 1570 καὶ

170 1607 273 1659 τὸν
319 1607 691 1677 σφετερισμὸν
740 1606 851 1660 τῶν
905 1607 1125 1660 εἰσόδων
1171 1604 1642 1678 ἐπιμηχανώμενοι,
1674 1608 1773 1676 τὴν

172 1700 422 1755 ἐκείνων
453 1700 757 1771 ἐπαύξησιν
794 1700 1276 1771 πραγματεύονται
1302 1716 1316 1731 ’
1345 1699 1543 1770 ὥρισεν
1569 1694 1660 1753 οῦν
1688 1701 1774 1754 διὰ

173 1794 349 1846 τοῦτο
381 1793 566 1863 ήάγία
608 1793 840 1855 σύνοδος,
872 1793 1062 1863 μηδενὶ
1084 1792 1195 1845 τῶν
1221 1792 1539 1845 ἐπισκόπων
1577 1790 1774 1855 ἐξεῖναι

1868 596 2149 672 proposito
2179 599 2430 669 congruit
2473 596 2661 666 :quod
2698 595 2743 649 si
2794 609 2825 649 a
2880 608 2980 649 suo
3035 591 3310 661 proposito
3367 606 3450 645 re-

1870 704 2107 749 trorsum
2142 693 2594 755 exorbitaverint,
2636 691 2846 743 honore
2878 686 3252 742 ecclesiastico
3298 685 3446 739 indi-

1869 786 1983 856 gni,
2018 794 2276 854 tanquam
2310 783 2551 853 reprobi,
2587 780 2923 851 judicentur.

1870 896 2029 969 353
2056 896 2279 969 Concilii
2315 896 2475 965 primi
2513 904 2563 969 et
2617 893 2833 969 secundi
2886 889 3345 969 (lonstantinopoli
3393 888 3449 942 in

2006 960 2113 1023 itide
2142 960 2459 1023 Sanctorum
2488 964 2859 1033 Apostolorum
2878 961 3043 1013 habiti
3073 975 3243 1013 canon
3274 960 3326 1013 7.

1950 1142 2199 1198 7.Multos
2211 1142 2557 1212 episcopatus
2570 1153 2806 1205 ruere,et
2826 1147 3085 1209 perpetuo
3113 1136 3280 1190 exitio
3303 1144 3447 1189 tradi

1872 1236 2140 1303 videmus,
2183 1235 2329 1305 quod
2374 1234 2469 1304 qui
2529 1235 2611 1289 eis
2661 1241 2917 1302 praesunt,
2968 1245 3187 1284 omnem
3244 1229 3312 1282 de
3363 1227 3449 1283 eis

1873 1345 2083 1394 curam,
2102 1336 2156 1381 et
2177 1327 2593 1382 sollicitudinem
2629 1327 2682 1379 in
2706 1333 2950 1379 recentes
2978 1320 3443 1376 monasteriorum

1873 1422 2273 1477 exstruetiones
2301 1420 2613 1484 conferunt,
2653 1425 2707 1472 et
2732 1432 2827 1471 eos
2857 1416 3171 1489 divellentes
3211 1429 3275 1467 ac
3330 1412 3444 1466 dis.-

1875 1513 2172 1576 trahentes,
2204 1521 2256 1564 et
2281 1519 2341 1563 ut
2365 1510 2431 1563 ad
2466 1524 2523 1563 se
2555 1506 2864 1578 pertineant
2895 1504 3099 1559 reditus
3140 1501 3448 1566 molientes,

1874 1614 1936 1659 ut
1964 1604 2079 1672 ipsa
2112 1610 2416 1672 augeantur
2446 1600 2717 1653 laborant.
2747 1595 2859 1651 Hoc
2889 1611 3019 1664 ergo
3054 1594 3243 1649 statuit
3268 1601 3457 1648 sancta

1874 1692 2141 1764 synodus,
2179 1690 2319 1745 nulli
2362 1689 2541 1743 licere
2561 1687 2818 1757 episcopo
2864 1685 3132 1755 privatum
3184 1690 3459 1736 monaste-

1877 1788 2015 1841 rium
2045 1788 2110 1840 ad
2133 1784 2335 1854 preprii
2358 1784 2707 1854 episcopatus
2736 1779 3036 1850 perniciem
3073 1792 3267 1832 recens
3292 1790 3454 1829 exco-

178 1885 561 1955 μοναστήριον
594 1883 724 1935 ἴδιον
767 1884 861 1936 ἐπὶ
902 1884 1199 1937 καταλύσει
1249 1885 1348 1954 τῆς
1389 1883 1596 1945 οἰκείας
1651 1885 1809 1947 ἐπι-η

1901 1877 2065 1944 ςίιιιτε.
2105 1875 2161 1930 Si
2192 1875 2319 1944 quis
2347 1882 2529 1928 autem
2563 1873 2668 1926 hoc
2698 1872 2901 1924 audere
2931 1869 3304 1939 deprehensus
3337 1865 3455 1919 fue-

173 1977 409 2045 σκοπῆς
432 1978 728 2045 νεουργεῖν·
760 1976 807 2029 εἰ
838 1975 896 2029 δέ
924 1993 1010 2040 τις
1052 1977 1328 2047 φωραθείη
1354 1974 1512 2028 τοῦτο
1539 1975 1772 2043 τολμῶν,

173 2067 356 2119 αὐτὸν
381 2066 484 2136 μὲν
507 2067 586 2137 τῷ
603 2068 934 2139 προσήκοντι
954 2067 1221 2139 ἐπιτιμίῳ
1242 2067 1775 2134 καθυποῦἀλλεσθαι,

175 2160 243 2211 τὸ
298 2158 365 2211 δὲ
427 2159 757 2231 νεουργηθὲν
805 2159 896 2212 ὑπ’
930 2159 1116 2223 αὐτοῦ,
1153 2159 1228 2223 ὡς
1261 2161 1335 2232 μὴ
1383 2161 1439 2214 δὲ
1478 2160 1577 2228 τὴν
1604 2159 1777 2230 ἀρχὴν

183 2245 569 2315 μοναστηρίου
615 2246 817 2300 δίκαιον
872 2247 1203 2319 ἁπειληφδς,
1253 2249 1328 2312 ὼς
1389 2249 1655 2302 ἰδιωτικὸν
1704 2248 1781 2318 τῷ

178 2336 541 2407 ἐπισκοπείῳ
571 2338 1017 2407 προσκυροῦσθαι
1041 2355 1055 2370 ο
1093 2340 1246 2392 οὐδὲν
1266 2340 1375 2410 γὰρ
1398 2339 1507 2393 τῶν
1538 2339 1780 2411 παρανό-

182 2447 313 2499 μως
349 2430 450 2483 καὶ
474 2430 725 2493 ἀτάκτως
748 2431 1265 2501 παρυφισταμένων,
1283 2432 1342 2484 τὸ
1364 2433 1651 2502 πρόκριμα
1676 2430 1784 2486 τῶν

179 2519 502 2580 κανονικῶς
532 2519 939 2586 συνισταμένων
964 2520 1338 2589 ἀποφέρεσθαι
1370 2521 1615 2575 δύναται.

269 2610 346 2662 Ἥ
369 2609 450 2676 λγ¹
466 2609 606 2663 διάτ,
627 2609 719 2663 τοῦ
745 2616 794 2678 γ’
824 2611 929 2664 τίτ.
951 2611 1046 2664 τοῦ
1066 2609 1114 2664 α’
1146 2610 1288 2682 βισλ.
1311 2612 1405 2665 τοῦ
1436 2613 1565 2667 κώδ.
1595 2613 1783 2685 φησιν,

181 2701 297 2763 ὅτι,
332 2701 400 2753 Ut
424 2699 691 2770 όρθόδοξοι
730 2703 1018 2755 ἐπίσκοποι
1049 2704 1141 2755 καὶ
1162 2703 1433 2774 κληρικοί,
1470 2704 1608 2776 ὅπερ
1637 2704 1702 2757 ἂν
1731 2705 1788 2760 ὲν

181 2791 268 2862 τῷ
332 2792 513 2862 καιρῷ
562 2795 898 2863 κτήσωνται,
933 2796 1026 2849 καὶ
1074 2794 1383 2860 ὑπεξούσιοι
1445 2795 1600 2859 ὄντες
1659 2796 1790 2851 ἴδιον

184 2882 412 2952 ἔχουσι,
462 2882 558 2935 καὶ
602 2883 662 2935 ού
718 2883 1164 2955 συνεισφέρουσιν
1229 2885 1389 2950 αὐτὰ,
1432 2886 1557 2951 ,ἀλλ’
1608 2886 1790 2941 ἄδειαν

188 2973 390 3042 ἔχουσι
428 2974 522 3027 καὶ
552 2971 755 3037 ζῶντες
785 2976 1049 3041 ὲκποιεῖν,
1078 2978 1171 3029 καὶ
1199 2978 1288 3030 ἐπ’
1324 2977 1507 3031 αὐτῶν
1551 2979 1630 3041 εἰς
1658 2976 1793 3042 ὲξω-

187 3068 399 3128 τικοὺς
429 3067 783 3134 διατίθεσθαι,
818 3067 850 3139 ἢ
881 3068 1161 3122 κατιοῦσιν
1183 3070 1321 3124 αὐτὰ
1354 3072 1748 3142 παραπέμπειν
1775 3088 1789 3103 ·

190 3160 295 3212 καὶ
358 3161 392 3229 ἠ
446 3159 535 3229 μα’
579 3160 718 3214 διάτ.
752 3160 846 3213 τοῦ
887 3160 1051 3215 αὐτοῦ
1083 3161 1194 3217 τίτ.
1232 3162 1336 3227 ὅτι,
1392 3161 1471 3215 Τὰ
1526 3162 1664 3233 μετά
1696 3162 1793 3235 τὴν

1878 1969 1970 2029 rit.
2000 1967 2178 2037 ipsum
2202 1967 2420 2037 quidem
2454 1963 2800 2020 convenienti
2836 1977 3008 2032 paenae
3052 1960 3249 2029 subjici
3278 1958 3460 2028 :quod

1880 2061 1949 2115 ab
1981 2061 2100 2130 ipso
2135 2070 2316 2114 autem
2356 2073 2545 2113 recens
2585 2066 2918 2111 exstructum
2952 2063 3057 2116 est,
3094 2062 3152 2109 ut
3182 2054 3328 2124 quod
3358 2066 3463 2107 nec

1880 2163 1964 2209 est
1998 2155 2067 2208 ab
2099 2154 2255 2207 initio
2288 2150 2727 2221 jusmonasterii
2778 2148 3052 2211 sortitum,
3102 2153 3160 2199 ut
3191 2146 3457 2213 privatum

1881 2245 2219 2314 episcopatui
2269 2243 2516 2297 ascribit.
2563 2240 2709 2294 Nihil
2727 2240 2869 2294 enim
2894 2254 3083 2292 eorum
3117 2253 3237 2307 quae
3266 2244 3465 2305 praeter

1883 2337 2029 2406 leges
2078 2344 2133 2390 et
2176 2335 2481 2390 inordinate
2527 2333 2857 2394 consistunt,
2913 2331 2978 2385 iis
3026 2345 3148 2399 quae
3196 2328 3461 2383 ca‘noniee

1885 2428 2182 2483 constituta
2215 2434 2363 2493 sunt,
2392 2424 2764 2496 prmjudieium
2798 2421 2995 2477 afferre
3027 2428 3224 2490 potest.

1961 2603 2179 2659 Textus.
2203 2602 2396 2659 Const.
2429 2602 2520 2668 55,
2554 2601 2639 2657 tit.
2666 2601 2719 2665 3,
2751 2599 2848 2653 lib.
2868 2614 2882 2652 I
2905 2596 3028 2652 eod.
3059 2595 3133 2650 ait
3158 2614 3171 2650 :
3195 2594 3467 2661 Quzecun-

1889 2713 1996 2769 que
2028 2697 2267 2766 episcopi
2296 2704 2349 2749 et
2376 2694 2558 2749 clerici
2592 2700 2646 2747 et
2670 2689 2957 2747 orthodoxi
2990 2705 3097 2759 quo
3139 2697 3382 2757 tempore
3407 2686 3463 2741 in

1890 2791 2061 2861 patria
2100 2796 2366 2857 potestate
2401 2794 2585 2841 essent
2633 2783 2980 2853 acquisierint
3021 2800 3035 2837 :
3072 2797 3134 2835 ea
3167 2779 3383 2835 tametsi
3409 2780 3466 2834 in

1891 2888 2161 2950 potestate
2195 2874 2421 2949 [adhuc]
2458 2876 2678 2945 degant,
2724 2874 2945 2943 propria
2994 2871 3234 2937 habent,
3290 2885 3469 2939 neque

1893 2972 2200 3027 conferunt.
2245 2970 2421 3039 Atque
2452 2968 2767 3022 facultatem
2820 2966 3041 3026 habent,
3077 2972 3138 3018 ut
3172 2961 3309 3034 [aut]
3356 2961 3467 3015 vivi

1898 3064 1988 3117 illa
2019 3063 2255 3116 alienent
2277 3101 2292 3127 ,
2330 3068 2424 3115 aut
2474 3065 2803 3114 testamento
2834 3055 3106 3110 extraneis
3141 3054 3469 3124 relinquant,

1897 3156 1984 3209 vel
2012 3154 2078 3208 ad
2110 3164 2360 3224 posteros
2391 3152 2781 3206 transmittant.
2838 3148 2900 3201 Et
2928 3155 3102 3203 coust.
3130 3147 3192 3200 41
3228 3147 3470 3215 ejusdem

190 3253 516 3324 ἐπισκοπὴν
557 3253 821 3321 κτηθέντα
878 3256 906 3307 ό
967 3255 1266 3317 ἐπίσκοπος
1317 3256 1378 3308 ού
1424 3228 1646 3308 δύναται
1704 3228 1792 3309 ὲκ-

1901 3250 1986 3303 ιὶι.
2019 3246 2155 3313 Quae
2185 3256 2306 3316 post
2337 3246 2711 3315 episcopatum
2748 3244 3012 3313 acquisita
3046 3253 3191 3304 sunt,
3212 3241 3472 3299 alienare.

194 3345 410 3405 ποιεῖν,
440 3342 472 3413 ἦ
501 3342 831 3398 διατίθεσθαι
880 3345 967 3399 ἐπ’
1000 3346 1202 3412 αὐτοῖς,
1229 3349 1278 3399 εἰ
1322 3347 1396 3417 μὴ
1426 3348 1535 3400 ἀπὸ
1592 3348 1795 3415 γονέων

193 3433 228 3502 ἢ
267 3432 442 3485 θείων
484 3434 516 3504 ἢ
581 3435 827 3505 ἀδελφῶν
870 3439 951 3499 εἰς
1002 3438 1165 3491 αὑτὸν
1195 3439 1487 3509 περιῆλθον
1512 3457 1525 3471 ο
1560 3440 1695 3493 ἀλλά
1728 3442 1793 3511 τῇ

194 3526 332 3579 κατ’
359 3526 528 3581 αὑτὸν
569 3527 863 3598 Ἐκκλησία
890 3518 1204 3601 διαφέρουσι
1228 3547 1244 3562 ⁶
1282 3532 1376 3584 καὶ
1402 3531 1541 3600 μετὰ
1568 3532 1666 3602 τὴν
1700 3532 1797 3584 αὺ-

196 3617 321 3669 τῶν
344 3616 603 3689 τελευτὴν
633 3619 925 3690 λογισμοὺς
945 3622 1055 3675 τῶν
1091 3624 1349 3676 τοιούτων
1382 3624 1723 3693 πραγμάτων
1747 3625 1796 3677 οἰ

203 3707 500 3776 οἰκονόμοι
549 3708 944 3763 ἀπαιτοῦνταιο
982 3712 1052 3764 τὰ
1092 3712 1150 3764 δὲ
1197 3711 1305 3783 πρὸ
1352 3713 1449 3781 τῆς
1494 3713 1800 3781 ἐπισκοπῆς

204 3796 517 3869 κτηθέντα,
551 3800 646 3852 καὶ
672 3800 950 3854 ὲκποιοῦσι
975 3802 1072 3854 καὶ
1098 3803 1427 3858 διατίθενται
1453 3806 1539 3856 ἐπ’
1571 3805 1754 3866 αὐτοῖς
1784 3820 1798 3837 ·

203 3892 311 3945 καὶ
338 3892 373 3962 ἡ
411 3888 499 3961 μθ¹
527 3891 607 3944 ὅτι
636 3893 684 3944 οἰ
711 3892 1000 3947 ἐπίσκοποι
1051 3896 1147 3949 καὶ
1179 3896 1541 3967 πρεσϐύτεροι
1567 3898 1660 3950 κει)⁸
1691 3898 1802 3951 διά-

204 4001 388 4047 κονοι,
420 3985 574 4054 quasi
596 3987 926 4039 castrension
954 3985 1155 4056 έχουσι,
1184 3988 1278 4039 καὶ
1300 3986 1625 4040 διατίθενται
1648 3987 1803 4056 νομί-

211 4092 340 4144 μως
392 4076 480 4127 ἐπ’
529 4076 678 4148 αύτῷ
706 4095 721 4110 ·
754 4079 847 4132 καὶ
894 4078 992 4149 οὐχ
1040 4078 1326 4131 ὑπόκειται
1383 4079 1416 4149 ἡ
1455 4077 1683 4148 διαθήκη
1735 4080 1801 4148 τῇ

211 4166 285 4218 de
311 4165 617 4232 inofﬁcioso.
659 4168 722 4221 ἸΙ
760 4169 815 4221 δὲ
841 4166 889 4237 γ’
918 4170 1054 4223 διάτ.
1098 4167 1193 4223 τοῦ
1226 4169 1270 4239 β’
1303 4168 1408 4223 τίτ.
1436 4169 1545 4221 τῶν
1576 4169 1805 4238 Νεαρῶν

213 4256 418 4324 φησιν,
443 4255 548 4322 ὅτι,
579 4256 641 4308 Οἰ
671 4258 962 4311 ἐπίσκοποι
990 4261 1056 4313 τὰ
1091 4261 1228 4329 μετά
1260 4260 1358 4331 τὴν
1386 4261 1691 4327 ἐπισκοπὴν
1709 4260 1807 4312 αὺ-

213 4350 338 4410 τοῖς
367 4347 638 4418 κτηθέντα
670 4348 862 4417 κινητὰ
886 4350 921 4419 ἢ
945 4351 1272 4420 αύτοκίνητα
1310 4355 1389 4415 εἰς
1423 4351 1584 4413 ἰδίους
1610 4365 1808 4418 συγγε-

215 4439 384 4509 νεῖςῆ
412 4438 605 4502 ἄλλους
624 4440 918 4511 οἰῳδήποτε
939 4442 1127 4512 τρόπῳ
1151 4444 1211 4495 οὐ
1230 4444 1648 4513 μεταφέρουσιν,
1673 4441 1808 4494 ἀλλά

216 4532 628 4585 δαπανόπωσαν
650 4533 787 4586 αύτά
802 4535 882 4596 εἰς
910 4532 1060 4586 λύσιν
1093 4533 1451 4603 αἰχμαλώτων
1468 4535 1563 4587 καὶ
1579 4532 1809 4604 πτωχῶν

220 4622 621 4693 ἁποτροφὴν,ἤ
651 4624 730 4687 εἰς
759 4624 1035 4695 συμφέρον
1054 4625 1151 4694 τῆς
1182 4625 1319 4689 ἰδίας
1349 4626 1675 4695 Ἐκκλησίας
1704 4642 1718 4657 ·
1741 4627 1811 4681 τὰ

220 4716 281 4768 δὲ
314 4715 452 4784 μετὰ
492 4715 589 4785 τὴν
607 4714 784 4768 αὐτῶν
815 4714 1070 4785 τελευτὴν
1095 4716 1159 4768 ἐκ
1183 4715 1386 4769 τούτων
1409 4718 1813 4787 περιττεύοντα,

222 4810 260 4877 ή
326 4808 463 4861 κατ’.
509 4808 709 4870 αὐτοῦ.
770 4807 1066 4876 Ἐκκλησία
1113 4807 1409 4861 οἰκειοῦται
1454 4824 1468 4839 ·
1522 4811 1706 4864 ἄδειαν
1757 4811 1817 4866 δὲ

223 4900 449 4969 ἔχουσιν
502 4900 739 4951 ὲκποιείν
779 4900 938 4953 ἆτινα
971 4899 1078 4971 πρὸ
1109 4902 1207 4969 τῆς
1242 4900 1548 4969 ἐπισκοπῆς
1582 4902 1811 4971 ἐσχηκόο

225 5008 324 5051 τες
374 4988 755 5058 ἀποδειχθῶσι,
794 4989 891 5042 καῖ
935 4990 1035 5043 ὃσα
1100 4991 1237 5060 μετὰ
1279 4992 1378 5060 τὴν
1411 4991 1713 5060 ἐπισκοπὴν
1735 4992 1817 5055 εἰς

229 5080 436 5143 αὐτοὺς
487 5079 765 5150 περιέλθοι
803 5080 912 5133 ἀπὸ
945 5080 1246 5149 συγγενῶν,
1286 5079 1377 5143 οὓς
1425 5080 1486 5145 ἐξ
1536 5081 1817 5134 ἀδιαθέτου

233 5172 404 5242 μέχρι
431 5172 692 5240 τετάρτου
719 5170 930 5242 βαθμοῦ
961 5170 1302 5241 διαδέχεσθαι
1325 5169 1577 5224 δύνανται
1612 5188 1626 5202 ·
1646 5169 1820 5225 ταῦτα

228 5264 293 5317 δὲ
320 5265 515 5334 κρατεῖ
537 5263 629 5315 ἐπὶ
653 5264 888 5333 όρφανοτ
899 5262 1080 5333 ρόφων
1128 5262 1226 5315 καὶ
1271 5263 1692 5332 πτωχοτρόφων,
1724 5264 1820 5316 καὶ

234 5354 574 5423 νοσοκόμων,
604 5355 699 5408 καὶ
743 5354 1208 5425 γεροντοτρόφων,
1240 5356 1331 5408 καὶ
1386 5353 1695 5426 ξενοδόχων,
1725 5355 1819 5409 καὶ

236 5447 464 5501 πάντων
502 5447 611 5501 τῶν
641 5448 816 5502 ἄλλων
854 5447 1143 5516 διοικητῶν
1178 5447 1287 5501 τῶν
1323 5448 1633 5516 σεϐασμίων
1655 5447 1819 5501 οἴκων

242 5537 341 5593 ἐπὶ
374 5538 488 5600 τοῖς
518 5538 597 5600 εἰς
631 5536 827 5600 αὐτοὺς
861 5540 917 5590 ὲν
948 5536 1025 5607 τῷ
1066 5536 1242 5607 καιρῷ
1269 5536 1367 5607 τῆς
1411 5537 1589 5591 αὐτῶν
1620 5537 1819 5607 διοική·

239 5647 383 5693 σεως
412 5628 554 5682 κατά
583 5628 676 5684 τὸν
732 5628 1023 5701 εἰρημένον
1070 5629 1270 5698 τρόπον
1323 5628 1696 5699 περιελθοῦσιν
1731 5646 1743 5659 ·
1781 5633 1813 5700 ἡ

318 5812 433 5879 (ιν)
470 5809 583 5867 Hoc
612 5820 714 5877 est,
752 5812 1036 5878 vocationi,
1070 5813 1400 5881 professioni,
1441 5813 1625 5865 statui.

1837 4583 1891 4644 D

1900 3348 1994 3393 aut
2017 3339 2084 3392 de
2116 3337 2223 3391 illis
2242 3344 2628 3392 testamentum
2652 3334 2829 3389 facere
2848 3334 3137 3402 cpiscopus
3160 3347 3265 3383 non
3301 3338 3477 3399 potest

1903 3437 2078 3506 (extra
2105 3447 2267 3502 quam
2292 3432 2337 3485 si
2378 3446 2408 3485 a
2441 3430 2778 3501 parentibus,
2810 3438 2906 3481 aut
2929 3428 3157 3495 patruis,
3187 3426 3269 3479 vel
3298 3441 3472 3478 avun-

1903 3527 2062 3589 culis,
2097 3533 2190 3579 aut
2220 3523 2481 3577 fratribus
2520 3522 2586 3576 ad
2622 3522 2800 3591 ipsum
2836 3514 3226 3589 pervenerint),
3262 3517 3355 3571 sed
3408 3516 3475 3570 ad

1905 3617 2076 3686 ipsius
2107 3614 2404 3672 Ecclesiam
2445 3616 2760 3683 pertinent,
2817 3620 2870 3667 et
2920 3621 3040 3679 post
3073 3610 3191 3679 ejus
3244 3616 3474 3662 mortem

1906 3709 2148 3763 rationes
2205 3707 2399 3760 harum
2449 3720 2630 3759 rerum
2698 3704 2767 3758 ab
2807 3702 3107 3759 (ecouomis
3163 3701 3475 3769 exiguntur.

1908 3799 2039 3865 Quae
2064 3814 2193 3853 vero
2223 3806 2349 3852 ante
2379 3798 2751 3867 epismpatum
2784 3795 3054 3866 acquisita
3082 3802 3227 3857 sunt,
3263 3799 3316 3846 et
3344 3792 3479 3844 alie~

1909 3900 2043 3952 nat,
2084 3898 2139 3942 et
2171 3888 2239 3943 de
2295 3888 2362 3956 iis
2416 3897 2801 3942 testamentum
2833 3886 3038 3940 condit.
3072 3883 3139 3937 Et
3171 3892 3349 3937 const.
3392 3880 3480 3941 49,

1909 3982 2176 4052 episcopi,
2211 3981 2419 4045 clerici,
2453 3990 2508 4035 et
2534 3979 2699 4051 3M
2729 3979 2947 4033 diaconi
2983 3977 3139 4046 quasi
3180 3975 3485 4031 castrensia

1914 4070 2177 4147 [peculia]
2209 4071 2431 4138 habent,
2463 4082 2515 4125 et
2544 4073 2669 4141 jure
2700 4085 2865 4139 super
2905 4069 3011 4123 illis
3059 4077 3346 4131 testantur,
3389 4081 3485 4120 ne-

1911 4183 2016 4237 que
2042 4176 2424 4222 testamentum
2460 4167 2528 4221 de
2555 4165 2856 4221 inollicioso
2889 4162 3165 4236 [querelae]
3188 4170 3268 4217 est
3311 4162 3485 4216 obuo-

1912 4262 2084 4315 xium.
2127 4259 2315 4316 Const.
2347 4261 2402 4323 5,
2436 4261 2521 4316 tit.
2552 4261 2587 4312 2
2616 4259 2960 4314 Novellarum
2995 4275 3007 4311 :
3037 4256 3168 4321 Qua:
3213 4265 3335 4324 post
3372 4253 3488 4321 epi-

1915 4362 2221 4422 sc0patum,
2254 4353 2451 4423 inquit,
2481 4349 2624 4423 [aut]
2651 4351 2878 4405 mobiles
2910 4358 3001 4403 aut
3023 4364 3081 4403 se
3107 4356 3381 4401 moventes
3402 4360 3488 4400 res

1915 4445 2200 4512 acquisitae
2237 4452 2386 4508 sunt,
2434 4458 2529 4499 eas
2562 4442 2805 4512 episcopi
2853 4439 2922 4496 ad
2974 4449 3234 4510 cognatos
3283 4437 3489 4492 aliosve

1918 4535 2071 4588 nullo
2134 4534 2298 4587 modo
2358 4532 2730 4587 transferunto
2762 4550 2775 4586 :
2810 4533 2905 4587 sed
2956 4532 3025 4585 ad
3057 4530 3485 4597 redemptionem

1916 4625 2279 4695 captivorum,
2317 4634 2414 4677 aut
2437 4639 2737 4693 pauperum
2771 4622 3109 4686 alimoniam,
3141 4629 3234 4674 aut
3267 4622 3319 4673 in
3374 4619 3487 4675 uti-

1914 4718 2122 4773 litatem
2150 4715 2403 4771 Ecclesiae
2441 4730 2554 4769 suae
2583 4713 2953 4783 expendunto.
2985 4711 3117 4777 Quae
3142 4726 3269 4766 vero
3298 4726 3365 4765 ex
3402 4709 3489 4765 his

1916 4821 2041 4882 post
2072 4812 2289 4863 illorum
2320 4807 2527 4862 obitum
2552 4805 2942 4876 superfuerint,
2970 4804 3213 4873 ipsorum
3228 4802 3487 4857 Ecclesia

1919 4903 2214 4959 vindicato.
2244 4902 2313 4953 At
2345 4915 2465 4969 qua:
2490 4907 2615 4953 ante
2643 4897 3015 4967 episcopatum
3051 4894 3307 4949 habuisse
3334 4909 3487 4948 com-

1923 4994 2133 5064 probati
2166 4990 2388 5056 fuerint,
2417 4999 2512 5045 aut
2551 4999 2676 5060 post
2721 4989 3092 5058 episcopatum
3145 5001 3175 5039 a
3227 4986 3491 5055 cognatis,

1926 5086 2122 5157 quibus
2147 5084 2216 5138 ab
2237 5083 2496 5138 intestato
2522 5097 2697 5151 usque
2726 5080 2792 5135 ad
2823 5088 3082 5149 quartum
3116 5077 3340 5147 gradum
3372 5091 3498 5130 suc-

1928 5178 2117 5232 cedere
2163 5183 2453 5246 poterant,
2502 5172 2568 5229 ad
2626 5174 2776 5243 ipsos
2836 5168 3224 5240 pervenerint:
3258 5164 3499 5237 [eorum]

1923 5266 2335 5322 alienandorum
2360 5264 2674 5321 facultatem
2713 5263 2937 5317 habent.
2975 5259 3152 5329 Atque
3197 5258 3312 5312 haec
3351 5255 3490 5328 [qui-

1924 5357 2070 5431 dem]
2110 5360 2162 5412 in
2198 5357 2658 5428 orphanotrophis
2688 5357 2853 5410 etiam
2886 5352 3155 5417 obtinent,
3185 5360 3235 5405 et
3266 5352 3495 5419 ptocho-

1922 5453 2153 5521 tropliis,
2183 5462 2237 5507 et
2264 5450 2592 5513 nosocomis,
2623 5458 2676 5502 et
2706 5444 3145 5518 gerontocomis,
3176 5451 3228 5498 et
3261 5441 3503 5496 xeuode-

1923 5542 2077 5608 chis,
2135 5547 2190 5596 et
2244 5540 2502 5595 omnibus
2571 5539 2695 5592 aliis
2769 5534 3158 5590 venerabilium
3227 5532 3491 5585 domuum

1923 5634 2396 5704 dispensatoribus
2428 5650 2443 5687 :
2473 5633 2526 5687 in
2556 5630 2742 5704 [rebus
2777 5625 3073 5699 videlicet,]
3110 5640 3230 5698 qua:
3265 5623 3490 5692 diapen-
