3870 6290
551 328 656 390 827
1667 333 1927 394 PHOTII
1966 334 2467 402 PATRIARCH/E
2504 344 2611 407 cr.
3660 373 3738 437 833

552 440 784 498 s:uionis
812 454 925 497 sua;
957 451 1199 512 tempore
1228 444 1486 514 praedicto
1512 445 1675 499 modo
1705 445 1773 499 ad
1800 446 1948 513 ipsos
2001 460 2127 515 per-

553 532 798 557 ......n_3no
854 530 1020 557 1“..--
1072 532 1106 557 ω
1156 533 1215 557 σε.
1276 536 1294 557 ι
1326 532 1669 557 Μ,.-.,.ιι,.....-..
1734 550 1846 557 κη...
1883 544 2003 557 λι.-.
2040 549 2098 557 ι...

2239 452 2287 506 δέ
2332 454 2377 525 β’
2427 457 2568 512 διάτ.
2615 458 2709 513 τοῦ
2768 458 2814 514 α’
2857 461 2962 518 τίτ.
3001 464 3111 518 τῶν
3139 465 3389 538 Νεαρῶν,
3437 472 3741 557 ἁπλούστεράν

553 532 820 586 venerint.
854 530 1045 587 Const.
1072 532 1125 599 2,
1156 533 1239 588 tit.
1276 536 1298 588 l
1326 532 1695 601 Novellarum,
1728 550 1848 603 qua:
1882 544 2007 605 post
2035 549 2128 590 or-

2239 560 2424 640 tpqaw,
2455 545 2536 599 ὅτι
2583 547 2664 600 Τὰ
2702 552 2839 619 μετά
2870 553 2970 616 τὴν
3023 530 3355 625 χειροτονίαν
3376 530 3745 640 anagnia};

554 620 893 676 dinationem
955 623 1025 677 ab
1080 624 1351 694 episcopis
1402 625 1669 695 acquisita
1721 634 1883 691 sunt,
1945 640 2009 679 ea
2064 624 2128 679 ad

2239 634 2573 700 ἐπισκόποις,
2604 642 2722 703 ταῖς
2754 641 2935 695 αὐτῶν
2972 620 3324 715 Ἐνκκλησίαις
3365 620 3746 733 διαφιέρειῐῆἐιξ

555 712 833 772 Ecclesias
890 717 1134 787 ipsorum
1190 719 1504 787 pertinere,
1580 719 1885 789 simplicius
1953 719 2128 773 dicit:

2239 723 2379 793 λέγει
2408 728 2490 781 ὅτι
2528 728 2736 794 Πάντες
2766 734 2815 784 οἱ
2846 734 3118 805 κληρικοὶ,
3148 712 3399 794 τουτέστι

556 803 781 869 Omnes,
817 808 1088 877 inquiens,
1123 810 1305 865 clerici
1354 810 1481 883 (hoc
1513 821 1616 876 est,
1650 810 1973 880 presbyteri.
2016 810 2128 864 dia-

2239 815 2492 885 διὰκονοι,
2528 822 2895 890 ἁναγνῶσται,
2926 827 3021 878 καὶ
3071 827 3292 897 ψάλται,
3318 833 3387 886 τὰ
3432 836 3653 894 ὁπωσοῦν
3675 847 3751 899 οὐ.

557 899 709 966 coni,
750 902 1002 967 lectores,
1030 904 1304 973 cantores)
1334 919 1473 972 quas
1509 918 1595 957 res
1640 901 2135 971 quomodocunque
2235 915 2347 977 τοῖς
2370 913 2638 985 κτηθέντα
2664 916 2985 986 πράγματα,
3026 921 3128 974 κᾶν
3168 924 3480 991 {magoij
3507 932 3644 996 εισιν,
3671 936 3755 991 [δια

558 994 935 1063 acquisierint,
1003 1005 1111 1050 tam
1151 999 1252 1051 etsi
1312 997 1413 1052 sub
1474 997 1646 1067 patria
1680 1004 1944 1064 potestate
2001 992 2131 1056 sint,
2236 1006 2440 1077 έχουσι,
2471 1008 2565 1061 καὶ
2592 1008 2908 1077 δωροῦνται,
2939 1012 3032 1065 καὶ
3081 1013 3412 1071 διατίθενται
3460 992 3752 1089 έπναὺέοῖς.

558 1087 808 1155 proprias
840 1088 1059 1153 habent,
1092 1086 1226 1161 [eas]
1260 1105 1366 1159 que
1390 1090 1616 1153 donare,
1652 1105 1716 1143 ac
1742 1089 1809 1142 de
1845 1086 1910 1141 iis
1945 1085 2128 1190 testari

2239 1099 2377 1152 οὕτω
2419 1098 2600 1169 μέντοι
2632 1098 2772 1152 ὥστε
2794 1102 2920 1165 τοὺς
2945 1104 3123 1157 αὐτῶν
3169 1108 3387 1171 παῖδας,
3414 1110 3447 1180 ἢ
3477 1110 3659 1167 τούτων
3683 1119 3758 1190 οὐχ

561 1174 839 1248 [possunt
870 1177 933 1250 τ]
986 1180 1059 1233 ita
1090 1192 1302 1246 tamen,
1352 1190 1412 1235 ut
1457 1181 1698 1251 ipsorum
1736 1179 1865 1244 ﬁlii,
1916 1185 2011 1231 aut
2052 1175 2128 1230 his

2239 1185 2501 1253 ὑπόντων,
2526 1187 2652 1250 τοὺς
2689 1190 2866 1256 γονεῖς
2906 1191 3088 1244 αὐτῶν
3128 1174 3450 1264 κομίζεσθαι
3478 1200 3538 1252 τὸ
3573 1174 3758 1275 νόμιμον

559 1281 667 1320 non
696 1268 1142 1334 subsistentibus,
1188 1282 1464 1338 parentes,
1500 1272 1798 1340 legitimam
1830 1267 2128 1363 portionem

2240 1274 2405 1345 μέρος
2436 1292 2449 1305 ·
2487 1277 2519 1346 ἡ
2562 1276 2620 1329 δὲ
2669 1284 2718 1345 γ’
2755 1277 2895 1334 διάτ.
2926 1282 3019 1333 τοῦ
3048 1283 3213 1337 αὑτοῦ
3238 1285 3282 1354 β’
3310 1286 3417 1343 τίτ.
3447 1287 3553 1341 τῶν
3578 1267 3762 1363 Neo-pii”

560 1357 759 1414 ferant.
794 1360 985 1416 Const.
1033 1364 1066 1417 5
1088 1405 1104 1429 ,
1147 1364 1231 1418 ιίι.
1281 1365 1316 1417 2
1366 1363 1712 1419 Novellarum
1746 1364 1823 1417 ait
1852 1380 1866 1416 :
1902 1358 2058 1425 Quod
2091 1356 2128 1411 si

2239 1386 2420 1439 φησιν,
2476 1370 2579 1431 ὅτι.
2632 1370 2757 1424 Ἐὰν
2808 1372 3102 1437 ἐπίσκοπος
3142 1376 3467 1450 ῆκληρικὸς
3500 1356 3761 1453 οίουδήποτε

560 1449 848 1518 episcopus
873 1494 887 1517 ,
953 1463 1048 1507 aut
1085 1455 1318 1509 clericus
1354 1457 1734 1526 cujuscunque
1779 1457 2001 1527 gradus,
2043 1460 2128 1509 aul

2241 1462 2538 1534 βαθμοῦ,ἢ
2604 1464 2929 1535 Ἐκκλησίας
2986 1466 3302 1522 διακόνισσα
3344 1449 3762 1547 τελευτήσῃ-ἄνευ

558 1538 818 1596 Ecclesiae
855 1543 1163 1599 diaconissa
1221 1547 1341 1601 sine
1376 1557 1703 1603 testamento
1738 1550 1824 1604 vel
1881 1546 2128 1619 legitimis

2239 1554 2575 1625 διαθηκῶνῆ
2629 1556 2875 1626 νομίμων
2926 1556 3206 1627 διαδοχῶν,
3259 1562 3292 1630 ἡ
3339 1538 3763 1640 τούτων-διαδοχὴ

559 1633 785 1690 decedat
871 1639 1284 1695 successoribus
1370 1642 1613 1696 :horum
1690 1642 1968 1697 successio
2034 1640 2128 1693 Ec-

2242 1648 2645 1719 προσκυροῦται
2692 1650 2759 1719 τῇ
2809 1649 3102 1722 Ἐκκλησία
3135 1654 3194 1705 ἐν
3321 1633 3763 1729 κεχειροτόνηνταιξ

558 1727 757 1795 clesiae,
786 1731 837 1784 in
870 1747 1030 1801 quam
1066 1735 1304 1789 ordinati
1335 1734 1572 1803 fuerunt,
1595 1737 1914 1805 applicatur.

2162 1795 2212 1855 Β
2310 1890 2562 1945 ΚΕΦΑΛ.
2597 1893 2772 1959 Ci".-—-
2800 1892 2937 1963 Περὶ
2960 1893 3079 1947 τῶν
3111 1893 3313 1948 ίδικῶν
3340 1893 3449 1948 τοῦ
3484 1895 3768 1954 ἐπισκόπου

2239 1983 2615 2053 πραγμάτων,
2640 1985 2738 2039 καὶ
2772 1984 2860 2038 ὅτι
2922 1986 3035 2039 οὐκ
3073 1986 3330 2055 ὠφειλεν
3361 1986 3661 2055 ἀδιάθετος
3704 2008 3768 2043 τε·

2236 2072 2482 2143 λευτᾷν.

627 1840 787 1913 345
810 1843 957 1899 CAP.
994 1845 1077 1900 Vl.
1113 1847 1186 1901 De
1218 1865 1271 1901 re
1302 1848 1565 1917 familiari
1619 1850 1837 1919 prapria
1879 1851 2132 1921 episcopis

558 1943 609 1988 et
636 1935 773 2004 quod
811 1952 929 1988 eum
961 1954 1062 1990 non
1104 1949 1340 2007 aporteat
1371 1942 1679 1995 intestatum
1712 1944 1823 1997 vita
1853 1944 2124 2002 decedere.

984 2160 1353 2226 Apostolorum
1384 2179 1552 2218 canon
1609 2166 1702 2222 40.

2672 2168 3051 2222 Ἀποστόλων
3084 2169 3285 2223 κανὼν
3321 2176 3374 2239 μ’

626 2246 696 2298 40
724 2245 881 2335 [59].-
906 2247 1207 2306 Manifesta:
1235 2263 1363 2309 sunt
1391 2256 1666 2327 episcopis
1698 2259 1955 2329 propriae,
1989 2269 2124 2328 etc.,

2310 2265 2383 2329 μ’.
2425 2260 2604 2313 Ἔστω
2634 2262 2841 2330 φανερὰ
2889 2261 2958 2316 τὰ
3010 2261 3116 2315 ἴδια
3164 2261 3257 2315 τοῦ
3318 2263 3616 2316 ἐπισκόπου
3665 2264 3775 2335 πρά-

559 2347 617 2391 ut
636 2355 759 2410 pag.
798 2329 924 2395 819.

2239 2366 2440 2422 γματα,
2466 2371 2519 2407 κ.
2540 2371 2586 2406 τ.
2607 2354 2656 2407 λ.

901 2434 1124 2490 Concilii
1156 2439 1464 2495 Antiocheni
1509 2458 1679 2499 canon
1710 2444 1801 2501 24.

2519 2444 2791 2499 Συνόδου
2833 2445 3190 2515 Ἀντιοχείας
3221 2444 3427 2498 κανὼν
3457 2445 3557 2497 κδ’.

623 2524 714 2607 24.
758 2524 922 2581 Recte
947 2528 1110 2584 habet
1157 2542 1215 2586 ut
1251 2550 1315 2589 ea
1349 2552 1470 2606 quae
1515 2549 1643 2593 sunt
1671 2538 1926 2596 Ecclesia:
1952 2580 1969 2608 ,
2004 2550 2128 2610 etc.,

2308 2538 2407 2593 κδ’.
2434 2536 2513 2591 Τὰ
2524 2531 2619 2602 τῆς
2645 2533 2968 2607 Ἐκκλησίας
2983 2537 3049 2608 τῇ
3075 2536 3366 2607 Ἐκκλησία
3417 2536 3596 2599 καλῶς
3642 2535 3774 2607 ἔχειν,

556 2626 613 2670 ιιι
637 2632 759 2689 pag.
796 2618 918 2675 819.

2242 2651 2297 2688 κ.
2325 2649 2376 2687 τ.
2414 2632 2462 2685 λ.

847 2709 1070 2767 Concilii
1115 2713 1555 2775 Chalcedonensis
1591 2738 1759 2776 canon
1780 2724 1869 2779 22.

2486 2718 2756 2774 Συνόδου
2789 2718 3178 2786 Χαλκηδόνος
3207 2718 3410 2773 κανὼν
3428 2718 3537 2788 κβν.

626 2801 716 2856 22.
773 2802 892 2858 Non
950 2806 1115 2860 licere
1172 2808 1408 2872 clericis,
1450 2820 1576 2880 post
1645 2828 1873 2872 mortem
1927 2820 2128 2889 proprii

2310 2814 2532 2887 κβ’.(22)
2552 2815 2643 2883 Μὴ
2659 2814 2855 2879 ἐξεῖναι
2873 2814 2975 2884 κλη
2984 2815 3157 2885 ρικοῖς
3177 2813 3315 2884 μετὰ
3332 2812 3565 2866 θάνατον
3577 2810 3662 2865 τοῦ
3676 2810 3780 2864 ίδξου

558 2895 826 2965 episc0pi,
881 2912 969 2953 res
1019 2915 1141 2969 qure
1200 2902 1267 2955 ad
1314 2903 1491 2972 ipsum
1548 2908 1843 2976 pertinent,
1894 2926 2128 2981 rapere,

2239 2910 2537 2963 ἐπισκόπου
2590 2908 2908 2977 διαρπάζειν
2960 2908 3029 2961 τὰ
3088 2906 3409 2976 διαφέροντα
3476 2904 3619 2975 αὐτῷ
3669 2903 3780 2974 πράσ

558 2988 1015 3055 quemadmodum
1047 3003 1100 3046 et
1132 2994 1196 3048 iis
1221 2997 1312 3064 qui
1343 3011 1631 3055 assumunt
1653 3002 2128 3075 (‘20),prohibitum

2239 3017 2447 3070 γματα,
2479 2999 2660 3063 καθὼς
2682 3000 2778 3052 καὶ
2806 3001 2919 3062 τοῖς
2959 2997 3125 3052 πάλαι
3156 3001 3373 3051 κανόσιν
3403 2997 3780 3068 ἀπηγόρευταισ

559 3091 691 3136 est:
752 3100 818 3139 eo
872 3097 1051 3142 autem
1106 3091 1199 3160 qui
1246 3091 1479 3159 faciunt,
1526 3095 1594 3151 de
1623 3104 1842 3170 proprio
1876 3103 2047 3175 gradu
2079 3103 2128 3159 in

563 3175 860 3199 ......:-.-I-._-
903 3180 1081 3199 __-_2.._

2245 3092 2279 3164 ἢ
2306 3092 2433 3155 τοὺς
2474 3089 2633 3145 τοῦτο
2662 3088 2970 3156 ποιοῦντας,
2998 3088 3329 3144 κινδυνεύειν
3362 3089 3441 3152 εἰς
3498 3090 3623 3150 τους
3652 3086 3781 3144 ἰδίους

559 3175 865 3245 periculum
903 3180 1107 3236 venire.

2248 3183 2511 3255 βαθμούς.

910 3291 1131 3349 Consilii
1160 3296 1486 3357 Sardicensis
1516 3320 1681 3357 canon
1713 3304 1799 3360 12.

2570 3296 2841 3354 Συνόδου
2870 3294 3169 3366 Σῳδικῆς
3196 3294 3396 3349 κανὼν
3423 3293 3511 3361 ιβ’.

630 3380 718 3440 22.
737 3384 1195 3463 OsiusepiseOpus
1218 3394 1381 3450 dixit:
1400 3398 1533 3462 Quia
1550 3401 1685 3460 nihil
1709 3407 1792 3454 est
1826 3399 2128 3471 permittent

2314 3392 2401 3464 ιβ’.
2435 3392 2619 3456 Ὀσιος
2677 3392 2971 3453 ἐπίσκοπος
3010 3385 3197 3444 εἶπενο
3238 3388 3457 3458 Ἐπειδὴ
3511 3382 3659 3438 οὐδέν
3696 3381 3784 3434 ἐστ⁹

561 3472 712 3541 dum,
743 3489 871 3543 etc.,
902 3491 954 3531 ut
978 3497 1100 3550 pag.
1131 3482 1252 3537 659.

2246 3486 2677 3561 παραλειπτέον,
2700 3502 2755 3539 κ.
2791 3502 2843 3538 τ.
2870 3484 2920 3539 λ.

736 3567 959 3624 Concilii
993 3572 1424 3645 Carthaginiensis
1456 3596 1682 3637 canones
1721 3584 1810 3651 22,
1870 3586 1959 3643 8|.

2454 3578 2721 3634 Συνόδου
2754 3573 3178 3645 Καρθαγέννης
3205 3574 3409 3627 κανὼν
3427 3570 3534 3641 κβθ,
3564 3575 3670 3621 πω.

637 3657 705 3713 Ut
737 3662 965 3731 episcopi
994 3664 1071 3718 vel
1091 3665 1268 3723 clerici
1302 3670 1357 3724 in
1402 3688 1489 3727 eos
1524 3676 1613 3743 qui
1651 3692 1754 3730 non
1793 3688 1917 3733 sunt
1958 3681 2128 3735 catho-

2316 3670 2494 3724 Ὥστε
2559 3668 2701 3733 τοὺς
2749 3667 3125 3730 ἐπισκόπους
3158 3663 3261 3717 καὶ
3316 3662 3461 3727 τοὺς
3494 3654 3784 3726 κληρικοὺς

561 3750 673 3819 lici,
707 3755 838 3809 nihil
853 3756 1147 3826 conferant.

2239 3762 2433 3833 μηδὲν
2455 3759 2843 3829 συνεισάγειν
2862 3758 2987 3825 τοῖς
3019 3758 3106 3829 μὴ
3162 3754 3505 3825 ὀρθοδόξοις
3541 3750 3785 3819 Χριστια·

2242 3856 2393 3920 γοῖς,
2426 3858 2478 3909 εὶ
2520 3852 2621 3907 καὶ
2651 3836 2967 3921 συγγενεῖς
3005 3851 3093 3905 ἔτι
3110 3851 3237 3921 μὴν
3255 3844 3429 3904 ὦσιν.

630 3937 738 3994 22.Δ
779 3940 844 3997 Et
901 3953 959 3998 ut
999 3945 1053 4000 in
1093 3961 1188 4003 eos
1239 3949 1332 4017 qui
1391 3952 1644 4009 catholici
1691 3954 1985 4011 Christiani
2034 3974 2128 4013 nor

2314 3948 2415 4018 κβθ.
2440 3947 2625 4018 Μηδέν
2668 3944 2755 3997 διὰ
2787 3943 2996 4016 δωρεᾶς
3026 3940 3134 3994 τῶν
3191 3940 3407 3994 οἰκείων
3453 3939 3787 4007 πραγμάτων,

562 4034 915 4105 δυηι⁷⁸(20⁴),
930 4039 1141 4092 etiamsi
1159 4043 1529 4112 consanguine
1552 4044 1770 4112 fuerint,
1791 4064 1885 4117 per
1900 4050 2128 4106 donatio-

2240 4041 2317 4105 ὡς
2364 4041 2599 4110 εἴρηται,
2632 4037 2757 4099 τοὺς
2803 4034 3202 4103 ἐπισκόπουςῆ
3258 4030 3554 4103 κληρικοὺς
3610 4026 3787 4084 τούτοις

561 4139 659 4181 nes
681 4142 856 4182 rerum
873 4144 1093 4184 suarum
1112 4132 1347 4201 episcopi
1367 4134 1450 4187 vel
1476 4135 1656 4191 clerici
1679 4139 1811 4192 nihil
1834 4140 2128 4196 conferant.

2244 4133 2603 4200 συνεισάγειν.

630 4218 710 4272 De
740 4221 996 4291 episcopis
1043 4225 1133 4293 qui
1180 4226 1450 4281 haereticos
1504 4229 1583 4305 vel
1633 4246 1866 4301 paganos
1912 4233 2128 4290 lueredet

2314 4224 2453 4293 Περὶ
2501 4222 2853 4277 ἐπισκόπων
2898 4220 3019 4275 τῶν
3048 4217 3382 4286 αἵρετικοὺς
3425 4216 3462 4283 ἢ
3515 4215 3783 4277 Ἕλληνας

562 4314 915 4365 constituunt.

2241 4316 2665 4387 κληρονόμους
2696 4313 3295 4383 καταλιμπανόντων.

516 4464 523 4475 η
630 4400 719 4456 8L
748 4400 871 4457 Item
900 4405 1252 4460 constitutum
1282 4410 1624 4480 est"(2l).ut
1643 4413 1688 4467 si
1712 4416 1835 4483 quis
1857 4417 2128 4487 episc0pus

2316 4408 2426 4464 παῖ.
2473 4409 2705 4480 Ὁμοίως
2732 4407 2941 4477 ὡρίσθη
2984 4406 3070 4458 ἴνα
3095 4405 3191 4458 ἐάν
3211 4420 3295 4466 τις
3355 4401 3651 4462 ἐπίσκοπος
3680 4398 3784 4487 κλη-

563 4492 805 4548 ltmredes
829 4493 994 4564 346
1018 4507 1302 4553 extraneos
1328 4514 1362 4553 a
1404 4504 1873 4573 consanguinitate
1902 4522 2020 4571 sua,
2052 4509 2128 4561 vel

2250 4503 2509 4573 ρονόμους
2541 4479 2854 4568 συγγενεῖς,
2883 4493 2917 4565 ἢ
2945 4495 3098 4558 ἐκτὸς
3126 4495 3227 4563 τῆς
3283 4492 3419 4554 ἰδίοις
3472 4486 3785 4557 συγγενείας,

563 4584 851 4640 haereticos
870 4590 1032 4642 etiam
1060 4594 1516 4663 consanguineos,
1546 4608 1640 4650 aut
1673 4596 2128 4668 paganos.Eccle-

2239 4594 2587 4668 αἱρετικοὺςῆ
2604 4592 2873 4661 Ἕλληνας
2901 4588 3212 4661 προτιμήσῃ
3235 4585 3331 4655 τῆς
3348 4580 3686 4650 Ἐκκλησίας,
3710 4576 3786 4629 καὶ

562 4677 657 4731 sia:
690 4678 1008 4746 prtetulcrit,
1058 4682 1247 4736 saltem
1308 4695 1429 4753 post
1460 4696 1707 4751 mortem,
1763 4689 2051 4742 anathema
2083 4689 2128 4743 ei

2239 4688 2374 4759 μετὰ
2404 4686 2632 4740 θάνατον
2654 4682 2904 4751 ἀνάθεμα
2932 4679 3010 4749 τῷ
3064 4677 3296 4769 τοιούτῳ
3339 4675 3587 4769 λεχθείηῖ
3611 4671 3713 4769 καὶ.
3730 4668 3779 4719 τὸ

561 4771 796 4836 dicatur,
851 4783 1014 4842 atque
1066 4775 1183 4843 ejus
1244 4792 1443 4831 nomen
1501 4779 1644 4833 inter
1692 4778 1788 4834 Dei
1817 4781 2128 4845 sacerdotes

2239 4777 2405 4846 ὄνομα
2433 4773 2598 4829 αὐτοῦ
2629 4770 2896 4844 μηδαμῶς
2938 4768 3087 4839 παρὰ
3128 4769 3240 4830 τοῖς
3272 4765 3365 4819 τοῦ
3409 4763 3537 4817 Θεοῦ
3575 4763 3784 4867 ἱερῆες.

564 4863 714 4916 nullo
744 4865 905 4918 modo
953 4866 1231 4922 recitetur.
1264 4868 1375 4926 Nec
1408 4875 1658 4928 excusari
1713 4876 1907 4944 possit,
1958 4875 2005 4930 si
2052 4876 2128 4929 in-

2239 4868 2499 4938 ἀνενεχθῇ
2530 4882 2544 4897 '
2575 4866 2649 4937 μὴ
2674 4865 2730 4918 δέ
2750 4861 2952 4933 δυνηθῇ
3005 4859 3435 4930 ἀπολογηθῆναι,
3468 4858 3559 4909 ἐὰν
3592 4851 3783 4906 ἀδιάθε-

563 4963 793 5012 testatus
822 4958 1135 5027 decesserit,
1166 4964 1290 5031 quia
1321 4965 1509 5035 utique
1547 4969 1749 5033 debuit,
1788 4968 1964 5025 factus
2014 4972 2128 5039 epi—

2239 4981 2327 5025 τος
2358 4961 2692 5030 ἀπογένηται
2723 4975 2736 4990 ⁸
2796 4956 2984 5027 ἐπειδὴ
3037 4955 3328 5024 γενόμενος
3389 4951 3696 5053 ἐπίσκρπος,
3726 4944 3783 4995 εξ·

562 5061 780 5116 scopus,
808 5051 886 5104 rei
929 5066 1041 5106 suae
1084 5055 1482 5112 ordinationem
1527 5076 1824 5131 congruam
1858 5077 1972 5119 suae
2004 5077 2128 5132 pro-

2239 5057 2401 5116 κότως
2431 5054 2634 5124 ὀφείλει
2663 5052 2774 5106 τῶν
2812 5048 3153 5121 πραγμάτων
3200 5044 3366 5100 αὑτοῦ
3401 5046 3495 5115 τὴν
3536 5042 3783 5094 διατύπω-

562 5136 786 5195 fessiOui
818 5158 1160 5214 nequaquam
1188 5147 1425 5203 dill‘erre.
2232 5166 2316 5203 σιν
2359 5147 2624 5218 ἁρμοδίαν
2652 5145 2730 5212 τῷ
2781 5142 2974 5197 ἐαυτοῦ
3029 5140 3406 5210 ἐπαγγέλματι
3464 5132 3787 5227 nutantia-2

633 5230 805 5305 Legas
854 5251 977 5304 qua:
1036 5238 1089 5289 in
1143 5237 1176 5290 5
1225 5254 1345 5309 cap.
1405 5244 1686 5311 pmsentis
1733 5245 1815 5299 tit.
1871 5257 2128 5305 annotata

2315 5237 2616 5307 Ἀνάγνωθι
2654 5235 2722 5289 τὰ
2750 5234 3264 5307 παραγεγραμμένα
3294 5233 3352 5284 ἐν
3378 5230 3458 5284 τῶ
3484 5234 3518 5280 ε’
3545 5242 3673 5293 κεφ.
3705 5238 3784 5273 του

562 5331 711 5373 sunt.
2235 5335 2505 5409 παρόντος
2534 5331 2738 5386 τίτλον.
2778 5348 2785 5363 ’

630 5482 679 5515 ⁷⁸
698 5483 954 5553 Carthag.
981 5504 1067 5553 ιιι,
1098 5504 1219 5562 cap.
1250 5492 1336 5548 i3.
1414 5494 1458 5527 "
1490 5495 1660 5553 Conc.
1688 5498 1860 5556 Atrio.
1895 5515 1945 5556 c.
1977 5500 2067 5557 48.

634 5600 1731 5691 iﬁlé‘smiqulﬁquoq“§.can0"ib!!8;
1824 5685 1836 5691 _
2244 5612 2493 5691 Aurelia;
2827 5678 2837 5690 .
2898 5680 2910 5691 .
2976 5679 2987 5691 .
3187 5676 3221 5691 .,
3299 5678 3310 5690 .
3381 5678 3392 5690 .

635 5671 1468 5755 Εςττξὶηάιλέοειῤ.55βκ
1490 5684 2131 5755 concil.Carthag.tit.23.
2312 5671 2422 5750 (22)
2458 5682 2589 5737 Pars
2642 5678 2872 5755 canonis
2898 5679 3058 5749 hujus
3086 5676 3258 5748 posita
3299 5678 3349 5733 in
3380 5678 3489 5747 ipso
3520 5671 3684 5725 titulo
3716 5678 3787 5721 es!

633 5741 748 5815 (Ἦ)
773 5740 1079 5803 Bonifacius
1109 5740 1362 5822 Carthag.
1393 5753 1475 5809 loc
1503 5754 1596 5809 cit.
1630 5771 1694 5810 ex
1726 5740 2129 5821 conc."vt,sub
2242 5740 2632 5821 ah'iutcrprete
2662 5750 2870 5808 Graeco.
