3980 6466
175 508 307 573 829

965 507 1371 570 SYNTAGMA
1402 504 1793 567 CANONUM.
1823 529 1891 541 -
1922 504 2074 567 TlT.
2107 505 2185 578 X,
2218 504 2376 567 CAP.
2416 506 2516 581 VI,
2554 506 2694 569 VII.

3366 508 3470 573 830

265 621 525 678 ΚΕΦΔΛ.
554 618 627 677 Z'.
651 648 724 661 —
744 619 887 689 Περὶ
913 620 1019 675 τοῦ
1038 618 1144 687 τὰς
1165 619 1235 674 ἐν
1255 617 1379 683 τοῖς
1392 614 1779 685 βαρϐαρικοῖς

1952 614 2102 669 CAP.
2121 613 2413 673 Vll.—Dei
2430 616 2697 672 Ecclesias
2724 617 2861 672 inter
2889 616 3147 674 barbaras
3176 629 3350 689 gentes
3371 620 3471 674 ad-

175 714 448 769 ἔθνεσιν
477 714 670 779 οὔσας
700 711 806 766 τοῦ
837 711 986 766 Θεοῦ
1026 710 1417 778 Ἐκκλησίας,
1465 708 1619 762 κατὰ
1670 705 1779 775 τὴν

1914 706 2275 762 ninistrandas
2301 723 2413 763 esse
2443 725 2539 778 pro
2561 709 2759 779 vigente
2786 711 3185 766 consuetudine.

172 808 599 876 κρατήσασαν
633 804 985 860 διοικεῖσθαι
1023 802 1371 868 συνήθειαν.
1418 820 1419 823 ‘

338 900 615 956 Συνόδου
638 897 1339 960 Κωνσταντινουπόλεως
1376 891 1578 947 κανὼν
1594 892 1660 963 β’.

266 990 336 1061 β’.
372 991 515 1055 Τοὺς
548 989 687 1061 ὑπὲρ
720 988 986 1059 διοίκησιν
1014 986 1368 1049 ἐπισκόπους,
1396 1000 1523 1039 κ.τ.
1563 982 1615 1037 λ.

453 1170 726 1225 Συνόδου
774 1167 1167 1235 Χαλκηδόνος
1198 1165 1402 1221 κανὼν
1430 1142 1553 1235 κηνξ

262 1263 478 1335 Φῆφος
500 1264 611 1333 τῆς
632 1262 824 1331 αὐτῆς
844 1262 1018 1331 ἁγίας
1071 1259 1339 1315 συνόδου
1368 1256 1787 1328 ἐκφωνηθεῒσα

177 1357 377 1427 χάριν
396 1356 520 1412 τῶν
551 1357 884 1424 πρεσϐείων
908 1353 1016 1409 τοῦ
1043 1353 1261 1421 θρόνου
1316 1350 1429 1420 τῆς
1455 1349 1785 1422 ἁγιωτάτης

193 1446 582 1513 Ἕκκλησίας
605 1444 1323 1508 Κωνσταντινουπόλεως.

259 1537 378 1609 κη’.
436 1537 721 1609 Πανταχοῦ
769 1538 883 1601 τοῖς
932 1534 1042 1589 τῶν
1088 1534 1262 1604 ἁγίων
1323 1531 1583 1604 Πατέρων
1639 1532 1785 1603 ὅροις

180 1633 486 1701 ἑπόμενοι,
513 1649 567 1685 κ.
591 1649 643 1685 τ.
670 1630 722 1683 λ.

284 1722 564 1777 Συνόδου
590 1718 1007 1791 οίκουμενικῆς
1035 1718 1215 1785 ἕκτης
1244 1716 1449 1771 κανὼν
1472 1714 1567 1781 λζ’,
1586 1713 1686 1769 λθ’.

262 1811 369 1878 λζ’.
415 1811 636 1883 Ἐπειδὴ
662 1810 806 1864 κατὰ
831 1810 1125 1881 διαφόρους
1155 1810 1406 1880 καιροὺς,
1437 1823 1492 1861 κ.
1518 1823 1569 1861 τ.
1595 1804 1648 1859 λ.

2115 889 2344 945 Conciiii
2385 888 2976 962 Constantinopolitani
3012 911 3182 949 canon
3211 894 3267 949 2.

1956 982 2012 1035 2.
2044 981 2298 1054 Episcopi
2317 983 2382 1037 ad
2404 984 2677 1040 Ecclesias
2695 1001 2816 1055 quae
2837 994 2963 1041 sunt
2984 999 3137 1042 extra
3153 1002 3303 1042 suam
3326 986 3436 1043 dim
3458 1018 3468 1030 -

1886 1076 2078 1142 cesim,
2107 1083 2236 1138 etc.,
2269 1085 2324 1128 ut
2354 1091 2476 1144 pag.
2497 1074 2624 1130 470.

2170 1163 2396 1220 Concilii
2430 1164 2870 1221 Clta!cedonensis
2902 1185 3071 1222 canon
3093 1168 3184 1225 28.

1956 1254 2237 1309 Decretum
2266 1254 2501 1325 ejusdem
2526 1266 2728 1311 sancta:
2766 1259 2955 1328 synodi
2984 1264 3383 1331 promulgatum
3407 1258 3466 1313 in

1886 1349 2116 1418 gratiam
2172 1348 2506 1402 sacerdotum
2563 1350 2739 1404 throni
2808 1353 3159 1406 sanctissima:
3214 1349 3468 1407 Ecclesia:

1888 1441 2512 1510 Constantinopolitante.

1955 1533 2047 1589 28.
2078 1532 2404 1589 Sanctorum
2429 1532 2653 1589 Patrum
2678 1535 2894 1591 decreta
2918 1535 3120 1607 ubique
3151 1546 3465 1607 sequentes,

1885 1640 2017 1700 οἱα,
2050 1640 2107 1686 ιιι
2129 1648 2252 1701 pug.
2272 1632 2400 1687 470.

2100 1722 2328 1779 Concilii
2356 1727 2663 1781 arcumenici
2691 1742 2743 1782 vt
2772 1742 2993 1780 canones
3023 1724 3112 1792 57,
3143 1725 3232 1780 '59.

1955 1820 2047 1874 57.
2071 1819 2343 1885 Quoniam
2398 1818 2632 1875 diversis
2677 1819 3040 1889 temporibus,
3085 1826 3217 1886 etc.,
3249 1828 3305 1872 ut
3340 1834 3463 1889 pag.

1886 1910 2013 1967 487.

259 1995 370 2051 λθ’.
404 1995 512 2050 Τοῦ
543 1994 773 2064 ἀδελφοῦ
807 1993 905 2048 καὶ
950 1989 1369 2065 συλλειτουργοῦ
1424 1989 1585 2063 ἡμῶν
1658 1990 1778 2044 Ἰω-

1956 2002 2044 2058 59.
2091 2000 2228 2058 Cum
2273 2002 2439 2057 frater
2466 2010 2522 2058 et
2574 2002 2955 2060 comminister
2992 2011 3181 2058 noster
3204 2000 3465 2067 Joannes.

182 2088 384 2157 ἁννου,
413 2106 469 2143 κ.
488 2106 540 2141 τ.
570 2088 621 2145 λ.
1120 2123 1131 2130 .

433 2182 705 2236 Συνόδου
740 2179 1168 2250 Καρθαγέννης
1195 2178 1398 2233 κανὼν
1431 2174 1533 2248 νβ’.

258 2273 417 2344 Περὶ
442 2273 550 2329 τοῦ
578 2271 688 2339 τὰς
716 2272 1012 2341 ἐπαρχίας
1037 2270 1531 2325 ἐπισκέπτεσθαι.

258 2366 368 2437 νβ’.
410 2366 714 2439 Ὁνωράτος
773 2367 870 2421 καὶ
925 2363 1202 2437 Οὐρϐανὸς
1262 2363 1574 2427 ἐπίσκοποι,
1605 2354 1778 2414 εἴπον·

184 2461 445 2515 Κάκεῖνο
471 2461 605 2531 ἡμῖν
629 2459 717 2514 διὰ
743 2459 903 2528 λόγου
939 2457 1274 2521 ἐντέταλται,
1298 2456 1440 2510 ὥστε
1496 2454 1592 2511 καὶ
1636 2454 1783 2525 ὑμᾶς

184 2548 542 2615 καταξιῶσαι
566 2550 628 2603 τὸ
648 2549 866 2621 ὁρισθὲν
913 2548 1019 2603 ὑπὸ
1047 2552 1148 2622 τῆς
1171 2550 1229 2603 ἐν
1272 2548 1500 2603 ἰππῶνι
1537 2547 1779 2613 συνόδου,

182 2642 439 2712 ὀφείλειν
454 2643 691 2714 ἑκάστην
717 2643 988 2714 ἐπαρχίαν
1014 2644 1074 2696 ἐν
1100 2641 1179 2713 τῷ
1208 2640 1389 2713 καιρῷ
1419 2641 1520 2713 τῆς
1552 2639 1774 2694 συνόδου

182 2736 663 2790 ἐπισκέπτεσθαι·
684 2737 777 2789 καὶ
794 2736 875 2789 δτι
898 2739 957 2791 ἐν
973 2734 1147 2807 τούτῳ
1169 2737 1263 2790 καὶ
1280 2734 1360 2805 τῷ
1380 2735 1525 2806 ἄλλῳ
1549 2730 1783 2803 ἐνιαυτῷ

183 2827 534 2899 ὑπερέθεσθε
566 2827 709 2884 κατὰ
738 2827 891 2894 τάξιν
942 2828 1346 2900 ἐπισκέψασθαι
1401 2826 1502 2897 τὴν
1558 2826 1780 2897 Μαύρι-

182 2922 412 2976 ταινίαν.

260 3016 542 3087 Αὐρήλιος
574 3016 874 3082 ἐπίσκοπος
937 3011 1127 3072 εἷπενο
1160 3016 1297 3070 Τότε
1358 3014 1489 3086 περὶ
1524 3016 1624 3085 τῆς
1672 3011 1783 3067 τῶν

181 3110 568 3182 Μαυριτανῶν
594 3110 778 3181 χώρας
817 3110 971 3166 οὐδὲν
1021 3109 1327 3180 ὡρίσαμεν,
1360 3109 1449 3163 διὰ
1500 3108 1562 3161 τὺ
1584 3109 1664 3171 είς
1713 3104 1784 3161 τὰ

1885 2105 2017 2163 etc.,
2043 2106 2099 2151 ut
2125 2112 2253 2167 pag.
2287 2096 2415 2151 474.

2169 2187 2396 2243 Concilii
2425 2186 2862 2260 Carthaginensis
2890 2206 3056 2244 canon
3090 2189 3157 2244 52

2312 2278 2389 2334 De
2408 2280 2691 2334 visitandis
2733 2283 3041 2351 provinciis.

1955 2369 2046 2425 52.
2086 2366 2399 2426 Honoratus
2418 2371 2465 2402 ⁸ο
2494 2380 2551 2426 et
2590 2369 2840 2428 Urbanus
2886 2370 3125 2443 episcopi
3158 2370 3416 2426 dixerunt
3448 2389 3463 2427 :

1884 2460 1953 2516 Et
1987 2461 2117 2516 illud
2157 2462 2316 2517 nobis
2345 2462 2514 2518 verbo
2539 2464 2862 2519 mandatum
2908 2474 3011 2528 est,
3041 2463 3204 2535 347
3246 2472 3306 2518 ut
3336 2464 3465 2533 quia

1884 2555 2246 2612 constitutum
2298 2562 2383 2610 est
2426 2556 2483 2610 in
2534 2557 2768 2612 concilio
2813 2556 3175 2628 Hipponensi,
3222 2557 3468 2625 singulas

1883 2647 2198 2718 provincias
2247 2656 2492 2717 tempore
2538 2648 2758 2705 concilii
2813 2649 3117 2705 visitandas
3146 2665 3269 2705 esse
3299 2649 3461 2719 (22‘),

1885 2741 2183 2812 dignemini
2226 2741 2414 2807 etiam,
2444 2743 2591 2812 quod
2640 2741 2748 2799 hoc
2788 2758 2935 2799 anno
2987 2744 3289 2798 secundum
3319 2741 3469 2797 ordi-

1884 2845 2008 2886 nem
2037 2830 2347 2897 distulistis,
2382 2831 2467 2886 vel
2502 2832 2614 2889 alio
2640 2847 2787 2888 anno
2816 2832 3203 2888 Mauritaniam
3242 2833 3468 2903 provin-

1883 2922 2025 2979 ciam
2056 2923 2298 2978 visitare.

1954 3019 2210 3075 Anrelius
2238 3019 2527 3090 episcopus
2552 3020 2725 3076 dixit:
2750 3019 2906 3077 Tunc
2927 3021 2995 3076 de
3016 3020 3292 3091 provincia
3319 3018 3472 3076 Mau-

1884 3111 2106 3178 ritania,
2146 3122 2435 3182 propterea
2483 3114 2633 3185 quod
2686 3113 2740 3167 in
2783 3113 2987 3170 ﬁnibus
3038 3112 3237 3169 Africae
3288 3116 3470 3183 posita

178 3202 325 3274 τέλη
346 3203 448 3272 τῆς
497 3202 765 3274 Ἀφρικῆς
815 3205 1029 3257 κεῖσθαι
1068 3201 1257 3274 αὐτὴν,
1285 3201 1381 3255 καὶ
1410 3202 1491 3256 ὅτι
1528 3200 1608 3270 τῷ
1648 3200 1779 3272 βαρ-

1918 3204 1979 3268 it,
2022 3205 2157 3258 nihil
2200 3206 2515 3272 statuimus,
2564 3206 2835 3276 siquidem
2885 3205 3077 3260 vicinae
3108 3203 3234 3277 [ms.
3277 3200 3467 3275 vicini]

181 3292 417 3363 ϐαρικῷ
439 3292 788 3364 παράκειται·
810 3295 838 3347 ὁ
858 3292 912 3346 δὲ
930 3292 1060 3355 Θεὸς
1076 3291 1346 3361 παράσχοι
1369 3293 1434 3344 ἐκ
1463 3288 1779 3361 περιουσίας

1916 3304 2014 3350 unt
2062 3295 2399 3352 Barbarico:
2432 3298 2528 3353 sed
2576 3307 2799 3368 praestet
2848 3296 3014 3361 Deus,
3073 3305 3134 3349 ut
3181 3311 3247 3350 ex
3292 3296 3470 3349 abun-

102 3454 105 3455 ,
181 3384 459 3438 δύνασθαι
512 3386 683 3455 ἡμᾶς,
738 3385 831 3438 καὶ
889 3384 965 3455 μὴ
1030 3381 1533 3453 ἐπαγγειλαμένους
1620 3381 1779 3434 τοῦτο

1921 3390 2033 3443 anti
2074 3404 2183 3443 non
2215 3390 2539 3459 pollicentes
2586 3389 2777 3445 venire
2812 3390 3096 3459 possimus
3131 3389 3198 3441 ad
3233 3397 3469 3443 vestram

182 3480 403 3540 ποιεῖν,
440 3477 535 3530 καὶ
596 3476 1003 3548 παραγενέσθαι
1061 3477 1143 3539 είς
1199 3474 1299 3545 τὴν
1351 3472 1536 3545 χώραν
1587 3471 1777 3542 ὑμῶν’

180 3568 445 3638 ὀφείλετε
472 3567 581 3639 γὰρ
646 3568 874 3633 ἐννοεῖν,
942 3567 1181 3637 ἀδελφοὶ,
1238 3568 1321 3620 ὃτι
1378 3566 1472 3620 ἐὰν
1524 3562 1782 3635 λογισμὸς

184 3665 411 3733 ἀπαιτῇ
433 3661 590 3716 τοῦτο
651 3663 781 3733 περὶ
803 3660 1014 3715 ἑαυτῶν
1042 3659 1351 3726 διεξελθεῖν,
1409 3658 1671 3728 ἠδύναντο
1685 3658 1782 3713 καὶ

184 3758 238 3811 οἱ
278 3755 665 3827 Τριπολιτανοὶ
692 3752 787 3807 καὶ
812 3755 862 3806 οἱ
905 3752 1275 3825 Ἀρζουῖτανοὶ
1303 3750 1546 3821 ἀδελφοί.

183 3871 473 3928 Συνόόου
505 3870 891 3937 Χαλκηδόνος
912 3869 982 3923 ἐκ
1017 3868 1126 3936 τῆς
1161 3867 1449 3937 τετάρτης
1485 3867 1779 3938 πράξεως,

260 3946 418 3998 ἔνθα
468 3941 777 3995 σκοπεῐται
828 3940 895 3993 τὸ
946 3940 1277 4008 κεφάλαιον
1326 3939 1392 3994 τὸ
1444 3941 1597 3995 κατὰ
1639 3942 1782 4009 τοὺς

261 4013 643 4079 ἐπισκόπους
666 4011 811 4078 τοὺς
840 4011 942 4066 ἀπ’
969 4010 1293 4079 Αἰγύπτου.

263 4130 333 4182 Oi
370 4126 944 4199 μεγαλοπρεπέστατα
979 4125 1074 4179 καὶ
1113 4124 1445 4192 ἐνδοξότατοι
1496 4125 1779 4199 ἄρχοντες,

185 4220 293 4277 καὶ
319 4222 354 4291 ἡ
382 4219 669 4290 ὑπερφυὴς
709 4216 1013 4288 σύγκλητος
1039 4212 1213 4272 εἶπεν.

264 4310 340 4366 α’.
392 4310 612 4381 Ἐπειδὴ
641 4310 689 4363 oi
718 4308 1103 4364 εύλαὸέστατοι
1151 4308 1444 4363 ἐπίσκοποι
1488 4309 1587 4381 τῆς
1614 4310 1782 4379 Δίγυε-

188 4405 394 4468 πτίων,
438 4419 493 4458 κ.
522 4419 573 4455 τ.
602 4401 653 4455 λ.

373 4496 720 4555 Πασκασῖνος
768 4494 799 4546 ό
860 4490 1257 4555 εὐλαϐέστατος
1291 4491 1590 4557 ἐπίσκοπος
1612 4532 1629 4551 .
1686 4510 1779 4547 το-

190 4587 520 4661 ποτηρητὴς
552 4586 645 4641 τοῦ
684 4584 1045 4642 ἀποστολικοῦ
1095 4583 1285 4655 θρόνου
1322 4584 1562 4668 Ῥώμης.
1596 4583 1773 4642 εἶπεν·

1885 3482 2245 3553 provinciam.
2286 3482 2543 3554 Cogitare
2595 3483 2741 3536 enim
2794 3482 3026 3545 debetis,
3068 3481 3287 3544 fratres,
3338 3480 3468 3550 quia

1885 3574 1991 3630 hoc
2030 3573 2133 3629 sibi
2160 3582 2215 3629 et
2244 3572 2573 3643 Tripolitani
2600 3583 2654 3629 et
2682 3573 3003 3642 Arzugitani
3038 3571 3241 3628 fratres
3276 3581 3469 3643 potue-

1880 3676 2011 3723 runt
2038 3666 2277 3737 exigere,
2306 3666 2353 3723 si
2380 3666 2521 3722 ratio
2558 3672 2865 3735 pateretur.

1946 3869 2175 3939 Conciiii
2197 3869 2639 3943 Chalcedonensis
2669 3886 2735 3926 ea:
2755 3871 2962 3926 actione
3002 3879 3195 3943 quarta
3220 3870 3276 3924 in
3295 3869 3468 3939 capite

1882 3941 1946 3997 de
1970 3943 2228 4011 episcopis
2265 3940 2512 4012 Egypti.

1956 4127 2479 4199 Magnitlcentissimi
2519 4136 2574 4183 et
2597 4127 2979 4199 gloriosissimi
3017 4127 3233 4199 iudices
3266 4135 3321 4183 et
3341 4141 3463 4182 am-

1881 4221 2163 4292 plissimus
2191 4229 2416 4275 senatus
2443 4219 2702 4275 dixerunt
2736 4234 2753 4275 :

1953 4310 2005 4365 1.
2048 4308 2319 4375 Quoniam
2380 4309 2826 4365 reverendissimi
2883 4308 3124 4380 episcopi
3178 4306 3468 4381 Egyptia-

1880 4416 2027 4463 rum,
2059 4409 2188 4465 etc.,
2216 4408 2275 4453 ut
2303 4416 2424 4469 pag.
2459 4398 2583 4452 694.

2049 4491 2422 4548 Paschasinus
2450 4491 2939 4548 reverendissimus
2968 4493 3259 4564 episcopus
3277 4533 3292 4560 ,
3322 4492 3468 4548 vica-

1881 4588 2002 4643 rius
2035 4587 2183 4642 sedis
2204 4584 2539 4656 apostolicae,
2581 4584 2720 4638 dixit
2747 4601 2760 4638 :

266 4680 336 4752 β’.
365 4682 427 4734 Εἰ
449 4681 773 4752 προστάττει
796 4679 830 4749 ἡ
850 4677 1091 4748 ὑμετέρα
1115 4675 1333 4741 ἐξουσία
1353 4718 1367 4742 ,
1390 4680 1483 4732 καῖ⁵
1530 4680 1779 4737 κελεύετέ

1956 4677 2011 4732 2.
2039 4674 2094 4730 Si
2122 4676 2440 4746 praeceperit
2467 4673 2581 4746 (2⁵5)
2616 4674 2789 4745 gloria
2809 4683 3013 4739 vestra,
3041 4682 3096 4729 et
3123 4674 3328 4746 jubetis
3361 4675 3468 4731 illis

188 4777 248 4829 τί
277 4791 411 4828 ποτε
447 4773 628 4835 αὐτοῖς
683 4770 1095 4842 παρασχεθῆναι
1138 4768 1550 4841 φιλανθρωπίας
1588 4774 1783 4844 ἐχόμε-

190 4883 310 4931 νον,
346 4864 551 4934 ἐγγύας
584 4862 846 4927 δότωσαν,
876 4862 958 4914 ὅτι
983 4860 1084 4913 οὐκ
1109 4858 1422 4931 ἐξέρχονται
1453 4862 1658 4933 ταύτης
1680 4866 1782 4936 τῆς

190 4957 431 5022 πόλεως,
459 4956 565 5020 ἕως
596 4947 656 5009 οὗ
683 4956 715 5026 ὴ
753 4951 1147 5023 Ἀλεξανδρέων
1196 4952 1498 5007 ἐπίσκοπον
1535 4953 1777 5025 δέξηται.

269 5050 336 5102 Οί
372 5047 947 5118 μεγαλοπρεπέστατα
987 5045 1082 5097 καὶ
1136 5041 1471 5107 ἐνδοξότατοι
1520 5043 1782 5115 ἄρχοντες

192 5145 291 5199 καὶ
317 5146 353 5213 ἠ
384 5141 668 5212 ὑπερφυὴς
698 5139 1002 5210 σύγκλητος
1026 5133 1200 5192 εἶπεν.

268 5242 343 5305 γ’.
386 5236 451 5288 Ἡ
512 5233 604 5288 τοῦ
682 5232 980 5287 ὁσιωτάτου
1067 5230 1368 5284 ἐπισκόπου
1429 5230 1778 5285 Πασκασίνου

192 5330 379 5402 ψῆφος
430 5327 624 5397 βεϐαία
654 5327 793 5380 έστω
823 5343 837 5356 σ
872 5326 994 5379 ὅθεν
1042 5325 1297 5396 μένοντες
1328 5324 1419 5377 ἐπὶ
1452 5323 1547 5377 τοῦ
1575 5325 1776 5378 οἰκείου

202 5423 494 5493 σχήματος
561 5421 609 5473 oi
661 5418 1050 5472 εύλαϐέστατοι
1113 5416 1405 5470 ἐπίσκοποι
1465 5416 1575 5471 τῶν
1619 5418 1784 5485 Δίγυ-

268 5559 317 5592 ⁸⁶
345 5560 514 5614 Cone.
545 5556 716 5611 Afric.
756 5571 806 5611 c.
844 5554 935 5611 19.

267 5696 408 5768 (22‘)
451 5694 746 5753 Visitandis
772 5696 839 5752 ab
878 5690 1478 5768 episcopo_(_3_arthagi_n.
1508 5688 1655 5768 Nihil
1687 5691 1776 5749 hic

199 5763 284 5823 de‘
302 5763 584 5822 visitatore
618 5770 876 5838 episcopo
900 5763 1120 5838 agitur.‘
1153 5763 1379 5838 Visitare
1408 5763 1515 5817 hoc
1543 5763 1664 5816 loco
1688 5772 1774 5838 est

200 5839 397 5894 adesse
426 5833 667 5893 concilio"
691 5833 960 5909 plen'ario,
980 5834 1133 5909 quod
1154 5848 1299 5909 nunc
1327 5833 1394 5909 in_
1415 5847 1522 5886 una
1549 5834 1771 5909 provin-

200 5910 309 5973 cia,
358 5924 503 5964 nunc
531 5908 585 5962 in
621 5903 787 5964 altera
820 5903 1014 5977 cogere
1051 5904 1282 5960 debebat
1312 5903 1603 5974 episcopus
1630 5903 1766 5959 Car-

202 5980 351 6052 ωδε.
387 5994 456 6036 ex
488 5978 703 6064 decreto
734 5974 933 6036 concii.
970 5974 1202 6048 llippon.

1880 4768 2085 4838 aliquid
2141 4766 2391 4838 praestari
2421 4766 2804 4834 humanitatis,
2841 4768 3260 4837 iidejussoribus
3295 4767 3462 4831 datis,
3512 4792 3523 4799 κ

1880 4878 1989 4918 non
2013 4872 2211 4916 exeant
2231 4860 2299 4917 de
2330 4862 2436 4917 ista
2462 4861 2705 4928 civitate,
2731 4862 2970 4932 quandiu
2994 4861 3324 4917 Alexandria
3351 4862 3463 4932 (24)

1880 4954 2198 5026 episcopum
2228 4953 2480 5022 accipiat.

1950 5046 2477 5117 Magniﬁcentissimi
2518 5054 2574 5100 et
2610 5045 2999 5117 gloriosissimi
3022 5045 3236 5115 iudices
3266 5052 3321 5098 et
3345 5059 3465 5098 am-

1880 5139 2164 5211 plissimus
2194 5150 2421 5195 senatus
2444 5137 2703 5194 dixerunt
2730 5156 2745 5193 :

1953 5232 2118 5303 348
2145 5232 2199 5287 5.
2236 5232 2581 5287 Sanctissimi
2620 5231 2767 5304 [Div.
2795 5240 2845 5285 et
2892 5231 3071 5286 Paris.
3107 5229 3468 5285 Revercndis-

1884 5324 2056 5397 simi.]
2078 5325 2390 5380 Paschasini
2419 5324 2490 5380 sit
2517 5325 2732 5380 firmum
2766 5324 2877 5396 11d.
2899 5322 3131 5394 certum]
3176 5322 3466 5392 judicium.

1886 5416 2041 5473 Unde
2089 5423 2479 5488 permanentes
2524 5415 2579 5471 in
2628 5416 2851 5487 proprio
2895 5415 3084 5469 habitu
3117 5413 3467 5468 reverendis~

1957 5690 2072 5762 (23)
2103 5691 2270 5763 (ἔοι-ιι.
2289 5691 2350 5748 Si
2391 5692 2639 5763 praecepit
2667 5707 2687 5757 ;
2719 5687 2865 5763 quod
2894 5689 3142 5763 Crapﬁbus
3176 5689 3253 5763 ita
3281 5700 3469 5763 emen-

1880 5756 2029 5839 davit
2054 5756 2073 5815 Ξ
2224 5756 2571 5839 praeceperit
2596 5756 2911 5839 Legendum
2934 5778 2949 5817 :
2982 5760 3042 5815 Si
3060 5758 3340 5839 praecipit.
3360 5756 3470 5838 .At;

1879 5850 1985 5904 que
2016 5834 2089 5888 ita
2106 5830 2326 5904 liabent
2356 5830 2575 5889 codices
2616 5830 2945 5904 Parisiensis
2975 5842 3029 5885 et
3058 5830 3427 5904 [)ivionensis.

1951 5905 2065 5975 (‘24)
2101 5902 2317 5960 Divion.
2361 5904 2702 5960 Alexandria:
2736 5903 3053 5973 Episcopum
3104 5898 3395 5969 accipiant.
