3980 6398
138 394 254 457 833

934 384 1336 449 SYNTAGMA
1367 378 1754 445 CANONUM.
1783 402 1852 414 ·-·-
1879 379 2027 442 ΤΙΤ.
2064 381 2139 455 Χ,
2178 380 2335 443 CAP.
2370 380 2537 444 VIII.

3287 383 3394 447 834

139 503 428 576 παῖδαςοῆ
450 503 525 576 μὴ
540 503 708 559 ὄντων
759 499 962 566 αὐτῶν,
994 501 1277 567 συγγενεῖς
1297 496 1607 568 όρθοδόξους
1630 514 1643 526 υ
1672 496 1718 548 εί

1835 494 1984 549 uendi
2016 494 2327 550 facultatem
2374 493 2598 549 habeto.
2636 490 2745 549 Sed
2803 492 2848 550 si
2883 508 2952 550 ex
3002 493 3190 551 liberis
3220 495 3389 568 aliqui

129 600 189 653 δέ
217 616 370 661 τινες
394 597 501 652 τῶν
526 597 731 650 παίδων
749 594 887 648 είσῖν
903 593 1192 664 όρθόδοξοι,
1222 591 1359 654 τινὲς
1381 590 1437 642 δὲ
1462 588 1544 655 οὓ,
1574 590 1607 660 ἡ
1629 590 1719 641 οὐ-

128 690 225 743 σία
259 691 348 752 είς
378 689 504 751 τοὺς
546 686 861 759 ὀρθοδόξους
919 686 1160 756 ἔρχεται,
1198 684 1302 736 κᾶν
1347 684 1374 735 0
1407 680 1589 751 πατὴρ
1618 680 1717 759 01-

127 782 267 845 λους
302 779 503 851 ἔγραψε
539 752 917 849 κληρονόμους
938 752 1030 829 (ἐι
1068 776 1124 829 δὲ
1151 774 1296 845 μετὰ
1332 774 1501 827 ταῦτα
1529 774 1578 825 οἱ
1630 752 1715 825 άξ-

131 873 357 943 ρετικοὶ
417 871 640 940 ἀδελφοὶ
713 869 984 940 όρθόδοξοι
1056 866 1343 937 γένωνται,
1391 866 1591 918 δίδοται
1656 864 1719 918 τὸ

128 964 336 1033 αἱροῦν
364 964 547 1025 αὐτοῖς
582 962 769 1033 μέρος,
794 962 853 1014 οὐ
881 961 985 1032 μὴν
1005 961 1097 1013 καὶ
1116 962 1166 1013 οί
1192 958 1552 1030 προλαϐόντες
1582 974 1719 1028 καρ-

130 1059 262 1118 ποὶ,
292 1054 416 1108 οὔτε
444 1054 640 1122 λόγους
665 1051 954 1107 ἀπαιτοῦσι
1006 1051 1105 1120 τῆς
1168 1050 1519 1118 διοικήσεως·
1579 1048 1719 1112 τέως

128 1146 192 1200 δὲ
230 1147 307 1200 τά
336 1146 639 1217 πράγματα
676 1146 725 1198 οἱ
759 1143 1033 1214 όρθόδοξοι
1067 1143 1305 1195 ἐκποιεῖν
1327 1141 1387 1194 οὐ
1419 1140 1678 1195 δύνανται
1701 1155 1716 1171 ο

128 1240 180 1292 εί
218 1238 330 1308 μέν
372 1255 453 1291 τοι
510 1238 672 1308 μέχρι
718 1236 975 1306 τελευτῆς
1015 1234 1335 1305 ἐπιμείνωσι
1396 1235 1462 1303 τῇ
1520 1231 1717 1302 πλάνῃ,

133 1329 333 1400 πλήρη
362 1329 458 1401 τὴν
482 1327 798 1381 δεσποτείαν
833 1327 1066 1381 κτῶνται
1115 1327 1165 1378 οἱ
1210 1324 1477 1395 ὀρθόδοξοι
1533 1323 1626 1375 καὶ
1669 1321 1721 1375 οἱ

131 1423 505 1493 κληρονόμον
543 1422 592 1475 εί
628 1421 684 1474 δὲ
711 1420 911 1482 πάντες
940 1419 990 1471 οἱ
1042 1418 1231 1480 παῖδες
1269 1417 1531 1487 αίρετικοί
1560 1418 1719 1482 εἰσιν,

133 1514 418 1582 δρθόδοξοι
465 1515 750 1581 συγγενεῖς
801 1509 1269 1580 κληρονομοῦσιν·
1297 1508 1424 1562 είδέ
1471 1506 1545 1577 μὴ
1590 1507 1719 1570 εἰσὶ,

129 1606 283 1670 τότε,
340 1606 386 1658 εί
434 1606 532 1675 μὲν
565 1601 816 1674 κληρικοί
850 1603 987 1653 είσιν
1042 1602 1090 1653 οἱ
1128 1602 1325 1668 γονεῖς,
1358 1601 1391 1669 ἡ
1426 1598 1723 1666 Ἐκκλησία

130 1697 237 1764 τῆς
280 1698 496 1760 πόλεως
544 1698 602 1750 ἐν
645 1690 807 1767 ᾖτὴν
855 1695 1066 1763 οἴκησιν
1127 1689 1294 1762 εἶχον,
1333 1692 1596 1761 λαμϐάνει
1654 1690 1724 1745 τά

134 1788 493 1858 πράγματα’
549 1789 599 1839 εί
656 1786 712 1838 δὲ
762 1785 811 1838 οῖ
868 1784 1313 1855 ἐκκλησιαστικοὶ
1386 1783 1718 1837 δι’ἐνιαυτοῦ

1820 584 1930 639 sint
1956 585 2268 648 orthodoxi,
2306 584 2476 655 aliqui
2512 599 2643 639 vero
2672 599 2783 639 non
2816 603 2830 639 :
2865 586 3172 642 substantia
3204 588 3269 641 ad
3299 603 3392 643 or-

1821 676 2096 732 thodoxos
2122 678 2366 747 pervenit
2393 695 2408 731 :
2436 676 2653 742 tametsi
2696 688 2849 745 pater
2870 678 3008 733 alios
3037 677 3246 752 [etiam]
3278 681 3389 735 lim-

1818 768 1975 823 redes
2005 768 2304 838 scripserit.
2334 768 2391 823 Si
2414 784 2539 823 vero
2558 770 2905 839 postmodum
2932 770 3171 825 haeretici
3196 772 3393 827 fratres

1818 858 2109 914 orthodoxi
2158 857 2305 922 ﬁant,
2339 858 2500 912 datur
2534 858 2665 928 ipsis
2697 870 3009 928 competens
3035 854 3212 929 portio
3242 878 3254 913 :
3283 876 3392 914 non

1819 958 2002 1005 autem
2030 948 2193 1020 350
2213 949 2374 1004 etiam
2407 950 2664 1019 praeteriti
2695 950 2905 1006 fructus
2943 967 3117 1020 neque
3155 952 3394 1006 admini-

1820 1043 2105 1100 strationis
2137 1043 2380 1097 rationes
2400 1043 2646 1112 exigunt.
2676 1042 2896 1100 interim
2930 1055 3107 1100 tamen
3148 1063 3232 1100 res
3261 1045 3397 1119 [liae-

1818 1132 2129 1205 reditarias]
2163 1134 2451 1189 orthodoxi
2481 1136 2720 1189 alienare
2746 1152 2853 1189 non
2884 1146 3129 1206 possunt.
3162 1138 3230 1191 At
3250 1139 3295 1193 si
3326 1138 3394 1192 ad

1820 1235 2053 1282 mortem
2080 1241 2257 1295 usque
2288 1226 2343 1279 in
2367 1240 2558 1279 errore
2586 1228 3007 1295 permanserint,
3038 1230 3255 1299 plenum
3300 1232 3397 1283 do-

1821 1318 2050 1372 minium
2073 1316 2365 1371 orthodoxi
2414 1314 2759 1389 [eorumque]
2796 1319 3039 1376 haeredes
3080 1322 3395 1391 acquirunt.

1821 1407 1989 1462 Plane
2014 1409 2061 1464 si
2100 1423 2291 1463 omnes
2322 1408 2478 1461 liberi
2520 1408 2761 1463 haeretici
2792 1411 2922 1475 sint,
2957 1414 3171 1481 cognati
3206 1416 3400 1467 ortho-

1823 1500 1954 1555 doxi
1988 1500 2230 1554 haeredes
2264 1500 2420 1555 ﬁunt.
2446 1498 2551 1564 Qui
2582 1502 2627 1555 si
2656 1502 2787 1555 nulli
2815 1503 2946 1565 sint,
2982 1511 3095 1557 tum
3140 1505 3187 1560 si
3216 1504 3400 1559 clerici

1821 1600 2074 1662 parentes
2119 1590 2343 1655 fuerint,
2371 1592 2613 1647 Ecclesia
2638 1592 2908 1659 civitatis,
2944 1592 2998 1647 in
3033 1609 3139 1662 qua
3166 1595 3399 1648 domici—

1824 1684 1957 1738 lium
1991 1684 2325 1744 habuerunt,
2362 1683 2648 1739 facultates
2698 1685 2947 1754 percipit.
2994 1684 3100 1741 Sed
3154 1687 3200 1741 si
3230 1687 3403 1742 eccle-

1823 1764 2059 1830 siastici‘
2096 1777 2235 1829 intra
2288 1790 2491 1829 annum
2542 1776 2663 1855 illas
2711 1778 2992 1832 vindicare
3044 1780 3403 1849 neglexerint,

135 1853 486 1948 ἀμελήσουσι
540 1875 880 1945 διεκδικῆσαι
931 1853 1035 1927 τὰή
1077 1874 1398 1944 πράγματα.
1442 1876 1470 1926 0
1527 1874 1717 1942 φίσκος

1835 1867 1969 1935 :apit
1998 1879 2090 1922 eas
2119 1865 2304 1921 ﬁscus.
2330 1865 2396 1918 At
2428 1866 2470 1919 si
2502 1866 2623 1921 laici
2658 1853 2879 1933 fuerint,
2923 1870 3037 1923 sive
3082 1872 3261 1925 testati
3295 1871 3405 1924 sint

133 1971 280 2023 αὐτὰ
316 1969 623 2038 λαμϐάνει·
655 1968 703 2021 εί
746 1968 803 2020 δὲ
862 1965 1040 2021 λαῖκοί
1070 1967 1229 2031 εἰσιν,
1279 1968 1307 2019 0
1349 1966 1541 2035 φίσκος
1581 1966 1724 2020 αὐτὰ

130 2062 438 2131 λαμϐάνει,
469 2062 577 2113 εῐτε
600 2059 837 2113 διέθεντο
860 2061 973 2112 εἴτε
996 2059 1067 2128 μή
1088 2073 1102 2087 ·
1124 2057 1194 2110 τὰ
1218 2057 1355 2111 αὐτὰ
1393 2059 1603 2128 κρατεῖ,
1629 2058 1724 2110 ἐάν

132 2155 162 2205 ό
196 2156 339 2217 παῖς
400 2151 677 2223 όρθόδοξος
708 2150 805 2215 ὢν,
854 2150 1109 2219 αἴσθηται
1139 2151 1265 2211 τοὺς
1300 2152 1479 2217 γονεῖς
1512 2151 1725 2218 αἱρετι-

137 2246 294 2307 κοὺς,
334 2244 462 2297 ὅταν
497 2243 659 2305 αὐτὸς
688 2243 716 2294 0
737 2243 867 2304 παῖς
901 2240 1262 2311 διατίθηταιῆ
1294 2238 1721 2309 κληρονομῆται.

220 2332 289 2385 Ἦ
329 2339 375 2386 α’
414 2332 542 2403 περὶ
573 2330 681 2383 τῶν
713 2328 1093 2399 Σαμαρειτῶν,
1157 2327 1386 2397 δευτέρα
1443 2326 1577 2381 οὖσα
1632 2325 1724 2379 τοῦ

134 2426 245 2478 τίτ.
280 2424 380 2477 τοῦ
399 2422 449 2492 γ’
475 2422 583 2476 τῶν
604 2422 854 2491 Νεαρῶν,
881 2420 1222 2490 συνεχώρησε
1239 2420 1362 2482 τοὺς
1385 2418 1725 2489 Σαμαρείτας

139 2516 451 2585 λαμϐάνειν
480 2513 690 2583 δωρεὰς
718 2514 810 2566 καὶ
841 2514 907 2565 ἐκ
960 2512 1257 2581 διαθηκῶν,
1286 2512 1380 2564 καὶ
1404 2510 1604 2564 διδόναι
1634 2511 1729 2563 καὶ

140 2607 551 2679 παραπέμπειν
583 2604 958 2674 Σαμαρείταις
977 2604 1156 2659 αὑτῶν
1190 2602 1350 2657 παισὶ
1385 2603 1480 2657 καὶ
1510 2602 1727 2672 γονεῦσι

139 2700 235 2751 καὶ
254 2697 583 2765 συγγενέσιν
605 2712 617 2727 ο
642 2697 676 2766 ἡ
716 2696 813 2765 μέν
841 2710 924 2748 τοι
971 2695 1258 2749 τελευταία
1303 2694 1432 2766 περὶ
1460 2695 1729 2764 Σαμαρει-

137 2788 272 2851 τῶν,
305 2785 356 2855 γ²
382 2782 519 2840 οὖσα
550 2784 643 2839 τοῦ
669 2783 716 2852 γ’
745 2785 848 2839 τίτ.
876 2786 985 2838 τῶν
1032 2785 1261 2858 Νεαρῶν
1300 2803 1464 2856 φησιν
1484 2827 1499 2852 ,
1530 2787 1635 2851 ὅτι,
1663 2786 1728 2839 Οί

141 2879 495 2949 Σαμαρεῖται
553 2877 614 2930 οὐ
662 2876 1091 2946 κληρονομοῦσιν
1144 2879 1208 2931 ἐκ
1260 2877 1525 2948 διαθήκης
1577 2877 1611 2947 ἢ
1670 2878 1730 2941 ἐξ

139 2969 458 3033 άδιαθέτου,
516 2967 639 3022 οὔτε
710 2968 921 3039 ληγάτα
977 2967 1010 3037 ἢ
1057 2967 1265 3036 δωρεὰς
1327 2967 1727 3037 λαμϐάνουσινο

139 3062 254 3115 ἀλλ’
280 3061 417 3116 οὔτε
435 3061 707 3131 διαδόχους
736 3060 948 3126 ἕξουσιν
977 3060 1035 3124 ἐξ
1059 3060 1335 3130 άδιαδόχου
1367 3060 1727 3132 Σαμαρείτας,

139 3152 173 3222 ἢ
206 3153 724 3225 σχηματιζομένους
758 3153 856 3222 μέν
905 3152 1029 3215 τοὺς
1057 3152 1393 3223 όρθοδόξους,
1450 3154 1548 3222 οὐχ
1590 3152 1732 3205 οὕτω

140 3245 196 3299 δὲ
227 3246 609 3316 φρονοῦντας’
665 3243 791 3297 οὗτε
840 3244 897 3297 δὲ
949 3244 1282 3298 διατίθεσθαι
1349 3245 1728 3315 ἢδωρεῖσθαι,

142 3338 189 3389 εί
223 3338 303 3408 μὴ
340 3338 463 3400 τοῖς
494 3336 794 3406 όρθοδόξοις
828 3335 922 3389 καὶ
982 3336 1165 3389 πίστει
1218 3336 1312 3389 καὶ
1359 3335 1540 3405 ἔργοις
1565 3351 1580 3367 ο
1610 3336 1734 3389 τού-

142 3442 252 3479 των
283 3426 346 3479 δὲ
378 3425 458 3496 μὴ
483 3423 672 3490 ὄντων,
707 3428 762 3479 αί
800 3425 981 3478 οὐσίαι
1037 3424 1178 3495 μετὰ
1218 3425 1448 3478 θάνατον
1502 3426 1582 3487 είς
1642 3426 1734 3479 τὸν

144 3515 349 3583 φίσκον
382 3514 669 3583 ἔρχονται·
698 3515 748 3567 οί
796 3514 852 3567 δέ
902 3514 1005 3583 γῆν
1055 3512 1514 3584 διαγεωργοῦντες
1550 3515 1736 3586 Σαμα-

146 3607 354 3676 ρεῖται,
396 3604 650 3661 δύνανται
678 3604 911 3676 γράφειν
941 3605 1312 3677 κληρονόμους
1369 3606 1617 3670 ἀνιόντας
1641 3607 1735 3660 καὶ

144 3697 447 3760 κατιόντας
481 3696 682 3761 αὐτῶν,
714 3699 811 3751 καὶ
836 3697 1158 3768 ληγατεύειν
1213 3700 1394 3761 αὐτοῖς
1421 3699 1514 3751 καὶ
1538 3701 1650 3761 τοῖς
1673 3700 1736 3751 ἐκ

146 3789 417 3857 πλαγίου,
439 3784 542 3841 κᾶν
567 3782 669 3842 ὦσι
686 3790 1023 3861 Σαμαρεῖται
1048 3804 1063 3819 ·
1108 3788 1313 3842 τούτων
1351 3788 1407 3840 δὲ
1443 3790 1517 3859 μὴ
1543 3790 1733 3857 ὄντων,

146 3882 174 3934 0
209 3879 307 3933 τοῦ
342 3879 548 3949 χωρίου
577 3878 862 3950 δεσπότης,
887 3881 944 3932 ὲν
971 3873 1015 3947 ᾧ
1046 3877 1307 3950 ἐγεώργει
1335 3882 1363 3933 ό
1385 3881 1734 3951 τελευτήσας,

146 3970 246 4042 τὴν
285 3970 487 4023 οὐσίαν
521 3968 808 4039 λαμϐάνει,
854 3969 949 4022 τὸν
985 3968 1149 4022 τόπον
1176 3971 1234 4022 ἐν
1288 3968 1464 4041 τούτῳ
1518 3969 1613 4023 τοῦ
1647 3972 1737 4039 φί-

150 4079 280 4115 σκου
314 4060 554 4130 ἐπέχων.

226 4153 297 4205 Ἥ
327 4152 388 4205 δὲ
419 4151 463 4221 γ’
484 4152 622 4208 διάτ.
649 4153 742 4206 τοῦ
778 4151 822 4223 β’
855 4154 961 4208 τίτ.
1009 4152 1117 4205 τῶν
1154 4151 1382 4223 Νεαρῶν
1410 4151 1596 4219 λέγει’
1615 4153 1736 4222 Μη-

148 4244 255 4307 δεὶς
286 4244 573 4315 αἱρετικὸς
624 4246 700 4317 μὴ
752 4246 895 4299 κατὰ
949 4245 1274 4317 μίσθωσινῆ
1324 4244 1733 4316 ἐμφύτευσιν,ἢ

148 4335 459 4405 ἁγορασίαν
489 4335 716 4407 ῆέτέρῳ
745 4338 933 4407 τρόπῳ
986 4337 1217 4406 ἀκίνητα
1268 4336 1569 4406 πράγματα
1601 4336 1739 4406 λαμ-

152 4430 371 4483 ϐανέτω
405 4430 513 4483 άπὸ
554 4430 902 4501 Ἐκκλησίας,
931 4431 965 4502 ἢ
1011 4430 1170 4484 άλλου
1204 4430 1502 4500 σεϐασμίου
1527 4430 1694 4482 τόπου
1719 4446 1734 4462 ο

1826 1956 1943 2012 sive
1973 1958 2122 2020 non,
2172 1955 2462 2011 facultates
2491 1956 2659 2012 ﬁscus
2697 1960 2861 2026 capit.
2900 1960 3099 2014 Eadem
3135 1961 3406 2029 obtinent,

1827 2050 1874 2104 si
1906 2049 2051 2103 ﬁlius
2080 2048 2418 2103 orlhodoxus
2448 2059 2702 2119 parentes
2755 2050 3047 2108 haereticos
3081 2051 3246 2125 [esse]
3278 2070 3404 2107 seti-

1829 2140 1947 2205 tiat,
1982 2140 2201 2208 quando
2226 2138 2519 2212 [videlicet]
2544 2142 2658 2211 ipse
2689 2150 3071 2197 testamentum
3100 2144 3250 2207 facit,
3292 2146 3408 2201 sive

1828 2231 2167 2287 succeditur.

1899 2322 2088 2377 Const.
2123 2323 2189 2377 de
2231 2321 2596 2379 Samaritanis
2628 2326 2680 2391 1,
2710 2341 2831 2395 quae
2853 2325 2888 2378 2
2912 2335 2995 2380 est
3024 2327 3108 2381 tit.
3146 2328 3179 2381 5
3204 2326 3409 2382 Novel—

1828 2413 2027 2478 larum,
2046 2415 2296 2483 permisit
2316 2413 2676 2471 Samaritanis
2697 2428 2811 2471 tum
2836 2434 2903 2472 ex
2926 2419 3218 2472 donatione
3242 2430 3407 2489 atque

1828 2513 2154 2561 testamento
2184 2522 2397 2577 capere,
2427 2516 2541 2562 tum
2581 2510 2807 2574 donare,
2840 2521 2894 2563 et
2922 2511 2990 2564 ad
3021 2511 3222 2567 liberos
3253 2528 3405 2578 suos,

1827 2606 2106 2668 parentes,
2139 2610 2404 2671 cognatos
2423 2598 2800 2656 Samaritanos
2832 2604 3219 2659 transmittere.
3248 2606 3317 2659 At
3341 2606 3409 2660 de

1831 2687 2195 2743 Samaritanis
2230 2690 2328 2743 ult.
2359 2705 2481 2759 quae
2515 2699 2597 2745 est
2625 2690 2677 2755 5,
2716 2690 2801 2744 tit.
2831 2691 2864 2744 3
2897 2687 3242 2743 Novellarum
3268 2731 3283 2754 ,
3324 2688 3412 2743 di-

1830 2778 2308 2834 cit:Samaritaui
2370 2795 2439 2835 ex
2497 2788 2824 2835 testamento
2875 2791 2971 2835 aut
3029 2781 3099 2835 ab
3154 2782 3409 2835 intestato

1832 2871 2074 2927 haeredes
2106 2888 2214 2926 non
2251 2872 2408 2933 ﬁunt,
2440 2888 2617 2942 neque
2662 2873 2834 2943 legata
2886 2874 3283 2935 donationesve
3313 2889 3411 2927 ca-

1831 2964 1989 3032 piunt
2024 2980 2038 3016 :
2067 2964 2161 3017 sed
2183 2978 2280 3017 nec
2310 2963 2710 3029 Samaritanos,
2738 2976 2830 3019 aut
2855 2966 2948 3034 qui
2990 2964 3326 3019 orthodoxos
3353 2979 3413 3019 se

1834 3054 2137 3120 simulant,
2189 3071 2299 3109 nun
2345 3056 2420 3110 ita
2465 3068 2647 3112 autem
2696 3058 2984 3123 sentiunt,
3040 3056 3109 3110 ab
3158 3056 3414 3111 intestato

1834 3159 2180 3200 successores
2231 3145 2529 3202 habebunt.
2577 3145 2761 3216 Neque
2796 3146 2967 3219 [vero]
3028 3154 3413 3202 testamentum

1833 3235 2042 3292 faciunt
2077 3246 2171 3292 aut
2202 3239 2405 3307 legant,
2452 3247 2545 3291 aut
2580 3238 2809 3303 donant,
2862 3240 2965 3293 nisi
3009 3240 3331 3294 orthodoxis
3363 3246 3417 3293 et

1834 3330 1939 3384 ﬁde
1971 3340 2026 3384 et
2066 3330 2325 3399 Operibus
2356 3349 2368 3384 :
2403 3330 2604 3400 quibus
2635 3348 2743 3384 non
2784 3332 3234 3400 subsistentibus,
3270 3334 3415 3387 bona

1834 3431 1958 3492 post
2008 3433 2243 3477 mortem
2306 3423 2372 3477 ad
2417 3422 2608 3477 fiscum
2640 3427 2985 3494 perveniunt.
3022 3426 3288 3480 Caeterum
3324 3425 3418 3496 qui

1837 3512 2165 3568 Samaritani
2218 3519 2394 3568 terras
2428 3514 2649 3580 colunt,
2707 3522 2962 3584 parentes
2996 3526 3161 3586 atque
3207 3516 3417 3571 liberos

1835 3621 1967 3662 suos
1990 3606 2248 3661 haeredes
2278 3605 2539 3671 scribere,
2576 3614 2742 3676 atque
2778 3609 2908 3678 ipsis
2929 3617 2984 3663 et
3008 3624 3073 3662 ex
3105 3618 3419 3665 transverso

1838 3695 2162 3771 [cognatis],
2202 3700 2416 3754 tametsi
2438 3699 2771 3754 Samaritani
2805 3703 2937 3766 sint,
2964 3701 3141 3772 legare
3166 3712 3415 3770 possunt.

1837 3790 1994 3857 Quod
2032 3791 2077 3846 si
2103 3791 2295 3845 horum
2324 3792 2507 3845 nullus
2538 3791 2630 3857 sit,
2673 3793 2861 3863 praedii
2892 3794 2946 3846 in
2980 3809 3089 3863 quo
3117 3792 3275 3863 351
3322 3793 3420 3847 de-

1839 3878 2060 3935 functus
2084 3881 2512 3951 agricolabatur,
2546 3882 2805 3937 dominus
2832 3883 3194 3936 substantiam
3229 3884 3416 3954 capit‘:

1838 3969 2065 4043 [quippe
2103 3970 2221 4043 qui]
2270 3971 2443 4038 vicem
2475 3974 2592 4028 ﬁsci
2638 3972 2695 4026 in
2735 3974 2837 4028 hoc
2863 3974 3127 4028 obtineat.

1908 4155 2144 4210 Consﬁt.
2176 4157 2229 4221 '5,
2256 4156 2339 4211 tit.
2362 4156 2397 4210 2
2421 4155 2771 4211 Novellarum
2804 4156 2936 4210 dicit
2965 4174 2979 4210 :
3011 4156 3203 4211 Nullus
3248 4157 3419 4212 haere-

1839 4250 1978 4303 ticus
2010 4263 2104 4317 per
2126 4249 2551 4302 conductioncm
2585 4258 2677 4301 aut
2704 4250 3125 4319 etnpliyteusim,
3160 4257 3255 4303 aut
3301 4265 3421 4303 eni-

1841 4340 2106 4410 ptionem,
2125 4349 2222 4394 aut
2248 4340 2353 4394 alio
2383 4342 2548 4394 modo
2575 4341 2641 4393 ab
2669 4341 2905 4394 Ecclesia
2928 4342 3100 4395 aliove
3124 4342 3423 4399 venerabili

1841 4432 1968 4484 loco
1993 4443 2083 4483 res
2115 4430 2423 4484 immobiles
2462 4430 2661 4498 capito.
2697 4429 2913 4497 Alioqui
2966 4431 3252 4485 haereticus
3298 4447 3424 4501 quae

149 4521 274 4573 ἐπεὶ
299 4523 331 4572 0
356 4519 461 4589 μὲν
486 4521 761 4590 αίρετικδς
790 4521 859 4574 τὰ
909 4522 1042 4592 παρ’
1069 4520 1234 4574 αὐτοῦ
1287 4520 1505 4574 δοθέντα
1533 4521 1625 4573 ἐπὶ
1668 4522 1734 4591 τῇ

1845 4522 1947 4576 hac
1985 4520 2053 4576 de
2081 4536 2247 4576 causa
2283 4520 2450 4584 dedit,
2481 4520 2756 4573 amittito:
2794 4536 2883 4573 res
2917 4530 3099 4581 autem
3129 4524 3211 4591 ad
3238 4524 3419 4577 locum

150 4612 387 4686 τοιαύτῃ
411 4614 558 4684 αίτίᾳ
572 4614 875 4679 ἀπολλύτω,
896 4614 957 4667 τὸ
975 4614 1031 4667 δὲ
1074 4616 1306 4685 πρᾶγμα
1324 4617 1528 4668 ὲπανατ
1538 4613 1739 4683 ρεχέτω

152 4711 229 4772 είς
252 4708 353 4761 τὸν
389 4706 555 4761 τόπον
573 4708 633 4774 ἐξ
667 4703 729 4764 οὗ
764 4707 956 4778 ἐδόθη·
978 4710 1007 4762 0
1055 4708 1113 4761 δὲ
1170 4707 1418 4771 δεδωκὼς
1463 4707 1740 4779 διοικητὴς

155 4800 406 4871 εἴργεται
433 4797 526 4851 τοῦ
560 4798 747 4852 λοιποῦ
785 4799 967 4868 πάσης
1002 4799 1101 4868 τῆς
1140 4798 1483 4868 διοικήσεως,
1519 4798 1612 4850 καὶ
1638 4815 1739 4867 μο-

155 4891 441 4960 ναστηρίῳ
470 4887 822 4957 ἐμϐάλλεται,
868 4889 964 4942 x01.
1019 4888 1113 4939 ἐπὶ
1169 4888 1412 4941 ἐνιαυτὸν
1447 4888 1544 4957 τῆς
1576 4886 1739 4954 άγίας

157 4980 453 5043 κοινωνίας
481 4980 773 5050 χωρίζεται
812 4997 826 5010 ·
864 4982 898 5050 ἡ
941 4977 1081 5050 αὑτὴ
1134 4978 1192 5031 δὲ
1240 4979 1380 5032 διάτ.
1413 4978 1597 5049 φησιν,
1634 4978 1736 5043 ὅτι,

168 5076 293 5130 Ἐάν
328 5073 556 5138 τις,τῶν
581 5072 891 5145 αἱρετικῶν,
926 5067 1007 5135 οἷς
1058 5071 1515 5141 συναριθμοῦνται
1544 5069 1744 5123 Νεστο-

160 5169 339 5239 ριανοὶ
367 5168 465 5220 καὶ⁹
491 5165 909 5235 Εὐτυχιανισταὶ
964 5163 1060 5216 καὶ
1118 5162 1426 5229 ’Λκέφαλοι,
1478 5161 1741 5232 τολμήσοι

157 5257 514 5328 καταγώγιον
539 5258 637 5327 τῆς
657 5257 792 5319 ἰδίας
815 5254 1113 5325 θρησκείας
1152 5257 1396 5325 ποιῆσαι,
1431 5253 1463 5323 ἦ
1499 5253 1740 5306 Ἰουδαῖοι

158 5352 285 5405 νέαν
316 5349 666 5420 συναγωγὴν,
726 5349 1010 5403 ἐκδικείτω
1068 5345 1209 5399 αὐτὰ
1252 5349 1285 5416 ἡ
1340 5344 1661 5413 Ἐκκλησία’
1693 5344 1741 5396 εί

157 5446 216 5500 δὲ
238 5442 627 5512 ὲνεφὺτευσεν,
660 5442 693 5513 ἢ
727 5441 1054 5510 ἐμίσθωσεν,
1083 5440 1116 5509 ἢ
1151 5438 1401 5492 ὁπωσοῦν
1424 5441 1503 5501 είς
1539 5438 1744 5507 διοίκη-

162 5554 246 5592 σιν
266 5537 473 5591 δέδωκε
492 5534 719 5605 τοιούτῳ
742 5530 1045 5604 προσώπῳ,
1063 5532 1110 5583 εί
1135 5530 1233 5601 μὲν
1256 5529 1412 5594 εἰδὼς
1431 5531 1459 5583 0
1478 5528 1744 5598 δεσπότης

163 5626 448 5700 αἱρετικδς
481 5626 687 5696 ῑπραξε
760 5624 946 5689 τοῦτο,
974 5624 1155 5686 πάσας
1181 5621 1280 5685 τὰς
1311 5620 1608 5693 προσόδους
1651 5617 1746 5672 τοῦ

163 5722 367 5793 χρόνου
396 5718 488 5773 τοῦ
517 5718 961 5787 συναλλάγματος
995 5717 1030 5787 ἡ
1060 5714 1358 5785 Ἐκκλησία
1383 5713 1481 5781 τῆς
1509 5710 1739 5775 πόλεως,

165 5811 257 5883 ὑφ’
289 5811 359 5883 ἢν
391 5812 426 5880 ἡ
452 5809 646 5881 κτῆσις
670 5809 963 5876 διάκειται,
989 5807 1198 5863 ἐκδικεῖ
1219 5824 1232 5837 ο
1264 5803 1548 5875 ἀγνοοῦντι
1583 5802 1639 5857 δὲ
1667 5803 1743 5872 τῷ

1839 4629 1915 4670 ex
1939 4628 2051 4683 quo
2079 4613 2205 4667 data
2245 4621 2329 4667 est
2380 4612 2647 4666 recurrite
2683 4629 2698 4665 :
2731 4611 3079 4681 dispensator
3112 4608 3418 4685 autem'qui

1842 4705 1990 4761 dedit
2014 4704 2081 4759 de
2114 4714 2312 4758 caetero
2362 4719 2392 4758 a
2427 4704 2835 4772 dispensatione
2867 4716 3101 4769 arcetor,
3129 4717 3182 4762 et
3214 4707 3265 4759 in
3295 4722 3420 4761 mo-

1845 4796 2145 4851 nasterium
2181 4795 2495 4865 conjicitor,
2548 4804 2602 4849 ct
2628 4810 2722 4865 per
2764 4811 2966 4849 annum
2992 4812 3021 4850 a
3051 4808 3237 4853 sancta
3265 4814 3418 4852 com-

1841 4887 2103 4941 munione
2134 4896 2467 4957 segrcgalor.
2503 4885 2710 4941 Rursus
2733 4890 2921 4940 eadem
2952 4890 3170 4942 constit.
3205 4890 3278 4943 ait
3313 4908 3326 4943 :
3361 4889 3419 4945 Si

1843 4981 1968 5050 quis
2005 4980 2411 5043 haereticorum,
2432 4979 2633 5049 quibus
2659 4990 3127 5033 connumerantur
3144 4979 3419 5034 Ncstoria-

1843 5071 1922 5135 ni,
1974 5069 2432 5139 Eutychiauistae,
2490 5077 2543 5123 et
2579 5070 2839 5138 Acephali
2867 5108 2882 5134 ,
2923 5070 3234 5138 speluncam
3277 5071 3421 5124 ausit

1841 5162 2126 5230 religionis
2167 5175 2278 5214 sua:
2308 5160 2668 5222 exaediﬁcare,
2701 5172 2794 5213 aut
2822 5158 2989 5213 Juda-i
3020 5176 3209 5213 novam
3241 5162 3419 5232 Syna-

1844 5268 2036 5323 gogani
2068 5261 2350 5307 exstruere
2386 5270 2399 5307 :
2436 5256 2549 5307 hac
2570 5249 2810 5306 Ecclesia
2844 5253 3133 5306 vindicato.
3169 5254 3220 5305 Si
3249 5251 3418 5327 [quis]

1842 5361 1971 5399 vero
1999 5342 2326 5415 [quippiam]
2356 5344 2664 5413 liujusniodi
2692 5357 2936 5412 personae
2962 5342 3013 5394 in
3038 5343 3421 5412 eniphyteusin

1842 5437 2075 5501 dederit,
2102 5446 2198 5491 aut
2226 5437 2509 5499 locaverit,
2542 5446 2636 5488 aut
2669 5433 3164 5503 quomodoeunque
3188 5434 3424 5486 admitti-

1846 5531 2135 5588 strandum
2174 5533 2510 5591 concesserit
2546 5546 2559 5582 :
2592 5538 2645 5583 et
2670 5529 2889 5597 quidem
2922 5527 3240 5581 haareticum
3271 5529 3422 5580 illum

1846 5624 2014 5697 [esse]
2060 5625 2241 5681 sciens
2305 5624 2359 5677 id
2399 5621 2590 5677 fecerit
2622 5639 2636 5674 :
2668 5636 2859 5676 omnes
2911 5621 3119 5675 reditus
3180 5618 3420 5691 quandiu

1845 5729 2163 5774 contractus
2180 5717 2363 5781 durat,
2389 5714 2630 5769 Ecclesia
2666 5713 2925 5780 civitatis,
2948 5713 3051 5767 sub
3075 5728 3181 5781 qua
3206 5724 3424 5781 posses-

1845 5810 1930 5866 sio
1960 5809 2063 5864 sita
2102 5816 2224 5873 est,
2286 5804 2525 5859 vindicat
2556 5821 2569 5859 :
2600 5804 2685 5859 sin
2738 5803 3036 5876 ignorans,
3086 5802 3296 5859 nullum
3339 5794 3417 5857 illi
