3870 6290
612 254 719 318 835

1739 292 1741 295 ι
1790 263 2055 327 PHOTII
2095 265 2602 332 PATBIARCHE
2642 244 2781 336 ca
3681 304 3755 369 εδδ

610 367 871 423 damnum
892 366 1134 425 obvenit.
1169 368 1471 428 Haereticus
1497 371 1680 428 aute'm
1704 371 1759 429 in
1789 384 2022 445 utroque
2048 393 2170 436 casu

2287 381 2519 483 δεσπότῃ
2542 384 2799 483 ,οὐδεμία
2830 385 3183 483 προσγίνεται
3213 384 3383 483 {quia
3400 406 3412 423 ⁶
3439 394 3464 447 ὁ
3490 397 3537 452 δὲ
3560 366 3757 483 clpam—ti;

610 468 666 513 et
712 461 1059 530 possessione
1105 463 1387 535 abigitur,
1442 474 1496 521 et
1557 464 1716 538 [ejus
1758 466 1939 539 bona]
2008 470 2187 540 publi-

612 563 829 608 cantur.

2294 474 2380 543 ἐφ’
2413 474 2673 545 ἐκατέρου
2721 473 2995 544 θέματος,
3036 475 3132 530 καὶ
3193 479 3294 549 τῆς
3337 483 3551 553 κτήσεως
3589 473 3761 556 animo.

2290 582 2440 620 νεται
2471 566 2566 620 καὶ
2600 564 2918 638 δημεύεται.

619 753 3755 811 Μ

1916 915 2319 1005 ΤΙΤΛΟΣ
2393 921 2544 1004 IA'.

1611 1090 1773 1149 ΠΕΡΙ
1806 1094 2305 1153 ΜΟΝΑΣΤΗΡΙΩΝ
2340 1100 2460 1156 ΚΑΙ
2498 1102 2857 1161 ΜΟΝᾹΧΩΝ.

1874 1423 2340 1507 TITULUS
2413 1426 2566 1507 XI.

1661 1599 1751 1655 DE
1790 1598 2261 1659 MONASTERIIS
2298 1603 2388 1660 ET
2423 1602 2800 1662 MONACHIS.

672 1789 835 1860 352
857 1783 1085 1845 CAPUT
1122 1784 1317 1840 L—De
1338 1785 1779 1839 monasteriorum
1801 1788 2170 1856 wdiﬁcatwne,

2346 1783 2596 1837 ΚΕΦΑΛ.
2621 1784 2701 1838 A'.
2725 1813 2797 1825 —
2819 1786 2959 1854 Περὶ
2973 1788 3273 1858 ποιήσεως
3281 1801 3690 1865 μοναστηρίων·
3706 1806 3773 1858 καὶ

603 1890 653 1936 et
677 1898 738 1935 ne
758 1882 868 1936 licet:
891 1880 1084 1950 privati
1110 1878 1257 1949 juris
1284 1878 1412 1942 sint,
1433 1888 1480 1931 et
1510 1877 1571 1930 de
1606 1878 1978 1931 monachorum
2005 1878 2179 1931 rebus.

813 2082 1039 2140 Concilii
1067 2082 1501 2137 Chalcedonensis
1529 2098 1751 2136 canones
1793 2080 1847 2147 4,
1877 2082 1969 2138 24.

672 2177 726 2231 4.
756 2174 859 2242 Qui
894 2190 1019 2229 vere
1045 2187 1099 2229 et
1130 2175 1339 2230 sincere
1366 2216 1381 2239 ,
1411 2185 1469 2227 ut
1489 2191 1609 2245 pag.
1634 2175 1756 2228 754.

672 2266 764 2322 24.
834 2264 966 2332 Quae
1022 2264 1191 2319 semel
1234 2264 1514 2319 voluntate
1561 2263 1799 2334 episcopi
1867 2269 2181 2319 consecrata

602 2364 729 2412 sunt
779 2354 1138 2421 monasteria,
1171 2362 1225 2408 et
1253 2368 1340 2407 res
1371 2368 1491 2421 qua:
1543 2353 1610 2407 ad
1649 2367 1711 2407 ea
1763 2353 2035 2423 pertinent
2064 2367 2180 2406 ser-

602 2447 736 2511 vari,
775 2460 947 2516 eaque
985 2461 1090 2500 non
1124 2446 1358 2515 amplius
1390 2446 1504 2500 lieri
1537 2443 1816 2499 saecularia
1850 2443 2178 2498 habitacula.

601 2536 711 2592 Eos
734 2547 936 2601 autem,
967 2536 1060 2607 qui
1096 2536 1201 2591 hoc
1232 2535 1345 2590 ﬁeri
1370 2535 1726 2606 permittunt,
1760 2548 2033 2590 canonum
2060 2547 2180 2604 pa:-

600 2628 687 2684 nis
712 2629 933 2699 subjici.

905 2922 1133 2979 Concilii
1161 2920 1469 2977 acumenici
1498 2935 1548 2974 v1
1578 2935 1745 2973 canon
1779 2917 1868 2972 49.

664 3008 751 3068 49.
773 3015 927 3071 Hunc
938 3032 1148 3072 sacrum
1168 3015 1331 3072 etiam
1344 3026 1605 3066 canonem
1653 3014 1976 3063 renovantes
1996 3006 2182 3061 decer-

2288 1874 2394 1928 τοῦ
2409 1874 2495 1943 μὴ
2530 1875 2801 1945 γίνεσθαι
2846 1878 3002 1933 αὐτὰ
3064 1881 3354 1937 ἰδιωτικὰ·
3385 1886 3478 1939 καί
3516 1892 3633 1958 περὶ
3674 1910 3775 1962 apa-

2284 1966 2522 2035 γμάτων
2541 1965 2659 2020 τῶν
2678 1969 3075 2037 μοναζόντων.
3230 1964 3235 1973 ’

2527 2083 2800 2139 Συνόδου
2842 2085 3231 2153 Χαλκηδόνος
3254 2089 3457 2144 κανὼν
3477 2090 3535 2161 δ’,
3556 2093 3641 2151 κδ’.

2350 2168 2412 2224 δ’.
2437 2171 2501 2224 Οἱ
2529 2172 2743 2243 ἀληθῶς
2769 2175 2862 2229 καὶ
2885 2175 3213 2247 εἰλικρινῶς,
3248 2198 3305 2237 κ.
3336 2199 3390 2235 τ.
3417 2183 3464 2239 λ.

2354 2258 2453 2314 κδ’.
2501 2261 2583 2314 Τὰ
2629 2262 2779 2326 ἅπαξ
2842 2265 3250 2336 καθιερωθέντα
3328 2271 3648 2342 μοναστήρια
3679 2277 3779 2329 κατὰ

2282 2351 2508 2423 γνώμην
2537 2354 2861 2422 ἐπισκόπου,
2900 2358 3086 2425 μένειν
3138 2359 3221 2422 είς
3272 2360 3333 2414 τὸ
3388 2361 3613 2432 διηκενές
3662 2383 3779 2435 μονι-

2284 2444 2512 2515 στὴρια·
2544 2448 2638 2500 καὶ
2677 2447 2746 2502 τὰ
2792 2448 3059 2520 ἀνήκοντα
3110 2452 3294 2515 αὐτοῖς
3322 2454 3609 2524 πράγματα
3631 2457 3781 2525 φυλάτ-

2281 2534 2471 2589 τεσθαι
2507 2537 2585 2607 τῷ
2611 2538 2983 2611 μοναστηρίῳ,
3019 2541 3114 2594 καὶ
3164 2542 3366 2611 μηκέτι
3410 2543 3644 2599 δύνασθαι
3674 2549 3780 2614 γενέ-

2283 2625 2405 2680 σθαι
2453 2628 2626 2682 ταῦτα
2673 2631 2912 2702 κοσμικὰ
2951 2633 3273 2702 καταγώγια
3298 2650 3312 2665 ·
3365 2637 3490 2700 τοὺς
3533 2638 3586 2690 δὲ
3627 2655 3783 2709 cunm-

2285 2720 2512 2789 ροῦντας
2550 2720 2709 2777 τοῦτο
2759 2724 3029 2793 γίνεσθαι,
3092 2727 3418 2782 ὑποκεῖσθαι
3478 2732 3583 2793 τοῖς
3616 2731 3669 2783 ἐκ
3706 2731 3781 2785 τῶν

2280 2813 2521 2867 κανόνων
2547 2815 2864 2887 ἐπιτιμίοις.
3422 2816 3429 2819 ’

2416 2927 2692 2983 Συνόδου
2726 2932 3151 3001 οὶκουμενικῆς
3186 2932 3371 3001 ἕκτης
3394 2935 3583 2989 κανὼν
3606 2933 3694 3005 μθ’.

2335 3013 2439 3081 μθ’,
2464 3017 2870 3093 Ἀνανεούμενοι
2886 3023 2980 3076 καὶ
2994 3021 3178 3076 τοῦτον
3194 3024 3285 3076 τὸν
3348 3024 3491 3095 ἱερὸν
3511 3026 3683 3080 κανόνα
3704 3025 3785 3094 ὁρί-

600 3107 817 3169 nimus,
876 3113 937 3159 ut
989 3118 1111 3173 quae
1165 3102 1457 3172 episcopali
1510 3101 1785 3157 voluntate
1830 3098 1995 3154 semel
2045 3112 2170 3153 con-

2281 3104 2444 3199 ζομεν
2474 3146 2489 3171 ,
2525 3106 2664 3199 ᾧστε
2711 3110 2781 3164 τὰ
2832 3110 2978 3175 ἅπαξ
3046 3112 3454 3183 καθιερωθέντα
3520 3117 3787 3187 μοναστήρισ

600 3206 811 3253 secrata
892 3194 1100 3251 iuerint
1158 3195 1533 3257 monasteria,
1612 3207 1829 3261 semper
1907 3199 2179 3245 monaste-

601 3289 683 3343 ria
726 3296 1002 3354 maneant,
1041 3296 1095 3341 et
1156 3302 1243 3341 res
1300 3302 1420 3356 qua:
1460 3285 1526 3339 ad
1560 3284 1678 3354 ipsa
1733 3281 2027 3354 pertinent,
2060 3294 2179 3334 mo-

601 3381 842 3435 nasteria
875 3388 1181 3443 serventur,
1217 3386 1269 3432 et
1297 3393 1359 3432 ea
1390 3392 1495 3431 non
1539 3375 1752 3445 possint
1784 3389 1907 3430 esse
1941 3373 2176 3442 amplius

609 3472 889 3529 saecularia
916 3470 1255 3543 habitacula,
1296 3484 1397 3525 nec
1437 3468 1507 3523 ab
1551 3467 1660 3521 ullo
1692 3481 1756 3519 ex
1793 3465 2047 3520 omnibus
2078 3480 2174 3519 saa-

598 3565 880 3621 cularihus
916 3563 1056 3617 tradi
1087 3561 1424 3617 hominibus.
1468 3560 1573 3616 Sed
1603 3560 1769 3614 etiam
1822 3557 1868 3614 si
1920 3558 2022 3611 hoc
2069 3558 2176 3610 hu-

598 3672 807 3726 cusque
868 3655 1074 3711 factum
1129 3662 1235 3719 est,
1281 3654 1385 3708 hoc
1439 3666 1786 3722 nequaquam
1842 3651 2174 3706 servandum

596 3748 975 3813 decernimus;
1007 3760 1103 3800 eos
1141 3754 1343 3811 autem,
1390 3744 1484 3813 qui
1533 3744 1788 3811 deinceps
1839 3743 1947 3797 hoc
1994 3740 2176 3797 facere

599 3839 1010 3910 aggrediuntur,
1042 3853 1317 3894 canonum
1350 3835 1529 3907 pcenis
1564 3835 1783 3905 subjici.

593 4049 755 4122 353
784 4048 1007 4122 Co_ncilii
1035 4047 1193 4115 primi
1235 4056 1291 4122 et
1340 4044 1555 4122 secundi
1606 4042 2067 4122 constantinopoli
2117 4044 2173 4122 in

665 4113 776 4174 ἷεᾶε
832 4113 1152 4175 Sanctorum
1209 4116 1578 4185 Apostolorum
1635 4114 1799 4167 habiti
1861 4129 2085 4167 canones
2144 4113 2167 4165 1

665 4202 712 4245 et
740 4190 794 4245 6.
1312 4239 1313 4242 η

664 4280 717 4335 1.
747 4280 855 4337 Res
878 4280 1013 4335 adeo
1044 4279 1349 4335 veneranda
1374 4285 1430 4331 et
1450 4276 1813 4342 honorabilis,
1840 4284 1945 4331 etc.
1974 4287 2170 4346 utpag.

594 4371 719 4427 “8.

2281 3197 2422 3251 κατὰ
2464 3198 2691 3269 γνώμην
2742 3201 3064 3268 ἐπισκόπου,
3118 3205 3297 3275 μένειν
3365 3208 3446 3270 εἰς
3506 3208 3563 3260 τὸ
3600 3208 3789 3277 διηνεκὲς

2282 3293 2618 3361 μοναστήρια
2645 3293 2737 3345 καὶ
2760 3293 2828 3347 τὰ
2875 3296 3145 3363 ἀνήκοντα
3179 3298 3366 3363 αὐτοῖς
3394 3299 3674 3370 πράγματα
3713 3316 3787 3367 φυ-

2276 3381 2567 3438 λάττεσθαι
2625 3384 2701 3456 τῷ
2761 3388 3124 3460 μοναστηρίῳ,
3183 3390 3279 3443 καὶ
3351 3392 3548 3461 μηκέτι
3592 3392 3791 3444 δύνασθαι

2276 3473 2417 3527 αὐτὰ
2446 3475 2688 3545 κοσμικὰ
2718 3476 3058 3546 καταγώγια.
3096 3482 3233 3551 μήτε
3286 3482 3347 3536 δὲ
3402 3483 3505 3536 ὑπό
3550 3500 3679 3546 τινος
3716 3483 3790 3534 τῶν

2275 3565 2533 3619 ἁπάντων
2558 3570 2846 3637 κοσμικοίς
2879 3569 3105 3641 ἀνδράσι
3144 3571 3317 3626 ταῦτα
3367 3574 3685 3628 ἐκδίδοσθαι·
3711 3572 3793 3625 ἀλλ’

2275 3659 2324 3710 εἰ
2348 3658 2620 3728 καὶμέχρι
2650 3658 2745 3712 νῦν
2775 3661 2965 3729 γέγονε
2993 3662 3173 3727 τοῦτο,
3218 3666 3490 3735 μηδαμῶς
3537 3666 3791 3736 κρατεῖσθαι

2274 3748 2569 3819 ὁρίζομεν·
2627 3752 2753 3816 τοὺς
2798 3752 2855 3805 δέ
2915 3754 3027 3807 ἀπὸ
3088 3754 3182 3807 τοῦ
3245 3758 3521 3828 παρόντος
3587 3760 3794 3827 πράττειν

2273 3840 2432 3893 τοῦτο
2477 3842 2912 3913 ἐπιχειροῦντας,
2967 3846 3293 3903 ὑποκεῖσθαι
3334 3851 3453 3913 τοῖς
3484 3850 3546 3902 ἐκ
3594 3850 3687 3903 τῶν
3722 3865 3793 3900 κι-

2274 3929 2440 3983 νόνων
2466 3931 2782 4003 ἐπιτιμίοις.

2274 4042 2547 4097 Συνόδου
2573 4050 2625 4117 α’
2664 4044 2760 4117 καὶ
2781 4042 2842 4109 β’
2870 4049 3400 4117 ρὐγκροτηθεισης
3436 4050 3508 4103 ἐν
3540 4053 3791 4103 Κωνσταν-

2342 4116 2684 4190 temperatae
2819 4115 2898 4182 τῷ
2926 4115 3051 4182 ναῷ
3081 4117 3196 4171 τῶν
3220 4115 3448 4190 Ἀγίων
3474 4120 3795 4175 ’Δποστόλωγ

2344 4182 2545 4236 κανὼν
2572 4190 2619 4236 α’
2643 4183 2740 4238 καὶ
2772 4193 2847 4248 ς’.

2343 4282 2413 4329 α’.
2456 4276 2695 4347 Πρᾶγμα
2723 4277 2918 4348 σεμνὸν
2945 4277 3087 4332 οὕτω
3110 4279 3207 4333 καὶ
3235 4280 3445 4352 τίμιον,
3474 4278 3537 4336 κ.’
3560 4300 3609 4336 τ.
3634 4280 3680 4334 λ.

663 4465 717 4521 6.
760 4463 1012 4518 Monachi
1052 4463 1187 4517 nihil
1220 4463 1419 4518 debent
1470 4464 1671 4518 habere
1717 4460 1990 4531 proprium
2028 4459 2165 4514 :sed

2344 4468 2419 4526 ς’.
2460 4464 2521 4516 0i
2554 4462 2778 4533 μοναχοὶ
2805 4464 2956 4517 οὐδὲν
2982 4464 3111 4517 ἴδιον
3136 4463 3449 4533 ὀφείλουσιν
3476 4464 3634 4534 ἔχειν,
3664 4458 3797 4513 πάντα

593 4558 778 4613 omnia
806 4570 993 4611 eorum
1025 4554 1355 4608 monasterio
1373 4554 1595 4609 ascribi.
1624 4552 1760 4606 Dicit
1790 4551 1934 4605 enim
1973 4550 2167 4606 beatus

591 4647 768 4703 Lucas
815 4645 883 4701 de
914 4646 982 4700 iis
1013 4645 1104 4716 qui
1135 4644 1366 4699 credunt
1399 4645 1453 4697 in
1505 4642 1805 4706 Christum,
1862 4649 1918 4694 et
1976 4653 2166 4693 mona-

592 4741 821 4795 chorum
853 4737 1253 4794 institutionem
1287 4734 1621 4799 describunt,
1649 4734 1790 4803 quod
1824 4746 1985 4785 nemo
2009 4730 2167 4800 quid-

590 4845 753 4900 quam
785 4844 975 4885 eorum
1011 4844 1131 4898 qua:
1162 4828 1404 4887 aderant,
1438 4826 1723 4895 proprium
1758 4836 1881 4879 esse
1927 4822 2163 4887 dicebat,

591 4921 873 4975 sederant
909 4918 1016 4973 illis
1047 4917 1228 4972 omnia
1280 4916 1618 4971 communia.
1670 4912 1735 4967 Et
1791 4913 1912 4967 ideo
1959 4911 2027 4965 iis
2070 4910 2165 4979 qui

592 5012 844 5067 monachi
869 5026 988 5067 esse
1012 5010 1224 5075 volunt,
1254 5010 1407 5080 prius
1440 5012 1598 5064 datur
1639 5006 1873 5061 facultas
1924 5004 1991 5058 de
2047 5002 2165 5057 suis

590 5104 753 5157 rebus
799 5102 1055 5167 testandi,
1108 5117 1173 5158 ac
1221 5099 1582 5171 disponendi,
1641 5107 1697 5153 et
1744 5096 2164 5166 quibuscunque

589 5195 756 5250 velint
784 5196 1052 5265 personis,
1098 5196 1215 5267 lege
1264 5194 1479 5250 scilicet
1540 5207 1648 5246 non
1698 5188 2009 5261 prohibitis,
2062 5202 2160 5242 sua

589 5288 1014 5354 transmittendi,
1080 5290 1373 5360 Postquam
1450 5287 1596 5342 enim
1690 5282 1946 5339 monachi
2027 5278 2160 5335 facti

589 5378 812 5444 fuerint,
855 5380 1100 5434 omnium
1132 5381 1398 5435 honorum
1428 5376 1732 5433 dominium
1764 5375 2157 5429 monasterium

588 5472 827 5538 habebit,
857 5480 910 5527 et
942 5471 1150 5527 nullam
1177 5472 1246 5526 de
1276 5470 1439 5526 rebus
1465 5468 1702 5540 propriis
1732 5480 1918 5522 curam
1949 5479 2155 5534 gerere,

586 5564 670 5618 vel
701 5564 985 5635 disponere
1040 5563 1122 5618 eis
1167 5563 1497 5633 permissum
1540 5569 1642 5616 est.
1706 5558 1761 5613 Si
1798 5558 1920 5628 quis
1970 5565 2149 5610 autem

587 5656 958 5728 deprehensus
984 5656 1165 5723 fuerit,
1220 5656 1624 5727 possessionem
1714 5653 1980 5722 aliquam,
2028 5664 2151 5719 qua:

2272 4552 2330 4606 δὲ
2366 4556 2435 4607 τὰ
2467 4553 2645 4608 αὐτῶν
2680 4554 3154 4626 προσκληροῦσθαι
3194 4555 3271 4625 τῷ
3310 4554 3674 4625 μοναστηρίῳ·
3701 4552 3798 4617 φησὶ

2273 4645 2380 4716 γὰρ
2414 4648 2442 4699 ὁ
2482 4647 2750 4717 μακάριος
2795 4646 3008 4709 Λουκᾶς
3039 4648 3168 4717 περὶ
3211 4647 3321 4701 τῶν
3352 4650 3434 4711 είς
3477 4646 3692 4717 Χριστὸν
3735 4659 3800 4693 πι-

2275 4737 2591 4799 στευόντων,
2634 4738 2729 4791 καὶ
2756 4737 2855 4807 τὴν
2898 4738 3007 4789 τῶν
3052 4739 3336 4807 μοναστῶν
3371 4737 3643 4791 πολιτείαν
3663 4736 3799 4787 διατυ-

2273 4826 2541 4891 πούντων,
2572 4827 2647 4889 ὡς
2679 4826 2853 4890 οὐδείς
2881 4845 2932 4879 τι
2965 4825 3076 4879 τῶν
3114 4826 3478 4897 ὑπαρχόντων
3502 4825 3675 4890 ἔλεγεν
3704 4820 3800 4872 ἴδιον

2271 4915 2431 4979 εἶναι.
2461 4917 2575 4971 ἀλλ’
2601 4914 2668 4988 ἦν
2695 4919 2879 4981 αὐτοῖς
2913 4918 3131 4972 ἅπαντα
3155 4918 3328 4971 κοινά·
3361 4916 3448 4969 διὸ
3469 4919 3579 4977 τοῖς
3609 4913 3798 4965 ἐθέλουσι

2274 5009 2528 5080 μονάζειν
2556 5012 2708 5065 ἄδεια
2737 5010 2937 5063 δίδοται
2972 5027 3037 5062 πε
3048 5009 3100 5079 ρί
3129 5008 3240 5062 τῶν
3269 5008 3627 5077 ὑπαρχόντων
3660 5002 3797 5057 αὐτοῖς

2269 5100 2605 5154 διατίθεσθαι
2658 5100 2943 5170 πρότερον,
2981 5100 3078 5153 καὶ
3118 5094 3201 5162 οἷς
3263 5097 3329 5151 ἂν
3363 5096 3638 5166 βούλοιντο
3670 5104 3799 5159 προς·

2269 5190 2459 5257 ὠποις,
2484 5189 2557 5262 μὴ
2588 5190 2991 5260 κεκωλυμένοις
3014 5190 3257 5261 δηλονότι
3287 5189 3445 5261 παρὰ
3461 5188 3554 5241 τοῦ
3588 5186 3730 5254 νόμον
3754 5180 3795 5231 τὲ

2268 5283 2449 5337 αὐτῶν
2489 5280 2991 5353 παραπέμπεσθαιο
3033 5281 3171 5350 μετὰ
3215 5281 3321 5351 γάρ
3371 5298 3460 5334 τοι
3499 5279 3557 5332 τὸ
3593 5276 3797 5346 pasam,

2269 5373 2378 5426 τῶν
2404 5371 2715 5444 προσόντων
2747 5371 2931 5434 αὐτοῖς
2958 5370 3216 5423 ἁπάντων
3246 5370 3306 5422 τὸ
3339 5369 3693 5440 μοναστήριον
3715 5362 3797 5429 ἔχει

2265 5467 2365 5537 τὴν
2398 5464 2719 5536 κυριότητα,
2758 5464 2852 5517 καὶ
2891 5464 3041 5517 οὐδὲν
3074 5464 3202 5532 περὶ
3235 5463 3343 5516 τῶν
3376 5461 3596 5516 οἰκείων
3630 5450 3796 5526 φροντίς

2269 5558 2382 5623 ζειν
2415 5557 2448 5628 ἢ
2481 5553 2863 5609 διατάσσεσθαι
2904 5554 3114 5618 τούτοις
3156 5552 3649 5625 ’παρακεχώρηται⁸
3692 5544 3730 5595 εἰ
3759 5539 3801 5591 δέ

2268 5668 2348 5714 τις
2395 5647 2674 5719 φωραθείη
2715 5647 2907 5717 κτῆσίν
2938 5664 3093 5712 τινα,
3132 5646 3163 5716 ἦ
3213 5663 3295 5708 τις
3331 5645 3440 5697 οὐκ
3485 5632 3797 5705 ἀπεκληρώθη
