3980 6402
143 383 257 446 ἕ31

144 492 225 562 τῷ
262 491 617 564 μοναστηρίῳ
650 490 1092 564 ίδιοποιούμενος,
1122 493 1217 546 καὶ
1248 492 1607 561 φιλοκτησίας
1638 491 1736 545 πά·
1767 499 1811 555 Α

145 584 233 637 θει
266 584 660 654 δουλούμενος,
694 584 899 655 ταύτην
932 585 1032 654 μὲν
1066 584 1218 654 παρὰ
1245 584 1338 636 τού
1370 582 1673 653 ἡγουμένου
1706 582 1739 653 ἢ

140 674 242 728 τοῦ
273 676 579 730 ἐπισκόπου
611 676 1091 747 ἀναλαμϐάνεσθαι
1114 717 1130 742 ,
1153 676 1249 730 καὶ
1287 674 1499 729 πολλῶν
1534 692 1739 745 παρου-

147 764 244 835 σίᾳ
268 766 705 836 πιπράσκεσθαι,
736 766 829 819 καὶ
852 767 1089 835 πτωχοῖς
1112 766 1343 835 ἀπόροις
1367 764 1740 835 διανέμεσθαι⁸
1774 812 1775 815 η

147 856 245 909 τὸν
275 856 341 910 δέ
368 875 433 925 γε
462 857 561 928 τὴν
584 858 843 929 τοιαύτην
872 858 1086 929 κτῆσιν,
1119 858 1261 911 κατὰ
1288 858 1379 910 τὸν
1402 858 1566 911 πάλαι
1598 857 1746 912 Ἀνα‹

140 948 276 1001 victv
316 950 586 1022 ύποσυλᾷν
614 950 1004 1021 μελετήσαντα,
1029 950 1108 1022 τῷ
1134 951 1462 1021 προσήκοντι
1486 950 1744 1020 ἐπιτιμίῳ

145 1041 177 1110 ὴ
213 1040 361 1106 ἁγία
403 1040 619 1105 σύνοδος
650 1040 818 1112 ὥρισε
854 1041 1304 1113 σωφρονίζεσθαι·
1338 1040 1494 1110 δῆλον
1527 1040 1618 1105 δὲ,
1668 1039 1744 1103 ὡς

145 1132 182 1186 ἆ
209 1150 349 1187 τινα
376 1135 503 1205 περὶ
536 1133 875 1205 μοναξόντων
903 1133 1112 1206 ἀνδρῶν
1141 1136 1174 1203 ἠ
1202 1133 1335 1201 ἁγία
1364 1132 1578 1195 σύνοδος
1611 1134 1745 1185 ἐκα-

143 1224 365 1287 νόνισε,
393 1226 463 1278 τὰ
488 1225 627 1278 αὐτὰ
647 1226 741 1278 καὶ
772 1226 899 1297 περὶ
936 1223 1284 1297 μοναζουσῶν
1304 1221 1579 1293 γυναικῶν
1608 1236 1745 1292 κρα-

146 1315 378 1370 τεῖσθαι
411 1316 754 1371 ἐδικαίωσεν.

409 1494 681 1550 Συνόδου
708 1494 957 1560 Νικαίας
988 1493 1052 1547 τὸ
1073 1491 1134 1558 ,β’
1148 1532 1163 1560 ,
1193 1491 1397 1546 κανὼν
1425 1490 1518 1561 ιγ’.

225 1587 365 1640 Ὅτι
411 1588 681 1657 μεγάλης
734 1586 1141 1655 κατακρίσεως
1190 1584 1347 1650 ἄξιοί
1377 1585 1538 1638 εἰσιν
1579 1582 1634 1637 οὶ
1674 1583 1746 1645 τὰ

147 1677 543 1749 μοναστνήρια
578 1678 909 1746 κρινοῦντες
923 1721 937 1735 .

206 1776 285 1836 γ’.
319 1768 641 1840 Ἐπειδὴδιὰ
658 1769 755 1838 τὴν
810 1767 1106 1838 γενομένην
1156 1766 1300 1821 κατὰ
1327 1764 1426 1829 τὰς
1472 1764 1746 1836 ἁμαρτίας

147 1858 321 1929 ἡμῶν
360 1860 646 1929 συμφορὰν
669 1860 727 1912 ἐν
752 1861 871 1922 ταῖς
911 1859 1262 1929 Ἐκκλησίαις
1304 1856 1742 1928 καθηρπάγησάν
1769 1844 1818 1903 Β

148 1967 303 2014 τινες
337 1952 560 2019 εὐαγεῖς
588 1946 726 2005 οἴκοι
755 1952 860 2004 ύπό
887 1969 1048 2005 τινων
1076 1952 1305 2022 ἀνδρῶν,
1335 1949 1657 2003 ἐπισκοπεῖά
1682 1966 1740 2002 τε

145 2042 250 2095 καὶ
285 2044 636 2114 μοναστήρια
656 2082 672 2108 ,
706 2041 803 2096 καὶ¹
835 2043 1083 2111 ἐγένοντο
1116 2042 1272 2096 κοινὰ
1308 2039 1629 2109 καταγώγια
1649 2081 1663 2106 ,
1694 2040 1742 2093 εί

148 2134 255 2204 μὲν
276 2136 335 2187 οῖ
351 2134 777 2206 διακρατοῦντες
799 2133 970 2187 ταῦτα
993 2135 1381 2205 προαιροῦνται
1409 2132 1740 2198 ἀποδιδόναι,

146 2226 239 2279 ῖνα
276 2227 436 2280 κατὰ
468 2228 527 2280 τὸ
554 2228 781 2298 ἀρχαῖον
819 2225 1366 2289 ἀποκατασταθῶσιν,
1404 2222 1462 2279 εὖ
1495 2225 1560 2278 ἂν
1592 2224 1738 2294 ἔχοι·

147 2318 196 2370 εἰ
226 2318 291 2371 δὲ
324 2319 405 2392 μή
431 2335 516 2387 γε,
541 2321 590 2372 εί
617 2319 715 2390 μὲν
736 2317 829 2372 τοῦ
852 2319 1154 2387 καταλόγου
1184 2318 1276 2371 τοῦ
1311 2315 1585 2387 ἱερατικοῦ
1612 2317 1739 2383 είσι,

145 2411 389 2474 τούτους
423 2410 798 2481 καθαιρεῖσθαι
825 2411 1264 2481 προστάσσομεν·
1298 2411 1346 2462 εἰ
1374 2410 1430 2463 δὲ
1455 2408 1680 2481 μοναχοὶ
1705 2408 1739 2479 ἢ

147 2508 340 2558 λαῖκοὶ
363 2544 380 2569 ,
416 2504 793 2574 ἀφορίζεσθαι,
824 2505 900 2568 ὼς
928 2504 1085 2568 ὄντας
1118 2501 1484 2572 κατακρίτους
1510 2502 1617 2554 ἀπὸ
1649 2499 1741 2554 τοῦ

147 2596 404 2666 Πατρὺς,
426 2594 521 2647 καὶ
549 2594 642 2648 τοῦ
674 2594 825 2655 Υίοῦ,
856 2594 1066 2648 καὶτοῦ
1093 2594 1249 2662 ἁγίου
1275 2593 1590 2664 Πνεύματος
1610 2632 1625 2661 ,
1650 2591 1759 2647 καὶε

146 2686 519 2755 τετάχθωσαν
553 2685 684 2737 ὅπου
718 2686 747 2738 6
776 2682 993 2754 σκώληξ
1037 2684 1097 2736 ού
1146 2683 1374 2754 τελευτᾷ
1406 2685 1500 2737 καὶ
1536 2683 1597 2736 τὸ
1635 2684 1745 2753 πῦρ

146 2776 211 2828 οὑ
246 2775 581 2842 σϐέννυται,
626 2776 709 2829 ὅτι
745 2778 813 2847 τῇ
841 2775 935 2828 τοῦ
962 2773 1167 2845 Κυρίου
1200 2778 1352 2845 φωνῇ
1381 2774 1746 2827 ἐναντιοῦνται

152 2868 222 2936 τῇ
259 2864 511 2937 λεγούσῃ
543 2882 557 2898 ·
595 2864 690 2934 Μὴ
722 2865 943 2920 ποιεῖτε
996 2868 1102 2921 τὸν
1148 2863 1317 2921 οἷκον
1354 2865 1463 2920 τοῦ
1514 2867 1747 2934 Πατρός

148 2975 272 3028 μου
322 2953 501 3012 οἷκον
529 2957 835 3026 ἐμπορίου.

233 3051 309 3104 Ἠ
348 3050 422 3119 ιγ’
450 3050 587 3106 διάτ.
622 3050 716 3103 τοῦ
750 3057 798 3104 α’
846 3050 951 3104 τίτ.
982 3049 1093 3105 τῶν
1128 3050 1358 3121 Νεαρῶν
1382 3049 1549 3118 λέγει,
1597 3049 1753 3106 ὄτιὈ

152 3141 498 3211 βουλόμενος
522 3142 875 3213 οἰκοδομῆσαι
898 3143 1279 3213 μοναστήριον,
1300 3142 1561 3212 πρότερον
1581 3158 1747 3211 προσ-

150 3232 503 3302 διαλεγέσθω
543 3232 620 3303 τῷ
675 3233 960 3303 ἐπισκόπῳ
992 3232 1101 3287 τῶν
1135 3234 1333 3299 τόπων,
1364 3233 1510 3295 ὅπως
1540 3234 1606 3286 ἂν
1630 3234 1746 3286 ἐκεῖ

149 3325 483 3395 γενόμενος,
517 3325 681 3394 εὐχὴν
710 3325 990 3395 ποιήσοιτο
1020 3325 1116 3378 καὶ
1158 3325 1387 3397 σταυρὸν
1417 3325 1579 3395 πήξοι
1600 3366 1614 3389 ,
1650 3325 1746 3379 καὶ

149 3418 283 3471 τότε
320 3415 419 3469 τοῦ
465 3416 761 3486 κτίσματος
794 3418 828 3488 ἡ
867 3416 1011 3489 ἀρχὴ
1037 3416 1290 3486 γινέσθω*
1320 3417 1415 3470 καὶ
1445 3418 1477 3487 ή
1510 3416 1560 3486 γ’
1599 3417 1739 3472 διάτ.

150 3507 250 3560 τοῦ
294 3505 342 3576 β’
374 3506 483 3559 τίτ.
518 3504 625 3560 τῶν
652 3505 881 3576 Νεαρῶν
920 3523 1105 3576 φησιν,
1141 3506 1244 3571 ὅτι,
1288 3505 1345 3558 '0
1376 3506 1544 3559 θέλων
1562 3508 1743 3560 κτίσαι

155 3601 557 3671 μοναστήριον,
590 3598 663 3669 μὴ
693 3598 865 3662 ἄλλως
888 3599 1140 3669 ἀρχέσθω
1167 3599 1258 3652 τοῦ
1287 3599 1740 3669 οἰκοδομήματος,

154 3693 205 3745 εί
244 3692 335 3761 μὴ
358 3691 388 3742 6
420 3689 528 3743 τῶν
551 3692 729 3743 τόπων
764 3690 1061 3752 ἐπίσκοπος
1091 3689 1255 3759 εὐχὴν
1286 3690 1464 3742 ἐκεῖσε
1500 3691 1738 3758 ποιήσει,

154 3781 259 3835 καὶ
290 3780 387 3833 τὸν
429 3780 608 3850 τίμιον
643 3779 802 3852 πήξει
834 3780 1084 3851 σταυρόν·
1137 3779 1165 3831 6
1197 3779 1252 3832 δὲ
1284 3778 1587 3849 ἀρξάμενος
1624 3780 1742 3834 νέον

153 3875 379 3937 κτίζειν
414 3872 448 3944 ἢ
475 3872 700 3925 παλαιὸν
724 3871 1001 3937 άνανεοῦν,
1032 3871 1395 3939 ἀναγκάζεται
1426 3871 1737 3943 πληρῶσαι·

154 3963 451 4031 ἀνάγνωθι
480 3962 576 4015 καὶ
608 3964 677 4016 τὰ
720 3962 1105 4034 προγραφέντα
1134 3962 1191 4014 ἐν
1224 3962 1302 4031 τῷ
1328 3959 1375 4015 α’
1409 3980 1534 4032 κεφ,
1568 3962 1661 4016 τοῦ
1697 3962 1741 4033 βε

154 4057 273 4108 τίτ.
302 4070 434 4121 κεφ.
460 4069 521 4105 τε
549 4052 1123 4124 τεσσαρεσκαιδεκάτῳ
1143 4050 1234 4105 τοῦ
1268 4058 1316 4119 γ’
1344 4052 1448 4105 τίτ.
1476 4051 1566 4105 τοῦ
1596 4070 1741 4122 παρ-

155 4147 323 4207 ὄντος
375 4146 768 4214 συντάγματος·
815 4146 849 4215 ή
901 4142 959 4195 δὲ
1000 4148 1046 4196 α’
1078 4142 1218 4196 διάτ.
1252 4143 1346 4195 τοῦ
1397 4144 1438 4214 β’
1478 4144 1581 4198 τίτ.
1634 4144 1741 4197 τῶν

155 4233 409 4305 Νεαρῶν
430 4234 820 4305 λέγει’Μηδεὶς
837 4236 1196 4306 μοναστήριον
1220 4235 1487 4295 πωλείτω,
1520 4235 1553 4306 ἢ
1583 4235 1743 4304 ἀμει-

157 4328 347 4393 σέτω,
403 4326 436 4397 ἢ
480 4326 774 4397 δωρείσθω,
832 4326 960 4380 ἔνθα
1010 4326 1392 4396 θυσιαστήριον
1442 4324 1738 4397 καθιδρύθη

158 4421 260 4474 καὶ
313 4419 437 4489 ἱερὰ
484 4417 673 4486 γέγονε
701 4416 1007 4487 λειτουργία
1053 4418 1149 4469 καὶ
1180 4417 1446 4488 μοναχικὴ
1476 4416 1735 4487 ἄσκησις⁹

156 4510 297 4565 ἐπεί
342 4526 427 4562 τοι
459 4526 521 4577 γε
550 4511 611 4563 τὸ
639 4508 926 4580 γενόμενον
954 4508 1155 4580 ἄκυρον
1185 4508 1334 4562 ἐσται
1354 4548 1370 4572 ,
1404 4509 1629 4562 καὶτῶν
1662 4525 1742 4562 τι·
1774 4540 1823 4599 D

162 4625 240 4679 μη
252 4604 448 4676 μάτων
470 4607 498 4658 ό
526 4604 703 4658 λαϐὼν
732 4606 1080 4668 ἐκπεσεῖται,
1113 4604 1208 4657 καὶ
1237 4606 1265 4657 ό
1294 4604 1620 4677 πιπράσκων
1650 4607 1746 4675 ζη-

162 4697 513 4770 μιωθήσεται
538 4701 604 4769 τῇ
651 4715 709 4751 τε
757 4699 849 4751 τοῦ
884 4700 1207 4769 πράγματος
1232 4696 1504 4750 ἐκπτώσει
1551 4697 1647 4750 καὶ
1675 4701 1741 4771 τῇ

158 4790 260 4845 τοῦ
300 4790 608 4861 τιμήματος
651 4790 925 4861 ἀπωλείᾳ,
959 4793 1025 4861 τῇ
1072 4788 1215 4844 κατὰ
1252 4789 1414 4842 τόπον
1465 4789 1743 4863 ἁγιωτάτῃ

161 4882 505 4953 Ἐκκλησία,
548 4884 639 4936 καὶ
678 4885 790 4946 τοῖς
821 4883 963 4937 κατὰ
1008 4884 1173 4937 τόπον
1201 4882 1424 4952 εύαγέσι
1474 4899 1746 4954 μοναστη-

158 4974 332 5046 ρίοις,
361 4972 564 5025 τούτων
592 4975 1064 5045 προσνεμομένωνο
1090 4968 1237 5030 ἶῦστε
1263 4976 1464 5040 αὐτοὺς
1493 4978 1747 5046 προνοεῖν

158 5067 264 5119 τοῦ
320 5065 385 5118 τὸ
434 5065 615 5130 κακῶς
662 5067 974 5137 ἐκποιηθέν,
1030 5067 1185 5131 αὖθις
1239 5070 1613 5138 ἐπαναγαγεῖν
1666 5069 1748 5132 είς

76 5218 96 5232 η
163 5154 474 5229 μοναχικὺν
514 5157 731 5227 σχῆμα·
760 5161 914 5229 ’μήτε
962 5159 1207 5231 ὑποθήκη
1256 5159 1350 5213 ἐπὶ
1400 5161 1610 5223 τούτοις
1657 5160 1749 5232 ἐρ-

163 5248 409 5322 ῥώσθω,
446 5248 583 5302 ἀλλὰ
624 5250 975 5321 ἀκυρούσθω,
1030 5253 1125 5305 καὶ
1177 5252 1238 5305 τὸ
1287 5253 1646 5323 μοναστήριον
1681 5254 1748 5323 τῇ

164 5342 300 5413 περᾷ
325 5341 640 5411 λειτουργίᾳ
662 5342 1106 5414 προσκυρούσθω·
1141 5344 1235 5397 καὶ
1265 5345 1298 5414 ἠ
1334 5346 1381 5415 β’
1403 5346 1545 5399 διάτ.
1575 5343 1669 5397 τοῦ
1700 5342 1745 5414 β’

159 5434 278 5486 τίτ.
309 5431 423 5484 τῶν
451 5432 679 5501 Νεαρῶν
709 5450 892 5505 φησιν,
927 5434 1009 5488 ὅτι
1042 5434 1325 5506 ἐκποίησις
1374 5435 1750 5507 μοναστηρίων

165 5525 250 5595 μὴ
283 5522 521 5592 γινέσθω
552 5524 644 5578 ἐπὶ
673 5524 751 5595 τῷ
777 5525 838 5578 τὸ
874 5525 1145 5597 ἱερατικὸν
1200 5526 1385 5597 σχῆμα
1425 5528 1505 5590 είς
1552 5526 1748 5580 ἰδιωτι-

163 5619 277 5688 κὴν
311 5616 593 5687 διαγωγὴν
623 5618 1220 5691 μετασχηματίζεσθαι,
1242 5619 1365 5674 ἐπεὶ⁸
1386 5619 1568 5675 ἄδειαν
1593 5619 1746 5689 ἔχου-

1772 3185 1816 3244 C

244 5772 287 5801 "
322 5768 483 5823 Joan.
515 5784 573 5836 rt,
608 5770 693 5825 l6.

1009 381 1411 445 SYNTAGMA
1443 381 1837 444 CANONUM.

1873 402 1934 420 -'
1963 380 2111 442 TIT.
2139 380 2259 453 ’XI,
2294 380 2452 442 CAP.
2495 380 2547 441 Ῑ.
3310 381 3418 446 838

1840 492 2173 548 monasterio
2226 492 2463 561 ascripta
2517 488 2712 551 fuerit,
2773 488 2879 545 sibi
2948 488 3203 559 privatim
3255 492 3417 545 attri-

1842 587 2032 651 buere,
2081 594 2137 640 et
2182 583 2639 653 acquirendarum
2673 582 3088 653 possessionum
3126 582 3416 653 cupiditati

1844 674 2076 738 servire,
2125 690 2187 729 ea
2236 674 2455 744 quidem
2496 676 2566 729 ab
2604 674 2864 744 episcopo
2906 689 3000 729 seu
3036 672 3292 743 praefecto
3326 690 3414 728 re-

1844 768 2119 836 cipiatur,
2194 776 2249 820 et
2313 765 2366 819 in
2436 766 2732 820 multorum
2809 766 3096 835 praesentia
3150 765 3413 833 vendita,

1842 855 2177 926 pauperibus
2219 862 2274 909 et
2307 854 2571 909 mendicis
2619 856 3003 911 distribuatur.
3051 857 3185 910 Eum
3232 864 3411 911 autem
3518 900 3521 903 ς

1844 948 1937 1018 qui
1967 963 2084 1001 eam
2120 947 2516 1016 possessionem
2536 988 2551 1012 ,
2588 956 2649 1001 ut
2676 948 2805 1002 olim
2832 950 3097 1013 Ananias,
3131 948 3415 1018 subripere

1845 1040 2134 1095 meditatus
2168 1052 2271 1103 est,
2306 1040 2647 1094 convenienti
2679 1056 2836 1110 paena
2881 1042 3259 1111 castigandum
3291 1055 3414 1095 esse
3470 1092 3481 1109 τ

1848 1140 2035 1187 saneta
2083 1130 2321 1202 synodus
2363 1131 2570 1185 statuit.
2607 1130 2828 1185 Clarum
2867 1138 2950 1185 est
3005 1139 3219 1196 autem,
3266 1128 3413 1200 quod

1845 1238 1967 1295 quae
2017 1223 2084 1277 de
2123 1223 2256 1278 viris
2297 1222 2580 1277 monachis
2625 1233 2813 1277 sancta
2860 1222 3100 1294 synodus
3147 1224 3412 1277 canonice

1847 1314 2153 1379 constituit,
2180 1329 2244 1368 ea
2278 1314 2331 1367 in
2378 1314 2662 1368 monachis
2692 1329 2913 1384 quoque
2959 1313 3175 1369 feminis
3213 1313 3415 1375 valere,

1846 1417 1900 1463 et
1928 1405 2207 1462 observari
2252 1420 2468 1475 aequum
2499 1408 2732 1460 censuit.

2173 1509 2396 1565 Concilii
2436 1508 2643 1564 Nicwni
2686 1527 2723 1565 ιι
2773 1526 2937 1564 canon
2986 1510 3075 1566 15.

1917 1604 2068 1669 Quod
2087 1620 2279 1674 magna
2299 1603 2641 1656 damnatione
2665 1604 2809 1673 digni
2834 1613 2955 1657 sunt
2976 1604 3065 1675 qui
3090 1606 3412 1658 monasteria

1845 1698 2143 1753 communia
2173 1696 2375 1765 faciunt
2407 1695 2717 1752 diversoria.

1917 1807 2002 1861 l3.
2038 1805 2304 1873 Quoniam
2339 1820 2439 1875 per
2469 1821 2587 1861 eam
2632 1820 2752 1876 qua:
2792 1805 2895 1861 fuit
2926 1814 3147 1877 propter
3187 1814 3409 1876 peccata

1844 1910 2028 1956 nostra
2077 1899 2129 1952 in
2177 1897 2436 1977 Evcclesiis
2470 1899 2831 1954 calamitatem
2874 1908 3231 1954 sacrosancta:
3261 1913 3413 1968 qua:-

1843 1993 1967 2048 dam
1995 1991 2136 2046 a:des
2159 1989 2328 2061 354
2352 2006 2378 2045 a
2403 1991 2728 2060 quibusdam
2750 1991 2883 2045 viris
2905 2000 3133 2059 arreptae
3178 2000 3328 2055 sunt,
3360 1998 3415 2044 et

1841 2084 2203 2154 episcopatus,
2231 2082 2626 2137 etmonasteria
2649 2121 2665 2148 ,
2699 2090 2753 2136 et
2786 2081 2925 2137 facta
2947 2093 3073 2137 sunt
3104 2082 3415 2137 communia

1841 2197 2139 2253 diversoria
2165 2214 2179 2252 :
2208 2196 2254 2251 si
2278 2196 2369 2266 qui
2393 2210 2455 2250 ea
2482 2194 2700 2265 quidem
2722 2203 2926 2260 tenent,
2946 2195 3139 2249 volunt
3169 2194 3413 2257 reddere,

1841 2300 1901 2347 ut
1930 2292 1982 2344 in
2005 2290 2291 2361 pristinum
2310 2298 2511 2343 statum
2544 2288 2896 2343 restituantur
2917 2329 2932 2353 ,
2967 2288 3102 2341 bene
3122 2296 3175 2340 et
3191 2287 3417 2356 pulchre

1844 2382 2041 2446 habet;
2077 2381 2158 2435 sin
2195 2380 2397 2445 minus,
2435 2380 2479 2434 si
2512 2387 2640 2434 sunt
2667 2379 2890 2449 quidam
2933 2377 3288 2433 sacerdotalis
3322 2392 3417 2433 ca-

1843 2472 2025 2543 talogi,
2078 2487 2173 2527 eos
2218 2470 2415 2540 deponi
2459 2470 2712 2541 jubemus
2756 2469 2887 2524 :sin
2932 2477 3113 2524 autem
3160 2469 3415 2523 monachi

1842 2567 1928 2625 vel
1960 2566 2103 2629 laici,
2130 2563 2438 2634 segregari,
2466 2572 2526 2618 ut
2554 2562 2645 2633 qui
2675 2563 2785 2618 sint
2805 2562 3147 2616 condemnati
3176 2576 3205 2615 a
3231 2561 3412 2625 Patre,

1842 2671 1896 2718 et
1919 2660 2077 2725 Filio,
2101 2666 2155 2714 et
2180 2656 2387 2730 Spiritu
2441 2664 2652 2721 sancto,
2697 2665 2751 2710 et
2799 2663 3069 2724 ponantur
3096 2652 3188 2709 ubi
3214 2654 3414 2708 vermis

1844 2770 1953 2808 non
1984 2753 2233 2819 moritur,
2268 2767 2365 2808 nec
2399 2748 2539 2823 ignis
2571 2747 2956 2816 exstinguitur,
2992 2746 3119 2816 quia
3146 2747 3268 2801 voci
3308 2746 3414 2799 Do-

1845 2846 1976 2900 mini
2012 2846 2387 2910 adversantur,
2415 2860 2538 2915 qua:
2567 2840 2736 2898 dicit:
2771 2839 2848 2895 Ne
2879 2839 3041 2910 facile
3066 2840 3279 2894 domum
3307 2838 3416 2894 Pa-

1846 2938 1941 2992 tris
1975 2939 2075 2992 mei
2112 2938 2327 2991 domum
2359 2936 2727 3007 negotiationis
2746 2935 2815 2992 ⁸⁸.

1919 3045 2134 3101 Textus.
2181 3043 2369 3097 Const.
2417 3042 2505 3105 15,
2557 3042 2638 3096 tit.
2693 3040 2718 3094 1
2771 3039 3114 3095 Novellarum
3165 3038 3279 3092 ait:
3314 3034 3432 3128 Qui|

1850 3137 2245 3193 monasterium
2294 3134 2567 3190 adiﬁcare
2615 3133 2751 3197 vult,
2793 3133 2949 3202 prius
2997 3147 3121 3185 cum
3176 3131 3418 3184 locorum

1848 3226 2100 3297 episcopo
2145 3225 2314 3295 agito,
2361 3238 2471 3294 quo
2519 3222 2608 3278 ille
2651 3222 2874 3277 veniens
2918 3231 3105 3276 votum
3148 3220 3326 3283 faciat,
3368 3224 3424 3273 et

1848 3333 2065 3374 crucem
2108 3318 2273 3387 figat:
2317 3326 2479 3386 atque
2523 3325 2635 3371 tum
2679 3312 2947 3387 [demum]
2982 3314 3194 3367 aedificii
3221 3313 3420 3368 funda-

1848 3416 2091 3463 mentum
2138 3407 2350 3477 iacitor.
2384 3406 2472 3472 {Et
2519 3413 2698 3461 const.
2738 3405 2793 3471 5,
2837 3406 2919 3463 tit.
2965 3405 3003 3458 2
3072 3403 3418 3460 Novellarum

1848 3501 1967 3556 ait:
2017 3498 2121 3567 Qui
2174 3498 2564 3554 monasterium
2618 3507 2899 3553 exstruere
2944 3496 3061 3551 vult
3105 3512 3212 3550 non
3264 3497 3421 3549 aliter

1848 3592 2257 3648 aediﬁcationem
2289 3590 2533 3659 incipite,
2564 3589 2667 3643 nisi
2705 3589 2946 3643 locorum
2973 3588 3261 3657 episcopus
3292 3601 3418 3656 pre-

1849 3700 1943 3739 ces
1992 3684 2102 3738 illic
2147 3681 2476 3752 profuderit,
2520 3688 2575 3735 et
2614 3678 2908 3749 pretiosam
2949 3694 3165 3734 crucem
3214 3678 3413 3734 fixerit.

1847 3777 2006 3833 Certe
2058 3776 2153 3846 qui
2208 3774 2377 3829 semel
2428 3782 2742 3838 exstruere,
2794 3772 2878 3827 vel
2933 3782 3090 3826 vetus
3144 3786 3412 3826 renovare

1848 3869 2033 3937 cmpit,
2079 3881 2460 3921 consummare
2503 3866 2733 3935 cogitur.
2784 3864 2956 3935 Legas
2999 3863 3200 3937 [vero]
3252 3866 3417 3919 etiam

1848 3975 1969 4031 qua:
2019 3967 2276 4013 annotata
2321 3967 2450 4014 sunt
2485 3958 2539 4012 in
2576 3974 2698 4027 cap.
2745 3957 2797 4023 1,
2850 3958 2933 4011 tit.
2977 3958 3032 4022 2,
3076 3965 3130 4010 et
3173 3972 3293 4025 cap.
3329 3957 3419 4023 11,

1849 4054 1934 4106 ιίι.
1965 4052 1999 4105 ‘5
2058 4051 2344 4120 praesentis
2384 4052 2586 4120 operis.
2620 4048 2853 4105 Constit.
2885 4050 2937 4116 1,
2975 4051 3059 4102 tit.
3091 4049 3127 4102 2
3171 4047 3422 4104 Novella-
3464 4086 3471 4089 -

1846 4159 1967 4198 rum
1992 4143 2100 4196 ait:
2127 4142 2298 4196 Nemo
2324 4141 2737 4203 monasterium.
2762 4142 2813 4194 in
2836 4156 2943 4209 quo
2963 4141 3135 4195 altare
3154 4151 3418 4207 erectum,

1846 4244 1941 4289 aut
1964 4250 2180 4289 sacrum
2215 4233 2578 4289 ministerium
2610 4234 2932 4297 exhibitum,
2961 4242 3055 4287 aut
3085 4232 3421 4287 monachalis

1846 4324 2166 4380 exercitatio
2199 4324 2359 4379 fuerit
2385 4343 2397 4378 :
2431 4322 2560 4395 [vel]
2588 4324 2828 4388 vendito,
2860 4325 2940 4377 vel
2975 4331 3303 4393 permutato,
3335 4321 3421 4376 vcl

1846 4420 2070 4475 donato.
2109 4417 2326 4487 Alioqui
2370 4416 2517 4487 quod
2550 4415 2752 4471 factum
2802 4414 2986 4483 fuerit,
3028 4415 3238 4469 irritum
3267 4414 3416 4468 erit:

1848 4522 1899 4569 et
1930 4511 2021 4582 qui
2057 4512 2281 4582 ceperit,
2318 4511 2518 4580 pretiis.
2548 4510 2797 4565 excidet:
2827 4509 2920 4578 qui
2952 4517 3130 4563 autem
3160 4508 3417 4563 vendide-

1846 4608 1938 4673 rit,
1963 4613 2017 4661 et
2043 4606 2121 4660 rei
2153 4613 2206 4660 et
2234 4604 2392 4675 pretii
2420 4603 2713 4657 amissione
2742 4602 3093 4656 multabitur:
3125 4608 3287 4668 atque
3329 4599 3417 4655 illa

1848 4698 2208 4755 sanctissimae
2262 4697 2382 4766 ejus
2432 4694 2535 4748 loci
2568 4691 2853 4759 Ecclesiae,
2909 4693 3419 4761 venerabilibusquc

1847 4792 1965 4862 ejus
2019 4792 2123 4845 loci
2175 4788 2521 4844 monasteriis
2565 4786 2953 4840 attrihuentur.
3010 4784 3170 4855 355
3215 4785 3419 4850 Quam-

1847 4884 2036 4937 obrem
2076 4877 2463 4952 [Ecclesiarum
2503 4888 2665 4948 atque
2712 4877 3165 4932 monasteriorum
3202 4877 3417 4945 dispen-

1848 4973 2082 5046 satores]
2114 4974 2423 5043 dispiciant,
2455 4980 2515 5026 ut
2551 4971 2695 5040 quod
2726 4972 2866 5026 male
2900 4972 3189 5026 alienatum
3217 4976 3318 5033 est,
3348 4969 3416 5022 ad

1848 5067 2161 5122 monasticae
2204 5063 2605 5138 [habitationis]
2651 5062 2881 5118 formam
2918 5062 3202 5116 reducant.
3230 5060 3417 5128 Neque

1847 5158 2023 5232 [mro]
2064 5159 2366 5230 hypotheca
2415 5160 2469 5211 in
2512 5157 2600 5211 his
2633 5156 2827 5219 valeto,
2874 5155 2967 5210 sed
3012 5153 3163 5207 irrita
3193 5162 3331 5217 esto,
3361 5160 3419 5206 et

1847 5250 2241 5306 monasterium
2316 5258 2507 5305 sancto
2594 5247 2899 5303 ministerio
2983 5244 3269 5300 addicitor.
3348 5241 3417 5297 Et

1848 5341 2065 5395 constit.
2092 5338 2147 5404 2,
2178 5336 2667 5395 tit.’2Novellarum
2681 5334 2788 5393 ait:
2816 5335 3201 5389 Monasterium
3227 5332 3280 5387 in
3314 5332 3418 5386 hoc

1856 5448 1925 5488 ne
1957 5433 2243 5495 alienator,
2281 5440 2339 5485 ut
2372 5442 2585 5485 sacrata
2641 5428 2812 5483 forma
2864 5428 2920 5482 in
2970 5427 3231 5496 privatam
3284 5438 3417 5480 con-

1852 5525 2213 5581 versationem
2292 5522 2732 5597 transformetur.
2772 5520 2989 5590 Alioqui
3062 5516 3300 5587 episcopi
3362 5515 3416 5569 id

1854 5616 2239 5674 monasterium
2291 5613 2623 5680 vindicandi,
2667 5619 2720 5669 et
2765 5611 2832 5667 ad
2878 5610 3157 5683 pristinam
3187 5608 3416 5664 formam
