  <div class='ocr_page' id='page_1' title='image "/cluster/home/n/w/nwhite01/storage/ocr_20150623/104/hvd.32044018872853/425.png"; bbox 0 0 3870 6290; ppageno 0'>
   <div class='ocr_carea' id='block_1_1' title="bbox 603 264 713 330">
    <p class='ocr_par' dir='ltr' id='par_1_1' title="bbox 603 264 713 330">
     <span class='ocr_line' id='line_1_1' title="bbox 603 264 713 330; baseline -0.009 0"><span class='ocrx_word' id='word_1_1' title='bbox 603 264 713 330; x_wconf 83' lang='lat'><strong>839</strong></span> 
     </span>
    </p>
   </div>
   <div class='ocr_carea' id='block_1_2' title="bbox 1660 260 3746 361">
    <p class='ocr_par' dir='ltr' id='par_1_2' title="bbox 1660 260 3746 361">
     <span class='ocr_line' id='line_1_2' title="bbox 1660 260 3746 361; baseline 0.01 -40"><span class='ocrx_word' id='word_1_2' title='bbox 1660 260 1923 322; x_wconf 86' lang='lat' dir='ltr'><strong>PHOTII</strong></span> <span class='ocrx_word' id='word_1_3' title='bbox 1964 262 2473 329; x_wconf 68' lang='lat' dir='ltr'><strong>PATRIARCH/E</strong></span> <span class='ocrx_word' id='word_1_4' title='bbox 2524 266 2633 330; x_wconf 76' lang='lat' dir='ltr'><strong>cr.</strong></span> <span class='ocrx_word' id='word_1_5' title='bbox 3668 295 3746 361; x_wconf 61' lang='grc' dir='ltr'><strong>διο</strong></span> 
     </span>
    </p>
   </div>
   <div class='ocr_carea' id='block_1_3' title="bbox 602 372 2158 465">
    <p class='ocr_par' dir='ltr' id='par_1_3' title="bbox 602 373 2156 440">
     <span class='ocr_line' id='line_1_3' title="bbox 602 373 2156 440; baseline -0.003 -5"><span class='ocrx_word' id='word_1_6' title='bbox 602 377 901 435; x_wconf 76' lang='lat' dir='ltr'><strong>reducendi</strong></span> <span class='ocrx_word' id='word_1_7' title='bbox 924 375 1251 433; x_wconf 76' lang='lat' dir='ltr'><strong>facultatem</strong></span> <span class='ocrx_word' id='word_1_8' title='bbox 1303 375 1525 432; x_wconf 79' lang='lat' dir='ltr'><strong>habent.</strong></span> <span class='ocrx_word' id='word_1_9' title='bbox 1558 373 1676 428; x_wconf 89' lang='lat' dir='ltr'><strong>Lib.</strong></span> <span class='ocrx_word' id='word_1_10' title='bbox 1712 390 1749 440; x_wconf 82' lang='grc' dir='ltr'><strong>ι,</strong></span> <span class='ocrx_word' id='word_1_11' title='bbox 1792 375 1875 429; x_wconf 89' lang='lat' dir='ltr'><strong>tit.</strong></span> <span class='ocrx_word' id='word_1_12' title='bbox 1910 375 1966 439; x_wconf 79' lang='lat'><strong>‘5,</strong></span> <span class='ocrx_word' id='word_1_13' title='bbox 1996 384 2156 431; x_wconf 90' lang='lat' dir='ltr'><strong>const</strong></span> 
     </span>
    </p>
   </div>
   <div class='ocr_carea' id='block_1_4' title="bbox 2261 372 3744 465">
    <p class='ocr_par' dir='ltr' id='par_1_4' title="bbox 2280 372 3744 465">
     <span class='ocr_line' id='line_1_4' title="bbox 2280 372 3744 465; baseline 0.019 -36"><span class='ocrx_word' id='word_1_14' title='bbox 2280 394 2365 430; x_wconf 87' lang='grc' dir='ltr'><strong>σιν</strong></span> <span class='ocrx_word' id='word_1_15' title='bbox 2411 379 2460 431; x_wconf 80' lang='grc' dir='ltr'>οἱ</span> <span class='ocrx_word' id='word_1_16' title='bbox 2491 378 2779 432; x_wconf 70' lang='grc' dir='ltr'>ἐπίσκοποι</span> <span class='ocrx_word' id='word_1_17' title='bbox 2826 377 2887 432; x_wconf 80' lang='grc' dir='ltr'>τὺ</span> <span class='ocrx_word' id='word_1_18' title='bbox 2916 372 3157 456; x_wconf 78' lang='grc' dir='ltr'>τοιρῦτον</span> <span class='ocrx_word' id='word_1_19' title='bbox 3202 381 3530 454; x_wconf 78' lang='grc' dir='ltr'>μοναστήριον</span> <span class='ocrx_word' id='word_1_20' title='bbox 3556 393 3744 465; x_wconf 71' lang='grc' dir='ltr'>ἐκδικεῖν,</span> 
     </span>
    </p>
   </div>
   <div class='ocr_carea' id='block_1_5' title="bbox 604 465 2175 536">
    <p class='ocr_par' dir='ltr' id='par_1_5' title="bbox 604 465 2175 536">
     <span class='ocr_line' id='line_1_5' title="bbox 604 465 2175 536; baseline -0.005 -9"><span class='ocrx_word' id='word_1_21' title='bbox 604 471 696 535; x_wconf 74' lang='grc'><strong>58,</strong></span> <span class='ocrx_word' id='word_1_22' title='bbox 743 472 854 525; x_wconf 87' lang='lat' dir='ltr'><strong>ait:</strong></span> <span class='ocrx_word' id='word_1_23' title='bbox 899 471 1001 536; x_wconf 82' lang='lat' dir='ltr'><strong>Qui</strong></span> <span class='ocrx_word' id='word_1_24' title='bbox 1048 469 1380 524; x_wconf 83' lang='lat' dir='ltr'><strong>monasteria</strong></span> <span class='ocrx_word' id='word_1_25' title='bbox 1409 482 1504 522; x_wconf 87' lang='lat' dir='ltr'><strong>sua</strong></span> <span class='ocrx_word' id='word_1_26' title='bbox 1536 466 1865 535; x_wconf 82' lang='lat' dir='ltr'><strong>relinquunt,</strong></span> <span class='ocrx_word' id='word_1_27' title='bbox 1896 480 2003 519; x_wconf 90' lang='lat' dir='ltr'><strong>non</strong></span> <span class='ocrx_word' id='word_1_28' title='bbox 2036 465 2175 520; x_wconf 85' lang='lat' dir='ltr'><strong>reci-</strong></span> 
     </span>
    </p>
   </div>
   <div class='ocr_carea' id='block_1_6' title="bbox 602 554 2170 630">
    <p class='ocr_par' dir='ltr' id='par_1_6' title="bbox 602 554 2170 630">
     <span class='ocr_line' id='line_1_6' title="bbox 602 554 2170 630; baseline -0.005 -16"><span class='ocrx_word' id='word_1_29' title='bbox 602 560 760 630; x_wconf 87' lang='lat' dir='ltr'><strong>piunt</strong></span> <span class='ocrx_word' id='word_1_30' title='bbox 804 575 939 628; x_wconf 86' lang='lat' dir='ltr'><strong>quas</strong></span> <span class='ocrx_word' id='word_1_31' title='bbox 983 560 1050 613; x_wconf 87' lang='lat' dir='ltr'><strong>ad</strong></span> <span class='ocrx_word' id='word_1_32' title='bbox 1107 559 1195 613; x_wconf 89' lang='lat' dir='ltr'><strong>illa</strong></span> <span class='ocrx_word' id='word_1_33' title='bbox 1244 555 1414 629; x_wconf 86' lang='lat' dir='ltr'><strong>[res]</strong></span> <span class='ocrx_word' id='word_1_34' title='bbox 1498 554 1729 609; x_wconf 84' lang='lat' dir='ltr'><strong>mobiles</strong></span> <span class='ocrx_word' id='word_1_35' title='bbox 1792 555 2170 617; x_wconf 83' lang='lat' dir='ltr'><strong>adduxerunt,</strong></span> 
     </span>
    </p>
   </div>
   <div class='ocr_carea' id='block_1_7' title="bbox 603 647 2172 721">
    <p class='ocr_par' dir='ltr' id='par_1_7' title="bbox 603 647 2172 721">
     <span class='ocr_line' id='line_1_7' title="bbox 603 647 2172 721; baseline -0.004 -14"><span class='ocrx_word' id='word_1_36' title='bbox 603 652 978 721; x_wconf 78' lang='lat' dir='ltr'><strong>Cujuseunque</strong></span> <span class='ocrx_word' id='word_1_37' title='bbox 1024 650 1346 720; x_wconf 79' lang='lat' dir='ltr'><strong>quantitatis</strong></span> <span class='ocrx_word' id='word_1_38' title='bbox 1402 650 1643 704; x_wconf 76' lang='lat' dir='ltr'><strong>fuerint:</strong></span> <span class='ocrx_word' id='word_1_39' title='bbox 1694 648 1907 701; x_wconf 77' lang='lat' dir='ltr'><strong>tametsi</strong></span> <span class='ocrx_word' id='word_1_40' title='bbox 1953 648 2020 701; x_wconf 90' lang='lat' dir='ltr'><strong>de</strong></span> <span class='ocrx_word' id='word_1_41' title='bbox 2066 647 2172 701; x_wconf 87' lang='lat' dir='ltr'><strong>illis</strong></span> 
     </span>
    </p>
   </div>
   <div class='ocr_carea' id='block_1_8' title="bbox 602 736 2173 795">
    <p class='ocr_par' dir='ltr' id='par_1_8' title="bbox 602 736 2173 795">
     <span class='ocr_line' id='line_1_8' title="bbox 602 736 2173 795; baseline -0.004 0"><span class='ocrx_word' id='word_1_42' title='bbox 602 743 748 795; x_wconf 89' lang='lat' dir='ltr'><strong>nulla</strong></span> <span class='ocrx_word' id='word_1_43' title='bbox 782 751 1026 795; x_wconf 76' lang='lat' dir='ltr'><strong>actorum</strong></span> <span class='ocrx_word' id='word_1_44' title='bbox 1063 751 1416 794; x_wconf 87' lang='lat' dir='ltr'><strong>monumenta</strong></span> <span class='ocrx_word' id='word_1_45' title='bbox 1447 739 1698 794; x_wconf 85' lang='lat' dir='ltr'><strong>conlecta</strong></span> <span class='ocrx_word' id='word_1_46' title='bbox 1734 738 1861 793; x_wconf 84' lang='lat' dir='ltr'><strong>sint.</strong></span> <span class='ocrx_word' id='word_1_47' title='bbox 1896 737 1952 790; x_wconf 83' lang='lat' dir='ltr'><strong>in</strong></span> <span class='ocrx_word' id='word_1_48' title='bbox 1980 736 2173 790; x_wconf 87' lang='lat' dir='ltr'><strong>immo-</strong></span> 
     </span>
    </p>
   </div>
   <div class='ocr_carea' id='block_1_9' title="bbox 600 824 2171 899">
    <p class='ocr_par' dir='ltr' id='par_1_9' title="bbox 600 824 2171 899">
     <span class='ocr_line' id='line_1_9' title="bbox 600 824 2171 899; baseline -0.004 -12"><span class='ocrx_word' id='word_1_49' title='bbox 600 832 801 887; x_wconf 82' lang='lat' dir='ltr'><strong>bilibus</strong></span> <span class='ocrx_word' id='word_1_50' title='bbox 842 841 1020 885; x_wconf 89' lang='lat' dir='ltr'><strong>autem</strong></span> <span class='ocrx_word' id='word_1_51' title='bbox 1057 831 1146 899; x_wconf 94' lang='lat' dir='ltr'><strong>jus</strong></span> <span class='ocrx_word' id='word_1_52' title='bbox 1175 832 1377 886; x_wconf 88' lang='lat' dir='ltr'><strong>servari</strong></span> <span class='ocrx_word' id='word_1_53' title='bbox 1410 838 1643 897; x_wconf 84' lang='lat' dir='ltr'><strong>oportet,</strong></span> <span class='ocrx_word' id='word_1_54' title='bbox 1675 829 1934 897; x_wconf 88' lang='lat' dir='ltr'><strong>quoniam</strong></span> <span class='ocrx_word' id='word_1_55' title='bbox 1960 826 2037 882; x_wconf 88' lang='lat' dir='ltr'><strong>illi</strong></span> <span class='ocrx_word' id='word_1_56' title='bbox 2076 824 2171 897; x_wconf 89' lang='lat' dir='ltr'><strong>qui</strong></span> 
     </span>
    </p>
   </div>
   <div class='ocr_carea' id='block_1_10' title="bbox 550 921 1746 988">
    <p class='ocr_par' dir='ltr' id='par_1_10' title="bbox 550 921 1746 988">
     <span class='ocr_line' id='line_1_10' title="bbox 550 921 1746 988; baseline -0.002 -11"><span class='ocrx_word' id='word_1_57' title='bbox 550 924 769 988; x_wconf 69' lang='lat' dir='ltr'><strong>,dedit,</strong></span> <span class='ocrx_word' id='word_1_58' title='bbox 809 924 1025 977; x_wconf 88' lang='lat' dir='ltr'><strong>illarum</strong></span> <span class='ocrx_word' id='word_1_59' title='bbox 1058 922 1356 978; x_wconf 86' lang='lat' dir='ltr'><strong>vindicatio</strong></span> <span class='ocrx_word' id='word_1_60' title='bbox 1394 936 1501 976; x_wconf 91' lang='lat' dir='ltr'><strong>non</strong></span> <span class='ocrx_word' id='word_1_61' title='bbox 1538 921 1746 976; x_wconf 87' lang='lat' dir='ltr'><strong>interit.</strong></span> 
     </span>
    </p>
   </div>
   <div class='ocr_carea' id='block_1_11' title="bbox 670 1100 2169 1171">
    <p class='ocr_par' dir='ltr' id='par_1_11' title="bbox 670 1100 2169 1171">
     <span class='ocr_line' id='line_1_11' title="bbox 670 1100 2169 1171; baseline 0 -14"><span class='ocrx_word' id='word_1_62' title='bbox 670 1103 737 1158; x_wconf 90' lang='lat' dir='ltr'><strong>Et</strong></span> <span class='ocrx_word' id='word_1_63' title='bbox 783 1114 963 1160; x_wconf 88' lang='lat' dir='ltr'><strong>const.</strong></span> <span class='ocrx_word' id='word_1_64' title='bbox 1016 1105 1103 1171; x_wconf 80' lang='lat' dir='ltr'><strong>l5,</strong></span> <span class='ocrx_word' id='word_1_65' title='bbox 1154 1105 1241 1161; x_wconf 73' lang='lat' dir='ltr'><strong>tit.</strong></span> <span class='ocrx_word' id='word_1_66' title='bbox 1286 1105 1310 1157; x_wconf 83' lang='lat' dir='ltr'><strong>l</strong></span> <span class='ocrx_word' id='word_1_67' title='bbox 1348 1101 1691 1158; x_wconf 81' lang='lat' dir='ltr'><strong>Novellarum</strong></span> <span class='ocrx_word' id='word_1_68' title='bbox 1732 1101 1899 1156; x_wconf 90' lang='lat' dir='ltr'><strong>dicit:</strong></span> <span class='ocrx_word' id='word_1_69' title='bbox 1938 1100 1996 1155; x_wconf 91' lang='lat' dir='ltr'><strong>Si</strong></span> <span class='ocrx_word' id='word_1_70' title='bbox 2044 1102 2169 1171; x_wconf 90' lang='lat' dir='ltr'><strong>quis</strong></span> 
     </span>
    </p>
   </div>
   <div class='ocr_carea' id='block_1_12' title="bbox 597 1194 2168 1264">
    <p class='ocr_par' dir='ltr' id='par_1_12' title="bbox 597 1194 2168 1264">
     <span class='ocr_line' id='line_1_12' title="bbox 597 1194 2168 1264; baseline -0.002 -14"><span class='ocrx_word' id='word_1_71' title='bbox 597 1198 900 1252; x_wconf 83' lang='lat' dir='ltr'><strong>monachus</strong></span> <span class='ocrx_word' id='word_1_72' title='bbox 936 1198 1189 1252; x_wconf 82' lang='lat' dir='ltr'><strong>recedere</strong></span> <span class='ocrx_word' id='word_1_73' title='bbox 1223 1197 1372 1259; x_wconf 88' lang='lat' dir='ltr'><strong>velit,</strong></span> <span class='ocrx_word' id='word_1_74' title='bbox 1412 1208 1768 1264; x_wconf 86' lang='lat' dir='ltr'><strong>quascunque</strong></span> <span class='ocrx_word' id='word_1_75' title='bbox 1802 1208 1914 1260; x_wconf 89' lang='lat' dir='ltr'><strong>res,</strong></span> <span class='ocrx_word' id='word_1_76' title='bbox 1948 1194 2168 1263; x_wconf 88' lang='lat' dir='ltr'><strong>quando</strong></span> 
     </span>
    </p>
   </div>
   <div class='ocr_carea' id='block_1_13' title="bbox 599 1285 2165 1359">
    <p class='ocr_par' dir='ltr' id='par_1_13' title="bbox 599 1285 2165 1359">
     <span class='ocr_line' id='line_1_13' title="bbox 599 1285 2165 1359; baseline 0 -20"><span class='ocrx_word' id='word_1_77' title='bbox 599 1286 1037 1359; x_wconf 76' lang='lat' dir='ltr'><strong>[monasterium]</strong></span> <span class='ocrx_word' id='word_1_78' title='bbox 1076 1289 1354 1358; x_wconf 76' lang='lat' dir='ltr'><strong>ingressus</strong></span> <span class='ocrx_word' id='word_1_79' title='bbox 1384 1295 1487 1351; x_wconf 87' lang='lat' dir='ltr'><strong>est,</strong></span> <span class='ocrx_word' id='word_1_80' title='bbox 1525 1286 1734 1352; x_wconf 85' lang='lat' dir='ltr'><strong>habuit,</strong></span> <span class='ocrx_word' id='word_1_81' title='bbox 1767 1286 1820 1341; x_wconf 90' lang='lat' dir='ltr'><strong>in</strong></span> <span class='ocrx_word' id='word_1_82' title='bbox 1852 1285 2165 1341; x_wconf 82' lang='lat' dir='ltr'><strong>monasterii</strong></span> 
     </span>
    </p>
   </div>
   <div class='ocr_carea' id='block_1_14' title="bbox 596 1377 2161 1446">
    <p class='ocr_par' dir='ltr' id='par_1_14' title="bbox 596 1377 2161 1446">
     <span class='ocr_line' id='line_1_14' title="bbox 596 1377 2161 1446; baseline -0.001 -15"><span class='ocrx_word' id='word_1_83' title='bbox 596 1377 897 1434; x_wconf 88' lang='lat' dir='ltr'><strong>dominium</strong></span> <span class='ocrx_word' id='word_1_84' title='bbox 920 1381 1132 1435; x_wconf 87' lang='lat' dir='ltr'><strong>cadent.</strong></span> <span class='ocrx_word' id='word_1_85' title='bbox 1160 1380 1255 1434; x_wconf 86' lang='lat' dir='ltr'><strong>Et:</strong></span> <span class='ocrx_word' id='word_1_86' title='bbox 1280 1378 1417 1433; x_wconf 88' lang='lat' dir='ltr'><strong>Cum</strong></span> <span class='ocrx_word' id='word_1_87' title='bbox 1436 1377 1824 1432; x_wconf 87' lang='lat' dir='ltr'><strong>monasterium</strong></span> <span class='ocrx_word' id='word_1_88' title='bbox 1845 1377 2161 1446; x_wconf 80' lang='lat' dir='ltr'><strong>ingreditur,</strong></span> 
     </span>
    </p>
   </div>
   <div class='ocr_carea' id='block_1_15' title="bbox 596 1467 2164 1539">
    <p class='ocr_par' dir='ltr' id='par_1_15' title="bbox 596 1467 2164 1539">
     <span class='ocr_line' id='line_1_15' title="bbox 596 1467 2164 1539; baseline 0 -17"><span class='ocrx_word' id='word_1_89' title='bbox 596 1483 865 1539; x_wconf 87' lang='lat' dir='ltr'><strong>quemque</strong></span> <span class='ocrx_word' id='word_1_90' title='bbox 892 1472 957 1523; x_wconf 90' lang='lat' dir='ltr'><strong>de</strong></span> <span class='ocrx_word' id='word_1_91' title='bbox 992 1471 1153 1524; x_wconf 85' lang='lat' dir='ltr'><strong>rebus</strong></span> <span class='ocrx_word' id='word_1_92' title='bbox 1183 1470 1298 1525; x_wconf 90' lang='lat' dir='ltr'><strong>suis</strong></span> <span class='ocrx_word' id='word_1_93' title='bbox 1332 1478 1569 1523; x_wconf 87' lang='lat' dir='ltr'><strong>statuere</strong></span> <span class='ocrx_word' id='word_1_94' title='bbox 1595 1476 1827 1537; x_wconf 83' lang='lat' dir='ltr'><strong>Oportet.</strong></span> <span class='ocrx_word' id='word_1_95' title='bbox 1857 1467 2164 1536; x_wconf 84' lang='lat' dir='ltr'><strong>Ingredien-</strong></span> 
     </span>
    </p>
   </div>
   <div class='ocr_carea' id='block_1_16' title="bbox 597 1560 2163 1633">
    <p class='ocr_par' dir='ltr' id='par_1_16' title="bbox 597 1560 2163 1633">
     <span class='ocr_line' id='line_1_16' title="bbox 597 1560 2163 1633; baseline -0.001 -19"><span class='ocrx_word' id='word_1_96' title='bbox 597 1568 703 1614; x_wconf 87' lang='lat' dir='ltr'><strong>tem</strong></span> <span class='ocrx_word' id='word_1_97' title='bbox 728 1562 871 1615; x_wconf 90' lang='lat' dir='ltr'><strong>enim</strong></span> <span class='ocrx_word' id='word_1_98' title='bbox 896 1561 1043 1633; x_wconf 84' lang='lat' dir='ltr'><strong>[illae]</strong></span> <span class='ocrx_word' id='word_1_99' title='bbox 1070 1562 1437 1616; x_wconf 90' lang='lat' dir='ltr'><strong>comitantur:</strong></span> <span class='ocrx_word' id='word_1_100' title='bbox 1465 1560 1679 1615; x_wconf 86' lang='lat' dir='ltr'><strong>tametsi</strong></span> <span class='ocrx_word' id='word_1_101' title='bbox 1704 1560 1754 1613; x_wconf 88' lang='lat' dir='ltr'><strong>id</strong></span> <span class='ocrx_word' id='word_1_102' title='bbox 1779 1573 1887 1613; x_wconf 90' lang='lat' dir='ltr'><strong>non</strong></span> <span class='ocrx_word' id='word_1_103' title='bbox 1908 1573 2163 1628; x_wconf 84' lang='lat' dir='ltr'><strong>expresse</strong></span> 
     </span>
    </p>
   </div>
   <div class='ocr_carea' id='block_1_17' title="bbox 595 1650 2161 1712">
    <p class='ocr_par' dir='ltr' id='par_1_17' title="bbox 595 1650 2161 1712">
     <span class='ocr_line' id='line_1_17' title="bbox 595 1650 2161 1712; baseline -0.001 -7"><span class='ocrx_word' id='word_1_104' title='bbox 595 1652 814 1706; x_wconf 82' lang='lat' dir='ltr'><strong>dixerit.</strong></span> <span class='ocrx_word' id='word_1_105' title='bbox 857 1650 1053 1706; x_wconf 79' lang='lat' dir='ltr'><strong>Verum</strong></span> <span class='ocrx_word' id='word_1_106' title='bbox 1086 1655 1129 1707; x_wconf 90' lang='lat' dir='ltr'><strong>si</strong></span> <span class='ocrx_word' id='word_1_107' title='bbox 1164 1669 1287 1707; x_wconf 91' lang='lat' dir='ltr'><strong>cum</strong></span> <span class='ocrx_word' id='word_1_108' title='bbox 1322 1654 1524 1708; x_wconf 88' lang='lat' dir='ltr'><strong>liberos</strong></span> <span class='ocrx_word' id='word_1_109' title='bbox 1553 1653 1766 1712; x_wconf 85' lang='lat' dir='ltr'><strong>habeat.</strong></span> <span class='ocrx_word' id='word_1_110' title='bbox 1805 1651 1911 1705; x_wconf 91' lang='lat' dir='ltr'><strong>illis</strong></span> <span class='ocrx_word' id='word_1_111' title='bbox 1946 1666 2033 1705; x_wconf 88' lang='lat' dir='ltr'><strong>res</strong></span> <span class='ocrx_word' id='word_1_112' title='bbox 2061 1650 2161 1703; x_wconf 89' lang='lat' dir='ltr'><strong>ali-</strong></span> 
     </span>
    </p>
   </div>
   <div class='ocr_carea' id='block_1_18' title="bbox 2274 469 3748 552">
    <p class='ocr_par' dir='ltr' id='par_1_18' title="bbox 2274 469 3748 552">
     <span class='ocr_line' id='line_1_18' title="bbox 2274 469 3748 552; baseline 0.017 -32"><span class='ocrx_word' id='word_1_113' title='bbox 2274 469 2368 520; x_wconf 81' lang='grc' dir='ltr'><strong>καὶ</strong></span> <span class='ocrx_word' id='word_1_114' title='bbox 2412 470 2489 531; x_wconf 86' lang='grc' dir='ltr'><strong>εἰς</strong></span> <span class='ocrx_word' id='word_1_115' title='bbox 2513 469 2573 522; x_wconf 87' lang='grc' dir='ltr'><strong>τὸ</strong></span> <span class='ocrx_word' id='word_1_116' title='bbox 2599 469 2861 539; x_wconf 78' lang='grc' dir='ltr'>πρότερον</span> <span class='ocrx_word' id='word_1_117' title='bbox 2883 470 3179 537; x_wconf 80' lang='grc' dir='ltr'><strong>ἐπανάγειν</strong></span> <span class='ocrx_word' id='word_1_118' title='bbox 3209 473 3406 542; x_wconf 51' lang='lat' dir='ltr'><strong>orditas</strong></span> <span class='ocrx_word' id='word_1_119' title='bbox 3443 476 3561 544; x_wconf 80' lang='grc' dir='ltr'>βιδλ.</span> <span class='ocrx_word' id='word_1_120' title='bbox 3587 494 3642 550; x_wconf 77' lang='grc' dir='ltr'>α’,</span> <span class='ocrx_word' id='word_1_121' title='bbox 3668 496 3748 552; x_wconf 66' lang='lat' dir='ltr'><strong>rit.</strong></span> 
     </span>
    </p>
   </div>
   <div class='ocr_carea' id='block_1_19' title="bbox 2273 557 3749 640">
    <p class='ocr_par' dir='ltr' id='par_1_19' title="bbox 2273 557 3749 640">
     <span class='ocr_line' id='line_1_19' title="bbox 2273 557 3749 640; baseline 0.014 -34"><span class='ocrx_word' id='word_1_122' title='bbox 2273 563 2342 620; x_wconf 86' lang='lat' dir='ltr'><strong>a&#39;,</strong></span> <span class='ocrx_word' id='word_1_123' title='bbox 2370 557 2510 614; x_wconf 84' lang='grc' dir='ltr'>διάτ.</span> <span class='ocrx_word' id='word_1_124' title='bbox 2546 557 2625 629; x_wconf 86' lang='grc' dir='ltr'>λη’</span> <span class='ocrx_word' id='word_1_125' title='bbox 2658 560 2839 630; x_wconf 80' lang='grc' dir='ltr'>φησὶν,</span> <span class='ocrx_word' id='word_1_126' title='bbox 2859 560 2961 625; x_wconf 81' lang='grc' dir='ltr'>ὅτι,</span> <span class='ocrx_word' id='word_1_127' title='bbox 2999 561 3061 613; x_wconf 88' lang='grc' dir='ltr'>Οἱ</span> <span class='ocrx_word' id='word_1_128' title='bbox 3090 561 3157 612; x_wconf 80' lang='grc' dir='ltr'><strong>τά</strong></span> <span class='ocrx_word' id='word_1_129' title='bbox 3183 561 3288 613; x_wconf 84' lang='grc' dir='ltr'>ῐδια</span> <span class='ocrx_word' id='word_1_130' title='bbox 3318 570 3608 640; x_wconf 80' lang='grc' dir='ltr'>μοναστήρια</span> <span class='ocrx_word' id='word_1_131' title='bbox 3625 594 3749 636; x_wconf 61' lang='grc' dir='ltr'>κατα-</span> 
     </span>
    </p>
   </div>
   <div class='ocr_carea' id='block_1_20' title="bbox 2271 647 3755 736">
    <p class='ocr_par' dir='ltr' id='par_1_20' title="bbox 2271 647 3755 736">
     <span class='ocr_line' id='line_1_20' title="bbox 2271 647 3755 736; baseline 0.006 -37"><span class='ocrx_word' id='word_1_132' title='bbox 2271 647 2630 718; x_wconf 89' lang='grc' dir='ltr'>λιμπάνοντες</span> <span class='ocrx_word' id='word_1_133' title='bbox 2649 688 2664 714; x_wconf 93' lang='grc'><strong>,</strong></span> <span class='ocrx_word' id='word_1_134' title='bbox 2699 651 2757 702; x_wconf 82' lang='grc' dir='ltr'><strong>οὐ</strong></span> <span class='ocrx_word' id='word_1_135' title='bbox 2785 649 3153 719; x_wconf 85' lang='grc' dir='ltr'>λαμϐάνουσιν</span> <span class='ocrx_word' id='word_1_136' title='bbox 3181 652 3323 723; x_wconf 80' lang='grc' dir='ltr'>άπερ</span> <span class='ocrx_word' id='word_1_137' title='bbox 3355 654 3514 720; x_wconf 76' lang='grc' dir='ltr'>αὐτοῖς</span> <span class='ocrx_word' id='word_1_138' title='bbox 3543 668 3755 736; x_wconf 41' lang='lat' dir='ltr'><strong>mima.</strong></span> 
     </span>
    </p>
   </div>
   <div class='ocr_carea' id='block_1_21' title="bbox 2270 740 3753 834">
    <p class='ocr_par' dir='ltr' id='par_1_21' title="bbox 2270 740 3753 834">
     <span class='ocr_line' id='line_1_21' title="bbox 2270 740 3753 834; baseline 0.012 -43"><span class='ocrx_word' id='word_1_139' title='bbox 2270 755 2389 834; x_wconf 81' lang='grc' dir='ltr'>γον,</span> <span class='ocrx_word' id='word_1_140' title='bbox 2431 740 3010 834; x_wconf 28' lang='grc' dir='ltr'>νικητὰῌόσησδήποτε</span> <span class='ocrx_word' id='word_1_141' title='bbox 3053 744 3349 812; x_wconf 77' lang='grc' dir='ltr'><strong>ποσότητος</strong></span> <span class='ocrx_word' id='word_1_142' title='bbox 3398 746 3541 815; x_wconf 78' lang='grc' dir='ltr'>ὄντα,</span> <span class='ocrx_word' id='word_1_143' title='bbox 3582 757 3664 809; x_wconf 76' lang='grc' dir='ltr'>κᾶν</span> <span class='ocrx_word' id='word_1_144' title='bbox 3700 768 3753 834; x_wconf 71' lang='grc' dir='ltr'>μὴ</span> 
     </span>
    </p>
   </div>
   <div class='ocr_carea' id='block_1_22' title="bbox 2272 830 3758 915">
    <p class='ocr_par' dir='ltr' id='par_1_22' title="bbox 2272 830 3758 915">
     <span class='ocr_line' id='line_1_22' title="bbox 2272 830 3758 915; baseline 0.009 -33"><span class='ocrx_word' id='word_1_145' title='bbox 2272 830 2486 884; x_wconf 77' lang='grc' dir='ltr'>σύνεστι</span> <span class='ocrx_word' id='word_1_146' title='bbox 2522 832 2719 903; x_wconf 78' lang='grc' dir='ltr'>πρᾶξις</span> <span class='ocrx_word' id='word_1_147' title='bbox 2772 833 3182 903; x_wconf 79' lang='grc' dir='ltr'><strong>ὑπομνημάτων</strong></span> <span class='ocrx_word' id='word_1_148' title='bbox 3216 836 3302 888; x_wconf 76' lang='grc' dir='ltr'><strong>ἐπ’</strong></span> <span class='ocrx_word' id='word_1_149' title='bbox 3352 838 3547 903; x_wconf 77' lang='grc' dir='ltr'>αὐτοῖς·</span> <span class='ocrx_word' id='word_1_150' title='bbox 3585 850 3685 915; x_wconf 61' lang='grc' dir='ltr'>περὶ</span> <span class='ocrx_word' id='word_1_151' title='bbox 3717 830 3758 909; x_wconf 51' lang='grc' dir='ltr'><strong>ἐξ</strong></span> 
     </span>
    </p>
   </div>
   <div class='ocr_carea' id='block_1_23' title="bbox 2268 918 3758 995">
    <p class='ocr_par' dir='ltr' id='par_1_23' title="bbox 2268 918 3758 995">
     <span class='ocr_line' id='line_1_23' title="bbox 2268 918 3758 995; baseline 0.013 -23"><span class='ocrx_word' id='word_1_152' title='bbox 2268 918 2377 973; x_wconf 82' lang='grc' dir='ltr'>τῶν</span> <span class='ocrx_word' id='word_1_153' title='bbox 2411 922 2679 991; x_wconf 81' lang='grc' dir='ltr'><strong>ἀκινήτων</strong></span> <span class='ocrx_word' id='word_1_154' title='bbox 2709 922 2789 975; x_wconf 86' lang='grc' dir='ltr'><strong>δεῖ</strong></span> <span class='ocrx_word' id='word_1_155' title='bbox 2814 923 2883 977; x_wconf 81' lang='grc' dir='ltr'><strong>τά</strong></span> <span class='ocrx_word' id='word_1_156' title='bbox 2922 923 3127 993; x_wconf 83' lang='grc' dir='ltr'>νόμιμα</span> <span class='ocrx_word' id='word_1_157' title='bbox 3157 923 3523 992; x_wconf 79' lang='grc' dir='ltr'>φυλάττεσθαι,</span> <span class='ocrx_word' id='word_1_158' title='bbox 3567 932 3666 988; x_wconf 75' lang='grc' dir='ltr'>ἐπεὶ</span> <span class='ocrx_word' id='word_1_159' title='bbox 3688 941 3758 995; x_wconf 79' lang='grc' dir='ltr'><strong>οὐκ</strong></span> 
     </span>
    </p>
   </div>
   <div class='ocr_carea' id='block_1_24' title="bbox 2270 1012 3655 1088">
    <p class='ocr_par' dir='ltr' id='par_1_24' title="bbox 2270 1012 3655 1088">
     <span class='ocr_line' id='line_1_24' title="bbox 2270 1012 3655 1088; baseline 0.004 -22"><span class='ocrx_word' id='word_1_160' title='bbox 2270 1012 2577 1086; x_wconf 85' lang='grc' dir='ltr'>ἀναιρεῖται</span> <span class='ocrx_word' id='word_1_161' title='bbox 2608 1015 2684 1085; x_wconf 78' lang='grc' dir='ltr'>τῷ</span> <span class='ocrx_word' id='word_1_162' title='bbox 2725 1016 3098 1087; x_wconf 79' lang='grc' dir='ltr'><strong>δωρησαμένῳ</strong></span> <span class='ocrx_word' id='word_1_163' title='bbox 3133 1020 3165 1087; x_wconf 79' lang='grc' dir='ltr'><strong>ή</strong></span> <span class='ocrx_word' id='word_1_164' title='bbox 3192 1019 3460 1088; x_wconf 81' lang='grc' dir='ltr'>ἐκνίκησις</span> <span class='ocrx_word' id='word_1_165' title='bbox 3486 1024 3655 1083; x_wconf 72' lang='grc' dir='ltr'>αὐτῶν,</span> 
     </span>
    </p>
   </div>
   <div class='ocr_carea' id='block_1_25' title="bbox 2337 1103 3761 1185">
    <p class='ocr_par' dir='ltr' id='par_1_25' title="bbox 2337 1103 3761 1185">
     <span class='ocr_line' id='line_1_25' title="bbox 2337 1103 3761 1185; baseline 0.008 -29"><span class='ocrx_word' id='word_1_166' title='bbox 2337 1104 2448 1156; x_wconf 73' lang='grc' dir='ltr'>Καὶ</span> <span class='ocrx_word' id='word_1_167' title='bbox 2477 1106 2509 1175; x_wconf 81' lang='grc' dir='ltr'>ἡ</span> <span class='ocrx_word' id='word_1_168' title='bbox 2544 1103 2608 1172; x_wconf 88' lang='grc' dir='ltr'>ιγ’</span> <span class='ocrx_word' id='word_1_169' title='bbox 2640 1105 2782 1159; x_wconf 84' lang='grc' dir='ltr'>διάτ.</span> <span class='ocrx_word' id='word_1_170' title='bbox 2814 1107 2909 1159; x_wconf 81' lang='grc' dir='ltr'>τοῦ</span> <span class='ocrx_word' id='word_1_171' title='bbox 2939 1114 2989 1160; x_wconf 85' lang='grc' dir='ltr'>α’</span> <span class='ocrx_word' id='word_1_172' title='bbox 3018 1108 3120 1161; x_wconf 86' lang='grc' dir='ltr'>τίτ.</span> <span class='ocrx_word' id='word_1_173' title='bbox 3151 1109 3258 1159; x_wconf 81' lang='grc' dir='ltr'><strong>τῶν</strong></span> <span class='ocrx_word' id='word_1_174' title='bbox 3292 1109 3508 1180; x_wconf 84' lang='grc' dir='ltr'>Νεαρῶν</span> <span class='ocrx_word' id='word_1_175' title='bbox 3535 1115 3681 1185; x_wconf 81' lang='grc' dir='ltr'>λέγει,</span> <span class='ocrx_word' id='word_1_176' title='bbox 3704 1121 3761 1177; x_wconf 77' lang='grc' dir='ltr'><strong>ὅτι</strong></span> 
     </span>
    </p>
   </div>
   <div class='ocr_carea' id='block_1_26' title="bbox 2269 1186 3762 1278">
    <p class='ocr_par' dir='ltr' id='par_1_26' title="bbox 2269 1186 3762 1278">
     <span class='ocr_line' id='line_1_26' title="bbox 2269 1186 3762 1278; baseline 0.015 -36"><span class='ocrx_word' id='word_1_177' title='bbox 2269 1186 2424 1254; x_wconf 76' lang='grc' dir='ltr'>Είτις</span> <span class='ocrx_word' id='word_1_178' title='bbox 2454 1195 2693 1259; x_wconf 86' lang='grc' dir='ltr'>μονάσας</span> <span class='ocrx_word' id='word_1_179' title='bbox 2732 1196 3090 1267; x_wconf 79' lang='grc' dir='ltr'>ἀναχωρῆσαι</span> <span class='ocrx_word' id='word_1_180' title='bbox 3119 1197 3358 1268; x_wconf 76' lang='grc' dir='ltr'><strong>βουληθῇ</strong></span> <span class='ocrx_word' id='word_1_181' title='bbox 3382 1240 3398 1264; x_wconf 90' lang='grc'><strong>,</strong></span> <span class='ocrx_word' id='word_1_182' title='bbox 3434 1203 3507 1254; x_wconf 74' lang='grc' dir='ltr'><strong>τὰ·</strong></span> <span class='ocrx_word' id='word_1_183' title='bbox 3528 1209 3762 1278; x_wconf 73' lang='grc' dir='ltr'>πράγματι</span> 
     </span>
    </p>
   </div>
   <div class='ocr_carea' id='block_1_27' title="bbox 2264 1283 3760 1361">
    <p class='ocr_par' dir='ltr' id='par_1_27' title="bbox 2264 1283 3760 1361">
     <span class='ocr_line' id='line_1_27' title="bbox 2264 1283 3760 1361; baseline 0.014 -27"><span class='ocrx_word' id='word_1_184' title='bbox 2264 1283 2361 1336; x_wconf 82' lang='grc' dir='ltr'>ὅσα</span> <span class='ocrx_word' id='word_1_185' title='bbox 2390 1290 2648 1356; x_wconf 87' lang='grc' dir='ltr'>παρεῖχεν</span> <span class='ocrx_word' id='word_1_186' title='bbox 2671 1289 2832 1357; x_wconf 78' lang='grc' dir='ltr'>ἡνίκα</span> <span class='ocrx_word' id='word_1_187' title='bbox 2856 1290 3026 1361; x_wconf 79' lang='grc' dir='ltr'>εἰσῄει</span> <span class='ocrx_word' id='word_1_188' title='bbox 3052 1332 3068 1357; x_wconf 88' lang='grc'><strong>,</strong></span> <span class='ocrx_word' id='word_1_189' title='bbox 3096 1291 3195 1359; x_wconf 78' lang='grc' dir='ltr'>τῆς</span> <span class='ocrx_word' id='word_1_190' title='bbox 3212 1292 3523 1358; x_wconf 70' lang='grc' dir='ltr'>δεσποτείας</span> <span class='ocrx_word' id='word_1_191' title='bbox 3553 1298 3677 1352; x_wconf 69' lang='grc' dir='ltr'>ἔσται</span> <span class='ocrx_word' id='word_1_192' title='bbox 3694 1306 3760 1357; x_wconf 79' lang='grc' dir='ltr'>τοῦ</span> 
     </span>
    </p>
   </div>
   <div class='ocr_carea' id='block_1_28' title="bbox 2265 1377 3758 1452">
    <p class='ocr_par' dir='ltr' id='par_1_28' title="bbox 2265 1377 3758 1452">
     <span class='ocr_line' id='line_1_28' title="bbox 2265 1377 3758 1452; baseline 0.013 -28"><span class='ocrx_word' id='word_1_193' title='bbox 2265 1377 2653 1447; x_wconf 82' lang='grc' dir='ltr'>μοναστηρίου’</span> <span class='ocrx_word' id='word_1_194' title='bbox 2686 1378 2781 1430; x_wconf 55' lang='grc' dir='ltr'><strong>καὶ¹</strong></span> <span class='ocrx_word' id='word_1_195' title='bbox 2807 1380 2990 1434; x_wconf 81' lang='grc' dir='ltr'>ὃτιΔεῖ</span> <span class='ocrx_word' id='word_1_196' title='bbox 3017 1381 3107 1433; x_wconf 82' lang='grc' dir='ltr'><strong>τὸν</strong></span> <span class='ocrx_word' id='word_1_197' title='bbox 3127 1382 3349 1435; x_wconf 86' lang='grc' dir='ltr'>θέλοντα</span> <span class='ocrx_word' id='word_1_198' title='bbox 3372 1385 3601 1452; x_wconf 77' lang='grc' dir='ltr'>μονάσαι,</span> <span class='ocrx_word' id='word_1_199' title='bbox 3621 1390 3758 1444; x_wconf 75' lang='grc' dir='ltr'>διατυ-</span> 
     </span>
    </p>
   </div>
   <div class='ocr_carea' id='block_1_29' title="bbox 2263 1461 3762 1548">
    <p class='ocr_par' dir='ltr' id='par_1_29' title="bbox 2263 1461 3762 1548">
     <span class='ocr_line' id='line_1_29' title="bbox 2263 1461 3762 1548; baseline 0.01 -35"><span class='ocrx_word' id='word_1_200' title='bbox 2263 1461 2398 1515; x_wconf 83' lang='grc' dir='ltr'>ποῦν</span> <span class='ocrx_word' id='word_1_201' title='bbox 2413 1480 2479 1515; x_wconf 88' lang='grc' dir='ltr'><strong>πε</strong></span> <span class='ocrx_word' id='word_1_202' title='bbox 2490 1464 2540 1533; x_wconf 83' lang='lat' dir='ltr'><strong>p‘t</strong></span> <span class='ocrx_word' id='word_1_203' title='bbox 2561 1464 2668 1518; x_wconf 77' lang='grc' dir='ltr'>τῶν</span> <span class='ocrx_word' id='word_1_204' title='bbox 2695 1465 2840 1518; x_wconf 89' lang='grc' dir='ltr'>ίδίων</span> <span class='ocrx_word' id='word_1_205' title='bbox 2858 1467 3220 1537; x_wconf 82' lang='grc' dir='ltr'>πραγμάτων·</span> <span class='ocrx_word' id='word_1_206' title='bbox 3248 1468 3532 1523; x_wconf 80' lang='grc' dir='ltr'>εἰσελθόντι</span> <span class='ocrx_word' id='word_1_207' title='bbox 3547 1474 3639 1545; x_wconf 78' lang='grc' dir='ltr'><strong>γὰρ</strong></span> <span class='ocrx_word' id='word_1_208' title='bbox 3659 1478 3762 1548; x_wconf 76' lang='grc' dir='ltr'>αὐτῷ</span> 
     </span>
    </p>
   </div>
   <div class='ocr_carea' id='block_1_30' title="bbox 2264 1555 3762 1635">
    <p class='ocr_par' dir='ltr' id='par_1_30' title="bbox 2264 1555 3762 1635">
     <span class='ocr_line' id='line_1_30' title="bbox 2264 1555 3762 1635; baseline 0.007 -28"><span class='ocrx_word' id='word_1_209' title='bbox 2264 1555 2730 1620; x_wconf 80' lang='grc' dir='ltr'>συνακολουθοῦσι,</span> <span class='ocrx_word' id='word_1_210' title='bbox 2759 1558 2859 1609; x_wconf 78' lang='grc' dir='ltr'><strong>κᾶν</strong></span> <span class='ocrx_word' id='word_1_211' title='bbox 2887 1559 2961 1628; x_wconf 79' lang='grc' dir='ltr'>μὴ</span> <span class='ocrx_word' id='word_1_212' title='bbox 2990 1558 3145 1611; x_wconf 80' lang='grc' dir='ltr'>τοῦτο</span> <span class='ocrx_word' id='word_1_213' title='bbox 3169 1560 3347 1630; x_wconf 70' lang='grc' dir='ltr'>ῥητῶς</span> <span class='ocrx_word' id='word_1_214' title='bbox 3372 1560 3510 1634; x_wconf 77' lang='grc' dir='ltr'>εἴπῃ·</span> <span class='ocrx_word' id='word_1_215' title='bbox 3536 1566 3577 1616; x_wconf 86' lang='grc' dir='ltr'><strong>εί</strong></span> <span class='ocrx_word' id='word_1_216' title='bbox 3608 1567 3687 1635; x_wconf 84' lang='grc' dir='ltr'><strong>μέν</strong></span> <span class='ocrx_word' id='word_1_217' title='bbox 3709 1587 3762 1621; x_wconf 76' lang='grc' dir='ltr'><strong>τοι</strong></span> 
     </span>
    </p>
   </div>
   <div class='ocr_carea' id='block_1_31' title="bbox 2265 1640 3763 1727">
    <p class='ocr_par' dir='ltr' id='par_1_31' title="bbox 2265 1640 3763 1727">
     <span class='ocr_line' id='line_1_31' title="bbox 2265 1640 3763 1727; baseline 0.005 -28"><span class='ocrx_word' id='word_1_218' title='bbox 2265 1647 2459 1710; x_wconf 78' lang='grc' dir='ltr'>παῖδας</span> <span class='ocrx_word' id='word_1_219' title='bbox 2494 1647 2654 1718; x_wconf 74' lang='grc' dir='ltr'>ἔχων,</span> <span class='ocrx_word' id='word_1_220' title='bbox 2685 1640 2841 1717; x_wconf 80' lang='grc' dir='ltr'>ἔτυχέ</span> <span class='ocrx_word' id='word_1_221' title='bbox 2874 1667 2995 1703; x_wconf 89' lang='grc' dir='ltr'>τινα</span> <span class='ocrx_word' id='word_1_222' title='bbox 3029 1650 3329 1719; x_wconf 81' lang='grc' dir='ltr'>πράγματα</span> <span class='ocrx_word' id='word_1_223' title='bbox 3368 1650 3763 1727; x_wconf 54' lang='grc' dir='ltr'>δωρησάμενφῆ</span> 
     </span>
    </p>
   </div>
   <div class='ocr_carea' id='block_1_32' title="bbox 595 1720 2158 1815">
    <p class='ocr_par' dir='ltr' id='par_1_32' title="bbox 595 1740 2158 1813">
     <span class='ocr_line' id='line_1_32' title="bbox 595 1740 2158 1813; baseline -0.001 -17"><span class='ocrx_word' id='word_1_224' title='bbox 595 1758 762 1813; x_wconf 87' lang='lat' dir='ltr'><strong>quas,</strong></span> <span class='ocrx_word' id='word_1_225' title='bbox 810 1759 932 1813; x_wconf 84' lang='lat' dir='ltr'><strong>quae</strong></span> <span class='ocrx_word' id='word_1_226' title='bbox 979 1744 1274 1812; x_wconf 72' lang='lat' dir='ltr'><strong>legitimam</strong></span> <span class='ocrx_word' id='word_1_227' title='bbox 1320 1745 1625 1813; x_wconf 87' lang='lat' dir='ltr'><strong>portionem</strong></span> <span class='ocrx_word' id='word_1_228' title='bbox 1680 1742 1999 1797; x_wconf 66' lang='lat' dir='ltr'><strong>substantia:</strong></span> <span class='ocrx_word' id='word_1_229' title='bbox 2040 1740 2158 1810; x_wconf 87' lang='lat' dir='ltr'><strong>ejus</strong></span> 
     </span>
    </p>
   </div>
   <div class='ocr_carea' id='block_1_33' title="bbox 2261 1720 3763 1815">
    <p class='ocr_par' dir='ltr' id='par_1_33' title="bbox 2264 1720 3763 1815">
     <span class='ocr_line' id='line_1_33' title="bbox 2264 1720 3763 1815; baseline 0.006 -24"><span class='ocrx_word' id='word_1_230' title='bbox 2264 1738 2620 1810; x_wconf 81' lang='grc' dir='ltr'>δωρησαμένη</span> <span class='ocrx_word' id='word_1_231' title='bbox 2658 1741 2873 1805; x_wconf 78' lang='grc' dir='ltr'>αὐτοῖς,</span> <span class='ocrx_word' id='word_1_232' title='bbox 2912 1742 2945 1811; x_wconf 82' lang='grc' dir='ltr'><strong>ἢ</strong></span> <span class='ocrx_word' id='word_1_233' title='bbox 2987 1741 3129 1812; x_wconf 83' lang='grc' dir='ltr'>ὑπὲρ</span> <span class='ocrx_word' id='word_1_234' title='bbox 3158 1741 3412 1813; x_wconf 83' lang='grc' dir='ltr'>προικὸς,</span> <span class='ocrx_word' id='word_1_235' title='bbox 3448 1720 3610 1815; x_wconf 12' lang='grc' dir='ltr'>νῆίπρὸ</span> <span class='ocrx_word' id='word_1_236' title='bbox 3633 1720 3763 1815; x_wconf 60' lang='grc' dir='ltr'>γάρον</span> 
     </span>
    </p>
   </div>
   <div class='ocr_carea' id='block_1_34' title="bbox 591 1832 2165 1902">
    <p class='ocr_par' dir='ltr' id='par_1_34' title="bbox 591 1832 2165 1902">
     <span class='ocr_line' id='line_1_34' title="bbox 591 1832 2165 1902; baseline -0.003 -13"><span class='ocrx_word' id='word_1_237' title='bbox 591 1834 916 1900; x_wconf 81' lang='lat' dir='ltr'><strong>conﬁciant,</strong></span> <span class='ocrx_word' id='word_1_238' title='bbox 957 1835 1099 1890; x_wconf 91' lang='lat' dir='ltr'><strong>dotis</strong></span> <span class='ocrx_word' id='word_1_239' title='bbox 1133 1836 1509 1889; x_wconf 73' lang='lat' dir='ltr'><strong>donationisve</strong></span> <span class='ocrx_word' id='word_1_240' title='bbox 1541 1844 1664 1888; x_wconf 83' lang='lat' dir='ltr'><strong>ante</strong></span> <span class='ocrx_word' id='word_1_241' title='bbox 1697 1832 1914 1902; x_wconf 86' lang='lat' dir='ltr'><strong>nuptias</strong></span> <span class='ocrx_word' id='word_1_242' title='bbox 1946 1833 2165 1885; x_wconf 88' lang='lat' dir='ltr'><strong>nomine</strong></span> 
     </span>
    </p>
   </div>
   <div class='ocr_carea' id='block_1_35' title="bbox 593 1923 2158 1994">
    <p class='ocr_par' dir='ltr' id='par_1_35' title="bbox 593 1923 2158 1994">
     <span class='ocr_line' id='line_1_35' title="bbox 593 1923 2158 1994; baseline -0.001 -17"><span class='ocrx_word' id='word_1_243' title='bbox 593 1923 912 1977; x_wconf 88' lang='lat' dir='ltr'><strong>donaverit:</strong></span> <span class='ocrx_word' id='word_1_244' title='bbox 945 1925 998 1977; x_wconf 92' lang='lat' dir='ltr'><strong>in</strong></span> <span class='ocrx_word' id='word_1_245' title='bbox 1030 1925 1254 1994; x_wconf 77' lang='lat' dir='ltr'><strong>reliquis</strong></span> <span class='ocrx_word' id='word_1_246' title='bbox 1287 1925 1361 1977; x_wconf 89' lang='lat' dir='ltr'><strong>illi</strong></span> <span class='ocrx_word' id='word_1_247' title='bbox 1387 1924 1586 1978; x_wconf 88' lang='lat' dir='ltr'><strong>nullam</strong></span> <span class='ocrx_word' id='word_1_248' title='bbox 1611 1923 2158 1978; x_wconf 85' lang='lat' dir='ltr'><strong>communicationem</strong></span> 
     </span>
    </p>
   </div>
   <div class='ocr_carea' id='block_1_36' title="bbox 594 2015 2163 2095">
    <p class='ocr_par' dir='ltr' id='par_1_36' title="bbox 594 2015 2163 2095">
     <span class='ocr_line' id='line_1_36' title="bbox 594 2015 2163 2095; baseline -0.005 -17"><span class='ocrx_word' id='word_1_249' title='bbox 594 2019 853 2076; x_wconf 87' lang='lat' dir='ltr'><strong>habento.</strong></span> <span class='ocrx_word' id='word_1_250' title='bbox 885 2020 981 2076; x_wconf 85' lang='lat' dir='ltr'><strong>Sin</strong></span> <span class='ocrx_word' id='word_1_251' title='bbox 1010 2017 1147 2078; x_wconf 80' lang='lat' dir='ltr'><strong>nihil</strong></span> <span class='ocrx_word' id='word_1_252' title='bbox 1178 2017 1331 2095; x_wconf 82' lang='lat' dir='ltr'><strong>ipsis.</strong></span> <span class='ocrx_word' id='word_1_253' title='bbox 1365 2026 1456 2080; x_wconf 84' lang='lat' dir='ltr'><strong>aut</strong></span> <span class='ocrx_word' id='word_1_254' title='bbox 1484 2015 1676 2077; x_wconf 77' lang='lat' dir='ltr'><strong>minus</strong></span> <span class='ocrx_word' id='word_1_255' title='bbox 1710 2016 1952 2091; x_wconf 75' lang='lat' dir='ltr'><strong>legitima</strong></span> <span class='ocrx_word' id='word_1_256' title='bbox 1992 2016 2163 2073; x_wconf 81' lang='lat' dir='ltr'><strong>dona-</strong></span> 
     </span>
    </p>
   </div>
   <div class='ocr_carea' id='block_1_37' title="bbox 595 2111 2160 2186">
    <p class='ocr_par' dir='ltr' id='par_1_37' title="bbox 595 2111 2160 2186">
     <span class='ocr_line' id='line_1_37' title="bbox 595 2111 2160 2186; baseline -0.004 -17"><span class='ocrx_word' id='word_1_257' title='bbox 595 2121 765 2169; x_wconf 84' lang='lat' dir='ltr'><strong>verit:</strong></span> <span class='ocrx_word' id='word_1_258' title='bbox 797 2123 958 2170; x_wconf 85' lang='lat' dir='ltr'><strong>etiam</strong></span> <span class='ocrx_word' id='word_1_259' title='bbox 986 2128 1269 2186; x_wconf 86' lang='lat' dir='ltr'><strong>postquam</strong></span> <span class='ocrx_word' id='word_1_260' title='bbox 1304 2118 1416 2185; x_wconf 89' lang='lat' dir='ltr'><strong>ipse</strong></span> <span class='ocrx_word' id='word_1_261' title='bbox 1448 2116 1750 2170; x_wconf 79' lang='lat' dir='ltr'><strong>monachus</strong></span> <span class='ocrx_word' id='word_1_262' title='bbox 1779 2114 1952 2167; x_wconf 85' lang='lat' dir='ltr'><strong>factus</strong></span> <span class='ocrx_word' id='word_1_263' title='bbox 1980 2111 2160 2173; x_wconf 81' lang='lat' dir='ltr'><strong>fuerit,</strong></span> 
     </span>
    </p>
   </div>
   <div class='ocr_carea' id='block_1_38' title="bbox 592 2204 2166 2275">
    <p class='ocr_par' dir='ltr' id='par_1_38' title="bbox 592 2204 2166 2275">
     <span class='ocr_line' id='line_1_38' title="bbox 592 2204 2166 2275; baseline -0.004 -14"><span class='ocrx_word' id='word_1_264' title='bbox 592 2207 819 2261; x_wconf 85' lang='lat' dir='ltr'><strong>debetur</strong></span> <span class='ocrx_word' id='word_1_265' title='bbox 865 2208 969 2261; x_wconf 87' lang='lat' dir='ltr'><strong>illis</strong></span> <span class='ocrx_word' id='word_1_266' title='bbox 1014 2207 1275 2275; x_wconf 79' lang='lat' dir='ltr'><strong>legitima.</strong></span> <span class='ocrx_word' id='word_1_267' title='bbox 1328 2205 1494 2259; x_wconf 89' lang='lat' dir='ltr'><strong>Plane</strong></span> <span class='ocrx_word' id='word_1_268' title='bbox 1531 2204 1577 2259; x_wconf 89' lang='lat' dir='ltr'><strong>si</strong></span> <span class='ocrx_word' id='word_1_269' title='bbox 1623 2204 1852 2257; x_wconf 87' lang='lat' dir='ltr'><strong>maritus</strong></span> <span class='ocrx_word' id='word_1_270' title='bbox 1892 2210 1985 2255; x_wconf 90' lang='lat' dir='ltr'><strong>aut</strong></span> <span class='ocrx_word' id='word_1_271' title='bbox 2028 2215 2166 2255; x_wconf 85' lang='lat' dir='ltr'><strong>uxor</strong></span> 
     </span>
    </p>
   </div>
   <div class='ocr_carea' id='block_1_39' title="bbox 590 2293 2162 2361">
    <p class='ocr_par' dir='ltr' id='par_1_39' title="bbox 590 2293 2162 2361">
     <span class='ocr_line' id='line_1_39' title="bbox 590 2293 2162 2361; baseline -0.004 -9"><span class='ocrx_word' id='word_1_272' title='bbox 590 2298 857 2352; x_wconf 90' lang='lat' dir='ltr'><strong>lueratur.</strong></span> <span class='ocrx_word' id='word_1_273' title='bbox 906 2296 969 2351; x_wconf 89' lang='lat' dir='ltr'><strong>Et</strong></span> <span class='ocrx_word' id='word_1_274' title='bbox 1013 2315 1026 2351; x_wconf 92' lang='lat'><strong>:</strong></span> <span class='ocrx_word' id='word_1_275' title='bbox 1076 2296 1133 2351; x_wconf 87' lang='lat' dir='ltr'><strong>Si</strong></span> <span class='ocrx_word' id='word_1_276' title='bbox 1182 2298 1484 2352; x_wconf 85' lang='lat' dir='ltr'><strong>monachus</strong></span> <span class='ocrx_word' id='word_1_277' title='bbox 1531 2297 1586 2350; x_wconf 86' lang='lat' dir='ltr'><strong>in</strong></span> <span class='ocrx_word' id='word_1_278' title='bbox 1632 2296 1902 2361; x_wconf 82' lang='lat' dir='ltr'><strong>militiam,</strong></span> <span class='ocrx_word' id='word_1_279' title='bbox 1953 2302 2049 2348; x_wconf 88' lang='lat' dir='ltr'><strong>aut</strong></span> <span class='ocrx_word' id='word_1_280' title='bbox 2093 2293 2162 2347; x_wconf 87' lang='lat' dir='ltr'><strong>ad</strong></span> 
     </span>
    </p>
   </div>
   <div class='ocr_carea' id='block_1_40' title="bbox 589 2384 2162 2453">
    <p class='ocr_par' dir='ltr' id='par_1_40' title="bbox 589 2384 2162 2453">
     <span class='ocr_line' id='line_1_40' title="bbox 589 2384 2162 2453; baseline -0.001 -15"><span class='ocrx_word' id='word_1_281' title='bbox 589 2385 751 2439; x_wconf 90' lang='lat' dir='ltr'><strong>aliam</strong></span> <span class='ocrx_word' id='word_1_282' title='bbox 801 2385 928 2439; x_wconf 77' lang='lat' dir='ltr'><strong>vita:</strong></span> <span class='ocrx_word' id='word_1_283' title='bbox 973 2384 1204 2439; x_wconf 80' lang='lat' dir='ltr'><strong>formam</strong></span> <span class='ocrx_word' id='word_1_284' title='bbox 1252 2387 1488 2440; x_wconf 84' lang='lat' dir='ltr'><strong>habeat:</strong></span> <span class='ocrx_word' id='word_1_285' title='bbox 1532 2385 1833 2441; x_wconf 87' lang='lat' dir='ltr'><strong>substantia</strong></span> <span class='ocrx_word' id='word_1_286' title='bbox 1866 2385 1986 2453; x_wconf 91' lang='lat' dir='ltr'><strong>ejus</strong></span> <span class='ocrx_word' id='word_1_287' title='bbox 2019 2385 2162 2453; x_wconf 87' lang='lat' dir='ltr'><strong>apud</strong></span> 
     </span>
    </p>
   </div>
   <div class='ocr_carea' id='block_1_41' title="bbox 589 2477 2163 2548">
    <p class='ocr_par' dir='ltr' id='par_1_41' title="bbox 589 2477 2163 2548">
     <span class='ocr_line' id='line_1_41' title="bbox 589 2477 2163 2548; baseline -0.003 -16"><span class='ocrx_word' id='word_1_288' title='bbox 589 2480 979 2532; x_wconf 88' lang='lat' dir='ltr'><strong>monasterium</strong></span> <span class='ocrx_word' id='word_1_289' title='bbox 1030 2490 1291 2544; x_wconf 84' lang='lat' dir='ltr'><strong>remanet,</strong></span> <span class='ocrx_word' id='word_1_290' title='bbox 1341 2479 1458 2548; x_wconf 90' lang='lat' dir='ltr'><strong>ipse</strong></span> <span class='ocrx_word' id='word_1_291' title='bbox 1502 2494 1631 2533; x_wconf 87' lang='lat' dir='ltr'><strong>vero</strong></span> <span class='ocrx_word' id='word_1_292' title='bbox 1680 2477 2028 2548; x_wconf 82' lang='lat' dir='ltr'><strong>provincialis</strong></span> <span class='ocrx_word' id='word_1_293' title='bbox 2070 2490 2163 2529; x_wconf 81' lang='lat' dir='ltr'><strong>co-</strong></span> 
     </span>
    </p>
   </div>
   <div class='ocr_carea' id='block_1_42' title="bbox 590 2566 2165 2639">
    <p class='ocr_par' dir='ltr' id='par_1_42' title="bbox 590 2566 2165 2639">
     <span class='ocr_line' id='line_1_42' title="bbox 590 2566 2165 2639; baseline -0.001 -18"><span class='ocrx_word' id='word_1_294' title='bbox 590 2567 820 2622; x_wconf 82' lang='lat' dir='ltr'><strong>hortalis</strong></span> <span class='ocrx_word' id='word_1_295' title='bbox 849 2568 940 2621; x_wconf 91' lang='lat' dir='ltr'><strong>sit.</strong></span> <span class='ocrx_word' id='word_1_296' title='bbox 975 2566 1141 2639; x_wconf 78' lang='lat'><strong>356</strong></span> <span class='ocrx_word' id='word_1_297' title='bbox 1182 2567 1288 2623; x_wconf 85' lang='lat' dir='ltr'><strong>Sed</strong></span> <span class='ocrx_word' id='word_1_298' title='bbox 1318 2577 1373 2622; x_wconf 90' lang='lat' dir='ltr'><strong>et</strong></span> <span class='ocrx_word' id='word_1_299' title='bbox 1407 2568 1450 2622; x_wconf 90' lang='lat' dir='ltr'><strong>si</strong></span> <span class='ocrx_word' id='word_1_300' title='bbox 1479 2568 1602 2637; x_wconf 89' lang='lat' dir='ltr'><strong>quis</strong></span> <span class='ocrx_word' id='word_1_301' title='bbox 1629 2569 1688 2621; x_wconf 86' lang='lat' dir='ltr'><strong>in</strong></span> <span class='ocrx_word' id='word_1_302' title='bbox 1718 2567 1861 2621; x_wconf 89' lang='lat' dir='ltr'><strong>aliud</strong></span> <span class='ocrx_word' id='word_1_303' title='bbox 1891 2577 2165 2620; x_wconf 84' lang='lat' dir='ltr'><strong>monaste-</strong></span> 
     </span>
    </p>
   </div>
   <div class='ocr_carea' id='block_1_43' title="bbox 588 2659 2159 2728">
    <p class='ocr_par' dir='ltr' id='par_1_43' title="bbox 588 2659 2159 2728">
     <span class='ocr_line' id='line_1_43' title="bbox 588 2659 2159 2728; baseline -0.001 -16"><span class='ocrx_word' id='word_1_304' title='bbox 588 2660 730 2713; x_wconf 89' lang='lat' dir='ltr'><strong>rium</strong></span> <span class='ocrx_word' id='word_1_305' title='bbox 762 2670 1040 2714; x_wconf 87' lang='lat' dir='ltr'><strong>transeat:</strong></span> <span class='ocrx_word' id='word_1_306' title='bbox 1070 2659 1355 2714; x_wconf 76' lang='lat' dir='ltr'><strong>facultates</strong></span> <span class='ocrx_word' id='word_1_307' title='bbox 1387 2660 1556 2728; x_wconf 84' lang='lat' dir='ltr'><strong>ipsius</strong></span> <span class='ocrx_word' id='word_1_308' title='bbox 1586 2660 1651 2713; x_wconf 83' lang='lat' dir='ltr'><strong>ad</strong></span> <span class='ocrx_word' id='word_1_309' title='bbox 1680 2659 1915 2728; x_wconf 86' lang='lat' dir='ltr'><strong>priurum</strong></span> <span class='ocrx_word' id='word_1_310' title='bbox 1942 2671 2159 2711; x_wconf 82' lang='lat' dir='ltr'><strong>monas-</strong></span> 
     </span>
    </p>
   </div>
   <div class='ocr_carea' id='block_1_44' title="bbox 588 2746 2163 2819">
    <p class='ocr_par' dir='ltr' id='par_1_44' title="bbox 588 2746 2163 2819">
     <span class='ocr_line' id='line_1_44' title="bbox 588 2746 2163 2819; baseline -0.003 -14"><span class='ocrx_word' id='word_1_311' title='bbox 588 2751 788 2805; x_wconf 86' lang='lat' dir='ltr'><strong>terium</strong></span> <span class='ocrx_word' id='word_1_312' title='bbox 852 2750 1149 2819; x_wconf 84' lang='lat' dir='ltr'><strong>pertinent.</strong></span> <span class='ocrx_word' id='word_1_313' title='bbox 1216 2749 1484 2803; x_wconf 56' lang='lat' dir='ltr'><strong>(laterum</strong></span> <span class='ocrx_word' id='word_1_314' title='bbox 1542 2748 1799 2817; x_wconf 66' lang='lat' dir='ltr'><strong>praesules</strong></span> <span class='ocrx_word' id='word_1_315' title='bbox 1868 2746 2043 2815; x_wconf 87' lang='lat' dir='ltr'><strong>ipsum</strong></span> <span class='ocrx_word' id='word_1_316' title='bbox 2095 2760 2163 2801; x_wconf 85' lang='lat' dir='ltr'><strong>ne</strong></span> 
     </span>
    </p>
   </div>
   <div class='ocr_carea' id='block_1_45' title="bbox 585 2836 2159 2912">
    <p class='ocr_par' dir='ltr' id='par_1_45' title="bbox 585 2836 2159 2912">
     <span class='ocr_line' id='line_1_45' title="bbox 585 2836 2159 2912; baseline -0.001 -19"><span class='ocrx_word' id='word_1_317' title='bbox 585 2842 966 2910; x_wconf 86' lang='lat' dir='ltr'><strong>suscipiunto:</strong></span> <span class='ocrx_word' id='word_1_318' title='bbox 1015 2848 1179 2910; x_wconf 88' lang='lat' dir='ltr'><strong>atque</strong></span> <span class='ocrx_word' id='word_1_319' title='bbox 1222 2841 1323 2894; x_wconf 89' lang='lat' dir='ltr'><strong>hoc</strong></span> <span class='ocrx_word' id='word_1_320' title='bbox 1353 2837 1576 2912; x_wconf 77' lang='lat' dir='ltr'><strong>[ipsum]</strong></span> <span class='ocrx_word' id='word_1_321' title='bbox 1620 2847 1731 2892; x_wconf 91' lang='lat' dir='ltr'><strong>tum</strong></span> <span class='ocrx_word' id='word_1_322' title='bbox 1776 2836 2012 2906; x_wconf 84' lang='lat' dir='ltr'><strong>episcopi</strong></span> <span class='ocrx_word' id='word_1_323' title='bbox 2044 2843 2159 2891; x_wconf 90' lang='lat' dir='ltr'><strong>tum</strong></span> 
     </span>
    </p>
   </div>
   <div class='ocr_carea' id='block_1_46' title="bbox 586 2931 1421 2999">
    <p class='ocr_par' dir='ltr' id='par_1_46' title="bbox 586 2931 1421 2999">
     <span class='ocr_line' id='line_1_46' title="bbox 586 2931 1421 2999; baseline 0 -13"><span class='ocrx_word' id='word_1_324' title='bbox 586 2932 1030 2986; x_wconf 79' lang='lat' dir='ltr'><strong>archiinandritae</strong></span> <span class='ocrx_word' id='word_1_325' title='bbox 1076 2931 1421 2999; x_wconf 84' lang='lat' dir='ltr'><strong>prohibente.</strong></span> 
     </span>
    </p>
   </div>
   <div class='ocr_carea' id='block_1_47' title="bbox 657 3017 2159 3090">
    <p class='ocr_par' dir='ltr' id='par_1_47' title="bbox 657 3017 2159 3090">
     <span class='ocr_line' id='line_1_47' title="bbox 657 3017 2159 3090; baseline -0.001 -14"><span class='ocrx_word' id='word_1_326' title='bbox 657 3021 802 3077; x_wconf 87' lang='lat' dir='ltr'><strong>Dicit</strong></span> <span class='ocrx_word' id='word_1_327' title='bbox 832 3037 965 3078; x_wconf 86' lang='lat' dir='ltr'><strong>vero</strong></span> <span class='ocrx_word' id='word_1_328' title='bbox 1010 3022 1175 3077; x_wconf 88' lang='lat' dir='ltr'><strong>etiam</strong></span> <span class='ocrx_word' id='word_1_329' title='bbox 1218 3034 1396 3078; x_wconf 87' lang='lat' dir='ltr'><strong>const.</strong></span> <span class='ocrx_word' id='word_1_330' title='bbox 1445 3021 1536 3085; x_wconf 68' lang='lat'><strong>52,</strong></span> <span class='ocrx_word' id='word_1_331' title='bbox 1570 3021 1652 3076; x_wconf 91' lang='lat' dir='ltr'><strong>tit.</strong></span> <span class='ocrx_word' id='word_1_332' title='bbox 1680 3021 1734 3087; x_wconf 74' lang='lat'><strong>3,</strong></span> <span class='ocrx_word' id='word_1_333' title='bbox 1763 3020 1854 3075; x_wconf 89' lang='lat' dir='ltr'><strong>lib.</strong></span> <span class='ocrx_word' id='word_1_334' title='bbox 1880 3035 1919 3074; x_wconf 86' lang='grc' dir='ltr'>ι.</span> <span class='ocrx_word' id='word_1_335' title='bbox 1948 3017 2006 3074; x_wconf 90' lang='lat' dir='ltr'><strong>Si</strong></span> <span class='ocrx_word' id='word_1_336' title='bbox 2033 3018 2159 3090; x_wconf 86' lang='lat' dir='ltr'><strong>quis</strong></span> 
     </span>
    </p>
   </div>
   <div class='ocr_carea' id='block_1_48' title="bbox 582 3111 2157 3181">
    <p class='ocr_par' dir='ltr' id='par_1_48' title="bbox 582 3111 2157 3181">
     <span class='ocr_line' id='line_1_48' title="bbox 582 3111 2157 3181; baseline -0.003 -10"><span class='ocrx_word' id='word_1_337' title='bbox 582 3130 653 3171; x_wconf 81' lang='lat' dir='ltr'><strong>ex</strong></span> <span class='ocrx_word' id='word_1_338' title='bbox 700 3130 832 3169; x_wconf 88' lang='lat' dir='ltr'><strong>casu</strong></span> <span class='ocrx_word' id='word_1_339' title='bbox 874 3115 920 3170; x_wconf 89' lang='lat' dir='ltr'><strong>si</strong></span> <span class='ocrx_word' id='word_1_340' title='bbox 967 3115 1123 3169; x_wconf 89' lang='lat' dir='ltr'><strong>liberi</strong></span> <span class='ocrx_word' id='word_1_341' title='bbox 1171 3130 1281 3169; x_wconf 92' lang='lat' dir='ltr'><strong>non</strong></span> <span class='ocrx_word' id='word_1_342' title='bbox 1326 3115 1627 3181; x_wconf 77' lang='lat' dir='ltr'><strong>exsistant,</strong></span> <span class='ocrx_word' id='word_1_343' title='bbox 1680 3111 2025 3168; x_wconf 87' lang='lat' dir='ltr'><strong>restitutione</strong></span> <span class='ocrx_word' id='word_1_344' title='bbox 2071 3112 2157 3167; x_wconf 92' lang='lat' dir='ltr'><strong>vel</strong></span> 
     </span>
    </p>
   </div>
   <div class='ocr_carea' id='block_1_49' title="bbox 585 3203 2155 3275">
    <p class='ocr_par' dir='ltr' id='par_1_49' title="bbox 585 3203 2155 3275">
     <span class='ocr_line' id='line_1_49' title="bbox 585 3203 2155 3275; baseline -0.001 -17"><span class='ocrx_word' id='word_1_345' title='bbox 585 3204 974 3260; x_wconf 75' lang='lat' dir='ltr'><strong>substitutione</strong></span> <span class='ocrx_word' id='word_1_346' title='bbox 1022 3217 1278 3275; x_wconf 79' lang='lat' dir='ltr'><strong>gravatus</strong></span> <span class='ocrx_word' id='word_1_347' title='bbox 1312 3204 1496 3264; x_wconf 84' lang='lat' dir='ltr'><strong>fuerit.</strong></span> <span class='ocrx_word' id='word_1_348' title='bbox 1535 3215 1591 3259; x_wconf 89' lang='lat' dir='ltr'><strong>et</strong></span> <span class='ocrx_word' id='word_1_349' title='bbox 1633 3203 1778 3274; x_wconf 88' lang='lat' dir='ltr'><strong>quod</strong></span> <span class='ocrx_word' id='word_1_350' title='bbox 1826 3203 1992 3257; x_wconf 90' lang='lat' dir='ltr'><strong>vitam</strong></span> <span class='ocrx_word' id='word_1_351' title='bbox 2036 3216 2155 3257; x_wconf 89' lang='lat' dir='ltr'><strong>mo-</strong></span> 
     </span>
    </p>
   </div>
   <div class='ocr_carea' id='block_1_50' title="bbox 584 3293 2153 3366">
    <p class='ocr_par' dir='ltr' id='par_1_50' title="bbox 584 3293 2153 3366">
     <span class='ocr_line' id='line_1_50' title="bbox 584 3293 2153 3366; baseline -0.003 -15"><span class='ocrx_word' id='word_1_352' title='bbox 584 3298 848 3351; x_wconf 79' lang='lat' dir='ltr'><strong>nasticam</strong></span> <span class='ocrx_word' id='word_1_353' title='bbox 880 3297 1155 3366; x_wconf 69' lang='lat' dir='ltr'><strong>praal&#39;erat,</strong></span> <span class='ocrx_word' id='word_1_354' title='bbox 1184 3295 1597 3350; x_wconf 83' lang='lat' dir='ltr'><strong>matrimonium</strong></span> <span class='ocrx_word' id='word_1_355' title='bbox 1626 3294 1953 3351; x_wconf 86' lang='lat' dir='ltr'><strong>contrahere</strong></span> <span class='ocrx_word' id='word_1_356' title='bbox 1982 3293 2153 3347; x_wconf 91' lang='lat' dir='ltr'><strong>nolit:</strong></span> 
     </span>
    </p>
   </div>
   <div class='ocr_carea' id='block_1_51' title="bbox 582 3382 2158 3458">
    <p class='ocr_par' dir='ltr' id='par_1_51' title="bbox 582 3382 2158 3458">
     <span class='ocr_line' id='line_1_51' title="bbox 582 3382 2158 3458; baseline -0.004 -15"><span class='ocrx_word' id='word_1_357' title='bbox 582 3400 674 3443; x_wconf 87' lang='lat' dir='ltr'><strong>res</strong></span> <span class='ocrx_word' id='word_1_358' title='bbox 702 3384 1058 3458; x_wconf 76' lang='lat' dir='ltr'><strong>[assignatas]</strong></span> <span class='ocrx_word' id='word_1_359' title='bbox 1086 3386 1303 3451; x_wconf 84' lang='lat' dir='ltr'><strong>retinet,</strong></span> <span class='ocrx_word' id='word_1_360' title='bbox 1351 3394 1518 3456; x_wconf 84' lang='lat' dir='ltr'><strong>atque</strong></span> <span class='ocrx_word' id='word_1_361' title='bbox 1564 3386 1693 3440; x_wconf 89' lang='lat' dir='ltr'><strong>dum</strong></span> <span class='ocrx_word' id='word_1_362' title='bbox 1736 3384 1888 3450; x_wconf 84' lang='lat' dir='ltr'><strong>vivit,</strong></span> <span class='ocrx_word' id='word_1_363' title='bbox 1932 3382 2158 3437; x_wconf 89' lang='lat' dir='ltr'><strong>insumit</strong></span> 
     </span>
    </p>
   </div>
   <div class='ocr_carea' id='block_1_52' title="bbox 582 3473 2156 3547">
    <p class='ocr_par' dir='ltr' id='par_1_52' title="bbox 582 3473 2156 3547">
     <span class='ocr_line' id='line_1_52' title="bbox 582 3473 2156 3547; baseline -0.004 -12"><span class='ocrx_word' id='word_1_364' title='bbox 582 3479 730 3542; x_wconf 84' lang='lat' dir='ltr'><strong>illas,</strong></span> <span class='ocrx_word' id='word_1_365' title='bbox 776 3489 869 3532; x_wconf 87' lang='lat' dir='ltr'><strong>aut</strong></span> <span class='ocrx_word' id='word_1_366' title='bbox 902 3477 1181 3547; x_wconf 87' lang='lat' dir='ltr'><strong>quomodo</strong></span> <span class='ocrx_word' id='word_1_367' title='bbox 1213 3476 1327 3531; x_wconf 88' lang='lat' dir='ltr'><strong>vult</strong></span> <span class='ocrx_word' id='word_1_368' title='bbox 1353 3476 1609 3546; x_wconf 81' lang='lat' dir='ltr'><strong>relinquit</strong></span> <span class='ocrx_word' id='word_1_369' title='bbox 1633 3475 1929 3530; x_wconf 90' lang='lat' dir='ltr'><strong>dummodo</strong></span> <span class='ocrx_word' id='word_1_370' title='bbox 1958 3473 2013 3529; x_wconf 90' lang='lat' dir='ltr'><strong>in</strong></span> <span class='ocrx_word' id='word_1_371' title='bbox 2038 3473 2156 3543; x_wconf 90' lang='lat' dir='ltr'><strong>pias</strong></span> 
     </span>
    </p>
   </div>
   <div class='ocr_carea' id='block_1_53' title="bbox 581 3566 2156 3637">
    <p class='ocr_par' dir='ltr' id='par_1_53' title="bbox 581 3566 2156 3637">
     <span class='ocr_line' id='line_1_53' title="bbox 581 3566 2156 3637; baseline -0.004 -11"><span class='ocrx_word' id='word_1_372' title='bbox 581 3585 798 3626; x_wconf 79' lang='lat' dir='ltr'><strong>causas.</strong></span> <span class='ocrx_word' id='word_1_373' title='bbox 852 3568 956 3624; x_wconf 90' lang='lat' dir='ltr'><strong>Sed</strong></span> <span class='ocrx_word' id='word_1_374' title='bbox 1000 3577 1056 3623; x_wconf 91' lang='lat' dir='ltr'><strong>et</strong></span> <span class='ocrx_word' id='word_1_375' title='bbox 1095 3569 1142 3624; x_wconf 90' lang='lat' dir='ltr'><strong>si</strong></span> <span class='ocrx_word' id='word_1_376' title='bbox 1186 3569 1290 3624; x_wconf 89' lang='lat' dir='ltr'><strong>sub</strong></span> <span class='ocrx_word' id='word_1_377' title='bbox 1345 3569 1654 3624; x_wconf 88' lang='lat' dir='ltr'><strong>conditione</strong></span> <span class='ocrx_word' id='word_1_378' title='bbox 1690 3566 2156 3637; x_wconf 89' lang='lat' dir='ltr'><strong>procreandorum</strong></span> 
     </span>
    </p>
   </div>
   <div class='ocr_carea' id='block_1_54' title="bbox 582 3658 2155 3731">
    <p class='ocr_par' dir='ltr' id='par_1_54' title="bbox 582 3658 2155 3731">
     <span class='ocr_line' id='line_1_54' title="bbox 582 3658 2155 3731; baseline -0.003 -18"><span class='ocrx_word' id='word_1_379' title='bbox 582 3660 880 3715; x_wconf 89' lang='lat' dir='ltr'><strong>liberorum</strong></span> <span class='ocrx_word' id='word_1_380' title='bbox 927 3661 1030 3731; x_wconf 88' lang='lat' dir='ltr'><strong>ipsi</strong></span> <span class='ocrx_word' id='word_1_381' title='bbox 1068 3660 1271 3716; x_wconf 67' lang='lat' dir='ltr'><strong>relicta:</strong></span> <span class='ocrx_word' id='word_1_382' title='bbox 1311 3660 1439 3725; x_wconf 89' lang='lat' dir='ltr'><strong>sint,</strong></span> <span class='ocrx_word' id='word_1_383' title='bbox 1486 3660 1649 3714; x_wconf 89' lang='lat' dir='ltr'><strong>habet</strong></span> <span class='ocrx_word' id='word_1_384' title='bbox 1677 3659 1798 3715; x_wconf 85' lang='lat' dir='ltr'><strong>illas</strong></span> <span class='ocrx_word' id='word_1_385' title='bbox 1832 3658 2015 3713; x_wconf 88' lang='lat' dir='ltr'><strong>liberis</strong></span> <span class='ocrx_word' id='word_1_386' title='bbox 2046 3671 2155 3709; x_wconf 89' lang='lat' dir='ltr'><strong>non</strong></span> 
     </span>
    </p>
   </div>
   <div class='ocr_carea' id='block_1_55' title="bbox 581 3751 2155 3825">
    <p class='ocr_par' dir='ltr' id='par_1_55' title="bbox 581 3751 2155 3825">
     <span class='ocr_line' id='line_1_55' title="bbox 581 3751 2155 3825; baseline -0.002 -17"><span class='ocrx_word' id='word_1_387' title='bbox 581 3755 908 3825; x_wconf 85' lang='lat' dir='ltr'><strong>procreatis.</strong></span> <span class='ocrx_word' id='word_1_388' title='bbox 940 3752 1089 3807; x_wconf 89' lang='lat' dir='ltr'><strong>Idem</strong></span> <span class='ocrx_word' id='word_1_389' title='bbox 1122 3754 1287 3808; x_wconf 88' lang='lat' dir='ltr'><strong>etiam</strong></span> <span class='ocrx_word' id='word_1_390' title='bbox 1321 3754 1388 3821; x_wconf 87' lang='lat' dir='ltr'><strong>de</strong></span> <span class='ocrx_word' id='word_1_391' title='bbox 1419 3754 1783 3824; x_wconf 79' lang='lat' dir='ltr'><strong>virginitatem</strong></span> <span class='ocrx_word' id='word_1_392' title='bbox 1818 3751 2155 3809; x_wconf 87' lang='lat' dir='ltr'><strong>sectantibus</strong></span> 
     </span>
    </p>
   </div>
   <div class='ocr_carea' id='block_1_56' title="bbox 581 3843 2156 3918">
    <p class='ocr_par' dir='ltr' id='par_1_56' title="bbox 581 3843 2156 3918">
     <span class='ocr_line' id='line_1_56' title="bbox 581 3843 2156 3918; baseline -0.001 -19"><span class='ocrx_word' id='word_1_393' title='bbox 581 3843 972 3918; x_wconf 85' lang='lat' dir='ltr'><strong>[mulieribus]</strong></span> <span class='ocrx_word' id='word_1_394' title='bbox 1027 3847 1214 3899; x_wconf 90' lang='lat' dir='ltr'><strong>eadem</strong></span> <span class='ocrx_word' id='word_1_395' title='bbox 1268 3855 1445 3900; x_wconf 90' lang='lat' dir='ltr'><strong>const.</strong></span> <span class='ocrx_word' id='word_1_396' title='bbox 1508 3846 1658 3900; x_wconf 90' lang='lat' dir='ltr'><strong>dicit.</strong></span> <span class='ocrx_word' id='word_1_397' title='bbox 1709 3843 1863 3910; x_wconf 84' lang='lat' dir='ltr'><strong>Quod</strong></span> <span class='ocrx_word' id='word_1_398' title='bbox 1911 3844 1958 3897; x_wconf 89' lang='lat' dir='ltr'><strong>si</strong></span> <span class='ocrx_word' id='word_1_399' title='bbox 2014 3856 2156 3897; x_wconf 86' lang='lat' dir='ltr'><strong>unus</strong></span> 
     </span>
    </p>
   </div>
   <div class='ocr_carea' id='block_1_57' title="bbox 582 3936 2155 4009">
    <p class='ocr_par' dir='ltr' id='par_1_57' title="bbox 582 3936 2155 4009">
     <span class='ocr_line' id='line_1_57' title="bbox 582 3936 2155 4009; baseline -0.004 -15"><span class='ocrx_word' id='word_1_400' title='bbox 582 3939 877 4009; x_wconf 64' lang='lat' dir='ltr'><strong>conjugum</strong></span> <span class='ocrx_word' id='word_1_401' title='bbox 913 3938 1080 3991; x_wconf 86' lang='lat' dir='ltr'><strong>vitam</strong></span> <span class='ocrx_word' id='word_1_402' title='bbox 1120 3937 1480 3993; x_wconf 83' lang='lat' dir='ltr'><strong>monasticam</strong></span> <span class='ocrx_word' id='word_1_403' title='bbox 1512 3937 1797 4006; x_wconf 87' lang='lat' dir='ltr'><strong>suscipiat,</strong></span> <span class='ocrx_word' id='word_1_404' title='bbox 1826 3936 1960 3991; x_wconf 88' lang='lat' dir='ltr'><strong>alter</strong></span> <span class='ocrx_word' id='word_1_405' title='bbox 1990 3950 2155 4004; x_wconf 80' lang='lat' dir='ltr'><strong>repu-</strong></span> 
     </span>
    </p>
   </div>
   <div class='ocr_carea' id='block_1_58' title="bbox 578 4025 2155 4099">
    <p class='ocr_par' dir='ltr' id='par_1_58' title="bbox 578 4025 2155 4099">
     <span class='ocr_line' id='line_1_58' title="bbox 578 4025 2155 4099; baseline -0.002 -15"><span class='ocrx_word' id='word_1_406' title='bbox 578 4030 729 4084; x_wconf 89' lang='lat' dir='ltr'><strong>dium</strong></span> <span class='ocrx_word' id='word_1_407' title='bbox 758 4028 941 4093; x_wconf 86' lang='lat' dir='ltr'><strong>mittit,</strong></span> <span class='ocrx_word' id='word_1_408' title='bbox 966 4028 1227 4096; x_wconf 88' lang='lat' dir='ltr'><strong>locusque</strong></span> <span class='ocrx_word' id='word_1_409' title='bbox 1254 4026 1380 4099; x_wconf 90' lang='lat' dir='ltr'><strong>[est]</strong></span> <span class='ocrx_word' id='word_1_410' title='bbox 1408 4043 1472 4083; x_wconf 78' lang='lat' dir='ltr'><strong>ex</strong></span> <span class='ocrx_word' id='word_1_411' title='bbox 1499 4036 1675 4083; x_wconf 87' lang='lat' dir='ltr'><strong>morte</strong></span> <span class='ocrx_word' id='word_1_412' title='bbox 1703 4028 1897 4096; x_wconf 87' lang='lat' dir='ltr'><strong>pactis,</strong></span> <span class='ocrx_word' id='word_1_413' title='bbox 1925 4034 1979 4081; x_wconf 91' lang='lat' dir='ltr'><strong>et</strong></span> <span class='ocrx_word' id='word_1_414' title='bbox 2008 4025 2155 4094; x_wconf 90' lang='lat' dir='ltr'><strong>quod</strong></span> 
     </span>
    </p>
   </div>
   <div class='ocr_carea' id='block_1_59' title="bbox 580 4112 2154 4188">
    <p class='ocr_par' dir='ltr' id='par_1_59' title="bbox 580 4112 2154 4188">
     <span class='ocr_line' id='line_1_59' title="bbox 580 4112 2154 4188; baseline -0.001 -11"><span class='ocrx_word' id='word_1_415' title='bbox 580 4112 708 4177; x_wconf 68' lang='lat' dir='ltr'><strong>inde</strong></span> <span class='ocrx_word' id='word_1_416' title='bbox 732 4121 939 4175; x_wconf 90' lang='lat' dir='ltr'><strong>lucrum</strong></span> <span class='ocrx_word' id='word_1_417' title='bbox 972 4122 1238 4188; x_wconf 89' lang='lat' dir='ltr'><strong>provenit,</strong></span> <span class='ocrx_word' id='word_1_418' title='bbox 1269 4130 1519 4177; x_wconf 87' lang='lat' dir='ltr'><strong>servatur</strong></span> <span class='ocrx_word' id='word_1_419' title='bbox 1550 4136 1619 4175; x_wconf 73' lang='lat' dir='ltr'><strong>ex</strong></span> <span class='ocrx_word' id='word_1_420' title='bbox 1648 4119 1838 4174; x_wconf 86' lang='lat' dir='ltr'><strong>eodem</strong></span> <span class='ocrx_word' id='word_1_421' title='bbox 1868 4121 2154 4175; x_wconf 84' lang='lat' dir='ltr'><strong>matrimo-</strong></span> 
     </span>
    </p>
   </div>
   <div class='ocr_carea' id='block_1_60' title="bbox 581 4208 2152 4282">
    <p class='ocr_par' dir='ltr' id='par_1_60' title="bbox 581 4208 2152 4282">
     <span class='ocr_line' id='line_1_60' title="bbox 581 4208 2152 4282; baseline -0.003 -14"><span class='ocrx_word' id='word_1_422' title='bbox 581 4215 675 4268; x_wconf 86' lang='lat' dir='ltr'><strong>nio</strong></span> <span class='ocrx_word' id='word_1_423' title='bbox 713 4211 857 4267; x_wconf 82' lang='lat' dir='ltr'><strong>forte</strong></span> <span class='ocrx_word' id='word_1_424' title='bbox 894 4211 1288 4267; x_wconf 82' lang='lat' dir='ltr'><strong>exsistentibus</strong></span> <span class='ocrx_word' id='word_1_425' title='bbox 1320 4211 1530 4275; x_wconf 87' lang='lat' dir='ltr'><strong>liberis,</strong></span> <span class='ocrx_word' id='word_1_426' title='bbox 1564 4219 1658 4265; x_wconf 89' lang='lat' dir='ltr'><strong>aut</strong></span> <span class='ocrx_word' id='word_1_427' title='bbox 1691 4210 1744 4264; x_wconf 89' lang='lat' dir='ltr'><strong>id</strong></span> <span class='ocrx_word' id='word_1_428' title='bbox 1774 4211 2019 4265; x_wconf 88' lang='lat' dir='ltr'><strong>lucratur</strong></span> <span class='ocrx_word' id='word_1_429' title='bbox 2044 4208 2152 4282; x_wconf 88' lang='lat' dir='ltr'><strong>[ea]</strong></span> 
     </span>
    </p>
   </div>
   <div class='ocr_carea' id='block_1_61' title="bbox 579 4304 2154 4379">
    <p class='ocr_par' dir='ltr' id='par_1_61' title="bbox 579 4304 2154 4379">
     <span class='ocr_line' id='line_1_61' title="bbox 579 4304 2154 4379; baseline -0.001 -17"><span class='ocrx_word' id='word_1_430' title='bbox 579 4322 814 4379; x_wconf 85' lang='lat' dir='ltr'><strong>persona</strong></span> <span class='ocrx_word' id='word_1_431' title='bbox 861 4322 982 4376; x_wconf 67' lang='lat' dir='ltr'><strong>quae</strong></span> <span class='ocrx_word' id='word_1_432' title='bbox 1028 4305 1097 4359; x_wconf 90' lang='lat' dir='ltr'><strong>ad</strong></span> <span class='ocrx_word' id='word_1_433' title='bbox 1139 4306 1440 4362; x_wconf 89' lang='lat' dir='ltr'><strong>secundum</strong></span> <span class='ocrx_word' id='word_1_434' title='bbox 1474 4304 1885 4360; x_wconf 85' lang='lat' dir='ltr'><strong>matrimonium</strong></span> <span class='ocrx_word' id='word_1_435' title='bbox 1922 4319 2028 4358; x_wconf 89' lang='lat' dir='ltr'><strong>non</strong></span> <span class='ocrx_word' id='word_1_436' title='bbox 2061 4306 2154 4361; x_wconf 90' lang='lat' dir='ltr'><strong>de-</strong></span> 
     </span>
    </p>
   </div>
   <div class='ocr_carea' id='block_1_62' title="bbox 2265 1829 3769 1905">
    <p class='ocr_par' dir='ltr' id='par_1_62' title="bbox 2265 1829 3769 1905">
     <span class='ocr_line' id='line_1_62' title="bbox 2265 1829 3769 1905; baseline 0.005 -23"><span class='ocrx_word' id='word_1_437' title='bbox 2265 1829 2473 1899; x_wconf 84' lang='grc' dir='ltr'>δωρεᾶς</span> <span class='ocrx_word' id='word_1_438' title='bbox 2498 1871 2511 1894; x_wconf 87' lang='grc'><strong>,</strong></span> <span class='ocrx_word' id='word_1_439' title='bbox 2548 1832 2643 1884; x_wconf 73' lang='grc' dir='ltr'><strong>καὶ</strong></span> <span class='ocrx_word' id='word_1_440' title='bbox 2676 1835 2819 1885; x_wconf 85' lang='grc' dir='ltr'>ποιεῖ</span> <span class='ocrx_word' id='word_1_441' title='bbox 2849 1831 3023 1886; x_wconf 75' lang='grc' dir='ltr'>ταῦτα</span> <span class='ocrx_word' id='word_1_442' title='bbox 3052 1834 3112 1885; x_wconf 73' lang='grc' dir='ltr'>τὸ</span> <span class='ocrx_word' id='word_1_443' title='bbox 3146 1834 3380 1903; x_wconf 82' lang='grc' dir='ltr'>νόμιμον</span> <span class='ocrx_word' id='word_1_444' title='bbox 3413 1834 3565 1904; x_wconf 81' lang='grc' dir='ltr'>μέρος</span> <span class='ocrx_word' id='word_1_445' title='bbox 3595 1837 3674 1905; x_wconf 78' lang='grc' dir='ltr'><strong>τῆς</strong></span> <span class='ocrx_word' id='word_1_446' title='bbox 3698 1841 3769 1891; x_wconf 64' lang='lat' dir='ltr'><strong>cri-</strong></span> 
     </span>
    </p>
   </div>
   <div class='ocr_carea' id='block_1_63' title="bbox 2265 1919 3767 2000">
    <p class='ocr_par' dir='ltr' id='par_1_63' title="bbox 2265 1919 3767 2000">
     <span class='ocr_line' id='line_1_63' title="bbox 2265 1919 3767 2000; baseline 0.006 -27"><span class='ocrx_word' id='word_1_447' title='bbox 2265 1919 2357 1973; x_wconf 81' lang='grc' dir='ltr'>τοῦ</span> <span class='ocrx_word' id='word_1_448' title='bbox 2383 1921 2718 1991; x_wconf 78' lang='grc' dir='ltr'>περιουσίας,</span> <span class='ocrx_word' id='word_1_449' title='bbox 2745 1922 2819 1993; x_wconf 83' lang='grc' dir='ltr'>μὴ</span> <span class='ocrx_word' id='word_1_450' title='bbox 2845 1923 3116 2000; x_wconf 70' lang='grc' dir='ltr'>έχέτωσαν</span> <span class='ocrx_word' id='word_1_451' title='bbox 3140 1926 3189 1977; x_wconf 74' lang='lat' dir='ltr'><strong>oi</strong></span> <span class='ocrx_word' id='word_1_452' title='bbox 3212 1924 3401 1988; x_wconf 79' lang='grc' dir='ltr'>παῖδες</span> <span class='ocrx_word' id='word_1_453' title='bbox 3428 1926 3555 1995; x_wconf 81' lang='grc' dir='ltr'>πρὸς</span> <span class='ocrx_word' id='word_1_454' title='bbox 3576 1928 3632 1979; x_wconf 74' lang='grc' dir='ltr'>τὰ</span> <span class='ocrx_word' id='word_1_455' title='bbox 3651 1928 3767 1982; x_wconf 67' lang='grc' dir='ltr'>λοιπὰ</span> 
     </span>
    </p>
   </div>
   <div class='ocr_carea' id='block_1_64' title="bbox 2269 2013 3773 2088">
    <p class='ocr_par' dir='ltr' id='par_1_64' title="bbox 2269 2013 3773 2088">
     <span class='ocr_line' id='line_1_64' title="bbox 2269 2013 3773 2088; baseline 0.006 -22"><span class='ocrx_word' id='word_1_456' title='bbox 2269 2013 2585 2083; x_wconf 77' lang='grc' dir='ltr'>μετουσίανο</span> <span class='ocrx_word' id='word_1_457' title='bbox 2620 2016 2665 2069; x_wconf 84' lang='grc' dir='ltr'>εἰ</span> <span class='ocrx_word' id='word_1_458' title='bbox 2700 2014 2757 2068; x_wconf 67' lang='grc' dir='ltr'>δὲ</span> <span class='ocrx_word' id='word_1_459' title='bbox 2817 2017 2983 2086; x_wconf 79' lang='grc' dir='ltr'>μηδὲν</span> <span class='ocrx_word' id='word_1_460' title='bbox 3018 2017 3220 2081; x_wconf 79' lang='grc' dir='ltr'>αὐτοῖς,</span> <span class='ocrx_word' id='word_1_461' title='bbox 3273 2017 3305 2088; x_wconf 78' lang='grc' dir='ltr'><strong>ἢ</strong></span> <span class='ocrx_word' id='word_1_462' title='bbox 3360 2017 3569 2070; x_wconf 74' lang='grc' dir='ltr'>ἔλαττον</span> <span class='ocrx_word' id='word_1_463' title='bbox 3601 2018 3678 2073; x_wconf 79' lang='grc' dir='ltr'><strong>τοῦ</strong></span> <span class='ocrx_word' id='word_1_464' title='bbox 3712 2038 3773 2074; x_wconf 78' lang='grc' dir='ltr'>νο·</span> 
     </span>
    </p>
   </div>
   <div class='ocr_carea' id='block_1_65' title="bbox 2267 2106 3770 2181">
    <p class='ocr_par' dir='ltr' id='par_1_65' title="bbox 2267 2106 3770 2181">
     <span class='ocr_line' id='line_1_65' title="bbox 2267 2106 3770 2181; baseline 0.005 -24"><span class='ocrx_word' id='word_1_465' title='bbox 2267 2106 2435 2177; x_wconf 90' lang='grc' dir='ltr'>μίμου</span> <span class='ocrx_word' id='word_1_466' title='bbox 2466 2108 2775 2179; x_wconf 73' lang='grc' dir='ltr'>ἐδωρήσατο</span> <span class='ocrx_word' id='word_1_467' title='bbox 2797 2148 2811 2174; x_wconf 92' lang='grc'><strong>,</strong></span> <span class='ocrx_word' id='word_1_468' title='bbox 2847 2110 2941 2162; x_wconf 77' lang='grc' dir='ltr'>καὶ</span> <span class='ocrx_word' id='word_1_469' title='bbox 2969 2111 3107 2181; x_wconf 76' lang='grc' dir='ltr'>μετὰ</span> <span class='ocrx_word' id='word_1_470' title='bbox 3133 2110 3192 2163; x_wconf 76' lang='grc' dir='ltr'>τὸ</span> <span class='ocrx_word' id='word_1_471' title='bbox 3226 2109 3458 2179; x_wconf 84' lang='grc' dir='ltr'>μονάσαι</span> <span class='ocrx_word' id='word_1_472' title='bbox 3492 2112 3636 2164; x_wconf 77' lang='grc' dir='ltr'>αὐτὸν</span> <span class='ocrx_word' id='word_1_473' title='bbox 3661 2114 3770 2181; x_wconf 70' lang='grc' dir='ltr'>ὀφεί-</span> 
     </span>
    </p>
   </div>
   <div class='ocr_carea' id='block_1_66' title="bbox 2265 2198 3773 2274">
    <p class='ocr_par' dir='ltr' id='par_1_66' title="bbox 2265 2198 3773 2274">
     <span class='ocr_line' id='line_1_66' title="bbox 2265 2198 3773 2274; baseline 0.004 -24"><span class='ocrx_word' id='word_1_474' title='bbox 2265 2198 2417 2253; x_wconf 89' lang='grc' dir='ltr'>λεται</span> <span class='ocrx_word' id='word_1_475' title='bbox 2444 2203 2555 2264; x_wconf 85' lang='grc' dir='ltr'>τοῖς</span> <span class='ocrx_word' id='word_1_476' title='bbox 2596 2201 2755 2255; x_wconf 72' lang='grc' dir='ltr'>παισὶ</span> <span class='ocrx_word' id='word_1_477' title='bbox 2781 2203 2842 2255; x_wconf 86' lang='grc' dir='ltr'><strong>τὸ</strong></span> <span class='ocrx_word' id='word_1_478' title='bbox 2878 2202 3125 2273; x_wconf 86' lang='grc' dir='ltr'>νόμιμον·</span> <span class='ocrx_word' id='word_1_479' title='bbox 3159 2202 3289 2255; x_wconf 78' lang='grc' dir='ltr'>εἰδὲ</span> <span class='ocrx_word' id='word_1_480' title='bbox 3326 2201 3464 2270; x_wconf 83' lang='grc' dir='ltr'>ἀνὴρ</span> <span class='ocrx_word' id='word_1_481' title='bbox 3500 2203 3531 2273; x_wconf 81' lang='grc' dir='ltr'><strong>ἦ</strong></span> <span class='ocrx_word' id='word_1_482' title='bbox 3564 2204 3681 2274; x_wconf 77' lang='grc' dir='ltr'>γυνὴ</span> <span class='ocrx_word' id='word_1_483' title='bbox 3704 2222 3773 2272; x_wconf 70' lang='grc' dir='ltr'>μο-</span> 
     </span>
    </p>
   </div>
   <div class='ocr_carea' id='block_1_67' title="bbox 2264 2289 3771 2366">
    <p class='ocr_par' dir='ltr' id='par_1_67' title="bbox 2264 2289 3771 2366">
     <span class='ocr_line' id='line_1_67' title="bbox 2264 2289 3771 2366; baseline 0.005 -24"><span class='ocrx_word' id='word_1_484' title='bbox 2264 2289 2416 2345; x_wconf 86' lang='grc' dir='ltr'>νάσει</span> <span class='ocrx_word' id='word_1_485' title='bbox 2441 2331 2456 2356; x_wconf 85' lang='grc'><strong>,</strong></span> <span class='ocrx_word' id='word_1_486' title='bbox 2500 2294 2589 2344; x_wconf 78' lang='grc' dir='ltr'><strong>τὸν</strong></span> <span class='ocrx_word' id='word_1_487' title='bbox 2628 2293 2736 2347; x_wconf 84' lang='grc' dir='ltr'><strong>άπὸ</strong></span> <span class='ocrx_word' id='word_1_488' title='bbox 2769 2294 3026 2365; x_wconf 79' lang='grc' dir='ltr'>τελευτῆς</span> <span class='ocrx_word' id='word_1_489' title='bbox 3067 2296 3233 2348; x_wconf 85' lang='grc' dir='ltr'>κάσον</span> <span class='ocrx_word' id='word_1_490' title='bbox 3274 2294 3507 2366; x_wconf 77' lang='grc' dir='ltr'>ὁὲτερος</span> <span class='ocrx_word' id='word_1_491' title='bbox 3538 2296 3771 2365; x_wconf 72' lang='grc' dir='ltr'>κερδαίνει·</span> 
     </span>
    </p>
   </div>
   <div class='ocr_carea' id='block_1_68' title="bbox 2264 2378 3773 2459">
    <p class='ocr_par' dir='ltr' id='par_1_68' title="bbox 2264 2378 3773 2459">
     <span class='ocr_line' id='line_1_68' title="bbox 2264 2378 3773 2459; baseline 0.005 -25"><span class='ocrx_word' id='word_1_492' title='bbox 2264 2382 2358 2434; x_wconf 69' lang='grc' dir='ltr'><strong>καὶ</strong></span> <span class='ocrx_word' id='word_1_493' title='bbox 2389 2383 2470 2435; x_wconf 80' lang='grc' dir='ltr'><strong>ὅτι</strong></span> <span class='ocrx_word' id='word_1_494' title='bbox 2503 2378 2627 2432; x_wconf 83' lang='grc' dir='ltr'>Ἐάν</span> <span class='ocrx_word' id='word_1_495' title='bbox 2649 2386 2881 2455; x_wconf 84' lang='grc' dir='ltr'>μοναχὸς</span> <span class='ocrx_word' id='word_1_496' title='bbox 2929 2387 3009 2449; x_wconf 80' lang='grc' dir='ltr'><strong>εἰς</strong></span> <span class='ocrx_word' id='word_1_497' title='bbox 3044 2387 3337 2456; x_wconf 84' lang='grc' dir='ltr'>στρατείαν</span> <span class='ocrx_word' id='word_1_498' title='bbox 3369 2386 3495 2455; x_wconf 74' lang='grc' dir='ltr'>ἔλθῃ</span> <span class='ocrx_word' id='word_1_499' title='bbox 3516 2428 3529 2451; x_wconf 88' lang='grc'><strong>,</strong></span> <span class='ocrx_word' id='word_1_500' title='bbox 3564 2387 3595 2458; x_wconf 77' lang='grc' dir='ltr'><strong>ἦ</strong></span> <span class='ocrx_word' id='word_1_501' title='bbox 3633 2387 3773 2459; x_wconf 69' lang='grc' dir='ltr'>ἕτερον</span> 
     </span>
    </p>
   </div>
   <div class='ocr_carea' id='block_1_69' title="bbox 2264 2472 3773 2549">
    <p class='ocr_par' dir='ltr' id='par_1_69' title="bbox 2264 2472 3773 2549">
     <span class='ocr_line' id='line_1_69' title="bbox 2264 2472 3773 2549; baseline 0.002 -24"><span class='ocrx_word' id='word_1_502' title='bbox 2264 2472 2379 2543; x_wconf 84' lang='grc' dir='ltr'>βίου</span> <span class='ocrx_word' id='word_1_503' title='bbox 2409 2474 2592 2543; x_wconf 76' lang='grc' dir='ltr'>σχῆμα</span> <span class='ocrx_word' id='word_1_504' title='bbox 2615 2515 2630 2539; x_wconf 86' lang='grc'><strong>,</strong></span> <span class='ocrx_word' id='word_1_505' title='bbox 2663 2476 2697 2544; x_wconf 79' lang='grc' dir='ltr'>ἠ</span> <span class='ocrx_word' id='word_1_506' title='bbox 2747 2478 2846 2546; x_wconf 81' lang='grc' dir='ltr'><strong>μὲν</strong></span> <span class='ocrx_word' id='word_1_507' title='bbox 2883 2477 3042 2531; x_wconf 77' lang='grc' dir='ltr'>οὐσία</span> <span class='ocrx_word' id='word_1_508' title='bbox 3076 2479 3224 2548; x_wconf 83' lang='grc' dir='ltr'>μένει</span> <span class='ocrx_word' id='word_1_509' title='bbox 3268 2478 3425 2547; x_wconf 77' lang='grc' dir='ltr'>παρὰ</span> <span class='ocrx_word' id='word_1_510' title='bbox 3453 2478 3528 2549; x_wconf 85' lang='grc' dir='ltr'><strong>τῷ</strong></span> <span class='ocrx_word' id='word_1_511' title='bbox 3560 2497 3773 2548; x_wconf 62' lang='lat' dir='ltr'><strong>pavussz</strong></span> 
     </span>
    </p>
   </div>
   <div class='ocr_carea' id='block_1_70' title="bbox 2264 2562 3776 2638">
    <p class='ocr_par' dir='ltr' id='par_1_70' title="bbox 2264 2562 3776 2638">
     <span class='ocr_line' id='line_1_70' title="bbox 2264 2562 3776 2638; baseline 0.004 -23"><span class='ocrx_word' id='word_1_512' title='bbox 2264 2562 2385 2633; x_wconf 85' lang='grc' dir='ltr'>ρίῳ,</span> <span class='ocrx_word' id='word_1_513' title='bbox 2416 2564 2574 2628; x_wconf 81' lang='grc' dir='ltr'>αὐτὸς</span> <span class='ocrx_word' id='word_1_514' title='bbox 2611 2565 2668 2619; x_wconf 77' lang='grc' dir='ltr'>δὲ</span> <span class='ocrx_word' id='word_1_515' title='bbox 2690 2567 2966 2637; x_wconf 83' lang='grc' dir='ltr'>ταξεώτης</span> <span class='ocrx_word' id='word_1_516' title='bbox 2989 2568 3283 2638; x_wconf 73' lang='grc' dir='ltr'>ἐπιχώριος</span> <span class='ocrx_word' id='word_1_517' title='bbox 3306 2569 3537 2635; x_wconf 84' lang='grc' dir='ltr'>γίνεται’</span> <span class='ocrx_word' id='word_1_518' title='bbox 3569 2570 3613 2622; x_wconf 84' lang='grc' dir='ltr'><strong>εί</strong></span> <span class='ocrx_word' id='word_1_519' title='bbox 3640 2570 3686 2623; x_wconf 72' lang='grc' dir='ltr'>δὲ</span> <span class='ocrx_word' id='word_1_520' title='bbox 3709 2570 3776 2623; x_wconf 74' lang='grc' dir='ltr'><strong>καί</strong></span> 
     </span>
    </p>
   </div>
   <div class='ocr_carea' id='block_1_71' title="bbox 2262 2655 3777 2729">
    <p class='ocr_par' dir='ltr' id='par_1_71' title="bbox 2262 2655 3777 2729">
     <span class='ocr_line' id='line_1_71' title="bbox 2262 2655 3777 2729; baseline 0.005 -24"><span class='ocrx_word' id='word_1_521' title='bbox 2262 2669 2345 2715; x_wconf 90' lang='grc' dir='ltr'><strong>τις</strong></span> <span class='ocrx_word' id='word_1_522' title='bbox 2382 2655 2460 2717; x_wconf 87' lang='grc' dir='ltr'><strong>είς</strong></span> <span class='ocrx_word' id='word_1_523' title='bbox 2501 2657 2865 2727; x_wconf 81' lang='grc' dir='ltr'>μοναστήριον</span> <span class='ocrx_word' id='word_1_524' title='bbox 2911 2658 3020 2711; x_wconf 74' lang='grc' dir='ltr'><strong>ἀπὸ</strong></span> <span class='ocrx_word' id='word_1_525' title='bbox 3067 2660 3437 2729; x_wconf 86' lang='grc' dir='ltr'>μοναστηρίου</span> <span class='ocrx_word' id='word_1_526' title='bbox 3486 2660 3777 2729; x_wconf 82' lang='grc' dir='ltr'>μετέλθοι,ή</span> 
     </span>
    </p>
   </div>
   <div class='ocr_carea' id='block_1_72' title="bbox 2261 2744 3779 2821">
    <p class='ocr_par' dir='ltr' id='par_1_72' title="bbox 2261 2744 3779 2821">
     <span class='ocr_line' id='line_1_72' title="bbox 2261 2744 3779 2821; baseline 0.005 -25"><span class='ocrx_word' id='word_1_527' title='bbox 2261 2744 2417 2797; x_wconf 81' lang='grc' dir='ltr'>οὐσία</span> <span class='ocrx_word' id='word_1_528' title='bbox 2465 2746 2629 2799; x_wconf 75' lang='grc' dir='ltr'>αὐτοῦ</span> <span class='ocrx_word' id='word_1_529' title='bbox 2675 2746 2754 2816; x_wconf 84' lang='grc' dir='ltr'>τῷ</span> <span class='ocrx_word' id='word_1_530' title='bbox 2804 2747 3004 2819; x_wconf 86' lang='grc' dir='ltr'>πρώτῳ</span> <span class='ocrx_word' id='word_1_531' title='bbox 3049 2750 3402 2820; x_wconf 85' lang='grc' dir='ltr'>μοναστηρίῳ</span> <span class='ocrx_word' id='word_1_532' title='bbox 3452 2751 3695 2821; x_wconf 77' lang='grc' dir='ltr'>διαφέρει·</span> <span class='ocrx_word' id='word_1_533' title='bbox 3741 2753 3779 2803; x_wconf 78' lang='lat' dir='ltr'><strong>0i</strong></span> 
     </span>
    </p>
   </div>
   <div class='ocr_carea' id='block_1_73' title="bbox 2265 2834 3777 2910">
    <p class='ocr_par' dir='ltr' id='par_1_73' title="bbox 2265 2834 3777 2910">
     <span class='ocr_line' id='line_1_73' title="bbox 2265 2834 3777 2910; baseline 0.003 -23"><span class='ocrx_word' id='word_1_534' title='bbox 2265 2834 2451 2903; x_wconf 87' lang='grc' dir='ltr'>μέντοι</span> <span class='ocrx_word' id='word_1_535' title='bbox 2484 2836 2776 2907; x_wconf 81' lang='grc' dir='ltr'>ἡγούμενοι</span> <span class='ocrx_word' id='word_1_536' title='bbox 2820 2838 2895 2910; x_wconf 76' lang='grc' dir='ltr'>μὴ</span> <span class='ocrx_word' id='word_1_537' title='bbox 2931 2838 3273 2909; x_wconf 82' lang='grc' dir='ltr'>δεχέσθωσαν</span> <span class='ocrx_word' id='word_1_538' title='bbox 3324 2841 3510 2893; x_wconf 70' lang='grc' dir='ltr'>αὐτόν·</span> <span class='ocrx_word' id='word_1_539' title='bbox 3544 2842 3777 2894; x_wconf 76' lang='grc' dir='ltr'>κωλυέτω-</span> 
     </span>
    </p>
   </div>
   <div class='ocr_carea' id='block_1_74' title="bbox 2264 2927 3779 3003">
    <p class='ocr_par' dir='ltr' id='par_1_74' title="bbox 2264 2927 3779 3003">
     <span class='ocr_line' id='line_1_74' title="bbox 2264 2927 3779 3003; baseline 0.004 -23"><span class='ocrx_word' id='word_1_540' title='bbox 2264 2943 2362 2980; x_wconf 85' lang='grc' dir='ltr'><strong>σαν</strong></span> <span class='ocrx_word' id='word_1_541' title='bbox 2387 2927 2443 2981; x_wconf 83' lang='grc' dir='ltr'><strong>δὲ</strong></span> <span class='ocrx_word' id='word_1_542' title='bbox 2471 2928 2629 2982; x_wconf 80' lang='grc' dir='ltr'>τοῦτο</span> <span class='ocrx_word' id='word_1_543' title='bbox 2658 2930 2751 2983; x_wconf 74' lang='grc' dir='ltr'>καὶ</span> <span class='ocrx_word' id='word_1_544' title='bbox 2776 2931 2825 2983; x_wconf 82' lang='grc' dir='ltr'>οἱ</span> <span class='ocrx_word' id='word_1_545' title='bbox 2857 2930 3148 2984; x_wconf 68' lang='grc' dir='ltr'>ἐπίσκοποι</span> <span class='ocrx_word' id='word_1_546' title='bbox 3176 2932 3272 2985; x_wconf 77' lang='grc' dir='ltr'>καὶ</span> <span class='ocrx_word' id='word_1_547' title='bbox 3305 2935 3356 2985; x_wconf 89' lang='grc' dir='ltr'><strong>οί</strong></span> <span class='ocrx_word' id='word_1_548' title='bbox 3392 2933 3779 3003; x_wconf 74' lang='grc' dir='ltr'>ἁρχιμανδρῐτσι.</span> 
     </span>
    </p>
   </div>
   <div class='ocr_carea' id='block_1_75' title="bbox 2332 3018 3785 3094">
    <p class='ocr_par' dir='ltr' id='par_1_75' title="bbox 2332 3018 3785 3094">
     <span class='ocr_line' id='line_1_75' title="bbox 2332 3018 3785 3094; baseline 0.002 -23"><span class='ocrx_word' id='word_1_549' title='bbox 2332 3018 2493 3087; x_wconf 83' lang='grc' dir='ltr'>Λέγει</span> <span class='ocrx_word' id='word_1_550' title='bbox 2530 3019 2588 3073; x_wconf 83' lang='grc' dir='ltr'>δὲ</span> <span class='ocrx_word' id='word_1_551' title='bbox 2626 3022 2720 3073; x_wconf 71' lang='grc' dir='ltr'><strong>καὶ</strong></span> <span class='ocrx_word' id='word_1_552' title='bbox 2746 3021 2885 3075; x_wconf 82' lang='grc' dir='ltr'>διάτ.</span> <span class='ocrx_word' id='word_1_553' title='bbox 2921 3020 2999 3091; x_wconf 86' lang='grc' dir='ltr'>νβ’</span> <span class='ocrx_word' id='word_1_554' title='bbox 3026 3022 3120 3074; x_wconf 82' lang='grc' dir='ltr'><strong>τοῦ</strong></span> <span class='ocrx_word' id='word_1_555' title='bbox 3150 3028 3199 3089; x_wconf 81' lang='grc' dir='ltr'>γ’</span> <span class='ocrx_word' id='word_1_556' title='bbox 3224 3023 3333 3077; x_wconf 87' lang='grc' dir='ltr'>τίτ.</span> <span class='ocrx_word' id='word_1_557' title='bbox 3377 3024 3471 3077; x_wconf 77' lang='grc' dir='ltr'><strong>τοῦ</strong></span> <span class='ocrx_word' id='word_1_558' title='bbox 3499 3023 3545 3076; x_wconf 83' lang='grc' dir='ltr'>α’</span> <span class='ocrx_word' id='word_1_559' title='bbox 3579 3024 3697 3094; x_wconf 81' lang='grc' dir='ltr'>βιϐλ.</span> <span class='ocrx_word' id='word_1_560' title='bbox 3727 3026 3785 3076; x_wconf 76' lang='grc' dir='ltr'>ὅτι</span> 
     </span>
    </p>
   </div>
   <div class='ocr_carea' id='block_1_76' title="bbox 2188 3070 3788 3186">
    <p class='ocr_par' dir='ltr' id='par_1_76' title="bbox 2188 3070 3788 3186">
     <span class='ocr_line' id='line_1_76' title="bbox 2188 3070 3788 3186; baseline 0.005 -26"><span class='ocrx_word' id='word_1_561' title='bbox 2188 3070 2232 3130; x_wconf 76' lang='lat' dir='ltr'><strong><em>C</em></strong></span> <span class='ocrx_word' id='word_1_562' title='bbox 2265 3106 2493 3175; x_wconf 82' lang='grc' dir='ltr'>Ἐάντις</span> <span class='ocrx_word' id='word_1_563' title='bbox 2544 3112 2757 3185; x_wconf 86' lang='grc' dir='ltr'>βαρηθῇ</span> <span class='ocrx_word' id='word_1_564' title='bbox 2809 3070 3250 3169; x_wconf 58' lang='grc' dir='ltr'>ὑποκαταστάσει</span> <span class='ocrx_word' id='word_1_565' title='bbox 3300 3115 3336 3186; x_wconf 84' lang='grc' dir='ltr'>ἢ</span> <span class='ocrx_word' id='word_1_566' title='bbox 3399 3070 3788 3170; x_wconf 56' lang='grc' dir='ltr'>άποκαζαστάσει</span> 
     </span>
    </p>
   </div>
   <div class='ocr_carea' id='block_1_77' title="bbox 2257 3200 3787 3279">
    <p class='ocr_par' dir='ltr' id='par_1_77' title="bbox 2257 3200 3787 3279">
     <span class='ocr_line' id='line_1_77' title="bbox 2257 3200 3787 3279; baseline 0.006 -27"><span class='ocrx_word' id='word_1_567' title='bbox 2257 3200 2317 3264; x_wconf 74' lang='grc' dir='ltr'><strong>ἐξ</strong></span> <span class='ocrx_word' id='word_1_568' title='bbox 2348 3202 2602 3268; x_wconf 84' lang='grc' dir='ltr'>άπαίδου,</span> <span class='ocrx_word' id='word_1_569' title='bbox 2644 3206 2738 3259; x_wconf 72' lang='grc' dir='ltr'>καὶ</span> <span class='ocrx_word' id='word_1_570' title='bbox 2790 3207 2862 3277; x_wconf 83' lang='grc' dir='ltr'><strong>μὴ</strong></span> <span class='ocrx_word' id='word_1_571' title='bbox 2896 3207 3130 3278; x_wconf 81' lang='grc' dir='ltr'>βουληθῇ</span> <span class='ocrx_word' id='word_1_572' title='bbox 3180 3208 3441 3278; x_wconf 83' lang='grc' dir='ltr'>γαμῆσαι</span> <span class='ocrx_word' id='word_1_573' title='bbox 3480 3209 3547 3262; x_wconf 86' lang='grc' dir='ltr'>δι’</span> <span class='ocrx_word' id='word_1_574' title='bbox 3583 3209 3787 3279; x_wconf 76' lang='grc' dir='ltr'>ἄσκησιν,</span> 
     </span>
    </p>
   </div>
   <div class='ocr_carea' id='block_1_78' title="bbox 2258 3291 3790 3372">
    <p class='ocr_par' dir='ltr' id='par_1_78' title="bbox 2258 3291 3790 3372">
     <span class='ocr_line' id='line_1_78' title="bbox 2258 3291 3790 3372; baseline 0.007 -29"><span class='ocrx_word' id='word_1_575' title='bbox 2258 3291 2409 3360; x_wconf 87' lang='grc' dir='ltr'>μένει</span> <span class='ocrx_word' id='word_1_576' title='bbox 2433 3293 2572 3364; x_wconf 73' lang='grc' dir='ltr'>ἔχων</span> <span class='ocrx_word' id='word_1_577' title='bbox 2601 3296 2670 3349; x_wconf 79' lang='grc' dir='ltr'><strong>τά</strong></span> <span class='ocrx_word' id='word_1_578' title='bbox 2707 3299 3028 3369; x_wconf 84' lang='grc' dir='ltr'>πράγματα·</span> <span class='ocrx_word' id='word_1_579' title='bbox 3059 3302 3153 3354; x_wconf 77' lang='grc' dir='ltr'><strong>καὶ</strong></span> <span class='ocrx_word' id='word_1_580' title='bbox 3184 3300 3396 3372; x_wconf 80' lang='grc' dir='ltr'>περιὼν</span> <span class='ocrx_word' id='word_1_581' title='bbox 3419 3302 3558 3355; x_wconf 79' lang='grc' dir='ltr'>αὐτὰ</span> <span class='ocrx_word' id='word_1_582' title='bbox 3587 3303 3790 3371; x_wconf 71' lang='grc' dir='ltr'>δαπανᾷ,</span> 
     </span>
    </p>
   </div>
   <div class='ocr_carea' id='block_1_79' title="bbox 2257 3382 3794 3464">
    <p class='ocr_par' dir='ltr' id='par_1_79' title="bbox 2257 3382 3794 3464">
     <span class='ocr_line' id='line_1_79' title="bbox 2257 3382 3794 3464; baseline 0.005 -27"><span class='ocrx_word' id='word_1_583' title='bbox 2257 3382 2289 3454; x_wconf 80' lang='grc' dir='ltr'>ἢ</span> <span class='ocrx_word' id='word_1_584' title='bbox 2322 3386 2724 3458; x_wconf 82' lang='grc' dir='ltr'>καταλιμπάνει</span> <span class='ocrx_word' id='word_1_585' title='bbox 2757 3389 2832 3453; x_wconf 83' lang='grc' dir='ltr'>ὡς</span> <span class='ocrx_word' id='word_1_586' title='bbox 2867 3389 3010 3443; x_wconf 88' lang='grc' dir='ltr'>θέλει</span> <span class='ocrx_word' id='word_1_587' title='bbox 3058 3392 3299 3454; x_wconf 77' lang='grc' dir='ltr'>εὐσεϐῶς</span> <span class='ocrx_word' id='word_1_588' title='bbox 3333 3393 3544 3464; x_wconf 87' lang='grc' dir='ltr'>μέντοι·</span> <span class='ocrx_word' id='word_1_589' title='bbox 3580 3396 3625 3446; x_wconf 83' lang='grc' dir='ltr'><strong>εί</strong></span> <span class='ocrx_word' id='word_1_590' title='bbox 3654 3394 3703 3447; x_wconf 82' lang='grc' dir='ltr'>δὲ</span> <span class='ocrx_word' id='word_1_591' title='bbox 3728 3394 3794 3445; x_wconf 63' lang='grc' dir='ltr'><strong>καὶ</strong></span> 
     </span>
    </p>
   </div>
   <div class='ocr_carea' id='block_1_80' title="bbox 2257 3474 3794 3557">
    <p class='ocr_par' dir='ltr' id='par_1_80' title="bbox 2257 3474 3794 3557">
     <span class='ocr_line' id='line_1_80' title="bbox 2257 3474 3794 3557; baseline 0.007 -30"><span class='ocrx_word' id='word_1_592' title='bbox 2257 3474 2361 3528; x_wconf 81' lang='grc' dir='ltr'><strong>ὑπὸ</strong></span> <span class='ocrx_word' id='word_1_593' title='bbox 2393 3478 2602 3548; x_wconf 83' lang='grc' dir='ltr'>αἵρεσιν</span> <span class='ocrx_word' id='word_1_594' title='bbox 2622 3481 2965 3546; x_wconf 87' lang='grc' dir='ltr'>παιδοποιίας</span> <span class='ocrx_word' id='word_1_595' title='bbox 2988 3482 3138 3553; x_wconf 79' lang='grc' dir='ltr'>αὐτῷ</span> <span class='ocrx_word' id='word_1_596' title='bbox 3162 3485 3532 3557; x_wconf 71' lang='grc' dir='ltr'>καταλειφθῇ,</span> <span class='ocrx_word' id='word_1_597' title='bbox 3569 3486 3671 3557; x_wconf 74' lang='grc' dir='ltr'>ἔχει</span> <span class='ocrx_word' id='word_1_598' title='bbox 3692 3486 3794 3538; x_wconf 74' lang='grc' dir='ltr'><strong>αὑτὰ</strong></span> 
     </span>
    </p>
   </div>
   <div class='ocr_carea' id='block_1_81' title="bbox 2256 3568 3794 3648">
    <p class='ocr_par' dir='ltr' id='par_1_81' title="bbox 2256 3568 3794 3648">
     <span class='ocr_line' id='line_1_81' title="bbox 2256 3568 3794 3648; baseline 0.007 -30"><span class='ocrx_word' id='word_1_599' title='bbox 2256 3568 2349 3619; x_wconf 74' lang='grc' dir='ltr'><strong>καὶ</strong></span> <span class='ocrx_word' id='word_1_600' title='bbox 2384 3568 2459 3639; x_wconf 82' lang='grc' dir='ltr'>μὴ</span> <span class='ocrx_word' id='word_1_601' title='bbox 2484 3571 2836 3627; x_wconf 69' lang='grc' dir='ltr'>παιδοποιῶνσ</span> <span class='ocrx_word' id='word_1_602' title='bbox 2866 3575 2927 3627; x_wconf 87' lang='grc' dir='ltr'><strong>τὸ</strong></span> <span class='ocrx_word' id='word_1_603' title='bbox 2950 3576 3082 3629; x_wconf 82' lang='grc' dir='ltr'>αὐτὸ</span> <span class='ocrx_word' id='word_1_604' title='bbox 3104 3577 3200 3630; x_wconf 72' lang='grc' dir='ltr'>καὶ</span> <span class='ocrx_word' id='word_1_605' title='bbox 3224 3578 3317 3630; x_wconf 73' lang='grc' dir='ltr'><strong>ἐπὶ</strong></span> <span class='ocrx_word' id='word_1_606' title='bbox 3353 3578 3794 3648; x_wconf 74' lang='grc' dir='ltr'><strong>παρθενευούσαις⁶</strong></span> 
     </span>
    </p>
   </div>
   <div class='ocr_carea' id='block_1_82' title="bbox 2257 3660 3795 3736">
    <p class='ocr_par' dir='ltr' id='par_1_82' title="bbox 2257 3660 3795 3736">
     <span class='ocr_line' id='line_1_82' title="bbox 2257 3660 3795 3736; baseline 0.005 -24"><span class='ocrx_word' id='word_1_607' title='bbox 2257 3660 2289 3728; x_wconf 86' lang='grc' dir='ltr'>ἡ</span> <span class='ocrx_word' id='word_1_608' title='bbox 2322 3660 2461 3731; x_wconf 82' lang='grc' dir='ltr'>αὐτὴ</span> <span class='ocrx_word' id='word_1_609' title='bbox 2488 3660 2628 3716; x_wconf 86' lang='grc' dir='ltr'>διάτ.</span> <span class='ocrx_word' id='word_1_610' title='bbox 2668 3666 2855 3736; x_wconf 67' lang='grc' dir='ltr'>φησιν,</span> <span class='ocrx_word' id='word_1_611' title='bbox 2888 3668 2991 3731; x_wconf 85' lang='grc' dir='ltr'>δτι,</span> <span class='ocrx_word' id='word_1_612' title='bbox 3036 3669 3161 3722; x_wconf 85' lang='grc' dir='ltr'>Ἐάν</span> <span class='ocrx_word' id='word_1_613' title='bbox 3192 3686 3276 3732; x_wconf 91' lang='grc' dir='ltr'><strong>τις</strong></span> <span class='ocrx_word' id='word_1_614' title='bbox 3305 3670 3422 3723; x_wconf 83' lang='grc' dir='ltr'><strong>τῶν</strong></span> <span class='ocrx_word' id='word_1_615' title='bbox 3456 3671 3795 3723; x_wconf 75' lang='grc' dir='ltr'>συνοικούντων</span> 
     </span>
    </p>
   </div>
   <div class='ocr_carea' id='block_1_83' title="bbox 2260 3751 3800 3832">
    <p class='ocr_par' dir='ltr' id='par_1_83' title="bbox 2260 3751 3800 3832">
     <span class='ocr_line' id='line_1_83' title="bbox 2260 3751 3800 3832; baseline 0.005 -29"><span class='ocrx_word' id='word_1_616' title='bbox 2260 3751 2503 3825; x_wconf 80' lang='grc' dir='ltr'>μονάσῃ,</span> <span class='ocrx_word' id='word_1_617' title='bbox 2546 3755 2752 3826; x_wconf 84' lang='grc' dir='ltr'>πέμπει</span> <span class='ocrx_word' id='word_1_618' title='bbox 2802 3758 3084 3826; x_wconf 78' lang='grc' dir='ltr'>ρεπούδιον</span> <span class='ocrx_word' id='word_1_619' title='bbox 3127 3761 3155 3812; x_wconf 86' lang='grc' dir='ltr'>ὁ</span> <span class='ocrx_word' id='word_1_620' title='bbox 3203 3761 3389 3825; x_wconf 84' lang='grc' dir='ltr'>ἄλλος,</span> <span class='ocrx_word' id='word_1_621' title='bbox 3426 3762 3523 3814; x_wconf 76' lang='grc' dir='ltr'>καὶ</span> <span class='ocrx_word' id='word_1_622' title='bbox 3548 3761 3687 3832; x_wconf 85' lang='grc' dir='ltr'>χώρα</span> <span class='ocrx_word' id='word_1_623' title='bbox 3718 3763 3800 3819; x_wconf 62' lang='lat'><strong>107.;</strong></span> 
     </span>
    </p>
   </div>
   <div class='ocr_carea' id='block_1_84' title="bbox 2254 3844 3798 3923">
    <p class='ocr_par' dir='ltr' id='par_1_84' title="bbox 2254 3844 3798 3923">
     <span class='ocr_line' id='line_1_84' title="bbox 2254 3844 3798 3923; baseline 0.01 -27"><span class='ocrx_word' id='word_1_624' title='bbox 2254 3844 2362 3897; x_wconf 82' lang='grc' dir='ltr'>ἀπὸ</span> <span class='ocrx_word' id='word_1_625' title='bbox 2405 3845 2661 3919; x_wconf 80' lang='grc' dir='ltr'>τελευτῆς</span> <span class='ocrx_word' id='word_1_626' title='bbox 2706 3849 3049 3918; x_wconf 78' lang='grc' dir='ltr'>συμφώνοις·</span> <span class='ocrx_word' id='word_1_627' title='bbox 3101 3853 3195 3905; x_wconf 76' lang='grc' dir='ltr'><strong>καὶ</strong></span> <span class='ocrx_word' id='word_1_628' title='bbox 3241 3853 3304 3906; x_wconf 81' lang='grc' dir='ltr'><strong>τὸ</strong></span> <span class='ocrx_word' id='word_1_629' title='bbox 3352 3853 3607 3908; x_wconf 80' lang='grc' dir='ltr'>ἐντεῦθεν</span> <span class='ocrx_word' id='word_1_630' title='bbox 3652 3853 3798 3923; x_wconf 59' lang='grc' dir='ltr'>κέρόθς</span> 
     </span>
    </p>
   </div>
   <div class='ocr_carea' id='block_1_85' title="bbox 2257 3936 3800 4011">
    <p class='ocr_par' dir='ltr' id='par_1_85' title="bbox 2257 3936 3800 4011">
     <span class='ocr_line' id='line_1_85' title="bbox 2257 3936 3800 4011; baseline 0.003 -24"><span class='ocrx_word' id='word_1_631' title='bbox 2257 3936 2582 4004; x_wconf 79' lang='grc' dir='ltr'>φυλάττεται</span> <span class='ocrx_word' id='word_1_632' title='bbox 2612 3942 2724 4001; x_wconf 83' lang='grc' dir='ltr'>τοῖς</span> <span class='ocrx_word' id='word_1_633' title='bbox 2763 3941 2838 4003; x_wconf 82' lang='grc' dir='ltr'>ὡς</span> <span class='ocrx_word' id='word_1_634' title='bbox 2872 3941 3018 4005; x_wconf 85' lang='grc' dir='ltr'>εἰκὸς</span> <span class='ocrx_word' id='word_1_635' title='bbox 3045 3940 3194 3997; x_wconf 81' lang='grc' dir='ltr'>οὖσιν</span> <span class='ocrx_word' id='word_1_636' title='bbox 3227 3945 3291 3996; x_wconf 79' lang='grc' dir='ltr'>ἐκ</span> <span class='ocrx_word' id='word_1_637' title='bbox 3326 3945 3429 3997; x_wconf 81' lang='grc' dir='ltr'>τοῦ</span> <span class='ocrx_word' id='word_1_638' title='bbox 3465 3944 3628 3998; x_wconf 78' lang='grc' dir='ltr'>αὐτοῦ</span> <span class='ocrx_word' id='word_1_639' title='bbox 3662 3948 3800 4011; x_wconf 65' lang='grc' dir='ltr'>γάμου</span> 
     </span>
    </p>
   </div>
   <div class='ocr_carea' id='block_1_86' title="bbox 2256 4024 3800 4103">
    <p class='ocr_par' dir='ltr' id='par_1_86' title="bbox 2256 4024 3800 4103">
     <span class='ocr_line' id='line_1_86' title="bbox 2256 4024 3800 4103; baseline 0.006 -30"><span class='ocrx_word' id='word_1_640' title='bbox 2256 4024 2442 4076; x_wconf 84' lang='grc' dir='ltr'>παισίν</span> <span class='ocrx_word' id='word_1_641' title='bbox 2465 4040 2478 4053; x_wconf 89' lang='grc'><strong>·</strong></span> <span class='ocrx_word' id='word_1_642' title='bbox 2520 4024 2551 4094; x_wconf 83' lang='grc' dir='ltr'><strong>ἢ</strong></span> <span class='ocrx_word' id='word_1_643' title='bbox 2588 4025 2648 4077; x_wconf 80' lang='grc' dir='ltr'><strong>τὸ</strong></span> <span class='ocrx_word' id='word_1_644' title='bbox 2678 4027 2943 4098; x_wconf 83' lang='grc' dir='ltr'>κερδᾶναν</span> <span class='ocrx_word' id='word_1_645' title='bbox 2988 4032 3279 4101; x_wconf 85' lang='grc' dir='ltr'>πρόσωπον</span> <span class='ocrx_word' id='word_1_646' title='bbox 3316 4033 3399 4103; x_wconf 78' lang='grc' dir='ltr'>μὴ</span> <span class='ocrx_word' id='word_1_647' title='bbox 3434 4034 3589 4086; x_wconf 74' lang='grc' dir='ltr'>ὲλθὺν</span> <span class='ocrx_word' id='word_1_648' title='bbox 3619 4034 3687 4095; x_wconf 87' lang='grc' dir='ltr'><strong>είς</strong></span> <span class='ocrx_word' id='word_1_649' title='bbox 3709 4031 3800 4083; x_wconf 65' lang='grc' dir='ltr'><strong><em>δεὺο</em></strong></span> 
     </span>
    </p>
   </div>
   <div class='ocr_carea' id='block_1_87' title="bbox 2256 4115 3803 4194">
    <p class='ocr_par' dir='ltr' id='par_1_87' title="bbox 2256 4115 3803 4194">
     <span class='ocr_line' id='line_1_87' title="bbox 2256 4115 3803 4194; baseline 0.011 -31"><span class='ocrx_word' id='word_1_650' title='bbox 2256 4129 2412 4181; x_wconf 90' lang='grc' dir='ltr'>τερον</span> <span class='ocrx_word' id='word_1_651' title='bbox 2461 4115 2675 4184; x_wconf 83' lang='grc' dir='ltr'>γάμον’</span> <span class='ocrx_word' id='word_1_652' title='bbox 2719 4118 2817 4170; x_wconf 75' lang='grc' dir='ltr'><strong>καὶ</strong></span> <span class='ocrx_word' id='word_1_653' title='bbox 2862 4117 2957 4172; x_wconf 81' lang='grc' dir='ltr'>τοῦ</span> <span class='ocrx_word' id='word_1_654' title='bbox 3022 4121 3213 4190; x_wconf 80' lang='grc' dir='ltr'>ἀνδρὸς</span> <span class='ocrx_word' id='word_1_655' title='bbox 3260 4122 3601 4194; x_wconf 80' lang='grc' dir='ltr'>μονάζοντος</span> <span class='ocrx_word' id='word_1_656' title='bbox 3634 4127 3664 4193; x_wconf 72' lang='grc' dir='ltr'>ἡ</span> <span class='ocrx_word' id='word_1_657' title='bbox 3702 4122 3803 4190; x_wconf 66' lang='grc' dir='ltr'><strong>γυ·σή</strong></span> 
     </span>
    </p>
   </div>
   <div class='ocr_carea' id='block_1_88' title="bbox 2255 4204 3801 4287">
    <p class='ocr_par' dir='ltr' id='par_1_88' title="bbox 2255 4204 3801 4287">
     <span class='ocr_line' id='line_1_88' title="bbox 2255 4204 3801 4287; baseline 0.006 -31"><span class='ocrx_word' id='word_1_658' title='bbox 2255 4204 2426 4276; x_wconf 75' lang='grc' dir='ltr'>ἑτέρῳ</span> <span class='ocrx_word' id='word_1_659' title='bbox 2450 4207 2509 4258; x_wconf 78' lang='grc' dir='ltr'><strong>οὐ</strong></span> <span class='ocrx_word' id='word_1_660' title='bbox 2534 4210 2793 4277; x_wconf 86' lang='grc' dir='ltr'>γαμεῖται</span> <span class='ocrx_word' id='word_1_661' title='bbox 2814 4212 2905 4263; x_wconf 77' lang='grc' dir='ltr'><strong>ἐπὶ</strong></span> <span class='ocrx_word' id='word_1_662' title='bbox 2929 4211 3025 4265; x_wconf 76' lang='grc' dir='ltr'><strong>ἕνα</strong></span> <span class='ocrx_word' id='word_1_663' title='bbox 3052 4215 3318 4269; x_wconf 72' lang='grc' dir='ltr'>ἐνιαυτόνο</span> <span class='ocrx_word' id='word_1_664' title='bbox 3345 4217 3397 4269; x_wconf 86' lang='grc' dir='ltr'><strong>εί</strong></span> <span class='ocrx_word' id='word_1_665' title='bbox 3424 4216 3608 4287; x_wconf 85' lang='grc' dir='ltr'>μέντοι</span> <span class='ocrx_word' id='word_1_666' title='bbox 3631 4233 3703 4277; x_wconf 83' lang='grc' dir='ltr'><strong>τις</strong></span> <span class='ocrx_word' id='word_1_667' title='bbox 3723 4213 3801 4265; x_wconf 70' lang='grc' dir='ltr'>τῶν</span> 
     </span>
    </p>
   </div>
   <div class='ocr_carea' id='block_1_89' title="bbox 2258 4299 3806 4374">
    <p class='ocr_par' dir='ltr' id='par_1_89' title="bbox 2258 4299 3806 4374">
     <span class='ocr_line' id='line_1_89' title="bbox 2258 4299 3806 4374; baseline 0.004 -27"><span class='ocrx_word' id='word_1_668' title='bbox 2258 4300 2584 4367; x_wconf 79' lang='grc' dir='ltr'>μνηστήρων</span> <span class='ocrx_word' id='word_1_669' title='bbox 2625 4299 2882 4368; x_wconf 86' lang='grc' dir='ltr'>μονάσει,</span> <span class='ocrx_word' id='word_1_670' title='bbox 2925 4303 2973 4354; x_wconf 87' lang='grc' dir='ltr'><strong>οί</strong></span> <span class='ocrx_word' id='word_1_671' title='bbox 3012 4303 3333 4374; x_wconf 78' lang='grc' dir='ltr'>ἀρῤαϐῶνες</span> <span class='ocrx_word' id='word_1_672' title='bbox 3376 4304 3547 4357; x_wconf 85' lang='grc' dir='ltr'>ἁπλοί</span> <span class='ocrx_word' id='word_1_673' title='bbox 3578 4304 3806 4358; x_wconf 76' lang='grc' dir='ltr'>ἀποδίδον-</span> 
     </span>
    </p>
   </div>
   <div class='ocr_carea' id='block_1_90' title="bbox 578 4390 2158 4468">
    <p class='ocr_par' dir='ltr' id='par_1_90' title="bbox 578 4396 2151 4468">
     <span class='ocr_line' id='line_1_90' title="bbox 578 4396 2151 4468; baseline -0.001 -13"><span class='ocrx_word' id='word_1_674' title='bbox 578 4399 749 4455; x_wconf 77' lang='lat' dir='ltr'><strong>venit.</strong></span> <span class='ocrx_word' id='word_1_675' title='bbox 798 4400 1065 4454; x_wconf 71' lang='lat' dir='ltr'><strong>Caeterum</strong></span> <span class='ocrx_word' id='word_1_676' title='bbox 1115 4399 1161 4455; x_wconf 90' lang='lat' dir='ltr'><strong>si</strong></span> <span class='ocrx_word' id='word_1_677' title='bbox 1216 4412 1451 4468; x_wconf 84' lang='lat' dir='ltr'><strong>sponsus</strong></span> <span class='ocrx_word' id='word_1_678' title='bbox 1489 4396 1762 4466; x_wconf 88' lang='lat' dir='ltr'><strong>quispiam</strong></span> <span class='ocrx_word' id='word_1_679' title='bbox 1792 4396 1848 4450; x_wconf 92' lang='lat' dir='ltr'><strong>in</strong></span> <span class='ocrx_word' id='word_1_680' title='bbox 1881 4407 2151 4453; x_wconf 85' lang='lat' dir='ltr'><strong>monaste-</strong></span> 
     </span>
    </p>
   </div>
   <div class='ocr_carea' id='block_1_91' title="bbox 2261 4390 3801 4468">
    <p class='ocr_par' dir='ltr' id='par_1_91' title="bbox 2261 4390 3801 4467">
     <span class='ocr_line' id='line_1_91' title="bbox 2261 4390 3801 4467; baseline 0.004 -29"><span class='ocrx_word' id='word_1_681' title='bbox 2261 4403 2364 4452; x_wconf 86' lang='grc' dir='ltr'>ται,</span> <span class='ocrx_word' id='word_1_682' title='bbox 2390 4390 2482 4441; x_wconf 64' lang='grc' dir='ltr'><strong>κα)¹</strong></span> <span class='ocrx_word' id='word_1_683' title='bbox 2516 4391 2667 4444; x_wconf 81' lang='grc' dir='ltr'>οὐδὲν</span> <span class='ocrx_word' id='word_1_684' title='bbox 2697 4391 3017 4463; x_wconf 77' lang='grc' dir='ltr'>ζημιοῦνται</span> <span class='ocrx_word' id='word_1_685' title='bbox 3036 4434 3051 4459; x_wconf 86' lang='grc'><strong>,</strong></span> <span class='ocrx_word' id='word_1_686' title='bbox 3091 4394 3165 4459; x_wconf 87' lang='grc' dir='ltr'>ὼς</span> <span class='ocrx_word' id='word_1_687' title='bbox 3205 4397 3238 4467; x_wconf 77' lang='grc' dir='ltr'><strong>ἠ</strong></span> <span class='ocrx_word' id='word_1_688' title='bbox 3265 4397 3342 4449; x_wconf 89' lang='grc' dir='ltr'>νδ¹</span> <span class='ocrx_word' id='word_1_689' title='bbox 3374 4397 3526 4455; x_wconf 83' lang='grc' dir='ltr'>διάτ.</span> <span class='ocrx_word' id='word_1_690' title='bbox 3557 4397 3648 4449; x_wconf 83' lang='grc' dir='ltr'>τοῦ</span> <span class='ocrx_word' id='word_1_691' title='bbox 3676 4393 3801 4447; x_wconf 77' lang='grc' dir='ltr'><strong>αὐτοῦ</strong></span> 
     </span>
    </p>
   </div>
   <div class='ocr_carea' id='block_1_92' title="bbox 578 4486 2152 4558">
    <p class='ocr_par' dir='ltr' id='par_1_92' title="bbox 578 4486 2152 4558">
     <span class='ocr_line' id='line_1_92' title="bbox 578 4486 2152 4558; baseline -0.003 -12"><span class='ocrx_word' id='word_1_692' title='bbox 578 4490 723 4546; x_wconf 85' lang='lat' dir='ltr'><strong>rium</strong></span> <span class='ocrx_word' id='word_1_693' title='bbox 736 4490 1017 4551; x_wconf 77' lang='lat' dir='ltr'><strong>concedat,</strong></span> <span class='ocrx_word' id='word_1_694' title='bbox 1040 4488 1321 4557; x_wconf 84' lang='lat' dir='ltr'><strong>simplices</strong></span> <span class='ocrx_word' id='word_1_695' title='bbox 1334 4487 1509 4542; x_wconf 75' lang='lat' dir='ltr'><strong>arrhze</strong></span> <span class='ocrx_word' id='word_1_696' title='bbox 1527 4486 1820 4549; x_wconf 83' lang='lat' dir='ltr'><strong>adduntur,</strong></span> <span class='ocrx_word' id='word_1_697' title='bbox 1842 4486 2152 4558; x_wconf 84' lang='lat' dir='ltr'><strong>nullumque</strong></span> 
     </span>
    </p>
   </div>
   <div class='ocr_carea' id='block_1_93' title="bbox 579 4577 1954 4647">
    <p class='ocr_par' dir='ltr' id='par_1_93' title="bbox 579 4577 1954 4647">
     <span class='ocr_line' id='line_1_93' title="bbox 579 4577 1954 4647; baseline -0.005 -9"><span class='ocrx_word' id='word_1_698' title='bbox 579 4583 837 4638; x_wconf 84' lang='lat' dir='ltr'><strong>damnum</strong></span> <span class='ocrx_word' id='word_1_699' title='bbox 873 4583 1132 4637; x_wconf 86' lang='lat' dir='ltr'><strong>subitur:</strong></span> <span class='ocrx_word' id='word_1_700' title='bbox 1168 4590 1229 4635; x_wconf 88' lang='lat' dir='ltr'><strong>ut</strong></span> <span class='ocrx_word' id='word_1_701' title='bbox 1256 4578 1497 4647; x_wconf 85' lang='lat' dir='ltr'><strong>ejusdem</strong></span> <span class='ocrx_word' id='word_1_702' title='bbox 1532 4578 1616 4633; x_wconf 89' lang='lat' dir='ltr'><strong>tit.</strong></span> <span class='ocrx_word' id='word_1_703' title='bbox 1658 4587 1834 4633; x_wconf 87' lang='lat' dir='ltr'><strong>const.</strong></span> <span class='ocrx_word' id='word_1_704' title='bbox 1867 4577 1954 4632; x_wconf 70' lang='grc'><strong>54.</strong></span> 
     </span>
    </p>
   </div>
   <div class='ocr_carea' id='block_1_94' title="bbox 650 4670 2149 4743">
    <p class='ocr_par' dir='ltr' id='par_1_94' title="bbox 650 4670 2149 4743">
     <span class='ocr_line' id='line_1_94' title="bbox 650 4670 2149 4743; baseline -0.004 -14"><span class='ocrx_word' id='word_1_705' title='bbox 650 4674 869 4729; x_wconf 74' lang='lat' dir='ltr'><strong>Toxlus.</strong></span> <span class='ocrx_word' id='word_1_706' title='bbox 919 4673 985 4727; x_wconf 83' lang='lat' dir='ltr'><strong>Et</strong></span> <span class='ocrx_word' id='word_1_707' title='bbox 1032 4689 1155 4743; x_wconf 68' lang='lat' dir='ltr'><strong>qua:</strong></span> <span class='ocrx_word' id='word_1_708' title='bbox 1185 4672 1251 4726; x_wconf 91' lang='lat' dir='ltr'><strong>de</strong></span> <span class='ocrx_word' id='word_1_709' title='bbox 1282 4671 1507 4740; x_wconf 91' lang='lat' dir='ltr'><strong>repudio</strong></span> <span class='ocrx_word' id='word_1_710' title='bbox 1540 4676 1734 4726; x_wconf 89' lang='lat' dir='ltr'><strong>tractat</strong></span> <span class='ocrx_word' id='word_1_711' title='bbox 1784 4670 2005 4725; x_wconf 84' lang='lat' dir='ltr'><strong>Novella</strong></span> <span class='ocrx_word' id='word_1_712' title='bbox 2049 4670 2149 4725; x_wconf 80' lang='lat' dir='ltr'><strong>il&#39;l</strong></span> 
     </span>
    </p>
   </div>
   <div class='ocr_carea' id='block_1_95' title="bbox 577 4762 2149 4835">
    <p class='ocr_par' dir='ltr' id='par_1_95' title="bbox 577 4762 2149 4835">
     <span class='ocr_line' id='line_1_95' title="bbox 577 4762 2149 4835; baseline -0.003 -15"><span class='ocrx_word' id='word_1_713' title='bbox 577 4765 673 4820; x_wconf 82' lang='lat' dir='ltr'><strong>ait:</strong></span> <span class='ocrx_word' id='word_1_714' title='bbox 699 4764 755 4819; x_wconf 93' lang='lat' dir='ltr'><strong>Si</strong></span> <span class='ocrx_word' id='word_1_715' title='bbox 779 4774 975 4835; x_wconf 68' lang='lat' dir='ltr'><strong>praeter</strong></span> <span class='ocrx_word' id='word_1_716' title='bbox 997 4780 1193 4819; x_wconf 89' lang='lat' dir='ltr'><strong>causas</strong></span> <span class='ocrx_word' id='word_1_717' title='bbox 1219 4763 1287 4817; x_wconf 90' lang='lat' dir='ltr'><strong>ab</strong></span> <span class='ocrx_word' id='word_1_718' title='bbox 1312 4762 1425 4829; x_wconf 89' lang='lat' dir='ltr'><strong>ipsa</strong></span> <span class='ocrx_word' id='word_1_719' title='bbox 1451 4763 1624 4817; x_wconf 88' lang='lat' dir='ltr'><strong>dictas</strong></span> <span class='ocrx_word' id='word_1_720' title='bbox 1646 4762 1841 4816; x_wconf 89' lang='lat' dir='ltr'><strong>mulier</strong></span> <span class='ocrx_word' id='word_1_721' title='bbox 1865 4763 2149 4831; x_wconf 89' lang='lat' dir='ltr'><strong>repudium</strong></span> 
     </span>
    </p>
   </div>
   <div class='ocr_carea' id='block_1_96' title="bbox 576 4851 2150 4915">
    <p class='ocr_par' dir='ltr' id='par_1_96' title="bbox 576 4851 2150 4915">
     <span class='ocr_line' id='line_1_96' title="bbox 576 4851 2150 4915; baseline -0.003 -6"><span class='ocrx_word' id='word_1_722' title='bbox 576 4855 824 4909; x_wconf 81' lang='lat' dir='ltr'><strong>miserit:</strong></span> <span class='ocrx_word' id='word_1_723' title='bbox 861 4855 962 4908; x_wconf 89' lang='lat' dir='ltr'><strong>dos</strong></span> <span class='ocrx_word' id='word_1_724' title='bbox 989 4853 1182 4906; x_wconf 89' lang='lat' dir='ltr'><strong>marito</strong></span> <span class='ocrx_word' id='word_1_725' title='bbox 1206 4860 1303 4905; x_wconf 86' lang='lat' dir='ltr'><strong>aut</strong></span> <span class='ocrx_word' id='word_1_726' title='bbox 1334 4851 1387 4904; x_wconf 91' lang='lat' dir='ltr'><strong>in</strong></span> <span class='ocrx_word' id='word_1_727' title='bbox 1420 4851 1743 4915; x_wconf 87' lang='lat' dir='ltr'><strong>dominium,</strong></span> <span class='ocrx_word' id='word_1_728' title='bbox 1777 4860 1871 4905; x_wconf 86' lang='lat' dir='ltr'><strong>aut</strong></span> <span class='ocrx_word' id='word_1_729' title='bbox 1910 4851 1955 4906; x_wconf 91' lang='lat' dir='ltr'><strong>si</strong></span> <span class='ocrx_word' id='word_1_730' title='bbox 1999 4851 2150 4905; x_wconf 90' lang='lat' dir='ltr'><strong>liberi</strong></span> 
     </span>
    </p>
   </div>
   <div class='ocr_carea' id='block_1_97' title="bbox 582 4939 2152 5010">
    <p class='ocr_par' dir='ltr' id='par_1_97' title="bbox 582 4939 2152 5010">
     <span class='ocr_line' id='line_1_97' title="bbox 582 4939 2152 5010; baseline -0.003 -11"><span class='ocrx_word' id='word_1_731' title='bbox 582 4943 816 5008; x_wconf 78' lang='lat' dir='ltr'><strong>subsint,</strong></span> <span class='ocrx_word' id='word_1_732' title='bbox 860 4942 913 4995; x_wconf 91' lang='lat' dir='ltr'><strong>in</strong></span> <span class='ocrx_word' id='word_1_733' title='bbox 947 4956 1103 4995; x_wconf 91' lang='lat' dir='ltr'><strong>usum</strong></span> <span class='ocrx_word' id='word_1_734' title='bbox 1131 4939 1364 4994; x_wconf 78' lang='lat' dir='ltr'><strong>fructum</strong></span> <span class='ocrx_word' id='word_1_735' title='bbox 1410 4941 1587 4995; x_wconf 88' lang='lat' dir='ltr'><strong>datur.</strong></span> <span class='ocrx_word' id='word_1_736' title='bbox 1617 4939 1808 4994; x_wconf 83' lang='lat' dir='ltr'><strong>Mulier</strong></span> <span class='ocrx_word' id='word_1_737' title='bbox 1838 4949 2016 4994; x_wconf 85' lang='lat' dir='ltr'><strong>autem</strong></span> <span class='ocrx_word' id='word_1_738' title='bbox 2057 4955 2152 5010; x_wconf 86' lang='lat' dir='ltr'><strong>per</strong></span> 
     </span>
    </p>
   </div>
   <div class='ocr_carea' id='block_1_98' title="bbox 578 5030 2149 5101">
    <p class='ocr_par' dir='ltr' id='par_1_98' title="bbox 578 5030 2149 5101">
     <span class='ocr_line' id='line_1_98' title="bbox 578 5030 2149 5101; baseline 0.001 -19"><span class='ocrx_word' id='word_1_739' title='bbox 578 5033 813 5088; x_wconf 74' lang='lat' dir='ltr'><strong>Iudicem</strong></span> <span class='ocrx_word' id='word_1_740' title='bbox 852 5032 1112 5101; x_wconf 89' lang='lat' dir='ltr'><strong>episcopo</strong></span> <span class='ocrx_word' id='word_1_741' title='bbox 1158 5030 1390 5085; x_wconf 77' lang='lat' dir='ltr'><strong>civitatis</strong></span> <span class='ocrx_word' id='word_1_742' title='bbox 1425 5032 1479 5086; x_wconf 92' lang='lat' dir='ltr'><strong>in</strong></span> <span class='ocrx_word' id='word_1_743' title='bbox 1514 5047 1621 5101; x_wconf 89' lang='lat' dir='ltr'><strong>qua</strong></span> <span class='ocrx_word' id='word_1_744' title='bbox 1656 5032 1862 5086; x_wconf 88' lang='lat' dir='ltr'><strong>habitat</strong></span> <span class='ocrx_word' id='word_1_745' title='bbox 1901 5032 2149 5096; x_wconf 86' lang='lat' dir='ltr'><strong>traditur,</strong></span> 
     </span>
    </p>
   </div>
   <div class='ocr_carea' id='block_1_99' title="bbox 580 5122 2150 5193">
    <p class='ocr_par' dir='ltr' id='par_1_99' title="bbox 580 5122 2150 5193">
     <span class='ocr_line' id='line_1_99' title="bbox 580 5122 2150 5193; baseline -0.003 -13"><span class='ocrx_word' id='word_1_746' title='bbox 580 5132 629 5180; x_wconf 70' lang='lat' dir='ltr'><strong>et</strong></span> <span class='ocrx_word' id='word_1_747' title='bbox 660 5139 756 5193; x_wconf 89' lang='lat' dir='ltr'><strong>per</strong></span> <span class='ocrx_word' id='word_1_748' title='bbox 784 5124 961 5193; x_wconf 90' lang='lat' dir='ltr'><strong>ipsum</strong></span> <span class='ocrx_word' id='word_1_749' title='bbox 994 5123 1061 5176; x_wconf 89' lang='lat' dir='ltr'><strong>ad</strong></span> <span class='ocrx_word' id='word_1_750' title='bbox 1095 5137 1313 5177; x_wconf 90' lang='lat' dir='ltr'><strong>omnem</strong></span> <span class='ocrx_word' id='word_1_751' title='bbox 1339 5122 1458 5192; x_wconf 89' lang='lat' dir='ltr'><strong>ejus</strong></span> <span class='ocrx_word' id='word_1_752' title='bbox 1481 5123 1645 5176; x_wconf 88' lang='lat' dir='ltr'><strong>vitam</strong></span> <span class='ocrx_word' id='word_1_753' title='bbox 1678 5123 1730 5176; x_wconf 93' lang='lat' dir='ltr'><strong>in</strong></span> <span class='ocrx_word' id='word_1_754' title='bbox 1759 5124 2150 5177; x_wconf 85' lang='lat' dir='ltr'><strong>monasterium</strong></span> 
     </span>
    </p>
   </div>
   <div class='ocr_carea' id='block_1_100' title="bbox 578 5215 2151 5285">
    <p class='ocr_par' dir='ltr' id='par_1_100' title="bbox 578 5215 2151 5285">
     <span class='ocr_line' id='line_1_100' title="bbox 578 5215 2151 5285; baseline -0.001 -15"><span class='ocrx_word' id='word_1_755' title='bbox 578 5215 886 5283; x_wconf 73' lang='lat' dir='ltr'><strong>zonjicitur.</strong></span> <span class='ocrx_word' id='word_1_756' title='bbox 912 5217 1087 5284; x_wconf 81' lang='lat' dir='ltr'><strong>Atque</strong></span> <span class='ocrx_word' id='word_1_757' title='bbox 1118 5215 1162 5270; x_wconf 92' lang='lat' dir='ltr'><strong>si</strong></span> <span class='ocrx_word' id='word_1_758' title='bbox 1196 5215 1414 5285; x_wconf 87' lang='lat' dir='ltr'><strong>quidem</strong></span> <span class='ocrx_word' id='word_1_759' title='bbox 1451 5215 1650 5271; x_wconf 90' lang='lat' dir='ltr'><strong>liberos</strong></span> <span class='ocrx_word' id='word_1_760' title='bbox 1681 5215 1907 5281; x_wconf 83' lang='lat' dir='ltr'><strong>habeat,</strong></span> <span class='ocrx_word' id='word_1_761' title='bbox 1938 5215 2151 5270; x_wconf 88' lang='lat' dir='ltr'><strong>bessem</strong></span> 
     </span>
    </p>
   </div>
   <div class='ocr_carea' id='block_1_101' title="bbox 576 5307 2151 5381">
    <p class='ocr_par' dir='ltr' id='par_1_101' title="bbox 576 5307 2151 5381">
     <span class='ocr_line' id='line_1_101' title="bbox 576 5307 2151 5381; baseline -0.003 -17"><span class='ocrx_word' id='word_1_762' title='bbox 576 5309 899 5364; x_wconf 70' lang='lat' dir='ltr'><strong>substantia:</strong></span> <span class='ocrx_word' id='word_1_763' title='bbox 937 5308 1057 5377; x_wconf 88' lang='lat' dir='ltr'><strong>ejus</strong></span> <span class='ocrx_word' id='word_1_764' title='bbox 1091 5307 1214 5381; x_wconf 89' lang='lat' dir='ltr'><strong>[illi]</strong></span> <span class='ocrx_word' id='word_1_765' title='bbox 1245 5310 1490 5378; x_wconf 88' lang='lat' dir='ltr'><strong>capiunt,</strong></span> <span class='ocrx_word' id='word_1_766' title='bbox 1520 5308 1771 5362; x_wconf 89' lang='lat' dir='ltr'><strong>trientem</strong></span> <span class='ocrx_word' id='word_1_767' title='bbox 1803 5322 1933 5362; x_wconf 90' lang='lat' dir='ltr'><strong>vero</strong></span> <span class='ocrx_word' id='word_1_768' title='bbox 1960 5322 2151 5361; x_wconf 87' lang='lat' dir='ltr'><strong>mona-</strong></span> 
     </span>
    </p>
   </div>
   <div class='ocr_carea' id='block_1_102' title="bbox 575 5399 2146 5470">
    <p class='ocr_par' dir='ltr' id='par_1_102' title="bbox 575 5399 2146 5470">
     <span class='ocr_line' id='line_1_102' title="bbox 575 5399 2146 5470; baseline 0 -15"><span class='ocrx_word' id='word_1_769' title='bbox 575 5399 823 5455; x_wconf 87' lang='lat' dir='ltr'><strong>sterium.</strong></span> <span class='ocrx_word' id='word_1_770' title='bbox 855 5399 949 5454; x_wconf 90' lang='lat' dir='ltr'><strong>Sin</strong></span> <span class='ocrx_word' id='word_1_771' title='bbox 980 5417 1107 5456; x_wconf 89' lang='lat' dir='ltr'><strong>vero</strong></span> <span class='ocrx_word' id='word_1_772' title='bbox 1133 5417 1241 5455; x_wconf 92' lang='lat' dir='ltr'><strong>non</strong></span> <span class='ocrx_word' id='word_1_773' title='bbox 1272 5402 1496 5466; x_wconf 83' lang='lat' dir='ltr'><strong>liberos,</strong></span> <span class='ocrx_word' id='word_1_774' title='bbox 1527 5399 1620 5456; x_wconf 90' lang='lat' dir='ltr'><strong>sed</strong></span> <span class='ocrx_word' id='word_1_775' title='bbox 1643 5409 1898 5470; x_wconf 88' lang='lat' dir='ltr'><strong>parentes</strong></span> <span class='ocrx_word' id='word_1_776' title='bbox 1922 5400 2146 5456; x_wconf 89' lang='lat' dir='ltr'><strong>habeat:</strong></span> 
     </span>
    </p>
   </div>
   <div class='ocr_carea' id='block_1_103' title="bbox 574 5490 2150 5561">
    <p class='ocr_par' dir='ltr' id='par_1_103' title="bbox 574 5490 2150 5561">
     <span class='ocr_line' id='line_1_103' title="bbox 574 5490 2150 5561; baseline 0.001 -16"><span class='ocrx_word' id='word_1_777' title='bbox 574 5490 790 5546; x_wconf 87' lang='lat' dir='ltr'><strong>bessem</strong></span> <span class='ocrx_word' id='word_1_778' title='bbox 849 5494 1216 5559; x_wconf 87' lang='lat' dir='ltr'><strong>monasterio,</strong></span> <span class='ocrx_word' id='word_1_779' title='bbox 1281 5494 1531 5548; x_wconf 88' lang='lat' dir='ltr'><strong>trientem</strong></span> <span class='ocrx_word' id='word_1_780' title='bbox 1598 5503 1779 5547; x_wconf 90' lang='lat' dir='ltr'><strong>autem</strong></span> <span class='ocrx_word' id='word_1_781' title='bbox 1837 5492 2150 5561; x_wconf 82' lang='lat' dir='ltr'><strong>parenlibus</strong></span> 
     </span>
    </p>
   </div>
   <div class='ocr_carea' id='block_1_104' title="bbox 577 5582 2148 5654">
    <p class='ocr_par' dir='ltr' id='par_1_104' title="bbox 577 5582 2148 5654">
     <span class='ocr_line' id='line_1_104' title="bbox 577 5582 2148 5654; baseline 0.001 -20"><span class='ocrx_word' id='word_1_782' title='bbox 577 5582 742 5636; x_wconf 88' lang='lat' dir='ltr'><strong>dato:</strong></span> <span class='ocrx_word' id='word_1_783' title='bbox 776 5594 929 5638; x_wconf 83' lang='lat' dir='ltr'><strong>extra</strong></span> <span class='ocrx_word' id='word_1_784' title='bbox 964 5600 1127 5654; x_wconf 88' lang='lat' dir='ltr'><strong>quam</strong></span> <span class='ocrx_word' id='word_1_785' title='bbox 1159 5585 1203 5639; x_wconf 90' lang='lat' dir='ltr'><strong>si</strong></span> <span class='ocrx_word' id='word_1_786' title='bbox 1238 5584 1331 5653; x_wconf 90' lang='lat' dir='ltr'><strong>qui</strong></span> <span class='ocrx_word' id='word_1_787' title='bbox 1366 5584 1512 5638; x_wconf 90' lang='lat' dir='ltr'><strong>illam</strong></span> <span class='ocrx_word' id='word_1_788' title='bbox 1546 5585 1598 5638; x_wconf 91' lang='lat' dir='ltr'><strong>in</strong></span> <span class='ocrx_word' id='word_1_789' title='bbox 1631 5592 1896 5653; x_wconf 85' lang='lat' dir='ltr'><strong>potestate</strong></span> <span class='ocrx_word' id='word_1_790' title='bbox 1929 5584 2148 5645; x_wconf 83' lang='lat' dir='ltr'><strong>habent,</strong></span> 
     </span>
    </p>
   </div>
   <div class='ocr_carea' id='block_1_105' title="bbox 578 5672 2151 5749">
    <p class='ocr_par' dir='ltr' id='par_1_105' title="bbox 578 5672 2151 5749">
     <span class='ocr_line' id='line_1_105' title="bbox 578 5672 2151 5749; baseline 0.001 -20"><span class='ocrx_word' id='word_1_791' title='bbox 578 5672 781 5744; x_wconf 89' lang='lat' dir='ltr'><strong>injusto</strong></span> <span class='ocrx_word' id='word_1_792' title='bbox 814 5676 1041 5747; x_wconf 85' lang='lat' dir='ltr'><strong>repudio</strong></span> <span class='ocrx_word' id='word_1_793' title='bbox 1067 5691 1351 5734; x_wconf 86' lang='lat' dir='ltr'><strong>assensum</strong></span> <span class='ocrx_word' id='word_1_794' title='bbox 1396 5676 1745 5749; x_wconf 71' lang='lat' dir='ltr'><strong>praebuerint.</strong></span> <span class='ocrx_word' id='word_1_795' title='bbox 1794 5673 1955 5745; x_wconf 84' lang='lat'><strong>357</strong></span> <span class='ocrx_word' id='word_1_796' title='bbox 1997 5674 2151 5733; x_wconf 90' lang='lat' dir='ltr'><strong>Tunc</strong></span> 
     </span>
    </p>
   </div>
   <div class='ocr_carea' id='block_1_106' title="bbox 2251 4476 2353 4535">
    <p class='ocr_par' dir='ltr' id='par_1_106' title="bbox 2251 4476 2353 4535">
     <span class='ocr_line' id='line_1_106' title="bbox 2251 4476 2353 4535; baseline 0 -6"><span class='ocrx_word' id='word_1_797' title='bbox 2251 4476 2353 4535; x_wconf 85' lang='grc' dir='ltr'>τίτ.</span> 
     </span>
    </p>
   </div>
   <div class='ocr_carea' id='block_1_107' title="bbox 2322 4666 3810 4748">
    <p class='ocr_par' dir='ltr' id='par_1_107' title="bbox 2322 4666 3810 4748">
     <span class='ocr_line' id='line_1_107' title="bbox 2322 4666 3810 4748; baseline 0.003 -28"><span class='ocrx_word' id='word_1_798' title='bbox 2322 4666 2433 4720; x_wconf 76' lang='grc' dir='ltr'><strong>Καὶ</strong></span> <span class='ocrx_word' id='word_1_799' title='bbox 2462 4669 2496 4738; x_wconf 80' lang='grc' dir='ltr'>ἡ</span> <span class='ocrx_word' id='word_1_800' title='bbox 2527 4669 2656 4738; x_wconf 70' lang='grc' dir='ltr'>περὶ</span> <span class='ocrx_word' id='word_1_801' title='bbox 2700 4670 3000 4740; x_wconf 79' lang='grc' dir='ltr'>ῥεπουδίων</span> <span class='ocrx_word' id='word_1_802' title='bbox 3030 4672 3498 4745; x_wconf 87' lang='grc' dir='ltr'>διαλαμϐάνουσα</span> <span class='ocrx_word' id='word_1_803' title='bbox 3543 4678 3641 4748; x_wconf 70' lang='grc' dir='ltr'>ριξ⁹</span> <span class='ocrx_word' id='word_1_804' title='bbox 3677 4672 3810 4745; x_wconf 79' lang='grc' dir='ltr'>νεαρὰ</span> 
     </span>
    </p>
   </div>
   <div class='ocr_carea' id='block_1_108' title="bbox 2254 4758 3808 4838">
    <p class='ocr_par' dir='ltr' id='par_1_108' title="bbox 2254 4758 3808 4838">
     <span class='ocr_line' id='line_1_108' title="bbox 2254 4758 3808 4838; baseline 0.005 -30"><span class='ocrx_word' id='word_1_805' title='bbox 2254 4774 2439 4825; x_wconf 81' lang='grc' dir='ltr'>φησιν,</span> <span class='ocrx_word' id='word_1_806' title='bbox 2476 4758 2556 4810; x_wconf 81' lang='grc' dir='ltr'>ὅτι</span> <span class='ocrx_word' id='word_1_807' title='bbox 2590 4759 2683 4813; x_wconf 77' lang='grc' dir='ltr'>ἐὰν</span> <span class='ocrx_word' id='word_1_808' title='bbox 2705 4761 2853 4830; x_wconf 78' lang='grc' dir='ltr'>παρὰ</span> <span class='ocrx_word' id='word_1_809' title='bbox 2879 4764 2975 4827; x_wconf 74' lang='grc' dir='ltr'><strong>τὰς</strong></span> <span class='ocrx_word' id='word_1_810' title='bbox 3006 4765 3302 4834; x_wconf 71' lang='grc' dir='ltr'>είρημένας</span> <span class='ocrx_word' id='word_1_811' title='bbox 3335 4768 3487 4838; x_wconf 78' lang='grc' dir='ltr'>αὐτῇ</span> <span class='ocrx_word' id='word_1_812' title='bbox 3512 4768 3679 4827; x_wconf 67' lang='grc' dir='ltr'>αἰτία,</span> <span class='ocrx_word' id='word_1_813' title='bbox 3702 4764 3808 4832; x_wconf 71' lang='grc' dir='ltr'>γυνὴ</span> 
     </span>
    </p>
   </div>
   <div class='ocr_carea' id='block_1_109' title="bbox 2253 4849 3809 4928">
    <p class='ocr_par' dir='ltr' id='par_1_109' title="bbox 2253 4849 3809 4928">
     <span class='ocr_line' id='line_1_109' title="bbox 2253 4849 3809 4928; baseline 0.002 -28"><span class='ocrx_word' id='word_1_814' title='bbox 2253 4849 2442 4919; x_wconf 63' lang='grc' dir='ltr'>πέμψῃ</span> <span class='ocrx_word' id='word_1_815' title='bbox 2496 4851 2795 4919; x_wconf 77' lang='grc' dir='ltr'>ρεπούδιον,</span> <span class='ocrx_word' id='word_1_816' title='bbox 2830 4856 2861 4924; x_wconf 81' lang='grc' dir='ltr'>ἡ</span> <span class='ocrx_word' id='word_1_817' title='bbox 2900 4854 2996 4923; x_wconf 81' lang='grc' dir='ltr'><strong>μὲν</strong></span> <span class='ocrx_word' id='word_1_818' title='bbox 3046 4856 3205 4926; x_wconf 75' lang='grc' dir='ltr'>προὶξ</span> <span class='ocrx_word' id='word_1_819' title='bbox 3234 4857 3311 4925; x_wconf 81' lang='grc' dir='ltr'>τῷ</span> <span class='ocrx_word' id='word_1_820' title='bbox 3344 4858 3514 4928; x_wconf 70' lang='grc' dir='ltr'>ἀνδρὶ</span> <span class='ocrx_word' id='word_1_821' title='bbox 3561 4860 3759 4910; x_wconf 66' lang='grc' dir='ltr'>δίδοται,</span> <span class='ocrx_word' id='word_1_822' title='bbox 3786 4858 3809 4919; x_wconf 71' lang='grc' dir='ltr'>ἦ</span> 
     </span>
    </p>
   </div>
   <div class='ocr_carea' id='block_1_110' title="bbox 2252 4942 3807 5019">
    <p class='ocr_par' dir='ltr' id='par_1_110' title="bbox 2252 4942 3807 5019">
     <span class='ocr_line' id='line_1_110' title="bbox 2252 4942 3807 5019; baseline 0.003 -25"><span class='ocrx_word' id='word_1_823' title='bbox 2252 4942 2394 4994; x_wconf 82' lang='grc' dir='ltr'>κατὰ</span> <span class='ocrx_word' id='word_1_824' title='bbox 2416 4943 2753 5009; x_wconf 77' lang='grc' dir='ltr'>δεσποτείαν,</span> <span class='ocrx_word' id='word_1_825' title='bbox 2796 4947 2827 5015; x_wconf 80' lang='grc' dir='ltr'><strong>ἢ</strong></span> <span class='ocrx_word' id='word_1_826' title='bbox 2861 4948 3065 5000; x_wconf 81' lang='grc' dir='ltr'>παίδων</span> <span class='ocrx_word' id='word_1_827' title='bbox 3099 4949 3349 5000; x_wconf 76' lang='grc' dir='ltr'>ὑπόντων</span> <span class='ocrx_word' id='word_1_828' title='bbox 3385 4952 3538 5002; x_wconf 74' lang='grc' dir='ltr'>κατὰ</span> <span class='ocrx_word' id='word_1_829' title='bbox 3568 4952 3758 5019; x_wconf 60' lang='grc' dir='ltr'>χρῆειγ</span> <span class='ocrx_word' id='word_1_830' title='bbox 3788 4949 3807 5011; x_wconf 70' lang='grc' dir='ltr'><strong>ἠ</strong></span> 
     </span>
    </p>
   </div>
   <div class='ocr_carea' id='block_1_111' title="bbox 2251 5032 3809 5110">
    <p class='ocr_par' dir='ltr' id='par_1_111' title="bbox 2251 5032 3809 5110">
     <span class='ocr_line' id='line_1_111' title="bbox 2251 5032 3809 5110; baseline 0.004 -26"><span class='ocrx_word' id='word_1_831' title='bbox 2251 5032 2307 5085; x_wconf 80' lang='grc' dir='ltr'>δὲ</span> <span class='ocrx_word' id='word_1_832' title='bbox 2336 5034 2473 5103; x_wconf 82' lang='grc' dir='ltr'>γυνὴ</span> <span class='ocrx_word' id='word_1_833' title='bbox 2502 5034 2588 5086; x_wconf 78' lang='grc' dir='ltr'><strong>διὰ</strong></span> <span class='ocrx_word' id='word_1_834' title='bbox 2612 5034 2706 5087; x_wconf 84' lang='grc' dir='ltr'>τοῦ</span> <span class='ocrx_word' id='word_1_835' title='bbox 2739 5037 3056 5100; x_wconf 82' lang='grc' dir='ltr'>δικάσαντος</span> <span class='ocrx_word' id='word_1_836' title='bbox 3078 5038 3447 5107; x_wconf 74' lang='grc' dir='ltr'>παραδίδοται</span> <span class='ocrx_word' id='word_1_837' title='bbox 3470 5041 3548 5110; x_wconf 80' lang='grc' dir='ltr'>τῷ</span> <span class='ocrx_word' id='word_1_838' title='bbox 3574 5042 3809 5104; x_wconf 40' lang='grc' dir='ltr'>ὲπισκΰπνξ</span> 
     </span>
    </p>
   </div>
   <div class='ocr_carea' id='block_1_112' title="bbox 2250 5120 3810 5200">
    <p class='ocr_par' dir='ltr' id='par_1_112' title="bbox 2250 5120 3810 5200">
     <span class='ocr_line' id='line_1_112' title="bbox 2250 5120 3810 5200; baseline 0.004 -26"><span class='ocrx_word' id='word_1_839' title='bbox 2250 5126 2349 5192; x_wconf 79' lang='grc' dir='ltr'>τῆς</span> <span class='ocrx_word' id='word_1_840' title='bbox 2379 5124 2587 5188; x_wconf 87' lang='grc' dir='ltr'>πόλεως</span> <span class='ocrx_word' id='word_1_841' title='bbox 2634 5127 2692 5179; x_wconf 79' lang='grc' dir='ltr'>ὲν</span> <span class='ocrx_word' id='word_1_842' title='bbox 2810 5129 2978 5191; x_wconf 87' lang='grc' dir='ltr'>οἰκεῖ,</span> <span class='ocrx_word' id='word_1_843' title='bbox 3032 5128 3126 5180; x_wconf 74' lang='grc' dir='ltr'>καὶ</span> <span class='ocrx_word' id='word_1_844' title='bbox 3172 5128 3237 5179; x_wconf 78' lang='grc' dir='ltr'>δι’</span> <span class='ocrx_word' id='word_1_845' title='bbox 3269 5130 3451 5183; x_wconf 78' lang='grc' dir='ltr'>αὑτοῦ</span> <span class='ocrx_word' id='word_1_846' title='bbox 3505 5128 3810 5200; x_wconf 66' lang='grc' dir='ltr'>μοναστηρίῳ</span> 
     </span>
    </p>
   </div>
   <div class='ocr_carea' id='block_1_113' title="bbox 2251 5216 3810 5293">
    <p class='ocr_par' dir='ltr' id='par_1_113' title="bbox 2251 5216 3810 5293">
     <span class='ocr_line' id='line_1_113' title="bbox 2251 5216 3810 5293; baseline 0.004 -26"><span class='ocrx_word' id='word_1_847' title='bbox 2251 5216 2579 5285; x_wconf 75' lang='grc' dir='ltr'>ἐμϐάλλεται</span> <span class='ocrx_word' id='word_1_848' title='bbox 2613 5218 2790 5270; x_wconf 75' lang='grc' dir='ltr'>πᾶσαν</span> <span class='ocrx_word' id='word_1_849' title='bbox 2820 5220 2918 5289; x_wconf 80' lang='grc' dir='ltr'>τὴν</span> <span class='ocrx_word' id='word_1_850' title='bbox 2953 5217 3099 5289; x_wconf 75' lang='grc' dir='ltr'>ζωὴν</span> <span class='ocrx_word' id='word_1_851' title='bbox 3131 5221 3317 5291; x_wconf 66' lang='grc' dir='ltr'>αὐτῆς·</span> <span class='ocrx_word' id='word_1_852' title='bbox 3355 5227 3461 5276; x_wconf 78' lang='grc' dir='ltr'><strong>καὶ</strong></span> <span class='ocrx_word' id='word_1_853' title='bbox 3511 5226 3561 5275; x_wconf 86' lang='grc' dir='ltr'><strong>εί</strong></span> <span class='ocrx_word' id='word_1_854' title='bbox 3591 5223 3684 5293; x_wconf 79' lang='grc' dir='ltr'><strong>μὲν</strong></span> <span class='ocrx_word' id='word_1_855' title='bbox 3729 5223 3810 5287; x_wconf 61' lang='grc' dir='ltr'><strong>ἔχε’</strong></span> 
     </span>
    </p>
   </div>
   <div class='ocr_carea' id='block_1_114' title="bbox 2253 5306 3810 5379">
    <p class='ocr_par' dir='ltr' id='par_1_114' title="bbox 2253 5306 3810 5379">
     <span class='ocr_line' id='line_1_114' title="bbox 2253 5306 3810 5379; baseline 0.001 -22"><span class='ocrx_word' id='word_1_856' title='bbox 2253 5306 2470 5369; x_wconf 86' lang='grc' dir='ltr'>παῖδας,</span> <span class='ocrx_word' id='word_1_857' title='bbox 2513 5306 2577 5358; x_wconf 81' lang='grc' dir='ltr'>τὸ</span> <span class='ocrx_word' id='word_1_858' title='bbox 2608 5307 2849 5377; x_wconf 86' lang='grc' dir='ltr'>δίμοιρον</span> <span class='ocrx_word' id='word_1_859' title='bbox 2882 5308 3045 5379; x_wconf 86' lang='grc' dir='ltr'>μέρος</span> <span class='ocrx_word' id='word_1_860' title='bbox 3078 5313 3175 5379; x_wconf 83' lang='grc' dir='ltr'>τῆς</span> <span class='ocrx_word' id='word_1_861' title='bbox 3204 5312 3403 5375; x_wconf 77' lang='grc' dir='ltr'>οὐσίας</span> <span class='ocrx_word' id='word_1_862' title='bbox 3434 5314 3609 5379; x_wconf 70' lang='grc' dir='ltr'>αὐτῆς</span> <span class='ocrx_word' id='word_1_863' title='bbox 3637 5310 3810 5378; x_wconf 63' lang='grc' dir='ltr'>λαμίάο</span> 
     </span>
    </p>
   </div>
   <div class='ocr_carea' id='block_1_115' title="bbox 2252 5398 3811 5472">
    <p class='ocr_par' dir='ltr' id='par_1_115' title="bbox 2252 5398 3811 5472">
     <span class='ocr_line' id='line_1_115' title="bbox 2252 5398 3811 5472; baseline -0.001 -20"><span class='ocrx_word' id='word_1_864' title='bbox 2252 5416 2418 5453; x_wconf 77' lang='grc' dir='ltr'>νουσιο</span> <span class='ocrx_word' id='word_1_865' title='bbox 2448 5399 2506 5452; x_wconf 84' lang='grc' dir='ltr'><strong>τδ</strong></span> <span class='ocrx_word' id='word_1_866' title='bbox 2529 5399 2585 5451; x_wconf 81' lang='grc' dir='ltr'>δὲ</span> <span class='ocrx_word' id='word_1_867' title='bbox 2609 5400 2810 5468; x_wconf 84' lang='grc' dir='ltr'>τρίτον,</span> <span class='ocrx_word' id='word_1_868' title='bbox 2843 5400 2902 5451; x_wconf 75' lang='grc' dir='ltr'>τὸ</span> <span class='ocrx_word' id='word_1_869' title='bbox 2935 5404 3316 5472; x_wconf 84' lang='grc' dir='ltr'>μοναστήριον·</span> <span class='ocrx_word' id='word_1_870' title='bbox 3353 5406 3405 5457; x_wconf 81' lang='grc' dir='ltr'><strong>εί</strong></span> <span class='ocrx_word' id='word_1_871' title='bbox 3441 5403 3502 5457; x_wconf 73' lang='grc' dir='ltr'><strong>ἑὲ</strong></span> <span class='ocrx_word' id='word_1_872' title='bbox 3530 5402 3714 5459; x_wconf 70' lang='grc' dir='ltr'>παῖδας</span> <span class='ocrx_word' id='word_1_873' title='bbox 3740 5398 3811 5451; x_wconf 65' lang='grc' dir='ltr'>οὖν</span> 
     </span>
    </p>
   </div>
   <div class='ocr_carea' id='block_1_116' title="bbox 2251 5491 3811 5565">
    <p class='ocr_par' dir='ltr' id='par_1_116' title="bbox 2251 5491 3811 5565">
     <span class='ocr_line' id='line_1_116' title="bbox 2251 5491 3811 5565; baseline -0.002 -20"><span class='ocrx_word' id='word_1_874' title='bbox 2251 5492 2363 5563; x_wconf 74' lang='grc' dir='ltr'>ἔχει</span> <span class='ocrx_word' id='word_1_875' title='bbox 2400 5491 2536 5546; x_wconf 80' lang='grc' dir='ltr'>ἀλλὰ</span> <span class='ocrx_word' id='word_1_876' title='bbox 2570 5495 2767 5559; x_wconf 85' lang='grc' dir='ltr'>γονεῖς,</span> <span class='ocrx_word' id='word_1_877' title='bbox 2811 5492 2871 5544; x_wconf 83' lang='grc' dir='ltr'>τὸ</span> <span class='ocrx_word' id='word_1_878' title='bbox 2920 5491 3162 5562; x_wconf 83' lang='grc' dir='ltr'>δίμοιρον</span> <span class='ocrx_word' id='word_1_879' title='bbox 3196 5493 3406 5548; x_wconf 82' lang='grc' dir='ltr'>δίδοται</span> <span class='ocrx_word' id='word_1_880' title='bbox 3459 5496 3539 5564; x_wconf 82' lang='grc' dir='ltr'>τῷ</span> <span class='ocrx_word' id='word_1_881' title='bbox 3577 5507 3811 5565; x_wconf 72' lang='grc' dir='ltr'>μονιστη·</span> 
     </span>
    </p>
   </div>
   <div class='ocr_carea' id='block_1_117' title="bbox 2253 5582 3804 5656">
    <p class='ocr_par' dir='ltr' id='par_1_117' title="bbox 2253 5582 3804 5656">
     <span class='ocr_line' id='line_1_117' title="bbox 2253 5582 3804 5656; baseline -0.002 -21"><span class='ocrx_word' id='word_1_882' title='bbox 2253 5587 2354 5655; x_wconf 83' lang='grc' dir='ltr'>ρίῳ</span> <span class='ocrx_word' id='word_1_883' title='bbox 2378 5600 2391 5612; x_wconf 73' lang='grc' dir='ltr'><strong>ο</strong></span> <span class='ocrx_word' id='word_1_884' title='bbox 2424 5582 2518 5635; x_wconf 76' lang='grc' dir='ltr'><strong>καὶ</strong></span> <span class='ocrx_word' id='word_1_885' title='bbox 2560 5583 2620 5634; x_wconf 73' lang='grc' dir='ltr'>τὸ</span> <span class='ocrx_word' id='word_1_886' title='bbox 2657 5586 2877 5655; x_wconf 61' lang='grc' dir='ltr'>τρίτον,</span> <span class='ocrx_word' id='word_1_887' title='bbox 2898 5585 3008 5645; x_wconf 84' lang='grc' dir='ltr'>τοῖς</span> <span class='ocrx_word' id='word_1_888' title='bbox 3042 5583 3325 5651; x_wconf 75' lang='grc' dir='ltr'><strong>γονεῦσιν⁸</strong></span> <span class='ocrx_word' id='word_1_889' title='bbox 3371 5588 3425 5637; x_wconf 75' lang='grc' dir='ltr'>εἰ</span> <span class='ocrx_word' id='word_1_890' title='bbox 3459 5588 3540 5656; x_wconf 77' lang='grc' dir='ltr'>μὴ</span> <span class='ocrx_word' id='word_1_891' title='bbox 3570 5584 3659 5638; x_wconf 83' lang='grc' dir='ltr'>ὑπ’</span> <span class='ocrx_word' id='word_1_892' title='bbox 3687 5583 3804 5644; x_wconf 76' lang='grc' dir='ltr'>ἑξου·</span> 
     </span>
    </p>
   </div>
   <div class='ocr_carea' id='block_1_118' title="bbox 2254 5673 3809 5749">
    <p class='ocr_par' dir='ltr' id='par_1_118' title="bbox 2254 5673 3809 5749">
     <span class='ocr_line' id='line_1_118' title="bbox 2254 5673 3809 5749; baseline -0.001 -23"><span class='ocrx_word' id='word_1_893' title='bbox 2254 5675 2374 5729; x_wconf 84' lang='grc' dir='ltr'>σίαν</span> <span class='ocrx_word' id='word_1_894' title='bbox 2400 5673 2569 5743; x_wconf 80' lang='grc' dir='ltr'>αὐτὴν</span> <span class='ocrx_word' id='word_1_895' title='bbox 2596 5673 2816 5744; x_wconf 71' lang='grc' dir='ltr'>ἔχοντες</span> <span class='ocrx_word' id='word_1_896' title='bbox 2845 5675 2921 5746; x_wconf 83' lang='grc' dir='ltr'>τῷ</span> <span class='ocrx_word' id='word_1_897' title='bbox 2949 5675 3130 5747; x_wconf 80' lang='grc' dir='ltr'>ἀλόγῳ</span> <span class='ocrx_word' id='word_1_898' title='bbox 3176 5676 3459 5749; x_wconf 78' lang='grc' dir='ltr'>ρεπουδίῳ</span> <span class='ocrx_word' id='word_1_899' title='bbox 3504 5676 3809 5747; x_wconf 75' lang='grc' dir='ltr'>συνῄνεσαν,</span> 
     </span>
    </p>
   </div>
  </div>
