3980 6396
168 336 287 405 841

1005 339 1407 404 SYNTAGMA
1444 339 1834 404 CANONUM.
1859 363 1925 375 -
1952 338 2100 403 TlT.
2141 340 2251 416 XI,
2294 341 2455 404 CAP.
2494 342 2549 402 Ι.

3359 341 3472 410 842

169 451 310 507 τότε
335 451 448 524 γάρ
473 451 652 508 πάντα
668 451 746 524 τῷ
765 455 1117 525 μοναστηρὶῳ
1140 453 1571 525 προσκυροῦταιο
1592 454 1782 524 ὥσπερ

1884 453 2030 506 enim
2071 452 2256 508 omnia
2304 452 2638 508 monasterio
2685 453 3065 526 applicantur,
3109 459 3470 527 quemadmo-

168 542 276 598 καὶ
305 545 403 598 ὅτε
443 545 581 616 μήτε
613 543 808 609 παῖδας
837 585 852 612 ,
887 545 1027 617 μήτε
1057 546 1293 617 γονεῖςή
1328 543 1467 617 γυνὴ
1495 544 1630 616 ἔχει.

244 730 371 786 Καὶ
397 733 434 804 ἡ
458 729 502 803 β’
531 732 674 786 διάτ.
705 730 798 786 τοῦ
830 737 878 786 α’
907 730 1013 786 τίτ.
1042 731 1152 786 τῶν
1183 730 1413 803 Νεαρῶν
1443 749 1632 802 φησιν,
1657 734 1770 798 ὃτι,

164 823 430 890 Δούλου,
471 823 504 894 ἢ
549 824 935 896 ὲναπογράφου
982 823 1125 877 κατά
1173 825 1270 895 τὴν
1302 823 1568 890 διάστιξιν
1603 825 1774 896 αὐτῆς

167 916 522 984 μονάζοντος
544 956 558 979 ,
590 915 660 968 τά
687 915 993 984 πράγματα
1025 914 1168 984 άπερ
1208 915 1288 977 εἰς
1316 913 1378 965 τὸ
1408 914 1772 985 μοναστὴριον

163 1007 386 1076 ἤγαγε,
431 1005 700 1076 λαμϐάνει
748 1007 777 1059 6
823 1004 1122 1075 δεσπότης·
1170 1004 1233 1058 οὐ
1281 1005 1503 1076 μένουσι
1551 1005 1609 1060 δὲ
1655 1005 1772 1076 ἆμα

167 1099 423 1169 μοναχοὶ
467 1099 562 1152 καὶ
607 1097 964 1169 μονάστριαι,
992 1097 1109 1151 ἀλλ’
1135 1097 1184 1150 ol
1214 1097 1406 1169 ἄνδρες
1440 1099 1520 1163 εις
1553 1098 1772 1169 ἐτέρους

165 1189 548 1259 μεθίστανται
574 1188 811 1254 τόπους,
847 1186 943 1240 καὶ
983 1186 1317 1258 διαιροῦνται
1360 1188 1440 1250 εἰς
1464 1187 1663 1250 αὐτοὺς
1704 1187 1774 1242 τά

166 1279 499 1350 πράγματα
543 1277 680 1350 πρὸς
706 1279 766 1331 τὸ
803 1276 1042 1349 ἁρμόζον
1074 1278 1258 1341 αὐτοῖς
1285 1277 1515 1331 δίκαιον·
1544 1281 1572 1332 6
1597 1278 1653 1332 δὲ
1684 1277 1774 1348 βε·-

163 1370 504 1442 6αρημένος
546 1370 770 1442 ληγάτῳ
813 1371 848 1440 ἢ
895 1368 1380 1435 άποκαταστάσει,
1413 1369 1518 1422 ὑπὸ
1559 1369 1772 1440 αἵρεσιν

161 1463 367 1533 γάμου
395 1462 431 1533 ἢ
460 1462 716 1525 ἀπαιδίας
739 1502 753 1527 ,
786 1461 820 1531 ἦ
845 1460 940 1516 ἐὰν
969 1459 1115 1515 οὕτω
1152 1460 1370 1532 δωρηθῇ
1400 1461 1431 1531 ἢ
1472 1460 1601 1534 ἔλθῃ
1631 1462 1769 1527 τινὶ,

163 1552 269 1606 καὶ
305 1555 547 1624 γένηται
583 1553 817 1624 μοναχὺς
849 1553 881 1624 ἢ
924 1553 1221 1623 άσκήτρια,
1259 1552 1544 1607 σϐέννυται
1574 1555 1607 1623 ἡ
1641 1553 1774 1607 ἀπο-

163 1646 533 1708 κατάστασις
555 1661 570 1676 °
613 1645 717 1701 κᾶν
773 1645 879 1716 γὰρ
908 1643 1017 1698 τῶν
1051 1645 1432 1717 μοναστηρίων
1457 1645 1769 1714 ὲξέλθωσιν,

158 1737 334 1806 ὅμως
364 1737 439 1790 τά
481 1736 709 1790 τοιαῦτα
741 1738 1045 1808 πράγματα
1080 1738 1220 1808 μετὰ
1249 1738 1359 1792 τῶν
1381 1738 1558 1793 ἄλλων
1593 1739 1772 1793 αὐτῶν

1878 541 2006 597 dum
2052 544 2217 597 etiam
2264 543 2486 614 quando
2524 558 2703 615 neque
2747 545 2949 601 liberos
2997 562 3174 617 neque
3211 563 3466 620 parentes

1879 633 2083 687 mulier
2114 634 2296 688 habet.

1951 721 2168 779 Textus.
2204 726 2270 781 Et
2300 737 2475 782 const.
2509 727 2568 791 2,
2601 728 2685 782 tit.
2719 727 2744 782 1
2778 725 3126 784 Novellarum
3170 731 3283 786 ait:
3325 730 3463 788 Cum

1875 830 2067 871 servus
2091 825 2183 870 aut
2206 818 2539 887 ascriptitius
2566 820 2864 874 secundum
2891 820 3033 876 hanc
3056 820 3466 880 distinctionem

1877 909 2181 965 monachus
2237 909 2416 967 factus
2451 909 2637 980 fuerit,
2679 928 2766 968 res
2799 928 2938 983 quas
2968 915 3024 969 in
3069 918 3466 972 monasterium

1875 1002 2139 1067 attulerit,
2189 1001 2335 1071 capit
2378 1003 2652 1059 dominus.
2691 1003 2810 1059 Non
2846 1007 3166 1062 cohabitant
3208 1007 3465 1066 monachi

1874 1091 2037 1146 simul
2083 1098 2137 1144 et
2186 1093 2519 1168 monastriae.
2568 1093 2786 1164 Alioqui
2837 1094 2894 1149 in
2938 1096 3042 1149 alia
3075 1095 3193 1152 loca
3228 1097 3464 1154 transfe-

1875 1197 2072 1238 runtur
2101 1184 2237 1250 viri,
2269 1194 2323 1239 et
2351 1197 2438 1240 res
2475 1183 2839 1259 [communes]
2878 1188 3016 1243 inter
3063 1189 3211 1260 ipsos
3255 1205 3355 1260 pro
3397 1206 3464 1248 eo

1874 1285 2135 1345 quantum
2169 1277 2368 1346 cuique
2413 1277 2556 1348 juris
2606 1281 2867 1349 competit
2901 1280 3240 1338 dividuntur.
3280 1282 3337 1338 Si
3363 1282 3460 1354 qui

1874 1372 1977 1427 sub
2009 1372 2322 1427 conditione
2351 1373 2687 1428 matrimonii
2727 1383 2821 1428 aut
2849 1389 2957 1428 non
2982 1375 3458 1444 suscipiendorum

1873 1462 2196 1526 liberorum,
2239 1464 2416 1536 legato
2443 1464 2527 1519 vel
2559 1466 2909 1521 restitutione
2938 1476 3195 1538 gravatus
3229 1476 3330 1535 est,
3363 1477 3461 1523 aut

1875 1556 1921 1612 si
1955 1557 2045 1611 cui
2075 1557 2372 1628 quidquam
2428 1557 2532 1612 hac
2579 1558 2889 1614 conditione
2939 1559 3200 1614 donatum
3241 1570 3345 1626 est,
3389 1559 3460 1615 ad

1874 1665 2107 1722 quemve
2136 1649 2489 1724 [quidquam]
2522 1651 2848 1720 pervenerit,
2878 1652 3185 1708 monachus
3215 1661 3308 1708 aut
3337 1668 3461 1708 mo-

1875 1743 2086 1799 nastria
2132 1742 2245 1808 ﬁat,
2286 1743 2654 1813 exstinguitur
2699 1743 2993 1798 restitutio.
3057 1742 3195 1800 Nam
3245 1745 3460 1801 tametsi

159 1832 288 1892 τοῖς
322 1829 716 1899 μοναστηρίοις
753 1829 1037 1901 διαφέρεν
1075 1833 1124 1885 ει
1160 1831 1217 1886 δὲ
1242 1832 1335 1884 ἐπὶ
1361 1832 1659 1904 ἀναρῤύσει
1687 1834 1771 1886 αἰ-

1875 1833 2223 1889 monasteriis
2277 1809 2650 1906 [postmodum
2704 1832 2803 1906 illi]
2838 1834 3224 1906 egrediantur,
3268 1836 3462 1891 istius-

159 1919 513 1991 χμαλώτων,
542 1921 576 1991 ἢ
609 1923 890 1994 ἀποτροφῇ
919 1921 1176 1994 πτωχῶν,
1205 1924 1238 1994 ἡ
1263 1922 1489 1995 τοιαύτη
1528 1922 1771 1978 ὑπόστα-

159 2030 257 2077 σις
284 2013 550 2082 γένηται,
578 2011 636 2079 ἐξ
667 2011 881 2075 οὐδενὸς
914 2012 1357 2085 τῶνῗεῐρημὲνων
1389 2014 1606 2085 τρόπων
1635 2015 1772 2068 ἀπο-

158 2106 453 2160 κλείεται·
502 2104 598 2158 τοῦ
637 2104 902 2168 εἰσιόντος
943 2105 1023 2168 εἰς
1067 2107 1129 2159 τὸ
1177 2107 1565 2178 μοναστήριον,
1612 2106 1771 2179 ετπερ

154 2198 271 2251 οὐκ
325 2197 455 2269 ἔχει
509 2197 703 2261 παῖδας
728 2238 742 2260 ,
790 2196 862 2251 τά
911 2197 1216 2269 πράγματα.
1270 2197 1348 2268 τῷ
1423 2199 1772 2270 μοναστηρίῳ

155 2289 558 2361 διαφέρουσιν·
604 2290 654 2342 εἰ
701 2288 758 2343 δὲ
799 2289 994 2352 παῖδας
1031 2287 1181 2359 ἔχει,
1229 2290 1323 2342 καὶ
1373 2288 1434 2342 οὗ
1469 2289 1771 2344 διετύπωσε

157 2383 305 2453 περὶ
360 2380 480 2434 τῶν
528 2380 692 2435 αὐτοῦ
748 2381 1092 2453 πραγμάτων
1128 2381 1260 2451 πρὶν
1307 2379 1556 2451 εἰσέλθῃ,
1585 2381 1772 2435 ἄδειαν

154 2475 284 2546 ἔχει
323 2475 432 2528 καὶ
477 2474 614 2544 μετὰ
657 2472 831 2527 ταῦτα
860 2472 1154 2527 διατυποῦν
1181 2488 1197 2505 ⁶
1234 2473 1330 2526 καὶ
1357 2473 1417 2525 οὐ
1451 2472 1674 2527 δύναται
1710 2469 1772 2525 τὸ

155 2569 416 2639 νόμιμον
449 2567 617 2638 μέρος
641 2566 848 2638 μειοῦν,
882 2567 977 2620 καὶ
999 2565 1179 2637 ἑαυτῷ
1203 2565 1261 2619 δὲ
1291 2565 1551 2636 φυλάττει
1582 2565 1771 2631 παιδὸς

157 2659 288 2723 ἑνὸς
321 2658 649 2728 ἀναλογίαν,
680 2658 1002 2727 ὀφείλουσαν
1033 2657 1111 2729 τῷ
1148 2658 1499 2729 μοναστηρίῳ
1529 2675 1772 2731 προσκυ-

159 2752 470 2824 ρωθῆναιο
512 2753 560 2805 εἰ
595 2753 652 2806 δὲ
686 2753 1000 2824 τελευτήσει
1031 2755 1091 2808 ὲν
1128 2752 1205 2824 τῷ
1254 2754 1603 2825 μοναστηρίῳ
1638 2754 1771 2825 πρὶν

157 2844 387 2915 ποιήσῃ
439 2843 539 2914 τὴν
582 2843 936 2910 διατύπωσιν,
975 2844 1036 2897 τὸ
1073 2844 1170 2915 μὲν
1207 2843 1437 2915 νόμιμον
1482 2845 1533 2896 οι
1581 2844 1772 2908 παῖδες

156 2934 526 3005 λαμϐάνουσι
549 2974 564 3000 ,
593 2935 662 2989 τά
683 2935 740 2988 δὲ
762 2934 929 2988 λοιπὰ
957 2933 1017 2989 τὸ
1045 2935 1430 3006 μοναστήριονο
1459 2935 1635 2998 οὐδεὶς
1661 2933 1770 2989 τῶν

159 3027 520 3099 μνηστήρων
554 3027 822 3098 προφάσει
849 3027 956 3081 τῶν
986 3027 1323 3098 ἀῤῥαϐώνων
1352 3025 1645 3099 ζημιοῦται
1676 3043 1772 3099 μο-

160 3120 384 3184 νάζων·
415 3121 511 3172 καὶ
531 3121 559 3173 6
591 3120 766 3191 γάμος
788 3119 853 3172 ὲκ
878 3118 973 3173 τοῦ
995 3119 1182 3174 λαϐεῖν
1201 3119 1299 3174 ἕνα
1327 3120 1435 3173 τῶν
1463 3119 1771 3174 συνοικούνο

155 3225 278 3263 των
312 3208 379 3261 τὸ
417 3209 708 3279 μοναχιχδν
745 3208 965 3280 σχῆμα,
1001 3208 1185 3265 λύεται
1233 3210 1404 3282 χωρὶς
1437 3210 1765 3283 ρεπουδὶου,

156 3301 266 3356 καὶ
322 3299 707 3372 ἀναλαμϐάνει
753 3303 788 3372 ἡ
842 3303 978 3372 γυνὴ
1023 3301 1122 3374 τὴν
1171 3306 1376 3375 προῖκα
1410 3305 1600 3359 καὶτὰ
1632 3305 1768 3359 ἄλλα

156 3393 354 3464 αὐτῆς
387 3394 710 3465 πράγματα’
739 3393 818 3464 τῷ
847 3393 904 3446 δὲ
933 3394 1008 3464 μὴ
1038 3393 1336 3463 μονάσαντι
1370 3395 1431 3450 τὸ
1456 3397 1563 3450 ἀπὸ
1591 3395 1770 3450 τελευ-

155 3486 272 3556 τῆς
323 3485 691 3555 συμφωνηθὲν
722 3483 911 3557 κέρδος
954 3486 1186 3557 ἁρμόζει
1210 3501 1225 3518 ⁸
1273 3487 1322 3540 εἰ
1355 3486 1411 3540 δὲ
1440 3488 1556 3558 ἅμα
1586 3488 1636 3542 οἱ
1675 3487 1769 3543 δύο

155 3577 548 3640 ἀποτάξονται
572 3615 588 3640 ,
616 3575 789 3637 οὐδεὶς
815 3576 993 3630 αὐτῶν
1021 3578 1084 3629 ἐκ
1112 3575 1205 3629 τοῦ
1234 3576 1422 3649 ἑτέρου
1452 3578 1764 3651 κερδαίνει,

156 3671 217 3724 ei
255 3668 342 3742 μὴ
373 3667 518 3722 ἑκών
543 3685 626 3732 τις
653 3667 730 3741 τῷ
752 3668 923 3741 ἑτέρῳ
946 3668 1271 3741 δωρήσεται.

257 3948 335 4001 Ἥ
362 3945 425 4000 δὲ
461 3957 591 4018 περι
621 3945 1008 4018 τοποτηρητῶν
1053 3946 1412 4019 διαλεγομένη
1444 3949 1548 4021 ρλδν
1595 3951 1768 4023 νεαρά

163 4057 377 4112 φησιν,
416 4038 535 4102 ὅτι,
582 4036 707 4089 Ἐάν
758 4036 895 4109 γυνὴ
947 4038 1040 4090 ἐπὶ
1096 4039 1312 4110 μοιχείᾳ
1354 4041 1761 4114 καταδικασθῇ,

159 4131 299 4192 ταῖς
350 4125 756 4198 προσηκούσαις
805 4127 1043 4196 πληγαῖς
1096 4127 1550 4202 ὑποϐαλλομένη,
1602 4149 1767 4202 μονα-

165 4219 395 4292 σττιριῳ
425 4217 774 4288 ἐμϐάλλεται,
809 4221 902 4271 καὶ
927 4221 1111 4274 ἄδειαν
1137 4220 1248 4292 ἔχει
1279 4224 1307 4274 6
1333 4222 1471 4294 ἀνὴρ
1504 4223 1636 4278 εἴσω
1658 4226 1766 4278 διε-

163 4311 302 4372 τῐας
344 4309 515 4379 αὐτὴν
563 4309 876 4372 ἀναλαϐεῖν,
927 4310 1004 4381 μὴ
1040 4310 1417 4384 βλαπτομένου
1451 4314 1544 4366 τοῦ
1583 4316 1763 4386 γάμου

161 4404 240 4456 ἐκ
269 4401 386 4453 τῶν
418 4402 474 4452 ὲν
503 4399 580 4469 τῷ
619 4401 798 4469 μέσῳσ
838 4403 886 4454 εἰ
915 4403 972 4454 δὲ
1005 4403 1264 4472 παρέλθοι
1291 4407 1318 4458 6
1352 4405 1576 4476 χρόνος,
1607 4408 1640 4478 ἢ
1675 4425 1765 4461 τε-

1796 3169 1842 3231 C

1872 1925 2019 1979 modi
2067 1934 2248 1980 tamen
2303 1942 2393 1981 res
2426 1941 2551 1981 cum
2583 1926 2828 1996 ipsorum
2868 1926 2992 1982 aliis
3027 1926 3097 1981 ad
3131 1927 3461 1984 monasteria

1870 2018 2158 2088 pertinent.
2194 2016 2251 2072 Si
2294 2027 2474 2074 tamen
2505 2019 2572 2073 ad
2600 2019 3030 2090 redemptionem
3081 2022 3458 2090 captivorum,

1871 2118 1966 2164 aut
2008 2109 2399 2182 exhibitioneni
2455 2126 2758 2181 pauperum
2808 2111 3120 2167 istiusmodi
3184 2113 3459 2168 restitutio

1871 2205 2126 2256 mandata
2159 2201 2253 2265 sit,
2283 2202 2432 2256 nullo
2471 2203 2857 2270 preedictorum
2892 2203 3178 2258 modorum
3206 2203 3460 2259 excludi-

1871 2300 1980 2348 tur.
2025 2291 2159 2363 Ejus
2203 2295 2343 2349 bona
2376 2294 2468 2364 qui
2505 2294 2898 2354 monasterium
2943 2295 3134 2362 intrat,
3167 2295 3214 2351 si
3254 2295 3458 2352 liberos

1870 2400 1979 2440 non
2011 2385 2190 2452 habet,
2214 2384 2279 2439 ad
2307 2387 2700 2442 monasterium
2731 2387 3023 2458 pertinent.
3055 2386 3162 2443 Sed
3191 2387 3237 2442 si
3268 2386 3453 2452 habet,

1871 2490 1973 2531 nec
2037 2476 2103 2531 de
2167 2477 2334 2532 rebus
2395 2476 2512 2533 suis
2571 2477 2894 2549 priusquam
2959 2479 3126 2533 intret
3191 2479 3452 2535 statuit:

1871 2566 2150 2623 statuendi
2177 2568 2528 2638 postmodum
2561 2567 2880 2625 facultatem
2916 2571 3098 2625 habet.
3126 2568 3244 2626 Non
3278 2579 3460 2642 potest

1871 2665 2052 2712 autem
2090 2657 2339 2714 minuere
2367 2657 2688 2730 legitimam.
2717 2655 2836 2713 Sibi
2863 2673 2994 2713 vero
3029 2658 3194 2714 unius
3216 2657 3458 2714 ﬁliorum

1872 2749 2177 2820 portionem
2210 2760 2416 2816 servat,
2451 2764 2574 2820 quae
2604 2747 2938 2805 monasterio
2967 2748 3231 2819 applicari
3272 2746 3456 2804 debet.

1871 2842 2026 2910 Quod
2056 2844 2102 2898 si
2141 2843 2461 2915 priusquam
2500 2841 2916 2913 dispositionem
2953 2839 3140 2906 faciat,
3170 2841 3225 2895 in
3261 2854 3458 2894 mona-

1871 2935 2041 2992 Sterio
2077 2935 2304 2990 decedat
2332 2973 2348 3001 ,
2385 2935 2679 3005 legitimam
2710 2933 2866 2988 liberi
2899 2932 3141 3003 capiunt,
3172 2932 3458 2988 residuum

1871 3043 2000 3082 vero
2028 3025 2658 3084 mouasterium.Nullus
2680 3042 2917 3096 sponsus
2946 3026 3233 3082 occasione
3262 3026 3457 3081 arrha-

1871 3131 1994 3171 rum
2018 3117 2366 3188 dispendium
2389 3115 2538 3182 facit,
2565 3115 2609 3170 si
2637 3116 2801 3170 vitam
2820 3115 3179 3170 monasticam
3204 3114 3456 3184 suscipit.

1875 3208 2091 3283 [Porro]
2116 3211 2529 3266 matrimonium
2553 3208 2740 3273 etiam,
2768 3223 2893 3263 cum
2930 3207 3068 3262 alter
3108 3203 3453 3278 [conjugum]

1875 3301 2250 3356 monachalem
2293 3301 2541 3355 habitum
2593 3299 2782 3366 sumit,
2832 3299 2968 3353 citra
3003 3297 3290 3367 repudium
3321 3296 3458 3351 diri-

1874 3395 2042 3448 mitur
2090 3413 2103 3449 :
2145 3404 2200 3450 et
2243 3395 2440 3451 mulier
2497 3395 2678 3450 dotem
2737 3395 2984 3464 aliasque
3043 3408 3176 3449 suas
3216 3407 3304 3448 res
3367 3405 3456 3448 re-

1873 3486 2024 3556 cipit.
2055 3483 2256 3540 Verum
2310 3486 2404 3557 qui
2464 3485 2520 3540 in
2567 3484 2962 3540 monasterium
3010 3499 3120 3539 non
3160 3482 3454 3554 concedit,

1871 3579 1920 3634 ei
1949 3578 2162 3633 lucrum
2208 3577 2356 3648 quod
2402 3578 2457 3633 in
2499 3585 2730 3633 mortem
2783 3586 3004 3647 pactum
3044 3584 3131 3632 est
3172 3576 3452 3646 competit.

1871 3670 2038 3725 Plane
2083 3670 2130 3726 si
2181 3671 2342 3725 ambo
2387 3668 2698 3744 [mundum]
2751 3668 2917 3741 358
2954 3669 3136 3723 valere
3159 3667 3450 3738 jusserint,

1873 3773 2064 3820 neuter
2110 3765 2179 3819 ab
2225 3764 2402 3820 altero
2452 3761 2800 3837 [quidquam]
2855 3763 2992 3817 lucri
3032 3762 3216 3828 sentit,
3267 3761 3372 3816 nisi
3402 3759 3453 3816 si

1871 3865 2065 3927 Sponte
2100 3858 2234 3911 alter
2263 3857 2420 3912 alteri
2445 3855 2700 3929 [aliquid]
2736 3857 2922 3912 donet.

1944 3945 2158 4002 Texlus.
2187 3947 2320 4014 Quae
2341 3948 2408 4003 de
2450 3949 2669 4003 vicariis
2700 3948 2919 4004 disserit
2949 3947 3168 4003 constit.
3197 3945 3300 4002 154
3323 3946 3400 4004 ait
3429 3962 3450 4004 :

1872 4035 1929 4093 Si
1964 4039 2158 4093 mulier
2191 4039 2442 4094 adulterii
2486 4039 2847 4094 condemnata
2891 4038 2982 4101 sit,
3013 4039 3450 4108 competentibus

1869 4131 2086 4185 subdita
2119 4133 2296 4200 poenis
2332 4133 2386 4186 in
2419 4133 2813 4186 monasterium
2847 4131 3154 4200 conjicitur.
3194 4129 3454 4185 Potesta-

1872 4235 1976 4281 tcm
2008 4237 2191 4281 autem
2220 4228 2451 4282 maritus
2486 4229 2671 4293 habet,
2710 4236 2767 4281 ut
2800 4228 2946 4280 illam
2984 4227 3123 4280 intra
3168 4209 3462 4282 biennium

1869 4316 2135 4385 recipiat:
2181 4332 2359 4387 neque
2403 4332 2498 4386 per
2532 4333 2595 4372 ea
2623 4331 2743 4386 qua:
2786 4316 2964 4370 medio
2997 4324 3239 4385 tempore
3280 4315 3450 4388 [facta

1869 4406 2040 4480 sunt,]
2096 4409 2503 4464 matrimonium
2550 4408 2778 4463 laeditur.
2831 4407 2937 4461 Sed
2981 4407 3024 4462 si
3078 4405 3178 4480 [id]
3231 4416 3454 4477 tempus

162 4491 438 4561 λευτήσει
479 4490 554 4561 μὴ
597 4490 885 4544 ἀναλαϐὼν
927 4493 1120 4564 αὐτὴν,
1155 4494 1216 4547 τὸ
1251 4496 1436 4566 σχῆμα
1470 4497 1759 4568 λαμϐάνει’

1873 4507 2173 4566 praetereat,
2205 4507 2301 4550 aut
2337 4514 2443 4550 non
2473 4505 2690 4565 recepta
2722 4496 2812 4550 illa
2857 4494 3129 4568 [maritus]
3176 4497 3444 4562 decedat,

163 4588 270 4642 καὶ
300 4587 350 4639 εἰ
379 4585 480 4656 μὲν
505 4584 618 4655 ἔχει
653 4586 869 4652 παῖδας,
900 4586 1238 4658 λαμϐάνουσι
1260 4590 1358 4652 τὰς
1379 4590 1523 4644 ὀκτὼ
1549 4592 1761 4661 όγγίας,

164 4678 273 4733 καὶ
301 4677 367 4729 τὸ
392 4676 752 4747 μοναστήριον
774 4676 872 4740 τὰς
899 4675 961 4730 δ’·
987 4680 1034 4731 εἰ
1064 4679 1120 4730 δὲ
1156 4682 1347 4750 μόνους
1371 4682 1621 4747 ἀνιόντας
1651 4684 1765 4754 ἔχει

169 4769 253 4843 μὴ
286 4768 736 4839 συνεργήσαντας
785 4769 863 4840 τῷ
899 4771 1211 4842 άτοπήματι
1236 4815 1250 4840 ,
1283 4775 1621 4845 λαμϐάνουσι
1664 4780 1764 4842 τάς

158 4857 209 4912 δ’
242 4858 450 4925 ὀγγίας
473 4896 488 4918 ,
525 4859 618 4909 καὶ
650 4858 710 4909 τὸ
749 4862 1108 4930 μοναστήριον
1146 4863 1244 4926 τὰς
1278 4869 1350 4934 η’⁶
1382 4866 1430 4917 εἰ
1469 4866 1524 4919 δὲ
1557 4868 1763 4939 συνήρ-

161 4963 360 5017 γησαν
392 4945 426 5016 ἦ
461 4946 537 5018 μὴ
562 4948 618 5000 δὲ
644 4948 780 5012 ὅλως
812 4951 947 5004 εἰσὶν
970 4953 1266 5025 ἀνιόντεςῆ
1300 4958 1600 5024 κατιόντες,
1634 4960 1764 5030 λαμ·

159 5039 334 5093 δάνει
367 5037 545 5090 πάντα
579 5038 639 5092 τὸ
668 5044 1050 5115 μοναστήριον,
1091 5046 1199 5098 τῶν
1230 5047 1288 5097 ὲν
1320 5051 1434 5111 τοῖς
1471 5051 1763 5123 προικῲοις

164 5129 496 5202 συμφώνων
535 5131 629 5183 ἐπὶ
675 5134 890 5187 πάντων
935 5136 1042 5191 τῶν
1074 5137 1328 5207 θεμάτων
1366 5141 1446 5210 τῷ
1479 5143 1633 5213 ἀνδρὶ
1662 5162 1762 5213 φυ-

163 5222 553 5293 λαττομένων·
596 5223 690 5274 ἐὰν
722 5224 779 5276 δέ
818 5243 900 5287 τις
932 5227 1024 5280 ἐπὶ
1071 5230 1292 5302 μοιχείᾳ
1326 5234 1760 5304 κατηγορηθεὶς,

162 5320 268 5373 καὶ
313 5317 460 5370 κατά
507 5315 796 5387 προδοσίαν
831 5318 925 5371 τοῦ
955 5321 1210 5377 δικαστοῦ
1235 5366 1248 5388 ,
1279 5324 1312 5394 ἢ
1352 5325 1546 5396 ἑτέραν
1584 5327 1764 5381 αἰτίαν

161 5412 457 5477 ἀποφύγοι
492 5409 592 5471 τὰς
621 5410 833 5473 ποινάς,
870 5413 964 5463 καὶ
991 5416 1131 5483 μετὰ
1159 5414 1334 5471 ταῦτα
1359 5417 1562 5482 ζῶντος
1674 5438 1764 5473 τε-

162 5501 544 5569 λευτήσαντος
590 5497 685 5551 τοῦ
731 5500 919 5570 ἀνδρὸς
952 5504 1145 5574 αὐτῆς,
1177 5508 1416 5578 αἰσχρῶς
1445 5510 1581 5580 αὐτῇ
1627 5527 1755 5564 συν-

162 5590 668 5661 αναστρὲφηται,ἢ
702 5591 835 5662 πρὸς
866 5593 1042 5665 γάμον
1069 5600 1238 5670 αὐτὴν
1268 5601 1428 5677 λάϐῃ,
1458 5602 1580 5657 οὔτε
1605 5608 1632 5659 6
1661 5605 1762 5674 γά.-

165 5705 278 5759 μος
314 5687 573 5759 ἑρῤωται,
609 5683 724 5736 ἀλλ’
753 5686 781 5737 6
811 5686 910 5755 μὲν
935 5689 1073 5762 ἀνὴρ
1097 5691 1171 5756 ὡς
1209 5697 1394 5768 μοιχὸς
1429 5698 1532 5752 ὑπὸ
1563 5700 1762 5764 παντὸς

158 5783 443 5853 ἄρχοντος
477 5777 786 5842 κολάζεται,
823 5783 852 5849 ἡ
885 5781 940 5833 δὲ
987 5787 1126 5856 γυνὴ
1167 5793 1608 5865 σωφρονιζομένη
1654 5798 1756 5867 ἐμ-

506 5874 774 5933 Parnm.
820 5878 932 5934 (in.
982 5881 1049 5944 ut
1065 5881 1138 5942 γ.

1869 4593 2100 4645 assumit
2132 4592 2376 4647 habitum
2403 4608 2416 4644 :
2457 4602 2512 4646 et
2545 4592 2591 4645 si
2631 4590 2850 4661 quidem
2877 4591 3078 4644 liberos
3106 4589 3288 4654 habet,
3323 4601 3448 4645 octo

1866 4680 1989 4754 [illi]
2026 4685 2214 4738 uncias
2254 4683 2498 4752 capiunt,
2543 4682 2937 4737 monasterium
2974 4697 3155 4734 autem
3187 4690 3447 4752 quatuOr,

1864 4778 1945 4830 sin
1983 4777 2335 4830 ascendentes
2367 4776 2650 4839 duntaxat,
2686 4775 2774 4844 qui
2806 4775 2871 4829 ad
2907 4775 3066 4829 istam
3095 4775 3447 4833 insolentiam

1864 4882 2022 4937 opem
2076 4882 2182 4920 non
2232 4867 2474 4932 tulerint,
2510 4867 2731 4936 capiunt
2774 4865 2898 4940 [illi]
2946 4867 3135 4924 uncias
3184 4855 3457 4939 quatuor.‘

1866 4957 2259 5014 monasterium
2288 4967 2468 5012 autem
2498 4966 2642 5012 octo.
2679 4958 2785 5012 Sed
2812 4959 2855 5012 si
2886 4974 3044 5029 opem
3080 4959 3320 5025 tulerint,
3351 4969 3447 5015 aut

1864 5050 2086 5104 omnino
2113 5050 2241 5103 nulli
2276 5064 2450 5118 neque
2471 5050 2825 5104 ascendentes
2855 5066 3030 5121 neque
3055 5051 3445 5106 descendentes

1867 5143 2109 5205 lin-rint,
2163 5142 2556 5195 monasterium
2609 5141 2793 5196 omnia
2863 5143 3110 5215 percipit.
3175 5142 3451 5221 [Interim

1866 5234 2068 5308 tamen]
2088 5251 2208 5304 quae
2228 5236 2280 5289 in
2301 5236 2634 5306 nuptialibus
2659 5237 3003 5306 pactionibus
3024 5234 3443 5308 [comprehensa

1864 5325 2048 5400 sunt.]
2114 5328 2170 5383 in
2227 5328 2484 5383 omnibus
2529 5328 2751 5384 casibus
2803 5331 2999 5384 marito
3054 5318 3451 5385 servabuntur;I

1864 5420 2017 5486 Quod
2042 5421 2087 5475 si
2110 5421 2236 5492 quis
2261 5422 2327 5476 de
2349 5421 2621 5477 adulterio
2646 5429 2937 5478 accusatus
2961 5437 3056 5491 per
3077 5419 3450 5491 proditionem"

1859 5515 2060 5585 judicis
2088 5517 2173 5571 vel
2210 5516 2373 5571 aliam
2407 5531 2627 5572 causam
2655 5532 2846 5586 pcenas
2876 5516 3148 5586 eﬂ‘ugerit,
3189 5525 3243 5572 et
3287 5525 3440 5588 pust-

1865 5615 2082 5667 niodnm
2111 5607 2240 5682 [vel]
2271 5611 2392 5664 vivo
2423 5610 2502 5664 vel
2535 5619 2751 5665 mortuo
2773 5610 3031 5667 adulteras
3061 5614 3280 5678 marito,
3313 5627 3438 5666 cum

1862 5706 1954 5762 illa
2020 5704 2248 5774 turpiter
2315 5711 2694 5765 conversetur,
2755 5713 2848 5756 aut
2902 5703 2955 5756 in
3027 5704 3436 5758 matrimonium

1864 5799 2036 5870 ipsam
2080 5795 2457 5864 assumpserit,
2495 5794 2904 5851 matrimonium
2954 5795 3161 5850 nullius
3193 5804 3279 5850 est
3312 5807 3436 5851 mo-

3001 5885 3082 5946 27
