3870 6290
572 335 677 400 843

573 448 793 507 menti:
839 458 1003 521 alque
1049 448 1101 507 vi
1151 450 1369 519 quidem
1440 466 1469 505 a
1517 451 1839 522 magistratu
1892 454 2144 524 punitur,

574 545 767 600 mulier
790 558 922 600 vero
948 546 1208 616 castigata
1246 552 1300 597 et
1332 552 1485 599 tonsa
1512 543 1566 598 in
1598 558 1759 599 omne
1785 545 1905 600 vitae
1932 558 2144 617 tempus

574 637 625 691 in
656 638 1047 692 monasterium
1088 636 1399 706 conjicitur.
1450 633 1793 709 [Utriusque]
1840 652 2018 693 autem
2059 655 2145 695 res

572 726 815 797 periculo
869 727 1183 797 (quomodo
1232 726 1435 781 dictum
1487 726 1609 797 est)
1648 728 1864 785 comitis
1912 727 2145 803 [rerum]

573 820 906 890 privatarum
942 831 1102 888 atque
1134 818 1382 885 praesidis
1411 818 1512 874 loci
1544 820 1879 877 dividuntur.

644 910 807 983 359
860 910 1012 968 CAP.
1069 911 1138 967 ll.
1180 943 1245 954 —-
1278 910 1354 967 De
1382 913 1652 967 monachis
1696 915 1787 985 qui
1839 930 1904 969 ea:
1960 916 2150 971 alienis

572 1003 903 1057 monasteriis
933 1012 1275 1057 assumuntur
1311 1003 1379 1056 ad
1420 1002 1735 1059 clericatum
1772 1005 1852 1059 vel
1880 1005 1950 1060 ad
1976 1006 2151 1077 digni-

576 1105 736 1150 tatem
774 1094 1069 1167 hegumeni.

852 1182 1077 1239 Concilii
1108 1182 1539 1255 Carthaginensis
1579 1201 1751 1239 canon
1778 1184 1863 1242 80.

644 1272 713 1328 Ut
750 1274 814 1329 de
836 1274 1009 1329 alieno
1033 1278 1350 1330 monasterio
1397 1286 1667 1347 susceptos
1714 1292 1806 1332 nec
1842 1278 2149 1350 prtepositos

574 1370 877 1424 monasterii
947 1385 1038 1425 nec
1080 1368 1296 1425 clericos
1325 1369 1479 1425 liceat
1513 1373 1789 1428 ordinare.

653 1555 742 1611 80.
784 1554 916 1611 Item
954 1555 1159 1626 placuit
1184 1555 1231 1588 ⁸¹
1280 1563 1361 1623 ut,
1399 1555 1443 1610 si
1493 1555 1615 1626 quis
1657 1557 1723 1611 de
1768 1558 1990 1615 alterius
2033 1576 2147 1615 mos

589 1648 832 1703 nasterio
879 1658 1192 1718 susceptum
1237 1647 1318 1702 vel
1361 1646 1426 1700 ad
1469 1647 1781 1701 clericatum
1830 1664 2148 1719 promovere

587 1740 840 1809 voluerit,
866 1741 952 1796 vel
982 1742 1034 1795 in
1063 1756 1160 1796 suo
1184 1738 1514 1796 monasterio
1539 1740 1800 1811 majorem
1830 1744 2143 1798 monasterii

575 1833 943 1896 constituerit,
982 1833 1269 1903 episcopus
1314 1831 1406 1901 qui
1458 1831 1563 1887 hoc
1624 1831 1848 1897 fecerit,
1903 1848 1933 1888 a
1984 1846 2145 1889 caete-

576 1940 762 1981 rorum
798 1926 1186 1981 communione
1224 1923 1538 1994 seiunctus,
1582 1940 1692 1980 suae
1720 1933 1935 1980 tantum
1968 1928 2144 1997 plebis

577 2018 961 2074 communione
992 2026 1282 2073 contentus
1318 2018 1410 2083 sit,
1452 2028 1508 2074 et
1552 2017 1643 2074 ille
1682 2032 1860 2089 neque
1886 2018 2142 2087 clericus,

579 2126 753 2183 neque
779 2111 1105 2182 praepositus
1129 2120 1458 2181 perseveret.

942 2202 1163 2257 Concilii
1193 2200 1403 2257 Nicwni
1436 2218 1474 2257 ιι
1508 2219 1677 2259 canon
1707 2202 1795 2259 21.

646 2295 799 2361 Quod
828 2310 929 2350 non
964 2304 1164 2365 oportet
1201 2297 1505 2363 monachos,
1545 2296 1773 2366 propriis
1808 2296 2004 2351 relictis
2038 2313 2149 2353 mo-

576 2388 846 2456 nasteriis,
874 2388 927 2441 in
956 2388 1063 2442 alia
1095 2388 1341 2443 transire.

640 2480 732 2535 2i.
766 2478 888 2535 Non
919 2489 1133 2551 oportet
1176 2479 1504 2535 monachum
1537 2480 1617 2536 vel
1649 2480 1970 2536 monacham
2019 2496 2145 2552 ιιι-οι-

574 2571 753 2643 prium
786 2572 1091 2642 relinquere
1133 2574 1549 2639 monasterium,
1580 2580 1634 2628 et
1661 2572 1727 2627 ad
1758 2573 1903 2628 aliud
1934 2588 1993 2629 se
2017 2588 2146 2628 con-

576 2664 739 2719 ferre.
773 2664 829 2717 Si
862 2666 965 2719 hoc
988 2674 1167 2720 autem
1210 2665 1531 2737 contigerit,
1577 2666 1753 2737 ipsum
1789 2675 1845 2719 ut
1878 2664 2142 2736 hospitem

573 2757 745 2827 accipi
775 2766 859 2813 est
888 2759 1257 2814 necessarium
1285 2776 1298 2813 :
1326 2761 1419 2814 sed
1448 2773 1571 2813 eum
1604 2759 1773 2829 recipi
1808 2759 1926 2814 sine
1964 2767 2145 2815 mente

576 2848 891 2903 monasterii
926 2849 1045 2920 ejus
1080 2848 1338 2919 praefecti,
1382 2865 1487 2905 non
1523 2851 1797 2905 convenit.

585 2928 589 2934 ⁷
648 2938 800 2996 CAP.
842 2938 929 2995 Ill.
954 2970 1025 2986 -ι
1063 2940 1134 2994 De
1162 2943 1324 2995 servis
1369 2943 1457 3013 qui
1492 2941 1734 2997 monachi
1758 2942 1916 3012 fiunt,
1949 2940 2029 2995 vel
2060 2957 2144 2995 re-

579 3016 787 3102 ligionis
810 3040 1069 3103 praetextu
1103 3031 1425 3103 famulatum
1456 3032 1791 3087 dominorum
1834 3032 2140 3103 defugiunt.

928 3216 1154 3277 Concilii
1180 3215 1504 3287 Gangrensis
1539 3232 1706 3271 canon
1739 3216 1793 3272 3.

646 3312 702 3368 ὃ.
740 3310 797 3368 Si
852 3311 977 3383 quis
1035 3311 1193 3365 docet
1239 3324 1456 3364 servum
1493 3310 1707 3378 pietatis
1755 3316 2019 3379 praetextu
2052 3306 2147 3363 do—

578 3405 786 3459 minum
814 3412 1186 3468 contemnere,
1219 3409 1273 3455 et
1325 3416 1354 3453 a
1414 3400 1715 3455 ministerio
1764 3402 2033 3464 recedere,
2092 3409 2147 3455 et

575 3509 683 3549 non
714 3510 837 3550 cum
884 3493 1049 3564 360
1083 3490 1460 3547 benevolentia
1529 3500 1583 3547 et
1630 3492 1779 3546 omni
1818 3491 2024 3547 honore
2051 3491 2146 3547 do-

575 3587 725 3641 mino
748 3600 850 3642 suo
878 3584 1160 3644 inservire.
1185 3583 1259 3639 sit
1296 3583 1605 3637 anathema.

869 3676 1099 3732 Concilii
1134 3675 1576 3732 Chalcedonensis
1606 3690 1775 3729 canon
1807 3674 1861 3729 4.

644 3769 700 3827 4.
737 3769 842 3836 Qui
879 3784 1003 3824 vere
1027 3777 1080 3823 et
1100 3767 1334 3833 sincere,
1372 3777 1504 3832 ctc.,
1538 3776 1595 3820 ut
1623 3784 1745 3837 pag.
1774 3766 1895 3821 754.

805 3858 1029 3914 Concilii
1059 3858 1365 3912 a’cumenici
1402 3873 1454 3913 vr
1490 3873 1712 3911 canones
1736 3856 1823 3922 45,
1850 3855 1940 3911 85.

643 3949 734 4005 43.
768 3947 920 4003 Licet
962 3948 1111 4003 omni
1139 3946 1457 4002 Christiano
1503 3948 1669 4002 vitam
1706 3947 2139 4002 exercitatricem

571 4041 804 4113 eligere,
857 4049 910 4096 et
938 4055 1120 4094 rerum
1164 4039 1229 4093 ad
1262 4039 1429 4093 vitam
1478 4038 1865 4109 pertinentium
1897 4038 2139 4108 deposita

571 4142 914 4205 tempestate,
933 4130 1324 4186 monasterium
1354 4130 1582 4201 ingredi,
1603 4140 1656 4185 et
1673 4130 1855 4184 habitu
1887 4129 2138 4183 monachi

572 4226 807 4292 tonderi,
866 4226 918 4278 in
971 4237 1296 4294 quacunque
1352 4221 1702 4292 prolapsione
1765 4220 2139 4291 deprehensus

568 4318 756 4374 fuerit.
795 4316 1046 4372 Salvator
1070 4316 1215 4372 enim
1249 4326 1436 4370 noster
1462 4314 1604 4369 Deus
1632 4312 1807 4381 inquit
1837 4330 1849 4366 :
1877 4311 2016 4365 Eum
2049 4314 2137 4382 qui

568 4411 706 4467 venit
740 4410 807 4463 ad
847 4425 927 4464 me
973 4425 1075 4462 non
1138 4408 1347 4478 ejiciam
1416 4407 1558 4478 [oras
1582 4404 1650 4460 ".
1692 4402 1967 4473 Tanquam
2008 4417 2137 4473 ergo

1697 337 1927 399 PHOTI
1936 340 1961 399 Ι
2002 340 2503 405 PATRIARCHIE
2554 344 2664 407 ΟΡ.

2181 361 2503 405 uanum/rs
2554 361 2664 407 ur.
3661 361 3740 428 illi

2181 463 2222 520 Α
2250 460 2502 514 ϐάλλεται
2530 458 2877 532 μοναστηρίῳ
2911 458 3031 541 ελον
3066 458 3157 515 τὸν
3186 460 3371 534 χρόνον
3401 463 3491 537 τῆς
3515 467 3634 541 ζωῆς
3666 478 3739 529 αὖ.

2248 552 2364 622 τῆς·
2402 552 2494 605 καὶ
2540 552 2609 606 τὰ
2639 552 2941 623 πράγματα
2966 552 3044 616 ὡς
3084 552 3299 624 εἴρηται
3324 555 3623 627 διαιροῦνται
3649 583 3740 620 κιν-

2248 643 2389 715 δύνῳ
2413 644 2506 699 τοῦ
2525 645 2765 717 κόμητος
2786 645 2896 700 τῶν
2925 644 3227 721 πριϐάτων,
3250 647 3341 701 καὶ
3362 647 3463 704 τῶν
3484 652 3606 707 κατὰ
3618 656 3745 713 τόπον

2248 736 2544 808 ἀρχόντων.

2319 907 2568 979 ΚΕΦΑΔ.
2608 922 2686 981 Β¹.
2716 952 2789 968 -
2820 926 2959 996 Περὶ
3004 926 3125 981 τῶν
3161 924 3232 991 ἐξ
3257 924 3465 995 ἐτέρων
3503 945 3752 1001 aeramn-

2241 1010 2391 1083 ρίων
2418 1014 2745 1086 γινομένων
2780 1016 3132 1089 ἡγουμένων
3156 1019 3195 1089 ἢ
3219 1019 3524 1088 κληρικῶν.

2511 1198 2781 1254 Συνόᾶου
2805 1202 3227 1270 Καρθαγέννης
3258 1180 3456 1255 κανὼν
3482 1211 3550 1258 π’.

2322 1287 2503 1343 Ὥστε
2538 1290 2677 1356 τοὺς
2705 1290 2822 1345 ἀπὸ
2861 1292 3185 1359 ἀλλοτρίου
3218 1296 3608 1363 μοναστηρίου
3643 1300 3756 1352 ὑπο·

2250 1380 2602 1450 δεχθέντας,
2646 1382 2802 1452 μηδὲ
2840 1384 3215 1454 ἡγουμένους
3262 1386 3367 1439 τοῦ
3405 1394 3753 1459 μοναστηρίου

2244 1474 2399 1544 μηδὲ
2432 1474 2769 1544 κληρικοὺς,
2802 1476 3025 1541 ἐξεῖναι
3052 1477 3439 1546 χειροτονεῖν.

2319 1562 2394 1621 π’.
2442 1564 2672 1636 Ὁμοίως
2718 1568 2935 1639 ἤρεσεν,
2983 1568 3071 1622 ἵνα
3116 1568 3212 1622 ἐάν
3258 1587 3345 1633 τις
3382 1570 3486 1623 ἀπὸ
3528 1570 3755 1643 ἀλλοτρέου

2252 1656 2612 1727 μοναστηρίου
2660 1658 2982 1729 ὑποδέξηταί
3024 1678 3181 1725 τινα,
3231 1662 3325 1714 καὶ
3370 1662 3500 1732 πρὸς
3539 1664 3756 1736 κλήρωσιν

2252 1750 2587 1817 προαγαγεῖν
2619 1749 2887 1821 ὲθελήσοι,
2916 1750 2949 1821 ἦ
2980 1751 3074 1804 τοῦ
3104 1752 3233 1805 ίδίου
3267 1756 3616 1823 μοναστηρίου
3640 1757 3758 1824 ἡγού-

2179 1820 2219 1873 Β
2252 1856 2413 1908 μενον
2457 1842 2813 1912 καταστήσοι,
2846 1844 2874 1896 ὁ
2911 1843 3068 1896 τοῦτο
3115 1843 3285 1897 ποιῶν
3327 1843 3639 1912 ἐπίσκοπος,
3680 1848 3757 1900 ἀπὸ

2245 1929 2343 2000 τῆς
2366 1929 2473 1983 τῶν
2502 1930 2704 1987 λοιπῶν
2732 1933 3012 1999 κοινωνίας
3044 1935 3433 2007 χωριζόμενος,
3462 1940 3524 2009 τῇ
3552 1936 3634 1991 τοῦ
3659 1940 3757 1992 ἰδίων

2245 2023 2374 2077 λαοῦ
2405 2020 2660 2097 κοινωνίᾳ
2689 2026 2932 2099 ἀρκεσθῇ
2963 2028 3100 2099 μόνῃ
3131 2045 3146 2061 ο
3187 2029 3399 2093 ἐκεῖνος
3427 2029 3479 2083 δὲ
3516 2030 3636 2102 μηδὲ
3663 2033 3761 2103 κλη-

2249 2116 2400 2181 ρικὸς
2436 2116 2570 2187 μηδὲ
2602 2117 2907 2188 ἡγούμενος
2936 2119 3213 2189 ὲπιμείνῃ.

2477 2208 2746 2264 Συνόδου
2782 2210 3025 2277 Νικαίας
3056 2210 3122 2265 τὸ
3149 2209 3215 2281 β’,
3247 2213 3455 2267 κανὼν
3480 2222 3578 2271 κα’.

2317 2298 2437 2352 Ὅτι
2465 2302 2536 2354 οὐ
2570 2299 2665 2353 δεῖ
2693 2300 2835 2368 τοὺς
2868 2304 3177 2372 μοναχοὺς
3219 2306 3673 2375 καταλιμπάνειν
3712 2314 3764 2362 τὰ

2244 2388 2430 2443 οἰκεῖα
2447 2390 2823 2460 μοναστήρια
2852 2394 2947 2447 καί
2977 2392 3200 2463 ἑτέροις
3225 2397 3615 2465 μεταϐαίνειν.

2318 2483 2423 2533 κα’.
2458 2481 2549 2551 Μὴ
2572 2480 2680 2534 δεῖν
2705 2482 2935 2552 μοναχὸν
2958 2482 2991 2552 ἢ
3022 2483 3356 2554 μονάστριαν
3387 2485 3764 2554 καταλιμπάνειν

2244 2568 2343 2639 τὴν
2390 2569 2597 2624 οίκείαν
2643 2571 2809 2642 μονὴν
2852 2573 2948 2625 καὶ¹
2978 2573 3036 2626 ὲν
3081 2574 3245 2646 ἑτέρᾳ
3289 2575 3636 2645 ἀπέρχεσθαι·
3664 2576 3764 2629 alii

2247 2659 2428 2731 συμϐῇ
2468 2660 2653 2724 τοῦτο,
2689 2661 3079 2734 ξενοδοχεῖσθαι
3109 2665 3273 2718 αὐτὸν
3300 2667 3610 2734 ἀναγκαῖον·
3641 2685 3767 2737 πρω-

2243 2749 2609 2821 λαμϐάνεσθιι
2646 2753 2702 2806 δὲ
2729 2752 2855 2807 ἄνευ
2892 2754 3133 2826 ⁸γνώμης
3157 2754 3251 2809 τοῦ
3280 2756 3581 2828 ἡγουμένου
3605 2756 3766 2825 αὑτοῦ,

2243 2844 2305 2897 οὐ
2335 2848 2619 2917 προσήκει.

2313 2938 2561 2993 ΚΕΦΑΛ.
2595 2936 2666 2993 Γ.
2686 2969 2755 2980 -
2781 2939 2918 3009 Περὶ
2941 2938 3179 2995 δούλων
3198 2940 3592 3011 μοναζόντων,
3612 2941 3645 3009 ἢ
3663 2956 3768 3008 προ-

2242 3027 2425 3098 φάσει
2466 3031 2782 3099 εὐλαϐείας
2824 3034 3390 3103 καταφρονούντων,
3428 3034 3524 3089 καί
3554 3034 3632 3105 μὴ
3666 3034 3770 3088 ὅου·

2173 3152 2221 3216 c
2247 3122 2551 3178 λευόντων
2576 3123 2701 3189 τοῖς
2733 3124 3076 3194 δεσπόταις.

2582 3216 2851 3272 Συνόδου
2879 3219 3165 3289 Γαγτρῶν
3188 3220 3397 3274 κανὼν
3428 3226 3497 3289 γ’.

2316 3311 2386 3377 γ’.
2407 3306 2572 3371 Εττις
2597 3306 2798 3374 δοῦλον,
2830 3310 3101 3381 προφάσει
3126 3310 3461 3375 θεοσεϐείας,
3480 3310 3689 3364 διδάσκοι
3700 3326 3770 3361 n-

2245 3401 2529 3468 ταφρονεῐν
2557 3399 2836 3464 δεσπότου,
2872 3402 2967 3455 καὶ
3005 3402 3308 3473 ἀναχωρεῖν
3342 3403 3443 3473 τῆς
3473 3403 3767 3473 ὑπηρεσίας,

2245 3490 2341 3544 καὶ
2371 3490 2446 3562 μὴ
2483 3490 2600 3559 μετ’
2626 3491 2838 3555 εὐνοίας
2872 3492 2966 3547 καὶ
2998 3492 3179 3564 πάσης
3223 3492 3395 3565 τιμῆς
3437 3494 3514 3565 τῷ
3538 3493 3682 3548 αὑτοῦ
3706 3495 3769 3544 δε-

2248 3581 2419 3653 σπότῃ
2446 3579 2919 3652 ἐξυπηρετεῖσθαι,
2952 3584 3201 3656 ἀνάθεμα
3228 3584 3397 3641 ἔστω.

2522 3672 2790 3729 Συνόδου
2818 3676 3196 3744 Χαλκηδόνος
3230 3676 3437 3731 κανὼν
3464 3674 3526 3731 δ’.

2313 3761 2374 3818 δ’.
2408 3764 2473 3818 Ol
2505 3764 2720 3835 ἀληθῶς
2751 3766 2843 3819 καὶ
2874 3766 3207 3837 εἰλικρινῶς,
3237 3785 3292 3821 κ.
3328 3785 3384 3824 τ.
3414 3767 3466 3823 λ.

2369 3856 2642 3911 Συνόδου
2682 3858 3104 3928 οὶκουμενικῆς
3133 3866 3186 3923 ς’
3214 3861 3422 3914 κανὼν
3452 3859 3557 3931 μγ’,
3586 3858 3673 3912 πε’.

2314 3945 2426 4019 μγ¹.
2474 3946 2626 4013 Ἐξδν
2659 3950 2892 4022 ὑπάρχει
2923 3953 3087 4005 παντὶ
3118 3953 3435 4025 Χριστιανῷ
3473 3953 3561 4007 τὸν
3584 3953 3768 4021 amr:-

2240 4040 2335 4094 κδν
2373 4042 2587 4096 ἑλέσθαι
2630 4042 2762 4113 βίον,
2804 4045 2895 4097 καὶ
2940 4044 3037 4116 τὴν
3076 4046 3456 4116 πολυτάραχον
3493 4047 3647 4117 ζάλην
3684 4045 3765 4097 τῶν

2243 4129 2511 4200 βιωτικῶν
2562 4132 2902 4202 πραγμάτων
2947 4134 3302 4204 ἀποθέμενον,
3358 4138 3419 4190 ὲν
3468 4136 3765 4207 μοναστηρίῳ

2239 4221 2484 4287 εἰσιέναι,
2514 4222 2608 4274 καὶ
2638 4222 2779 4274 κατὰ
2811 4221 2870 4274 τὸ
2903 4223 3191 4293 μοναχικδν
3222 4229 3412 4295 σχῆμα
3445 4228 3762 4295 ἀποκαρῆναι,

2238 4312 2345 4366 κᾶν
2394 4313 2451 4365 ὲν
2502 4314 2798 4384 οίῳδήποτε
2842 4314 3146 4384 πταίσματι
3196 4316 3341 4386 ἁλῷ·
3382 4320 3411 4370 ὁ
3471 4318 3579 4390 γὰρ
3614 4316 3763 4385 Σωτὴρ

2238 4400 2395 4472 ἡμῶν
2445 4401 2575 4464 Θεὸς
2604 4401 2743 4471 ἔφη’
2789 4403 2898 4456 Τὸν
2927 4403 3253 4473 ἐρχόμενον
3282 4408 3439 4474 πρός
3479 4426 3552 4477 με
3595 4409 3658 4462 οὐ
3697 4405 3761 4474 μὴ

566 4501 877 4558 monachali
901 4500 1023 4554 vita:
1046 4500 1266 4570 agendae
1292 4498 1541 4552 instituto
1565 4498 1617 4551 in
1638 4494 1953 4567 poenitentia
1976 4496 2133 4551 nobis

2245 4491 2468 4547 ἐκϐάλω
2495 4494 2628 4559 ἐξω·
2660 4496 2736 4559 ὡς
2773 4493 2865 4550 οὖν
2894 4496 2993 4566 τῆς
3035 4499 3336 4568 μοναχικῆς
3377 4500 3666 4564 πολιτείας,
3688 4497 3764 4567 τὴν

563 4596 730 4651 vitam
766 4593 1129 4657 describente,
1165 4591 1234 4653 ei,
1269 4589 1362 4659 qui
1394 4588 1461 4643 ad
1485 4588 1616 4642 illud
1646 4602 1900 4660 germane
1933 4603 1997 4643 ac
2024 4588 2135 4644 sin-

564 4701 689 4742 cere
716 4685 944 4749 accedit,
971 4681 1375 4753 acquiescimus
1406 4695 1471 4734 ac
1518 4678 1788 4745 favemus,
1834 4693 1935 4733 nec
1964 4678 2056 4733 ulli
2088 4679 2134 4733 ei

562 4792 745 4833 mores
776 4775 1215 4845 impedimentum
1248 4770 1495 4835 allerent,
1526 4768 1822 4841 quominus
1852 4769 2131 4840 proprium

562 4882 787 4937 scopum
830 4863 1143 4933 adimplcat.

629 4959 719 5014 85.
769 4957 826 5013 In
881 4956 1095 5010 duobus
1155 4953 1238 5006 vel
1293 4951 1470 5007 tribus
1529 4950 1763 5005 testibus
1812 4949 2125 5005 confirmari

558 5067 721 5107 omne
776 5050 1001 5107 verbum
1045 5062 1109 5101 ex
1160 5044 1439 5115 Scriptura
1489 5043 1798 5113 accepimus
1827 5042 1892 5099 ⁸⁸.
1928 5044 2127 5098 Servos

559 5160 710 5216 ergo,
743 5144 836 5215 qui
884 5158 914 5197 a
958 5142 1073 5195 suis
1113 5138 1352 5194 dominis
1387 5152 1552 5190 manu
1604 5137 1917 5205 mittuntur,
1950 5136 2125 5191 tribus

557 5236 791 5291 testibus
828 5248 894 5288 eo
926 5231 1029 5286 frui
1068 5231 1277 5285 honore
1306 5229 1676 5293 decernimus,
1705 5229 1796 5299 qui
1828 5238 2123 5298 praesentes

555 5326 793 5382 libertati
830 5326 973 5379 vires
1005 5332 1059 5377 et
1087 5322 1396 5376 firmitatem
1421 5318 1680 5386 aﬂ‘erent;
1707 5329 1761 5375 et
1793 5330 1851 5375 ut
1883 5321 1971 5383 iis.
2008 5336 2126 5390 quae

554 5418 690 5491 ipsis
727 5417 955 5473 testibus
986 5414 1127 5470 facta
1148 5424 1296 5479 sunt,
1353 5412 1488 5468 fides
1537 5413 1821 5481 habeatur,
1872 5412 2120 5468 efﬁcient.

629 5509 846 5564 Textus.
885 5508 1074 5563 Const.
1109 5506 1197 5574 56,
1234 5506 1375 5561 tituli
1434 5507 1576 5561 tertii
1622 5506 1745 5560 libri
1792 5505 1953 5575 primi
2000 5506 2120 5560 cod.

553 5606 649 5668 ait,
671 5602 813 5679 quod
832 5602 923 5673 qui
956 5600 1240 5671 ascriptitii
1269 5599 1408 5655 citra
1432 5613 1752 5657 consensum
1782 5599 2122 5655 dominorum

617 5759 664 5792 "
684 5757 856 5825 Cone,
884 5756 1138 5828 Carthag.
1165 5772 1221 5826 v,
1247 5770 1372 5826 cap.
1397 5753 1499 5822 l3;
1528 5750 1743 5808 Concil.
1767 5748 1935 5806 Afric.
1974 5766 2022 5806 c.
2043 5752 2132 5807 47.

2236 4585 2297 4640 ἐν
2330 4588 2587 4658 μετανοίᾳ
2616 4588 2757 4659 ζωὴν
2786 4590 3265 4661 στηλογραφούσης
3293 4592 3451 4662 ἡμῖν,
3479 4593 3553 4661 τῷ
3574 4593 3763 4660 γνησίως

2234 4678 2406 4751 ταύτῃ
2439 4679 2849 4750 προστιθεμένῳ
2881 4681 3327 4751 συνευδοκοῦμεν,
3374 4684 3471 4736 καὶ
3506 4683 3663 4744 οὐδεὶς
3690 4683 3763 4733 αὖ·

2230 4771 2321 4824 τὸν
2351 4772 2745 4842 παρεμποδίσοι
2780 4773 2981 4845 τρόπος
3016 4774 3153 4845 πρὸς
3184 4774 3282 4846 τὴν
3324 4776 3422 4829 τοῦ
3452 4776 3643 4829 οἰκείου
3672 4790 3763 4825 axo-

2234 4862 2336 4916 ποῦ
2372 4864 2784 4935 ἀποπλήρωσιν.

2306 4954 2409 5011 πε’.
2460 4958 2583 5011 Ἐπὶ
2627 4958 2720 5011 δύο
2755 4959 2848 5012 καὶ
2884 4956 3049 5028 τριῶν
3105 4956 3404 5029 μαρτύρων
3458 4954 3762 5029 βεϐαιοῦσθαι

2235 5050 2341 5102 πᾶν
2371 5050 2519 5119 ῥῆμα
2546 5050 2830 5120 γραφικῶς
2858 5048 3256 5119 παρελάϐομεν
3292 5050 3542 5112 τοὺςόὗν
3571 5048 3662 5102 ὑπὸ
3681 5046 3763 5097 τῶν

2233 5139 2448 5191 οίκείων
2476 5139 2750 5191 δεσποτῶν
2776 5140 3262 5209 ὲλευθερουμένους
3290 5140 3513 5204 δούλους
3546 5141 3629 5192 ἐπὶ
3648 5137 3761 5206 τριῇ

2236 5231 2491 5301 μάρτυσι,
2522 5232 2619 5301 τῆς
2640 5230 2896 5299 τοιαύτης
2915 5230 3083 5300 τιμῆς
3110 5231 3409 5285 ἀπολαύειν
3436 5229 3758 5302 διοριζόμεθα,

2230 5321 2282 5376 οἵ
2319 5323 2377 5375 τὸ
2406 5322 2572 5391 κῦρος
2606 5323 2870 5392 παρόντες
2898 5326 2964 5393 τῇ
2989 5323 3267 5393 ἐλευθερίᾳ
3301 5326 3663 5397 προσοίσουσι,
3691 5322 3761 5372 καὶ

2230 5415 2290 5468 τὸ
2320 5415 2509 5467 πιστὸν
2536 5415 2593 5479 ἐξ
2624 5416 2830 5467 ἑαυτῶν
2859 5418 2971 5478 τοῖς
3006 5416 3307 5485 γινομένοις
3344 5416 3675 5487 παρέξουσιν.

2314 5506 2377 5560 'll
2423 5508 2509 5572 λς’
2539 5507 2679 5560 διάτ.
2720 5505 2813 5558 τοῦ
2847 5505 2894 5575 γ’
2939 5508 3040 5560 τίτ.
3078 5507 3170 5560 τοῦ
3208 5507 3334 5563 κῶὸ.
3370 5511 3562 5581 φησὶν,
3596 5510 3684 5567 ὅτι,
3714 5507 3759 5555 Ol

2232 5599 2600 5668 ὲναπόγραφοι
2622 5634 2635 5658 ,
2674 5597 2840 5667 χωρὶς
2869 5598 3219 5661 συναινέσεως
3259 5600 3365 5653 τῶν
3397 5598 3657 5653 δεσποτῶν
3684 5614 3759 5661 μιν

2207 5752 2439 5808 "Joan.
2471 5753 2651 5818 \'t,57.
2739 5754 2782 5787 ’³⁸
2810 5751 3001 5807 Matth.
3030 5770 3186 5823 xvm,
3222 5756 3313 5814 l6;
3355 5755 3514 5811 Deut.
3545 5770 3647 5817 xu,
3690 5747 3739 5804 l5
