3980 6392
221 359 313 427 345
929 356 1327 423 smmum
1364 361 1793 426 GANONUM.-

1879 366 2015 428 I‘I'l‘.
2057 366 2164 441 XI,
2204 367 2365 431 CAP.
2406 368 2488 443 ΙΙ,
2522 369 2635 431 ΙΙΙ.
3258 410 3271 425 ί
3327 381 3431 449 846

220 468 470 541 νάξοντες,
498 469 666 538 οὕτως
688 470 871 537 αὐτοῖς
894 473 1233 543 ὑπόκεινται,
1270 476 1351 543 ὡς
1375 476 1452 548 μή
1483 477 1643 532 τοῦτο
1672 495 1766 547 γε·

1868 480 2114 537 mouachi
2145 479 2276 537 {acti
2301 492 2460 548 sunt,
2502 482 2575 539 ita
2610 483 2744 556 ipsis
2761 484 2979 543 obnoxii
3003 502 3151 558 sunt,
3181 501 3434 564 tanquam

218 568 432 639 νόμενοι·
463 565 595 621 διάτ.
632 563 731 631 λζ’,
776 565 951 620 δοῦλοι
978 566 1174 641 γνώμῃ
1211 568 1318 623 τῶν
1355 570 1629 624 δεσποτῶν
1664 588 1764 641 μο-

1867 571 2115 625 monacbi
2146 570 2275 626 facti
2311 588 2416 627 non
2444 585 2643 629 essent.
2685 575 2919 631 Constit.
2944 579 3037 634 57.
3070 580 3223 637 Servi
3250 563 3439 641 volun-

218 659 454 722 νάσαντες
495 657 922 729 ἐλευθεροῦνται·
959 661 1007 713 εί
1040 659 1096 712 δὲ
1135 660 1234 731 τὴν
1262 661 1496 731 ἀσκησιν
1535 662 1761 716 καταλι-

1867 673 1977 719 tate
2019 666 2362 724 dominorum
2406 670 2658 726 monachi
2692 671 2855 738 facti,
2899 672 3202 733 libertatem
3246 692 3438 736 conse-

218 753 420 835 πόντες,
449 750 528 814 είς
566 750 760 821 ἐτέραν
804 751 1106 821 μετέλθωσι
1147 751 1482 805 κατάστασιν
1531 752 1761 808 ἀναδου-

1866 767 2130 826 quuntur.
2189 756 2296 815 Sed
2358 759 2405 815 si
2466 762 2655 818 relicta
2706 764 2811 819 vita
2859 767 3102 823 solitaria
3156 769 3225 824 ad
3273 770 3438 827 alium

216 842 427 897 λοῦνται·
461 844 493 914 ή
525 842 582 897 δὲ
608 840 678 912 ιγ’
707 842 847 897 διάτ.
870 840 965 896 τοῦ
993 840 1041 896 α’
1066 842 1173 898 τίτ.
1204 843 1312 897 τῶν
1330 843 1560 924 Νεαρῶν
1577 862 1758 915 φησιν,

1868 844 2033 918 [vitm]
2066 857 2262 903 statum
2292 850 2636 920 transierint,
2664 854 2910 910 servituti
2942 856 3120 912 denuo
3146 858 3440 929 subjugan-

214 935 305 1000 δτι,
340 934 398 989 Ol
424 934 847 1006 παραγενόμενοι
874 935 955 999 είς
984 935 1195 1006 μονήρη
1228 934 1363 1006 βίον,
1396 935 1507 989 εἴτε
1545 934 1761 989 ἐλεύθε-

1867 950 1973 995 tur.
2011 939 2339 997 Constitutio
2370 942 2579 998 decima
2619 945 2779 1000 tertia
2818 946 2957 1001 tituli
2987 948 3144 1016 primi
3188 946 3439 1003 Novella-

215 1044 289 1099 ροι
308 1026 411 1081 εἴτε
456 1026 648 1093 δοῦλοι,
685 1027 951 1098 πρότερον
979 1028 1226 1099 τριετίαν
1252 1028 1758 1099 προσκαρτερείτω-

1866 1045 1982 1084 rum
2016 1029 2093 1084 ait
2121 1047 2137 1085 :
2170 1030 2480 1089 Monastica:
2509 1033 2633 1088 vita:
2658 1034 2952 1101 candidati,
2980 1037 3096 1093 sive
3134 1036 3293 1093 liberi
3325 1037 3438 1094 sive

215 1136 321 1183 σαν,
351 1119 516 1189 κουρᾷ
534 1135 592 1171 τε
626 1119 719 1172 καὶ
751 1118 939 1188 ἐσθῆτι
962 1118 1237 1189 χρώμενοι
1269 1118 1378 1172 τῶν
1410 1118 1636 1185 λαῖκῶν,
1667 1122 1760 1174 καὶ

1866 1121 2004 1176 servi
2039 1120 2170 1187 sint,
2203 1120 2640 1197 [admissionem]
2674 1140 2769 1196 per
2810 1127 3104 1182 triennium
3140 1128 3438 1185 toleranter

212 1208 298 1272 τὰς
324 1209 536 1280 Γραφὰς
563 1208 945 1279 μανθάνοντες,
981 1210 1074 1263 καὶ
1103 1209 1202 1279 τὴν
1230 1210 1400 1281 τύχην
1424 1211 1604 1266 αὐτῶν
1630 1212 1761 1282 ὁμοί-

1864 1221 2231 1282 ex5pectanto.
2268 1211 2500 1285 [Interea
2539 1213 2740 1287 tamen]
2774 1223 2998 1272 tonsura
3032 1228 3086 1273 et
3110 1220 3305 1275 vestitu
3340 1218 3436 1273 lai.

212 1298 506 1368 λογοῦντες,
540 1300 632 1354 καὶ
677 1300 775 1370 τὴν
813 1300 994 1354 αἰτίαν
1022 1300 1117 1355 τοῦ
1160 1300 1336 1356 θέλειν
1382 1301 1644 1373 μονάσαι,
1686 1305 1758 1374 μή

1865 1312 2047 1361 eorum
2092 1315 2345 1371 utuntor,
2379 1305 2692 1379 Seripturas
2725 1309 2885 1382 361
2919 1312 3172 1368 discunto
3196 1353 3210 1376 ,
3250 1312 3437 1368 condi-

210 1408 325 1445 ποτε
350 1390 554 1463 πονηρά
582 1393 719 1446 ἐστι’
752 1393 846 1446 καὶ⁵
870 1392 1354 1448 νουθετείσθωσανο
1373 1394 1471 1449 καὶ
1500 1394 1550 1448 εί
1580 1411 1752 1466 προσ-

1864 1399 2062 1452 tionem
2104 1411 2262 1453 suam
2310 1406 2367 1453 et
2392 1413 2617 1455 causam
2652 1415 2821 1470 quare
2867 1402 3122 1458 monachi
3173 1403 3288 1459 ﬁeri
3335 1420 3436 1459 cu-

209 1486 581 1557 καρτερήσουσι
624 1484 722 1558 τὴν
764 1486 1030 1557 τριετίαν,
1057 1486 1152 1541 καὶ
1206 1486 1347 1553 ἄξιοι
1415 1488 1626 1557 φανῶσι
1665 1488 1758 1542 τοῦ

1861 1489 2043 1558 piant,
2076 1505 2145 1544 ne
2174 1487 2319 1545 forte
2351 1489 2494 1545 mala
2540 1491 2650 1557 sit,
2686 1490 2922 1549 latenter
2969 1503 3024 1548 et
3054 1493 3431 1551 admoventor.

211 1577 437 1648 μονάσαι,
452 1577 573 1633 τότε
602 1577 997 1650 κειρέσθωσαν,
1022 1579 1115 1633 καὶ
1144 1578 1388 1644 δουλείας
1411 1579 1759 1653 ἐλευθεροῦν.

1861 1574 1973 1632 Etsi
2000 1577 2293 1632 triennium
2321 1578 2686 1649 exspectarint
2712 1619 2730 1647 ,
2761 1580 3022 1653 dignique
3053 1580 3146 1653 qui
3181 1579 3433 1637 monachi

208 1686 300 1725 ται·
326 1670 373 1724 εί
396 1670 453 1724 δέ
476 1687 561 1736 τις
586 1670 717 1727 είσω
742 1671 985 1743 τριετίας
1004 1672 1171 1727 αὑτὸν
1197 1672 1553 1741 δουλαγωγεῖ,
1581 1672 1757 1742 λέγων

1861 1670 1992 1724 llant
2022 1670 2330 1736 videantur,
2381 1678 2514 1726 tunc
2535 1672 2845 1743 tondentur,
2874 1685 3036 1746 atque
3075 1676 3337 1732 servitute
3366 1676 3433 1730 li-

208 1761 348 1815 ιὺτδν
378 1761 705 1834 ὑφελόμενόν
732 1780 858 1818 τινα
879 1762 1251 1835 προσδραμεῖν
1282 1762 1359 1834 τῷ
1380 1765 1750 1836 μοναστηρίῳ,

1859 1761 2138 1817 berantor.
2169 1760 2228 1817 Si
2255 1762 2378 1832 quis
2400 1776 2528 1817 vero
2556 1762 2699 1818 intra
2718 1766 3012 1821 triennium
3040 1765 3095 1821 in
3118 1767 3430 1822 servitutem

211 1854 275 1925 μὴ
300 1830 597 1926 “inlaturi;
626 1855 790 1909 αὐτὸν
818 1830 1293 1924 ἀφελκέτωξάλλά
1318 1830 1584 1911 δεικνύτω
1608 1830 1751 1927 πρό-

1861 1866 2182 1922 quemquam
2208 1830 2419 1919 aderat,
2452 1853 2632 1923 ipsum
2660 1855 2806 1925 quod
2834 1858 3099 1912 nonnulla
3128 1857 3433 1928 subripuis-

206 1962 360 2015 τερον,
388 1947 467 2001 ὅτι
508 1947 605 2001 καὶ
641 1946 828 2011 δοῦλός
867 1948 1019 2011 ἐστι,
1065 1948 1161 2001 καὶ
1192 1948 1285 2001 ἐπί
1313 1948 1489 2019 κλοπῇ
1524 1947 1558 2020 ἢ
1592 1947 1753 2002 πταί-

1855 1950 1955 2006 set,
1985 1941 2051 1996 ad
2079 1942 2467 1998 monasterium
2489 1944 2799 2000 accurrisse
2820 1944 3028 2013 dicens,
3050 1960 3119 2002 ne
3139 1946 3427 2002 confestim

208 2040 385 2109 σμασιν
408 2037 631 2103 ἀτόποις
672 2037 915 2110 ἀπέδραο
947 2040 1041 2092 καὶ
1084 2038 1208 2092 τότε
1246 2037 1407 2092 αὐτὸν
1436 2036 1759 2109 λαμϐανέτω

1854 2031 2006 2086 illum
2031 2032 2354 2099 abstrahito,
2410 2034 2505 2089 sed
2543 2035 2698 2104 prius
2732 2044 2787 2090 et
2814 2050 3031 2091 servum
3078 2036 3252 2105 ipsum
3283 2051 3426 2104 esse,

208 2130 310 2199 μεθ’
336 2122 406 2184 ὧν
439 2129 515 2194 ὡς
540 2129 692 2195 είκὸς
726 2131 807 2194 είς
838 2130 899 2182 τὸ
933 2131 1297 2200 μοναστήριον
1346 2130 1613 2200 είσήγαγε
1633 2143 1649 2160 ⁸
1680 2127 1759 2183 δι-

1853 2136 1907 2179 et
1942 2132 2167 2193 propter
2210 2122 2418 2179 furtum
2451 2124 2554 2194 .vcl
2601 2126 2850 2181 enormia
2887 2126 3085 2182 delicta
3129 2127 3425 2199 aufugisse,

204 2218 322 2273 δότω
343 2220 397 2274 δέ
415 2219 563 2292 αὐτῷ
592 2220 796 2285 πίστιν,
822 2219 895 2284 ὡς
922 2220 1072 2274 οὐδὲν
1100 2220 1194 2275 ἐπὶ
1220 2221 1395 2292 τούτῳ
1424 2219 1594 2277 κακὸν
1609 2219 1758 2292 αὑτῷ

1856 2216 2081 2285 probato
2118 2233 2132 2271 :
2165 2226 2331 2287 atque
2358 2225 2472 2271 tum
2508 2213 2748 2288 [demum
2754 2215 2774 2290 j
2802 2232 2927 2273 cum
2956 2218 3043 2285 iis,
3071 2234 3193 2288 quae
3227 2221 3279 2274 in
3306 2235 3426 2275 mo-

202 2311 387 2382 δράσει·
419 2315 467 2367 εί
498 2313 557 2368 δὲ
589 2313 665 2385 μὴ
705 2312 877 2368 ταῦτα
913 2312 1186 2385 διδαχθείη
1207 2350 1223 2378 ,
1264 2314 1517 2377 κάκεῖνος
1553 2314 1619 2366 ἐκ
1651 2310 1753 2384 τῆς

1857 2306 2155 2361 nasterium
2173 2305 2427 2361 intulisse
2440 2305 2740 2375 constabit,
2760 2305 2939 2375 ipsum
2952 2304 3202 2376 recipito.
3219 2305 3425 2381 [Prius]

204 2404 460 2477 ἀσκήσεως
485 2408 631 2479 φανῇ
666 2406 883 2478 σεμνὸς,
915 2405 1018 2461 κᾶν
1046 2406 1212 2479 μήπω
1242 2404 1522 2477 παρῆλθεν
1547 2404 1586 2475 ὴ
1606 2420 1749 2476 τριε-

1855 2405 2036 2454 tanien
2063 2414 2123 2456 se
2150 2398 2379 2454 nihililli
2403 2408 2623 2471 propter
2652 2398 2755 2455 hoc
2776 2398 2904 2453 mali
2934 2396 3230 2465 iacturum,
3260 2400 3420 2457 tidem

204 2496 311 2565 τία,
349 2498 552 2569 μενέτω
586 2499 648 2552 ἐν
686 2496 765 2569 τῷ
795 2497 1165 2569 μοναστηρίῳ,
1189 2496 1284 2551 καὶ
1316 2497 1453 2568 μετά
1476 2495 1578 2567 τὴν
1604 2510 1752 2565 τριεο

1854 2488 2005 2543 dato.
2049 2490 2145 2543 Sin
2183 2504 2313 2546 vero
2356 2490 2469 2546 haec
2506 2504 2618 2546 non
2654 2489 2979 2561 probentur,
3017 2498 3073 2546 et
3100 2490 3192 2547 ille
3222 2506 3289 2547 ex
3314 2494 3425 2548 vlta

202 2588 309 2643 τίαν
336 2589 477 2655 aeto;
506 2588 856 2661 φαινόμενος,
880 2588 1358 2662 προσκαρτερείτω
1383 2589 1450 2658 τῇ
1480 2586 1749 2659 ἀσκήσει,

1857 2583 2155 2639 monastica
2180 2584 2441 2640 honestus
2461 2592 2747 2655 appareat,
2770 2599 3088 2656 quanquam
3126 2585 3423 2641 triennium

202 2681 297 2734 εἴτε
319 2680 493 2747 δοῦλος
514 2676 587 2755 ἦν
620 2682 731 2736 εἴτε
766 2679 1081 2753 ἐλεύθερος,
1110 2678 1201 2733 ὐπ’
1228 2677 1442 2741 οὐδενὸς
1470 2678 1530 2731 τὸ
1561 2674 1750 2730 λοιπὸν

1857 2675 2085 2731 necdum
2112 2676 2357 2746 elapsum
2391 2677 2484 2743 sit,
2519 2687 2739 2734 maneto
2780 2678 2835 2734 in
2881 2678 3241 2736 monasterio.
3281 2677 3425 2735 Sane

205 2772 318 2841 περὶ
341 2772 526 2828 τούτου
569 2772 1225 2846 πολυπραγμονούμενος,
1254 2768 1357 2824 κᾶν
1390 2785 1754 2841 προημαρτη·

1856 2767 1952 2836 qui
1986 2776 2110 2837 post
2138 2767 2432 2824 triennium
2483 2769 2680 2842 dignus
2722 2771 3052 2842 apparuerit,
3089 2772 3203 2828 sive
3236 2787 3427 2829 servus

204 2859 300 2927 πὼς
326 2863 440 2934 εἴη·
478 2866 546 2920 τὰ
577 2864 763 2935 μέντοι
812 2863 887 2927 ὡς
917 2862 1065 2925 είκὸς
1107 2860 1386 2917 κλαπέντα
1415 2861 1754 2932 ὁπουδήποτε

1857 2858 1973 2915 sive
1994 2859 2133 2915 liber
2157 2860 2249 2927 sit,
2278 2860 2331 2915 in
2357 2864 2662 2918 monastica
2690 2863 2800 2918 vita
2829 2871 3177 2934 perseverato
3207 2881 3219 2918 :
3251 2878 3427 2933 neque

205 2951 334 3023 ὄντα,
355 2955 430 3027 τῷ
457 2956 628 3011 πάλαι
675 2955 912 3028 δεσπότῃ
948 2953 1304 3010 ἀποδίδονται.

1855 2965 1923 3007 ea
1955 2951 2022 3008 de
2053 2949 2288 3026 [causa],
2323 2955 2535 3009 etiamsi
2566 2965 2725 3012 antea
2762 2955 3034 3027 quidpiam
3065 2957 3423 3022 commiserit,

202 3056 232 3099 ο
278 3062 536 3119 quoquam
596 3048 851 3120 deinceps
908 3049 1157 3105 molestia
1207 3049 1454 3105 amciter.
1517 3044 1906 3103 Verumtamen
1971 3060 2095 3117 qua
2150 3046 2297 3103 furto
2360 3049 2574 3106 sublata
2611 3065 2734 3107 esse
2768 3050 3060 3118 constabit,
3114 3053 3426 3123 ubicunque

203 3136 402 3209 iuerint,
433 3142 655 3197 domino
679 3142 996 3198 redduntor.
2068 3198 2074 3203 ,

264 3234 415 3305 Καλή
441 3232 483 3305 β’
512 3234 660 3291 διάτ.
689 3234 783 3291 τοῦ
814 3234 981 3289 αὑτοῦ
1007 3235 1113 3289 τίτ.
1144 3236 1331 3306 φησὶν,
1363 3235 1467 3301 ὅτι,
1495 3233 1586 3303 Τῷ
1620 3232 1746 3303 βου-
1772 3241 1817 3298 c

1934 3235 1999 3290 Et
2028 3242 2207 3291 const.
2234 3233 2271 3288 2
2296 3233 2541 3303 ejusdem
2572 3234 2657 3289 tit.
2679 3233 2793 3289 ait:
2823 3234 2878 3289 Si
2908 3234 3033 3307 quis
3060 3235 3422 3293 monasticum

204 3322 393 3396 λομένῳ
420 3326 611 3397 σχῆμα
644 3327 934 3398 μοναχικδν
964 3326 1168 3394 λαϐεῖν,
1195 3328 1243 3380 εί
1291 3326 1389 3397 μὲν
1419 3324 1749 3395 γινώσκεται

1857 3330 2102 3387 habitum
2130 3340 2413 3383 assumere
2451 3326 2597 3392 velit,
2630 3326 2675 3381 si
2718 3325 2936 3396 quidem
2969 3324 3178 3398 [servili
3184 3327 3204 3399 J
3233 3328 3426 3383 condi-

202 3414 268 3479 ὡς
296 3416 401 3487 οὐχί
432 3418 723 3472 ὑπόκειται
750 3419 889 3494 τύχῃ
907 3462 922 3488 ,
957 3420 986 3473 ὁ
1032 3416 1333 3490 ἡγούμενος
1362 3416 1453 3469 ὅτε
1498 3414 1710 3485 νομίσοι
1732 3452 1749 3480 ,

1857 3422 1989 3480 tioni
2041 3422 2221 3493 ipsum
2276 3436 2385 3477 non
2424 3433 2548 3477 esse
2598 3420 2893 3475 obnoxium
2934 3429 3171 3487 constet,
3224 3421 3425 3490 praesul

202 3505 369 3562 διδότω
396 3510 542 3583 αὐτῷ
566 3511 631 3564 τὸ
660 3510 864 3582 σχῆμαο
889 3514 938 3567 εί
968 3511 1013 3566 δ’
1038 3512 1335 3581 ἀγνοεῖται,
1366 3508 1631 3580 ἐπεχέτωο
1657 3507 1755 3563 καὶ

1856 3514 2074 3590 quando
2097 3514 2272 3570 visum
2299 3511 2485 3578 fuerit,
2518 3512 2594 3566 illi
2624 3512 2863 3566 habitum
2885 3512 3011 3567 dato
3041 3529 3056 3567 :
3094 3512 3178 3567 sin
3208 3513 3426 3583 ignore.

204 3594 286 3650 ἐάν
317 3614 395 3663 τις
440 3600 572 3654 ετσω
614 3601 854 3672 τριετίας
882 3602 1139 3675 ἀποδείξῃ
1165 3602 1325 3657 αὐτὸν
1351 3600 1556 3666 δοῦλον,
1602 3598 1636 3671 ἢ
1666 3601 1754 3653 ἐν·

1855 3616 1965 3674 tur,
1995 3606 2230 3662 diﬂ‘erto.
2251 3604 2315 3660 Et
2341 3603 2387 3661 si
2415 3603 2541 3674 quis
2560 3604 2703 3659 intra
2724 3602 3015 3660 triennium
3032 3604 3222 3674 probet
3247 3606 3423 3675 ipsum

204 3689 516 3762 απόγραφον,
550 3693 589 3765 ἢ
625 3692 879 3757 κολωνὸν,
909 3692 1177 3765 λαμϐάνει
1208 3693 1368 3747 αὑτὸν
1408 3691 1528 3764 μεθ’
1557 3685 1633 3745 ὧν
1676 3688 1753 3767 ὡς

1855 3693 2063 3769 [suum]
2093 3709 2332 3760 servum,
2367 3692 2749 3764 ascriptitium,
2785 3704 2879 3749 aut
2914 3692 3166 3750 colonum
3195 3691 3340 3766 [esse
3364 3692 3424 3767 ε]

204 3780 330 3845 είκός
358 3781 605 3851 ὑφείλετο
637 3783 997 3855 πραγμάτων,
1030 3784 1209 3848 διδοὺς
1242 3783 1391 3854 αὐτῷ
1430 3782 1609 3852 λόγον·
1644 3796 1752 3853 μη-

1856 3789 1979 3843 data
2033 3786 2110 3841 illi
2158 3787 2284 3852 ilde,
2326 3782 2488 3858 [una]
2526 3800 2649 3840 cum
2703 3784 2866 3841 rebus
2906 3799 3039 3856 quas
3084 3784 3428 3857 surbipuisse

201 3871 334 3937 δενὸς
370 3875 425 3929 δέ
463 3876 601 3930 εἵσω
639 3876 737 3945 τῆς
782 3874 1024 3947 τριετίας
1069 3875 1349 3944 ἐνάγοντος
1371 3915 1386 3941 ,
1418 3874 1574 3943 εῐπερ
1602 3873 1752 3940 ἀξιον

1855 3880 2154 3947 constabit,
2212 3878 2389 3950 ipsum
2450 3878 2664 3949 recipit.
2725 3875 2879 3945 Quod
2939 3877 2988 3933 si
3045 3879 3226 3936 nullus
3280 3878 3424 3935 intra

203 3963 345 4018 αὑτὸν
368 3966 545 4039 κρίνῃ,
569 3964 761 4019 διδότω
776 3966 835 4019 τὸ
861 3965 1048 4036 σχῆμα
1068 3964 1216 4036 αὐτῷ
1238 3964 1336 4018 καὶ
1356 3964 1458 4018 οὐκ
1486 3964 1747 4035 όχλεϊται’

1858 3972 2150 4028 triennium
2172 3969 2389 4045 [istum]
2412 3970 2719 4036 conveniat,
2752 3967 2937 4041 [atque
2950 3969 3171 4044 praesul]
3195 3970 3418 4043 dignum

202 4057 261 4109 sit
290 4057 342 4110 δέ
384 4059 688 4129 πράγματα
716 4057 862 4129 ἅπερ
900 4060 983 4122 εἰς
1029 4058 1093 4111 τὸ
1130 4058 1492 4128 μοναστήριον
1537 4057 1750 4127 ἧγαγε,

1856 4064 2034 4135 ipsum
2070 4063 2302 4135 judicet,
2341 4063 2585 4119 habitum
2634 4062 2711 4117 illi
2754 4063 2904 4129 dato,
2947 4078 3123 4134 neque
3158 4062 3298 4136 [ille]
3342 4064 3423 4119 in.

202 4149 439 4224 λαμϐάνει
471 4155 500 4207 ὁ
537 4153 828 4217 δεσπότης.

1855 4156 2151 4227 quietator.
2181 4154 2329 4222 Quas
2363 4164 2549 4211 autem
2577 4169 2663 4211 res
2687 4154 2742 4210 in
2773 4155 3163 4211 monasterium
3201 4155 3422 4222 intulit,

1856 4246 2113 4303 dominus
2146 4246 2309 4316 capit.

271 4333 540 4411 Ἥδέαὒτη
558 4338 704 4394 διάτ.
729 4337 916 4411 φησὶν,
935 4338 1044 4403 ὅτι,
1060 4336 1118 4391 Ὀ
1136 4336 1433 4399 ἐπίσκοπος
1457 4334 1549 4389 τὸν
1580 4334 1752 4389 ἀϐϐᾶν

1933 4336 2147 4393 Teates.
2191 4336 2391 4393 Eadem
2429 4345 2603 4394 const.
2632 4335 2761 4392 dicit
2791 4353 2806 4391 :
2843 4335 3142 4407 Episcopus
3173 4336 3424 4393 abbatem

204 4426 338 4498 ητδν
361 4430 792 4503 ἀρχιμανδρίτην
821 4429 1050 4484 ἑκάστου
1085 4427 1472 4499 μοναστηρίου,
1510 4426 1586 4497 μὴ
1617 4426 1751 4479 πάν-

1858 4439 1957 4485 aut
2021 4428 2505 4484 archimandritam
2558 4427 2821 4498 cujusque
2882 4428 3202 4483 monasterii
3262 4427 3425 4500 362

203 4529 299 4582 τως
329 4520 465 4575 κατὰ
495 4520 591 4574 τὸν
637 4518 846 4590 βαθμὸν
891 4517 1309 4591 προϐαλλέσθω,
1340 4516 1457 4570 ἀλλ’
1481 4515 1543 4570 δν
1569 4517 1617 4569 οί
1657 4532 1754 4585 μο-

1860 4516 2175 4588 neutiquam
2202 4517 2497 4573 secundum
2523 4517 2914 4573 monachorum
2943 4516 3173 4589 gradum
3202 4530 3425 4574 creato:

206 4609 341 4680 ναχοὶ
394 4613 596 4676 πάντες
647 4610 1017 4681 εὐῦπόληπτοι
1063 4609 1444 4677 ἐπιλέξονται,
1500 4608 1595 4662 ἐπὶ
1642 4610 1751 4663 τῶν

1857 4610 1951 4665 sed
1975 4624 2137 4679 quem
2164 4622 2358 4665 omnes
2383 4609 2661 4675 monachi,
2695 4618 2791 4665 aut
2826 4610 2917 4680 qui
2956 4610 3115 4665 bona:
3141 4608 3427 4666 existima-

206 4700 531 4773 εὐαγγελίων
555 4703 828 4773 λέγοντες,
854 4702 928 4768 ὡς
948 4703 1009 4757 οὐ
1032 4701 1119 4756 διὰ
1143 4701 1325 4771 φιλίαν
1346 4701 1379 4772 ἦ
1402 4701 1565 4773 χάριν
1591 4700 1753 4755 αὐτὸν

1860 4704 2028 4759 tionis
2073 4712 2203 4758 sunt
2224 4740 2239 4765 .
2271 4700 2571 4772 elegerint,
2606 4716 2788 4758 coram
2822 4702 3132 4774 Evangeliis
3161 4711 3383 4773 agentes
3408 4739 3424 4764 ,

207 4793 505 4862 ἐπελέξαντο
524 4837 540 4862 ,
575 4795 713 4851 ἀλλά
745 4794 1105 4866 γινώσκοντες
1139 4794 1302 4848 αὑτὸν
1345 4794 1625 4866 όρθόδοξον
1656 4793 1755 4847 καὶ

1859 4795 2004 4866 quod
2037 4808 2144 4849 non
2172 4809 2270 4865 per
2294 4793 2594 4849 amicitiam
2623 4803 2717 4848 aut
2755 4794 2985 4865 gratiam
3025 4795 3204 4864 ipsum
3249 4792 3428 4862 elege-

208 4884 437 4958 σώφρονα
486 4887 583 4943 καὶ
614 4887 714 4959 τῆς
752 4887 1069 4958 διοικήσεως
1108 4885 1280 4951 ἀξιον,
1320 4886 1416 4939 καὶ
1460 4885 1755 4956 δυνάμενον

1861 4889 1991 4956 rint,
2040 4887 2132 4944 sed
2171 4885 2318 4959 [ideo
2347 4884 2515 4957 quod]
2545 4883 2913 4941 orthodoxum
2965 4886 3140 4957 ipsum
3166 4893 3222 4941 et
3261 4883 3430 4940 bene.

207 4979 417 5048 ιρυλὰξαι
460 4985 557 5051 τήν
596 4982 904 5053 ἐπιστήμην
952 4980 1059 5034 τῶν
1095 4979 1343 5051 μοναχῶν
1383 4980 1477 5032 καὶ
1519 4977 1617 5050 τὴν
1661 4979 1754 5031 τοῦ

1862 4992 2005 5037 stum
2043 4980 2312 5045 noverint,
2355 4985 2411 5035 et
2444 4977 2918 5034 administratione
2970 4978 3214 5049 dignum,
3248 4972 3430 5048 [quod

210 5069 550 5140 μοναστηρίου
581 5069 936 5123 κατάστασιν·
966 5068 1035 5121 τά
1061 5068 1199 5121 αὐτὰ
1228 5068 1323 5121 καὶ
1355 5067 1483 5139 περὶ
1510 5068 1620 5121 τῶν
1651 5084 1750 5135 γυ-

1866 5067 2030 5143 itein]
2071 5068 2463 5125 monachorum
2510 5065 2849 5137 disciplinam
2900 5072 3063 5136 atque
3112 5060 3430 5119 monasterii

207 5159 437 5214 ναικείων
485 5161 861 5232 μοναστηρίων
914 5160 1009 5213 καὶ
1069 5159 1451 5230 ἀσκητηρίωνο
1503 5159 1572 5212 τὰ
1615 5159 1755 5213 αὑτά

1856 5170 2059 5217 statum
2081 5173 2403 5217 conservare
2416 5159 2606 5226 possit.
2622 5157 2821 5213 Eadem
2835 5156 2999 5212 etiam
3024 5157 3078 5211 in
3106 5155 3428 5212 mulieribus

209 5267 327 5318 φησι
354 5253 445 5305 καὶ
473 5254 506 5323 ή
537 5253 605 5321 ιγ’
633 5252 771 5307 διάτ.
798 5251 893 5305 τοῦ
933 5250 1097 5305 αὑτοῦ
1137 5250 1240 5305 τίτ.
1272 5249 1623 5323 προστιθεῖσα
1674 5251 1754 5304 ὅτι

1858 5253 2175 5308 monasterii
2195 5261 2357 5321 atque
2371 5250 2652 5307 asceteriis
2670 5248 2900 5322 [servari
2915 5248 3110 5305 debere
3128 5247 3304 5320 ὀξεῖα]
3328 5249 3430 5304 lia.

206 5340 277 5394 δεῖ
303 5344 395 5415 τὴν
422 5345 682 5416 ἐπιλογὴν
706 5343 799 5399 τοῦ
827 5344 979 5411 ἀξίου
1016 5342 1284 5397 ποιεῖσθαι
1319 5343 1428 5398 ἀπὸ
1472 5340 1567 5397 τοῦ
1605 5342 1754 5414 πρώ-

1857 5346 1979 5401 dem
2016 5359 2234 5417 quoque
2260 5343 2649 5414 dicitejusdem
2671 5343 2757 5397 tit.
2781 5350 2956 5398 const.
2994 5338 3082 5409 l3,
3101 5341 3325 5406 addens,
3343 5340 3429 5395 di-

208 5446 325 5497 του,
364 5435 453 5487 καὶ
483 5434 626 5489 οὕτω
660 5434 801 5489 κατὰ
851 5434 1059 5505 βαθμὸν
1102 5434 1191 5489 διὰ
1230 5435 1338 5488 τῶν
1369 5435 1514 5505 ἑξῆς·
1563 5435 1613 5488 οἱ
1648 5434 1752 5504 γὰρ

1857 5454 2010 5507 gnam
2033 5437 2348 5493 electionem
2367 5450 2394 5489 a
2409 5436 2667 5507 primo,et
2682 5436 2762 5489 sic
2775 5434 3030 5503 deinceps
3047 5447 3142 5503 per
3158 5432 3293 5487 alios
3308 5447 3429 5501 gra-

211 5524 397 5592 πρῶτοι
426 5526 564 5592 ἄξιοι
599 5527 930 5598 φαινόμενοι,
964 5528 1337 5599 προτιμῶνται
1375 5528 1482 5580 τῶν
1516 5529 1632 5597 μετ’
1658 5526 1754 5581 αὐ-

1854 5530 2018 5583 datim
2048 5535 2295 5597 oportere
2317 5523 2453 5579 ﬁeri.
2488 5522 2590 5591 Qui
2628 5523 2769 5578 enim
2794 5520 2952 5592 primi
2980 5520 3127 5591 digni
3157 5520 3426 5580 videntur.

210 5615 342 5681 τοὺς,
366 5616 439 5680 ὡς
462 5621 495 5690 ἡ
522 5626 617 5690 pq’
644 5618 786 5675 διάτ.
813 5619 906 5674 τοῦ
930 5618 981 5690 γ’
1003 5619 1097 5673 τοῦ
1125 5619 1338 5690 α’βιϐλ.
1368 5621 1402 5691 ή
1426 5619 1481 5672 δὲ
1507 5618 1584 5672 λθ⁹
1612 5617 1753 5671 διάτ.

1853 5621 2215 5688 przeleruntur
2243 5617 2613 5678 inferioribus,
2636 5623 2889 5670 utconst.
2914 5614 3007 5679 46,
3042 5611 3125 5667 tit.
3157 5610 3224 5675 3,
3260 5609 3352 5664 lib.
3388 5622 3424 5671 ι,

212 5706 295 5759 ’τιῦ
333 5710 487 5764 αὖτοῦ
527 5713 630 5766 τίτ.
677 5711 939 5783 διορίζει,
986 5715 1068 5768 ὅτι
1112 5714 1234 5776 τοὺς
1278 5712 1375 5783 μὲν
1419 5711 1756 5782 ἡγουμένους

1856 5709 2158 5781 [traditur.]
2213 5709 2466 5779 Ejusdem
2520 5718 2700 5761 autem
2745 5706 2827 5760 tit.
2879 5713 3055 5759 const.
3096 5702 3185 5770 59,
3218 5703 3423 5764 statuit,

214 5800 575 5859 ἐπιϐλέπωσιν
601 5806 649 5859 oi
672 5807 977 5873 ἐπίσκοποι,
992 5806 1123 5869 τοὺς
1153 5806 1207 5860 δὲ
1232 5806 1498 5876 μαλακοὺς
1522 5807 1584 5876 οῖ,
1600 5804 1758 5876 ἡγού-

1858 5814 1914 5859 υι
1962 5804 2195 5873 episenpi
2245 5802 2524 5872 praesules,
2578 5798 2835 5868 praesules
2891 5807 3072 5851 autem
3125 5794 3422 5850 monachus
