  <div class='ocr_page' id='page_1' title='image "/cluster/home/n/w/nwhite01/storage/ocr_20150623/104/hvd.32044018872853/429.png"; bbox 0 0 3870 6290; ppageno 0'>
   <div class='ocr_carea' id='block_1_1' title="bbox 487 316 3686 427">
    <p class='ocr_par' dir='ltr' id='par_1_1' title="bbox 487 316 3686 427">
     <span class='ocr_line' id='line_1_1' title="bbox 487 316 3686 427; baseline -0.008 -2"><span class='ocrx_word' id='word_1_1' title='bbox 487 359 589 427; x_wconf 73' lang='lat' dir='ltr'><strong><em>stt</em></strong></span> <span class='ocrx_word' id='word_1_2' title='bbox 1650 348 1909 412; x_wconf 76' lang='lat' dir='ltr'><strong><em>rno&#39;m</em></strong></span> <span class='ocrx_word' id='word_1_3' title='bbox 1941 345 2441 409; x_wconf 79' lang='lat' dir='ltr'><strong><em>PATRIARCH/E</em></strong></span> <span class='ocrx_word' id='word_1_4' title='bbox 2470 347 2579 409; x_wconf 83' lang='lat' dir='ltr'><strong><em>ep.</em></strong></span> <span class='ocrx_word' id='word_1_5' title='bbox 3086 316 3093 320; x_wconf 81' lang='grc'><em>’</em></span> <span class='ocrx_word' id='word_1_6' title='bbox 3601 355 3686 423; x_wconf 69' lang='grc' dir='ltr'><strong><em>διε</em></strong></span> 
     </span>
    </p>
   </div>
   <div class='ocr_carea' id='block_1_2' title="bbox 493 458 2021 545">
    <p class='ocr_par' dir='ltr' id='par_1_2' title="bbox 493 463 2021 545">
     <span class='ocr_line' id='line_1_2' title="bbox 493 463 2021 545; baseline -0.009 -15"><span class='ocrx_word' id='word_1_7' title='bbox 493 474 785 545; x_wconf 89' lang='lat' dir='ltr'><strong><em>inspiciant</em></strong></span> <span class='ocrx_word' id='word_1_8' title='bbox 828 491 841 527; x_wconf 87' lang='lat'>:</span> <span class='ocrx_word' id='word_1_9' title='bbox 892 482 945 530; x_wconf 90' lang='lat' dir='ltr'><strong><em>et</em></strong></span> <span class='ocrx_word' id='word_1_10' title='bbox 982 489 1050 529; x_wconf 89' lang='lat' dir='ltr'><strong><em>ne</em></strong></span> <span class='ocrx_word' id='word_1_11' title='bbox 1094 472 1325 529; x_wconf 88' lang='lat' dir='ltr'><strong><em>duorum</em></strong></span> <span class='ocrx_word' id='word_1_12' title='bbox 1374 465 1832 524; x_wconf 76' lang='lat' dir='ltr'><strong><em>monasteriorum</em></strong></span> <span class='ocrx_word' id='word_1_13' title='bbox 1869 463 2021 536; x_wconf 79' lang='lat' dir='ltr'><strong><em>[unm</em></strong></span> 
     </span>
    </p>
   </div>
   <div class='ocr_carea' id='block_1_3' title="bbox 2234 458 3762 545">
    <p class='ocr_par' dir='ltr' id='par_1_3' title="bbox 2237 458 3762 543">
     <span class='ocr_line' id='line_1_3' title="bbox 2237 458 3762 543; baseline 0.007 -29"><span class='ocrx_word' id='word_1_14' title='bbox 2237 478 2352 527; x_wconf 91' lang='grc' dir='ltr'>νοι,</span> <span class='ocrx_word' id='word_1_15' title='bbox 2391 461 2484 515; x_wconf 72' lang='grc' dir='ltr'>καὶ</span> <span class='ocrx_word' id='word_1_16' title='bbox 2512 462 2595 517; x_wconf 80' lang='grc' dir='ltr'>ὅτι</span> <span class='ocrx_word' id='word_1_17' title='bbox 2631 459 2725 515; x_wconf 86' lang='grc' dir='ltr'><strong><em>δύο</em></strong></span> <span class='ocrx_word' id='word_1_18' title='bbox 2762 458 3137 533; x_wconf 81' lang='grc' dir='ltr'>μοναστηρίων</span> <span class='ocrx_word' id='word_1_19' title='bbox 3180 458 3241 514; x_wconf 85' lang='grc' dir='ltr'><strong><em>ού</em></strong></span> <span class='ocrx_word' id='word_1_20' title='bbox 3267 458 3520 530; x_wconf 85' lang='grc' dir='ltr'>γίνεταιὸ</span> <span class='ocrx_word' id='word_1_21' title='bbox 3555 467 3688 535; x_wconf 76' lang='grc' dir='ltr'>αὐτὸς</span> <span class='ocrx_word' id='word_1_22' title='bbox 3758 538 3762 543; x_wconf 27' lang='grc'><em>¹</em></span> 
     </span>
    </p>
   </div>
   <div class='ocr_carea' id='block_1_4' title="bbox 486 554 2014 640">
    <p class='ocr_par' dir='ltr' id='par_1_4' title="bbox 486 565 1173 640">
     <span class='ocr_line' id='line_1_4' title="bbox 486 565 1173 640; baseline -0.009 -15"><span class='ocrx_word' id='word_1_23' title='bbox 486 568 626 625; x_wconf 87' lang='lat' dir='ltr'><strong><em>idem</em></strong></span> <span class='ocrx_word' id='word_1_24' title='bbox 658 565 810 640; x_wconf 82' lang='lat' dir='ltr'><strong><em>[que]</em></strong></span> <span class='ocrx_word' id='word_1_25' title='bbox 846 566 1042 637; x_wconf 71' lang='lat' dir='ltr'><strong><em>praesul</em></strong></span> <span class='ocrx_word' id='word_1_26' title='bbox 1081 566 1173 621; x_wconf 88' lang='lat' dir='ltr'><strong><em>sit.</em></strong></span> 
     </span>
    </p>
   </div>
   <div class='ocr_carea' id='block_1_5' title="bbox 957 554 2485 640">
    <p class='ocr_par' dir='ltr' id='par_1_5' title="bbox 957 554 2485 626">
     <span class='ocr_line' id='line_1_5' title="bbox 957 554 2485 626; baseline -0.003 -3"><span class='ocrx_word' id='word_1_27' title='bbox 957 566 1042 623; x_wconf 94' lang='lat' dir='ltr'><strong><em>sul</em></strong></span> <span class='ocrx_word' id='word_1_28' title='bbox 1081 566 1173 621; x_wconf 90' lang='lat' dir='ltr'><strong><em>sit.</em></strong></span> <span class='ocrx_word' id='word_1_29' title='bbox 2161 554 2485 626; x_wconf 76' lang='grc' dir='ltr'>ἡγούμενος.</span> 
     </span>
    </p>
   </div>
   <div class='ocr_carea' id='block_1_6' title="bbox 550 644 2078 723">
    <p class='ocr_par' dir='ltr' id='par_1_6' title="bbox 550 648 2051 715">
     <span class='ocr_line' id='line_1_6' title="bbox 550 648 2051 715; baseline -0.011 1"><span class='ocrx_word' id='word_1_30' title='bbox 550 659 705 715; x_wconf 86' lang='lat' dir='ltr'><strong>CAP.</strong></span> <span class='ocrx_word' id='word_1_31' title='bbox 764 656 854 713; x_wconf 79' lang='lat' dir='ltr'><strong><em>IV.</em></strong></span> <span class='ocrx_word' id='word_1_32' title='bbox 898 690 969 704; x_wconf 83' lang='lat'><strong><em>--</em></strong></span> <span class='ocrx_word' id='word_1_33' title='bbox 1019 657 1101 712; x_wconf 89' lang='lat' dir='ltr'><strong><em>Ne</em></strong></span> <span class='ocrx_word' id='word_1_34' title='bbox 1164 654 1448 709; x_wconf 82' lang='lat' dir='ltr'><strong><em>monachus</em></strong></span> <span class='ocrx_word' id='word_1_35' title='bbox 1493 664 1681 706; x_wconf 85' lang='lat' dir='ltr'><strong><em>temere</em></strong></span> <span class='ocrx_word' id='word_1_36' title='bbox 1731 648 2051 701; x_wconf 78' lang='lat' dir='ltr'><strong><em>monasterio</em></strong></span> 
     </span>
    </p>
   </div>
   <div class='ocr_carea' id='block_1_7' title="bbox 2163 644 3691 723">
    <p class='ocr_par' dir='ltr' id='par_1_7' title="bbox 2237 644 3691 723">
     <span class='ocr_line' id='line_1_7' title="bbox 2237 644 3691 723; baseline 0.008 -26"><span class='ocrx_word' id='word_1_37' title='bbox 2237 647 2481 703; x_wconf 81' lang='grc' dir='ltr'><strong><em>ΚΕΦΑΔ.</em></strong></span> <span class='ocrx_word' id='word_1_38' title='bbox 2524 646 2597 701; x_wconf 87' lang='grc' dir='ltr'><strong><em>Δ’.</em></strong></span> <span class='ocrx_word' id='word_1_39' title='bbox 2626 676 2695 685; x_wconf 91' lang='grc'><strong><em>-</em></strong></span> <span class='ocrx_word' id='word_1_40' title='bbox 2732 644 2870 715; x_wconf 74' lang='grc' dir='ltr'>Περὶ</span> <span class='ocrx_word' id='word_1_41' title='bbox 2903 645 3010 701; x_wconf 83' lang='grc' dir='ltr'>τοῦ</span> <span class='ocrx_word' id='word_1_42' title='bbox 3036 646 3123 715; x_wconf 79' lang='grc' dir='ltr'>μὴ</span> <span class='ocrx_word' id='word_1_43' title='bbox 3156 647 3234 713; x_wconf 86' lang='grc' dir='ltr'><strong><em>ὡς</em></strong></span> <span class='ocrx_word' id='word_1_44' title='bbox 3254 650 3433 718; x_wconf 74' lang='grc' dir='ltr'>ἔτυχε</span> <span class='ocrx_word' id='word_1_45' title='bbox 3462 654 3691 723; x_wconf 79' lang='grc' dir='ltr'>μοναχὸν</span> 
     </span>
    </p>
   </div>
   <div class='ocr_carea' id='block_1_8' title="bbox 477 737 2005 822">
    <p class='ocr_par' dir='ltr' id='par_1_8' title="bbox 477 741 2005 822">
     <span class='ocr_line' id='line_1_8' title="bbox 477 741 2005 822; baseline -0.008 -17"><span class='ocrx_word' id='word_1_46' title='bbox 477 761 624 805; x_wconf 65' lang='lat' dir='ltr'><strong><em>exeat</em></strong></span> <span class='ocrx_word' id='word_1_47' title='bbox 657 750 733 805; x_wconf 80' lang='lat' dir='ltr'><strong><em>vel</em></strong></span> <span class='ocrx_word' id='word_1_48' title='bbox 760 752 967 822; x_wconf 83' lang='lat' dir='ltr'><strong><em>negotia</em></strong></span> <span class='ocrx_word' id='word_1_49' title='bbox 993 755 1204 812; x_wconf 85' lang='lat' dir='ltr'><strong><em>tractet;</em></strong></span> <span class='ocrx_word' id='word_1_50' title='bbox 1234 756 1285 803; x_wconf 89' lang='lat' dir='ltr'><strong><em>et</em></strong></span> <span class='ocrx_word' id='word_1_51' title='bbox 1317 743 1455 817; x_wconf 82' lang='lat' dir='ltr'><strong><em>quod</em></strong></span> <span class='ocrx_word' id='word_1_52' title='bbox 1482 742 1721 797; x_wconf 81' lang='lat' dir='ltr'><strong><em>monachi</em></strong></span> <span class='ocrx_word' id='word_1_53' title='bbox 1746 744 1802 795; x_wconf 85' lang='lat' dir='ltr'><strong><em>in</em></strong></span> <span class='ocrx_word' id='word_1_54' title='bbox 1827 741 2005 811; x_wconf 67' lang='lat' dir='ltr'><strong><em>episco;</em></strong></span> 
     </span>
    </p>
   </div>
   <div class='ocr_carea' id='block_1_9' title="bbox 2161 737 3689 822">
    <p class='ocr_par' dir='ltr' id='par_1_9' title="bbox 2163 737 3689 813">
     <span class='ocr_line' id='line_1_9' title="bbox 2163 737 3689 813; baseline 0.007 -23"><span class='ocrx_word' id='word_1_55' title='bbox 2163 737 2384 802; x_wconf 80' lang='grc' dir='ltr'><strong><em>ἐξιέναι</em></strong></span> <span class='ocrx_word' id='word_1_56' title='bbox 2414 737 2518 791; x_wconf 87' lang='grc' dir='ltr'>τοῦ</span> <span class='ocrx_word' id='word_1_57' title='bbox 2548 738 2980 806; x_wconf 79' lang='grc' dir='ltr'>μοναστηρίου,</span> <span class='ocrx_word' id='word_1_58' title='bbox 3017 737 3055 807; x_wconf 84' lang='grc' dir='ltr'><em>ἣ</em></span> <span class='ocrx_word' id='word_1_59' title='bbox 3092 738 3403 809; x_wconf 74' lang='grc' dir='ltr'>πράγματα</span> <span class='ocrx_word' id='word_1_60' title='bbox 3429 741 3689 813; x_wconf 76' lang='grc' dir='ltr'>πράττειν,</span> 
     </span>
    </p>
   </div>
   <div class='ocr_carea' id='block_1_10' title="bbox 478 827 2006 909">
    <p class='ocr_par' dir='ltr' id='par_1_10' title="bbox 478 852 901 909">
     <span class='ocr_line' id='line_1_10' title="bbox 478 852 901 909; baseline 0 -12"><span class='ocrx_word' id='word_1_61' title='bbox 478 852 733 909; x_wconf 79' lang='lat' dir='ltr'><strong><em>potestate</em></strong></span> <span class='ocrx_word' id='word_1_62' title='bbox 756 853 901 898; x_wconf 81' lang='lat' dir='ltr'><strong><em>sunt.</em></strong></span> 
     </span>
    </p>
   </div>
   <div class='ocr_carea' id='block_1_11' title="bbox 1690 827 3218 909">
    <p class='ocr_par' dir='ltr' id='par_1_11' title="bbox 2161 827 3218 885">
     <span class='ocr_line' id='line_1_11' title="bbox 2161 827 3218 885; baseline 0.001 -3"><span class='ocrx_word' id='word_1_63' title='bbox 2161 827 2259 882; x_wconf 83' lang='grc' dir='ltr'><strong><em>καί</em></strong></span> <span class='ocrx_word' id='word_1_64' title='bbox 2287 828 2373 880; x_wconf 81' lang='grc' dir='ltr'>ὅτι</span> <span class='ocrx_word' id='word_1_65' title='bbox 2401 828 2517 882; x_wconf 84' lang='grc' dir='ltr'><strong><em>ὑπὸ</em></strong></span> <span class='ocrx_word' id='word_1_66' title='bbox 2552 828 2658 881; x_wconf 86' lang='grc' dir='ltr'><strong><em>τὸν</em></strong></span> <span class='ocrx_word' id='word_1_67' title='bbox 2676 829 3012 885; x_wconf 79' lang='grc' dir='ltr'>ἐπίσκοπόν</span> <span class='ocrx_word' id='word_1_68' title='bbox 3040 831 3218 884; x_wconf 71' lang='grc' dir='ltr'>εἰσιν.</span> 
     </span>
    </p>
   </div>
   <div class='ocr_carea' id='block_1_12' title="bbox 601 922 2129 997">
    <p class='ocr_par' dir='ltr' id='par_1_12' title="bbox 601 924 1930 992">
     <span class='ocr_line' id='line_1_12' title="bbox 601 924 1930 992; baseline -0.009 -2"><span class='ocrx_word' id='word_1_69' title='bbox 601 935 830 990; x_wconf 79' lang='lat' dir='ltr'><strong><em>Concilii</em></strong></span> <span class='ocrx_word' id='word_1_70' title='bbox 862 933 1301 990; x_wconf 80' lang='lat' dir='ltr'><strong><em>Chalcedonensis</em></strong></span> <span class='ocrx_word' id='word_1_71' title='bbox 1333 944 1556 984; x_wconf 76' lang='lat' dir='ltr'><strong><em>canones</em></strong></span> <span class='ocrx_word' id='word_1_72' title='bbox 1585 927 1640 992; x_wconf 88' lang='grc'>5,</span> <span class='ocrx_word' id='word_1_73' title='bbox 1676 927 1729 991; x_wconf 69' lang='grc'>4,</span> <span class='ocrx_word' id='word_1_74' title='bbox 1762 925 1817 991; x_wconf 89' lang='lat'><strong><em>8,</em></strong></span> <span class='ocrx_word' id='word_1_75' title='bbox 1840 924 1930 978; x_wconf 73' lang='lat'><strong><em>25.</em></strong></span> 
     </span>
    </p>
   </div>
   <div class='ocr_carea' id='block_1_13' title="bbox 2080 922 3608 997">
    <p class='ocr_par' dir='ltr' id='par_1_13' title="bbox 2267 922 3608 997">
     <span class='ocr_line' id='line_1_13' title="bbox 2267 922 3608 997; baseline 0.001 -20"><span class='ocrx_word' id='word_1_76' title='bbox 2267 922 2537 978; x_wconf 80' lang='grc' dir='ltr'>Συνόόου</span> <span class='ocrx_word' id='word_1_77' title='bbox 2574 923 2959 991; x_wconf 72' lang='grc' dir='ltr'><strong><em>Χαλκηδόνος</em></strong></span> <span class='ocrx_word' id='word_1_78' title='bbox 2993 926 3194 978; x_wconf 82' lang='grc' dir='ltr'>κανὼν</span> <span class='ocrx_word' id='word_1_79' title='bbox 3223 932 3296 993; x_wconf 86' lang='grc' dir='ltr'>γ’,</span> <span class='ocrx_word' id='word_1_80' title='bbox 3323 923 3388 990; x_wconf 82' lang='grc' dir='ltr'>δ’,</span> <span class='ocrx_word' id='word_1_81' title='bbox 3415 924 3485 997; x_wconf 86' lang='grc' dir='ltr'>η’,</span> <span class='ocrx_word' id='word_1_82' title='bbox 3512 932 3608 996; x_wconf 80' lang='grc' dir='ltr'>κγ’.</span> 
     </span>
    </p>
   </div>
   <div class='ocr_carea' id='block_1_14' title="bbox 553 1012 2081 1093">
    <p class='ocr_par' dir='ltr' id='par_1_14' title="bbox 553 1014 2052 1091">
     <span class='ocr_line' id='line_1_14' title="bbox 553 1014 2052 1091; baseline -0.008 -11"><span class='ocrx_word' id='word_1_83' title='bbox 553 1027 607 1080; x_wconf 93' lang='grc'><strong><em>5.</em></strong></span> <span class='ocrx_word' id='word_1_84' title='bbox 655 1024 904 1079; x_wconf 82' lang='lat' dir='ltr'><strong><em>Pervenit</em></strong></span> <span class='ocrx_word' id='word_1_85' title='bbox 954 1023 1021 1077; x_wconf 91' lang='lat' dir='ltr'><strong><em>ad</em></strong></span> <span class='ocrx_word' id='word_1_86' title='bbox 1070 1032 1313 1076; x_wconf 81' lang='lat' dir='ltr'><strong><em>sanctam</em></strong></span> <span class='ocrx_word' id='word_1_87' title='bbox 1368 1019 1634 1091; x_wconf 76' lang='lat' dir='ltr'><strong><em>synodum</em></strong></span> <span class='ocrx_word' id='word_1_88' title='bbox 1673 1014 1818 1085; x_wconf 87' lang='lat' dir='ltr'><strong><em>quod</em></strong></span> <span class='ocrx_word' id='word_1_89' title='bbox 1863 1028 2052 1069; x_wconf 90' lang='lat' dir='ltr'><strong><em>eorum</em></strong></span> 
     </span>
    </p>
   </div>
   <div class='ocr_carea' id='block_1_15' title="bbox 2169 1012 3697 1093">
    <p class='ocr_par' dir='ltr' id='par_1_15' title="bbox 2233 1012 3697 1093">
     <span class='ocr_line' id='line_1_15' title="bbox 2233 1012 3697 1093; baseline 0.003 -25"><span class='ocrx_word' id='word_1_90' title='bbox 2233 1014 2302 1086; x_wconf 86' lang='grc' dir='ltr'><strong><em>γ’.</em></strong></span> <span class='ocrx_word' id='word_1_91' title='bbox 2332 1012 2538 1069; x_wconf 70' lang='grc' dir='ltr'>*Ηλθεν</span> <span class='ocrx_word' id='word_1_92' title='bbox 2554 1017 2633 1079; x_wconf 89' lang='grc' dir='ltr'><strong><em>εἰς</em></strong></span> <span class='ocrx_word' id='word_1_93' title='bbox 2650 1015 2750 1087; x_wconf 84' lang='grc' dir='ltr'>τὴν</span> <span class='ocrx_word' id='word_1_94' title='bbox 2773 1016 2937 1084; x_wconf 82' lang='grc' dir='ltr'>ἁγίαν</span> <span class='ocrx_word' id='word_1_95' title='bbox 2960 1016 3195 1084; x_wconf 83' lang='grc' dir='ltr'><strong><em>σύνοδον,</em></strong></span> <span class='ocrx_word' id='word_1_96' title='bbox 3222 1018 3304 1071; x_wconf 79' lang='grc' dir='ltr'>ὅτι</span> <span class='ocrx_word' id='word_1_97' title='bbox 3328 1018 3439 1073; x_wconf 84' lang='grc' dir='ltr'><strong><em>τῶν</em></strong></span> <span class='ocrx_word' id='word_1_98' title='bbox 3462 1019 3516 1073; x_wconf 85' lang='grc' dir='ltr'>ἐν</span> <span class='ocrx_word' id='word_1_99' title='bbox 3536 1018 3697 1093; x_wconf 74' lang='grc' dir='ltr'>κλήρῳ</span> 
     </span>
    </p>
   </div>
   <div class='ocr_carea' id='block_1_16' title="bbox 485 1100 2013 1183">
    <p class='ocr_par' dir='ltr' id='par_1_16' title="bbox 485 1100 1941 1183">
     <span class='ocr_line' id='line_1_16' title="bbox 485 1100 1941 1183; baseline -0.01 -15"><span class='ocrx_word' id='word_1_100' title='bbox 485 1113 579 1183; x_wconf 87' lang='lat' dir='ltr'><strong><em>qui</em></strong></span> <span class='ocrx_word' id='word_1_101' title='bbox 613 1113 667 1167; x_wconf 90' lang='lat' dir='ltr'><strong><em>in</em></strong></span> <span class='ocrx_word' id='word_1_102' title='bbox 698 1113 902 1166; x_wconf 89' lang='lat' dir='ltr'><strong><em>clerum</em></strong></span> <span class='ocrx_word' id='word_1_103' title='bbox 934 1108 1169 1179; x_wconf 88' lang='lat' dir='ltr'><strong><em>cooptati</em></strong></span> <span class='ocrx_word' id='word_1_104' title='bbox 1202 1115 1361 1171; x_wconf 90' lang='lat' dir='ltr'><strong><em>sunt,</em></strong></span> <span class='ocrx_word' id='word_1_105' title='bbox 1396 1117 1526 1171; x_wconf 87' lang='lat' dir='ltr'><strong><em>etc.,</em></strong></span> <span class='ocrx_word' id='word_1_106' title='bbox 1565 1113 1622 1157; x_wconf 89' lang='lat' dir='ltr'><strong><em>ut</em></strong></span> <span class='ocrx_word' id='word_1_107' title='bbox 1660 1119 1781 1173; x_wconf 88' lang='lat' dir='ltr'><strong><em>pag.</em></strong></span> <span class='ocrx_word' id='word_1_108' title='bbox 1816 1100 1941 1155; x_wconf 83' lang='lat'><strong><em>685.</em></strong></span> 
     </span>
    </p>
   </div>
   <div class='ocr_carea' id='block_1_17' title="bbox 1509 1100 3037 1183">
    <p class='ocr_par' dir='ltr' id='par_1_17' title="bbox 1512 1100 3037 1177">
     <span class='ocr_line' id='line_1_17' title="bbox 1512 1100 3037 1177; baseline 0.003 -21"><span class='ocrx_word' id='word_1_109' title='bbox 1512 1146 1526 1171; x_wconf 92' lang='lat'><strong><em>,</em></strong></span> <span class='ocrx_word' id='word_1_110' title='bbox 1565 1113 1622 1157; x_wconf 89' lang='lat' dir='ltr'><strong><em>ut</em></strong></span> <span class='ocrx_word' id='word_1_111' title='bbox 1660 1119 1781 1173; x_wconf 88' lang='lat' dir='ltr'><strong><em>pag.</em></strong></span> <span class='ocrx_word' id='word_1_112' title='bbox 1816 1100 1941 1155; x_wconf 83' lang='lat'><strong><em>685.</em></strong></span> <span class='ocrx_word' id='word_1_113' title='bbox 2160 1105 2594 1177; x_wconf 76' lang='grc' dir='ltr'><strong><em>κατειλεγμένων</em></strong></span> <span class='ocrx_word' id='word_1_114' title='bbox 2622 1106 2788 1172; x_wconf 86' lang='grc' dir='ltr'>τινές,</span> <span class='ocrx_word' id='word_1_115' title='bbox 2817 1124 2873 1161; x_wconf 88' lang='grc' dir='ltr'>κ.</span> <span class='ocrx_word' id='word_1_116' title='bbox 2908 1124 2959 1159; x_wconf 95' lang='grc' dir='ltr'>τ.</span> <span class='ocrx_word' id='word_1_117' title='bbox 2988 1107 3037 1161; x_wconf 95' lang='grc' dir='ltr'>λ.</span> 
     </span>
    </p>
   </div>
   <div class='ocr_carea' id='block_1_18' title="bbox 552 1195 2080 1269">
    <p class='ocr_par' dir='ltr' id='par_1_18' title="bbox 552 1195 1812 1269">
     <span class='ocr_line' id='line_1_18' title="bbox 552 1195 1812 1269; baseline -0.01 -10"><span class='ocrx_word' id='word_1_118' title='bbox 552 1206 606 1259; x_wconf 73' lang='grc'><strong>4.</strong></span> <span class='ocrx_word' id='word_1_119' title='bbox 648 1203 751 1269; x_wconf 86' lang='lat' dir='ltr'><strong><em>Qui</em></strong></span> <span class='ocrx_word' id='word_1_120' title='bbox 779 1218 904 1256; x_wconf 85' lang='lat' dir='ltr'><strong><em>vere</em></strong></span> <span class='ocrx_word' id='word_1_121' title='bbox 936 1214 989 1255; x_wconf 84' lang='lat' dir='ltr'><strong><em>et</em></strong></span> <span class='ocrx_word' id='word_1_122' title='bbox 1014 1202 1247 1263; x_wconf 79' lang='lat' dir='ltr'><strong><em>sincere,</em></strong></span> <span class='ocrx_word' id='word_1_123' title='bbox 1278 1209 1381 1253; x_wconf 92' lang='lat' dir='ltr'><strong><em>etc.</em></strong></span> <span class='ocrx_word' id='word_1_124' title='bbox 1405 1238 1419 1263; x_wconf 97' lang='lat'><strong><em>,</em></strong></span> <span class='ocrx_word' id='word_1_125' title='bbox 1451 1206 1508 1249; x_wconf 88' lang='lat' dir='ltr'><strong><em>ut</em></strong></span> <span class='ocrx_word' id='word_1_126' title='bbox 1538 1212 1659 1265; x_wconf 89' lang='lat' dir='ltr'><strong><em>pag.</em></strong></span> <span class='ocrx_word' id='word_1_127' title='bbox 1688 1195 1812 1248; x_wconf 72' lang='grc'><strong>754.</strong></span> 
     </span>
    </p>
   </div>
   <div class='ocr_carea' id='block_1_19' title="bbox 1835 1195 3363 1269">
    <p class='ocr_par' dir='ltr' id='par_1_19' title="bbox 2230 1196 3363 1269">
     <span class='ocr_line' id='line_1_19' title="bbox 2230 1196 3363 1269; baseline 0.001 -16"><span class='ocrx_word' id='word_1_128' title='bbox 2230 1196 2290 1253; x_wconf 79' lang='grc' dir='ltr'><strong><em>δ’.</em></strong></span> <span class='ocrx_word' id='word_1_129' title='bbox 2332 1198 2396 1251; x_wconf 78' lang='lat' dir='ltr'><strong><em>Oi</em></strong></span> <span class='ocrx_word' id='word_1_130' title='bbox 2426 1196 2641 1268; x_wconf 69' lang='grc' dir='ltr'>ἀληθῶς</span> <span class='ocrx_word' id='word_1_131' title='bbox 2664 1201 2758 1251; x_wconf 77' lang='grc' dir='ltr'>καὶ</span> <span class='ocrx_word' id='word_1_132' title='bbox 2789 1197 3117 1269; x_wconf 75' lang='grc' dir='ltr'><strong><em>εἰλικρινῶς,</em></strong></span> <span class='ocrx_word' id='word_1_133' title='bbox 3145 1216 3200 1253; x_wconf 90' lang='grc' dir='ltr'>κ.</span> <span class='ocrx_word' id='word_1_134' title='bbox 3228 1215 3281 1252; x_wconf 88' lang='grc' dir='ltr'>τ.</span> <span class='ocrx_word' id='word_1_135' title='bbox 3311 1198 3363 1254; x_wconf 93' lang='grc' dir='ltr'>λ.</span> 
     </span>
    </p>
   </div>
   <div class='ocr_carea' id='block_1_20' title="bbox 548 1286 2076 1363">
    <p class='ocr_par' dir='ltr' id='par_1_20' title="bbox 548 1286 2008 1363">
     <span class='ocr_line' id='line_1_20' title="bbox 548 1286 2008 1363; baseline -0.009 -12"><span class='ocrx_word' id='word_1_136' title='bbox 548 1298 601 1351; x_wconf 88' lang='grc'><strong>8.</strong></span> <span class='ocrx_word' id='word_1_137' title='bbox 642 1294 837 1349; x_wconf 87' lang='lat' dir='ltr'><strong><em>Clerici</em></strong></span> <span class='ocrx_word' id='word_1_138' title='bbox 874 1292 1440 1363; x_wconf 90' lang='lat' dir='ltr'><strong><em>ptochotrophiorum,</em></strong></span> <span class='ocrx_word' id='word_1_139' title='bbox 1476 1297 1614 1355; x_wconf 89' lang='lat' dir='ltr'><strong><em>etc.,</em></strong></span> <span class='ocrx_word' id='word_1_140' title='bbox 1642 1297 1697 1341; x_wconf 86' lang='lat' dir='ltr'><strong><em>ut</em></strong></span> <span class='ocrx_word' id='word_1_141' title='bbox 1728 1303 1846 1357; x_wconf 91' lang='lat' dir='ltr'><strong><em>pag.</em></strong></span> <span class='ocrx_word' id='word_1_142' title='bbox 1883 1286 2008 1342; x_wconf 81' lang='lat'><strong><em>659.</em></strong></span> 
     </span>
    </p>
   </div>
   <div class='ocr_carea' id='block_1_21' title="bbox 1866 1286 3394 1363">
    <p class='ocr_par' dir='ltr' id='par_1_21' title="bbox 1883 1286 3394 1360">
     <span class='ocr_line' id='line_1_21' title="bbox 1883 1286 3394 1360; baseline 0.002 -18"><span class='ocrx_word' id='word_1_143' title='bbox 1883 1286 2008 1342; x_wconf 80' lang='lat'><strong><em>659.</em></strong></span> <span class='ocrx_word' id='word_1_144' title='bbox 2230 1288 2298 1359; x_wconf 88' lang='grc' dir='ltr'><strong><em>η’.</em></strong></span> <span class='ocrx_word' id='word_1_145' title='bbox 2339 1289 2401 1342; x_wconf 83' lang='grc' dir='ltr'><strong><em>Οί</em></strong></span> <span class='ocrx_word' id='word_1_146' title='bbox 2425 1289 2677 1360; x_wconf 78' lang='grc' dir='ltr'>κληρικοὶ</span> <span class='ocrx_word' id='word_1_147' title='bbox 2699 1289 2807 1342; x_wconf 87' lang='grc' dir='ltr'>τῶν</span> <span class='ocrx_word' id='word_1_148' title='bbox 2836 1289 3146 1359; x_wconf 85' lang='grc' dir='ltr'>πτωχείων,</span> <span class='ocrx_word' id='word_1_149' title='bbox 3180 1307 3236 1344; x_wconf 81' lang='grc' dir='ltr'>κ.</span> <span class='ocrx_word' id='word_1_150' title='bbox 3260 1307 3311 1344; x_wconf 90' lang='grc' dir='ltr'><strong>τ.</strong></span> <span class='ocrx_word' id='word_1_151' title='bbox 3341 1290 3394 1346; x_wconf 89' lang='grc' dir='ltr'>λ.</span> 
     </span>
    </p>
   </div>
   <div class='ocr_carea' id='block_1_22' title="bbox 545 1375 2073 1452">
    <p class='ocr_par' dir='ltr' id='par_1_22' title="bbox 545 1380 2048 1452">
     <span class='ocr_line' id='line_1_22' title="bbox 545 1380 2048 1452; baseline -0.007 -10"><span class='ocrx_word' id='word_1_152' title='bbox 545 1389 637 1444; x_wconf 71' lang='grc'><strong><em>25.</em></strong></span> <span class='ocrx_word' id='word_1_153' title='bbox 678 1387 930 1441; x_wconf 81' lang='lat' dir='ltr'><strong><em>Pervenit</em></strong></span> <span class='ocrx_word' id='word_1_154' title='bbox 968 1388 1034 1441; x_wconf 87' lang='lat' dir='ltr'><strong><em>ad</em></strong></span> <span class='ocrx_word' id='word_1_155' title='bbox 1091 1401 1253 1440; x_wconf 84' lang='lat' dir='ltr'><strong><em>aures</em></strong></span> <span class='ocrx_word' id='word_1_156' title='bbox 1307 1392 1510 1439; x_wconf 69' lang='lat' dir='ltr'><strong><em>sancta:</em></strong></span> <span class='ocrx_word' id='word_1_157' title='bbox 1557 1380 1769 1452; x_wconf 83' lang='lat' dir='ltr'><strong><em>synodi,</em></strong></span> <span class='ocrx_word' id='word_1_158' title='bbox 1821 1388 1951 1446; x_wconf 92' lang='lat' dir='ltr'><strong><em>etc.,</em></strong></span> <span class='ocrx_word' id='word_1_159' title='bbox 1990 1388 2048 1432; x_wconf 88' lang='lat' dir='ltr'><strong><em>ut</em></strong></span> 
     </span>
    </p>
   </div>
   <div class='ocr_carea' id='block_1_23' title="bbox 2171 1375 3699 1452">
    <p class='ocr_par' dir='ltr' id='par_1_23' title="bbox 2227 1375 3699 1451">
     <span class='ocr_line' id='line_1_23' title="bbox 2227 1375 3699 1451; baseline 0.003 -17"><span class='ocrx_word' id='word_1_160' title='bbox 2227 1386 2333 1450; x_wconf 88' lang='grc' dir='ltr'>κγ’.</span> <span class='ocrx_word' id='word_1_161' title='bbox 2374 1375 2576 1434; x_wconf 85' lang='grc' dir='ltr'><strong><em>Ἦλθεν</em></strong></span> <span class='ocrx_word' id='word_1_162' title='bbox 2609 1380 2689 1444; x_wconf 85' lang='grc' dir='ltr'><strong><em>εἰς</em></strong></span> <span class='ocrx_word' id='word_1_163' title='bbox 2716 1380 2883 1445; x_wconf 76' lang='grc' dir='ltr'>ἀκοὰς</span> <span class='ocrx_word' id='word_1_164' title='bbox 2914 1381 3013 1451; x_wconf 80' lang='grc' dir='ltr'>τῆς</span> <span class='ocrx_word' id='word_1_165' title='bbox 3043 1381 3205 1449; x_wconf 81' lang='grc' dir='ltr'>ἁγίας</span> <span class='ocrx_word' id='word_1_166' title='bbox 3232 1381 3479 1448; x_wconf 80' lang='grc' dir='ltr'><strong><em>συνόδου,</em></strong></span> <span class='ocrx_word' id='word_1_167' title='bbox 3510 1398 3561 1436; x_wconf 84' lang='grc' dir='ltr'>κ.</span> <span class='ocrx_word' id='word_1_168' title='bbox 3590 1400 3636 1438; x_wconf 89' lang='grc' dir='ltr'>τ.</span> <span class='ocrx_word' id='word_1_169' title='bbox 3656 1382 3699 1438; x_wconf 91' lang='grc' dir='ltr'>λ.</span> 
     </span>
    </p>
   </div>
   <div class='ocr_carea' id='block_1_24' title="bbox 476 1481 769 1551">
    <p class='ocr_par' dir='ltr' id='par_1_24' title="bbox 476 1481 769 1551">
     <span class='ocr_line' id='line_1_24' title="bbox 476 1481 769 1551; baseline 0 -17"><span class='ocrx_word' id='word_1_170' title='bbox 476 1498 599 1551; x_wconf 87' lang='lat' dir='ltr'><strong><em>pag.</em></strong></span> <span class='ocrx_word' id='word_1_171' title='bbox 645 1481 769 1537; x_wconf 82' lang='lat'><strong><em>558.</em></strong></span> 
     </span>
    </p>
   </div>
   <div class='ocr_carea' id='block_1_25' title="bbox 547 1498 2075 1636">
    <p class='ocr_par' dir='ltr' id='par_1_25' title="bbox 547 1498 1885 1631">
     <span class='ocr_line' id='line_1_25' title="bbox 547 1498 769 1552; baseline -0.005 -17"><span class='ocrx_word' id='word_1_172' title='bbox 547 1498 599 1552; x_wconf 88' lang='lat' dir='ltr'><strong><em>g.</em></strong></span> <span class='ocrx_word' id='word_1_173' title='bbox 645 1498 769 1537; x_wconf 66' lang='lat' dir='ltr'><strong><em>sou.</em></strong></span> 
     </span>
     <span class='ocr_line' id='line_1_26' title="bbox 629 1565 1885 1631; baseline -0.006 -4"><span class='ocrx_word' id='word_1_174' title='bbox 629 1572 854 1627; x_wconf 78' lang='lat' dir='ltr'><strong><em>Concilii</em></strong></span> <span class='ocrx_word' id='word_1_175' title='bbox 887 1571 1189 1625; x_wconf 71' lang='lat' dir='ltr'><strong><em>mcumenici</em></strong></span> <span class='ocrx_word' id='word_1_176' title='bbox 1220 1586 1270 1623; x_wconf 88' lang='lat' dir='ltr'><strong><em>vt</em></strong></span> <span class='ocrx_word' id='word_1_177' title='bbox 1302 1583 1525 1621; x_wconf 82' lang='lat' dir='ltr'><strong><em>canones</em></strong></span> <span class='ocrx_word' id='word_1_178' title='bbox 1550 1565 1641 1631; x_wconf 77' lang='lat' dir='ltr'><strong><em>M,</em></strong></span> <span class='ocrx_word' id='word_1_179' title='bbox 1669 1565 1761 1631; x_wconf 77' lang='grc'><strong><em>42,</em></strong></span> <span class='ocrx_word' id='word_1_180' title='bbox 1796 1565 1885 1621; x_wconf 77' lang='grc'><strong><em>46.</em></strong></span> 
     </span>
    </p>
   </div>
   <div class='ocr_carea' id='block_1_26' title="bbox 2171 1498 3699 1636">
    <p class='ocr_par' dir='ltr' id='par_1_26' title="bbox 2171 1560 3699 1636">
     <span class='ocr_line' id='line_1_27' title="bbox 2171 1560 3699 1636; baseline 0.004 -18"><span class='ocrx_word' id='word_1_181' title='bbox 2171 1563 2429 1619; x_wconf 81' lang='grc' dir='ltr'>Συνόδου</span> <span class='ocrx_word' id='word_1_182' title='bbox 2481 1563 2899 1636; x_wconf 76' lang='grc' dir='ltr'>οίκουμενικῆς</span> <span class='ocrx_word' id='word_1_183' title='bbox 2961 1570 3016 1629; x_wconf 82' lang='grc' dir='ltr'>ς’</span> <span class='ocrx_word' id='word_1_184' title='bbox 3052 1564 3253 1616; x_wconf 77' lang='grc' dir='ltr'>κανὼν</span> <span class='ocrx_word' id='word_1_185' title='bbox 3306 1560 3417 1635; x_wconf 82' lang='grc' dir='ltr'>μα’,</span> <span class='ocrx_word' id='word_1_186' title='bbox 3472 1562 3555 1635; x_wconf 76' lang='grc' dir='ltr'><strong><em>μβ¹</em></strong></span> <span class='ocrx_word' id='word_1_187' title='bbox 3602 1565 3699 1636; x_wconf 58' lang='grc' dir='ltr'><strong><em>μέ.</em></strong></span> 
     </span>
    </p>
   </div>
   <div class='ocr_carea' id='block_1_27' title="bbox 396 1648 1924 1733">
    <p class='ocr_par' dir='ltr' id='par_1_27' title="bbox 396 1648 1922 1733">
     <span class='ocr_line' id='line_1_28' title="bbox 396 1648 1922 1733; baseline -0.005 -15"><span class='ocrx_word' id='word_1_188' title='bbox 396 1648 404 1660; x_wconf 47' lang='grc'>³</span> <span class='ocrx_word' id='word_1_189' title='bbox 450 1650 455 1653; x_wconf 32' lang='grc'><em>“</em></span> <span class='ocrx_word' id='word_1_190' title='bbox 550 1663 639 1718; x_wconf 75' lang='grc'><strong>41.</strong></span> <span class='ocrx_word' id='word_1_191' title='bbox 666 1663 772 1719; x_wconf 88' lang='lat' dir='ltr'><strong><em>Eos</em></strong></span> <span class='ocrx_word' id='word_1_192' title='bbox 810 1663 903 1733; x_wconf 91' lang='lat' dir='ltr'><strong><em>qui</em></strong></span> <span class='ocrx_word' id='word_1_193' title='bbox 928 1663 980 1715; x_wconf 91' lang='lat' dir='ltr'><strong><em>in</em></strong></span> <span class='ocrx_word' id='word_1_194' title='bbox 1010 1662 1236 1717; x_wconf 79' lang='lat' dir='ltr'><strong>urbibus</strong></span> <span class='ocrx_word' id='word_1_195' title='bbox 1266 1660 1347 1713; x_wconf 87' lang='lat' dir='ltr'><strong><em>vel</em></strong></span> <span class='ocrx_word' id='word_1_196' title='bbox 1384 1658 1519 1712; x_wconf 91' lang='lat' dir='ltr'><strong><em>vicis</em></strong></span> <span class='ocrx_word' id='word_1_197' title='bbox 1548 1656 1603 1711; x_wconf 90' lang='lat' dir='ltr'><strong><em>in</em></strong></span> <span class='ocrx_word' id='word_1_198' title='bbox 1637 1658 1922 1711; x_wconf 84' lang='lat' dir='ltr'><strong><em>clausuras</em></strong></span> 
     </span>
    </p>
   </div>
   <div class='ocr_carea' id='block_1_28' title="bbox 2176 1648 3704 1733">
    <p class='ocr_par' dir='ltr' id='par_1_28' title="bbox 2235 1654 3704 1729">
     <span class='ocr_line' id='line_1_29' title="bbox 2235 1654 3704 1729; baseline 0.001 -18"><span class='ocrx_word' id='word_1_199' title='bbox 2235 1654 2344 1727; x_wconf 83' lang='grc' dir='ltr'>μα’.</span> <span class='ocrx_word' id='word_1_200' title='bbox 2384 1657 2524 1721; x_wconf 83' lang='grc' dir='ltr'><strong><em>Τοὺς</em></strong></span> <span class='ocrx_word' id='word_1_201' title='bbox 2562 1658 2621 1710; x_wconf 93' lang='grc' dir='ltr'>ἐν</span> <span class='ocrx_word' id='word_1_202' title='bbox 2665 1658 2882 1710; x_wconf 80' lang='grc' dir='ltr'>πόλεσιν</span> <span class='ocrx_word' id='word_1_203' title='bbox 2924 1657 2957 1727; x_wconf 81' lang='grc' dir='ltr'>ἢ</span> <span class='ocrx_word' id='word_1_204' title='bbox 2990 1657 3212 1727; x_wconf 81' lang='grc' dir='ltr'><strong><em>χωρίοις</em></strong></span> <span class='ocrx_word' id='word_1_205' title='bbox 3252 1658 3311 1709; x_wconf 82' lang='grc' dir='ltr'>ἐν</span> <span class='ocrx_word' id='word_1_206' title='bbox 3351 1657 3704 1729; x_wconf 80' lang='grc' dir='ltr'>ἐγκλείστραις</span> 
     </span>
    </p>
   </div>
   <div class='ocr_carea' id='block_1_29' title="bbox 483 1747 2011 1820">
    <p class='ocr_par' dir='ltr' id='par_1_29' title="bbox 483 1748 2011 1819">
     <span class='ocr_line' id='line_1_30' title="bbox 483 1748 2011 1819; baseline -0.006 -11"><span class='ocrx_word' id='word_1_207' title='bbox 483 1754 604 1808; x_wconf 89' lang='lat' dir='ltr'><strong><em>lunt</em></strong></span> <span class='ocrx_word' id='word_1_208' title='bbox 650 1754 940 1815; x_wconf 85' lang='lat' dir='ltr'><strong><em>secedere,</em></strong></span> <span class='ocrx_word' id='word_1_209' title='bbox 983 1760 1038 1807; x_wconf 87' lang='lat' dir='ltr'><strong><em>et</em></strong></span> <span class='ocrx_word' id='word_1_210' title='bbox 1095 1750 1197 1806; x_wconf 87' lang='lat' dir='ltr'><strong><em>sibi</em></strong></span> <span class='ocrx_word' id='word_1_211' title='bbox 1251 1749 1383 1819; x_wconf 89' lang='lat' dir='ltr'><strong><em>ipsis</em></strong></span> <span class='ocrx_word' id='word_1_212' title='bbox 1427 1748 1720 1818; x_wconf 82' lang='lat' dir='ltr'><strong><em>separatim</em></strong></span> <span class='ocrx_word' id='word_1_213' title='bbox 1751 1748 2011 1802; x_wconf 77' lang='lat' dir='ltr'><strong><em>attendert</em></strong></span> 
     </span>
    </p>
   </div>
   <div class='ocr_carea' id='block_1_30' title="bbox 2178 1747 3706 1820">
    <p class='ocr_par' dir='ltr' id='par_1_30' title="bbox 2178 1747 3706 1820">
     <span class='ocr_line' id='line_1_31' title="bbox 2178 1747 3706 1820; baseline 0.001 -20"><span class='ocrx_word' id='word_1_214' title='bbox 2178 1747 2515 1819; x_wconf 66' lang='grc' dir='ltr'>Βουλομένους</span> <span class='ocrx_word' id='word_1_215' title='bbox 2533 1749 2855 1819; x_wconf 80' lang='grc' dir='ltr'><strong><em>ἀναχωρεῖν,</em></strong></span> <span class='ocrx_word' id='word_1_216' title='bbox 2879 1749 2971 1801; x_wconf 80' lang='grc' dir='ltr'>καὶ</span> <span class='ocrx_word' id='word_1_217' title='bbox 3001 1748 3211 1811; x_wconf 77' lang='grc' dir='ltr'><strong><em>ἑαυτοῖς</em></strong></span> <span class='ocrx_word' id='word_1_218' title='bbox 3231 1748 3544 1819; x_wconf 80' lang='grc' dir='ltr'><strong><em>καταμόνας</em></strong></span> <span class='ocrx_word' id='word_1_219' title='bbox 3570 1766 3706 1820; x_wconf 89' lang='grc' dir='ltr'>προσ-</span> 
     </span>
    </p>
   </div>
   <div class='ocr_carea' id='block_1_31' title="bbox 482 1839 2010 1917">
    <p class='ocr_par' dir='ltr' id='par_1_31' title="bbox 482 1840 2010 1917">
     <span class='ocr_line' id='line_1_32' title="bbox 482 1840 2010 1917; baseline -0.005 -16"><span class='ocrx_word' id='word_1_220' title='bbox 482 1847 637 1917; x_wconf 86' lang='lat' dir='ltr'><strong><em>prius</em></strong></span> <span class='ocrx_word' id='word_1_221' title='bbox 669 1846 829 1917; x_wconf 78' lang='lat'><strong><em>363</em></strong></span> <span class='ocrx_word' id='word_1_222' title='bbox 858 1846 1075 1915; x_wconf 86' lang='lat' dir='ltr'><strong>quidem</strong></span> <span class='ocrx_word' id='word_1_223' title='bbox 1114 1846 1166 1898; x_wconf 91' lang='lat' dir='ltr'><strong><em>in</em></strong></span> <span class='ocrx_word' id='word_1_224' title='bbox 1224 1844 1615 1898; x_wconf 84' lang='lat' dir='ltr'><strong><em>monasterium</em></strong></span> <span class='ocrx_word' id='word_1_225' title='bbox 1649 1840 1854 1913; x_wconf 81' lang='lat' dir='ltr'><strong><em>ingredi</em></strong></span> <span class='ocrx_word' id='word_1_226' title='bbox 1885 1856 2010 1910; x_wconf 79' lang='lat' dir='ltr'><strong><em>opor</em></strong></span> 
     </span>
    </p>
   </div>
   <div class='ocr_carea' id='block_1_32' title="bbox 2177 1839 3705 1917">
    <p class='ocr_par' dir='ltr' id='par_1_32' title="bbox 2182 1839 3705 1914">
     <span class='ocr_line' id='line_1_33' title="bbox 2182 1839 3705 1914; baseline 0.002 -23"><span class='ocrx_word' id='word_1_227' title='bbox 2182 1856 2315 1909; x_wconf 89' lang='grc' dir='ltr'>χειν,</span> <span class='ocrx_word' id='word_1_228' title='bbox 2348 1840 2612 1910; x_wconf 82' lang='grc' dir='ltr'>πρότερον</span> <span class='ocrx_word' id='word_1_229' title='bbox 2641 1841 2698 1893; x_wconf 83' lang='grc' dir='ltr'><strong><em>ἐν</em></strong></span> <span class='ocrx_word' id='word_1_230' title='bbox 2731 1839 3083 1911; x_wconf 82' lang='grc' dir='ltr'>μοναστηρίῳ</span> <span class='ocrx_word' id='word_1_231' title='bbox 3112 1840 3336 1893; x_wconf 75' lang='grc' dir='ltr'><strong><em>εἰσιέναι</em></strong></span> <span class='ocrx_word' id='word_1_232' title='bbox 3367 1840 3453 1893; x_wconf 85' lang='grc' dir='ltr'><strong><em>δεῖ</em></strong></span> <span class='ocrx_word' id='word_1_233' title='bbox 3474 1882 3489 1907; x_wconf 88' lang='grc'><strong><em>,</em></strong></span> <span class='ocrx_word' id='word_1_234' title='bbox 3513 1842 3601 1895; x_wconf 77' lang='grc' dir='ltr'>καὶ</span> <span class='ocrx_word' id='word_1_235' title='bbox 3620 1842 3705 1914; x_wconf 79' lang='grc' dir='ltr'><strong><em>τὴν</em></strong></span> 
     </span>
    </p>
   </div>
   <div class='ocr_carea' id='block_1_33' title="bbox 487 1930 2015 2003">
    <p class='ocr_par' dir='ltr' id='par_1_33' title="bbox 487 1932 2015 2002">
     <span class='ocr_line' id='line_1_34' title="bbox 487 1932 2015 2002; baseline -0.003 -13"><span class='ocrx_word' id='word_1_236' title='bbox 487 1946 585 2002; x_wconf 90' lang='lat' dir='ltr'><strong><em>tet,</em></strong></span> <span class='ocrx_word' id='word_1_237' title='bbox 622 1946 677 1992; x_wconf 92' lang='lat' dir='ltr'><strong><em>et</em></strong></span> <span class='ocrx_word' id='word_1_238' title='bbox 712 1936 1179 2001; x_wconf 80' lang='lat' dir='ltr'><strong><em>anachoreticam,</em></strong></span> <span class='ocrx_word' id='word_1_239' title='bbox 1206 1934 1310 1988; x_wconf 93' lang='lat' dir='ltr'><strong><em>hoc</em></strong></span> <span class='ocrx_word' id='word_1_240' title='bbox 1342 1941 1445 1999; x_wconf 88' lang='lat' dir='ltr'><strong><em>est,</em></strong></span> <span class='ocrx_word' id='word_1_241' title='bbox 1495 1933 1563 1987; x_wconf 88' lang='lat' dir='ltr'><strong><em>ab</em></strong></span> <span class='ocrx_word' id='word_1_242' title='bbox 1600 1932 1721 1987; x_wconf 90' lang='lat' dir='ltr'><strong><em>aliis</em></strong></span> <span class='ocrx_word' id='word_1_243' title='bbox 1749 1941 2015 2002; x_wconf 70' lang='lat' dir='ltr'><strong><em>separata:</em></strong></span> 
     </span>
    </p>
   </div>
   <div class='ocr_carea' id='block_1_34' title="bbox 2176 1930 3704 2003">
    <p class='ocr_par' dir='ltr' id='par_1_34' title="bbox 2176 1930 3704 2003">
     <span class='ocr_line' id='line_1_35' title="bbox 2176 1930 3704 2003; baseline 0.003 -20"><span class='ocrx_word' id='word_1_244' title='bbox 2176 1931 2581 2002; x_wconf 77' lang='grc' dir='ltr'>ιναχωρητικὴν</span> <span class='ocrx_word' id='word_1_245' title='bbox 2622 1930 3087 2003; x_wconf 79' lang='grc' dir='ltr'>παιδοτριϐεῖσθαι</span> <span class='ocrx_word' id='word_1_246' title='bbox 3142 1931 3447 2003; x_wconf 83' lang='grc' dir='ltr'>διαγωγὴν,</span> <span class='ocrx_word' id='word_1_247' title='bbox 3500 1935 3584 1985; x_wconf 74' lang='grc' dir='ltr'>καὶ</span> <span class='ocrx_word' id='word_1_248' title='bbox 3628 1935 3704 1987; x_wconf 74' lang='grc' dir='ltr'>ἐπὶ</span> 
     </span>
    </p>
   </div>
   <div class='ocr_carea' id='block_1_35' title="bbox 487 2020 2015 2093">
    <p class='ocr_par' dir='ltr' id='par_1_35' title="bbox 487 2022 2015 2093">
     <span class='ocr_line' id='line_1_36' title="bbox 487 2022 2015 2093; baseline -0.007 -7"><span class='ocrx_word' id='word_1_249' title='bbox 487 2031 553 2086; x_wconf 80' lang='lat' dir='ltr'><strong><em>ac</em></strong></span> <span class='ocrx_word' id='word_1_250' title='bbox 599 2037 867 2085; x_wconf 86' lang='lat' dir='ltr'><strong><em>semotam</em></strong></span> <span class='ocrx_word' id='word_1_251' title='bbox 918 2025 1134 2079; x_wconf 78' lang='lat' dir='ltr'><strong><em>vivendi</em></strong></span> <span class='ocrx_word' id='word_1_252' title='bbox 1171 2025 1432 2079; x_wconf 88' lang='lat' dir='ltr'><strong><em>rationem</em></strong></span> <span class='ocrx_word' id='word_1_253' title='bbox 1465 2037 1738 2085; x_wconf 82' lang='lat' dir='ltr'><strong><em>exercere,</em></strong></span> <span class='ocrx_word' id='word_1_254' title='bbox 1778 2031 1832 2077; x_wconf 92' lang='lat' dir='ltr'><strong><em>et</em></strong></span> <span class='ocrx_word' id='word_1_255' title='bbox 1879 2022 2015 2093; x_wconf 87' lang='lat' dir='ltr'><strong><em>spati</em></strong></span> 
     </span>
    </p>
   </div>
   <div class='ocr_carea' id='block_1_36' title="bbox 2176 2020 3704 2093">
    <p class='ocr_par' dir='ltr' id='par_1_36' title="bbox 2176 2020 3704 2093">
     <span class='ocr_line' id='line_1_37' title="bbox 2176 2020 3704 2093; baseline 0.001 -20"><span class='ocrx_word' id='word_1_256' title='bbox 2176 2022 2344 2091; x_wconf 77' lang='grc' dir='ltr'><strong><em>τριετῆ</em></strong></span> <span class='ocrx_word' id='word_1_257' title='bbox 2376 2020 2565 2091; x_wconf 88' lang='grc' dir='ltr'>χρόνον</span> <span class='ocrx_word' id='word_1_258' title='bbox 2593 2021 2671 2091; x_wconf 81' lang='grc' dir='ltr'><strong><em>τῷ</em></strong></span> <span class='ocrx_word' id='word_1_259' title='bbox 2699 2022 2799 2092; x_wconf 79' lang='grc' dir='ltr'>τῆς</span> <span class='ocrx_word' id='word_1_260' title='bbox 2832 2022 2997 2093; x_wconf 83' lang='grc' dir='ltr'>μονῆς</span> <span class='ocrx_word' id='word_1_261' title='bbox 3031 2021 3311 2092; x_wconf 82' lang='grc' dir='ltr'>ἐξάρχοντι</span> <span class='ocrx_word' id='word_1_262' title='bbox 3346 2024 3402 2075; x_wconf 85' lang='grc' dir='ltr'>ἐν</span> <span class='ocrx_word' id='word_1_263' title='bbox 3425 2022 3573 2090; x_wconf 72' lang='grc' dir='ltr'>φόϐῳ</span> <span class='ocrx_word' id='word_1_264' title='bbox 3593 2021 3704 2075; x_wconf 74' lang='grc' dir='ltr'>Θεοῦ</span> 
     </span>
    </p>
   </div>
   <div class='ocr_carea' id='block_1_37' title="bbox 484 2112 2012 2188">
    <p class='ocr_par' dir='ltr' id='par_1_37' title="bbox 484 2113 2012 2188">
     <span class='ocr_line' id='line_1_38' title="bbox 484 2113 2012 2188; baseline -0.007 -10"><span class='ocrx_word' id='word_1_265' title='bbox 484 2120 705 2179; x_wconf 78' lang='lat' dir='ltr'><strong><em>triennii</em></strong></span> <span class='ocrx_word' id='word_1_266' title='bbox 737 2120 807 2184; x_wconf 90' lang='lat' dir='ltr'><strong><em>ei,</em></strong></span> <span class='ocrx_word' id='word_1_267' title='bbox 840 2118 934 2188; x_wconf 92' lang='lat' dir='ltr'><strong>qui</strong></span> <span class='ocrx_word' id='word_1_268' title='bbox 966 2115 1235 2172; x_wconf 90' lang='lat' dir='ltr'><strong><em>mansioni</em></strong></span> <span class='ocrx_word' id='word_1_269' title='bbox 1274 2123 1484 2186; x_wconf 61' lang='lat' dir='ltr'><strong><em>praeest,</em></strong></span> <span class='ocrx_word' id='word_1_270' title='bbox 1521 2114 1574 2168; x_wconf 89' lang='lat' dir='ltr'><strong><em>in</em></strong></span> <span class='ocrx_word' id='word_1_271' title='bbox 1608 2113 1701 2168; x_wconf 88' lang='lat' dir='ltr'><strong><em>Dei</em></strong></span> <span class='ocrx_word' id='word_1_272' title='bbox 1727 2114 1917 2168; x_wconf 87' lang='lat' dir='ltr'><strong><em>timore</em></strong></span> <span class='ocrx_word' id='word_1_273' title='bbox 1953 2128 2012 2183; x_wconf 82' lang='lat' dir='ltr'><strong><em>pa</em></strong></span> 
     </span>
    </p>
   </div>
   <div class='ocr_carea' id='block_1_38' title="bbox 2183 2112 3711 2188">
    <p class='ocr_par' dir='ltr' id='par_1_38' title="bbox 2183 2112 3711 2185">
     <span class='ocr_line' id='line_1_39' title="bbox 2183 2112 3711 2185; baseline 0.001 -20"><span class='ocrx_word' id='word_1_274' title='bbox 2183 2112 2576 2177; x_wconf 75' lang='grc' dir='ltr'>ποτάττεσθαι,</span> <span class='ocrx_word' id='word_1_275' title='bbox 2629 2115 2723 2166; x_wconf 73' lang='grc' dir='ltr'>καὶ</span> <span class='ocrx_word' id='word_1_276' title='bbox 2770 2113 2868 2185; x_wconf 78' lang='grc' dir='ltr'>τὴν</span> <span class='ocrx_word' id='word_1_277' title='bbox 2913 2114 3055 2167; x_wconf 76' lang='grc' dir='ltr'>κατὰ</span> <span class='ocrx_word' id='word_1_278' title='bbox 3108 2114 3288 2167; x_wconf 75' lang='grc' dir='ltr'>πάντα</span> <span class='ocrx_word' id='word_1_279' title='bbox 3332 2112 3407 2175; x_wconf 84' lang='grc' dir='ltr'>ὡς</span> <span class='ocrx_word' id='word_1_280' title='bbox 3462 2112 3711 2183; x_wconf 79' lang='grc' dir='ltr'>προσῆκεν</span> 
     </span>
    </p>
   </div>
   <div class='ocr_carea' id='block_1_39' title="bbox 482 2205 2010 2279">
    <p class='ocr_par' dir='ltr' id='par_1_39' title="bbox 482 2207 2007 2279">
     <span class='ocr_line' id='line_1_40' title="bbox 482 2207 2007 2279; baseline -0.007 -10"><span class='ocrx_word' id='word_1_281' title='bbox 482 2229 626 2279; x_wconf 84' lang='lat' dir='ltr'><strong><em>rere,</em></strong></span> <span class='ocrx_word' id='word_1_282' title='bbox 658 2222 713 2267; x_wconf 90' lang='lat' dir='ltr'><strong><em>et</em></strong></span> <span class='ocrx_word' id='word_1_283' title='bbox 744 2210 1107 2266; x_wconf 86' lang='lat' dir='ltr'><strong><em>obedientiam</em></strong></span> <span class='ocrx_word' id='word_1_284' title='bbox 1142 2208 1194 2261; x_wconf 93' lang='lat' dir='ltr'><strong><em>in</em></strong></span> <span class='ocrx_word' id='word_1_285' title='bbox 1229 2207 1486 2261; x_wconf 89' lang='lat' dir='ltr'><strong><em>onmibus</em></strong></span> <span class='ocrx_word' id='word_1_286' title='bbox 1510 2247 1525 2271; x_wconf 88' lang='lat'><strong><em>,</em></strong></span> <span class='ocrx_word' id='word_1_287' title='bbox 1584 2215 1643 2260; x_wconf 94' lang='lat' dir='ltr'><strong><em>ut</em></strong></span> <span class='ocrx_word' id='word_1_288' title='bbox 1700 2220 1915 2274; x_wconf 70' lang='lat' dir='ltr'><strong><em>aequum</em></strong></span> <span class='ocrx_word' id='word_1_289' title='bbox 1950 2220 2007 2259; x_wconf 92' lang='lat' dir='ltr'><strong><em>es</em></strong></span> 
     </span>
    </p>
   </div>
   <div class='ocr_carea' id='block_1_40' title="bbox 2183 2205 3711 2279">
    <p class='ocr_par' dir='ltr' id='par_1_40' title="bbox 2183 2205 3711 2278">
     <span class='ocr_line' id='line_1_41' title="bbox 2183 2205 3711 2278; baseline 0.001 -21"><span class='ocrx_word' id='word_1_290' title='bbox 2183 2205 2401 2278; x_wconf 65' lang='grc' dir='ltr'>[πακοὴν</span> <span class='ocrx_word' id='word_1_291' title='bbox 2449 2206 2778 2277; x_wconf 80' lang='grc' dir='ltr'><strong><em>ἐκπληροῦν,</em></strong></span> <span class='ocrx_word' id='word_1_292' title='bbox 2828 2207 2923 2259; x_wconf 76' lang='grc' dir='ltr'>καὶ</span> <span class='ocrx_word' id='word_1_293' title='bbox 2969 2207 3142 2270; x_wconf 79' lang='grc' dir='ltr'>οὕτως</span> <span class='ocrx_word' id='word_1_294' title='bbox 3174 2206 3573 2275; x_wconf 82' lang='grc' dir='ltr'>ὁμολογοῦντας</span> <span class='ocrx_word' id='word_1_295' title='bbox 3601 2206 3711 2276; x_wconf 81' lang='grc' dir='ltr'><strong><em>περί</em></strong></span> 
     </span>
    </p>
   </div>
   <div class='ocr_carea' id='block_1_41' title="bbox 476 2296 2004 2373">
    <p class='ocr_par' dir='ltr' id='par_1_41' title="bbox 476 2298 2004 2373">
     <span class='ocr_line' id='line_1_42' title="bbox 476 2298 2004 2373; baseline -0.009 -13"><span class='ocrx_word' id='word_1_296' title='bbox 476 2306 706 2373; x_wconf 86' lang='lat' dir='ltr'><strong><em>implere</em></strong></span> <span class='ocrx_word' id='word_1_297' title='bbox 725 2344 741 2370; x_wconf 96' lang='lat'><strong><em>,</em></strong></span> <span class='ocrx_word' id='word_1_298' title='bbox 781 2311 834 2357; x_wconf 90' lang='lat' dir='ltr'><strong><em>et</em></strong></span> <span class='ocrx_word' id='word_1_299' title='bbox 860 2302 932 2356; x_wconf 90' lang='lat' dir='ltr'><strong><em>ita</em></strong></span> <span class='ocrx_word' id='word_1_300' title='bbox 961 2300 1122 2371; x_wconf 87' lang='lat' dir='ltr'><strong><em>hujus</em></strong></span> <span class='ocrx_word' id='word_1_301' title='bbox 1151 2300 1274 2353; x_wconf 64' lang='lat' dir='ltr'><strong><em>vita:</em></strong></span> <span class='ocrx_word' id='word_1_302' title='bbox 1297 2298 1554 2366; x_wconf 73' lang='lat' dir='ltr'><strong><em>eligenda:</em></strong></span> <span class='ocrx_word' id='word_1_303' title='bbox 1581 2298 1888 2352; x_wconf 90' lang='lat' dir='ltr'><strong><em>institutum</em></strong></span> <span class='ocrx_word' id='word_1_304' title='bbox 1930 2310 2004 2365; x_wconf 58' lang='lat' dir='ltr'><strong><em>pri</em></strong></span> 
     </span>
    </p>
   </div>
   <div class='ocr_carea' id='block_1_42' title="bbox 2184 2296 3712 2373">
    <p class='ocr_par' dir='ltr' id='par_1_42' title="bbox 2184 2296 3712 2370">
     <span class='ocr_line' id='line_1_43' title="bbox 2184 2296 3712 2370; baseline -0.001 -19"><span class='ocrx_word' id='word_1_305' title='bbox 2184 2298 2252 2366; x_wconf 79' lang='grc' dir='ltr'>ἧς</span> <span class='ocrx_word' id='word_1_306' title='bbox 2284 2300 2342 2351; x_wconf 89' lang='grc' dir='ltr'><strong><em>ἐν</em></strong></span> <span class='ocrx_word' id='word_1_307' title='bbox 2379 2297 2456 2368; x_wconf 86' lang='grc' dir='ltr'>τῷ</span> <span class='ocrx_word' id='word_1_308' title='bbox 2480 2298 2706 2369; x_wconf 81' lang='grc' dir='ltr'>τοιούτῳ</span> <span class='ocrx_word' id='word_1_309' title='bbox 2744 2297 2843 2368; x_wconf 88' lang='grc' dir='ltr'><strong><em>βίῳ</em></strong></span> <span class='ocrx_word' id='word_1_310' title='bbox 2872 2298 3267 2370; x_wconf 81' lang='grc' dir='ltr'>προαιρέσεως,</span> <span class='ocrx_word' id='word_1_311' title='bbox 3303 2297 3397 2351; x_wconf 84' lang='grc' dir='ltr'><strong><em>καί</em></strong></span> <span class='ocrx_word' id='word_1_312' title='bbox 3429 2296 3506 2361; x_wconf 83' lang='grc' dir='ltr'>ὡς</span> <span class='ocrx_word' id='word_1_313' title='bbox 3531 2296 3587 2361; x_wconf 81' lang='grc' dir='ltr'>ἐξ</span> <span class='ocrx_word' id='word_1_314' title='bbox 3603 2296 3712 2367; x_wconf 80' lang='grc' dir='ltr'>ὅλης</span> 
     </span>
    </p>
   </div>
   <div class='ocr_carea' id='block_1_43' title="bbox 479 2387 2007 2460">
    <p class='ocr_par' dir='ltr' id='par_1_43' title="bbox 479 2387 2007 2460">
     <span class='ocr_line' id='line_1_44' title="bbox 479 2387 2007 2460; baseline -0.01 -11"><span class='ocrx_word' id='word_1_315' title='bbox 479 2394 729 2459; x_wconf 78' lang='lat' dir='ltr'><strong><em>mentes;</em></strong></span> <span class='ocrx_word' id='word_1_316' title='bbox 785 2398 839 2446; x_wconf 90' lang='lat' dir='ltr'><strong><em>et</em></strong></span> <span class='ocrx_word' id='word_1_317' title='bbox 868 2388 1011 2460; x_wconf 91' lang='lat' dir='ltr'><strong><em>quod</em></strong></span> <span class='ocrx_word' id='word_1_318' title='bbox 1067 2404 1186 2443; x_wconf 87' lang='lat' dir='ltr'><strong><em>eam</em></strong></span> <span class='ocrx_word' id='word_1_319' title='bbox 1245 2403 1311 2443; x_wconf 82' lang='lat' dir='ltr'><strong><em>ex</em></strong></span> <span class='ocrx_word' id='word_1_320' title='bbox 1364 2396 1475 2443; x_wconf 91' lang='lat' dir='ltr'><strong><em>toto</em></strong></span> <span class='ocrx_word' id='word_1_321' title='bbox 1524 2387 1687 2441; x_wconf 84' lang='lat' dir='ltr'><strong><em>corde</em></strong></span> <span class='ocrx_word' id='word_1_322' title='bbox 1727 2400 1825 2441; x_wconf 90' lang='lat' dir='ltr'><strong><em>sua</em></strong></span> <span class='ocrx_word' id='word_1_323' title='bbox 1862 2398 2007 2456; x_wconf 85' lang='lat' dir='ltr'><strong><em>spem</em></strong></span> 
     </span>
    </p>
   </div>
   <div class='ocr_carea' id='block_1_44' title="bbox 2182 2387 3710 2460">
    <p class='ocr_par' dir='ltr' id='par_1_44' title="bbox 2182 2388 3710 2460">
     <span class='ocr_line' id='line_1_45' title="bbox 2182 2388 3710 2460; baseline -0.001 -19"><span class='ocrx_word' id='word_1_324' title='bbox 2182 2388 2381 2460; x_wconf 76' lang='grc' dir='ltr'>εαρδίας</span> <span class='ocrx_word' id='word_1_325' title='bbox 2411 2389 2676 2453; x_wconf 67' lang='grc' dir='ltr'>ἑκουσίως</span> <span class='ocrx_word' id='word_1_326' title='bbox 2709 2388 2895 2442; x_wconf 80' lang='grc' dir='ltr'>τοῦτον</span> <span class='ocrx_word' id='word_1_327' title='bbox 2926 2388 3261 2452; x_wconf 75' lang='grc' dir='ltr'>ἀσπάζονται</span> <span class='ocrx_word' id='word_1_328' title='bbox 3281 2428 3297 2453; x_wconf 90' lang='grc'><strong><em>,</em></strong></span> <span class='ocrx_word' id='word_1_329' title='bbox 3327 2388 3435 2443; x_wconf 82' lang='grc' dir='ltr'><strong><em>ὑπὸ</em></strong></span> <span class='ocrx_word' id='word_1_330' title='bbox 3474 2388 3564 2442; x_wconf 82' lang='grc' dir='ltr'><strong><em>τοῦ</em></strong></span> <span class='ocrx_word' id='word_1_331' title='bbox 3592 2388 3710 2441; x_wconf 68' lang='grc' dir='ltr'>κατὰ</span> 
     </span>
    </p>
   </div>
   <div class='ocr_carea' id='block_1_45' title="bbox 480 2473 2008 2555">
    <p class='ocr_par' dir='ltr' id='par_1_45' title="bbox 480 2476 2008 2555">
     <span class='ocr_line' id='line_1_46' title="bbox 480 2476 2008 2555; baseline -0.006 -15"><span class='ocrx_word' id='word_1_332' title='bbox 480 2487 920 2555; x_wconf 86' lang='lat' dir='ltr'><strong><em>amplectuntur,</em></strong></span> <span class='ocrx_word' id='word_1_333' title='bbox 976 2481 1045 2536; x_wconf 89' lang='lat' dir='ltr'><strong><em>ab</em></strong></span> <span class='ocrx_word' id='word_1_334' title='bbox 1096 2480 1216 2551; x_wconf 86' lang='lat' dir='ltr'><strong><em>ejus</em></strong></span> <span class='ocrx_word' id='word_1_335' title='bbox 1270 2479 1374 2535; x_wconf 90' lang='lat' dir='ltr'><strong><em>loci</em></strong></span> <span class='ocrx_word' id='word_1_336' title='bbox 1429 2478 1662 2549; x_wconf 63' lang='lat' dir='ltr'><strong><em>praesule</em></strong></span> <span class='ocrx_word' id='word_1_337' title='bbox 1707 2476 2008 2533; x_wconf 79' lang='lat' dir='ltr'><strong><em>examinari</em></strong></span> 
     </span>
    </p>
   </div>
   <div class='ocr_carea' id='block_1_46' title="bbox 2186 2473 3714 2555">
    <p class='ocr_par' dir='ltr' id='par_1_46' title="bbox 2187 2473 3714 2553">
     <span class='ocr_line' id='line_1_47' title="bbox 2187 2473 3714 2553; baseline -0.001 -22"><span class='ocrx_word' id='word_1_338' title='bbox 2187 2477 2245 2533; x_wconf 81' lang='grc' dir='ltr'><strong><em>δν</em></strong></span> <span class='ocrx_word' id='word_1_339' title='bbox 2291 2478 2453 2532; x_wconf 89' lang='grc' dir='ltr'>τόπον</span> <span class='ocrx_word' id='word_1_340' title='bbox 2498 2478 2888 2551; x_wconf 78' lang='grc' dir='ltr'><strong><em>δοκιμάζεσθαι</em></strong></span> <span class='ocrx_word' id='word_1_341' title='bbox 2943 2480 3207 2553; x_wconf 80' lang='grc' dir='ltr'>προέδρου</span> <span class='ocrx_word' id='word_1_342' title='bbox 3234 2496 3250 2511; x_wconf 88' lang='grc'><strong>·</strong></span> <span class='ocrx_word' id='word_1_343' title='bbox 3301 2473 3401 2533; x_wconf 75' lang='grc' dir='ltr'>εἷθ’</span> <span class='ocrx_word' id='word_1_344' title='bbox 3433 2480 3604 2543; x_wconf 69' lang='grc' dir='ltr'>οὕτως</span> <span class='ocrx_word' id='word_1_345' title='bbox 3640 2478 3714 2549; x_wconf 79' lang='grc' dir='ltr'>ἐφ’</span> 
     </span>
    </p>
   </div>
   <div class='ocr_carea' id='block_1_47' title="bbox 480 2566 2008 2643">
    <p class='ocr_par' dir='ltr' id='par_1_47' title="bbox 480 2569 2008 2633">
     <span class='ocr_line' id='line_1_48' title="bbox 480 2569 2008 2633; baseline -0.007 0"><span class='ocrx_word' id='word_1_346' title='bbox 480 2578 676 2633; x_wconf 89' lang='lat' dir='ltr'><strong><em>deinde</em></strong></span> <span class='ocrx_word' id='word_1_347' title='bbox 707 2576 787 2632; x_wconf 82' lang='lat' dir='ltr'><strong><em>sic</em></strong></span> <span class='ocrx_word' id='word_1_348' title='bbox 814 2574 922 2629; x_wconf 84' lang='lat' dir='ltr'><strong><em>alio</em></strong></span> <span class='ocrx_word' id='word_1_349' title='bbox 952 2587 1100 2628; x_wconf 90' lang='lat' dir='ltr'><strong><em>anno</em></strong></span> <span class='ocrx_word' id='word_1_350' title='bbox 1158 2582 1312 2627; x_wconf 76' lang='lat' dir='ltr'><strong><em>extra</em></strong></span> <span class='ocrx_word' id='word_1_351' title='bbox 1369 2572 1678 2627; x_wconf 86' lang='lat' dir='ltr'><strong><em>clausuram</em></strong></span> <span class='ocrx_word' id='word_1_352' title='bbox 1728 2569 1943 2624; x_wconf 81' lang='lat' dir='ltr'><strong><em>fortiter</em></strong></span> <span class='ocrx_word' id='word_1_353' title='bbox 1995 2584 2008 2623; x_wconf 78' lang='grc' dir='ltr'><strong><em>ε</em></strong></span> 
     </span>
    </p>
   </div>
   <div class='ocr_carea' id='block_1_48' title="bbox 2186 2566 3714 2643">
    <p class='ocr_par' dir='ltr' id='par_1_48' title="bbox 2186 2566 3714 2643">
     <span class='ocr_line' id='line_1_49' title="bbox 2186 2566 3714 2643; baseline 0.001 -22"><span class='ocrx_word' id='word_1_354' title='bbox 2186 2585 2338 2640; x_wconf 80' lang='grc' dir='ltr'>τερον</span> <span class='ocrx_word' id='word_1_355' title='bbox 2385 2569 2653 2637; x_wconf 82' lang='grc' dir='ltr'>ἐνιαυτὸν,</span> <span class='ocrx_word' id='word_1_356' title='bbox 2682 2566 2882 2635; x_wconf 77' lang='grc' dir='ltr'>ἐξωθεν</span> <span class='ocrx_word' id='word_1_357' title='bbox 2912 2571 3012 2641; x_wconf 80' lang='grc' dir='ltr'>τῆς</span> <span class='ocrx_word' id='word_1_358' title='bbox 3058 2570 3419 2642; x_wconf 81' lang='grc' dir='ltr'>ἐγκλείστρας</span> <span class='ocrx_word' id='word_1_359' title='bbox 3460 2587 3714 2643; x_wconf 86' lang='grc' dir='ltr'>προσκαρ-</span> 
     </span>
    </p>
   </div>
   <div class='ocr_carea' id='block_1_49' title="bbox 480 2655 2008 2736">
    <p class='ocr_par' dir='ltr' id='par_1_49' title="bbox 480 2655 2000 2736">
     <span class='ocr_line' id='line_1_50' title="bbox 480 2655 2000 2736; baseline -0.007 -17"><span class='ocrx_word' id='word_1_360' title='bbox 480 2680 688 2736; x_wconf 74' lang='lat' dir='ltr'><strong><em>gerere,</em></strong></span> <span class='ocrx_word' id='word_1_361' title='bbox 717 2671 776 2719; x_wconf 89' lang='lat' dir='ltr'><strong><em>ut</em></strong></span> <span class='ocrx_word' id='word_1_362' title='bbox 806 2678 1006 2733; x_wconf 83' lang='lat' dir='ltr'><strong><em>scopus</em></strong></span> <span class='ocrx_word' id='word_1_363' title='bbox 1054 2676 1243 2716; x_wconf 90' lang='lat' dir='ltr'><strong><em>eorum</em></strong></span> <span class='ocrx_word' id='word_1_364' title='bbox 1285 2662 1478 2715; x_wconf 87' lang='lat' dir='ltr'><strong><em>evadat</em></strong></span> <span class='ocrx_word' id='word_1_365' title='bbox 1511 2658 1875 2713; x_wconf 82' lang='lat' dir='ltr'><strong><em>manifestior.</em></strong></span> <span class='ocrx_word' id='word_1_366' title='bbox 1900 2655 2000 2712; x_wconf 84' lang='grc' dir='ltr'>Τιιι</span> 
     </span>
    </p>
   </div>
   <div class='ocr_carea' id='block_1_50' title="bbox 2184 2655 3712 2736">
    <p class='ocr_par' dir='ltr' id='par_1_50' title="bbox 2184 2658 3712 2734">
     <span class='ocr_line' id='line_1_51' title="bbox 2184 2658 3712 2734; baseline 0.003 -23"><span class='ocrx_word' id='word_1_367' title='bbox 2184 2661 2352 2730; x_wconf 42' lang='grc' dir='ltr'>κερεῖν,</span> <span class='ocrx_word' id='word_1_368' title='bbox 2378 2658 2452 2723; x_wconf 85' lang='grc' dir='ltr'><strong><em>ὡς</em></strong></span> <span class='ocrx_word' id='word_1_369' title='bbox 2481 2660 2547 2715; x_wconf 85' lang='grc' dir='ltr'>ἂν</span> <span class='ocrx_word' id='word_1_370' title='bbox 2585 2661 2613 2713; x_wconf 88' lang='grc' dir='ltr'><strong><em>ό</em></strong></span> <span class='ocrx_word' id='word_1_371' title='bbox 2644 2660 2844 2725; x_wconf 72' lang='grc' dir='ltr'>σκοπὸς</span> <span class='ocrx_word' id='word_1_372' title='bbox 2872 2662 3050 2715; x_wconf 84' lang='grc' dir='ltr'>αὐτῶν</span> <span class='ocrx_word' id='word_1_373' title='bbox 3076 2660 3339 2726; x_wconf 82' lang='grc' dir='ltr'>πλειόνως</span> <span class='ocrx_word' id='word_1_374' title='bbox 3368 2662 3712 2734; x_wconf 83' lang='grc' dir='ltr'>φανερωθείη·</span> 
     </span>
    </p>
   </div>
   <div class='ocr_carea' id='block_1_51' title="bbox 478 2750 2006 2827">
    <p class='ocr_par' dir='ltr' id='par_1_51' title="bbox 478 2750 2006 2827">
     <span class='ocr_line' id='line_1_52' title="bbox 478 2750 2006 2827; baseline -0.007 -14"><span class='ocrx_word' id='word_1_375' title='bbox 478 2759 625 2813; x_wconf 87' lang='lat' dir='ltr'><strong><em>enim</em></strong></span> <span class='ocrx_word' id='word_1_376' title='bbox 678 2758 836 2827; x_wconf 87' lang='lat' dir='ltr'><strong><em>plene</em></strong></span> <span class='ocrx_word' id='word_1_377' title='bbox 887 2770 951 2810; x_wconf 90' lang='lat' dir='ltr'><strong><em>ac</em></strong></span> <span class='ocrx_word' id='word_1_378' title='bbox 1001 2754 1240 2825; x_wconf 80' lang='lat' dir='ltr'><strong><em>perfecte</em></strong></span> <span class='ocrx_word' id='word_1_379' title='bbox 1294 2753 1714 2823; x_wconf 76' lang='lat' dir='ltr'><strong><em>significabunt,</em></strong></span> <span class='ocrx_word' id='word_1_380' title='bbox 1764 2750 1908 2821; x_wconf 91' lang='lat' dir='ltr'><strong><em>quod</em></strong></span> <span class='ocrx_word' id='word_1_381' title='bbox 1945 2765 2006 2804; x_wconf 88' lang='lat' dir='ltr'><strong><em>no</em></strong></span> 
     </span>
    </p>
   </div>
   <div class='ocr_carea' id='block_1_52' title="bbox 2187 2750 3715 2827">
    <p class='ocr_par' dir='ltr' id='par_1_52' title="bbox 2188 2750 3715 2826">
     <span class='ocr_line' id='line_1_53' title="bbox 2188 2750 3715 2826; baseline 0.002 -22"><span class='ocrx_word' id='word_1_382' title='bbox 2188 2751 2453 2822; x_wconf 83' lang='grc' dir='ltr'>ηνικαῦτα</span> <span class='ocrx_word' id='word_1_383' title='bbox 2475 2750 2583 2822; x_wconf 83' lang='grc' dir='ltr'>γὰρ</span> <span class='ocrx_word' id='word_1_384' title='bbox 2603 2752 2978 2826; x_wconf 80' lang='grc' dir='ltr'>πληροφορίαν</span> <span class='ocrx_word' id='word_1_385' title='bbox 3006 2753 3354 2825; x_wconf 75' lang='grc' dir='ltr'>παρέξουσιν·</span> <span class='ocrx_word' id='word_1_386' title='bbox 3384 2754 3465 2818; x_wconf 84' lang='grc' dir='ltr'>ὡς</span> <span class='ocrx_word' id='word_1_387' title='bbox 3489 2755 3546 2808; x_wconf 83' lang='grc' dir='ltr'>οὐ</span> <span class='ocrx_word' id='word_1_388' title='bbox 3573 2755 3715 2825; x_wconf 76' lang='grc' dir='ltr'>κενὴν</span> 
     </span>
    </p>
   </div>
   <div class='ocr_carea' id='block_1_53' title="bbox 480 2842 2008 2921">
    <p class='ocr_par' dir='ltr' id='par_1_53' title="bbox 480 2845 2008 2919">
     <span class='ocr_line' id='line_1_54' title="bbox 480 2845 2008 2919; baseline -0.005 -16"><span class='ocrx_word' id='word_1_389' title='bbox 480 2851 698 2905; x_wconf 88' lang='lat' dir='ltr'><strong><em>inanem</em></strong></span> <span class='ocrx_word' id='word_1_390' title='bbox 736 2848 961 2919; x_wconf 78' lang='lat' dir='ltr'><strong><em>gloriam</em></strong></span> <span class='ocrx_word' id='word_1_391' title='bbox 986 2857 1291 2917; x_wconf 85' lang='lat' dir='ltr'><strong><em>captantes,</em></strong></span> <span class='ocrx_word' id='word_1_392' title='bbox 1323 2848 1418 2900; x_wconf 90' lang='lat' dir='ltr'><strong><em>sed</em></strong></span> <span class='ocrx_word' id='word_1_393' title='bbox 1474 2852 1700 2915; x_wconf 88' lang='lat' dir='ltr'><strong><em>propter</em></strong></span> <span class='ocrx_word' id='word_1_394' title='bbox 1732 2845 1912 2914; x_wconf 90' lang='lat' dir='ltr'><strong><em>ipsum</em></strong></span> <span class='ocrx_word' id='word_1_395' title='bbox 1968 2858 2008 2895; x_wconf 71' lang='lat' dir='ltr'><strong><em>rt</em></strong></span> 
     </span>
    </p>
   </div>
   <div class='ocr_carea' id='block_1_54' title="bbox 2187 2842 3715 2921">
    <p class='ocr_par' dir='ltr' id='par_1_54' title="bbox 2192 2842 3715 2921">
     <span class='ocr_line' id='line_1_55' title="bbox 2192 2842 3715 2921; baseline 0.003 -24"><span class='ocrx_word' id='word_1_396' title='bbox 2192 2842 2463 2915; x_wconf 83' lang='grc' dir='ltr'>ηρὼμενοι</span> <span class='ocrx_word' id='word_1_397' title='bbox 2497 2845 2676 2913; x_wconf 78' lang='grc' dir='ltr'>δόξαν,</span> <span class='ocrx_word' id='word_1_398' title='bbox 2711 2846 2847 2901; x_wconf 81' lang='grc' dir='ltr'><strong><em>ἀλλὰ</em></strong></span> <span class='ocrx_word' id='word_1_399' title='bbox 2877 2846 2944 2901; x_wconf 83' lang='grc' dir='ltr'>δι’</span> <span class='ocrx_word' id='word_1_400' title='bbox 2968 2848 3103 2903; x_wconf 85' lang='grc' dir='ltr'>αύτδ</span> <span class='ocrx_word' id='word_1_401' title='bbox 3125 2849 3185 2902; x_wconf 85' lang='grc' dir='ltr'>τὸ</span> <span class='ocrx_word' id='word_1_402' title='bbox 3212 2848 3383 2913; x_wconf 76' lang='grc' dir='ltr'>ὅντως</span> <span class='ocrx_word' id='word_1_403' title='bbox 3419 2849 3602 2913; x_wconf 78' lang='grc' dir='ltr'>καλὸν,</span> <span class='ocrx_word' id='word_1_404' title='bbox 3630 2850 3715 2921; x_wconf 74' lang='grc' dir='ltr'><strong><em>τὴν</em></strong></span> 
     </span>
    </p>
   </div>
   <div class='ocr_carea' id='block_1_55' title="bbox 480 2936 2008 3010">
    <p class='ocr_par' dir='ltr' id='par_1_55' title="bbox 480 2937 2008 3007">
     <span class='ocr_line' id='line_1_56' title="bbox 480 2937 2008 3007; baseline -0.005 -12"><span class='ocrx_word' id='word_1_405' title='bbox 480 2957 606 2995; x_wconf 91' lang='lat' dir='ltr'><strong><em>vera</em></strong></span> <span class='ocrx_word' id='word_1_406' title='bbox 637 2940 925 3007; x_wconf 86' lang='lat' dir='ltr'><strong><em>pulchrum</em></strong></span> <span class='ocrx_word' id='word_1_407' title='bbox 964 2953 1029 2992; x_wconf 91' lang='lat' dir='ltr'><strong><em>ac</em></strong></span> <span class='ocrx_word' id='word_1_408' title='bbox 1053 2938 1341 2993; x_wconf 89' lang='lat' dir='ltr'><strong><em>honestum</em></strong></span> <span class='ocrx_word' id='word_1_409' title='bbox 1379 2938 1479 2991; x_wconf 92' lang='lat' dir='ltr'><strong><em>hoc</em></strong></span> <span class='ocrx_word' id='word_1_410' title='bbox 1504 2937 1675 2991; x_wconf 87' lang='lat' dir='ltr'><strong><em>otium</em></strong></span> <span class='ocrx_word' id='word_1_411' title='bbox 1708 2950 2008 3006; x_wconf 85' lang='lat' dir='ltr'><strong><em>persequun</em></strong></span> 
     </span>
    </p>
   </div>
   <div class='ocr_carea' id='block_1_56' title="bbox 2183 2936 3711 3010">
    <p class='ocr_par' dir='ltr' id='par_1_56' title="bbox 2183 2936 3711 3010">
     <span class='ocr_line' id='line_1_57' title="bbox 2183 2936 3711 3010; baseline 0.004 -23"><span class='ocrx_word' id='word_1_412' title='bbox 2183 2936 2386 3006; x_wconf 82' lang='grc' dir='ltr'>ισυχίαν</span> <span class='ocrx_word' id='word_1_413' title='bbox 2414 2936 2618 3009; x_wconf 88' lang='grc' dir='ltr'>ταύτην</span> <span class='ocrx_word' id='word_1_414' title='bbox 2649 2938 3063 3008; x_wconf 86' lang='grc' dir='ltr'>μεταδιώκουσι·</span> <span class='ocrx_word' id='word_1_415' title='bbox 3111 2940 3249 3010; x_wconf 81' lang='grc' dir='ltr'>μετά</span> <span class='ocrx_word' id='word_1_416' title='bbox 3276 2941 3335 2994; x_wconf 80' lang='grc' dir='ltr'>δὲ</span> <span class='ocrx_word' id='word_1_417' title='bbox 3355 2941 3460 3009; x_wconf 78' lang='grc' dir='ltr'>τὴν</span> <span class='ocrx_word' id='word_1_418' title='bbox 3489 2940 3580 2993; x_wconf 82' lang='grc' dir='ltr'><strong><em>τοῦ</em></strong></span> <span class='ocrx_word' id='word_1_419' title='bbox 3601 2957 3711 2993; x_wconf 86' lang='grc' dir='ltr'>τοσ-</span> 
     </span>
    </p>
   </div>
   <div class='ocr_carea' id='block_1_57' title="bbox 480 3025 2008 3104">
    <p class='ocr_par' dir='ltr' id='par_1_57' title="bbox 480 3025 2008 3101">
     <span class='ocr_line' id='line_1_58' title="bbox 480 3025 2008 3101; baseline -0.006 -13"><span class='ocrx_word' id='word_1_420' title='bbox 480 3042 592 3096; x_wconf 88' lang='lat' dir='ltr'><strong><em>tur,</em></strong></span> <span class='ocrx_word' id='word_1_421' title='bbox 653 3039 776 3101; x_wconf 90' lang='lat' dir='ltr'><strong><em>post</em></strong></span> <span class='ocrx_word' id='word_1_422' title='bbox 841 3040 1023 3085; x_wconf 89' lang='lat' dir='ltr'><strong><em>autem</em></strong></span> <span class='ocrx_word' id='word_1_423' title='bbox 1084 3029 1346 3097; x_wconf 91' lang='lat' dir='ltr'><strong><em>temporis</em></strong></span> <span class='ocrx_word' id='word_1_424' title='bbox 1393 3028 1872 3098; x_wconf 83' lang='lat' dir='ltr'><strong><em>complementum,</em></strong></span> <span class='ocrx_word' id='word_1_425' title='bbox 1902 3025 1946 3081; x_wconf 91' lang='lat' dir='ltr'><strong><em>si</em></strong></span> <span class='ocrx_word' id='word_1_426' title='bbox 1998 3025 2008 3079; x_wconf 93' lang='lat' dir='ltr'><strong><em>i</em></strong></span> 
     </span>
    </p>
   </div>
   <div class='ocr_carea' id='block_1_58' title="bbox 2186 3025 3714 3104">
    <p class='ocr_par' dir='ltr' id='par_1_58' title="bbox 2188 3028 3714 3104">
     <span class='ocr_line' id='line_1_59' title="bbox 2188 3028 3714 3104; baseline 0.003 -24"><span class='ocrx_word' id='word_1_427' title='bbox 2188 3028 2315 3081; x_wconf 87' lang='grc' dir='ltr'>ύτου</span> <span class='ocrx_word' id='word_1_428' title='bbox 2356 3029 2549 3101; x_wconf 88' lang='grc' dir='ltr'>χρόνου</span> <span class='ocrx_word' id='word_1_429' title='bbox 2593 3030 3006 3101; x_wconf 81' lang='grc' dir='ltr'>συμπλήρωσιν,</span> <span class='ocrx_word' id='word_1_430' title='bbox 3054 3032 3103 3084; x_wconf 91' lang='grc' dir='ltr'><strong><em>εί</em></strong></span> <span class='ocrx_word' id='word_1_431' title='bbox 3139 3034 3205 3104; x_wconf 81' lang='grc' dir='ltr'>τῇ</span> <span class='ocrx_word' id='word_1_432' title='bbox 3234 3032 3373 3103; x_wconf 77' lang='grc' dir='ltr'>αὐτῇ</span> <span class='ocrx_word' id='word_1_433' title='bbox 3412 3033 3714 3103; x_wconf 83' lang='grc' dir='ltr'>προαιρέσει</span> 
     </span>
    </p>
   </div>
   <div class='ocr_carea' id='block_1_59' title="bbox 480 3118 2008 3195">
    <p class='ocr_par' dir='ltr' id='par_1_59' title="bbox 480 3118 2008 3193">
     <span class='ocr_line' id='line_1_60' title="bbox 480 3118 2008 3193; baseline -0.005 -14"><span class='ocrx_word' id='word_1_434' title='bbox 480 3124 672 3179; x_wconf 86' lang='lat' dir='ltr'><strong><em>eodem</em></strong></span> <span class='ocrx_word' id='word_1_435' title='bbox 729 3122 992 3193; x_wconf 73' lang='lat' dir='ltr'><strong><em>eligenda:</em></strong></span> <span class='ocrx_word' id='word_1_436' title='bbox 1038 3122 1163 3175; x_wconf 61' lang='lat' dir='ltr'><strong><em>vitae</em></strong></span> <span class='ocrx_word' id='word_1_437' title='bbox 1222 3120 1470 3175; x_wconf 87' lang='lat' dir='ltr'><strong><em>instituto</em></strong></span> <span class='ocrx_word' id='word_1_438' title='bbox 1526 3125 1917 3189; x_wconf 84' lang='lat' dir='ltr'><strong><em>permaneant,</em></strong></span> <span class='ocrx_word' id='word_1_439' title='bbox 1972 3118 2008 3172; x_wconf 87' lang='lat' dir='ltr'><strong><em>it</em></strong></span> 
     </span>
    </p>
   </div>
   <div class='ocr_carea' id='block_1_60' title="bbox 2186 3118 3714 3195">
    <p class='ocr_par' dir='ltr' id='par_1_60' title="bbox 2190 3119 3714 3195">
     <span class='ocr_line' id='line_1_61' title="bbox 2190 3119 3714 3195; baseline 0.004 -23"><span class='ocrx_word' id='word_1_440' title='bbox 2190 3119 2465 3190; x_wconf 84' lang='grc' dir='ltr'>μμένοιεν,</span> <span class='ocrx_word' id='word_1_441' title='bbox 2498 3121 2879 3190; x_wconf 77' lang='grc' dir='ltr'>ἐγκεκλεῖσθαι</span> <span class='ocrx_word' id='word_1_442' title='bbox 2905 3123 3122 3190; x_wconf 79' lang='grc' dir='ltr'>αὐτοὺς,</span> <span class='ocrx_word' id='word_1_443' title='bbox 3155 3124 3251 3178; x_wconf 72' lang='grc' dir='ltr'><strong><em>καὶ</em></strong></span> <span class='ocrx_word' id='word_1_444' title='bbox 3282 3124 3487 3195; x_wconf 80' lang='grc' dir='ltr'>μηκέτι</span> <span class='ocrx_word' id='word_1_445' title='bbox 3512 3124 3714 3187; x_wconf 83' lang='grc' dir='ltr'>τούτους</span> 
     </span>
    </p>
   </div>
   <div class='ocr_carea' id='block_1_61' title="bbox 480 3197 2008 3288">
    <p class='ocr_par' dir='ltr' id='par_1_61' title="bbox 480 3209 2008 3281">
     <span class='ocr_line' id='line_1_62' title="bbox 480 3209 2008 3281; baseline -0.003 -13"><span class='ocrx_word' id='word_1_446' title='bbox 480 3212 623 3268; x_wconf 89' lang='lat' dir='ltr'><strong><em>cludi</em></strong></span> <span class='ocrx_word' id='word_1_447' title='bbox 657 3212 824 3281; x_wconf 86' lang='lat' dir='ltr'><strong><em>ipsos,</em></strong></span> <span class='ocrx_word' id='word_1_448' title='bbox 855 3221 909 3265; x_wconf 93' lang='lat' dir='ltr'><strong><em>et</em></strong></span> <span class='ocrx_word' id='word_1_449' title='bbox 937 3210 1017 3266; x_wconf 89' lang='lat' dir='ltr'><strong><em>eis</em></strong></span> <span class='ocrx_word' id='word_1_450' title='bbox 1052 3225 1159 3264; x_wconf 91' lang='lat' dir='ltr'><strong><em>non</em></strong></span> <span class='ocrx_word' id='word_1_451' title='bbox 1192 3210 1434 3280; x_wconf 78' lang='lat' dir='ltr'><strong><em>amplius</em></strong></span> <span class='ocrx_word' id='word_1_452' title='bbox 1467 3210 1631 3264; x_wconf 87' lang='lat' dir='ltr'><strong><em>licere</em></strong></span> <span class='ocrx_word' id='word_1_453' title='bbox 1652 3246 1666 3266; x_wconf 94' lang='lat'><strong>.</strong></span> <span class='ocrx_word' id='word_1_454' title='bbox 1698 3209 1919 3278; x_wconf 84' lang='lat' dir='ltr'><strong><em>quando</em></strong></span> <span class='ocrx_word' id='word_1_455' title='bbox 1954 3224 2008 3263; x_wconf 87' lang='lat' dir='ltr'><strong><em>vc</em></strong></span> 
     </span>
    </p>
   </div>
   <div class='ocr_carea' id='block_1_62' title="bbox 2188 3197 3716 3288">
    <p class='ocr_par' dir='ltr' id='par_1_62' title="bbox 2188 3211 3716 3288">
     <span class='ocr_line' id='line_1_63' title="bbox 2188 3211 3716 3288; baseline 0.005 -24"><span class='ocrx_word' id='word_1_456' title='bbox 2188 3211 2354 3277; x_wconf 80' lang='grc' dir='ltr'>ξεῖναι</span> <span class='ocrx_word' id='word_1_457' title='bbox 2387 3214 2475 3266; x_wconf 82' lang='grc' dir='ltr'>ὅτε</span> <span class='ocrx_word' id='word_1_458' title='bbox 2509 3214 2797 3285; x_wconf 84' lang='grc' dir='ltr'>βούλονται</span> <span class='ocrx_word' id='word_1_459' title='bbox 2854 3218 2955 3287; x_wconf 85' lang='grc' dir='ltr'>τῆς</span> <span class='ocrx_word' id='word_1_460' title='bbox 2988 3216 3243 3286; x_wconf 81' lang='grc' dir='ltr'>τοιαύτης</span> <span class='ocrx_word' id='word_1_461' title='bbox 3282 3218 3596 3288; x_wconf 85' lang='grc' dir='ltr'>καταμονῆς</span> <span class='ocrx_word' id='word_1_462' title='bbox 3622 3219 3716 3287; x_wconf 81' lang='grc' dir='ltr'><strong><em>ἀφ-</em></strong></span> 
     </span>
    </p>
   </div>
   <div class='ocr_carea' id='block_1_63' title="bbox 482 3301 2010 3380">
    <p class='ocr_par' dir='ltr' id='par_1_63' title="bbox 482 3302 2010 3372">
     <span class='ocr_line' id='line_1_64' title="bbox 482 3302 2010 3372; baseline -0.004 -11"><span class='ocrx_word' id='word_1_463' title='bbox 482 3307 705 3367; x_wconf 87' lang='lat' dir='ltr'><strong><em>luerint,</em></strong></span> <span class='ocrx_word' id='word_1_464' title='bbox 756 3320 822 3359; x_wconf 84' lang='lat' dir='ltr'><strong><em>ex</em></strong></span> <span class='ocrx_word' id='word_1_465' title='bbox 862 3304 959 3359; x_wconf 89' lang='lat' dir='ltr'><strong><em>tali</em></strong></span> <span class='ocrx_word' id='word_1_466' title='bbox 1000 3303 1283 3358; x_wconf 87' lang='lat' dir='ltr'><strong><em>mansione</em></strong></span> <span class='ocrx_word' id='word_1_467' title='bbox 1312 3302 1538 3372; x_wconf 74' lang='lat' dir='ltr'><strong><em>egredi,</em></strong></span> <span class='ocrx_word' id='word_1_468' title='bbox 1592 3310 1956 3371; x_wconf 67' lang='lat' dir='ltr'><strong><em>praeterquam</em></strong></span> <span class='ocrx_word' id='word_1_469' title='bbox 2004 3319 2010 3355; x_wconf 69' lang='grc' dir='ltr'><strong><em>ι</em></strong></span> 
     </span>
    </p>
   </div>
   <div class='ocr_carea' id='block_1_64' title="bbox 2188 3301 3716 3380">
    <p class='ocr_par' dir='ltr' id='par_1_64' title="bbox 2188 3304 3716 3380">
     <span class='ocr_line' id='line_1_65' title="bbox 2188 3304 3716 3380; baseline 0.003 -22"><span class='ocrx_word' id='word_1_470' title='bbox 2188 3304 2441 3372; x_wconf 87' lang='grc' dir='ltr'>στασθαι,</span> <span class='ocrx_word' id='word_1_471' title='bbox 2472 3305 2629 3370; x_wconf 82' lang='grc' dir='ltr'>ἐκτὸς</span> <span class='ocrx_word' id='word_1_472' title='bbox 2671 3308 2719 3359; x_wconf 87' lang='grc' dir='ltr'><strong><em>εἰ</em></strong></span> <span class='ocrx_word' id='word_1_473' title='bbox 2765 3306 2840 3380; x_wconf 80' lang='grc' dir='ltr'>μὴ</span> <span class='ocrx_word' id='word_1_474' title='bbox 2890 3307 2981 3361; x_wconf 82' lang='grc' dir='ltr'><strong><em>διὰ</em></strong></span> <span class='ocrx_word' id='word_1_475' title='bbox 3026 3307 3215 3379; x_wconf 81' lang='grc' dir='ltr'>κοινὴν</span> <span class='ocrx_word' id='word_1_476' title='bbox 3260 3307 3593 3364; x_wconf 77' lang='grc' dir='ltr'>λυσιτέλειαν</span> <span class='ocrx_word' id='word_1_477' title='bbox 3632 3311 3716 3364; x_wconf 77' lang='grc' dir='ltr'>καὶ</span> 
     </span>
    </p>
   </div>
   <div class='ocr_carea' id='block_1_65' title="bbox 479 3391 2007 3472">
    <p class='ocr_par' dir='ltr' id='par_1_65' title="bbox 479 3391 2007 3469">
     <span class='ocr_line' id='line_1_66' title="bbox 479 3391 2007 3469; baseline -0.003 -18"><span class='ocrx_word' id='word_1_478' title='bbox 479 3405 702 3469; x_wconf 87' lang='lat' dir='ltr'><strong><em>propter</em></strong></span> <span class='ocrx_word' id='word_1_479' title='bbox 726 3409 1068 3451; x_wconf 89' lang='lat' dir='ltr'><strong><em>communem</em></strong></span> <span class='ocrx_word' id='word_1_480' title='bbox 1102 3393 1388 3448; x_wconf 88' lang='lat' dir='ltr'><strong><em>utilitatem</em></strong></span> <span class='ocrx_word' id='word_1_481' title='bbox 1420 3393 1504 3448; x_wconf 88' lang='lat' dir='ltr'><strong><em>vel</em></strong></span> <span class='ocrx_word' id='word_1_482' title='bbox 1556 3393 1718 3446; x_wconf 87' lang='lat' dir='ltr'><strong><em>aliam</em></strong></span> <span class='ocrx_word' id='word_1_483' title='bbox 1752 3391 2007 3447; x_wconf 78' lang='lat' dir='ltr'><strong><em>necessita</em></strong></span> 
     </span>
    </p>
   </div>
   <div class='ocr_carea' id='block_1_66' title="bbox 2189 3391 3717 3472">
    <p class='ocr_par' dir='ltr' id='par_1_66' title="bbox 2189 3396 3717 3472">
     <span class='ocr_line' id='line_1_67' title="bbox 2189 3396 3717 3472; baseline 0.005 -23"><span class='ocrx_word' id='word_1_484' title='bbox 2189 3396 2442 3467; x_wconf 74' lang='grc' dir='ltr'>κρέλειαν,</span> <span class='ocrx_word' id='word_1_485' title='bbox 2479 3397 2513 3468; x_wconf 78' lang='grc' dir='ltr'>ἢ</span> <span class='ocrx_word' id='word_1_486' title='bbox 2561 3397 2756 3470; x_wconf 78' lang='grc' dir='ltr'>ἑτέραν</span> <span class='ocrx_word' id='word_1_487' title='bbox 2802 3398 3051 3471; x_wconf 81' lang='grc' dir='ltr'>ἀνάγκην</span> <span class='ocrx_word' id='word_1_488' title='bbox 3086 3399 3222 3472; x_wconf 81' lang='grc' dir='ltr'>πρὸς</span> <span class='ocrx_word' id='word_1_489' title='bbox 3265 3400 3499 3456; x_wconf 82' lang='grc' dir='ltr'>θάνατον</span> <span class='ocrx_word' id='word_1_490' title='bbox 3542 3404 3717 3467; x_wconf 76' lang='grc' dir='ltr'>αὐτοὺς</span> 
     </span>
    </p>
   </div>
   <div class='ocr_carea' id='block_1_67' title="bbox 478 3483 2006 3565">
    <p class='ocr_par' dir='ltr' id='par_1_67' title="bbox 478 3483 2006 3557">
     <span class='ocr_line' id='line_1_68' title="bbox 478 3483 2006 3557; baseline -0.005 -12"><span class='ocrx_word' id='word_1_491' title='bbox 478 3502 588 3546; x_wconf 87' lang='lat' dir='ltr'><strong><em>tem</em></strong></span> <span class='ocrx_word' id='word_1_492' title='bbox 621 3490 687 3543; x_wconf 89' lang='lat' dir='ltr'><strong><em>ad</em></strong></span> <span class='ocrx_word' id='word_1_493' title='bbox 723 3496 949 3542; x_wconf 90' lang='lat' dir='ltr'><strong><em>mortem</em></strong></span> <span class='ocrx_word' id='word_1_494' title='bbox 993 3494 1301 3557; x_wconf 82' lang='lat' dir='ltr'><strong><em>urgentem,</em></strong></span> <span class='ocrx_word' id='word_1_495' title='bbox 1341 3485 1407 3540; x_wconf 88' lang='lat' dir='ltr'><strong><em>ad</em></strong></span> <span class='ocrx_word' id='word_1_496' title='bbox 1440 3485 1493 3539; x_wconf 89' lang='lat' dir='ltr'><strong><em>id</em></strong></span> <span class='ocrx_word' id='word_1_497' title='bbox 1527 3484 1849 3550; x_wconf 89' lang='lat' dir='ltr'><strong><em>trahentur;</em></strong></span> <span class='ocrx_word' id='word_1_498' title='bbox 1896 3491 1950 3538; x_wconf 90' lang='lat' dir='ltr'><strong><em>et</em></strong></span> <span class='ocrx_word' id='word_1_499' title='bbox 1978 3483 2006 3537; x_wconf 92' lang='lat' dir='ltr'><strong><em>il</em></strong></span> 
     </span>
    </p>
   </div>
   <div class='ocr_carea' id='block_1_68' title="bbox 2189 3483 3717 3565">
    <p class='ocr_par' dir='ltr' id='par_1_68' title="bbox 2197 3489 3717 3565">
     <span class='ocr_line' id='line_1_69' title="bbox 2197 3489 3717 3565; baseline 0.005 -23"><span class='ocrx_word' id='word_1_500' title='bbox 2197 3489 2490 3562; x_wconf 78' lang='grc' dir='ltr'>ιαζομένην</span> <span class='ocrx_word' id='word_1_501' title='bbox 2522 3492 2660 3563; x_wconf 81' lang='grc' dir='ltr'>πρὸς</span> <span class='ocrx_word' id='word_1_502' title='bbox 2686 3491 2842 3546; x_wconf 87' lang='grc' dir='ltr'>τοῦτο</span> <span class='ocrx_word' id='word_1_503' title='bbox 2866 3492 3111 3547; x_wconf 85' lang='grc' dir='ltr'>ἐλκοιντο</span> <span class='ocrx_word' id='word_1_504' title='bbox 3134 3511 3149 3526; x_wconf 89' lang='grc'><strong>·</strong></span> <span class='ocrx_word' id='word_1_505' title='bbox 3195 3493 3290 3549; x_wconf 75' lang='grc' dir='ltr'>καὶ</span> <span class='ocrx_word' id='word_1_506' title='bbox 3317 3494 3461 3549; x_wconf 72' lang='grc' dir='ltr'>οὕτω</span> <span class='ocrx_word' id='word_1_507' title='bbox 3493 3492 3612 3565; x_wconf 80' lang='grc' dir='ltr'>μετ’</span> <span class='ocrx_word' id='word_1_508' title='bbox 3638 3497 3717 3548; x_wconf 64' lang='lat' dir='ltr'><strong><em>cti-</em></strong></span> 
     </span>
    </p>
   </div>
   <div class='ocr_carea' id='block_1_69' title="bbox 479 3574 2007 3661">
    <p class='ocr_par' dir='ltr' id='par_1_69' title="bbox 479 3574 2007 3647">
     <span class='ocr_line' id='line_1_70' title="bbox 479 3574 2007 3647; baseline -0.005 -11"><span class='ocrx_word' id='word_1_509' title='bbox 479 3596 604 3636; x_wconf 91' lang='lat' dir='ltr'><strong><em>cum</em></strong></span> <span class='ocrx_word' id='word_1_510' title='bbox 653 3579 1031 3636; x_wconf 88' lang='lat' dir='ltr'><strong><em>benedictione</em></strong></span> <span class='ocrx_word' id='word_1_511' title='bbox 1084 3577 1205 3647; x_wconf 87' lang='lat' dir='ltr'><strong><em>ejus</em></strong></span> <span class='ocrx_word' id='word_1_512' title='bbox 1248 3577 1354 3632; x_wconf 90' lang='lat' dir='ltr'><strong><em>loci</em></strong></span> <span class='ocrx_word' id='word_1_513' title='bbox 1407 3576 1669 3646; x_wconf 87' lang='lat' dir='ltr'><strong><em>episcopi.</em></strong></span> <span class='ocrx_word' id='word_1_514' title='bbox 1725 3574 1830 3641; x_wconf 88' lang='lat' dir='ltr'><strong><em>Qui</em></strong></span> <span class='ocrx_word' id='word_1_515' title='bbox 1870 3584 2007 3630; x_wconf 69' lang='lat' dir='ltr'><strong><em>auten</em></strong></span> 
     </span>
    </p>
   </div>
   <div class='ocr_carea' id='block_1_70' title="bbox 2190 3574 3718 3661">
    <p class='ocr_par' dir='ltr' id='par_1_70' title="bbox 2190 3582 3718 3661">
     <span class='ocr_line' id='line_1_71' title="bbox 2190 3582 3718 3661; baseline 0.005 -26"><span class='ocrx_word' id='word_1_516' title='bbox 2190 3583 2345 3652; x_wconf 87' lang='grc' dir='ltr'>ογίας</span> <span class='ocrx_word' id='word_1_517' title='bbox 2381 3582 2475 3636; x_wconf 78' lang='grc' dir='ltr'><strong><em>τοῦ</em></strong></span> <span class='ocrx_word' id='word_1_518' title='bbox 2507 3583 2647 3637; x_wconf 85' lang='grc' dir='ltr'>κατὰ</span> <span class='ocrx_word' id='word_1_519' title='bbox 2670 3584 2762 3638; x_wconf 71' lang='grc' dir='ltr'>τὸν</span> <span class='ocrx_word' id='word_1_520' title='bbox 2800 3585 2965 3638; x_wconf 88' lang='grc' dir='ltr'>τόπον</span> <span class='ocrx_word' id='word_1_521' title='bbox 2991 3586 3314 3640; x_wconf 84' lang='grc' dir='ltr'>ἐπισκόπου·</span> <span class='ocrx_word' id='word_1_522' title='bbox 3345 3587 3457 3643; x_wconf 85' lang='grc' dir='ltr'>τῶν</span> <span class='ocrx_word' id='word_1_523' title='bbox 3484 3590 3541 3644; x_wconf 81' lang='grc' dir='ltr'>δὲ</span> <span class='ocrx_word' id='word_1_524' title='bbox 3579 3591 3718 3661; x_wconf 82' lang='grc' dir='ltr'>εἰρη-</span> 
     </span>
    </p>
   </div>
   <div class='ocr_carea' id='block_1_71' title="bbox 478 3669 2006 3747">
    <p class='ocr_par' dir='ltr' id='par_1_71' title="bbox 478 3669 2006 3741">
     <span class='ocr_line' id='line_1_72' title="bbox 478 3669 2006 3741; baseline -0.004 -12"><span class='ocrx_word' id='word_1_525' title='bbox 478 3673 599 3729; x_wconf 85' lang='lat' dir='ltr'><strong><em>sine</em></strong></span> <span class='ocrx_word' id='word_1_526' title='bbox 650 3673 735 3727; x_wconf 91' lang='lat' dir='ltr'><strong><em>his</em></strong></span> <span class='ocrx_word' id='word_1_527' title='bbox 766 3672 877 3741; x_wconf 84' lang='lat' dir='ltr'><strong><em>jam</em></strong></span> <span class='ocrx_word' id='word_1_528' title='bbox 908 3670 1073 3725; x_wconf 90' lang='lat' dir='ltr'><strong><em>dictis</em></strong></span> <span class='ocrx_word' id='word_1_529' title='bbox 1102 3670 1283 3725; x_wconf 84' lang='lat' dir='ltr'><strong><em>causis</em></strong></span> <span class='ocrx_word' id='word_1_530' title='bbox 1309 3684 1375 3723; x_wconf 80' lang='lat' dir='ltr'><strong><em>ex</em></strong></span> <span class='ocrx_word' id='word_1_531' title='bbox 1401 3672 1518 3725; x_wconf 82' lang='lat' dir='ltr'><strong><em>suis</em></strong></span> <span class='ocrx_word' id='word_1_532' title='bbox 1548 3669 1874 3725; x_wconf 80' lang='lat' dir='ltr'><strong><em>habitaculis</em></strong></span> <span class='ocrx_word' id='word_1_533' title='bbox 1904 3670 2006 3725; x_wconf 82' lang='lat' dir='ltr'><strong><em>exit</em></strong></span> 
     </span>
    </p>
   </div>
   <div class='ocr_carea' id='block_1_72' title="bbox 2188 3669 3716 3747">
    <p class='ocr_par' dir='ltr' id='par_1_72' title="bbox 2188 3675 3716 3747">
     <span class='ocr_line' id='line_1_73' title="bbox 2188 3675 3716 3747; baseline 0.007 -22"><span class='ocrx_word' id='word_1_534' title='bbox 2188 3675 2337 3727; x_wconf 76' lang='grc' dir='ltr'>ιένων</span> <span class='ocrx_word' id='word_1_535' title='bbox 2366 3676 2692 3746; x_wconf 80' lang='grc' dir='ltr'>προφάσεων</span> <span class='ocrx_word' id='word_1_536' title='bbox 2719 3676 2872 3747; x_wconf 88' lang='grc' dir='ltr'>δίχα,</span> <span class='ocrx_word' id='word_1_537' title='bbox 2904 3676 3293 3747; x_wconf 84' lang='grc' dir='ltr'>ἐγχειροῦντας</span> <span class='ocrx_word' id='word_1_538' title='bbox 3335 3681 3401 3735; x_wconf 84' lang='grc' dir='ltr'><strong><em>ἐκ</em></strong></span> <span class='ocrx_word' id='word_1_539' title='bbox 3445 3680 3555 3734; x_wconf 85' lang='grc' dir='ltr'>τῶν</span> <span class='ocrx_word' id='word_1_540' title='bbox 3600 3696 3716 3735; x_wconf 82' lang='grc' dir='ltr'>κατ·</span> 
     </span>
    </p>
   </div>
   <div class='ocr_carea' id='block_1_73' title="bbox 478 3746 2006 3843">
    <p class='ocr_par' dir='ltr' id='par_1_73' title="bbox 478 3746 2006 3836">
     <span class='ocr_line' id='line_1_74' title="bbox 478 3746 2006 3836; baseline -0.003 -15"><span class='ocrx_word' id='word_1_541' title='bbox 478 3765 887 3836; x_wconf 77' lang='lat' dir='ltr'><strong><em>aggrediuntur,</em></strong></span> <span class='ocrx_word' id='word_1_542' title='bbox 901 3764 1078 3833; x_wconf 92' lang='lat' dir='ltr'><strong><em>primo</em></strong></span> <span class='ocrx_word' id='word_1_543' title='bbox 1093 3763 1313 3832; x_wconf 88' lang='lat' dir='ltr'><strong><em>quidem</em></strong></span> <span class='ocrx_word' id='word_1_544' title='bbox 1326 3762 1411 3817; x_wconf 90' lang='lat' dir='ltr'><strong><em>vel</em></strong></span> <span class='ocrx_word' id='word_1_545' title='bbox 1430 3763 1627 3817; x_wconf 91' lang='lat' dir='ltr'><strong><em>invitos</em></strong></span> <span class='ocrx_word' id='word_1_546' title='bbox 1643 3746 1787 3817; x_wconf 70' lang='lat' dir='ltr'><strong><em>dicta</em></strong></span> <span class='ocrx_word' id='word_1_547' title='bbox 1799 3763 2006 3819; x_wconf 84' lang='lat' dir='ltr'><strong><em>clausut</em></strong></span> 
     </span>
    </p>
   </div>
   <div class='ocr_carea' id='block_1_74' title="bbox 2186 3746 3714 3843">
    <p class='ocr_par' dir='ltr' id='par_1_74' title="bbox 2186 3746 3714 3843">
     <span class='ocr_line' id='line_1_75' title="bbox 2186 3746 3714 3843; baseline 0.007 -27"><span class='ocrx_word' id='word_1_548' title='bbox 2186 3765 2419 3834; x_wconf 78' lang='grc' dir='ltr'>ιγωγίων</span> <span class='ocrx_word' id='word_1_549' title='bbox 2465 3766 2644 3821; x_wconf 81' lang='grc' dir='ltr'>αὐτῶν</span> <span class='ocrx_word' id='word_1_550' title='bbox 2690 3746 2916 3835; x_wconf 82' lang='grc' dir='ltr'>ἐξιέναι,</span> <span class='ocrx_word' id='word_1_551' title='bbox 2948 3772 3320 3840; x_wconf 80' lang='grc' dir='ltr'>πρωτοτύπως</span> <span class='ocrx_word' id='word_1_552' title='bbox 3351 3772 3452 3843; x_wconf 82' lang='grc' dir='ltr'>μὲν</span> <span class='ocrx_word' id='word_1_553' title='bbox 3499 3774 3714 3835; x_wconf 76' lang='grc' dir='ltr'>ἄκοντας</span> 
     </span>
    </p>
   </div>
   <div class='ocr_carea' id='block_1_75' title="bbox 478 3853 2006 3937">
    <p class='ocr_par' dir='ltr' id='par_1_75' title="bbox 478 3853 2006 3925">
     <span class='ocr_line' id='line_1_76' title="bbox 478 3853 2006 3925; baseline -0.005 -9"><span class='ocrx_word' id='word_1_554' title='bbox 478 3859 742 3923; x_wconf 82' lang='lat' dir='ltr'><strong><em>coerceri,</em></strong></span> <span class='ocrx_word' id='word_1_555' title='bbox 773 3858 964 3911; x_wconf 90' lang='lat' dir='ltr'><strong><em>deinde</em></strong></span> <span class='ocrx_word' id='word_1_556' title='bbox 991 3856 1214 3925; x_wconf 84' lang='lat' dir='ltr'><strong><em>jejuniis</em></strong></span> <span class='ocrx_word' id='word_1_557' title='bbox 1242 3865 1295 3909; x_wconf 91' lang='lat' dir='ltr'><strong><em>et</em></strong></span> <span class='ocrx_word' id='word_1_558' title='bbox 1322 3853 1443 3909; x_wconf 87' lang='lat' dir='ltr'><strong><em>aliis</em></strong></span> <span class='ocrx_word' id='word_1_559' title='bbox 1474 3854 1857 3909; x_wconf 79' lang='lat' dir='ltr'><strong><em>afﬂictionibus</em></strong></span> <span class='ocrx_word' id='word_1_560' title='bbox 1901 3855 2006 3924; x_wconf 80' lang='lat' dir='ltr'><strong><em>ipsc</em></strong></span> 
     </span>
    </p>
   </div>
   <div class='ocr_carea' id='block_1_76' title="bbox 2186 3853 3714 3937">
    <p class='ocr_par' dir='ltr' id='par_1_76' title="bbox 2186 3858 3714 3937">
     <span class='ocr_line' id='line_1_77' title="bbox 2186 3858 3714 3937; baseline 0.005 -28"><span class='ocrx_word' id='word_1_561' title='bbox 2186 3858 2532 3929; x_wconf 76' lang='grc' dir='ltr'>,αθειργνύειν</span> <span class='ocrx_word' id='word_1_562' title='bbox 2558 3863 2614 3913; x_wconf 92' lang='grc' dir='ltr'><strong><em>ἐν</em></strong></span> <span class='ocrx_word' id='word_1_563' title='bbox 2641 3864 2707 3933; x_wconf 80' lang='grc' dir='ltr'>τῇ</span> <span class='ocrx_word' id='word_1_564' title='bbox 2738 3864 3002 3937; x_wconf 72' lang='grc' dir='ltr'>εἰρημένῃ</span> <span class='ocrx_word' id='word_1_565' title='bbox 3049 3865 3375 3937; x_wconf 71' lang='grc' dir='ltr'>ἐγκλείστρᾳ</span> <span class='ocrx_word' id='word_1_566' title='bbox 3405 3903 3419 3927; x_wconf 83' lang='grc'><strong><em>,</em></strong></span> <span class='ocrx_word' id='word_1_567' title='bbox 3452 3865 3639 3919; x_wconf 77' lang='grc' dir='ltr'>ἔπειτα</span> <span class='ocrx_word' id='word_1_568' title='bbox 3665 3863 3714 3916; x_wconf 71' lang='grc' dir='ltr'>δὲ</span> 
     </span>
    </p>
   </div>
   <div class='ocr_carea' id='block_1_77' title="bbox 479 3946 2007 4027">
    <p class='ocr_par' dir='ltr' id='par_1_77' title="bbox 479 3946 2007 4019">
     <span class='ocr_line' id='line_1_78' title="bbox 479 3946 2007 4019; baseline -0.008 -12"><span class='ocrx_word' id='word_1_569' title='bbox 479 3967 674 4008; x_wconf 87' lang='lat' dir='ltr'><strong><em>curare</em></strong></span> <span class='ocrx_word' id='word_1_570' title='bbox 698 3951 952 4016; x_wconf 84' lang='lat' dir='ltr'><strong><em>scientes,</em></strong></span> <span class='ocrx_word' id='word_1_571' title='bbox 968 3946 1425 4019; x_wconf 87' lang='lat' dir='ltr'><strong><em>quemadmodum</em></strong></span> <span class='ocrx_word' id='word_1_572' title='bbox 1446 3946 1706 4016; x_wconf 83' lang='lat' dir='ltr'><strong><em>scriptum</em></strong></span> <span class='ocrx_word' id='word_1_573' title='bbox 1721 3954 1802 4000; x_wconf 88' lang='lat' dir='ltr'><strong><em>est</em></strong></span> <span class='ocrx_word' id='word_1_574' title='bbox 1820 3946 1887 4011; x_wconf 81' lang='grc'><strong><em>⁸⁸,</em></strong></span> <span class='ocrx_word' id='word_1_575' title='bbox 1904 3962 2007 4016; x_wconf 87' lang='lat' dir='ltr'><strong><em>quo</em></strong></span> 
     </span>
    </p>
   </div>
   <div class='ocr_carea' id='block_1_78' title="bbox 2185 3946 3713 4027">
    <p class='ocr_par' dir='ltr' id='par_1_78' title="bbox 2185 3952 3713 4027">
     <span class='ocr_line' id='line_1_79' title="bbox 2185 3952 3713 4027; baseline 0.005 -24"><span class='ocrx_word' id='word_1_576' title='bbox 2185 3952 2429 4019; x_wconf 87' lang='grc' dir='ltr'>ηστείαις</span> <span class='ocrx_word' id='word_1_577' title='bbox 2454 3953 2548 4006; x_wconf 81' lang='grc' dir='ltr'><strong><em>καί</em></strong></span> <span class='ocrx_word' id='word_1_578' title='bbox 2578 3953 2794 4024; x_wconf 91' lang='grc' dir='ltr'>ἐτέραις</span> <span class='ocrx_word' id='word_1_579' title='bbox 2838 3956 3281 4027; x_wconf 85' lang='grc' dir='ltr'>σκληραγωγίαις</span> <span class='ocrx_word' id='word_1_580' title='bbox 3320 3958 3521 4021; x_wconf 80' lang='grc' dir='ltr'>αὐτοὺς</span> <span class='ocrx_word' id='word_1_581' title='bbox 3565 3957 3713 4027; x_wconf 84' lang='grc' dir='ltr'>θερα-</span> 
     </span>
    </p>
   </div>
   <div class='ocr_carea' id='block_1_79' title="bbox 482 4040 2010 4121">
    <p class='ocr_par' dir='ltr' id='par_1_79' title="bbox 482 4040 2010 4117">
     <span class='ocr_line' id='line_1_80' title="bbox 482 4040 2010 4117; baseline -0.006 -16"><span class='ocrx_word' id='word_1_582' title='bbox 482 4048 641 4100; x_wconf 88' lang='lat' dir='ltr'><strong><em>nemo</em></strong></span> <span class='ocrx_word' id='word_1_583' title='bbox 667 4047 759 4117; x_wconf 87' lang='lat' dir='ltr'><strong>qui</strong></span> <span class='ocrx_word' id='word_1_584' title='bbox 798 4058 1018 4098; x_wconf 86' lang='lat' dir='ltr'><strong><em>manum</em></strong></span> <span class='ocrx_word' id='word_1_585' title='bbox 1050 4050 1234 4096; x_wconf 89' lang='lat' dir='ltr'><strong><em>aratro</em></strong></span> <span class='ocrx_word' id='word_1_586' title='bbox 1274 4040 1523 4105; x_wconf 91' lang='lat' dir='ltr'><strong><em>immisit,</em></strong></span> <span class='ocrx_word' id='word_1_587' title='bbox 1564 4049 1617 4094; x_wconf 89' lang='lat' dir='ltr'><strong><em>et</em></strong></span> <span class='ocrx_word' id='word_1_588' title='bbox 1648 4047 1792 4094; x_wconf 90' lang='lat' dir='ltr'><strong><em>retro</em></strong></span> <span class='ocrx_word' id='word_1_589' title='bbox 1820 4053 2010 4094; x_wconf 86' lang='lat' dir='ltr'><strong><em>convct</em></strong></span> 
     </span>
    </p>
   </div>
   <div class='ocr_carea' id='block_1_80' title="bbox 2186 4040 3714 4121">
    <p class='ocr_par' dir='ltr' id='par_1_80' title="bbox 2186 4041 3714 4121">
     <span class='ocr_line' id='line_1_81' title="bbox 2186 4041 3714 4121; baseline 0.004 -27"><span class='ocrx_word' id='word_1_590' title='bbox 2186 4041 2363 4109; x_wconf 74' lang='grc' dir='ltr'>τεύειν,</span> <span class='ocrx_word' id='word_1_591' title='bbox 2399 4044 2607 4109; x_wconf 64' lang='grc' dir='ltr'>εἰδότας</span> <span class='ocrx_word' id='word_1_592' title='bbox 2632 4047 2775 4101; x_wconf 77' lang='grc' dir='ltr'>κατὰ</span> <span class='ocrx_word' id='word_1_593' title='bbox 2795 4049 2862 4101; x_wconf 81' lang='grc' dir='ltr'>τὸ</span> <span class='ocrx_word' id='word_1_594' title='bbox 2888 4049 3294 4121; x_wconf 83' lang='grc' dir='ltr'>γεγραμμένον,</span> <span class='ocrx_word' id='word_1_595' title='bbox 3320 4049 3396 4113; x_wconf 87' lang='grc' dir='ltr'>ὼς</span> <span class='ocrx_word' id='word_1_596' title='bbox 3431 4048 3604 4111; x_wconf 72' lang='grc' dir='ltr'>οὐδεὶς</span> <span class='ocrx_word' id='word_1_597' title='bbox 3631 4047 3714 4118; x_wconf 71' lang='grc' dir='ltr'><strong><em>βαι</em></strong></span> 
     </span>
    </p>
   </div>
   <div class='ocr_carea' id='block_1_81' title="bbox 480 4132 2008 4213">
    <p class='ocr_par' dir='ltr' id='par_1_81' title="bbox 480 4132 1518 4207">
     <span class='ocr_line' id='line_1_82' title="bbox 480 4132 1518 4207; baseline -0.009 -13"><span class='ocrx_word' id='word_1_598' title='bbox 480 4152 576 4194; x_wconf 83' lang='lat' dir='ltr'><strong><em>sus</em></strong></span> <span class='ocrx_word' id='word_1_599' title='bbox 604 4148 705 4205; x_wconf 89' lang='lat' dir='ltr'><strong><em>est,</em></strong></span> <span class='ocrx_word' id='word_1_600' title='bbox 732 4146 889 4207; x_wconf 88' lang='lat' dir='ltr'><strong><em>aptus</em></strong></span> <span class='ocrx_word' id='word_1_601' title='bbox 915 4142 999 4192; x_wconf 89' lang='lat' dir='ltr'><strong><em>est</em></strong></span> <span class='ocrx_word' id='word_1_602' title='bbox 1035 4149 1204 4206; x_wconf 75' lang='lat' dir='ltr'><strong><em>regno</em></strong></span> <span class='ocrx_word' id='word_1_603' title='bbox 1234 4132 1518 4189; x_wconf 81' lang='lat' dir='ltr'><strong><em>caelorum.</em></strong></span> 
     </span>
    </p>
   </div>
   <div class='ocr_carea' id='block_1_82' title="bbox 2186 4132 3714 4213">
    <p class='ocr_par' dir='ltr' id='par_1_82' title="bbox 2186 4133 3714 4213">
     <span class='ocr_line' id='line_1_83' title="bbox 2186 4133 3714 4213; baseline 0.004 -27"><span class='ocrx_word' id='word_1_604' title='bbox 2186 4133 2259 4187; x_wconf 83' lang='grc' dir='ltr'>ὼν</span> <span class='ocrx_word' id='word_1_605' title='bbox 2303 4135 2399 4205; x_wconf 83' lang='grc' dir='ltr'>τὴν</span> <span class='ocrx_word' id='word_1_606' title='bbox 2447 4140 2605 4208; x_wconf 89' lang='grc' dir='ltr'>χεῖρα</span> <span class='ocrx_word' id='word_1_607' title='bbox 2657 4139 2742 4190; x_wconf 85' lang='grc' dir='ltr'>ἐπ’</span> <span class='ocrx_word' id='word_1_608' title='bbox 2791 4139 3044 4213; x_wconf 76' lang='grc' dir='ltr'>ἄροτρον,</span> <span class='ocrx_word' id='word_1_609' title='bbox 3087 4140 3181 4194; x_wconf 80' lang='grc' dir='ltr'><strong><em>καὶ</em></strong></span> <span class='ocrx_word' id='word_1_610' title='bbox 3234 4139 3495 4210; x_wconf 82' lang='grc' dir='ltr'>στραφεὶς</span> <span class='ocrx_word' id='word_1_611' title='bbox 3537 4141 3613 4204; x_wconf 85' lang='grc' dir='ltr'><strong><em>είς</em></strong></span> <span class='ocrx_word' id='word_1_612' title='bbox 3654 4138 3714 4193; x_wconf 69' lang='grc' dir='ltr'>τὰ</span> 
     </span>
    </p>
   </div>
   <div class='ocr_carea' id='block_1_83' title="bbox 2151 4227 3713 4305">
    <p class='ocr_par' dir='ltr' id='par_1_83' title="bbox 2151 4227 3713 4305">
     <span class='ocr_line' id='line_1_84' title="bbox 2151 4227 3713 4305; baseline 0.006 -27"><span class='ocrx_word' id='word_1_613' title='bbox 2151 4227 2347 4293; x_wconf 79' lang='grc' dir='ltr'>ὀπίσω,</span> <span class='ocrx_word' id='word_1_614' title='bbox 2375 4227 2590 4293; x_wconf 72' lang='grc' dir='ltr'>εὔθετός</span> <span class='ocrx_word' id='word_1_615' title='bbox 2616 4233 2762 4284; x_wconf 83' lang='grc' dir='ltr'>ἐστιν</span> <span class='ocrx_word' id='word_1_616' title='bbox 2791 4234 2869 4295; x_wconf 88' lang='grc' dir='ltr'><strong><em>είς</em></strong></span> <span class='ocrx_word' id='word_1_617' title='bbox 2896 4233 2993 4305; x_wconf 82' lang='grc' dir='ltr'><strong><em>τὴν</em></strong></span> <span class='ocrx_word' id='word_1_618' title='bbox 3025 4234 3301 4303; x_wconf 86' lang='grc' dir='ltr'>βασιλείαν</span> <span class='ocrx_word' id='word_1_619' title='bbox 3326 4234 3434 4287; x_wconf 83' lang='grc' dir='ltr'>τῶν</span> <span class='ocrx_word' id='word_1_620' title='bbox 3459 4232 3713 4305; x_wconf 76' lang='grc' dir='ltr'>οὐρανῶν.</span> 
     </span>
    </p>
   </div>
   <div class='ocr_carea' id='block_1_84' title="bbox 545 4313 2073 4397">
    <p class='ocr_par' dir='ltr' id='par_1_84' title="bbox 545 4313 2047 4387">
     <span class='ocr_line' id='line_1_85' title="bbox 545 4313 2047 4387; baseline -0.001 -16"><span class='ocrx_word' id='word_1_621' title='bbox 545 4318 634 4371; x_wconf 69' lang='lat'><strong><em>42.</em></strong></span> <span class='ocrx_word' id='word_1_622' title='bbox 666 4316 770 4371; x_wconf 85' lang='lat' dir='ltr'><strong><em>Eos</em></strong></span> <span class='ocrx_word' id='word_1_623' title='bbox 798 4316 891 4387; x_wconf 86' lang='lat' dir='ltr'><strong>qui</strong></span> <span class='ocrx_word' id='word_1_624' title='bbox 914 4316 1173 4370; x_wconf 89' lang='lat' dir='ltr'><strong><em>dicuntur</em></strong></span> <span class='ocrx_word' id='word_1_625' title='bbox 1207 4315 1471 4379; x_wconf 77' lang='lat' dir='ltr'><strong><em>eremitze,</em></strong></span> <span class='ocrx_word' id='word_1_626' title='bbox 1503 4314 1595 4385; x_wconf 87' lang='lat' dir='ltr'><strong>qui</strong></span> <span class='ocrx_word' id='word_1_627' title='bbox 1619 4313 1838 4383; x_wconf 88' lang='lat' dir='ltr'><strong><em>quidem</em></strong></span> <span class='ocrx_word' id='word_1_628' title='bbox 1876 4314 2047 4385; x_wconf 80' lang='lat' dir='ltr'><strong><em>nigris</em></strong></span> 
     </span>
    </p>
   </div>
   <div class='ocr_carea' id='block_1_85' title="bbox 2184 4313 3712 4397">
    <p class='ocr_par' dir='ltr' id='par_1_85' title="bbox 2226 4318 3712 4397">
     <span class='ocr_line' id='line_1_86' title="bbox 2226 4318 3712 4397; baseline -0.007 -8"><span class='ocrx_word' id='word_1_629' title='bbox 2226 4318 2334 4390; x_wconf 80' lang='grc' dir='ltr'><strong><em>μβ’·</em></strong></span> <span class='ocrx_word' id='word_1_630' title='bbox 2375 4321 2513 4385; x_wconf 78' lang='grc' dir='ltr'><strong><em>Τοὺς</em></strong></span> <span class='ocrx_word' id='word_1_631' title='bbox 2545 4321 2869 4393; x_wconf 81' lang='grc' dir='ltr'>λεγομένους</span> <span class='ocrx_word' id='word_1_632' title='bbox 2895 4326 3191 4397; x_wconf 81' lang='grc' dir='ltr'>ἐρημίτας,</span> <span class='ocrx_word' id='word_1_633' title='bbox 3219 4329 3271 4380; x_wconf 83' lang='grc' dir='ltr'>οῖ</span> <span class='ocrx_word' id='word_1_634' title='bbox 3301 4345 3447 4392; x_wconf 89' lang='grc' dir='ltr'>τινες</span> <span class='ocrx_word' id='word_1_635' title='bbox 3477 4328 3712 4394; x_wconf 82' lang='grc' dir='ltr'>μελανειο</span> 
     </span>
    </p>
   </div>
   <div class='ocr_carea' id='block_1_86' title="bbox 474 4406 2002 4489">
    <p class='ocr_par' dir='ltr' id='par_1_86' title="bbox 474 4406 2002 4475">
     <span class='ocr_line' id='line_1_87' title="bbox 474 4406 2002 4475; baseline -0.004 -11"><span class='ocrx_word' id='word_1_636' title='bbox 474 4409 725 4466; x_wconf 73' lang='lat' dir='ltr'><strong><em>vestibus</em></strong></span> <span class='ocrx_word' id='word_1_637' title='bbox 758 4408 958 4473; x_wconf 89' lang='lat' dir='ltr'><strong><em>induti,</em></strong></span> <span class='ocrx_word' id='word_1_638' title='bbox 990 4418 1045 4461; x_wconf 91' lang='lat' dir='ltr'><strong><em>et</em></strong></span> <span class='ocrx_word' id='word_1_639' title='bbox 1084 4407 1262 4475; x_wconf 87' lang='lat' dir='ltr'><strong><em>capite</em></strong></span> <span class='ocrx_word' id='word_1_640' title='bbox 1292 4406 1491 4460; x_wconf 84' lang='lat' dir='ltr'><strong><em>comati</em></strong></span> <span class='ocrx_word' id='word_1_641' title='bbox 1518 4406 1680 4462; x_wconf 91' lang='lat' dir='ltr'><strong><em>urbes</em></strong></span> <span class='ocrx_word' id='word_1_642' title='bbox 1718 4406 1942 4474; x_wconf 87' lang='lat' dir='ltr'><strong><em>obeunt,</em></strong></span> <span class='ocrx_word' id='word_1_643' title='bbox 1994 4426 2002 4458; x_wconf 75' lang='grc'><strong>4</strong></span> 
     </span>
    </p>
   </div>
   <div class='ocr_carea' id='block_1_87' title="bbox 2184 4406 3712 4489">
    <p class='ocr_par' dir='ltr' id='par_1_87' title="bbox 2184 4410 3712 4489">
     <span class='ocr_line' id='line_1_88' title="bbox 2184 4410 3712 4489; baseline 0.003 -26"><span class='ocrx_word' id='word_1_644' title='bbox 2184 4410 2462 4478; x_wconf 74' lang='grc' dir='ltr'>ιονούντες,</span> <span class='ocrx_word' id='word_1_645' title='bbox 2493 4413 2587 4465; x_wconf 72' lang='grc' dir='ltr'>καὶ</span> <span class='ocrx_word' id='word_1_646' title='bbox 2631 4413 2729 4478; x_wconf 80' lang='grc' dir='ltr'><strong><em>τὰς</em></strong></span> <span class='ocrx_word' id='word_1_647' title='bbox 2782 4415 3022 4483; x_wconf 76' lang='grc' dir='ltr'>κεφαλὰς</span> <span class='ocrx_word' id='word_1_648' title='bbox 3071 4416 3350 4487; x_wconf 82' lang='grc' dir='ltr'>κομῶντες</span> <span class='ocrx_word' id='word_1_649' title='bbox 3403 4418 3712 4489; x_wconf 72' lang='grc' dir='ltr'>περιάγουσι</span> 
     </span>
    </p>
   </div>
   <div class='ocr_carea' id='block_1_88' title="bbox 477 4496 2005 4588">
    <p class='ocr_par' dir='ltr' id='par_1_88' title="bbox 477 4496 2005 4564">
     <span class='ocr_line' id='line_1_89' title="bbox 477 4496 2005 4564; baseline -0.003 -8"><span class='ocrx_word' id='word_1_650' title='bbox 477 4516 602 4557; x_wconf 91' lang='lat' dir='ltr'><strong><em>cum</em></strong></span> <span class='ocrx_word' id='word_1_651' title='bbox 634 4502 767 4555; x_wconf 90' lang='lat' dir='ltr'><strong><em>viris</em></strong></span> <span class='ocrx_word' id='word_1_652' title='bbox 805 4498 1162 4555; x_wconf 76' lang='lat' dir='ltr'><strong><em>saecularibus</em></strong></span> <span class='ocrx_word' id='word_1_653' title='bbox 1195 4512 1259 4552; x_wconf 91' lang='lat' dir='ltr'><strong><em>ac</em></strong></span> <span class='ocrx_word' id='word_1_654' title='bbox 1289 4496 1609 4553; x_wconf 88' lang='lat' dir='ltr'><strong><em>mulieribus</em></strong></span> <span class='ocrx_word' id='word_1_655' title='bbox 1638 4506 1946 4564; x_wconf 81' lang='lat' dir='ltr'><strong><em>versantur,</em></strong></span> <span class='ocrx_word' id='word_1_656' title='bbox 1994 4514 2005 4551; x_wconf 75' lang='grc' dir='ltr'><strong><em>ι</em></strong></span> 
     </span>
    </p>
   </div>
   <div class='ocr_carea' id='block_1_89' title="bbox 2183 4496 3711 4588">
    <p class='ocr_par' dir='ltr' id='par_1_89' title="bbox 2184 4498 3711 4576">
     <span class='ocr_line' id='line_1_90' title="bbox 2184 4498 3711 4576; baseline 0.005 -24"><span class='ocrx_word' id='word_1_657' title='bbox 2184 4498 2249 4563; x_wconf 80' lang='grc' dir='ltr'>ὰς</span> <span class='ocrx_word' id='word_1_658' title='bbox 2268 4500 2469 4566; x_wconf 84' lang='grc' dir='ltr'>πόλεις,</span> <span class='ocrx_word' id='word_1_659' title='bbox 2495 4504 2697 4573; x_wconf 78' lang='grc' dir='ltr'>μεταξὺ</span> <span class='ocrx_word' id='word_1_660' title='bbox 2719 4505 2927 4576; x_wconf 82' lang='grc' dir='ltr'>ἀνδρῶν</span> <span class='ocrx_word' id='word_1_661' title='bbox 2956 4505 3158 4559; x_wconf 84' lang='grc' dir='ltr'>λαῖκῶν</span> <span class='ocrx_word' id='word_1_662' title='bbox 3178 4507 3272 4559; x_wconf 74' lang='grc' dir='ltr'><strong><em>καὶ</em></strong></span> <span class='ocrx_word' id='word_1_663' title='bbox 3296 4509 3569 4575; x_wconf 83' lang='grc' dir='ltr'>γυναικῶν</span> <span class='ocrx_word' id='word_1_664' title='bbox 3593 4510 3711 4560; x_wconf 81' lang='grc' dir='ltr'>ἀνα-</span> 
     </span>
    </p>
   </div>
   <div class='ocr_carea' id='block_1_90' title="bbox 474 4588 2002 4670">
    <p class='ocr_par' dir='ltr' id='par_1_90' title="bbox 474 4588 2002 4664">
     <span class='ocr_line' id='line_1_91' title="bbox 474 4588 2002 4664; baseline -0.003 -17"><span class='ocrx_word' id='word_1_665' title='bbox 474 4593 708 4664; x_wconf 72' lang='lat' dir='ltr'><strong><em>proprize</em></strong></span> <span class='ocrx_word' id='word_1_666' title='bbox 743 4590 1073 4661; x_wconf 83' lang='lat' dir='ltr'><strong><em>professioni</em></strong></span> <span class='ocrx_word' id='word_1_667' title='bbox 1102 4588 1312 4643; x_wconf 89' lang='lat' dir='ltr'><strong><em>faciunt</em></strong></span> <span class='ocrx_word' id='word_1_668' title='bbox 1352 4588 1631 4659; x_wconf 90' lang='lat' dir='ltr'><strong><em>injuriam,</em></strong></span> <span class='ocrx_word' id='word_1_669' title='bbox 1656 4590 1968 4655; x_wconf 80' lang='lat' dir='ltr'><strong><em>statuimus,</em></strong></span> <span class='ocrx_word' id='word_1_670' title='bbox 1999 4611 2002 4643; x_wconf 87' lang='lat'><em>:</em></span> 
     </span>
    </p>
   </div>
   <div class='ocr_carea' id='block_1_91' title="bbox 2182 4588 3710 4670">
    <p class='ocr_par' dir='ltr' id='par_1_91' title="bbox 2182 4592 3710 4670">
     <span class='ocr_line' id='line_1_92' title="bbox 2182 4592 3710 4670; baseline 0.005 -26"><span class='ocrx_word' id='word_1_671' title='bbox 2182 4592 2548 4664; x_wconf 77' lang='grc' dir='ltr'>τρεφόμενοι,</span> <span class='ocrx_word' id='word_1_672' title='bbox 2586 4595 2680 4648; x_wconf 74' lang='grc' dir='ltr'>καὶ</span> <span class='ocrx_word' id='word_1_673' title='bbox 2740 4596 2799 4649; x_wconf 88' lang='grc' dir='ltr'>τὸ</span> <span class='ocrx_word' id='word_1_674' title='bbox 2846 4598 3043 4651; x_wconf 86' lang='grc' dir='ltr'>οἰκεῖον</span> <span class='ocrx_word' id='word_1_675' title='bbox 3092 4600 3419 4670; x_wconf 76' lang='grc' dir='ltr'>ἐπάγγελμα</span> <span class='ocrx_word' id='word_1_676' title='bbox 3465 4599 3710 4670; x_wconf 72' lang='grc' dir='ltr'>καθυϐρί-</span> 
     </span>
    </p>
   </div>
   <div class='ocr_carea' id='block_1_92' title="bbox 472 4681 2000 4763">
    <p class='ocr_par' dir='ltr' id='par_1_92' title="bbox 472 4681 2000 4756">
     <span class='ocr_line' id='line_1_93' title="bbox 472 4681 2000 4756; baseline -0.003 -15"><span class='ocrx_word' id='word_1_677' title='bbox 472 4685 733 4756; x_wconf 79' lang='lat' dir='ltr'><strong><em>elegerint</em></strong></span> <span class='ocrx_word' id='word_1_678' title='bbox 764 4682 985 4752; x_wconf 89' lang='lat' dir='ltr'><strong><em>quidem</em></strong></span> <span class='ocrx_word' id='word_1_679' title='bbox 1030 4682 1206 4736; x_wconf 88' lang='lat' dir='ltr'><strong><em>tonsis</em></strong></span> <span class='ocrx_word' id='word_1_680' title='bbox 1251 4681 1427 4736; x_wconf 89' lang='lat' dir='ltr'><strong><em>comis</em></strong></span> <span class='ocrx_word' id='word_1_681' title='bbox 1478 4682 1813 4751; x_wconf 86' lang='lat' dir='ltr'><strong><em>reliquorum</em></strong></span> <span class='ocrx_word' id='word_1_682' title='bbox 1862 4698 2000 4737; x_wconf 87' lang='lat' dir='ltr'><strong><em>mon:</em></strong></span> 
     </span>
    </p>
   </div>
   <div class='ocr_carea' id='block_1_93' title="bbox 2180 4681 3708 4763">
    <p class='ocr_par' dir='ltr' id='par_1_93' title="bbox 2182 4686 3708 4763">
     <span class='ocr_line' id='line_1_94' title="bbox 2182 4686 3708 4763; baseline 0.008 -28"><span class='ocrx_word' id='word_1_683' title='bbox 2182 4701 2352 4748; x_wconf 85' lang='grc' dir='ltr'>οντες,</span> <span class='ocrx_word' id='word_1_684' title='bbox 2384 4686 2657 4757; x_wconf 79' lang='grc' dir='ltr'>ὁρίζομεν,</span> <span class='ocrx_word' id='word_1_685' title='bbox 2691 4689 2738 4741; x_wconf 88' lang='grc' dir='ltr'><strong><em>εἰ</em></strong></span> <span class='ocrx_word' id='word_1_686' title='bbox 2778 4689 2874 4759; x_wconf 83' lang='grc' dir='ltr'>μὲν</span> <span class='ocrx_word' id='word_1_687' title='bbox 2906 4689 3184 4761; x_wconf 81' lang='grc' dir='ltr'>αἱροῦνται</span> <span class='ocrx_word' id='word_1_688' title='bbox 3232 4693 3331 4756; x_wconf 77' lang='grc' dir='ltr'>τὰς</span> <span class='ocrx_word' id='word_1_689' title='bbox 3382 4693 3556 4763; x_wconf 85' lang='grc' dir='ltr'>κόμας</span> <span class='ocrx_word' id='word_1_690' title='bbox 3585 4693 3708 4746; x_wconf 82' lang='grc' dir='ltr'>ἀπο-</span> 
     </span>
    </p>
   </div>
   <div class='ocr_carea' id='block_1_94' title="bbox 472 4773 2000 4853">
    <p class='ocr_par' dir='ltr' id='par_1_94' title="bbox 472 4773 2000 4842">
     <span class='ocr_line' id='line_1_95' title="bbox 472 4773 2000 4842; baseline -0.003 -9"><span class='ocrx_word' id='word_1_691' title='bbox 472 4777 701 4833; x_wconf 91' lang='lat' dir='ltr'><strong><em>chorum</em></strong></span> <span class='ocrx_word' id='word_1_692' title='bbox 734 4775 993 4831; x_wconf 87' lang='lat' dir='ltr'><strong><em>amictum</em></strong></span> <span class='ocrx_word' id='word_1_693' title='bbox 1021 4773 1320 4842; x_wconf 86' lang='lat' dir='ltr'><strong><em>suscipere,</em></strong></span> <span class='ocrx_word' id='word_1_694' title='bbox 1353 4788 1448 4828; x_wconf 91' lang='lat' dir='ltr'><strong><em>eos</em></strong></span> <span class='ocrx_word' id='word_1_695' title='bbox 1478 4773 1531 4827; x_wconf 91' lang='lat' dir='ltr'><strong><em>in</em></strong></span> <span class='ocrx_word' id='word_1_696' title='bbox 1562 4774 1895 4829; x_wconf 89' lang='lat' dir='ltr'><strong><em>monasterio</em></strong></span> <span class='ocrx_word' id='word_1_697' title='bbox 1916 4789 2000 4829; x_wconf 79' lang='lat' dir='ltr'><strong><em>cor</em></strong></span> 
     </span>
    </p>
   </div>
   <div class='ocr_carea' id='block_1_95' title="bbox 2179 4773 3707 4853">
    <p class='ocr_par' dir='ltr' id='par_1_95' title="bbox 2179 4776 3707 4853">
     <span class='ocr_line' id='line_1_96' title="bbox 2179 4776 3707 4853; baseline 0.009 -29"><span class='ocrx_word' id='word_1_698' title='bbox 2179 4776 2483 4845; x_wconf 78' lang='grc' dir='ltr'>ειράμενοι,</span> <span class='ocrx_word' id='word_1_699' title='bbox 2516 4777 2577 4829; x_wconf 82' lang='grc' dir='ltr'>τὸ</span> <span class='ocrx_word' id='word_1_700' title='bbox 2627 4778 2735 4832; x_wconf 84' lang='grc' dir='ltr'>τῶν</span> <span class='ocrx_word' id='word_1_701' title='bbox 2790 4780 2994 4834; x_wconf 85' lang='grc' dir='ltr'>λοιπῶν</span> <span class='ocrx_word' id='word_1_702' title='bbox 3055 4784 3303 4853; x_wconf 84' lang='grc' dir='ltr'>μοναχῶν</span> <span class='ocrx_word' id='word_1_703' title='bbox 3363 4785 3707 4849; x_wconf 79' lang='grc' dir='ltr'>ἀναδέξασθαι</span> 
     </span>
    </p>
   </div>
   <div class='ocr_carea' id='block_1_96' title="bbox 470 4860 1998 4945">
    <p class='ocr_par' dir='ltr' id='par_1_96' title="bbox 470 4860 1998 4938">
     <span class='ocr_line' id='line_1_97' title="bbox 470 4860 1998 4938; baseline -0.005 -10"><span class='ocrx_word' id='word_1_704' title='bbox 470 4870 644 4935; x_wconf 86' lang='lat' dir='ltr'><strong><em>stitui,</em></strong></span> <span class='ocrx_word' id='word_1_705' title='bbox 670 4878 723 4925; x_wconf 91' lang='lat' dir='ltr'><strong><em>et</em></strong></span> <span class='ocrx_word' id='word_1_706' title='bbox 755 4869 895 4924; x_wconf 90' lang='lat' dir='ltr'><strong><em>inter</em></strong></span> <span class='ocrx_word' id='word_1_707' title='bbox 943 4860 1107 4938; x_wconf 69' lang='lat'><strong><em>364</em></strong></span> <span class='ocrx_word' id='word_1_708' title='bbox 1156 4865 1351 4921; x_wconf 84' lang='lat' dir='ltr'><strong><em>fratres</em></strong></span> <span class='ocrx_word' id='word_1_709' title='bbox 1396 4866 1607 4921; x_wconf 86' lang='lat' dir='ltr'><strong><em>referri.</em></strong></span> <span class='ocrx_word' id='word_1_710' title='bbox 1642 4868 1798 4932; x_wconf 84' lang='lat' dir='ltr'><strong><em>Quod</em></strong></span> <span class='ocrx_word' id='word_1_711' title='bbox 1846 4867 1893 4923; x_wconf 91' lang='lat' dir='ltr'><strong><em>si</em></strong></span> <span class='ocrx_word' id='word_1_712' title='bbox 1940 4867 1998 4921; x_wconf 79' lang='lat' dir='ltr'><strong><em>hc</em></strong></span> 
     </span>
    </p>
   </div>
   <div class='ocr_carea' id='block_1_97' title="bbox 2180 4860 3708 4945">
    <p class='ocr_par' dir='ltr' id='par_1_97' title="bbox 2182 4867 3708 4945">
     <span class='ocr_line' id='line_1_98' title="bbox 2182 4867 3708 4945; baseline 0.01 -28"><span class='ocrx_word' id='word_1_713' title='bbox 2182 4867 2360 4936; x_wconf 84' lang='grc' dir='ltr'>χῆμα,</span> <span class='ocrx_word' id='word_1_714' title='bbox 2398 4867 2619 4932; x_wconf 86' lang='grc' dir='ltr'>τούτους</span> <span class='ocrx_word' id='word_1_715' title='bbox 2649 4871 2709 4923; x_wconf 84' lang='grc' dir='ltr'>ἐν</span> <span class='ocrx_word' id='word_1_716' title='bbox 2746 4875 3091 4945; x_wconf 81' lang='grc' dir='ltr'>μοναστηρίῳ</span> <span class='ocrx_word' id='word_1_717' title='bbox 3139 4878 3597 4945; x_wconf 78' lang='grc' dir='ltr'>ἐγκαθίστασθαι,</span> <span class='ocrx_word' id='word_1_718' title='bbox 3623 4876 3708 4932; x_wconf 77' lang='grc' dir='ltr'><strong><em>καὶ</em></strong></span> 
     </span>
    </p>
   </div>
   <div class='ocr_carea' id='block_1_98' title="bbox 470 4958 1998 5044">
    <p class='ocr_par' dir='ltr' id='par_1_98' title="bbox 470 4958 1998 5033">
     <span class='ocr_line' id='line_1_99' title="bbox 470 4958 1998 5033; baseline -0.002 -15"><span class='ocrx_word' id='word_1_719' title='bbox 470 4980 577 5019; x_wconf 89' lang='lat' dir='ltr'><strong><em>non</em></strong></span> <span class='ocrx_word' id='word_1_720' title='bbox 603 4963 882 5033; x_wconf 77' lang='lat' dir='ltr'><strong><em>elegerint,</em></strong></span> <span class='ocrx_word' id='word_1_721' title='bbox 926 4976 992 5015; x_wconf 83' lang='lat' dir='ltr'><strong><em>ex</em></strong></span> <span class='ocrx_word' id='word_1_722' title='bbox 1039 4958 1271 5015; x_wconf 91' lang='lat' dir='ltr'><strong><em>urbibus</em></strong></span> <span class='ocrx_word' id='word_1_723' title='bbox 1322 4960 1559 5029; x_wconf 82' lang='lat' dir='ltr'><strong><em>expelli,</em></strong></span> <span class='ocrx_word' id='word_1_724' title='bbox 1612 4968 1666 5014; x_wconf 90' lang='lat' dir='ltr'><strong><em>et</em></strong></span> <span class='ocrx_word' id='word_1_725' title='bbox 1717 4960 1998 5016; x_wconf 69' lang='lat' dir='ltr'><strong><em>solitudine</em></strong></span> 
     </span>
    </p>
   </div>
   <div class='ocr_carea' id='block_1_99' title="bbox 2181 4958 3709 5044">
    <p class='ocr_par' dir='ltr' id='par_1_99' title="bbox 2181 4959 3709 5044">
     <span class='ocr_line' id='line_1_100' title="bbox 2181 4959 3709 5044; baseline 0.009 -34"><span class='ocrx_word' id='word_1_726' title='bbox 2181 4961 2261 5022; x_wconf 86' lang='grc' dir='ltr'>οἷς</span> <span class='ocrx_word' id='word_1_727' title='bbox 2288 4959 2539 5030; x_wconf 74' lang='grc' dir='ltr'>ἀδελφοῖς</span> <span class='ocrx_word' id='word_1_728' title='bbox 2569 4964 3032 5034; x_wconf 82' lang='grc' dir='ltr'>ἐγκαταλέγεσθαι</span> <span class='ocrx_word' id='word_1_729' title='bbox 3054 4984 3067 4999; x_wconf 79' lang='grc'><strong>⁸</strong></span> <span class='ocrx_word' id='word_1_730' title='bbox 3104 4972 3151 5021; x_wconf 90' lang='grc' dir='ltr'><strong><em>εἰ</em></strong></span> <span class='ocrx_word' id='word_1_731' title='bbox 3200 4971 3256 5023; x_wconf 85' lang='grc' dir='ltr'>δὲ</span> <span class='ocrx_word' id='word_1_732' title='bbox 3297 4974 3372 5044; x_wconf 84' lang='grc' dir='ltr'>μὴ</span> <span class='ocrx_word' id='word_1_733' title='bbox 3400 4971 3554 5026; x_wconf 83' lang='grc' dir='ltr'>τοῦτο</span> <span class='ocrx_word' id='word_1_734' title='bbox 3585 4989 3709 5043; x_wconf 87' lang='grc' dir='ltr'>προ-</span> 
     </span>
    </p>
   </div>
   <div class='ocr_carea' id='block_1_100' title="bbox 472 5049 2000 5125">
    <p class='ocr_par' dir='ltr' id='par_1_100' title="bbox 472 5049 2000 5122">
     <span class='ocr_line' id='line_1_101' title="bbox 472 5049 2000 5122; baseline 0 -14"><span class='ocrx_word' id='word_1_735' title='bbox 472 5054 737 5118; x_wconf 87' lang='lat' dir='ltr'><strong><em>habitare,</em></strong></span> <span class='ocrx_word' id='word_1_736' title='bbox 770 5068 836 5108; x_wconf 81' lang='lat' dir='ltr'><strong><em>ex</em></strong></span> <span class='ocrx_word' id='word_1_737' title='bbox 872 5052 1072 5122; x_wconf 86' lang='lat' dir='ltr'><strong><em>quibus</em></strong></span> <span class='ocrx_word' id='word_1_738' title='bbox 1104 5049 1206 5105; x_wconf 90' lang='lat' dir='ltr'><strong><em>sibi</em></strong></span> <span class='ocrx_word' id='word_1_739' title='bbox 1243 5052 1407 5106; x_wconf 84' lang='lat' dir='ltr'><strong><em>etiam</em></strong></span> <span class='ocrx_word' id='word_1_740' title='bbox 1444 5052 1888 5108; x_wconf 89' lang='lat' dir='ltr'><strong><em>denominatione</em></strong></span> <span class='ocrx_word' id='word_1_741' title='bbox 1915 5068 2000 5108; x_wconf 79' lang='lat' dir='ltr'><strong><em>cor</em></strong></span> 
     </span>
    </p>
   </div>
   <div class='ocr_carea' id='block_1_101' title="bbox 2178 5049 3706 5125">
    <p class='ocr_par' dir='ltr' id='par_1_101' title="bbox 2178 5052 3706 5125">
     <span class='ocr_line' id='line_1_102' title="bbox 2178 5052 3706 5125; baseline 0.009 -20"><span class='ocrx_word' id='word_1_742' title='bbox 2178 5052 2370 5119; x_wconf 87' lang='grc' dir='ltr'>λοιντο,</span> <span class='ocrx_word' id='word_1_743' title='bbox 2404 5056 2753 5113; x_wconf 85' lang='grc' dir='ltr'>παντάπασιν</span> <span class='ocrx_word' id='word_1_744' title='bbox 2783 5060 2981 5125; x_wconf 80' lang='grc' dir='ltr'>αὐτοὺς</span> <span class='ocrx_word' id='word_1_745' title='bbox 3025 5062 3134 5115; x_wconf 86' lang='grc' dir='ltr'>τῶν</span> <span class='ocrx_word' id='word_1_746' title='bbox 3182 5065 3393 5120; x_wconf 88' lang='grc' dir='ltr'>πόλεων</span> <span class='ocrx_word' id='word_1_747' title='bbox 3422 5066 3706 5121; x_wconf 81' lang='grc' dir='ltr'>ἀπελαύνε-</span> 
     </span>
    </p>
   </div>
   <div class='ocr_carea' id='block_1_102' title="bbox 468 5146 3705 5237">
    <p class='ocr_par' dir='ltr' id='par_1_102' title="bbox 468 5146 3705 5237">
     <span class='ocr_line' id='line_1_103' title="bbox 468 5146 3705 5237; baseline 0.004 -36"><span class='ocrx_word' id='word_1_748' title='bbox 468 5153 691 5237; x_wconf 78' lang='lat' dir='ltr'><strong><em>linxere.</em></strong></span> <span class='ocrx_word' id='word_1_749' title='bbox 2150 5146 2290 5212; x_wconf 84' lang='grc' dir='ltr'>σθαι,</span> <span class='ocrx_word' id='word_1_750' title='bbox 2324 5149 2418 5201; x_wconf 78' lang='grc' dir='ltr'>καὶ</span> <span class='ocrx_word' id='word_1_751' title='bbox 2444 5149 2539 5213; x_wconf 81' lang='grc' dir='ltr'><strong><em>τὰς</em></strong></span> <span class='ocrx_word' id='word_1_752' title='bbox 2568 5152 2809 5221; x_wconf 79' lang='grc' dir='ltr'>ἐρήμους</span> <span class='ocrx_word' id='word_1_753' title='bbox 2838 5155 3026 5221; x_wconf 84' lang='grc' dir='ltr'>οἰκεῖν,</span> <span class='ocrx_word' id='word_1_754' title='bbox 3059 5156 3118 5223; x_wconf 78' lang='grc' dir='ltr'>ἐξ</span> <span class='ocrx_word' id='word_1_755' title='bbox 3146 5151 3219 5211; x_wconf 82' lang='grc' dir='ltr'><strong><em>ὧν</em></strong></span> <span class='ocrx_word' id='word_1_756' title='bbox 3262 5159 3354 5212; x_wconf 78' lang='grc' dir='ltr'>καὶ</span> <span class='ocrx_word' id='word_1_757' title='bbox 3380 5160 3470 5232; x_wconf 76' lang='grc' dir='ltr'>τὴν</span> <span class='ocrx_word' id='word_1_758' title='bbox 3506 5162 3705 5214; x_wconf 81' lang='grc' dir='ltr'>ἐπωνυ-</span> 
     </span>
    </p>
   </div>
   <div class='ocr_carea' id='block_1_103' title="bbox 2150 5238 2956 5307">
    <p class='ocr_par' dir='ltr' id='par_1_103' title="bbox 2150 5238 2956 5307">
     <span class='ocr_line' id='line_1_104' title="bbox 2150 5238 2956 5307; baseline 0.014 -18"><span class='ocrx_word' id='word_1_759' title='bbox 2150 5238 2278 5307; x_wconf 76' lang='grc' dir='ltr'>μίαν</span> <span class='ocrx_word' id='word_1_760' title='bbox 2316 5240 2526 5304; x_wconf 81' lang='grc' dir='ltr'>ἑαυτοῖς</span> <span class='ocrx_word' id='word_1_761' title='bbox 2562 5242 2956 5302; x_wconf 81' lang='grc' dir='ltr'>ἀνεπλάσαντο.</span> 
     </span>
    </p>
   </div>
   <div class='ocr_carea' id='block_1_104' title="bbox 535 5326 2063 5418">
    <p class='ocr_par' dir='ltr' id='par_1_104' title="bbox 535 5326 2034 5399">
     <span class='ocr_line' id='line_1_105' title="bbox 535 5326 2034 5399; baseline 0.001 -14"><span class='ocrx_word' id='word_1_762' title='bbox 535 5330 772 5399; x_wconf 63' lang='lat' dir='ltr'><strong><em>$6.0m</em></strong></span> <span class='ocrx_word' id='word_1_763' title='bbox 797 5333 963 5387; x_wconf 89' lang='lat' dir='ltr'><strong><em>vitam</em></strong></span> <span class='ocrx_word' id='word_1_764' title='bbox 1005 5328 1441 5386; x_wconf 81' lang='lat' dir='ltr'><strong><em>exercitatoriam</em></strong></span> <span class='ocrx_word' id='word_1_765' title='bbox 1478 5326 1706 5399; x_wconf 79' lang='lat' dir='ltr'><strong><em>eligunt,</em></strong></span> <span class='ocrx_word' id='word_1_766' title='bbox 1744 5338 1799 5387; x_wconf 91' lang='lat' dir='ltr'><strong><em>et</em></strong></span> <span class='ocrx_word' id='word_1_767' title='bbox 1828 5331 1883 5387; x_wconf 91' lang='lat' dir='ltr'><strong><em>in</em></strong></span> <span class='ocrx_word' id='word_1_768' title='bbox 1918 5347 2034 5387; x_wconf 61' lang='lat' dir='ltr'><strong><em>mo.</em></strong></span> 
     </span>
    </p>
   </div>
   <div class='ocr_carea' id='block_1_105' title="bbox 2175 5326 3703 5418">
    <p class='ocr_par' dir='ltr' id='par_1_105' title="bbox 2221 5331 3703 5418">
     <span class='ocr_line' id='line_1_106' title="bbox 2221 5331 3703 5418; baseline 0.014 -35"><span class='ocrx_word' id='word_1_769' title='bbox 2221 5331 2338 5402; x_wconf 85' lang='grc' dir='ltr'>μς’.</span> <span class='ocrx_word' id='word_1_770' title='bbox 2377 5335 2441 5387; x_wconf 82' lang='grc' dir='ltr'>Δί</span> <span class='ocrx_word' id='word_1_771' title='bbox 2472 5333 2562 5388; x_wconf 78' lang='grc' dir='ltr'>τὸν</span> <span class='ocrx_word' id='word_1_772' title='bbox 2588 5336 2884 5405; x_wconf 84' lang='grc' dir='ltr'>ἀσκητικὸν</span> <span class='ocrx_word' id='word_1_773' title='bbox 2910 5342 3231 5414; x_wconf 87' lang='grc' dir='ltr'>αίρούμεναι</span> <span class='ocrx_word' id='word_1_774' title='bbox 3266 5346 3398 5416; x_wconf 85' lang='grc' dir='ltr'>βίον,</span> <span class='ocrx_word' id='word_1_775' title='bbox 3417 5348 3503 5401; x_wconf 86' lang='grc' dir='ltr'><strong><em>καί</em></strong></span> <span class='ocrx_word' id='word_1_776' title='bbox 3530 5349 3590 5401; x_wconf 86' lang='grc' dir='ltr'><strong><em>ἐν</em></strong></span> <span class='ocrx_word' id='word_1_777' title='bbox 3612 5366 3703 5418; x_wconf 82' lang='grc' dir='ltr'>μο-</span> 
     </span>
    </p>
   </div>
   <div class='ocr_carea' id='block_1_106' title="bbox 466 5418 1994 5514">
    <p class='ocr_par' dir='ltr' id='par_1_106' title="bbox 466 5418 1994 5492">
     <span class='ocr_line' id='line_1_107' title="bbox 466 5418 1994 5492; baseline 0.003 -18"><span class='ocrx_word' id='word_1_778' title='bbox 466 5422 719 5475; x_wconf 84' lang='lat' dir='ltr'><strong><em>nasteriis</em></strong></span> <span class='ocrx_word' id='word_1_779' title='bbox 751 5431 878 5475; x_wconf 82' lang='lat' dir='ltr'><strong><em>sunt</em></strong></span> <span class='ocrx_word' id='word_1_780' title='bbox 913 5422 1244 5483; x_wconf 51' lang='lat' dir='ltr'><strong><em>constitutae,</em></strong></span> <span class='ocrx_word' id='word_1_781' title='bbox 1294 5432 1363 5473; x_wconf 92' lang='lat' dir='ltr'><strong><em>ne</em></strong></span> <span class='ocrx_word' id='word_1_782' title='bbox 1413 5418 1636 5472; x_wconf 90' lang='lat' dir='ltr'><strong><em>omnino</em></strong></span> <span class='ocrx_word' id='word_1_783' title='bbox 1682 5421 1994 5492; x_wconf 79' lang='lat' dir='ltr'><strong><em>progredian</em></strong></span> 
     </span>
    </p>
   </div>
   <div class='ocr_carea' id='block_1_107' title="bbox 2170 5418 3698 5514">
    <p class='ocr_par' dir='ltr' id='par_1_107' title="bbox 2170 5428 3698 5514">
     <span class='ocr_line' id='line_1_108' title="bbox 2170 5428 3698 5514; baseline 0.011 -37"><span class='ocrx_word' id='word_1_784' title='bbox 2170 5428 2418 5499; x_wconf 63' lang='grc' dir='ltr'>ιαστηρίῳ</span> <span class='ocrx_word' id='word_1_785' title='bbox 2445 5432 2914 5499; x_wconf 82' lang='grc' dir='ltr'>καταταττόμεναι</span> <span class='ocrx_word' id='word_1_786' title='bbox 2934 5478 2947 5499; x_wconf 93' lang='grc'><strong><em>,</em></strong></span> <span class='ocrx_word' id='word_1_787' title='bbox 2979 5438 3205 5492; x_wconf 81' lang='grc' dir='ltr'>καθόλου</span> <span class='ocrx_word' id='word_1_788' title='bbox 3240 5441 3313 5512; x_wconf 83' lang='grc' dir='ltr'>μὴ</span> <span class='ocrx_word' id='word_1_789' title='bbox 3341 5443 3698 5514; x_wconf 78' lang='grc' dir='ltr'>προῖέτωσαν³</span> 
     </span>
    </p>
   </div>
   <div class='ocr_carea' id='block_1_108' title="bbox 466 5510 1994 5605">
    <p class='ocr_par' dir='ltr' id='par_1_108' title="bbox 466 5510 1994 5585">
     <span class='ocr_line' id='line_1_109' title="bbox 466 5510 1994 5585; baseline 0.002 -17"><span class='ocrx_word' id='word_1_790' title='bbox 466 5523 572 5571; x_wconf 91' lang='lat' dir='ltr'><strong><em>tur.</em></strong></span> <span class='ocrx_word' id='word_1_791' title='bbox 600 5512 655 5567; x_wconf 90' lang='lat' dir='ltr'><strong><em>Si</em></strong></span> <span class='ocrx_word' id='word_1_792' title='bbox 693 5528 799 5585; x_wconf 89' lang='lat' dir='ltr'><strong><em>qua</em></strong></span> <span class='ocrx_word' id='word_1_793' title='bbox 834 5524 1014 5569; x_wconf 87' lang='lat' dir='ltr'><strong><em>autem</em></strong></span> <span class='ocrx_word' id='word_1_794' title='bbox 1068 5510 1427 5569; x_wconf 77' lang='lat' dir='ltr'><strong><em>inexorabilis</em></strong></span> <span class='ocrx_word' id='word_1_795' title='bbox 1480 5515 1781 5571; x_wconf 89' lang='lat' dir='ltr'><strong><em>necessitas</em></strong></span> <span class='ocrx_word' id='word_1_796' title='bbox 1819 5532 1910 5573; x_wconf 91' lang='lat' dir='ltr'><strong><em>eas</em></strong></span> <span class='ocrx_word' id='word_1_797' title='bbox 1969 5533 1994 5571; x_wconf 88' lang='lat' dir='ltr'><strong><em>a</em></strong></span> 
     </span>
    </p>
   </div>
   <div class='ocr_carea' id='block_1_109' title="bbox 2170 5510 3698 5605">
    <p class='ocr_par' dir='ltr' id='par_1_109' title="bbox 2178 5517 3698 5605">
     <span class='ocr_line' id='line_1_110' title="bbox 2178 5517 3698 5605; baseline 0.011 -35"><span class='ocrx_word' id='word_1_798' title='bbox 2178 5519 2192 5570; x_wconf 90' lang='grc' dir='ltr'><strong><em>ἰ</em></strong></span> <span class='ocrx_word' id='word_1_799' title='bbox 2217 5517 2272 5571; x_wconf 81' lang='grc' dir='ltr'><strong><em>δέ</em></strong></span> <span class='ocrx_word' id='word_1_800' title='bbox 2299 5536 2382 5582; x_wconf 87' lang='grc' dir='ltr'><strong><em>τις</em></strong></span> <span class='ocrx_word' id='word_1_801' title='bbox 2417 5522 2793 5597; x_wconf 82' lang='grc' dir='ltr'>ἀπαραίτητος</span> <span class='ocrx_word' id='word_1_802' title='bbox 2818 5527 2987 5591; x_wconf 57' lang='lat' dir='ltr'><strong><em>aera;</em></strong></span> <span class='ocrx_word' id='word_1_803' title='bbox 3018 5530 3228 5603; x_wconf 76' lang='grc' dir='ltr'>ἀνάγκη</span> <span class='ocrx_word' id='word_1_804' title='bbox 3274 5534 3406 5605; x_wconf 81' lang='grc' dir='ltr'>πρὸς</span> <span class='ocrx_word' id='word_1_805' title='bbox 3434 5534 3587 5589; x_wconf 82' lang='grc' dir='ltr'>τοῦτο</span> <span class='ocrx_word' id='word_1_806' title='bbox 3620 5534 3698 5587; x_wconf 75' lang='grc' dir='ltr'>ἐλ-</span> 
     </span>
    </p>
   </div>
   <div class='ocr_carea' id='block_1_110' title="bbox 463 5605 1991 5699">
    <p class='ocr_par' dir='ltr' id='par_1_110' title="bbox 463 5605 1991 5679">
     <span class='ocr_line' id='line_1_111' title="bbox 463 5605 1991 5679; baseline 0.003 -21"><span class='ocrx_word' id='word_1_807' title='bbox 463 5606 567 5660; x_wconf 84' lang='lat' dir='ltr'><strong><em>boc</em></strong></span> <span class='ocrx_word' id='word_1_808' title='bbox 596 5605 765 5660; x_wconf 84' lang='lat' dir='ltr'><strong><em>trahit</em></strong></span> <span class='ocrx_word' id='word_1_809' title='bbox 807 5620 931 5661; x_wconf 91' lang='lat' dir='ltr'><strong><em>cum</em></strong></span> <span class='ocrx_word' id='word_1_810' title='bbox 979 5605 1359 5663; x_wconf 83' lang='lat' dir='ltr'><strong><em>benedictione</em></strong></span> <span class='ocrx_word' id='word_1_811' title='bbox 1404 5616 1458 5662; x_wconf 90' lang='lat' dir='ltr'><strong><em>et</em></strong></span> <span class='ocrx_word' id='word_1_812' title='bbox 1505 5607 1867 5677; x_wconf 81' lang='lat' dir='ltr'><strong><em>permissione</em></strong></span> <span class='ocrx_word' id='word_1_813' title='bbox 1914 5608 1991 5679; x_wconf 85' lang='lat' dir='ltr'><strong><em>eju</em></strong></span> 
     </span>
    </p>
   </div>
   <div class='ocr_carea' id='block_1_111' title="bbox 2172 5605 3700 5699">
    <p class='ocr_par' dir='ltr' id='par_1_111' title="bbox 2172 5614 3700 5699">
     <span class='ocr_line' id='line_1_112' title="bbox 2172 5614 3700 5699; baseline 0.01 -36"><span class='ocrx_word' id='word_1_814' title='bbox 2172 5628 2247 5674; x_wconf 74' lang='grc' dir='ltr'>ιοι,</span> <span class='ocrx_word' id='word_1_815' title='bbox 2276 5614 2395 5681; x_wconf 79' lang='grc' dir='ltr'>μετ’</span> <span class='ocrx_word' id='word_1_816' title='bbox 2429 5614 2680 5685; x_wconf 81' lang='grc' dir='ltr'>εὐλογίας</span> <span class='ocrx_word' id='word_1_817' title='bbox 2726 5620 2818 5673; x_wconf 66' lang='grc' dir='ltr'>καὶ</span> <span class='ocrx_word' id='word_1_818' title='bbox 2866 5622 3167 5696; x_wconf 81' lang='grc' dir='ltr'>ἐπιτροπῆς</span> <span class='ocrx_word' id='word_1_819' title='bbox 3215 5625 3313 5695; x_wconf 81' lang='grc' dir='ltr'>τῆς</span> <span class='ocrx_word' id='word_1_820' title='bbox 3368 5626 3700 5699; x_wconf 69' lang='grc' dir='ltr'>προεστώςης</span> 
     </span>
    </p>
   </div>
   <div class='ocr_carea' id='block_1_112' title="bbox 529 5782 966 5848">
    <p class='ocr_par' dir='ltr' id='par_1_112' title="bbox 529 5782 966 5848">
     <span class='ocr_line' id='line_1_113' title="bbox 529 5782 966 5848; baseline -0.002 -9"><span class='ocrx_word' id='word_1_821' title='bbox 529 5782 577 5815; x_wconf 78' lang='grc'><strong><em>⁸⁸</em></strong></span> <span class='ocrx_word' id='word_1_822' title='bbox 609 5783 741 5839; x_wconf 84' lang='lat' dir='ltr'><strong><em>Luc.</em></strong></span> <span class='ocrx_word' id='word_1_823' title='bbox 775 5798 851 5848; x_wconf 70' lang='grc' dir='ltr'>ιι,</span> <span class='ocrx_word' id='word_1_824' title='bbox 880 5784 966 5838; x_wconf 72' lang='lat'><strong><em>62.</em></strong></span> 
     </span>
    </p>
   </div>
  </div>
