3980 6430
239 476 343 545 εις)

1043 484 1440 545 SYNTAGM-A
1477 486 1865 547 CANONUM.
1890 489 2126 547 --T[T.
2170 489 2274 559 XI,
2318 489 2472 550 CAP-
2518 492 2618 553 IV.

3378 493 3483 560 850

235 597 395 652 τοῦτο
420 595 805 668 πραττέτωσαν
823 612 838 628 °
872 598 965 651 καὶ
992 599 1112 651 τότε
1146 600 1219 670 μὴ
1252 601 1407 668 μόναι
1435 601 1558 653 καθ’
1584 602 1805 667 ἑαυτὰς,
1838 653 1840 661 ,

1936 620 2032 673 [uae
2066 614 2288 674 praeest,
2331 606 2435 661 hoc
2460 616 2642 678 agant,
2672 616 2912 676 tuncque
2935 621 3042 661 non
3093 605 3222 664 solae
3272 624 3366 677 per
3401 627 3481 676 se,

234 690 373 743 ἀλλὰ
422 689 563 760 μετά
604 707 767 743 τινων
802 690 1172 758 πρεσϐυτίδων
1202 694 1295 746 καὶ
1325 694 1729 764 πρωτευουσῶν
1752 696 1810 748 ὲν

234 780 312 852 τῷ
361 782 739 852 μοναστηρίῳ,
778 783 895 851 μετ’
930 783 1149 854 ἐντολῆς
1206 784 1303 854 τῆς
1355 785 1809 857 καθηγουμένηςε

234 872 516 935 παντελῶς
555 873 612 926 δὲ
660 874 829 937 αὐτὰς
873 873 978 941 ἔξω
1022 876 1221 928 κοιτεῖν
1266 876 1365 929 οὐκ
1407 877 1645 940 ἔξεστιν·
1678 877 1817 932 ἀλλά

235 965 330 1016 καὶ
359 964 553 1034 ἄνδρες
585 965 636 1017 οἱ
666 965 758 1018 τὸν
792 966 1003 1037 μονήρη
1037 965 1151 1036 βίον
1178 968 1581 1038 μετερχόμενοι,
1625 969 1814 1042 χρείας

233 1054 586 1126 ἐπειγούσης.
614 1057 705 1110 καὶ
730 1058 883 1110 αὐτοὶ
916 1057 1035 1128 μετ’
1060 1057 1311 1127 εὐλογίας
1340 1060 1434 1113 τοῦ
1458 1061 1554 1133 τὴν
1581 1064 1815 1134 ἠγουμε-

233 1146 386 1200 νείαν
409 1148 919 1218 ὲμπεπιστευμένου
950 1149 1287 1220 πωῖέτωσαν
1308 1167 1325 1184 ⁸
1361 1152 1502 1207 ὥστε
1546 1156 1594 1208 οἱ
1634 1173 1813 1226 παρα-

235 1239 519 1304 ϐαίνοντες
564 1240 655 1294 τὸν
698 1240 793 1295 νῦν
834 1241 1118 1312 ὁρισθέντα
1166 1242 1296 1314 παρ’
1325 1244 1480 1315 ήμῶν
1512 1246 1638 1318 ὅρον
1662 1287 1677 1312 ,
1705 1248 1815 1301 εἴτε

235 1330 429 1404 ἀνδρες
476 1327 587 1385 εἷεν
636 1331 744 1386 εἴτε
793 1335 1079 1401 γυναῖκες,
1133 1336 1463 1407 προσφόροις
1520 1339 1815 1407 ἐπιτιμίοις

236 1422 726 1493 ὑποϐληθήτωσαν.

238 1507 509 1569 Συνάδου
617 1515 715 1589 καί
750 1513 810 1580 β’
833 1519 1358 1589 ᾳυγκροζηθείσης
1401 1520 1472 1573 ἐν
1504 1525 1817 1576 Κωνσταν-

308 1586 650 1661 τινορπόέει
679 1584 1019 1661 certina-acii
1037 1584 1378 1661 τῶν-Ἁγίων
1422 1592 1816 1647 Ἀποστόλων

311 1653 518 1708 κανὼν
555 1653 619 1724 β’,
654 1654 722 1725 γ’,
748 1657 812 1722 δ’,
843 1654 908 1712 ε’.

310 1745 381 1816 β’.
416 1746 631 1818 Ἐπειδή
654 1766 797 1812 τινες
826 1748 919 1803 τὸν
951 1750 1161 1821 μονήρη
1195 1750 1307 1821 βίον
1332 1752 1655 1808 ὑποδύεσθαι
1680 1772 1813 1824 σχη-

241 1837 582 1909 ματίζονται,
610 1841 708 1911 οὐχ
738 1841 826 1895 ἵνα
857 1842 975 1913 Θεῷ
1007 1843 1262 1915 καθαρῶς
1292 1844 1611 1897 δουλεύωσιν
1631 1886 1644 1909 ,
1690 1846 1817 1899 ἀλλ’

1913 696 2009 750 sed
2048 710 2170 750 cum
2209 697 2484 767 aliquibus
2517 699 2737 765 vetulis,
2789 708 2842 753 et
2885 714 3006 768 quae
3050 699 3102 754 in
3156 701 3486 755 monasterio

1914 790 2103 858 primae
2138 790 2265 855 sint,
2301 806 2423 845 cum
2474 790 2733 846 mandato
2772 792 2888 860 ejus
2927 806 3048 860 quae
3088 791 3337 858 praefecta
3377 801 3488 848 est.

1914 880 2004 936 Eis
2032 892 2211 935 autem
2250 883 2475 938 omnino
2505 892 2660 938 extra
2695 883 2894 937 cubare
2937 897 3045 936 non
3092 881 3237 937 licet.
3283 880 3388 938 Sed
3433 890 3488 937 et

1914 973 2040 1036 viri,
2069 973 2164 1044 qui
2198 974 2367 1028 vitam
2404 974 2762 1030 monasticam
2796 984 3225 1044 persequuntur,
3260 986 3489 1046 urgente

1918 1065 2244 1121 necessitate
2273 1074 2329 1120 et
2369 1066 2473 1136 ipsi
2510 1082 2633 1121 cum
2666 1065 3045 1120 benedictione
3084 1065 3225 1134 ejus,
3261 1065 3351 1120 cui
3400 1080 3489 1120 re—

1917 1156 2095 1225 gimen
2142 1156 2410 1212 creditum
2459 1165 2565 1222 est,
2618 1158 2937 1227 procedant.
2980 1156 3345 1223 Quamobrem
3394 1158 3489 1227 qui

1919 1253 2394 1321 transgrediuntur
2424 1252 2498 1317 id,
2533 1254 2678 1323 quod
2712 1264 2797 1308 est
2836 1268 2979 1309 nunc
3026 1267 3057 1307 a
3107 1254 3263 1308 nobis
3299 1235 3489 1308 decre-

1919 1351 2057 1407 tum,
2105 1344 2220 1398 sive
2259 1346 2369 1399 sint
2397 1345 2521 1411 viri,
2550 1345 2664 1400 sive
2713 1347 2991 1414 mulieres,
3039 1346 3489 1404 convenientibus

1918 1433 2096 1502 pmnis
2133 1432 2515 1502 subjiciantut‘.

1919 1522 2146 1596 ϐοηςὶιῆ
2187 1524 2346 1591 primi
2388 1533 2436 1576 et
2506 1525 2719 1596 secundi
2771 1525 3225 1596 Constantinopoli
3283 1528 3337 1580 in
3382 1527 3490 1581 wde

2030 1591 2352 1647 Sanctorum
2389 1595 2759 1661 Apostolorum
2803 1614 3026 1651 canones
3054 1591 3126 1663 2,
3150 1598 3206 1660 3,
3239 1599 3294 1661 4,
3331 1597 3382 1652 5.

1988 1756 2042 1809 2.
2080 1754 2348 1822 Quoniam
2396 1757 2642 1811 nonnulli
2686 1758 2851 1813 vitam
2898 1760 3256 1815 monasticam
3302 1760 3492 1815 subire

1921 1859 2032 1914 prae
2086 1862 2144 1901 se
2199 1845 2423 1912 ferunt,
2473 1863 2580 1902 non
2630 1858 2688 1903 ut
2740 1848 2850 1904 Deo
2909 1865 3044 1919 pure
3097 1851 3356 1913 serviant,
3398 1852 3493 1905 sed

239 1932 329 1985 ἵνα
352 1934 419 2003 τῇ
443 1933 730 2003 σεμνότητι
752 1934 844 1988 τοῦ
866 1936 1143 2005 σχήματος
1166 1934 1324 2001 δόξαν
1348 1935 1633 1999 εὐλαϐείας
1650 1954 1818 2009 προσ-

1936 1946 1983 1991 ttt
2026 1945 2247 2007 pt-Opter
2283 1938 2505 1995 habitus
2531 1939 2895 2004 honestatem,
2928 1941 3143 2011 pietatis
3181 1943 3491 2011 opinionem

234 2022 469 2087 λάϐωσι,
500 2026 596 2078 καὶ
647 2026 757 2080 τῶν
804 2027 1019 2081 οἰκείων
1056 2028 1302 2082 ἐντεῦθεν
1332 2029 1532 2100 ἡδονῶν
1583 2030 1814 2102 ἄφθονον

231 2116 515 2187 εὑρήσωσι
565 2117 668 2189 τὴν
702 2119 1034 2174 ἀπόλαυσιν*
1084 2121 1193 2174 τῶν
1237 2121 1439 2191 τριχῶν
1486 2123 1592 2194 γὰρ
1641 2123 1818 2193 μόνων

232 2208 337 2279 τὴν
364 2208 635 2282 ἀποϐολὴν
659 2211 992 2282 ποιούμενοι,
1016 2214 1075 2268 ὲν
1094 2215 1208 2276 τοῖς
1235 2214 1456 2278 οἰκείοις
1483 2214 1649 2276 οἴκοις
1673 2233 1816 2286 παρ-

233 2301 542 2370 εδρεύουσι,
588 2304 858 2376 μηδεμίαν
908 2305 1016 2359 τῶν
1068 2305 1321 2376 μοναχῶν
1372 2306 1818 2378 ἀποπληροῦντες

232 2391 564 2447 ἀκολουθίαν
609 2393 641 2463 ἢ
692 2395 1061 2449 κατάστασιν·
1099 2396 1359 2469 ὥρισενὴ
1394 2399 1527 2467 ἀγία
1578 2400 1814 2464 σύνοδος,

238 2484 451 2556 μηδένα
470 2486 579 2540 τῶν
602 2487 855 2542 ἁπάντων
876 2487 968 2541 τοῦ
994 2488 1287 2560 μοναχικοῦ
1312 2492 1587 2560 σχήματος
1610 2491 1815 2558 ἀξιοῦν,

230 2576 369 2631 ἄνευ
401 2579 704 2649 παρουσίας
750 2579 843 2632 τοῦ
896 2580 1201 2649 ὀφείλοντος
1231 2581 1394 2635 αὑτὸν
1429 2584 1508 2645 είς
1541 2582 1818 2653 ὑποταγὴν

236 2665 626 2736 ἀναδέχεσθαι.
657 2672 751 2722 καὶ
801 2668 900 2740 τὴν
948 2669 1035 2723 ἐπ’
1064 2669 1213 2740 αὑτῷ
1240 2671 1535 2742 ἡγεμονίαν
1578 2672 1671 2725 καὶ
1717 2672 1818 2742 τῆς

230 2758 483 2829 ψυχικῆς
529 2760 689 2814 αὑτοῦ
736 2761 1014 2831 σωτηρίας
1044 2762 1142 2834 τὴν
1175 2763 1431 2835 πρόνοιαν
1482 2763 1818 2833 ἐπαγγέλλε-

233 2849 391 2914 σθαι,
427 2850 619 2922 ἀνδρὸς
667 2850 908 2923 δηλονότι
961 2852 1245 2922 θεοφιλοῦς
1297 2854 1471 2922 ὄντος,
1501 2855 1597 2909 καὶ
1653 2858 1821 2927 μονῆς

231 2942 661 3013 προεστηκότος,
695 2943 791 2996 καὶ
841 2944 1024 2998 ἱκανοῦ
1076 2944 1269 3009 σώζειν
1306 2945 1482 3017 ψυχὴν
1512 2934 1713 3018 ἀρτίως
1742 2949 1821 3021 τῷ

232 3034 468 3105 Χριστῷ
501 3038 920 3108 προσαγομένην
939 3054 952 3067 ⁸
986 3039 1034 3091 εί
1064 3037 1120 3091 δέ
1144 3055 1229 3102 τις
1257 3040 1535 3111 φωραθείη
1580 3042 1819 3095 ἀποκου-

235 3127 421 3196 ρεύων
445 3127 567 3182 τινά
596 3129 761 3199 χωρὶς
787 3129 1087 3199 παρουσίας
1113 3128 1209 3183 τοῦ
1244 3133 1324 3195 είς
1354 3131 1633 3202 ὑποταγὴν
1663 3134 1824 3189 αὑτὸν

234 3218 553 3286 ὀφείλοντος
577 3220 981 3291 ἀναλαμϐάνειν
1003 3224 1329 3293 ἡγουμένου,
1361 3224 1552 3279 τοῦτον
1575 3226 1672 3297 μὲν
1693 3226 1825 3279 καθ-

236 3310 457 3383 αιρέσει
486 3312 1009 3383 καθμποϐάλλεσθαι,
1034 3314 1106 3379 ὡς
1129 3316 1457 3370 ἀπειθοῦντα
1478 3319 1591 3381 τοῖς
1613 3317 1820 3383 κανόσι,

237 3404 341 3457 καὶ
373 3404 473 3474 τὴν
505 3405 805 3478 μοναχικὴν
825 3405 1077 3472 εὐταξίαν
1103 3407 1388 3463 διαλύοντα
1410 3427 1425 3443 ο
1448 3410 1541 3464 τὸν
1564 3409 1620 3464 δὲ
1644 3427 1825 3481 παρα-

236 3493 422 3562 λόγως
451 3494 545 3548 καὶ
574 3497 822 3559 ἀτάκτως
850 3496 1343 3568 ἁποκουρευθέντα,
1376 3498 1435 3552 ἐν
1463 3499 1708 3570 ὑποταγῇ
1732 3497 1827 3552 καὶ

240 3585 620 3658 μοναστηρίῳ,
649 3588 708 3642 ὲν
739 3581 781 3655 ᾧ
809 3589 874 3641 ἂν
903 3591 930 3642 6
951 3591 1092 3643 κατὰ
1120 3589 1212 3643 τὸν
1237 3589 1399 3645 τόπον
1423 3590 1718 3654 ἐπίσκοπος
1739 3590 1826 3644 δο-

240 3676 483 3749 κιμάσῃ,
517 3676 934 3747 παραδίδοσθαιο
968 3679 1025 3733 ai
1055 3681 1165 3750 γὰρ
1193 3679 1407 3750 ἄκριτοι
1450 3680 1545 3734 καὶ
1596 3682 1827 3749 ἐπισφα-

238 3767 359 3831 λεῖς
390 3769 693 3839 ἀποκουραὶ
713 3808 727 3833 ,
762 3770 857 3823 καὶ⁹
885 3770 944 3823 τὸ
978 3770 1270 3842 μοναχικὸν
1299 3772 1481 3843 σχῆμα
1519 3772 1826 3843 ἠτίμωσαν,

240 3859 347 3913 καὶ
375 3859 435 3914 τὸ
464 3859 558 3914 τοῦ
584 3860 821 3932 Χριστοῦ
851 3861 1021 3934 ὄνομα
1047 3862 1487 3935 βλασφημεῖσθαι
1523 3863 1827 3934 πεποιήκα-

244 3968 363 4005 σιν.

320 4138 399 4206 γ’.
445 4136 558 4191 Καὶ
601 4136 760 4192 τοῦτο
796 4138 986 4202 κακῶς
1017 4138 1408 4210 πραττόμενον,
1439 4139 1579 4192 κατά
1610 4139 1742 4191 πολὺ
1776 4139 1831 4192 δὲ

240 4231 436 4300 χεῖρον
474 4230 775 4300 παροράσει
801 4231 896 4285 καὶ
926 4229 1155 4303 ἀμελείᾳ
1186 4231 1710 4301 παραπεμπόμενον,
1736 4248 1829 4283 τυ-

240 4321 370 4391 χεῖν
394 4319 586 4390 ἐκρίθη
617 4319 954 4393 διορθώσεως
974 4336 988 4351 ο
1022 4321 1109 4374 ἵνα
1155 4320 1209 4373 εῐ
1251 4337 1334 4383 τις
1367 4320 1535 4391 μονῆς
1568 4321 1831 4391 προϊστά-

248 4425 441 4481 μενος,
470 4411 596 4474 τοὺς
623 4410 715 4465 ὑπ’
747 4409 893 4482 αὑτῷ
920 4411 1285 4480 τεταγμένους
1333 4412 1597 4481 μοναχοὺς
1648 4410 1834 4463 ἀποδι·

243 4500 592 4571 δράσκοντας
611 4541 626 4566 ,
658 4502 720 4555 οὐ
754 4502 894 4571 μετά
929 4502 1129 4572 πολλῆς
1155 4503 1255 4571 τῆς
1282 4502 1596 4572 ἐπιμελείας
1632 4502 1833 4569 ἀναζη-

1926 2038 2357 2099 consequantur,
2400 2040 2455 2086 et
2482 2046 2542 2086 ea
2579 2033 2789 2087 ratione
2837 2033 3071 2102 propriis
3125 2034 3496 2104 voluptatibus

1929 2122 2149 2176 uberius
2201 2121 2450 2177 fruantur
2491 2122 2754 2192 (solorum
2806 2127 2952 2179 enim
2999 2124 3231 2195 pilorum
3279 2125 3495 2195 jactura

1923 2214 2104 2280 facta,
2151 2216 2387 2286 propriis
2429 2215 2686 2273 domibus
2732 2217 2997 2282 assident,
3056 2218 3259 2271 nullam
3300 2232 3495 2271 mona-

1923 2306 2154 2361 chorum
2193 2307 2317 2361 vitae
2352 2306 2903 2373 administrationem,
2934 2308 3018 2361 vel
3043 2309 3493 2362 conStitutioneut

1924 2397 2252 2465 implentes),
2285 2398 2474 2451 statuit
2498 2382 2687 2451 sancta
2721 2397 2984 2467 synodus,
3015 2410 3085 2451 ne
3110 2396 3252 2449 ullus
3280 2410 3347 2449 ex
3376 2408 3496 2449 om-

1924 2487 2087 2542 nibus
2161 2486 2464 2542 monastico
2515 2486 2703 2541 habitu
2760 2486 2957 2557 dignus
3005 2494 3333 2547 censeatur,
3378 2486 3497 2540 sine

1924 2578 2212 2648 praesentia
2247 2577 2403 2648 ejus,
2450 2577 2545 2648 qui
2601 2577 2751 2631 illum
2807 2576 2969 2632 debet
3008 2576 3076 2631 ad
3129 2576 3494 2631 obedientiam

1926 2669 2227 2739 suscipere,
2278 2678 2333 2724 et
2410 2684 2469 2723 se
2542 2669 2909 2739 principatum
2960 2668 3016 2722 in
3098 2667 3251 2721 illum
3304 2668 3499 2722 obten-

1928 2770 2155 2826 turum,
2204 2769 2259 2816 et
2310 2759 2431 2830 ejus
2483 2762 2679 2816 animae
2733 2760 2924 2817 salutis
2975 2775 3164 2816 curam
3222 2766 3498 2829 gesturum

1927 2852 2168 2924 proﬁteri
2204 2870 2217 2910 :
2246 2856 2338 2923 qui
2376 2853 2585 2909 scilicet
2613 2863 2697 2910 est
2741 2853 2826 2909 vir
2871 2853 3019 2924 pius,
3068 2861 3123 2908 et
3151 2862 3347 2923 praeest
3378 2865 3500 2905 mo-

1931 2945 2192 3011 nasterio,
2233 2955 2287 3000 et
2317 2954 2401 3001 est
2448 2947 2676 3001 idoneus
2706 2947 2772 3001 ad
2803 2946 2965 3018 365
3006 2946 3329 3001 servandam
3382 2945 3503 2998 ani-

1931 3050 2096 3101 mam,
2122 3051 2243 3105 quae
2271 3035 2381 3090 Deo
2411 3035 2653 3091 oﬂ'et'tur.
2682 3036 2738 3090 Si
2767 3038 2892 3106 quis
2921 3046 3103 3091 autem
3133 3035 3503 3105 deprehensus

1935 3125 2096 3182 fuerit
2148 3129 2384 3198 aliquem
2444 3130 2675 3183 tondens
2736 3129 2855 3183 sine
2902 3127 3185 3198 praesentia
3239 3128 3382 3196 ejus,
3410 3125 3505 3195 qui

1938 3218 2116 3287 ipsum
2155 3217 2317 3273 debet
2365 3217 2433 3273 ad
2468 3218 2835 3273 obedientiam
2894 3217 3193 3287 suscipere,
3241 3216 3503 3285 prazfecti,

1935 3309 2026 3363 ille
2070 3310 2291 3378 quidem
2338 3309 2671 3379 depositioni
2720 3307 3065 3378 subjiciatur,
3116 3315 3177 3362 ut
3214 3308 3307 3376 qui
3338 3321 3509 3362 cano-

1934 3399 2095 3455 nibus
2146 3414 2253 3451 non
2302 3408 2521 3467 pareat,
2557 3409 2613 3453 et
2661 3398 3028 3451 mouasticum
3077 3397 3326 3451 ordinem
3370 3396 3510 3451 bene

1933 3491 2295 3561 compositum
2346 3490 2627 3544 dissolvat.
2696 3488 2798 3555 Qui
2868 3503 2999 3542 vero
3067 3487 3406 3552 inordinate,
3455 3494 3511 3542 et

1935 3592 2129 3654 praeter
2189 3584 2452 3637 rationem
2505 3590 2694 3635 tonsus
2733 3588 2836 3644 est,
2890 3579 2943 3632 in
2989 3578 3410 3647 subjectionem,
3450 3588 3506 3631 et

1936 3675 2349 3741 monasterium,
2388 3673 2441 3727 in
2493 3688 2603 3743 quo
2650 3672 2796 3726 illius
2847 3671 2953 3726 loci
2984 3671 3275 3741 episcopus
3315 3669 3512 3724 melius

1936 3784 2059 3824 esse
2093 3768 2332 3835 duxerit,
2368 3766 2637 3821 tradatur.
2668 3764 2819 3820 Citra
2849 3763 3118 3836 judicium
3154 3762 3299 3817 enim
3333 3760 3506 3827 facta,

1935 3872 1986 3916 et
2017 3860 2317 3915 temerariae
2371 3875 2435 3914 ac
2481 3857 2786 3929 praecipites
2848 3867 3109 3921 tonsurae,
3145 3854 3508 3909 monasticum

1939 3968 2157 4023 quoque
2188 3954 2434 4007 habitum
2473 3951 2777 4021 ignominia
2802 3948 3120 4014 aﬂecerunt,
3150 3959 3204 4003 et
3237 3956 3294 4001 ut
3342 3946 3506 4001 Chri-

1939 4046 2006 4100 sti
2046 4060 2244 4101 nomen
2278 4044 2633 4114 blasphetniis
2667 4052 3015 4112 appeteretur
3051 4040 3368 4095 effecerunt.

2011 4137 2063 4190 5.
2108 4135 2165 4189 ld
2200 4149 2418 4204 quoque
2451 4134 2595 4204 quod
2631 4133 2771 4187 male
2804 4132 2881 4197 ﬁt,
2919 4142 2972 4185 ct
3010 4131 3178 4184 multo
3226 4129 3380 4198 pejus
3421 4128 3515 4182 de-

1942 4229 2203 4300 spicatui,
2256 4235 2310 4280 et
2362 4226 2701 4295 negligentiae
2756 4222 3074 4284 mandatur,
3119 4220 3512 4275 correctionem

1941 4329 2189 4389 oportere
2221 4317 2442 4387 assequi
2470 4315 2777 4385 judicatum
2810 4324 2910 4369 est.
2961 4312 3017 4365 Si
3058 4312 3182 4380 quis
3232 4325 3363 4380 ergo
3417 4308 3512 4378 qui
3562 4308 3563 4311 “

1943 4425 2138 4486 ρτωρδι
2164 4411 2513 4478 monasterio,
2545 4426 2640 4464 eos
2670 4410 2763 4479 qui
2814 4409 2864 4461 ei
2897 4407 3129 4476 subjecti
3161 4415 3290 4461 sunt
3321 4419 3513 4459 mona-

1941 4508 2075 4561 chos
2103 4521 2211 4559 non
2249 4519 2371 4559 cum
2408 4502 2574 4557 multa
2617 4500 2897 4571 diligentia
2942 4499 3206 4569 requirat,
3240 4498 3324 4552 vel
3361 4498 3513 4552 inve-

243 4592 400 4663 τοίη,
434 4592 469 4664 ἢ
489 4592 826 4664 ὲφευρίσκων
856 4593 955 4646 οὐκ
985 4593 1435 4664 ἁναλαμϐἀνοιτο,
1462 4595 1554 4647 καὶ
1577 4596 1643 4664 τῇ
1668 4611 1837 4664 προσ-

1943 4598 2098 4653 niens
2128 4611 2236 4650 non
2269 4593 2515 4663 recipiat,
2546 4599 2599 4647 et
2627 4594 2985 4646 conveniente
3038 4592 3324 4661 lapsuique
3381 4606 3513 4644 con-

248 4682 471 4758 ηκούσῃ
504 4685 599 4739 καὶ
632 4684 951 4756 καταλλήλῳ
985 4684 1079 4738 τοῦ
1125 4685 1465 4755 πταίσματος
1518 4685 1730 4757 ἰατρείᾳ
1782 4686 1841 4740 τὸ

250 4773 552 4844 νενοσηκὸς
587 4774 923 4829 ἀνακτᾶσθαι
973 4775 1067 4827 καὶ
1115 4776 1467 4846 ὲπιρωννύειν
1496 4775 1835 4843 ἀγωνίζοιτο,

249 4862 452 4918 ⁴τοῦτον
475 4862 673 4932 ὥρισεν
694 4866 726 4935 ἡ
754 4865 883 4934 ἀγία
910 4865 1144 4930 σύνοδος,
1168 4868 1459 4937 ἀφορισμῷ
1484 4868 1800 4923 ὑποκεῖσθαι
1822 4908 1838 4925 .

254 4954 324 5009 Ei
345 4956 456 5027 γὰρ
474 4958 500 5009 6
516 4955 669 5021 ζώων
686 4958 893 5026 ἀλόγων
910 4956 1007 5029 τὴν
1028 4960 1362 5028 προστασίαν
1383 4961 1838 5032 ὲγχειριζόμενος,

257 5047 362 5101 καὶ
385 5046 483 5100 τοῦ
510 5048 757 5118 ποιμνίου
784 5050 1129 5121 καταμελῶν,
1166 5052 1263 5104 οὑκ
1297 5052 1643 5123 ἀτιμώρητος
1674 5070 1838 5106 καταο

255 5137 620 5207 λιμπάνεται,
652 5142 680 5192 6
708 5139 814 5193 τῶν
845 5142 1081 5212 Χριστοῦ
1108 5143 1438 5212 θρεμμάτων
1467 5143 1565 5214 τὴν
1608 5161 1841 5212 ποιμαν-

256 5228 424 5301 τικὴν
450 5230 625 5301 ἀρχὴν
656 5233 1127 5300 καταπιστευθεὶς,
1148 5236 1240 5289 καὶ
1272 5236 1523 5307 ῥᾳστώνῃ
1552 5236 1646 5290 καὶ
1678 5238 1842 5308 ρᾳθυ-

262 5322 371 5396 μίᾳ
398 5321 499 5395 τὴν
527 5323 705 5379 αὐτῶν
738 5328 1012 5398 σωτηρίαν
1049 5328 1385 5398 ἀπεμπολῶν
1406 5372 1420 5397 ,
1453 5330 1570 5393 πῶς
1598 5331 1659 5385 οὐ
1690 5331 1844 5397 δίκας

258 5416 361 5472 τοῦ
400 5416 752 5489 τολμήματος
789 5421 1296 5493 είσπραχθήσεται;

333 5505 401 5563 δ’.
444 5510 801 5582 Πολυτρόπως
820 5514 848 5566 6
872 5513 1107 5585 πονηρὸς
1126 5514 1220 5568 τοῦ
1247 5514 1539 5586 μοναχικοῦ
1568 5515 1844 5585 σχήματος

262 5600 329 5656 τὸ
355 5601 678 5672 σεϐάσμιον,
702 5603 1063 5658 ἐπονείδιστον
1089 5605 1259 5659 θεῖναι
1289 5607 1726 5675 κατηγωνίσατοο
1751 5605 1844 5658 καὶ

264 5690 473 5763 πολλὴν
491 5687 651 5764 εὗρεν
677 5696 759 5759 είς
783 5695 941 5751 τοῦτο
971 5697 1290 5769 συνδρομὴν,
1312 5698 1410 5768 τῆς
1434 5697 1846 5769 προκατασχού-

268 5801 373 5856 σης
404 5784 668 5857 αίρέσεως
697 5786 789 5842 τὸν
821 5787 1043 5859 καιρόν.’
1086 5789 1184 5853 τὰς
1233 5791 1339 5862 γὰρ
1388 5791 1524 5854 ἰδίας
1571 5792 1735 5860 μονὰς
1779 5794 1843 5863 τῇ

269 5874 607 5950 ἀνάγκητῆς
626 5877 888 5951 αἱρέσεως
912 5882 958 5935 οἱ
980 5879 1301 5949 μονάζοντες
1323 5881 1842 5953 καταλιμπάνοντες,

1941 4698 2171 4762 gruente
2205 4687 2474 4742 medicina
2516 4685 2567 4739 id
2599 4685 2742 4755 quod
2775 4685 2971 4739 morbo
3003 4682 3257 4738 affectum
3289 4690 3373 4736 est
3404 4695 3513 4734 non

1944 4788 2248 4851 recuperat,
2299 4788 2356 4833 et
2403 4777 2727 4831 conﬁrmare
2754 4774 3058 4840 contendit,
3093 4773 3285 4828 statuit
3319 4781 3509 4826 sancta

1943 4872 2186 4944 synodus
2232 4885 2360 4926 eum
2404 4868 2767 4940 segregationi
2812 4868 3031 4938 subjici.
3098 4865 3153 4920 Si
3201 4866 3370 4932 enim,
3426 4864 3513 4919 cui

1942 4965 2261 5020 animalium
2311 4964 2524 5017 ratione
2586 4961 2887 5016 carentium
2933 4958 3254 5030 praefectura
3311 4956 3513 5011 credita

1942 5065 2048 5120 est,
2078 5070 2293 5126 gregem
2325 5053 2571 5123 negligit,
2622 5052 2676 5105 id
2720 5068 2826 5106 non
2860 5051 3081 5120 impune
3110 5049 3309 5115 aufert,
3342 5049 3388 5103 is
3415 5063 3514 5103 cu-

1940 5148 2031 5217 jus
2060 5146 2182 5201 iidei
2209 5144 2411 5200 Christi
2461 5146 2678 5213 pecoris
2716 5144 3002 5213 imperium
3027 5142 3380 5197 commissum
3410 5152 3512 5202 est,

1944 5248 1998 5293 et
2074 5237 2325 5293 socordia
2395 5252 2460 5291 ac
2512 5236 2838 5307 negligentia
2892 5250 3081 5290 eorum
3142 5235 3374 5288 salutem
3426 5248 3515 5285 ve-

1945 5329 2175 5393 nundat,
2224 5328 2413 5395 quidni
2473 5328 2697 5382 audacis
2735 5327 2856 5396 ejus
2907 5327 3101 5395 incepti
3152 5341 3325 5394 pmnae
3354 5324 3421 5377 ab
3450 5337 3517 5377 eo

1943 5421 2226 5492 exigentur
2252 5420 2273 5474 ἵ

2014 5513 2066 5566 4.
2113 5511 2293 5566 Multis
2324 5511 2500 5566 modis
2553 5511 2821 5580 malignus
2873 5512 3236 5563 monasticum
3290 5521 3519 5562 venera-

1950 5603 2113 5658 bilem
2172 5602 2417 5657 habitum
2467 5602 2790 5673 probrosum
2851 5602 3061 5656 ellicere
3114 5599 3413 5664 contendit,
3465 5607 3521 5653 et

1948 5710 2202 5766 magnum
2234 5708 2353 5748 eam
2410 5694 2477 5748 ad
2514 5710 2627 5748 rem
2662 5693 2926 5748 auxilium
2979 5692 3184 5746 invenit
3218 5690 3359 5761 ejus,
3396 5704 3522 5759 qua:

1947 5790 2259 5860 praeessit,
2304 5787 2531 5844 haeresis
2566 5796 2801 5856 tempus.
2848 5784 3069 5854 Propria
3124 5783 3268 5839 enim
3321 5797 3515 5836 mona-

1947 5881 2110 5940 steria
2161 5880 2385 5939 haeresis
2435 5880 2759 5936 necessitate
2813 5879 3180 5947 relinquentes
3233 5875 3511 5937 monachi.
