3870 6290
454 490 469 505 ί
554 407 652 472 εει

1708 402 1959 465 PHOTII
1988 401 2486 466 PATRIARCHAE
2526 408 2632 467 (ΞΡ.

3626 411 3707 477 852

553 522 608 577 hi
642 520 860 591 quidem
892 521 960 577 ad
986 521 1114 588 alia,
1157 520 1235 574 illi
1278 533 1406 574 vero
1451 518 1614 572 etiam
1660 517 1727 571 ad
1759 516 2105 573 saecularium

2217 518 2261 570 οί
2294 519 2391 587 μὲν
2425 521 2504 582 είς
2537 519 2751 588 ἐτέρας,
2780 518 2830 571 οἱ
2881 516 2938 571 δὲ
2972 507 3086 570 ’καὶ
3136 516 3218 579 είς
3262 515 3520 583 κωμικῶν
3545 515 3711 590 ἀνδρῶν

552 613 797 669 virorum
838 613 1147 668 habitacula
1177 626 1237 668 se
1266 608 1688 667 transferebant.
1737 608 2112 664 Verumenim-

550 703 906 775 vero,366
945 704 1091 774 quod
1142 712 1272 757 tunc
1324 700 1393 755 ab
1445 699 1551 755 illis
1585 708 1804 769 propter
1858 701 2112 769 pietatem

550 794 754 852 factum
779 834 796 861 ,
848 809 945 851 eos
985 792 1285 849 laudandos
1340 792 1689 859 beandosque
1732 791 2017 859 efficiebat,
2057 793 2111 847 in

553 904 736 945 mores
765 898 797 944 a
829 888 1037 943 ratione
1066 887 1276 941 alienos
1322 899 1667 949 conversum,
1702 898 1799 940 eos
1847 884 1971 955 jure
2015 884 2112 940 de-

550 981 814 1037 ridendos
865 979 1048 1035 efficit.
1079 979 1213 1033 Cum
1262 977 1409 1033 enim
1460 977 1575 1046 jam
1611 976 1810 1046 ubique
1845 984 2112 1032 terrarum

548 1078 841 1141 propagata
909 1068 982 1124 sit
1030 1068 1241 1136 religio,
1277 1074 1331 1121 et
1382 1064 1625 1120 Ecclesia
1678 1080 1709 1120 a
1754 1064 2115 1122 scandalis'et

550 1160 949 1216 ollensionibus
976 1158 1228 1223 liberata,
1253 1156 1475 1227 quidam
1504 1156 1682 1210 adhuc
1707 1170 1737 1210 e
1766 1155 1882 1211 suis
1920 1170 2113 1210 mona-

548 1252 729 1309 steriis
756 1251 1108 1315 excedentes,
1162 1256 1221 1304 et
1272 1258 1529 1319 tanquam
1569 1246 1829 1301 fluentum
1863 1246 2110 1317 aliquod,

549 1344 692 1414 quod
740 1343 983 1399 cohiberi
1027 1358 1136 1397 non
1188 1346 1393 1411 potest,
1444 1353 1591 1393 nunc
1644 1337 1775 1392 illuc
1825 1352 1884 1392 se
1926 1337 2114 1393 confe-

550 1443 761 1500 rentes,
788 1442 845 1489 et
876 1433 1213 1490 confluentes
1241 1474 1257 1498 ,
1300 1430 1628 1487 monasteria
1675 1429 1894 1499 quidem
1940 1429 2112 1486 multa

551 1525 893 1581 immodestia
946 1525 1183 1595 replent,
1211 1533 1265 1580 et
1315 1523 1542 1579 multam
1589 1521 1692 1577 sibi
1732 1520 2110 1576 confusionem

551 1618 1015 1689 petulantiamque
1038 1619 1291 1687 afferunt,
1314 1617 1742 1686 obedientiteque
1772 1616 2108 1671 honestatem

548 1711 862 1766 convellunt
907 1726 972 1767 ac
1018 1712 1277 1781 perdunt.
1332 1708 1437 1765 Sed
1489 1723 1679 1766 eorum
1724 1707 2029 1763 instabilem
2058 1717 2112 1762 et

550 1816 660 1855 non
692 1799 969 1857 ferendam
1007 1801 1390 1871 appetitionem
1427 1814 1682 1854 resecans
1709 1809 1898 1855 sancta
1946 1812 2111 1869 syno-

2216 608 2544 680 μετέπιπτω
2590 610 2936 678 καταγώγιαο
2982 607 3117 662 ἀλλὰ
3162 606 3271 675 γὰρ
3316 606 3443 676 ὅπερ
3470 607 3622 672 αὐτοῖς
3653 610 3715 665 δι’

2215 700 2499 761 εὐσέϐειαν
2522 700 2640 754 τότε
2673 699 3063 770 πραττόμενον,
3082 694 3442 766 μακαριστοὺς
3456 697 3717 765 ἀπέφαινεν,

2213 794 2293 855 είς
2311 792 2428 856 ἔθος
2449 792 2639 860 ἄλογον
2659 790 2981 862 μεταπεσὸν,
2994 787 3420 857 καταγελάστους
3446 788 3716 859 παρίστησιο

2215 884 2492 955 πανταχοῦ
2535 884 2643 955 γὰρ
2681 883 2776 939 νῦν
2803 882 2904 953 τῆς
2937 881 3219 945 εὐσεϐείας
3250 878 3622 951 ὲξηπλωμένης,
3649 882 3723 935 καὶ

2217 975 2525 1029 σκανδάλων
2553 976 2651 1045 τῆς
2675 973 2998 1043 Ἐκκλησίας
3044 970 3481 1043 ἀπηλλαγμένης,
3508 970 3579 1024 ἐτι
3612 972 3724 1035 τινὲς

2215 1067 2322 1120 τῶν
2349 1066 2563 1120 οἰκείων
2587 1065 2960 1136 μοναστηρίων
2986 1062 3402 1133 ἀποφοιτῶντες,
3419 1062 3505 1117 καὶ
3521 1061 3725 1135 καθάπερ

2212 1174 2267 1211 τι
2307 1155 2484 1228 ῥεῦμα
2512 1154 2897 1220 δυσκάθεκτον,
2926 1146 3027 1208 ὧδε
3071 1154 3292 1206 κάκεῖσε
3336 1150 3727 1221 μεταγγιζόμενοί

2213 1265 2274 1302 τε
2310 1247 2404 1301 καὶ
2439 1246 2849 1319 μταρρέοντες
2873 1244 3074 1315 πολλῆς
3102 1245 3200 1315 μὲν
3224 1243 3322 1314 τῆς
3351 1241 3600 1311 ἀκοσμίας
3618 1242 3727 1312 πλη-

2217 1338 2369 1411 ροῦσι
2399 1339 2469 1391 τὰ
2500 1338 2857 1408 μοναστήρια,
2880 1335 3081 1406 πολλὴν
3108 1335 3165 1395 δὲ
3194 1333 3292 1404 τὴν
3321 1332 3534 1399 ἀταξίαν
3560 1333 3729 1400 ἑαυτοῖς

2215 1429 2739 1501 συνεισκωμάζουσι,
2774 1430 2865 1484 καὶ
2894 1428 2994 1499 τῆς
3026 1426 3306 1495 ὑποταγῆς
3344 1424 3407 1478 τδ
3435 1423 3610 1494 σεμνὸν
3642 1425 3730 1479 δια-

2214 1519 2391 1573 σπῶσι
2445 1536 2506 1573 τε
2558 1520 2654 1573 καὶ
2721 1518 3251 1589 καταλυμαίνονταν
3308 1513 3443 1569 ἀλλά
3487 1513 3666 1568 τούτων
3687 1516 3732 1569 τδ

2213 1610 2444 1671 ἄστατον
2476 1612 2576 1681 τῆς
2601 1609 2776 1680 ὁρμῆς
2811 1609 2905 1664 καί
2934 1608 3307 1663 ἀνυπότακτον
3334 1607 3370 1676 ἡ
3406 1604 3532 1673 ἀγία
3560 1604 3733 1677 σύνοδος

2214 1702 2613 1768 ἀνακόπτούσα,
2659 1702 2857 1774 ὥρισεν
2905 1700 2991 1755 ῐνα
3023 1699 3189 1763 εἴτις
3224 1698 3457 1771 μοναχδς
3496 1699 3587 1767 τῆς
3629 1697 3734 1760 ἰδίας

2215 1798 2529 1870 ἀποδράσας
2576 1798 2761 1869 μονῆς,
2794 1799 2826 1869 ἢ
2861 1799 2941 1861 εἰς
2966 1797 3153 1867 ἕτερον
3183 1793 3464 1867 μεταπέσῃ
3509 1792 3733 1863 μοναστη-

547 1894 673 1956 dus,
711 1895 899 1949 statuit
928 1903 1006 1960 ut,
1034 1867 1237 1964 quis
1266 1893 1567 1948 monachus
1602 1907 1632 1947 a
1670 1892 1891 1962 prOprio
1949 1867 2109 1946 aufu-

2217 1867 2412 1964 ριονξῆ
2462 1891 2542 1954 είς
2574 1867 2836 1962 κοσμικδν
2868 1889 3192 1962 είσκωμάσῃ
3225 1885 3581 1956 καταγώγιον,
3610 1885 3736 1948 αύτός

549 1983 705 2058 giens
758 1985 1125 2050 monasterio,
1181 1985 1262 2040 vel
1308 2000 1368 2039 se
1424 1985 1477 2038 in
1526 1983 1672 2037 aliud
1719 1985 2107 2039 monasterium

548 2074 817 2140 conferat,
844 2078 924 2131 vel
990 2077 1044 2131 in
1098 2077 1361 2132 saeculare
1414 2075 1785 2132 habitaculum
1844 2076 2111 2146 ingredia-

548 2176 678 2233 tur,
730 2168 848 2237 ipse
904 2177 959 2223 et
1020 2168 1115 2239 qui
1182 2184 1306 2223 eum
1357 2169 1596 2238 suscepit
1647 2178 1959 2239 segregatus
2016 2167 2109 2233 sit,

547 2259 721 2313 donec
794 2260 887 2329 qui
935 2259 1186 2331 aufugit,
1245 2260 1299 2313 in
1354 2259 1407 2314 id
1475 2260 1865 2315 monasterium
1920 2275 1950 2314 a
2003 2273 2112 2329 quo

546 2351 792 2421 improbe
831 2361 1152 2417 recesserat,
1199 2361 1526 2408 revertatur.
1562 2351 1665 2408 Sed
1717 2352 1762 2409 si
1819 2353 2109 2424 episcOpus

546 2441 765 2510 quidem
821 2442 887 2497 de
930 2442 1316 2498 nonnullorum
1348 2442 1745 2497 monachorum
1805 2443 2005 2513 pietate
2054 2452 2110 2498 et

550 2533 672 2588 vitae
724 2534 992 2603 probitate
1022 2535 1091 2593 ab
1126 2534 1335 2591 idoneis
1369 2537 1600 2593 testibus
1658 2535 1862 2591 certior
1908 2535 2107 2603 factus,

547 2620 601 2674 in
649 2620 795 2675 aliud
828 2622 1224 2676 monaSterium
1258 2621 1327 2676 ad
1362 2623 1480 2692 ejus
1514 2623 1956 2678 constitutionem
2013 2639 2109 2679 eos

550 2707 843 2763 transferre
890 2707 1141 2771 voluerit,
1179 2708 1261 2762 vel
1295 2708 1349 2763 in
1400 2710 1620 2764 domum
1656 2710 1999 2773 saecularem,
2042 2712 2109 2766 ad

543 2816 757 2866 eurum,
805 2804 899 2870 qui
970 2804 1293 2869 inhabitant,
1334 2805 1586 2867 salutem,
1636 2803 1998 2859 traducendos
2047 2820 2141 2861 eos

2212 1998 2272 2035 τε
2310 1983 2406 2035 καὶ
2437 1983 2465 2036 ὁ
2493 1981 2677 2035 τοῦτον
2712 1981 3108 2051 ὑποδεξάμενος
3135 1977 3514 2050 ἀφωρισμένος
3539 1975 3633 2047 εἴη,
3656 1975 3737 2038 ἕως

2214 2073 2282 2128 ἂν
2297 2075 2324 2127 ὁ
2340 2072 2638 2143 ἀποφυγὼν
2667 2073 2958 2145 ἐπανέλθῃ,
2978 2073 3035 2140 ἐξ
3051 2067 3120 2145 ῆς
3135 2072 3321 2135 κακῶς
3347 2069 3564 2135 ἐξέπεσε
3587 2068 3739 2139 μονῆς⁵

2213 2165 2264 2219 εί
2312 2164 2412 2235 μέν
2441 2181 2524 2218 τοι
2554 2180 2618 2233 γε
2650 2165 2679 2217 ὁ
2708 2164 3004 2229 ὲπίσκοπός
3048 2180 3200 2227 τινας
3240 2162 3353 2217 τῶν
3404 2159 3633 2232 μοναχῶν
3670 2159 3739 2211 ἐπὶ

2214 2257 2470 2330 εὐλαϐείᾳ
2519 2258 2615 2313 καὶ
2664 2258 2779 2329 βίου
2826 2259 3113 2330 σεμνότητι
3165 2255 3645 2329 μαρτυρουμένους.
3681 2254 3743 2315 εις

2212 2349 2399 2419 ἕτερον
2430 2350 2791 2421 μοναστήριον
2817 2350 2910 2402 ἐπὶ
2937 2349 3270 2404 καταστάσει
3302 2347 3408 2416 τῆς
3437 2345 3594 2417 μονῆς
3616 2345 3742 2414 θελή-

2218 2456 2301 2493 σοι
2335 2440 2719 2511 μετακομίσαι,
2748 2440 2780 2513 ἢ
2815 2441 2910 2495 καὶ
2938 2441 3019 2503 είς
3051 2439 3326 2510 κοσμικὴν
3356 2438 3531 2492 οίκίαν
3555 2437 3637 2489 ἐπὶ
3660 2453 3743 2488 cm-

2212 2531 2378 2602 τηρίᾳ
2404 2531 2513 2586 τῶν
2544 2531 2893 2585 ἐνοικούντων
2920 2531 3207 2603 δοκιμάσοι
3242 2528 3594 2599 καταστῆσαι,
3616 2527 3645 2597 ἢ
3667 2526 3742 2579 ἁλ-

2217 2622 2410 2694 λαχόσε
2445 2624 2725 2696 εύδοκήσοι
2752 2625 3040 2695 ἐπιστῆσαι
3060 2667 3075 2691 ,
3108 2623 3266 2678 τοῦτο
3293 2621 3423 2676 οὔτε
3450 2623 3569 2684 τοὺς
3592 2618 3745 2672 ὑποδε-

2218 2714 2503 2786 χομένους,
2544 2715 2666 2770 οὕτε
2694 2718 2819 2780 τοὺς
2854 2718 3142 2787 μοναχοὺς,
3174 2714 3468 2776 ὑποδίκους
3492 2712 3702 2781 ποιήσει.

2221 2809 2653 2874 censuerit,vel
2713 2810 2767 2863 in
2824 2808 2931 2863 alio
2985 2808 3180 2878 quovis
3233 2807 3359 2863 loco
3414 2800 3748 2875 praeficiendos

544 2894 758 2949 caeteris
805 2894 1050 2960 duxerit,
1106 2895 1210 2950 hoc
1264 2910 1440 2965 neque
1491 2895 1589 2958 iis,
1643 2896 1735 2965 qui
1775 2894 2109 2965 suscipiunt,
2151 2912 2250 2952 nec
2288 2898 2421 2968 ipsis
2473 2899 2757 2955 monachis
2806 2898 2983 2953 fraudi
3033 2898 3155 2953 erit.

616 2988 673 3044 5.
715 2987 847 3055 Qua:
882 2996 1104 3055 temere,
1153 3000 1208 3045 et
1255 2991 1373 3046 sine
1420 2989 1627 3059 judicio
1669 3005 1734 3045 ac
1788 2990 2106 3058 probatione

548 3082 702 3144 fiunt,
742 3080 1197 3148 renuntiationes,
1243 3082 1388 3137 bono
1424 3081 1725 3137 monaStico
1760 3081 1941 3137 ordini
1991 3096 2110 3135 ma-

546 3183 710 3235 gnum
750 3167 943 3225 afferre
986 3170 1385 3226 incommodum
1452 3171 1778 3227 invenimus.
1816 3171 1873 3226 lu
1918 3185 2107 3226 mona-

545 3259 735 3320 sticam
788 3260 933 3315 enim
989 3264 1155 3318 vitam
1196 3278 1267 3318 se
1324 3261 1485 3319 facile
1544 3263 1884 3333 injicientes,
1936 3272 1991 3318 et
2039 3262 2106 3317 ad

545 3366 796 3422 asperam
837 3360 891 3407 et
936 3351 1265 3409 laboriosam
1298 3354 1740 3411 exercitationem
1782 3369 1842 3411 se
1873 3355 2111 3425 segniter

544 3452 796 3516 gerentes
828 3487 843 3511 ,
894 3447 963 3502 ad
1021 3448 1293 3503 carnalem
1380 3457 1433 3503 et
1519 3447 1877 3519 voluptariam
1938 3449 2105 3503 vitam

544 3552 740 3593 rursus
773 3537 974 3593 misere
1005 3548 1375 3595 revertuntur.
1421 3539 1712 3611 Propterea
1756 3554 1887 3611 ergo
1919 3540 2110 3595 statuit

547 3638 734 3685 sancta
775 3630 1047 3700 synodus,
1101 3640 1161 3686 ut
1218 3647 1377 3687 nemo
1423 3632 1730 3689 monastico
1784 3632 1970 3688 habitu
2027 3632 2109 3688 di-

543 3736 681 3789 gnus
737 3731 998 3792 putetur,
1044 3724 1198 3793 prius
1265 3740 1429 3795 quam
1484 3726 1702 3781 triennii
1765 3736 1978 3797 tempus
2038 3726 2106 3783 ad

542 3811 931 3880 experiendum
987 3813 1067 3869 eis
1122 3814 1389 3877 relictum,
1425 3830 1521 3871 eos
1576 3831 1699 3872 esse
1741 3818 2002 3887 probatos
2052 3826 2108 3874 et

545 3901 638 3955 tali
698 3916 818 3957 esse
873 3902 981 3956 vita
1036 3902 1231 3974 dignos
1278 3904 1440 3976 367
1504 3907 1838 3975 ostenderit;
1882 3915 1937 3963 et
1993 3908 2108 3965 luce

542 3992 692 4047 omni
752 3994 915 4048 modo
969 3995 1244 4050 observari
1285 3996 1583 4067 praeepit,
1636 4008 1995 4068 prmterquam
2060 4000 2108 4055 si

544 4084 722 4154 gravis
753 4083 952 4154 aliquis
983 4086 1207 4141 morbus
1240 4085 1483 4143 incidens
1507 4088 1838 4158 probationis
1862 4100 2104 4161 tempora

542 4172 792 4227 contrahi
845 4173 1120 4244 coegerit,
1179 4174 1262 4229 vel
1325 4176 1372 4231 si
1431 4178 1670 4233 nondum
1737 4180 1860 4249 quis
1904 4181 1975 4235 sit
2025 4181 2107 4235 vir

543 4263 851 4332 religiosus,
883 4273 937 4319 et
986 4274 1169 4319 tamen
1198 4267 1361 4322 vitam
1417 4269 1769 4324 monasticam
1822 4272 1873 4325 in
1917 4271 2103 4326 habitu

542 4355 788 4410 saeculari
834 4366 1075 4425 peragat.
1124 4356 1239 4412 Tali
1295 4359 1442 4414 enim
1494 4361 1609 4415 viro
1668 4363 1735 4416 ad
1798 4363 2102 4419 absolutam

2284 2992 2346 3046 ε’.
2388 2993 2500 3056 Τάς
2535 2993 2794 3066 ἀκρίτους
2825 2993 2920 3047 καὶ
2950 2990 3349 3061 ἀδοκιμάστους
3375 2984 3750 3056 ἀποταγάς,ἒπὶ

2219 3084 2355 3137 πολὺ
2392 3085 2492 3154 τὴν
2522 3084 2817 3155 μοναχικὴν
2844 3083 3094 3150 εὐταξίαν
3120 3081 3524 3153 λυμαινομένας
3548 3078 3751 3149 εὑρίσκο-

2218 3194 2350 3247 μεν·
2386 3177 2672 3248 προπετῶς
2704 3177 2811 3248 γάρ
2866 3176 2945 3240 είς
2995 3175 3087 3228 τὸν
3132 3176 3342 3246 μονήρη
3396 3173 3511 3242 βίον
3562 3168 3752 3231 ἑαυτούς

2214 3267 2647 3339 ἐπιρῤίπτοντες,
2677 3268 2769 3322 καί⁵
2807 3267 2942 3338 πρὸς
2968 3266 3029 3320 τὸ
3054 3266 3226 3337 τραχὺ
3252 3267 3350 3319 καὶ
3380 3263 3626 3318 ἐπίπονον
3646 3275 3752 3312 κατφ

2212 3359 2601 3431 ολιγωροῦντες
2628 3361 2728 3429 τῆς
2758 3360 3065 3430 ἀσκήσεως,
3098 3358 3190 3412 ἐπὶ
3222 3357 3315 3411 τὸν
3349 3356 3661 3426 φιλόσαρκον
3680 3352 3755 3413 καὶ

2212 3452 2460 3521 ἡδονικδν
2493 3451 2606 3521 βίον
2631 3452 2830 3515 ἀθλίως
2851 3450 3009 3505 πάλιν
3032 3450 3562 3520 ὲπαναστρέφουσινο
3588 3445 3755 3515 ὥρισεν

2213 3540 2307 3599 οὖν
2343 3543 2431 3597 διὰ
2456 3544 2616 3597 τοῦτο
2650 3544 2682 3614 ἡ
2709 3543 2840 3612 ἁγία
2874 3542 3110 3606 σύνοδος,
3148 3540 3352 3612 μηδένα
3376 3538 3473 3594 τοῦ
3502 3533 3755 3610 μοναχικού

2216 3636 2603 3704 καταξιοῦσθαι
2634 3637 2931 3707 σχήματος,
2962 3635 3091 3707 πρὶν
3122 3635 3188 3688 ἂν
3218 3636 3245 3687 δ
3269 3634 3374 3705 τῆς
3397 3631 3632 3703 τριετίας
3656 3627 3756 3699 χρύο

2215 3746 2305 3792 νος
2346 3730 2426 3793 είς
2458 3731 2650 3799 πεῖραν
2679 3728 2862 3791 αὐτοῖς
2891 3726 3141 3795 ἀφεθεὶς,
3169 3725 3433 3795 δοκίμους
3467 3722 3653 3784 αὐτοὺς
3680 3717 3757 3773 καὶ

2214 3821 2398 3885 ἀξίους
2426 3820 2525 3891 τῆς
2542 3820 2876 3892 τηλικαύτης
2906 3819 3085 3889 βιοτῆς
3111 3819 3446 3891 παραστήσῃ
3466 3832 3480 3846 ·
3520 3815 3608 3870 καὶ
3630 3810 3756 3866 τοῦτο

2215 3913 2438 3983 κρατεῖν
2468 3912 2631 3965 παντὶ
2657 3911 2846 3983 τρόπῳ
2875 3910 3335 3981 παρεκελεύσατο,
3369 3907 3513 3979 πλὴν
3543 3905 3589 3960 εί
3622 3904 3756 3974 μήπω

2211 4004 2297 4064 τίς
2333 4002 2524 4073 βαρεῖα
2562 4002 2945 4073 προσπεσοῦσα
2974 4004 3124 4067 νόσος
3147 4003 3237 4055 τὸν
3268 4000 3464 4071 χρόνον
3496 3995 3758 4064 ἀναγκάσει

2215 4095 2549 4164 συσταλῆναι
2578 4094 2674 4165 τῆς
2698 4094 3019 4165 δοκιμασίας
3039 4111 3053 4124 ν
3081 4094 3112 4164 ἢ
3147 4094 3195 4147 εί
3227 4093 3399 4165 μήπω
3429 4092 3515 4154 τίς
3541 4089 3623 4159 εἴη
3647 4085 3758 4155 ἀνὴρ

2215 4185 2469 4256 εὐλαϐὴς.
2506 4184 2601 4239 καὶ
2634 4184 2725 4238 τὸν
2759 4185 3046 4255 μοναχικὸν
3076 4184 3185 4254 βίον
3213 4184 3271 4237 ὲν
3294 4182 3375 4254 τῷ
3402 4178 3644 4252 κοσμικῷ
3666 4177 3759 4230 δια·

2218 4277 2358 4330 νύων
2385 4276 2651 4347 σχήματιο
2685 4275 2779 4329 ἐπὶ
2799 4276 2908 4346 γὰρ
2933 4274 3024 4329 τοῦ
3054 4275 3295 4329 τοιούτου
3317 4275 3538 4346 ἀνδρὸς,
3558 4274 3631 4335 είς
3657 4269 3759 4324 ἁπόο

2220 4386 2415 4439 πειραν
2445 4368 2681 4440 παντελῆ
2703 4367 2799 4423 καὶ
2826 4370 2854 4422 ὁ
2881 4367 3232 4439 ἐξαμηνιαῖος
3261 4366 3553 4436 ἐξαρκέσει
3578 4366 3755 4436 χρόνος*

541 4447 933 4516 experientiam
972 4456 1187 4521 tempus
1229 4462 1491 4508 semestre
1533 4454 1826 4510 suffecerit.
1886 4455 1941 4512 Si
1985 4459 2108 4524 quis

2217 4463 2261 4513 εί
2290 4460 2347 4513 δέ
2375 4478 2459 4522 τις
2481 4460 2630 4531 παρὰ
2654 4460 2823 4514 ταῦτα
2846 4459 3225 4532 διαπράξεται.
3247 4461 3339 4513 τὸν
3366 4460 3469 4530 μὲν
3490 4458 3757 4532 ⁴ἡγούμενον

542 4548 721 4589 autem
769 4546 963 4605 praater
993 4540 1108 4594 ha-c
1152 4539 1360 4609 fecerit,
1396 4543 1684 4613 praefectus
1714 4545 1931 4617 quidem
1964 4563 2103 4618 prae-

2217 4552 2311 4621 τῆς
2342 4552 2701 4623 ὴγουμενείας
2734 4551 3067 4605 ἐκπίπτοντα
3086 4591 3100 4614 ,
3134 4550 3385 4606 παιδείαν
3414 4552 3517 4623 τῆς
3546 4549 3756 4613 ἀταξίας,

544 4628 752 4683 tectura
811 4630 1069 4687 excideus
1104 4672 1118 4695 ,
1195 4649 1471 4703 perperam
1548 4636 1819 4692 observati
1892 4639 2104 4695 ordinis

2217 4645 2311 4717 τὴν
2339 4646 2397 4698 έν
2429 4646 2675 4716 ὑποταγῇ
2705 4644 2977 4715 διαγωγὴν
3006 4644 3352 4715 ὲςρευρίσκειν
3374 4663 3388 4675 ο
3423 4644 3517 4698 τὸν
3541 4642 3593 4696 δὲ
3625 4641 3759 4711 μονά-

540 4722 960 4786 cnrrectionem,
1014 4724 1066 4777 in
1119 4727 1423 4782 nbedientia
1485 4740 1539 4783 et
1569 4730 1910 4799 subjectione
1966 4730 2101 4786 con-

543 4814 904 4869 versationem
953 4816 1207 4872 inveniat.
1241 4818 1341 4886 Qui
1385 4831 1467 4877 est
1511 4834 1691 4876 autem
1740 4823 1793 4876 in
1845 4824 1952 4879 alio
1991 4840 2107 4879 mo-

544 4906 785 4960 nasterio
818 4910 1138 4975 monachus,
1166 4912 1256 4967 alii
1305 4914 1638 4970 monasterio
1669 4916 1935 4982 tradatur,
1992 4919 2137 4987 quod

540 5008 739 5053 servet.
1810 5054 1815 5055 ,

614 5089 825 5145 Teztus.
866 5090 1052 5147 Const.
1097 5094 1189 5159 29,
1242 5096 1327 5151 tit.
1377 5097 1431 5159 5,
1475 5097 1569 5155 lib.
1603 5114 1619 5152 ι
1654 5100 1774 5155 eod.
1807 5102 1881 5155 ait
1917 5118 1929 5154 :
1991 5100 2107 5157 Soli

539 5183 885 5251 apocrisiarii
923 5188 1269 5242 monasteriis
1314 5191 1466 5245 exire
1508 5201 1562 5246 et
1605 5192 1855 5247 civitates
1899 5193 2106 5263 ingredi

542 5284 790 5343 possunt.
809 5273 911 5340 Qui
942 5275 989 5331 si
1017 5277 1258 5332 docendo
1282 5288 1377 5334 aut
1399 5282 1736 5337 consulendo
1766 5286 2109 5338 cummovere

540 5366 896 5436 simpliciores
941 5370 1371 5438 conspiciantur,
1422 5374 1772 5444 (astigantur.
1822 5374 1888 5429 Et
1930 5384 2105 5431 const.

540 5457 608 5512 58
645 5457 890 5528 ejusdem
926 5460 1007 5515 tit.
1047 5460 1188 5526 :Qni
1234 5466 1561 5518 monasteria
1604 5480 1702 5518 sua
1752 5466 2105 5534 relinquunt,

538 5564 644 5602 unn
688 5550 960 5618 recipiunt
1003 5566 1141 5619 quas
1178 5552 1245 5607 ad
1279 5554 1368 5608 illa
1416 5553 1550 5626 [res]
1597 5555 1824 5612 mobiles
1868 5558 2105 5614 adduxe-

540 5650 696 5707 runt,
740 5642 1114 5712 cujustuuque
1150 5646 1474 5714 quantitatis
1516 5647 1737 5713 fuerint,
1795 5666 2105 5721 quanquam

541 5735 691 5790 milia
722 5734 786 5790 de
818 5734 928 5790 illis
959 5742 1205 5791 actorum
1236 5748 1587 5794 monumenta
1614 5739 1862 5797 confecta
1896 5742 2023 5796 sint.
2046 5742 2104 5796 ln

540 5826 771 5903 [rerum]
802 5834 981 5882 autem
1003 5828 1364 5886 Immobilium
1388 5831 1773 5890 donationibus
1788 5836 1878 5907 jus
1901 5838 2103 5894 servari

2215 4752 2403 4803 σαντα,
2430 4736 2489 4790 έν
2531 4736 2695 4807 ἑτέρᾳ
2722 4738 2855 4807 μονῇ
2891 4735 2990 4805 τὴν
3022 4734 3321 4808 μοναχικὴν
3353 4734 3635 4808 ἀκρίϐειαν
3678 4748 3759 4800 cpu-

2211 4825 2475 4897 λαττούσῃ
2517 4825 2925 4898 παραδίδοσθαι.

2216 4921 2573 4975 monasticam
2618 4918 2963 4989 disciplinam
3017 4928 3272 4974 accurate
3313 4917 3653 4990 perfecteque
3680 4914 3758 4969 ob-

2294 5100 2358 5154 Ἦ
2398 5099 2479 5154 κδ’
2507 5100 2646 5155 διάτ.
2675 5099 2771 5154 τοῦ
2805 5106 2853 5169 γ’
2876 5101 2981 5155 τίτ.
3016 5101 3110 5155 τοῦ
3144 5108 3193 5157 α’
3227 5100 3375 5171 βιϐλ.
3416 5099 3513 5155 τοῦ
3531 5099 3652 5153 κώδ.
3676 5115 3758 5166 φη-

2214 5192 2910 5263 σὶν,ὡς,οίἀποκρισιάριοι
2938 5193 3086 5264 μόνοι
3114 5193 3367 5249 δύνανται
3388 5194 3501 5248 τῶν
3528 5207 3761 5265 μοναστη-

2219 5284 2349 5355 ρίων
2384 5283 2607 5348 ἐξιέναι,
2637 5285 2731 5337 καὶ
2760 5286 2818 5338 ἐν
2852 5287 2972 5349 ταῖς
3003 5285 3221 5339 πόλεσιν
3248 5286 3475 5341 εἰσιέναι
3496 5304 3511 5319 ο
3538 5288 3585 5339 εί
3614 5287 3665 5338 δὲ
3684 5300 3763 5353 φαρ

2213 5375 2344 5429 νῶσι
2381 5375 2468 5429 διὰ
2493 5375 2776 5447 δογμάτων
2806 5377 2837 5448 ἢ
2875 5378 3184 5448 συμϐουλῆς
3230 5380 3353 5441 τοὺς
3390 5378 3761 5446 ἁπλουστέρους

2216 5469 2579 5539 ταράσσοντες
2602 5509 2617 5533 ,
2648 5469 2892 5540 νομίμως
2920 5470 3339 5541 σωφρονίζονται
3361 5488 3377 5502 ·
3414 5474 3511 5526 καὶ
3539 5471 3668 5526 διάτ.
3696 5465 3762 5535 λη’

2215 5557 2307 5612 τοῦ
2337 5559 2503 5612 αὐτοῦ
2534 5560 2638 5614 τίτ.
2667 5561 2838 5626 ὅτι,οί
2866 5563 2933 5616 τά
2962 5562 3067 5616 ίδια
3082 5565 3421 5635 μοναστήρια
3450 5560 3761 5630 καταλιμπά‹

2214 5668 2417 5715 νοντες,
2442 5651 2503 5710 ού
2531 5652 2898 5722 λαμϐάνουσιν
2932 5656 3076 5726 ἅπερ
3109 5657 3293 5721 αὐτοῖς
3327 5660 3671 5727 προσήγαγον
3694 5672 3762 5705 κι-

2212 5742 2369 5812 νητὰ,
2400 5743 2737 5814 δσησδήποτε
2771 5747 3070 5816 ποσότητος
3116 5748 3262 5813 ὄντα,
3300 5748 3404 5801 κᾶν
3454 5747 3531 5817 μὴ
3564 5745 3759 5810 συνέστη

2214 5834 2412 5906 πρᾶξις
2438 5836 2846 5909 ὑπομνημάτων
2866 5840 2954 5897 ἐπ’
2972 5840 3184 5907 αὐτοῖς·
3215 5841 3309 5896 ἐπὶ
3331 5840 3383 5894 δὲ
3417 5845 3538 5904 ταῖς
3560 5840 3761 5911 δωρεαῖς
