3980 6396
188 402 292 465 853

1013 400 1409 462 SYNTAGMA
1445 397 1832 460 CANONUM.
1856 422 1919 433 -
1945 397 2093 458 ΤΙΤ.
2132 396 2236 472 ΧΙ,
2278 394 2541 458 CAP.'V’.

3334 393 3440 456 854

190 518 300 573 τῶν
329 518 626 588 ἀκινήτων,
653 517 737 571 δεῖ
760 515 829 571 τὰ
859 517 1068 586 νόμιμα
1101 515 1465 584 φυλάττεσθαι
1483 532 1501 551 ·
1527 516 1649 569 ἐπεὶ
1671 515 1771 568 οὐκ
1800 550 1809 573 Α

1912 521 2123 582 portet,
2152 512 2411 581 quoniam
2448 510 2525 564 illi
2556 508 2650 579 qui
2677 506 2849 572 dedit,
2885 503 3181 560 vindicatio
3213 520 3320 561 non
3355 507 3440 561 in-

188 608 407 679 ἀναιρεῖ
433 607 511 678 τῷ
535 606 904 678 δωρησαμένῳ
931 607 964 677 ἡ
998 605 1305 676 ἐκνίκησις·
1348 605 1493 673 λέγει
1520 604 1579 661 δὲ
1604 604 1699 659 καὶ
1731 605 1764 674 ἡ

189 699 236 771 β’
265 699 408 754 διάτ.
452 698 549 752 τοῦ
594 704 643 753 α’
679 699 786 753 τίτ.
841 699 949 752 τῶν
982 697 1241 769 Νεαρῶν,
1284 697 1366 751 ὅτι
1398 695 1630 768 Προνοίᾳ
1673 694 1765 748 τοῦ

186 791 492 845 ἐπισκόπου
545 792 683 862 μήτε
723 791 944 861 μοναχοὶ
997 792 1133 861 μήτε
1170 790 1522 861 μονάστριαι,
1559 790 1617 843 ὲν
1646 792 1768 851 ταῖς

123 894 129 898 ’
189 883 380 938 πόλεσι
410 882 903 956 περιερχέσθωσαν,
922 883 1059 937 ἀλλὰ
1092 882 1178 936 διὰ
1201 880 1308 936 τῶν
1338 880 1770 953 άποκρισιαρίων

190 977 289 1041 τὰς
335 977 659 1050 ἀποκρίσεις
689 976 867 1031 αὐτῶν
900 974 1245 1042 ποιείτωσαν,
1274 976 1332 1029 ἐν
1356 977 1469 1038 τοῖς
1500 990 1772 1047 μοναστη-

195 1070 333 1140 piat;
366 1069 651 1140 μένοντεςο
691 1067 1087 1139 μεθισταμένου
1113 1067 1170 1120 δὲ
1203 1064 1437 1138 μοναχοῦ
1478 1066 1559 1131 είς
1605 1080 1774 1136 μονα-

193 1164 419 1233 στήριον
461 1162 669 1234 ἕτερον,
699 1162 843 1233 ἅπερ
888 1160 1003 1233 ἔχει
1031 1160 1328 1232 πράγματα
1357 1162 1415 1214 ὲν
1441 1159 1520 1231 τῷ
1550 1158 1771 1226 ἐξιέναι,

192 1254 274 1323 τῷ
304 1256 507 1327 πρώτῳ
541 1254 888 1327 μοναστηρίῳ
908 1253 1153 1325 διαφέρει
1170 1271 1187 1287 ·
1208 1253 1481 1323 ἀνάγνωθι
1503 1252 1561 1307 δὲ
1584 1253 1679 1307 καὶ
1705 1254 1775 1307 τὰ

196 1348 717 1420 παραγεγραμμένα
743 1349 800 1402 ἐν
832 1348 912 1419 τῷ
931 1354 979 1402 α’
1002 1365 1127 1418 κεφ.
1150 1346 1246 1402 τοῦ
1271 1345 1436 1400 αὐτοῦ
1464 1344 1574 1400 τίτ.
1604 1346 1697 1400 καὶ
1716 1346 1774 1399 ὲν

194 1440 277 1510 τῷ
313 1440 393 1512 λβ¹
430 1457 557 1512 κεφ.
602 1439 696 1496 τοῦ
754 1439 797 1494 θ’
847 1441 953 1497 τίτ.
992 1439 1086 1494 τοῦ
1143 1437 1409 1510 παρόντος
1466 1436 1775 1509 συντάγμα-

196 1549 314 1597 τος.

270 1680 524 1736 ΚΕΦΑΛ.
551 1680 628 1737 E'.
654 1708 722 1719 —
751 1678 890 1747 Περὶ
917 1676 1021 1732 τοῦ
1040 1676 1125 1748 μὴ
1150 1676 1358 1749 γαμεῖν
1377 1674 1706 1747 μοναχοὺς,
1736 1675 1775 1745 ἢ

197 1773 366 1829 τισίν
410 1773 491 1839 ὡς
519 1772 808 1842 ἀδελφαῖς
835 1770 1109 1826 συνεῖναι
1128 1810 1143 1836 ,
1166 1768 1317 1839 μήτε
1350 1768 1457 1835 τὰς
1489 1767 1776 1839 ἐπαγγελ-

197 1864 465 1936 λομένας
501 1866 830 1935 παρθενίαν
856 1863 1079 1934 ἑτέροις
1106 1864 1435 1919 συνοικεῖν.

516 1992 786 2049 Συνόὸου
823 1992 1100 2063 Ἀγκύρας
1135 1991 1335 2045 κανὼν
1374 1987 1457 2044 ιϐ’.

269 2118 361 2176 ιθ’.
387 2118 542 2174 Ὅσοι
571 2118 897 2189 παρθενείαν
923 2116 1379 2188 ἐπαγγελλόμενοι
1402 2114 1655 2171 ἀθετοῦσι
1679 2112 1779 2185 τὴν

196 2212 555 2282 ἐπαγγελίαν,
593 2210 684 2264 τὸ)
709 2210 815 2264 τῶν
843 2210 1090 2280 διγάμων
1120 2209 1245 2280 ὅρον
1273 2206 1735 2280 ὲκπληρούτωσαν
1763 2222 1776 2233 ’

194 2305 295 2367 τὰς
321 2303 508 2374 μέντοι
532 2302 928 2377 συνερχομένας
961 2300 1264 2374 παρθένους
1284 2302 1425 2356 τισὶν
1446 2300 1523 2367 ὡς
1542 2297 1781 2369 ἀδελφὰς

196 2392 576 2463 ἐκωλύσαμεν.

469 2609 741 2666 Συνόδου
777 2608 1163 2679 Χαλκηδόνος
1199 2606 1399 2663 κανὼν
1436 2613 1530 2674 ις’.

272 2742 373 2803 ις’.
412 2734 687 2808 Παρθέννν
716 2732 916 2806 ἑαυτὴν
942 2732 1242 2789 ἀναθεῖσαν,
1260 2732 1338 2805 τῷ
1366 2731 1615 2806 Δεσπότῃ
1636 2730 1777 2802 Θεῷ,

194 2844 255 2885 κ.
299 2843 356 2882 τ.
388 2823 442 2881 λ.

330 2948 605 3005 Συνόδου
644 2949 1063 3021 οίκουμενικῆς
1099 2956 1153 3017 ς’
1190 2949 1394 3008 κανὼν
1431 2949 1533 3024 μηδ’,
1560 2951 1674 3024 μζκ,

278 3078 387 3150 μδ’.
424 3077 671 3149 Μοναχὸς
716 3078 809 3131 ἐπὶ
860 3076 1089 3155 πορνείᾳ.
1136 3077 1385 3150 ἁλοὺς,ἢ
1435 3078 1572 3150 πρὸς
1604 3077 1783 3150 γάμου

200 3169 493 3226 κοινωνίαν
521 3171 612 3224 καὶ
639 3170 940 3240 συμϐίωσιν
965 3171 1198 3239 γυναῖκα
1226 3169 1513 3239 ἀγόμενος,
1541 3171 1652 3235 τοῖς
1680 3170 1790 3224 τῶν

1871 605 2018 659 terit.
2058 605 2195 659 Dicit
2224 619 2357 659 vero
2384 602 2549 656 etiam
2578 614 2757 659 coast.
2788 599 2843 668 2,
2876 600 2960 655 tit.
3000 600 3019 652 ι
3049 598 3393 653 Novellarum
3425 615 3439 652 :

1869 695 2217 753 Providentia
2263 694 2501 765 episcopi
2542 707 2718 764 neque
2756 691 3005 747 monachi
3043 705 3219 761 neque
3250 704 3444 744 mona-

1871 784 2021 840 strize
2050 784 2103 838 in
2134 782 2445 839 civitatibus
2474 782 2929 845 circumerranto,
2951 781 3047 835 sed
3075 778 3131 833 in
3165 786 3442 833 monaste-

1871 874 1969 929 riis
1998 883 2299 937 manentes,
2322 888 2419 943 per
2459 869 2845 942 apocrisiarios
2882 867 3266 937 respondento.
3307 866 3443 920 Cum

1872 965 2174 1023 monachus
2208 965 2263 1019 in
2308 964 2455 1019 aliud
2486 961 2880 1019 monasterium
2914 959 3283 1029 transmigrat,
3307 972 3446 1028 quas

1872 1074 1959 1115 res
1993 1058 2183 1114 habuit
2214 1073 2339 1114 cum
2371 1057 2770 1128 ingrederetur,
2806 1054 2873 1109 ad
2899 1053 3137 1124 primum
3170 1060 3447 1107 monaste-

1876 1152 2016 1206 rium
2043 1150 2336 1222 pertinent.
2362 1148 2536 1220 Legas
2567 1163 2787 1220 quoque
2820 1162 2944 1219 qua:
2985 1147 3040 1201 in
3078 1144 3096 1199 ι
3128 1159 3248 1215 cap.
3283 1144 3447 1214 hujus

1876 1243 1961 1299 tit.
1991 1251 2048 1297 et
2076 1242 2131 1297 in
2169 1256 2290 1314 cap.
2318 1243 2410 1307 52,
2436 1242 2518 1297 tit.
2545 1240 2579 1297 9
2611 1240 2899 1312 praesentis
2927 1238 3110 1312 operis
3146 1237 3447 1309 perscripta

1875 1336 2022 1386 sunt.

1946 1655 2114 1728 368
2142 1656 2298 1713 CAP.
2333 1655 2398 1713 V.
2426 1686 2494 1699 -—
2523 1657 2602 1713 Ne
2631 1661 2872 1715 monachi
2901 1661 3123 1729 nubant,
3148 1677 3311 1733 neque
3336 1678 3455 1719 cum

1879 1746 2147 1817 quibusvis
2183 1759 2435 1820 tanquam
2482 1750 2753 1806 sororibus
2783 1764 3180 1824 congregemur.
3222 1752 3359 1810 Item
3387 1770 3451 1808 ne

1806 1874 1847 1931 Β
1881 1840 2235 1911 virginitatem
2271 1840 2523 1911 professae
2546 1858 2662 1897 cum
2690 1843 2814 1899 viris
2842 1843 3101 1900 habitent.

2250 1968 2478 2026 Concitii
2509 1970 2779 2042 Ancyrani
2810 1987 2979 2027 canon
3009 1972 3093 2029 19.
3190 1969 3195 1973 ’

1956 2096 2044 2154 19.
2081 2091 2406 2169 Quicunque
2443 2100 2809 2173 virginitatem
2862 2103 3216 2174 profitentes,
3248 2101 3461 2175 profes-

1884 2189 2093 2246 sionem
2122 2206 2278 2261 suam
2310 2192 2521 2248 irritam
2550 2194 2821 2262 reddunt,
2869 2195 2905 2250 ii
2946 2195 3289 2266 bigamorum
3321 2193 3458 2249 defi-

1882 2282 2142 2337 nitionem
2200 2283 2481 2353 impleant.
2534 2284 2778 2355 Virgines
2824 2286 3044 2355 quidem
3105 2296 3289 2350 certe,
3334 2276 3459 2340 cum

1882 2374 2207 2445 quibusdam
2258 2383 2515 2447 tanquam
2548 2393 2673 2432 cum
2716 2377 2983 2434 fratribus
3029 2378 3461 2450 congrediuntur

1886 2463 2285 2535 prohibuimus.

2159 2595 2385 2655 Consilii
2418 2596 2857 2653 Chalcedonensis
2889 2614 3060 2653 canon
3089 2596 3176 2653 l6.

1955 2723 2041 2782 i6.
2081 2722 2356 2794 Virginem
2390 2740 2512 2796 quae
2539 2740 2600 2783 se
2624 2724 2855 2781 Domino
2877 2724 2987 2780 Deo
3013 2721 3307 2786 dedicavit,
3331 2731 3474 2785 etc...

1884 2826 1942 2872 ut
1970 2832 2091 2888 pag.
2124 2818 2253 2874 754.

2116 2922 2341 2983 Concitii
2373 2926 2677 2983 mcumenici
2702 2942 2755 2984 vx
2785 2942 3012 2981 canones
3037 2924 3129 2994 44,
3159 2921 3256 2983 47.

1962 3055 2051 3110 44.
2097 3053 2399 3111 Monachus
2453 3053 2837 3113 fornicationis
2886 3054 3195 3120 convictus,
3239 3052 3323 3107 vel
3370 3051 3465 3122 qui

1895 3146 1963 3202 ad
1999 3145 2339 3203 matrimonii
2383 3150 2828 3204 communionem
2875 3147 3109 3218 vitatque
3148 3144 3469 3203 societatem

202 3262 580 3333 πορνευόντων
623 3236 917 3332 ἐπιτιμίοις
950 3236 1093 3317 κατὰ
1122 3261 1248 3325 τοὺς
1276 3236 1517 3324 ’κανόνας
1550 3259 1786 3332 ὑποϐλη·

1912 3253 2122 3292 ixorem
2155 3238 2330 3302 duxit,
2366 3237 2756 3294 fornicatorum
2786 3239 2962 3308 poenis
2985 3236 3285 3295 secundum
3304 3250 3470 3292 cano-

204 3355 463 3425 θήσεται.

282 3484 393 3555 μξ.
433 3483 588 3555 Μήτε
616 3483 673 3536 ὲν
698 3481 923 3555 άνδρῴῳ
954 3481 1306 3554 μοναστηρίῳ
1348 3480 1510 3554 γυνὴ,
1544 3480 1683 3554 μήτε
1730 3483 1792 3536 ὲν

205 3577 512 3649 γυναικείῳ
540 3578 678 3648 ἀνὴρ
706 3576 1017 3631 καθευδέτω
1036 3594 1049 3609 ·
1078 3577 1278 3641 παντὸς
1296 3576 1405 3649 γὰρ
1428 3576 1792 3648 προσκόμμα-

206 3689 305 3735 τος
353 3671 451 3725 καὶ
500 3669 799 3729 σκανδάλου,
825 3669 929 3734 ἔξω
981 3664 1120 3724 εῖναι
1151 3669 1233 3724 δεῖ
1261 3670 1388 3733 τοὺς
1418 3670 1663 3735 πιστοὺς,
1696 3670 1794 3723 καὶ

209 3765 352 3838 πρὸς
386 3764 446 3818 τδ
478 3763 751 3835 εΰσχτιμον
803 3764 897 3819 καὶ
951 3763 1310 3833 εὐπρόσεδρον
1357 3761 1435 3833 τῷ
1466 3762 1656 3831 Κυρίῳ
1701 3759 1794 3813 τὸν

210 3856 429 3912 ἑαυτῶν
462 3855 760 3921 εὐθετίζειν
795 3854 941 3926 βίον⁶
974 3855 1021 3909 εί
1058 3854 1115 3908 δέ
1147 3871 1232 3918 τις
1256 3853 1412 3907 τοῦτο
1440 3850 1658 3923 πράξοι,
1687 3849 1798 3903 εἴτε

212 3949 483 4024 κληρικδς
521 3949 606 4019 εἴη
646 3948 756 4001 είτε
791 3946 999 4014 λαῖκὸς,
1039 3942 1402 4017 ἀφοριζέσοω.

566 4077 891 4132 Βασάείου
929 4072 1129 4133 κανὼν
1167 4072 1253 4139 ιϐ’,
1282 4078 1349 4137 κ’,
1377 4070 1440 4135 ξ’.

289 4208 380 4263 ιθ⁸.
415 4204 649 4276 Ἀνδρῶν
678 4204 737 4259 δὲ
760 4202 1051 4274 ὁμολογίας
1074 4201 1174 4255 οὐκ
1199 4200 1466 4269 ἔγνωμεν,
1488 4198 1628 4269 πλὴν
1653 4196 1699 4251 εί
1724 4197 1800 4269 μή

213 4317 366 4364 τινες
396 4298 624 4359 ἑαυτοὺς
660 4296 745 4368 τῷ
778 4295 1021 4365 τάγματι
1067 4292 1178 4347 τῶν
1226 4290 1565 4364 μοναζὸντων
1606 4290 1802 4354 ἐγκατ-

216 4391 559 4463 ηρίθμησαν,
586 4388 636 4442 οἳ
669 4387 810 4442 κατὰ
846 4387 909 4440 τὸ
942 4384 1296 4456 σιωπώμενον
1316 4422 1332 4449 ,
1375 4382 1589 4436 δοκοῦσι
1624 4397 1804 4451 παρα-

217 4480 477 4552 δέχεσθαι
508 4480 609 4550 τὴν
641 4478 884 4547 ἀγαμίαν
907 4495 921 4511 ·
957 4477 1098 4548 πλὴν
1124 4477 1221 4529 καὶ
1251 4475 1339 4529 ἐπ’
1365 4473 1607 4539 ἐκείνων,
1631 4474 1805 4525 ἐκεῖνο

218 4572 467 4645 ⁴ἠγοῦμαι
495 4570 856 4642 προηγεῖσθαι
890 4572 1220 4641 προσήκειν,
1255 4566 1561 4637 ἐρωτᾶσθαι
1609 4564 1805 4627 αὐτοὺς

223 4665 325 4722 καὶ
352 4664 729 4736 λαμϐάνεσθαι
757 4664 858 4735 τὴν
886 4662 1014 4735 παρ’
1042 4661 1223 4717 αὐτῶν
1247 4659 1538 4732 ὁμολογίαν
1566 4656 1769 4727 ἐναργῆ
1786 4673 1799 4686 ο

220 4761 369 4813 ὥστε
404 4757 627 4812 ἐπειδάν
658 4755 1041 4829 μετατίθενται
1071 4752 1207 4826 πρὸς
1232 4752 1325 4807 τὸν
1356 4750 1685 4821 φιλόσαρκον
1710 4748 1805 4807 καὶ

222 4852 476 4923 ἡδονικὺν
507 4850 644 4923 βίον,
672 4849 910 4921 ὑπάγειν
935 4848 1132 4911 αὐτοὺς
1176 4844 1256 4916 τῷ
1296 4843 1405 4898 τῶν
1435 4839 1805 4913 πορνευόνςων

224 4944 513 5015 ἐπιτιμίῳ.

298 5062 372 5111 κ’.
398 5055 564 5108 Ὅσαι
585 5053 839 5123 γυναῖκες
859 5052 917 5106 ὲν
936 5049 1147 5122 αἱρέσει
1170 5047 1326 5107 obeat.
1352 5043 1646 5118 παρθενίαν
1664 5040 1809 5111 ὠμοιι

119 5184 161 5229 η,
226 5147 499 5218 λόγησαν,
528 5162 585 5199 κ.
612 5161 665 5199 τ.
696 5144 748 5199 λ.

299 5255 370 5325 ξ’.
408 5254 477 5309 Ἢ
504 5252 799 5326 παρθενίαν
819 5250 1241 5323 ὡμολογήσασα,
1259 5246 1353 5301 καὶ
1379 5233 1689 5299 ἐκπεσοῦσα
1712 5230 1810 5315 τῆς

1896 3342 1994 3385 nes
2021 3327 2365 3397 subiicietur.

1970 3451 2061 3507 47.
2101 3450 2292 3523 Neque
2328 3452 2527 3508 mulier
2551 3453 2605 3507 in
2633 3452 2878 3508 virorum
2914 3453 3265 3518 monasterio,
3300 3467 3477 3522 neque

1898 3545 1983 3600 vir
2013 3543 2070 3600 in
2100 3545 2389 3600 mulierum
2419 3545 2670 3600 cmnubio
2706 3544 2958 3599 dormiat.
2990 3545 3153 3600 Extra
3179 3545 3475 3601 offendicu—

1899 3641 2013 3695 lum
2042 3640 2185 3694 enim
2219 3648 2274 3695 et
2298 3639 2617 3695 scandalum
2644 3638 2825 3693 fideles
2853 3634 2974 3693 esse
2993 3645 3227 3709 Oportet,
3251 3648 3303 3693 et
3325 3638 3388 3693 ad
3422 3640 3474 3693 i..l

1902 3730 2047 3801 quod
2067 3729 2325 3787 decorum
2357 3746 2422 3786 ac
2455 3730 2765 3794 honestum,
2802 3732 3019 3801 Deoque
3046 3740 3283 3800 gratum,
3305 3732 3472 3786 vitam

1902 3839 2059 3879 suam
2089 3838 2441 3894 componere.
2474 3823 2529 3877 Si
2578 3824 2705 3894 quis
2736 3832 2918 3877 autem
2968 3824 3071 3878 hoc
3110 3822 3320 3890 fecerit,
3364 3825 3478 3880 sive

1905 3913 1977 3973 sit
2007 3914 2261 3980 clericus,
2289 3913 2406 3970 sive
2440 3915 2636 3981 laicus,
2668 3923 3003 3994 segregetur.

2292 4041 2487 4099 Basilii
2516 4058 2741 4098 canones
2768 4042 2853 4112 i9,
2878 4040 2970 4111 20,
2995 4039 3085 4098 60.

1980 4172 2070 4230 19.
2110 4172 2367 4230 Virorum
2407 4182 2587 4227 autem
2637 4169 3004 4249 professiones
3046 4185 3156 4226 non
3204 4167 3478 4234 novimus,

1909 4274 2267 4335 praeterquam
2291 4266 2337 4320 si
2361 4266 2452 4334 qui
2476 4280 2534 4319 se
2561 4264 2664 4334 ipsi
2690 4264 3089 4318 monachorum
3115 4262 3293 4319 ordini
3312 4261 3483 4318 ascri-

1911 4358 2156 4427 pserint:
2188 4357 2279 4427 qui
2326 4357 2545 4427 quidem
2576 4356 2735 4410 tacite
2761 4342 2928 4410 vitam
2959 4354 3202 4409 caalibem
3231 4353 3485 4409 videntur

1913 4451 2237 4520 suscepisse.
2265 4447 2652 4504 Verumtamen
2683 4448 2735 4502 in
2765 4448 2871 4503 illis
2897 4461 3118 4518 quoque
3138 4446 3271 4503 illud
3288 4447 3486 4519 opinor

1917 4544 2167 4612 praemitti
2212 4552 2484 4613 oportere,
2518 4552 2577 4595 ut
2622 4539 2727 4611 ipsi
2774 4541 3203 4612 interrogentur,
3251 4538 3487 4610 accipia-

1914 4647 2112 4707 tur-que
2143 4650 2330 4691 eorum
2383 4632 2652 4705 professio
2706 4633 2857 4691 clara
2905 4648 2970 4688 ac
3012 4633 3344 4704 perspicua,
3406 4643 3484 4699 ut,

1909 4746 2031 4786 cum
2062 4745 2121 4784 se
2165 4729 2231 4783 ad
2278 4718 2629 4782 libidinOsam
2664 4736 2717 4782 et
2750 4726 3113 4796 voluptariam
3151 4727 3316 4781 vitam
3356 4741 3486 4781 con-

1911 4820 2193 4886 verterint,
2238 4835 2432 4876 eorum
2475 4820 2568 4890 qui
2620 4817 2965 4875 foruicautur
3012 4817 3284 4889 punitioni
3314 4815 3482 4886 subji-

1914 4914 2149 4969 ciantur.

1977 5024 2142 5096 369
2158 5025 2249 5079 20.
2289 5023 2637 5095 Quatcunque
2659 5023 2913 5081 mulieres
2935 5038 3060 5079 cum
3097 5029 3283 5078 essent
3304 5019 3356 5074 in
3378 5019 3490 5073 hm-

1907 5120 2014 5174 resi
2051 5117 2409 5186 virginitatem
2441 5117 2701 5187 professe
2724 5126 2872 5182 sunt,
2906 5124 3040 5180 etc.,
3063 5122 3119 5168 ut
3158 5128 3281 5183 pag.
3310 5109 3437 5165 6l9.

1984 5227 2074 5284 60.
2116 5227 2249 5296 Quae
2292 5228 2659 5299 virginitatem
2691 5226 2957 5298 professa,
3000 5241 3030 5279 a
3077 5237 3180 5279 suo
3220 5221 3507 5294 promisso.

124 5305 157 5412 [ιζ’
231 5305 597 5415 ιπξιοξγέᾇιάξξ
630 5305 950 5415 τδῄνήχρόνον
978 5305 1073 5395 τοὲ
1108 5341 1201 5393 ἐπὶ
1365 5336 1607 5409 μοιχείας
1634 5305 1809 5406 ἁμαρ-

1914 5321 2068 5393 lapsa
2111 5330 2212 5389 est,
2243 5322 2451 5394 peccati
2496 5321 2751 5377 adulterii
2788 5330 3001 5390 tempus
3049 5316 3104 5372 in
3148 5314 3494 5372 continentiae

142 5474 145 5475 ν
229 5442 484 5511 τήματος
506 5440 563 5493 ὲν
587 5440 653 5509 τῇ
681 5436 966 5507 οἰκονομίᾳ
1004 5435 1101 5505 τῆς
1136 5432 1255 5486 καθ’
1282 5431 1478 5501 ἑαυτὴν
1509 5428 1654 5499 ζωῆς
1684 5428 1819 5498 πλη-

1923 5414 2240 5485 praescripto
2295 5413 2611 5485 complebit.
2667 5412 2813 5467 Idem
2858 5420 2913 5466 et
2963 5409 3019 5464 in
3060 5408 3128 5465 iis
3181 5407 3275 5479 qui
3326 5406 3499 5460 vitam

237 5502 411 5599 ριῖσει
433 5540 449 5557 ⁸
476 5524 537 5580 τὸ
566 5502 698 5580 abre
740 5524 834 5580 καὶ
982 5502 1090 5577 τῶν
1120 5520 1235 5593 βίον
1271 5519 1613 5593 μοναζόντων
1642 5519 1809 5586 ὲπαγ-

1921 5506 2282 5562 monasticam
2315 5505 2545 5578 professi
2582 5512 2709 5560 sunt
2734 5512 2790 5560 et
2828 5502 3102 5559 labuntur.

236 5619 586 5691 γειλαμὲνων
612 5619 705 5674 καὶ
736 5616 1133 5673 ἐκπιπτόντων.

312 5729 620 5797 ’Λνάγνωθι
655 5730 725 5784 τὰ
752 5730 1265 5801 παραγεγραμμένα
1295 5728 1353 5779 ὲν
1384 5723 1460 5801 τῷ
1501 5722 1594 5801 ’ἱοῦ
1622 5722 1687 5801 Δη¹
1715 5722 1819 5777 τίτ.

243 5800 304 5857 ιδ’
315 5793 472 5873 ἑκεφξ
488 5801 582 5873 τοῦ
619 5793 879 5873 παρόντος
914 5793 1285 5870 συντάγματος
1307 5838 1320 5864 ,
1360 5793 1455 5850 καὶ
1480 5793 1555 5867 τῷ
1583 5796 1661 5849 κθ⁹
1699 5810 1817 5863 κεφ.

244 5870 342 5928 τοῦ
380 5872 425 5925 θ’
463 5870 567 5925 τίτ.

2000 5716 2175 5782 chas
2211 5731 2331 5783 quae
2361 5720 2618 5769 annotala
2660 5710 2863 5783 suntin
2916 5724 3035 5779 cap.
3084 5704 3171 5769 H,
3218 5701 3296 5757 lit.
3346 5700 3395 5763 8,
3445 5704 3506 5752 υι

1933 5805 2050 5860 cap.
2081 5780 2172 5855 99,
2202 5780 2285 5842 tit.
2314 5786 2346 5843 9
2374 5784 2657 5856 ptmscntis
2683 5780 2881 5851 Operis.
