3980 6396
181 397 270 467 857
913 398 1312 464 SYNTAGMA
1344 401 1733 466 CANONUM.
1764 400 1998 465 -TIT.
2033 403 2141 465 XI.
2181 402 2343 468 CAP.
2374 402 2596 468 VI-IX.

3298 402 3405 469 858

183 534 254 572 σιν
273 531 288 548 ο
315 511 387 585 μὴ
412 510 578 583 ἐχέτω
606 510 836 583 μοναχδς
858 514 1172 585 παρρησίαν
1194 514 1333 587 πρὸς
1367 517 1714 587 μονάστριαν,

1836 530 1949 569 cum
1982 515 2273 582 monacha,
2302 515 2387 570 vel
2414 514 2678 571 monacha
2707 529 2834 571 cum
2861 512 3130 570 monacho
3153 527 3401 571 seorsum

181 606 515 680 ἢμονάστρια
562 603 696 675 πρὸς
742 605 974 676 μοναχὸν
1017 606 1123 677 ιδίᾳ
1172 606 1596 679 προσομιλείτω·
1644 605 1719 676 μὴ

1836 607 2223 671 confabuletur,
2265 622 2367 662 nec
2412 608 2573 662 cubet
2625 607 2925 662 monachus
2970 606 3024 660 in
3076 605 3399 661 feminarum

180 698 484 765 κοιταζέσθω
515 698 744 769 μοναχδς
772 701 828 753 ἐν
852 700 1144 772 γυναικείῳ
1171 701 1536 772 μοναστηρίῳ,
1583 698 1720 770 μηδὲ

181 795 475 851 συνεσθιέτω
503 793 799 864 μοναστρία
824 794 965 848 κατὰ
992 796 1157 865 μόνας
1178 814 1193 828 ·
1220 795 1315 848 καὶ
1339 796 1428 849 ὅτε
1458 796 1527 848 τά
1548 792 1721 863 ἀναγ-

179 888 291 943 καῖα
333 885 422 940 τοῦ
472 885 586 956 βίου
632 885 785 955 παρὰ
832 884 927 938 τοῦ
952 886 1194 957 ἀνδρῴου
1233 886 1431 957 μέρους
1461 886 1597 957 πρὸς
1624 886 1722 948 τὰς

178 978 437 1042 κανονικάς
477 977 920 1047 ἀποκομίζονται,
948 976 1145 1041 ἔξωθεν
1192 979 1290 1047 τῆς
1335 978 1510 1046 πύλης
1552 977 1724 1031 ταῦτα

176 1070 469 1141 λαμϐανέτω
496 1070 531 1140 ἡ
563 1068 839 1139 ἡγουμένη
869 1068 961 1122 τοῦ
991 1070 1303 1137 γυναικείου
1333 1069 1720 1140 μοναστηρίου,

180 1162 299 1237 μετά
314 1162 475 1234 γραός
496 1178 641 1225 τινος
667 1162 1015 1233 μοναστρίας.
1047 1162 1111 1215 El
1136 1162 1193 1215 δὲ
1224 1163 1403 1234 συμϐῇ
1449 1163 1544 1216 καὶ
1591 1178 1723 1231 συγ-

177 1254 411 1325 γενῆτινα
426 1253 569 1307 θέλει
587 1252 926 1307 θεάσασθαι’ό
953 1254 1200 1324 μοναχδς,
1221 1254 1313 1307 ἐπὶ
1333 1254 1606 1326 παρουσίᾳ
1626 1255 1726 1323 τῆς

179 1345 456 1420 ἡγουμένης
485 1343 656 1416 ταύτῃ
676 1344 1072 1415 προσομιλείτω
1101 1344 1187 1399 διὰ
1218 1345 1430 1416 μικρῶν
1461 1344 1555 1398 καὶ
1590 1344 1724 1415 βρα-

180 1437 300 1510 χέων
316 1437 507 1503 λόγων,
531 1435 631 1488 καὶ
656 1435 935 1505 συντόμως
966 1434 1027 1499 ἒξ
1053 1435 1221 1505 αὐτῆς
1264 1434 1719 1505 ἀπαναχωρείτω.

239 1531 352 1583 Ὀτι
368 1527 455 1582 δεῖ
463 1526 590 1597 μετ’
607 1528 991 1595 εὐχαριστίας
1006 1527 1103 1581 καὶ
1127 1525 1331 1594 πόσης
1356 1525 1599 1596 φειδοῦς
1617 1524 1719 1579 καί

178 1621 458 1686 εὐλαϐείας
516 1617 823 1689 μοναχοὺς
867 1620 921 1673 ει
965 1617 1169 1689 συμϐῇ
1220 1618 1369 1688 μετὰ
1427 1613 1729 1687 γυναικῶν

178 1711 397 1777 ἐσθίειν.

238 1802 333 1873 κβν.
368 1802 483 1875 Θεῷ
514 1803 619 1875 μὲν
648 1803 711 1858 τδ
736 1803 845 1858 πᾶν
875 1799 1241 1867 ἀνατίθεσθαι,
1270 1816 1325 1854 κ.
1351 1817 1401 1853 τ.
1427 1799 1479 1855 λ.

237 1988 468 2043 ΚΕΦΛΛ.
496 1989 577 2045 8'.
606 2018 677 2030 —
710 1990 847 2059 Περὶ
885 1987 1111 2058 φθορᾶς
1142 1988 1317 2056 ιερῶν
1348 1986 1682 2057 παρθένων.

370 2080 638 2134 Συνόδου
676 2078 1095 2149 οικουμενικῆς
1135 2076 1189 2142 ς’
1228 2078 1429 2133 κανὼν
1459 2075 1521 2131 δ’.

236 2171 291 2228 δ’.
326 2173 391 2228 Et
417 2190 499 2237 τις
528 2173 857 2236 ἐπίσκοπος,
884 2172 917 2242 ἢ
948 2170 1346 2243 πρεσϐύτερος,
1378 2186 1432 2225 κ.
1454 2185 1502 2222 τ.
1526 2168 1578 2221 λ.

490 2261 818 2315 Βασιλείου
857 2260 1060 2315 κανὼν
1099 2265 1188 2328 ιη’,
1211 2257 1282 2321 κ’,
1310 2256 1374 2324 ξ’.

241 2349 318 2422 ιη’.
356 2352 489 2423 Περὶ
515 2352 628 2406 τῶν
649 2351 997 2405 ἐκπεσουσῶν
1020 2349 1326 2422 παρθένων,
1351 2347 1461 2401 τῶν
1486 2345 1728 2417 καθομοο

180 2440 532 2514 λογησαμένων
560 2442 656 2495 τὸν
680 2441 739 2495 ἑν
769 2440 1060 2510 σεμνότητι
1106 2439 1219 2510 βίον
1258 2438 1337 2511 τῷ
1367 2438 1575 2509 Κυρίῳ,
1606 2434 1727 2490 εῐτα

181 2534 255 2587 διὰ
277 2534 332 2588 τὸ
354 2534 645 2588 ὑποπεσεῖν
669 2536 781 2598 τοῖς
806 2533 1003 2588 πάθεσι
1030 2534 1128 2605 τῆς
1160 2531 1383 2603 σαρκὸς.
1421 2530 1726 2585 ἀθετουσῶν

179 2624 262 2689 τὰς
291 2625 486 2682 ἑαυτῶν
517 2625 812 2695 συνθήκας,
838 2626 887 2679 οί
936 2624 1036 2696 μὲν
1080 2623 1321 2694 Πατέρες
1350 2625 1383 2694 ἡ
1393 2621 1512 2692 μῶν
1538 2620 1727 2683 ἁπλῶς

181 2717 261 2769 καὶ
297 2717 477 2787 πράως
530 2717 1069 2790 συμπεριφερόμενοι
1117 2718 1238 2781 ταῖς
1288 2715 1590 2779 ἀσθενείαις
1622 2714 1728 2768 τῶν

181 2807 691 2875 κατολισθαινόντων,
725 2808 1119 2879 ἐνομοθέτησαν
1162 2807 1357 2868 δεκτάς
1406 2802 1546 2860 εἶναι
1592 2805 1729 2877 μετά

179 2898 257 2951 τὸν
282 2898 529 2965 ἐνιαυτὸν,
556 2898 684 2953 καθ’
712 2898 1010 2968 ὁμοιότητα
1050 2898 1158 2950 τῶν
1193 2897 1437 2966 διγάμων
1470 2893 1726 2961 διαταξά-

182 3004 338 3057 μενοιο
370 2990 491 3060 ἐμοὶ
531 2989 594 3042 δὲ
627 2990 810 3055 δοκεῖ,
847 2989 1031 3059 ἐπειδὴ
1063 2991 1128 3059 τῇ
1160 2988 1253 3041 τοῦ
1282 2987 1519 3058 Χριστοῦ
1546 2987 1727 3057 χάριτι

179 3082 416 3149 προϊοῦσα
439 3083 471 3151 ὴ
493 3082 797 3152 Ἐκκλησία
824 3079 1188 3152 κραταιοτέρα
1217 3080 1450 3147 γίνεται,
1481 3081 1575 3134 καί
1594 3079 1730 3149 πλη-

181 3172 370 3229 θύνεται
391 3175 481 3228 νῦν
501 3175 563 3228 τὸ
586 3175 774 3245 τάγμα
799 3174 909 3228 τῶν
934 3172 1240 3246 παρθένων,
1262 3172 1550 3246 προσέχειν
1574 3173 1734 3244 ἀκρι-
1755 3212 1799 3276 C

180 3263 273 3329 θῶς
294 3266 367 3336 τῷ
386 3267 502 3321 κατ’
518 3266 730 3321 ἔννοιαν
753 3266 1062 3337 φαινομένῳ
1088 3267 1393 3338 πράγματι,
1417 3266 1514 3319 καὶ
1540 3269 1604 3337 τῇ
1629 3266 1731 3336 τῆς

178 3352 373 3426 Γραφῖκ
398 3357 627 3429 διανοίᾳ,
657 3358 727 3427 ἢν
753 3355 976 3409 δυνατὸν
1018 3356 1257 3427 ἑξευρείν
1304 3356 1412 3410 ἀπὸ
1457 3355 1553 3410 τοῦ
1598 3357 1729 3410 ἀκο-

178 3441 345 3500 λούθου
368 3465 382 3479 ο
417 3448 616 3520 χηρεία
646 3448 754 3518 γάρ
785 3447 1079 3519 παρθενίας
1102 3448 1369 3501 ἐλάττων·
1402 3447 1600 3501 οὐκοῦν
1633 3449 1727 3501 καὶ⁵

178 3534 231 3590 τὸ
255 3536 354 3592 τῶν
394 3540 581 3609 χηρῶν
614 3540 920 3611 ἁμάρτημα
942 3582 959 3605 ,
991 3539 1171 3610 πολλῷ
1204 3538 1456 3611 δεύτερόν
1485 3540 1601 3594 ἐστι
1632 3540 1727 3593 τοῦ

176 3628 270 3684 τῶν
298 3632 573 3703 παρθένων
592 3649 607 3665 ο
634 3632 831 3703 ἴδωμεν
854 3632 1033 3687 τοίνυν
1059 3631 1114 3685 τί
1142 3631 1448 3702 γέγραπται
1477 3632 1728 3704 Τιμοθέῳ

178 3720 309 3791 παρά
333 3721 421 3776 τοῦ
454 3722 704 3777 Παύλου·
751 3721 1054 3790 Νεωτέρας
1077 3720 1146 3774 δὲ
1178 3720 1368 3790 χήρας
1404 3720 1725 3790 παραιτοῦ·

178 3808 307 3865 ὅταν
330 3813 434 3882 τὰρ
466 3812 1029 3883 καταστρηνιάσωσι
1056 3812 1163 3867 τοῦ
1187 3812 1443 3881 Χριστοῦ
1468 3852 1483 3876 ,
1518 3812 1730 3883 γαμεῖν

179 3900 455 3970 θέλουσιν,
492 3905 749 3973 ἔχουσαι
787 3903 963 3974 κρῖμα
988 3903 1076 3957 ὅτι
1113 3906 1227 3969 τὴν
1254 3902 1492 3973 πρώτην
1521 3905 1730 3958 πίστιν

178 3992 478 4063 ἠθέτησαν.
516 3997 583 4051 Εἰ
616 3997 794 4049 τοίνυν
822 3996 855 4064 ἡ
886 3996 1033 4066 χήρα
1066 3994 1292 4065 κρίματι
1319 3994 1600 4048 ὑπόκειται
1632 3994 1728 4065 βα-

178 4089 369 4159 ρυτάτῳ
417 4089 490 4153 ὡς
535 4089 635 4161 τὴν
685 4092 763 4154 εἰς
810 4089 1044 4158 Χριστὸν
1088 4089 1401 4160 ἀθετήσασα
1435 4090 1639 4154 πίστιν,
1674 4089 1727 4143 τί

178 4178 270 4248 χρὴ
292 4178 599 4250 λογίζεσθαι
637 4182 785 4252 ἡμᾶς
809 4182 937 4251 περὶ
961 4180 1064 4251 τῆς
1089 4181 1382 4252 παρθένου,
1401 4181 1520 4251 ἣτις
1543 4181 1730 4252 νύμφη

178 4266 280 4321 ἐστὶ
303 4269 391 4324 τοῦ
420 4270 679 4342 Χριστοῦ,
708 4271 801 4325 καὶ
838 4271 1029 4333 σκεῦος
1067 4271 1208 4340 ἱερὸν
1236 4271 1495 4326 ἀνατεθὲν
1523 4273 1601 4343 τῷ
1632 4275 1729 4325 Δε-

179 4356 361 4433 cuam;
394 4363 551 4430 Μέγα
601 4363 697 4431 μὲν
740 4363 1047 4433 ἁμάρτημα
1095 4364 1189 4416 καὶ
1232 4363 1423 4435 δούλην
1450 4363 1729 4434 λαθραίοις

177 4449 352 4521 γάμοις
396 4454 595 4525 ἑαυτὴν
641 4454 997 4517 ὲπιδιδοῦσαν,
1034 4455 1238 4525 φθορᾶς
1286 4456 1595 4525 ἀναπλῆσαι
1638 4456 1728 4510 τὸν

177 4532 325 4609 οἷκον,
351 4546 441 4597 καὶ
474 4544 828 4615 καθυδρίζειν
860 4544 949 4597 διὰ
975 4546 1069 4597 τοῦ
1102 4543 1337 4615 πονηροῦ
1374 4544 1488 4615 βίου
1518 4545 1609 4597 τὸν
1639 4561 1727 4599 κε-

1836 4560 2094 4615 dcteriore
2136 4561 2246 4614 vita
2288 4560 2539 4628 injuriam
2585 4560 2888 4630 pos'sessori
2944 4559 3126 4615 facere
3169 4574 3185 4614 :

176 4633 421 4701 κτημένον
438 4652 454 4668 ·
482 4635 664 4705 πολλῷ
690 4636 745 4689 δὲ
772 4635 942 4707 δήπου
973 4636 1371 4708 χαλεπώτερον,
1393 4637 1490 4708 τὴν
1513 4636 1729 4707 νύμφην

181 4724 435 4795 μοιχαλίδα
458 4728 734 4798 γενέσθαι,
754 4728 846 4782 καὶ
867 4728 965 4800 τὴν
993 4730 1128 4801 πρὸς
1157 4730 1247 4782 τὸν
1275 4729 1505 4799 νυμφίον
1536 4729 1730 4782 ἕνωσιν

177 4811 514 4886 ἀτιμάσασαν,
544 4819 761 4890 ἡδοναῖς
800 4820 1119 4884 ἀκολάστοις
1165 4822 1361 4890 ἑαυτὴν
1408 4820 1685 4873 ἐπιδοῦναι
1710 4837 1725 4853 ·

178 4902 351 4960 οὐκοῦν
382 4910 415 4981 ἡ
448 4910 546 4981 μὲν
578 4912 720 4981 χήρα
741 4910 817 4975 ὡς
842 4910 1002 4982 δούλη
1034 4912 1401 4982 διεφθαρμένη
1434 4912 1727 4965 καταδικά-

179 4991 333 5062 ζεται,
354 5001 386 5070 ἡ
411 4999 468 5053 δὲ
490 5000 757 5072 παρθένος
782 5002 860 5072 τῷ
891 5003 1120 5073 κρίματι
1141 5007 1236 5071 τῆς
1265 5004 1571 5073 μοιχαλίδος
1597 5003 1727 5055 ὑπό-

178 5099 367 5143 κειταιο
396 5090 585 5163 ὥσπερ
638 5088 724 5147 θῦν
775 5093 865 5147 τδν
920 5093 1178 5165 ἀλλοτρίᾳ
1228 5098 1446 5163 γυναικὶ
1479 5096 1727 5149 συνιόντα

179 5178 345 5248 μοιχὸν
382 5182 738 5255 ὀνομάζομεν,
770 5186 831 5240 ού
879 5188 1141 5259 πρότερον
1186 5187 1605 5259 παραδεχόμενοι
1649 5191 1727 5251 είς

176 5272 435 5327 κοινωνίαν
462 5276 591 5347 πρὶν
616 5276 648 5348 ἢ
680 5276 991 5332 παύσασθαι
1017 5277 1116 5348 τῆς
1140 5279 1434 5347 ἁμαρτίας,
1466 5278 1608 5331 οὕτω
1633 5279 1727 5349 δη-

178 5352 332 5415 λονότι
362 5366 451 5419 καὶ
486 5367 579 5419 ἐπὶ
608 5368 702 5421 τοῦ
735 5368 830 5440 τὴν
877 5370 1142 5440 παρθένον
1171 5369 1381 5439 ἔχοντος
1411 5370 1724 5439 διατεθησό-

180 5449 335 5517 μεθαο
384 5456 558 5511 ἐκεῖνο
585 5458 640 5512 δὲ
672 5458 767 5512 νῦν
800 5459 1341 5531 προδιωμολογῆσθαι
1383 5463 1514 5531 ἡμῖν
1559 5463 1725 5530 ἀναγ-

176 5544 331 5609 καῖον,
359 5546 440 5601 ὅτι
466 5549 731 5621 παρθένος
778 5551 1100 5622 ὀνομάζεται
1139 5554 1173 5623 η
1220 5551 1482 5615 ἑκουσίως
1526 5552 1725 5622 ἑαυτὴν

176 5639 579 5707 προσαγαγοῦσα
598 5640 675 5713 τῷ
698 5642 904 5715 Κυρίῳ,
923 5643 1017 5697 καὶ
1035 5642 1419 5715 ἀποταξαμένη
1441 5642 1520 5714 τῷ
1539 5643 1721 5714 γάμῳ,

242 5817 282 5853 "
318 5822 502 5885 l'l‘itn.
533 5844 589 5900 ν,
637 5831 723 5901 ll,
765 5834 851 5888 ιιι.

1827 700 2177 763 monasterio,
2213 715 2312 754 nec
2350 715 2472 753 cum
2523 700 2789 753 monacba
2839 713 3088 753 seorsum
3130 698 3399 754 comedat.

1827 788 1894 843 Et
1937 788 2155 859 quando
2199 804 2321 859 quae
2354 799 2483 844 sunt
2512 790 2633 843 vitae
2674 790 2981 844 necessaria
3013 804 3041 842 a
3072 798 3227 859 parte
3255 791 3402 843 viro-

1830 896 1947 933 rum
1979 880 2045 934 ad
2077 881 2349 949 regulares
2380 879 2613 934 feminas
2639 879 2982 945 deferuntur,
3009 891 3161 934 extra
3190 889 3398 948 portam

1830 971 1945 1025 haec
1991 969 2225 1039 accipiat
2274 970 2591 1026 monasterii
2643 969 2927 1024 muliebris
2974 969 3226 1039 praelecta
3273 984 3397 1023 cum

1830 1062 2012 1133 aliqua
2043 1077 2151 1116 anu
2180 1061 2468 1118 monacha.
2502 1062 2557 1116 Si
2590 1072 2770 1116 autem
2804 1060 3040 1124 eveniat,
3068 1069 3125 1114 ut
3160 1060 3399 1128 aliquam

1829 1154 1959 1209 velit
1991 1163 2274 1223 cognatam
2324 1155 2623 1209 monachus
2654 1153 2920 1222 aSpicere,
2967 1161 3229 1221 praesente
3261 1166 3399 1221 pra:-

1831 1245 1971 1300 fecta
2002 1260 2124 1301 cum
2154 1260 2217 1299 ea
2250 1244 2594 1314 colloquatur
2626 1245 2824 1316 exiguo
2854 1253 2909 1300 et
2943 1242 3093 1299 brevi
3125 1257 3397 1311 sermone,

1830 1348 1885 1393 et
1918 1354 2043 1393 mox
2070 1337 2140 1392 ab
2168 1352 2232 1392 ea
2262 1336 2501 1392 recedat.

1901 1526 2064 1599 372
2101 1527 2253 1594 Quod
2288 1542 2406 1580 cum
2432 1527 2728 1598 gratiarum
2768 1526 2975 1581 actione
3009 1533 3060 1580 et
3099 1540 3216 1579 cum
3257 1522 3400 1584 omni

1832 1621 2140 1676 verecundia
2169 1637 2229 1674 ac
2246 1606 2508 1691 religione
2530 1620 2747 1673 debeant
2774 1618 3017 1674 monachi
3048 1635 3167 1673 cum
3212 1616 3401 1671 mulie-

1833 1712 2000 1777 ribus,
2023 1714 2071 1767 si
2094 1713 2325 1778 accidat,
2358 1712 2701 1767 manducare.

1902 1806 1991 1860 22.
2034 1805 2144 1861 Deo
2167 1805 2384 1875 quidem
2410 1806 2723 1860 universum
2742 1803 3016 1871 dedicare,
3032 1813 3167 1869 etc.,
3190 1813 3247 1858 ut
3277 1820 3399 1873 ρας.

1756 1871 1804 1933 Β
1831 1897 1953 1954 690.

1894 1989 2049 2045 CAP.
2086 1989 2181 2043 IX.
2207 2019 2278 2030 —
2308 1988 2380 2043 De
2409 2004 2687 2042 sacrarum
2718 1990 2979 2059 virginum
3012 1997 3216 2057 stupro.

2118 2078 2343 2135 Concilii
2382 2081 2683 2133 wcumenici
2720 2096 2769 2135 vr
2803 2097 2965 2133 canon
2995 2080 3050 2134 6.

1893 2168 1949 2223 4.
1963 2165 2020 2222 Si
2041 2166 2163 2239 quis
2179 2168 2487 2237 episcopus,
2508 2170 2588 2222 vel
2605 2170 2904 2240 presbyter,
2922 2178 3050 2233 etc.,
3066 2179 3123 2222 ut
3141 2186 3260 2239 pag.
3276 2168 3400 2223 750.

2215 2258 2407 2313 Basilii
2438 2276 2661 2314 canones
2700 2262 2786 2324 i8,
2814 2261 2903 2327 20,
2937 2263 3027 2316 60.

1902 2350 1983 2405 l8.
2028 2349 2101 2406 De
2134 2351 2302 2421 lapsis
2332 2352 2658 2419 virginibus,
2689 2368 2809 2422 qua:
2842 2355 3005 2406 vitam
3046 2362 3248 2408 castam
3279 2368 3403 2422 pro-

1828 2442 1987 2497 fessae
2040 2442 2293 2509 Domino,
2345 2442 2542 2497 deinde
2599 2444 2782 2499 carnis
2846 2444 3165 2500 libidinibus
3219 2445 3397 2511 victae,

1826 2544 1983 2603 pacta
2016 2548 2112 2587 sua
2142 2533 2294 2589 irrita
2324 2533 2552 2599 faciunt,
2582 2532 2771 2589 Patres
2801 2535 3021 2605 quidem
3050 2537 3245 2599 nostri,
3276 2552 3399 2591 cum

1831 2622 2150 2692 simpliciter
2181 2636 2246 2676 ac
2276 2621 2468 2676 leuiter
2518 2637 2639 2678 sese
2668 2623 2737 2678 ad
2781 2638 2967 2677 eorum
3009 2625 3100 2693 qui
3143 2624 3404 2679 labuntur

1829 2714 2195 2768 inﬁrmitatem
2220 2714 2725 2781 accommodarent,
2752 2724 3085 2771 censuerunt
3110 2715 3256 2785 ipsas
3280 2722 3404 2785 post

1831 2823 2033 2860 annum
2066 2807 2276 2862 admitti
2303 2821 2487 2875 posse,
2527 2807 2594 2861 de
2644 2805 2755 2861 illis
2797 2806 2863 2860 ad
2888 2806 3296 2861 similitudinem
3319 2804 3405 2859 di-

1832 2912 2117 2967 gamorum
2148 2897 2528 2967 dijudicantes.
2572 2895 2775 2953 Verum
2816 2896 2949 2951 milii
2984 2896 3206 2967 quidem
3256 2896 3405 2949 vide-

1834 2998 1943 3055 tur,
1994 2990 2252 3060 quoniam
2306 2989 2401 3073 Dpi
2448 2990 2597 3046 dono
2645 2990 3002 3061 progrediens
3058 2987 3300 3043 Ecclesia
3347 2987 3406 3043 fit

1837 3081 2049 3149 fortior,
2090 3092 2147 3138 at
2188 3098 2336 3139 nunc
2360 3084 2757 3154 multiplicatur
2787 3083 2922 3138 ordo
2955 3082 3251 3151 virginum,
3278 3082 3404 3136 dili-

1831 3182 2020 3244 genter
2067 3176 2522 3230 considerandam
2578 3190 2701 3231 esse
2734 3182 2789 3229 et
2834 3190 2950 3229 rem
3002 3174 3198 3243 ipsam,
3249 3181 3407 3242 prout

1832 3265 2199 3321 consideranti
2227 3264 2514 3321 manifesta
2541 3274 2646 3332 est,
2675 3276 2730 3320 et
2758 3264 3059 3335 Scriptum
3078 3264 3405 3320 sententiam

1831 3372 1954 3427 qua:
1982 3371 2051 3411 ex
2072 3356 2467 3412 consecutione
2494 3357 2726 3411 inveniri
2757 3365 2951 3426 potest.
2986 3355 3404 3411 Vidnitasenim

1832 3448 2129 3518 virginitati
2183 3448 2452 3514 inferior;
2500 3463 2629 3518 ergo
2671 3458 2727 3502 et
2796 3448 3086 3502 Viduarum
3146 3449 3402 3503 delictum

1832 3540 1993 3611 longe
2022 3541 2205 3595 minus
2235 3555 2401 3611 quam
2444 3540 2746 3609 virginum.
2775 3538 3070 3595 Videamus
3098 3554 3231 3611 ergo
3275 3541 3405 3611 quid

1831 3634 1897 3686 ad
1932 3631 2282 3687 Timotheum
2318 3648 2351 3688 a
2383 3632 2552 3687 Paulo
2584 3632 2849 3701 scriptum
2884 3631 2986 3687 sit:
3018 3631 3268 3687 Iuniores
3306 3649 3377 3687 au

1834 3733 1937 3777 tem
1970 3724 2157 3778 viduas
2192 3724 2387 3778 devita.
2420 3723 2711 3794 Postquam
2743 3723 2881 3776 enim
2925 3723 3264 3778 lasciviarum
3309 3724 3407 3776 ad-

1831 3833 2010 3870 versus
2061 3816 2355 3881 Christum,
2402 3816 2593 3870 nubere
2628 3816 2829 3879 volunt,
2864 3814 3109 3870 habentes
3156 3815 3405 3869 condem-

1832 3911 2131 3975 nationem,
2167 3910 2303 3979 quod
2342 3910 2568 3979 primam
2613 3908 2768 3979 ﬁdem
2815 3908 3027 3962 irritam
3074 3907 3306 3976 fecerunt
3333 3907 3401 3963 ⁸⁷.

1834 4002 2020 4073 Itaque
2064 4005 2109 4059 si
2162 4004 2323 4059 vidua
2362 4003 2570 4073 judicio
2605 4003 2890 4071 subjicitur
2920 4002 3283 4074 gravissimo,
3344 4011 3406 4058 ut

1830 4113 1951 4165 qua:
1981 4097 2137 4152 fidem
2171 4098 2224 4151 in
2254 4097 2534 4152 Christum
2586 4097 2796 4153 irritam
2827 4096 3039 4164 fecerit,
3072 4096 3202 4167 quid
3245 4095 3404 4151 nobis

1832 4189 2133 4258 putandum
2158 4188 2319 4259 373
2351 4190 2418 4243 de
2444 4188 2670 4259 virgine,
2700 4204 2822 4259 quae
2845 4205 3045 4259 sponsa
3074 4198 3159 4245 est
3177 4188 3401 4255 Christi,

1834 4293 1890 4336 et
1939 4297 2157 4336 sacrum
2199 4297 2293 4337 vas
2331 4283 2562 4337 Domino
2603 4282 2962 4337 dedicatum?
3000 4281 3248 4351 Magnum
3274 4281 3402 4351 qui—

1831 4377 1952 4429 dem
1983 4384 2068 4430 est
2098 4384 2397 4445 peccatum,
2433 4373 2517 4429 vel
2542 4374 2794 4428 ancillam
2830 4373 3183 4428 clandestinis
3206 4374 3400 4427 matri-

1833 4468 2034 4523 moniis
2077 4482 2197 4522 sese
2243 4468 2483 4531 dantem,
2540 4475 2729 4536 stupro
2775 4466 2999 4521 domum
3048 4466 3296 4536 implere,
3347 4475 3403 4521 et

3245 4561 3403 4631 longe

1832 4661 2013 4707 autem
2040 4653 2261 4724 gravius
2291 4662 2375 4707 est
2399 4666 2656 4721 sponsam
2694 4651 2808 4707 fieri
2842 4652 3169 4716 adulteram,
3197 4667 3262 4707 ac
3287 4667 3401 4707 sua:

1831 4761 1954 4799 cum
1980 4759 2181 4814 sponso
2211 4743 2593 4813 conjunctioui
2618 4744 2855 4799 dedecus
2886 4744 3174 4808 ferentem,
3218 4744 3399 4814 impu-

1832 4835 1972 4890 dicis
1999 4836 2367 4905 voluptatibus
2391 4850 2450 4890 se
2472 4835 2688 4891 dedere.
2717 4834 2953 4891 Proinde
2976 4837 3132 4891 vidua
3155 4836 3397 4907 quidem,

1834 4936 1889 4979 ut
1918 4935 2171 4995 corrupta
2197 4926 2415 4989 ancilla,
2450 4927 2879 4995 condemnatur;
2913 4928 3063 4998 virgo
3093 4943 3221 4983 vero
3242 4928 3400 4982 adul-

1834 5028 1961 5071 terae
1985 5016 2191 5085 judicio
2229 5018 2536 5088 subjicitur.
2565 5018 3039 5085 Quemadmodum
3074 5021 3236 5091 igitur
3265 5035 3393 5074 eum

1828 5111 1923 5180 qui
1946 5124 2071 5165 cum
2104 5110 2278 5165 aliena
2302 5119 2386 5166 est
2414 5110 2663 5177 muliere,
2688 5112 2993 5167 adulterum
3022 5112 3396 5178 nominamus,

1830 5218 1937 5256 non
1976 5202 2129 5271 prius
2165 5201 2515 5258 admittentes
2558 5204 2624 5259 ad
2658 5205 3124 5269 communionem,
3175 5218 3339 5273 quam
3366 5218 3400 5259 a

1829 5301 2051 5362 peccato
2084 5292 2423 5358 cessaverit,
2466 5292 2543 5346 ita
2592 5291 2836 5362 profecto
2872 5302 2927 5346 et
2965 5291 3034 5346 de
3071 5305 3137 5345 eo
3164 5290 3259 5361 qui
3292 5290 3402 5344 vir-

1829 5386 2010 5457 ginem
2045 5385 2207 5440 habet
2239 5394 2563 5441 statuemus.
2592 5383 2726 5438 lllud
2753 5392 2935 5439 autem
2971 5399 3118 5440 nunc
3153 5384 3209 5439 in
3242 5394 3400 5439 ante-

1827 5493 2044 5533 cessum
2076 5486 2314 5533 statuere
2340 5478 2495 5534 nobis
2514 5492 2740 5533 necesse
2769 5488 2874 5542 est,
2893 5478 3159 5549 virginem
3190 5476 3395 5540 vocari,

1825 5584 1948 5639 quae
1992 5584 2051 5624 se
2097 5584 2197 5625 sua
2251 5578 2447 5641 sponte
2489 5568 2689 5623 obtulit
2719 5566 2976 5634 Domino,
3033 5582 3100 5623 ac
3143 5564 3396 5622 nuntium

1826 5657 2033 5730 nuptiis
2064 5658 2299 5729 remisit,
2320 5666 2377 5715 et
2402 5657 2784 5716 sanctimonia:
2814 5657 3125 5716 institutum
3147 5653 3397 5728 amplexa
