3870 6290
559 370 669 436 859
1703 354 1969 429 ΡΗΟΤῘῙ
2005 362 2087 427 PA

2232 352 2513 426 LARCH/E
2540 363 2656 427 ΟΡ.
3674 366 3760 432 860

555 490 661 539 (ει.
692 479 1075 537 Professiones
1097 485 1279 535 autem
1313 476 1383 532 ab
1405 490 1471 532 eo
1503 484 1748 547 tempore
1768 476 2083 533 admittimus

2236 474 2327 528 καὶ
2350 473 2443 527 τὸν
2471 475 2530 526 ὲν
2559 471 2818 543 ἁγιασμῷ
2851 470 2967 543 βίον
3003 468 3384 542 προτιμήσασα
3405 486 3420 502 ο
3464 471 3559 536 τὰς
3581 472 3633 528 δὲ
3655 477 3764 549 δμο-

554 589 665 644 quo
705 580 839 629 tetas
868 568 1098 627 rationis
1133 569 1595 638 complementum
1639 568 1905 623 habuerit.
1936 567 2082 638 Nequ

2236 564 2421 633 λογίας
2448 564 2568 619 τότε
2612 563 2938 635 ὲγκρίνομεν
2958 602 2974 628 ,
3007 562 3100 631 ἀφ’
3128 555 3295 632 οὗπερ
3322 562 3387 616 ἂν
3414 562 3448 633 ἠ
3480 563 3650 634 ἡλικία
3682 570 3764 641 τὴν

551 666 695 722 enim
729 664 973 736 pueriles
1000 678 1162 719 voces
1201 662 1429 716 omnino
1462 669 1611 716 ratas
1655 661 1707 715 in
1742 662 2011 733 ejusmodi
2042 678 2079 715 rt

2239 656 2329 709 τοῦ
2362 656 2521 725 λόγου
2573 654 2972 726 συμπλήρωσιν
2999 653 3131 725 ἔχῃ·
3156 653 3216 706 οὐ
3261 652 3369 724 γὰρ
3410 654 3507 719 τὰς
3550 657 3767 727 παιδικὰς

552 758 655 812 hus
682 756 886 811 habere
916 755 1211 810 convenit:
1248 752 1342 809 stad
1377 767 1496 821 quae
1519 757 1703 820 Tsupra
1743 753 2012 809 sexdecim
2041 769 2080 807 Vl

2238 749 2439 819 φωνὰς,
2469 750 2687 812 πάντως
2736 747 2934 820 κυρίας
2982 746 3210 801 ἐπὶτῶν
3258 746 3511 801 τοιούτων
3554 752 3766 820 ἡγεῖσθαι

552 846 938 915 septemdecim
966 858 1140 898 annos
1171 850 1321 908 nata,
1368 841 1849 896 ratiocinationum
1895 856 2080 898 suarut

2239 844 2526 912 προσήκει,
2559 840 2694 895 ἀλλὰ
2734 840 2835 911 τὴν
2878 840 3019 911 ὑπὲρ
3046 838 3116 893 τὰ
3142 838 3337 904 δεκαὲξ
3365 838 3399 910 ἢ
3426 841 3520 893 καὶ
3547 841 3667 896 δέκα
3693 846 3767 900 καί

553 940 782 1004 arbitra,
818 939 912 994 diu
957 937 1264 993 examinata
1303 952 1368 992 ac
1419 935 1665 1005 probata,
1714 932 1969 1004 deinceps
2002 948 2081 1003 pel

2238 931 2377 987 ἑπτὰ
2404 930 2700 1002 γενομένην
2741 930 2859 1002 έτη,
2907 930 3106 1002 κυρίαν
3147 925 3313 983 οὖσαν
3361 929 3468 984 τῶν
3508 930 3766 1005 λογισμῶν,

554 1029 843 1091 severavit,
885 1038 938 1083 et
982 1037 1039 1081 ut
1088 1027 1406 1080 admittatur
1460 1033 1776 1079 constanter
1833 1024 2077 1093 rogaveri

2240 1021 2619 1092 ὰνακριθεῖσαν
2646 1021 2735 1073 ἐπὶ
2763 1021 2950 1074 πλεῖον
2968 1061 2983 1087 ,
3016 1015 3137 1074 εῐτα
3169 1019 3581 1091 παραμείνασαν
3604 1023 3686 1076 καὶ
3704 1024 3768 1078 λι-

556 1131 671 1177 tum
698 1121 919 1175 demum
955 1120 1098 1174 inter
1126 1118 1362 1188 virgines
1411 1115 1717 1181 referenda,
1747 1115 1976 1185 ejusque
2010 1125 2084 1170 rat

2239 1114 2518 1185 παροῦσαν
2552 1111 2643 1167 διὰ
2674 1112 2893 1166 ίκεσιῶν
2936 1110 3075 1183 πρὸς
3115 1110 3178 1165 τὸ
3229 1111 3648 1183 παραδεχθῖψαι,
3670 1116 3767 1169 τότε

556 1212 802 1267 habenda
833 1210 1130 1282 professio,
1178 1224 1243 1266 ac
1280 1210 1427 1265 illius
1462 1209 1685 1263 violatio
1720 1207 2084 1263 ἱιιοιοιιιιιίιίιι

2241 1205 2699 1276 ὲγκαταλέγεσθαι
2742 1205 2849 1277 χρὴ
2874 1206 2995 1270 ταῖς
3024 1203 3335 1276 παρθένοις,
3366 1205 3462 1257 καὶ
3492 1203 3585 1275 τὴν
3611 1205 3769 1275 ὁμολο-

554 1302 847 1372 punienda.
882 1300 1076 1358 Multas
1106 1301 1249 1356 enim
1297 1309 1554 1372 parentes
1599 1298 1880 1354 adducunt
1922 1311 1975 1354 et
2018 1298 2082 1354 fr:

2242 1300 2363 1369 γίαν
2411 1300 2509 1370 τῆς
2551 1296 2807 1367 τοιαύτης
2854 1294 3055 1368 κυροῦν
3072 1337 3088 1364 ,
3116 1296 3213 1350 καὶ
3240 1296 3339 1365 τὴν
3365 1294 3612 1365 ἀθέτησιν
3637 1298 3770 1368 αὐτῆς

555 1404 667 1450 tres
703 1402 757 1448 et
799 1394 1229 1465 propinquorum
1276 1392 1522 1449 nonnulli
1572 1400 1700 1446 ante
1734 1400 1971 1456 aetatem,
2017 1407 2083 1445 nu

2243 1392 2625 1463 ἀπαραιτήτως
2670 1389 2920 1455 κολάζειν
2944 1406 2959 1422 ⁸
3014 1388 3215 1453 πολλὰς
3264 1388 3376 1459 γὰρ
3423 1390 3597 1456 γονεῖς
3634 1405 3771 1460 προσ.

554 1499 652 1540 sua
681 1495 875 1555 sponte
921 1484 986 1540 ad
1025 1485 1265 1541 caelibem
1298 1485 1463 1540 vitam
1496 1484 1770 1547 incitatas,
1803 1483 1898 1539 sed
1941 1491 2000 1538 ut
2026 1485 2082 1540 sil

2243 1485 2429 1553 ἁγουσι
2462 1484 2556 1537 καὶ
2583 1481 2825 1551 ἀδελφοὶ,
2855 1481 2950 1535 καὶ
2981 1480 3091 1535 τῶν
3122 1479 3517 1552 προσηκόντων
3537 1481 3666 1542 τινὲς
3690 1484 3771 1551 πρδ

557 1575 659 1647 ipsi
701 1576 926 1646 aliquod
967 1576 1023 1631 in
1060 1578 1169 1632 vita
1200 1576 1549 1632 commodum
1595 1576 1937 1646 provideant.
1972 1574 2085 1629 Talt

2242 1574 2338 1645 τῆς
2366 1573 2584 1645 ἡλικίας
2602 1613 2618 1638 ,
2652 1575 2753 1627 οὐκ
2785 1573 2996 1629 οἴκοθεν
3025 1572 3361 1645 ὁρμηθείσας
3394 1572 3531 1643 πρὸς
3554 1574 3770 1642 ἀγαμίαν,

558 1682 665 1722 non
702 1667 859 1723 facile
887 1669 1256 1735 admittendis,
1288 1668 1462 1723 donec
1492 1680 1679 1738 aperte
1726 1668 1970 1738 ipsarum
2003 1681 2086 1736 pet

2245 1668 2373 1723 ἀλλά
2396 1686 2448 1722 τι
2481 1667 2736 1737 βιωτικδν
2763 1668 2979 1731 ἑαυτοῖς
3007 1666 3374 1736 διοικούμενοι
3391 1683 3407 1699 ο
3434 1667 3502 1729 ἃς
3532 1667 3589 1719 οὐ
3618 1666 3773 1737 ῥᾳδίως

557 1760 786 1815 scrutati
816 1759 1086 1816 fuerimus
1120 1761 1470 1817 sententiam.

2246 1759 2631 1831 προσδέχεσθαι
2677 1760 2797 1827 δεῖ,
2827 1759 2934 1825 ἕως
2962 1759 3029 1815 ἂν
3056 1756 3310 1831 φανερῶς
3339 1756 3443 1829 τὴν
3474 1756 3601 1814 ίδίαν
3634 1758 3774 1813 αὐτῶν

2158 1841 2207 1901 Β
2235 1853 2619 1924 ὲρευνήσωμεν
2658 1850 2907 1923 γνώμην.

625 1940 790 2013 374
823 1942 914 1997 20.
955 1940 1304 2011 Quincunque
1347 1940 1631 2005 mulieres,
1681 1954 1806 1996 eum
1858 1947 2042 1996 essent
2080 1940 2137 1995 in

2080 1940 2137 1995 in
2310 1951 2381 2000 κ’.
2413 1944 2577 1998 Ὅσαι
2596 1946 2852 2013 γυναῖκες
2874 1944 2933 1998 ὲν
2959 1941 3373 2015 αίρέσειοῦσαι,
3398 1959 3457 1998 κ.
3481 1958 3533 1996 τ.
3559 1940 3606 1997 λ.

559 2031 776 2099 haeresi,
807 2043 935 2100 ete.,
959 2043 1016 2087 ut
1045 2050 1165 2104 pag.
1202 2032 1329 2088 619.

635 2124 724 2181 60.
766 2124 896 2191 Quae
927 2126 1287 2195 virginitatem
1319 2123 1735 2196 professa,etc.,
1772 2132 1831 2177 ut
1850 2140 1975 2195 pag.
2004 2123 2137 2180 854.

2004 2123 2137 2180 854.
2312 2126 2374 2193 ξ’.
2416 2126 2482 2181 Ἦ
2512 2127 2807 2199 παρθενίαν
2828 2126 3213 2199 ὀμολογήσασα
3233 2169 3249 2190 ,
3279 2143 3337 2182 κ.
3369 2143 3423 2181 τ.
3458 2126 3509 2181 λ.

637 2222 778 2289 Lege
835 2221 1214 2277 adnotationes
1274 2223 1343 2277 50
1409 2235 1530 2291 cap.
1609 2220 1694 2275 tit.
1762 2218 1795 2276 9
1858 2217 2140 2290 prmsentis

2308 2219 2628 2291 _‘Avéva0t
2649 2219 2748 2283 τὰς
2779 2219 3149 2291 παραγραφὰς
3172 2219 3267 2274 τοῦ
3300 2219 3348 2273 λ’
3370 2236 3501 2289 κεφ.
3528 2216 3617 2273 τού
3639 2218 3676 2272 θ’
3697 2216 3776 2273 τίτ.

565 2288 767 2363 operis.
1478 2288 1493 2291 ⁷
1859 2288 1871 2290 “

1859 2288 1871 2290 “
2237 2288 2334 2346 τοῦ
2369 2290 2631 2362 παρόντος
2664 2288 3060 2361 συντάγματος.

627 2405 781 2462 CAP.
823 2406 891 2461 Χ.
919 2435 989 2446 -
1014 2404 1090 2460 De
1120 2415 1277 2461 wtate
1314 2405 1713 2475 suscipientium
1743 2404 1983 2459 habitum
2013 2403 2134 2460 reli-

2313 2402 2564 2457 ΚΕΦᾹΔ.
2595 2405 2651 2457 ι’.
2688 2430 2759 2443 --
2812 2402 2951 2471 Περὶ
2977 2403 3200 2473 χρόνου
3245 2403 3361 2473 τῆς
3410 2404 3644 2472 ἡλικίας
3686 2406 3777 2461 τῶν

560 2496 786 2566 giosum.
821 2494 959 2550 Item
988 2512 1231 2566 quamam
1255 2497 1467 2549 dicatur
1490 2496 1678 2567 virgo?

2251 2491 2685 2562 λαμϐανουσῶν
2710 2492 2779 2548 τὸ
2808 2493 3019 2565 σχῆμα
3037 2509 3052 2524 ⁸
3085 2494 3186 2549 καί
3235 2498 3383 2550 ποία
3414 2495 3639 2565 λέγεται
3666 2513 3779 2566 πορ-

1108 2622 1109 2625 η
2244 2586 2437 2642 θένος.

1108 2622 1109 2625 ‘
2244 2608 2355 2642 σεν‹

827 2680 1051 2737 Cancilii
1101 2680 1531 2750 Carthaginensis
1556 2694 1725 2733 canon
1759 2678 1883 2737 126.

2244 2608 2379 2642 σενο
2423 2625 2437 2641 ο

2384 2608 2415 2655 ς
2455 2676 2726 2733 Συνόδου
2764 2678 3189 2750 Καρθαγέννης
3213 2680 3424 2735 κανὼν
3464 2687 3608 2752 ρκς¹.

629 2773 706 2827 De
729 2773 1017 2842 virginibus
1042 2773 1204 2825 etiam
1235 2770 1528 2828 minoribus
1560 2769 1819 2825 vetandis.

2312 2768 2449 2838 Περὶ
2478 2768 2786 2839 παρθένων
2817 2770 3068 2839 μικρῶν,
3110 2771 3200 2825 ὅτι
3225 2771 3359 2842 μὴν
3396 2772 3728 2828 καλυπτέον.

634 2864 757 2918 126.
793 2862 925 2918 item
969 2862 1173 2934 placuit
1195 2862 1268 2929 ⁸⁸,
1312 2871 1372 2916 ιιι
1404 2862 1720 2932 quicunque
1760 2860 2138 2931 episcoporum

2316 2867 2467 2933 ρκς·’.
2504 2860 2735 2931 ὐμοίως
2772 2862 2994 2934 ήρεσεν,
3031 2862 3120 2915 ῖνα
3148 2863 3510 2937 δστισδήποτε
3555 2864 3656 2918 τῶν
3688 2867 3778 2918 Est-

566 2957 895 3012 necessitate
946 2953 1304 3025 periclitantis
1352 2954 1628 3024 pudicitia:
1671 2952 1969 3024 virginalis,
2015 2967 2094 3013 cui

2251 2953 2485 3019 σκόπων,
2521 2952 2589 3006 δι’
2624 2952 2868 3022 ἀνάγκην
2922 2952 3024 3023 τῆς
3081 2953 3424 3027 παρθενικῆς
3476 2957 3779 3027 σωφροσύνης

562 3048 649 3102 vel
695 3047 892 3115 petitor
937 3054 1152 3117 potens,
1202 3046 1287 3100 vel
1332 3055 1517 3116 raptor
1554 3046 1751 3116 aliquis
1785 3044 2090 3100 formidatul

2252 3044 2679 3115 κινδυνευούσης,
2714 3044 2804 3097 ὅτε
2834 3042 2867 3114 ἢ
2895 3044 3135 3117 ἐραστὴς
3159 3044 3410 3113 δυνατὸς,
3455 3046 3489 3117 ἢ
3526 3046 3689 3118 ἅρπαξ
3718 3047 3780 3110 τίς

566 3135 654 3191 vel
708 3136 755 3190 si
807 3137 972 3190 etiam
1032 3135 1219 3205 aliquo
1270 3136 1466 3190 mortis
1516 3136 1821 3204 periculoso
1878 3138 2094 3205 scrupul

2248 3137 2393 3189 ἐστιν
2420 3136 2478 3189 ὲν
2502 3135 2736 3207 piro-pie,
2764 3135 2798 3207 ἢ
2828 3134 2911 3190 ἔτι
2955 3135 3063 3208 μὴν
3108 3135 3213 3189 ὑπό
3240 3152 3394 3200 τινος
3444 3136 3776 3209 θανατηφόρου

571 3238 899 3299 compuncta
958 3226 1153 3294 fuerit,
1203 3241 1268 3281 ne
1312 3242 1421 3282 non
1471 3227 1646 3283 velata
1700 3228 1994 3296 moriatur;
2048 3244 2099 3285 at

2252 3225 2491 3281 κινδύνου
2524 3226 2662 3298 αὕτη
2703 3228 2891 3299 ἔσηται
2936 3227 3223 3299 νυχθεῖσα,
3281 3229 3721 3301 παρακαλούντων
3756 3231 3780 3301 ἢ

566 3320 912 3391 exigentibus
954 3319 1296 3389 parentibus,
1344 3327 1440 3374 aut
1476 3320 1563 3375 his
1595 3320 1662 3375 ad
1692 3334 1924 3389 quorum
1955 3335 2094 3379 cura:

2253 3319 2360 3375 τῶν
2388 3320 2590 3389 γονέων
2625 3320 2815 3391 αὐτῆς,
2843 3320 2877 3392 ἢ
2911 3314 2987 3376 ὧν
3015 3323 3083 3393 τῇ
3117 3321 3362 3394 φροντίδι
3411 3322 3693 3386 ἀνάκειται,
3717 3323 3781 3376 διὰ

569 3412 823 3484 pertinet,
842 3411 1099 3466 velaverit
1120 3411 1406 3482 virginem,
1434 3425 1529 3467 seu
1569 3410 1769 3466 velavit
1795 3411 1934 3466 intra
1958 3411 2097 3482 vigin

2252 3411 2315 3465 τὸ
2364 3414 2442 3484 μὴ
2484 3412 2653 3484 χωρὶς
2699 3411 2795 3465 τοῦ
2844 3413 3124 3483 σχήματος
3186 3412 3568 3482 τελειωθῆναι,
3608 3411 3780 3483 καλύψῃ

568 3506 812 3577 quinque
860 3518 1034 3559 annos
1077 3504 1274 3569 astatis,
1326 3519 1435 3558 non
1474 3503 1524 3559 ei
1571 3503 1715 3559 obsit
1746 3504 2037 3559 concilium
2067 3504 2096 3537 "

2252 3503 2520 3576 παρθένον
2576 3504 2609 3577 ἢ
2660 3503 2930 3574 ἐκάλυψεν
2969 3504 3119 3568 ἐντὸς
3167 3504 3365 3576 κείρας
3411 3505 3662 3561 ἐνιαυτῶν
3706 3507 3780 3569 κε’,

571 3596 716 3667 quod
746 3596 814 3651 de
843 3596 947 3652 isto
970 3609 1237 3650 annorum
1271 3609 1501 3650 numero
1529 3595 1887 3651 constitutum
1917 3606 2022 3653 est.

2254 3596 2433 3668 μηδὲν,
2464 3596 2557 3650 τδν
2586 3594 2828 3654 τοιοῦτον
2867 3596 3050 3675 βλάψῃ,
3074 3598 3202 3667 περὶ
3250 3596 3450 3653 τούτου
3474 3596 3566 3656 τοῦ
3593 3595 3781 3669 ἀριθμοῦ

2253 3691 2363 3754 τῶν
2389 3690 2654 3746 ἐνιαυτῶν
2677 3690 3081 3745 κατασταθεῖσα
3118 3689 3363 3756 σύνοδος.

766 3777 995 3833 Concilit‘
1031 3778 1334 3832 aecumem'ci
1370 3790 1424 3834 Vt
1463 3795 1686 3836 canones
1719 3781 1809 3846 40,
1846 3781 1936 3837 45.

2402 3782 2669 3845 Συνόδου
2684 3781 3103 3851 οίκουμενικῆς
3142 3787 3200 3847 ς’
3229 3781 3436 3838 κανὼν
3468 3782 3541 3854 μ’,
3565 3789 3657 3853 με’.

635 3871 712 3926 De
742 3870 1012 3924 monachis
1041 3878 1091 3925 et
1122 3870 1467 3927 monialibus.

2323 3878 2461 3946 Περὶ
2476 3874 2761 3945 μοναχῶν
2789 3876 2886 3929 καί
2915 3872 3329 3944 μοναστριῶν.

642 3963 733 4017 40.
767 3961 1032 4028 Quoniam
1062 3961 1168 4017 Deo
1195 3962 1403 4018 hazrere
1431 3963 1477 3996 ’θ
1510 3979 1606 4035 per
1625 3981 1902 4024 secessum
1928 3982 1997 4025 ex
2022 3978 2150 4024 tutan

2324 3963 2396 4035 μ’.
2438 3965 2656 4035 Ἐπειδὴ
2705 3964 2785 4035 τῷ
2824 3963 2955 4035 Θεῷ,
2981 3963 3301 4030 κολλᾶσθαι,
3356 3962 3451 4019 διὰ
3487 3963 3583 4034 τῆς
3618 3963 3673 4015 ἑκ
3700 3959 3779 4012 τῶν

573 4055 804 4125 strepitu
836 4069 902 4109 ac
930 4054 1339 4125 perturbatione
1358 4055 1514 4112 valde
1537 4066 1624 4113 est
1650 4059 1910 4127 salutare,
1934 4070 2101 4131 oportt

2251 4057 2345 4111 τοῦ
2367 4056 2483 4128 βίου
2513 4053 2759 4127 θορύϐων
2784 4054 3212 4126 ἀναχωρήσεως,
3244 4053 3370 4109 λίαν
3402 4054 3519 4108 ἐστὶ
3543 4053 3777 4123 σωτήριον,

572 4164 677 4204 nos
714 4163 825 4203 non
856 4148 976 4203 sine
1002 4147 1407 4203 examinatione
1433 4164 1530 4204 eos
1556 4150 1652 4221 qui
1676 4151 1842 4207 vitam
1886 4164 2100 4210 monast

2253 4148 2360 4218 χρὴ
2392 4146 2466 4218 μὴ
2490 4145 2862 4210 ἀνεξετάστως
2894 4144 3123 4216 ἡμᾶς,ἥ
3160 4144 3316 4215 παρὰ
3338 4144 3433 4199 τὸν
3468 4144 3647 4214 καιρὸν
3685 4144 3778 4202 τοις

573 4256 695 4297 cam
725 4240 953 4310 eligunt,
985 4255 1093 4293 non
1130 4239 1508 4310 intempestive
1527 4242 1831 4309 admittere,
1867 4246 1959 4300 sed
1992 4246 2099 4301 nob

2258 4240 2345 4293 τὸν
2379 4238 2589 4309 μονήρη
2633 4236 2746 4308 βίον
2775 4235 3135 4308 αἱρουμένους
3181 4236 3530 4307 προσίεσθαι,
3571 4234 3689 4288 ἀλλὰ
3713 4234 3780 4285 τὸν

575 4348 605 4386 a
632 4332 887 4387 Patribus
905 4332 1161 4387 traditum
1182 4332 1474 4386 terminum
1493 4333 1547 4387 in
1571 4334 1653 4389 eis
1673 4350 1891 4404 quoque
1911 4351 2103 4392 servari

2257 4329 2627 4401 παραδοθέντα
2651 4330 2783 4401 ἡμῖν
2812 4328 2964 4400 παρὰ
2988 4327 3098 4383 τῶν
3126 4329 3411 4399 Πατέρων,
3445 4329 3537 4383 καὶ
3566 4330 3618 4383 ὲν
3640 4328 3779 4387 αὐτοῖς

573 4432 638 4480 ιιι
669 4424 793 4479 vitae
821 4423 1121 4478 secundum
1150 4422 1320 4477 Deum
1347 4423 1747 4493 professionem
1770 4425 1882 4494 jam
1916 4428 2101 4483 ﬁrman

2259 4423 2554 4493 φυλάττειν
2586 4423 2711 4493 ὅρον
2734 4438 2749 4453 ⁸
2787 4420 2927 4489 ὥστε
2949 4419 3050 4494 τὴν
3088 4420 3381 4492 ὁμολογίαν
3402 4420 3497 4476 τοῦ
3532 4421 3659 4474 κατὰ
3681 4418 3776 4471 Θεὸν

574 4524 631 4570 et
677 4529 708 4567 a
741 4512 968 4569 scientia
1013 4528 1079 4569 ac
1125 4512 1334 4582 judicio
1364 4511 1563 4569 factam
1608 4523 1739 4569 tunc
1771 4516 2102 4573 admittamu:

2257 4516 2373 4588 βίου
2403 4516 2523 4569 τότε
2548 4514 2869 4586 προσίεσθαι
2905 4513 3008 4580 δεῖ,
3052 4514 3130 4578 ὡς
3176 4514 3278 4585 ἥδη
3331 4514 3555 4586 βεὸαἱαν
3578 4513 3663 4566 καὶ
3700 4510 3779 4564 ἀπὸ

575 4612 700 4676 post
725 4604 957 4659 rationis
985 4604 1469 4674 complementum.
1513 4605 1617 4672 Qui
1663 4622 1795 4677 ergo
1827 4606 1988 4677 375
2028 4624 2103 4663 ιιι(

2254 4605 2478 4678 γνώμης
2501 4605 2707 4669 οίκείας
2736 4606 2831 4660 καὶ
2855 4605 3093 4677 κρίσεως
3120 4604 3439 4675 γινομένην,
3464 4606 3595 4676 μετὰ
3611 4604 3694 4672 τὴν
3711 4598 3776 4652 τοῦ

575 4697 867 4753 ηοοιιὶοιιιιι
895 4696 1085 4767 jugum
1116 4705 1200 4753 est
1227 4696 1528 4763 subiturus,
1561 4714 1645 4770 ,ηε
1676 4699 1746 4754 sit
1784 4699 1963 4753 minor
1985 4715 2103 4768 qua]

2254 4697 2417 4764 λόγου
2439 4696 2833 4767 συμπλήρωσιν
2853 4713 2867 4728 ο
2899 4695 3041 4754 ἔστω
3068 4695 3250 4749 τοίνυν
3271 4697 3299 4749 ὁ
3329 4696 3540 4767 μέλλων
3556 4694 3639 4748 τὸν
3660 4708 3778 4762 μονο-

575 4791 763 4847 decem
785 4802 1053 4842 annorum
1076 4796 1258 4852 natus,
1277 4787 1397 4857 ejus
1418 4804 1635 4858 quoque
1651 4787 1726 4843 rei
1747 4788 2103 4843 examinatior

2254 4788 2409 4859 χικδν
2440 4787 2774 4858 ὑπέρχεσθαι
2823 4785 3010 4856 ζυγὸν,
3051 4788 3150 4859 οὐχ
3177 4781 3403 4860 ἦττονῆ
3442 4787 3712 4856 δεκαετὴς·
3736 4784 3776 4833 ἐν

578 4880 631 4933 in
662 4878 912 4949 przesulis
947 4878 1179 4934 arbitrio
1218 4879 1324 4935 sita
1348 4918 1364 4944 ,
1421 4895 1491 4935 an
1537 4880 1724 4949 augeri
1776 4887 1991 4951 tempus
2021 4896 2104 4936 eo:

2256 4880 2334 4952 τῷ
2361 4878 2606 4952 προέδρῳ
2623 4878 2887 4949 κειμένης
2912 4879 3124 4949 καὶτῆς
3165 4880 3258 4933 ἐπὶ
3281 4879 3461 4951 τούτῳ
3487 4875 3775 4947 δοκιμασίας,

577 4968 875 5030 dueihilius
907 4969 1182 5024 existimet
1209 4968 1277 5023 ad
1316 4969 1771 5023 introductionem
1805 4978 1861 5024 et
1888 4970 2105 5025 οοιιειίιι

2262 4975 2311 5027 εί
2339 4973 2430 5027 τὸν
2458 4971 2652 5043 χρόνον
2682 4963 2832 5042 αύτῷ
2872 4970 3175 5042 αὐξηθῆναι
3206 4972 3637 5041 λυσιτελέστερον
3666 4967 3776 5036 ἡγεῖ·

578 5063 781 5117 tionem
816 5060 873 5115 in
901 5061 1013 5115 vita
1059 5062 1388 5117 monastica.
1415 5060 1527 5115 Etsi
1560 5062 1707 5116 enim
1739 5077 1971 5132 magnus
2003 5061 2106 5118 Bas

2260 5080 2371 5129 ται,
2401 5062 2540 5135 πρὸς
2593 5061 2694 5130 τὴν
2732 5062 2791 5114 ὲν
2839 5060 2920 5129 τῷ
2956 5061 3185 5132 μονήρει
3241 5060 3342 5131 βίῳ
3392 5056 3681 5127 εἰσαγωγὴν
3706 5052 3775 5107 καὶ

577 5156 686 5219 lius
707 5156 752 5189 "
792 5158 846 5213 in
872 5157 1503 5229 sacrisjsuiseanonibus
1531 5172 1674 5222 eam,
1692 5173 1813 5227 quae
1835 5173 1935 5215 sua
1964 5173 2098 5227 spon

2264 5156 2606 5209 κατάστασιν
2626 5169 2640 5186 ε
2676 5154 2726 5208 εί
2751 5153 2860 5225 γὰρ
2893 5152 2984 5207 καὶ
3025 5154 3054 5207 ὁ
3084 5152 3259 5223 μέγας
3291 5152 3566 5213 Βασίλειος
3605 5152 3657 5202 ὲν
3691 5146 3774 5205 τοῖς

578 5244 691 5300 Deo
719 5262 778 5302 se
805 5248 980 5315 offert,
1000 5259 1054 5303 et
1082 5248 1449 5319 virginitatem
1481 5247 1881 5319 complectitur,
1911 5250 1957 5303 si
1988 5258 2105 5318 sept

2265 5247 2428 5318 ίεροῖς
2456 5245 2622 5301 αὑτοῦ
2654 5246 2844 5299 κανόσι
2870 5244 2967 5318 τὴν
2996 5245 3260 5310 ἑκουσίως
3284 5244 3484 5317 ἑαυτὴν
3514 5240 3770 5312 προσάγου-

579 5354 729 5397 tnum
778 5340 1053 5395 decimum
1108 5355 1316 5395 annum
1369 5338 1740 5409 compleverit,
1773 5340 1828 5393 in
1884 5340 2107 5409 virginui

2266 5357 2365 5394 σαν
2408 5338 2486 5411 τῷ
2519 5338 2638 5410 Θεῷ
2668 5338 2766 5392 καὶ
2793 5338 2894 5411 τὴν
2940 5339 3242 5412 παρθενίαν
3299 5335 3680 5407 ἀσπαζομένην,
3707 5330 3771 5383 τὸν

578 5430 822 5486 ordinem
864 5430 1205 5487 referendam
1259 5445 1384 5488 esse
1434 5429 1665 5497 statuit;
1721 5431 1814 5487 sed
1847 5440 2027 5487 tamen
2089 5448 2106 5486 (

2263 5431 2730 5487 ἑπτακαιδέκατον
2756 5431 3079 5486 διανύουσαν
3116 5432 3329 5503 χρόνον,
3357 5431 3435 5501 τῷ
3463 5430 3566 5482 τῶν
3609 5420 3770 5495 παρθέ-

577 5520 757 5578 viduis
788 5530 844 5578 et
888 5522 1215 5580 diaeonissis
1268 5521 1577 5593 exemplum
1631 5522 1827 5589 secuti,
1851 5522 1903 5579 in
1942 5523 2105 5579 dictu:

2263 5540 2372 5577 νων
2411 5522 2657 5593 τάγματι
2710 5522 3060 5595 ἀριθμεῖσθαι
3090 5522 3407 5595 νομοθετεῖ,·
3443 5522 3554 5577 ἀλλ’
3600 5517 3679 5573 οὖν
3714 5511 3770 5582 τῷ

590 5765 625 5771 __
650 5694 896 5771 “itione.
926 5695 1146 5771 Milevit.
1170 5714 1233 5765 ιι,
1261 5714 1361 5756 ean
1388 5699 1495 5764 26;
1526 5698 1696 5771 Afric.
1725 5699 1895 5771 (ιε-95.
1968 5698 2013 5771 ’ξ
2040 5696 2295 5771 Carthag.
2321 5714 2403 5767 ιιι,
2428 5715 2551 5758 cau.
2581 5699 2636 5758 4.
2711 5700 2756 5735 '°
2785 5699 2987 5771 Basilii,
3009 5713 3130 5762 can.
3162 5699 3257 5768 l8;
3289 5700 3536 5759 Chalcetl.
3572 5716 3676 5757 can.
3706 5696 3765 5751 19.

584 5765 629 5798 ιι
663 5764 797 5823 Vide
823 5765 1082 5825 Basilium
1112 5764 1392 5845 magnum,
1419 5785 1617 5830 canon.
1665 5770 1731 5829 18
1752 5768 1921 5844 Epist.
1950 5768 2016 5827 ad
2050 5764 2512 5842 Amphilochium.
