3980 6442
156 447 273 512 861

910 444 1312 506 SYNTAGMA
1348 446 1740 510 CANONUM.
1764 469 1834 483 ·-
1861 447 2010 509 ΤΙΤ.
2047 445 2157 521 ΧΙ,
2200 447 2359 507 CAP.
2396 446 2556 508 XXI.

3281 447 3392 511 862

157 560 302 633 περὶ
326 556 432 612 τῶν
461 556 644 629 χηρῶν
674 573 735 611 τε
786 557 881 612 κοιλ⁵
928 557 1286 612 διακονισοῶν
1320 560 1727 631 παραδείγματι

1837 568 2068 631 tempus,
2120 560 2371 631 analogia
2415 569 2470 617 et
2502 560 2851 631 proportione
2882 558 3073 613 habita
3102 597 3116 623 ,
3168 572 3266 615 eos
3305 561 3399 630 qui

156 650 747 721 κατακολουθήσαντες,
790 651 870 714 είς
893 651 985 705 τὸν
1016 652 1307 722 εἰρημένον
1358 652 1550 723 χρόνον
1599 655 1733 707 ἀνα-

153 744 335 813 λόγως
357 746 483 808 τοὺς
514 743 607 798 τὸν
638 746 848 817 μονήρη
890 744 1003 814 βίον
1036 743 1331 814 ἑλομένους
1366 746 1733 817 περιεστήσα-

158 854 299 907 μενο
322 837 378 890 ἐν
408 837 519 909 γάρ
546 836 625 908 τῷ
649 836 778 908 θείῳ
814 837 1119 908 Ἀποστόλῳ
1162 837 1502 910 γέγραπταιο
1558 837 1733 907 Ἐξή-

152 944 345 983 scorta
365 928 519 984 ἐτῶν
548 931 686 1000 ’τὴν
733 932 803 985 ἐν
834 931 909 1001 τῇ
938 933 1269 1001 Ἐκκλησία
1297 934 1733 1003 καταλέγεσθαι

152 1018 373 1088 χήραν.
406 1021 469 1075 Oi
498 1020 555 1074 δέ
586 1023 721 1093 ἱεροὶ
752 1023 975 1087 κανόνες
1016 1028 1068 1093 μ’
1098 1022 1235 1076 ἐτῶν
1263 1023 1363 1094 τὴν
1387 1022 1732 1078 διακόνισσαν

150 1113 582 1183 χειροτονεῖσθαι
617 1114 1056 1185 παραδεδώκασι,
1093 1115 1194 1186 τὴν
1245 1115 1573 1181 Ἐκκλησίαν
1629 1116 1731 1185 χά-

143 1204 273 1270 ’ριτι
296 1200 408 1273 θείᾳ
435 1203 832 1274 κραταιοτέραν
851 1205 1166 1275 γινομένην,
1201 1206 1297 1259 καὶ
1319 1205 1414 1258 ἐπὶ
1440 1205 1511 1259 τά
1539 1206 1732 1277 πρόσω

154 1291 446 1363 βαίνουσαν
474 1294 802 1365 ἑωρακότες,
828 1296 925 1351 καὶ
962 1296 1024 1351 τὸ
1046 1297 1157 1350 τῶν
1198 1297 1407 1352 πιστῶν
1438 1298 1579 1370 πρὸς
1625 1300 1726 1371 τὴν

150 1384 269 1439 τῶν
298 1384 454 1439 θείων
487 1386 715 1440 ἐντολῶν
739 1389 973 1459 τήρησιν
996 1388 1192 1457 πάγιόν
1223 1405 1285 1443 τε
1317 1391 1413 1444 καὶ
1440 1390 1688 1459 ἀσφαλές
1714 1408 1729 1424 ·

150 1476 298 1545 ὅπερ
326 1477 419 1531 καὶ
446 1479 611 1548 ἡμεῖς
639 1479 835 1550 ἄριστα
878 1480 1337 1551 κατανοήσαντες,
1386 1483 1594 1554 ἀρτίως
1648 1484 1728 1538 δι-

150 1564 477 1635 ωρισάμεθα
498 1565 595 1637 τὴν
615 1568 863 1636 εὐλογίαν
874 1571 975 1641 τῆς
998 1568 1239 1640 χάριτος,
1258 1571 1337 1642 τῷ
1355 1572 1604 1643 μέλλοντι
1620 1575 1730 1628 τῶν

152 1658 302 1709 κατά
344 1657 480 1712 Θεὸν
507 1658 735 1728 ἀγώνων
762 1661 1105 1733 ἐνάρχεσθαι,
1137 1661 1328 1735 ὥσπερ
1378 1665 1503 1719 τινά
1553 1683 1728 1737 σφρα-

148 1749 277 1815 γῖδα
323 1750 533 1821 ταχέως
563 1752 1034 1825 ἐνσημαινόμενοι,
1075 1754 1327 1811 ἐντεῦθεν
1378 1759 1543 1813 αὐτὸν
1590 1760 1728 1831 πρὸς

150 1842 212 1893 τὸ
252 1843 344 1895 ἐπὶ
385 1844 651 1915 μήκιστον
687 1845 763 1917 μὴ
796 1848 974 1901 ὀκνεῖν
1003 1849 1100 1901 καὶ
1141 1847 1471 1905 ἀναδύεσθαι
1494 1852 1723 1922 προσὸι-

1834 654 2001 708 vitam
2033 655 2388 709 monasticam
2409 654 2705 724 elegerunt,
2728 651 3074 707 deduximus.
3123 648 3182 704 In
3214 651 3400 705 divino

1831 748 1976 800 enim
2017 745 2278 815 Apostolo
2320 746 2582 815 scriptum
2622 753 2705 799 est
2736 745 2783 777 θ’
2811 744 3091 815 sexaginta
3129 757 3399 807 annorum

1831 840 2047 894 viduam
2075 838 2129 893 in
2148 838 2387 893 Ecclesia
2407 837 2706 907 eligendam
2738 855 2752 892 :
2775 837 2916 892 sacri
2951 844 3133 892 autem
3159 850 3399 892 canones

1830 934 2189 1005 quadraginta
2217 947 2482 986 annorum
2505 933 2866 988 diaconissam
2895 931 3250 988 ordinandam
3278 944 3400 986 esse

1831 1034 2160 1089 statuerunt,
2195 1040 2318 1079 cum
2351 1022 2442 1077 Dei
2481 1024 2771 1079 ecclesiam
2800 1023 2895 1079 Dei
2924 1024 3094 1093 gratia
3126 1021 3400 1093 potentio-

1829 1133 1943 1174 rem
1984 1132 2049 1172 ac
2071 1116 2438 1172 robustiorem
2468 1116 2735 1183 evasisse,
2769 1125 2822 1171 et
2850 1116 3078 1170 ulterius
3107 1112 3400 1184 procedere

1831 1210 2115 1274 vidissent,
2140 1208 2489 1278 ﬁdeliumque
2540 1207 2611 1262 ad
2654 1208 2965 1263 divinorum
3017 1207 3396 1262 mandatorum

1830 1301 2266 1357 observationem
2321 1300 2632 1354 ﬁrmitatem
2687 1313 2752 1354 ac
2810 1298 3182 1354 stabilitatem.
3240 1296 3396 1364 Quod

1828 1395 2045 1466 quidem
2091 1409 2215 1449 cum
2267 1407 2370 1449 nos
2415 1407 2636 1463 quoque
2683 1392 2886 1461 optime
2920 1391 3396 1455 intellexissemus,

1829 1485 1992 1542 modo
2019 1485 2311 1541 statuimus
2338 1482 2765 1540 benedictionem
2792 1482 2978 1554 gratia:
3002 1482 3071 1548 ei,
3096 1482 3189 1552 qui
3223 1489 3388 1537 certa-

1829 1578 1976 1633 mina
2008 1576 2308 1633 secundum
2332 1574 2500 1631 Deum
2520 1590 2878 1647 aggressurus
2906 1574 3193 1641 est,veluti
3222 1573 3397 1644 quod-

1828 1669 1953 1723 dam
1983 1668 2319 1737 signaculum
2350 1667 2598 1723 celeriter
2653 1666 3047 1737 imprimentes,
3098 1664 3226 1719 hinc
3270 1676 3395 1717 eum

1828 1759 1895 1814 ad
1933 1776 2040 1816 non
2072 1759 2165 1814 diu
2194 1758 2560 1814 cunctandum
2597 1766 2652 1812 et
2709 1756 3180 1828 tergiversandum
3233 1755 3396 1809 indu-

1828 1859 2034 1914 centes,
2068 1849 2151 1904 vel
2182 1850 2359 1919 potius
2388 1864 2506 1903 eam
2538 1847 2603 1902 ad
2646 1847 2775 1902 boni
2804 1846 3123 1903 electionem
3169 1852 3224 1902 et
3260 1860 3397 1900 con-

154 1931 436 1999 6ἁζοντες,
479 1936 680 2007 μᾶλλον
717 1939 817 2008 μὲν
848 1934 942 1994 οὖν
969 1940 1065 1994 καὶ
1089 1941 1228 2011 πρὸς
1248 1940 1346 2013 τὴν
1375 1942 1469 1997 τοῦ
1510 1920 1721 2013 ἀγαθοῦ

1837 1942 2171 1998 stitutionem
2194 1940 2503 1995 incitantes.

150 2025 549 2097 παρορμῶντες
578 2028 807 2101 ἐκλογὴν
854 2032 952 2084 καὶ
978 2033 1332 2089 κατάστασιν.

224 2114 332 2188 με’.
389 2120 609 2192 Ἐπειδὴ
671 2122 1094 2194 μεμαθήκαμεν,
1148 2124 1205 2179 ἐν
1238 2143 1350 2180 τισι
1397 2126 1729 2194 γυναικείοις

153 2211 539 2283 μοναστηρίοις
574 2213 672 2277 τάς
698 2214 995 2285 μελλούσας
1029 2216 1124 2270 τοῦ
1151 2218 1298 2289 ίεροῧ
1334 2218 1544 2273 ἐκείνου
1580 2236 1719 2273 κατ-

152 2300 434 2365 αξιοῦσθαι
482 2304 786 2376 σχήματος,
852 2308 1120 2380 πρότερον
1153 2311 1409 2380 σηρικαῖς
1454 2310 1552 2364 καὶ
1585 2327 1725 2366 παν·

150 2391 325 2456 τοίαις
378 2393 611 2459 στολαῖς,
667 2395 749 2450 ἔτι
803 2399 912 2468 μὴν
965 2399 1060 2452 καὶ
1110 2400 1359 2470 κοσμίοις
1408 2399 1595 2472 χρυσῷ
1633 2400 1729 2456 καὶ

153 2483 286 2556 λίθῳ
328 2488 775 2561 πεποικιλμένοις
821 2490 927 2544 ὑπὸ
961 2492 1070 2544 τῶν
1113 2492 1500 2562 προσαγόντων
1552 2494 1723 2558 αὺτάς

154 2578 625 2647 περιστέλλεσθαι,
663 2583 759 2635 καὶ
789 2580 932 2636 οὕτω
954 2581 1031 2653 τῷ
1060 2583 1435 2655 θυσιαστηρίῳ
1464 2584 1722 2657 προσιού-

159 2686 276 2737 σας,
304 2671 719 2728 ἐκδιδύσκεσθαι
747 2674 846 2744 τὴν
868 2675 1139 2747 τοσαύτην
1158 2678 1255 2748 τῆς
1281 2676 1412 2747 ὕλης
1430 2677 1720 2748 ἀμφίασιν,

155 2764 499 2835 παραχρῆμά
526 2782 586 2817 τε
615 2764 859 2833 γίνεσθαι
912 2769 1001 2821 ἐπ’
1034 2769 1226 2832 αὐταῖς
1253 2769 1352 2839 τὴν
1385 2767 1479 2825 τοῦ
1515 2770 1726 2840 σχῆμα·

153 2868 239 2913 τος
269 2853 544 2921 εὐλογίαν,
576 2856 668 2909 καὶ
697 2856 759 2909 τὸ
788 2857 956 2927 μέλαν
1004 2857 1175 2922 αὑτὰς
1229 2857 1439 2928 ἔνδυμα
1489 2858 1724 2929 ἀμφιέν-

153 2944 370 3011 νυσθαι,
432 2948 687 3019 ὁρίζομεν
734 2948 877 3003 ὥστε
914 2950 1112 3022 μηκέτι
1145 2950 1253 3005 ἀπὸ
1301 2951 1395 3004 τοῦ
1425 2951 1521 3006 νῦν
1571 2953 1729 3006 τοῦτο

153 3033 403 3101 γίνεσθαι
427 3053 442 3069 °
468 3039 590 3093 ούδέ
617 3040 725 3111 γὰρ
755 3041 949 3110 εὐαγὲς
982 3042 1217 3113 ὑπάρχει
1256 3043 1353 3112 τὴν
1380 3043 1482 3115 ἤδη
1513 3043 1602 3098 διὰ
1626 3043 1728 3113 τῆς

153 3126 360 3192 οἰκείας
381 3130 754 3201 προαιρέσεως
770 3132 1113 3205 ἀποθεμένην
1140 3136 1322 3189 πᾶσαν
1347 3136 1448 3207 τὴν
1471 3134 1565 3189 τοῦ
1599 3135 1715 3206 βίου

1893 2128 1986 2184 45.
2026 2125 2295 2193 Quoniam
2326 2124 2697 2181 intelleximus
2724 2123 2771 2156 "
2797 2123 2852 2179 in
2887 2119 3171 2177 nonnullis
3201 2117 3399 2174 mulie-

1828 2235 1952 2275 rum
1985 2218 2336 2273 monasteriis
2367 2218 2647 2281 mulieres,
2680 2231 2801 2286 qua:
2846 2229 3006 2271 sacro
3060 2213 3152 2268 illo
3194 2212 3397 2268 amictu

1827 2320 1957 2367 sunt
1986 2310 2294 2373 induenda},
2327 2310 2478 2377 prius
2499 2308 2690 2364 sericis
2714 2314 2768 2361 et
2791 2306 2970 2361 omnis
2995 2303 3211 2377 generis
3232 2302 3401 2358 vesti-

1828 2406 1959 2471 bus;
2011 2414 2271 2474 praeterea
2312 2410 2495 2457 autem
2538 2413 2593 2457 et
2638 2399 2859 2455 mundis
2893 2412 3028 2453 auro
3071 2404 3126 2452 et
3167 2395 3397 2469 gemmis

1830 2498 2053 2554 variatis
2087 2498 2156 2552 ab
2185 2497 2255 2553 iis
2286 2496 2381 2566 qui
2417 2496 2536 2553 illas
2560 2495 2770 2550 ducunt
2804 2492 3080 2557 exornari,
3124 2497 3181 2545 et
3219 2488 3297 2543 sic
3330 2486 3397 2541 ad

1825 2591 1998 2646 altare
2028 2589 2368 2655 accedentes,
2393 2587 2519 2644 exui
2551 2595 2703 2642 tanto
2734 2601 2897 2655 opum
2929 2591 3210 2653 apparatu,
3234 2579 3400 2650 376

1827 2691 1882 2739 et
1911 2681 2097 2738 statim
2130 2681 2183 2736 in
2213 2681 2322 2736 illis
2363 2680 2478 2735 ﬁeri
2515 2679 2735 2734 habitus
2759 2675 3214 2739 benedictionem,
3252 2672 3400 2726 illas-

1828 2790 1935 2847 que
1971 2774 2126 2845 nigro
2171 2774 2375 2830 amictu
2419 2773 2609 2836 indui,
2642 2771 2937 2827 statuimus
2981 2781 3048 2822 ne
3092 2765 3197 2820 boc
3237 2762 3396 2818 dein-

1825 2880 1952 2936 ceps
1988 2865 2100 2919 ﬁat.
2129 2865 2313 2934 Neque
2341 2864 2485 2919 enim
2521 2862 2602 2918 fas
2625 2870 2727 2927 est,
2768 2868 2826 2914 ut
2857 2872 2979 2929 qua:
3018 2857 3131 2926 jam
3179 2852 3397 2923 propria

1827 2958 2104 3012 voluntate
2157 2971 2375 3011 omnem
2424 2956 2548 3010 vita:
2582 2950 2985 3024 jucunditatem
3035 2945 3304 3017 deposuit,
3346 2949 3402 2999 et

1825 3060 1945 3105 eam
1975 3064 2099 3120 quae
2122 3057 2205 3104 est
2231 3047 2529 3103 secundum
2554 3045 2725 3100 Deum
2741 3042 2865 3097 vitae
2885 3037 3107 3110 agendae
3132 3036 3399 3092 rationem

1830 3139 2081 3209 amplexa
2142 3146 2245 3204 est,
2302 3136 2586 3205 ﬁrmisque
2639 3147 2705 3188 ac
2758 3129 3047 3188 stabilibns
3094 3124 3402 3181 rationibus

155 3219 413 3291 φροντίδα
442 3239 503 3276 τε
535 3223 630 3278 καὶ
655 3224 1014 3296 τερπνότητα,
1066 3225 1163 3278 καὶ
1193 3226 1592 3298 ἀσπασαμένην
1621 3227 1720 3299 τὴν

1837 3248 1952 3287 eam
1990 3230 2354 3297 conﬁrmavit,
2394 3238 2448 3285 et
2486 3229 2561 3283 ita
2602 3227 2671 3283 ad
2706 3222 3100 3281 monasterium
3149 3215 3401 3280 accessit,

157 3313 294 3366 κατά
327 3312 465 3367 Θεὸν
494 3315 792 3383 πολιτείαν,
835 3320 931 3371 καὶ
989 3317 1371 3388 βεδαιώσασαν
1402 3317 1608 3389 ταύτην
1635 3319 1724 3373 λο-

154 3407 377 3473 γισμοῖς
396 3406 660 3473 ἀκλινέσι,
695 3408 789 3463 καὶ
814 3410 955 3463 οὕτω
984 3409 1062 3480 τῷ
1098 3410 1451 3482 μοναστηρίῳ
1495 3411 1726 3481 προσελ-

157 3496 377 3565 θοῦσαν,
413 3496 568 3563 αὖθις
596 3501 675 3565 είς
700 3502 1005 3575 ἀνάμνησιν
1031 3503 1119 3558 διὰ
1150 3501 1243 3556 τοῦ
1278 3502 1523 3557 τοιούτου
1547 3505 1720 3577 φθαρ-

1822 3341 1920 3395 per
1948 3340 2095 3389 eum,
2122 3324 2219 3395 qui
2249 3324 2434 3378 interit
2464 3336 2530 3378 ac
2556 3320 2697 3387 ﬂuit,
2716 3318 3004 3379 mundum,
3027 3326 3261 3384 quorum
3288 3309 3401 3380 jam

1824 3416 1991 3471 oblita
2041 3425 2159 3471 erat
2209 3415 2535 3470 memoriam
2590 3418 2835 3475 revocet;
2886 3416 2941 3462 et
2980 3421 3046 3460 ex
3090 3419 3156 3460 eo
3203 3415 3404 3472 anceps

1827 3509 2108 3573 reddatur,
2147 3516 2201 3562 et
2230 3506 2351 3577 ejus
2386 3506 2566 3561 anima
2614 3500 2964 3573 perturbetur
3010 3497 3184 3551 instar
3226 3508 3402 3549 exun-

154 3588 242 3643 τοῦ
271 3608 337 3644 τε
369 3591 463 3645 καὶ
496 3592 711 3663 ῥέοντος
739 3594 949 3667 κόσμου
982 3594 1177 3661 ἐλθεῖν,
1202 3589 1277 3649 ὧν
1302 3596 1402 3668 ἤδη
1430 3597 1729 3670 ἐποιήσατο

1837 3601 2073 3656 dantium
2109 3598 2400 3664 ﬂuctuum,
2433 3599 2648 3667 hucque
2677 3603 2731 3651 et
2769 3593 2898 3648 illuc
2930 3589 3269 3646 versantium
3298 3604 3312 3640 :
3342 3592 3403 3640 ut

154 3678 318 3752 λήθην
347 3695 367 3714 ο
395 3681 459 3734 ἐκ
484 3681 676 3735 τούτου
705 3699 765 3736 τε
811 3683 1109 3754 ἀμφίϐολον
1139 3683 1472 3754 καταστῆναι
1501 3684 1597 3738 καὶ
1625 3685 1725 3757 τὴν

1837 3706 1936 3748 nec
1967 3705 2359 3761 nonnunquam
2400 3690 2696 3760 lacryrnam
2748 3684 3026 3747 emittens,
3078 3678 3263 3735 cordis
3309 3690 3404 3746 per

153 3772 328 3843 ψυχὴν
370 3773 799 3845 ἐκταραχθῆναι,
828 3775 985 3847 δίκην
1014 3775 1274 3845 κυμάτων
1296 3776 1722 3846 ἐπικλυξϐντων,

1837 3800 2036 3855 corpus
2071 3784 2552 3854 compunctionem
2584 3778 2875 3845 ostendat;
2906 3775 3002 3833 sed
3043 3781 3098 3829 et
3129 3771 3174 3827 si
3206 3769 3403 3839 exigua

155 3862 241 3915 καὶ
276 3862 409 3935 τῇδε
433 3864 654 3917 κάκεῖσε
679 3865 1177 3936 περιστρεφόντωνο
1215 3865 1292 3930 ὠς
1321 3868 1459 3939 μήτε
1482 3867 1722 3939 δάκρυόν

1837 3877 2039 3947 aliqua,
2077 3886 2139 3932 ut
2186 3883 2271 3933 est
2313 3881 2766 3937 consentaneum,
2826 3870 3066 3940 lacryma
3116 3861 3403 3923 exsilierit,

158 3954 294 4008 ἐστιν
328 3957 421 4009 ὅτε
459 3955 645 4010 λοιπὸν
673 3958 926 4026 ἀφιεῖσαν
954 3957 1051 4028 τὴν
1083 3959 1140 4011 ἐν
1165 3959 1454 4041 τῇικαρδίᾳ
1500 3960 1590 4014 διὰ
1621 3960 1718 4014 τοῦ

1837 3984 1940 4023 non
1970 3969 2144 4040 magis
2174 3975 2394 4038 propter
2423 3962 2870 4020 exercitatorium
2898 3967 3194 4021 certamen,
3237 3965 3401 4023 quam

160 4046 405 4117 σώματος
433 4050 723 4117 κατάνυξιν
769 4050 1138 4115 ἐπιδείξασθαι
1160 4067 1174 4083 ⁸
1206 4052 1323 4108 ἀλλ’
1351 4054 1399 4106 εί
1428 4053 1520 4107 καὶ
1548 4052 1721 4127 βραχύ

1837 4067 2117 4128 propterea
2158 4058 2301 4128 quod
2348 4056 2611 4111 mundum
2656 4062 2711 4109 et
2753 4052 3029 4106 mundana
3069 4047 3401 4116 relinquant,

155 4153 224 4201 τι,
254 4139 332 4204 ὡς
363 4140 528 4212 εἰκὸς,
546 4143 871 4214 ἐκπηδήσειε
904 4142 1153 4216 δάκρυον,
1166 4143 1239 4215 μὴ
1271 4144 1470 4215 μᾶλλον
1504 4146 1607 4217 τῆς
1635 4145 1725 4201 ὸιά

1837 4162 1893 4204 ea
1919 4164 1950 4203 a
1980 4148 2291 4204 videntibus
2320 4146 2645 4217 proﬂuxisse
2670 4153 2917 4216 putetur.

158 4230 240 4282 τὸν
265 4233 567 4302 ἀσκητικὸν
609 4234 793 4305 ἀγῶνα
819 4234 1111 4298 διαθέσεως
1149 4235 1329 4306 χάριν,
1357 4235 1392 4307 ἢ
1438 4236 1527 4293 διὰ
1556 4237 1618 4291 τὸ
1648 4238 1742 4293 τὸν
1776 4238 1979 4308 κόσμον
2006 4239 2103 4294 καὶ
2132 4240 2201 4293 τά
2268 4241 2326 4293 ἐν
2351 4237 2429 4308 τῷ
2461 4236 2649 4307 κόσμῳ
2690 4232 3033 4298 καταλιπεῖν,
3090 4226 3245 4301 παρά
3286 4227 3399 4289 τοῖς

158 4323 319 4393 ὁρῶσι
354 4325 512 4381 τοῦτο
546 4327 805 4399 προελθὸν
832 4328 1170 4401 λογισθῆναι.

588 4422 909 4477 Βασιλείου
953 4422 1150 4477 κανὼν
1208 4430 1297 4495 ιη’.

223 4517 311 4580 ιη’.
344 4510 480 4583 Περὶ
510 4512 620 4567 τῶν
649 4514 992 4571 ἐκπεσουσῶν
1021 4513 1307 4586 παρθένων
1332 4532 1386 4569 κ.
1411 4532 1465 4577 τ,
1494 4515 1545 4571 λ.

222 4602 473 4659 ΚΕΦΑΛ.
507 4603 608 4661 1Δ’.
633 4635 704 4646 -
731 4606 870 4674 Περὶ
894 4607 1178 4677 μοναχῶν
1216 4608 1555 4679 γινομένων
1575 4609 1724 4677 κλη-

155 4696 351 4763 ρικῶν,
376 4696 413 4767 ἣ
445 4697 669 4753 λαϊκῶν
685 4697 1114 4769 ἀξιωματικῶν,
1136 4699 1174 4769 ἢ
1210 4699 1718 4771 στρατευομένων.

503 4881 772 4937 Συνόδου
790 4880 1039 4949 Νικαίας
1058 4881 1261 4937 κανὼν
1283 4881 1369 4953 ιβ’.

224 4970 308 5041 ιβ’.
366 4974 431 5027 Οἱ
485 4973 544 5028 δέ
596 4973 1030 5046 προσκληθέντες
1081 4973 1180 5045 μὲν
1230 4974 1336 5041 ὑπὸ
1398 4979 1498 5049 τῆς
1564 4976 1722 5048 χάρι-

162 5077 271 5128 τος,
304 5082 360 5117 κ.
389 5082 442 5120 τ.
477 5065 528 5123 λ.

429 5153 697 5211 Συνόδου
724 5156 1112 5227 Χαλκηδόνος
1143 5155 1345 5214 κανὼν
1374 5154 1439 5222 ζ’.

221 5239 279 5305 ξ’.
316 5242 456 5308 Τοὺς
482 5242 629 5313 ἅπαξ
654 5246 711 5300 ἐν
731 5246 923 5319 κλήρῳ
951 5248 1339 5320 τεταγμένους,
1375 5266 1427 5303 κ.
1460 5265 1512 5305 τ.
1542 5248 1590 5307 λ.

165 5430 454 5499 Κιιοίλλου
486 5432 555 5488 ἐκ
597 5432 707 5503 τῆς
734 5435 885 5504 πρὸς
928 5432 1072 5500 τοὺς
1102 5433 1325 5502 Λιϐύης
1364 5433 1462 5487 καί
1496 5435 1719 5489 Πενία-

422 5526 649 5592 πόλεως
692 5526 1066 5591 ἐπισκόπους
1092 5524 1446 5594 ἐπιστολῆς.

227 5614 519 5687 Ἐτεροι;δέ
565 5634 709 5682 τινες
748 5617 807 5684 ἐξ
848 5617 1029 5671 αὐτῶν
1059 5617 1170 5671 τῶν
1204 5617 1605 5690 μοναστηρίων,
1644 5616 1721 5681 ὡς

166 5703 374 5763 ἄτακτοι
411 5709 815 5783 ἐκϐαλλόμενοι,
866 5710 1029 5766 πάλιν
1067 5712 1426 5786 ὑποτρέχουσι
1453 5712 1554 5776 τάς
1603 5727 1715 5783 χει-

233 5890 276 5927 ³⁸
315 5890 500 5955 lTim.
536 5908 587 5959 ι’,
619 5891 670 5948 9.
751 5892 795 5924 ⁵³
838 5890 1000 5949 Βυειι.
1034 5907 1157 5947 can.
1192 5894 1279 5947 60.

2353 4420 2546 4477 Basilii
2571 4435 2742 4474 canon
2787 4417 2876 4473 i8.

1897 4520 1985 4577 18.
2026 4519 2105 4575 De
2130 4517 2431 4590 virginibus
2455 4514 2640 4582 lapsis,
2668 4521 2801 4578 etc.,
2829 4520 2888 4564 ut
2908 4525 3027 4580 pag.
3060 4508 3189 4565 858.

1894 4613 2049 4669 CAP.
2085 4612 2175 4666 XI.
2206 4640 2277 4651 -—
2305 4608 2377 4663 De
2424 4605 2700 4661 monachis
2741 4603 2810 4657 ad
2864 4601 3158 4656 clericalem
3203 4606 3402 4653 statum

1825 4705 2241 4769 transeuntibus,
2271 4702 2350 4757 vel
2376 4700 2445 4754 ad
2469 4699 2639 4753 laicas
2670 4696 2982 4767 dignitates,
3027 4691 3104 4746 vel
3134 4690 3203 4745 ad
3252 4687 3399 4742 mili-

1827 4799 1978 4854 tiam.

2208 4882 2438 4941 Concilii
2473 4878 2529 4936 Ν
2533 4878 2682 4934 ὶοιεηί
2711 4892 2880 4932 canon
2910 4876 3001 4930 12.

1896 4982 1983 5036 12.
2025 4979 2130 5047 Qui
2163 4988 2342 5034 autem
2395 4991 2425 5030 a
2457 4972 2633 5046 gratia
2661 4968 2882 5041 quidem
2911 4963 3145 5033 evocati,
3183 4970 3313 5030 etc.,
3346 4971 3402 5015 ut

1820 5092 1941 5147 pag.
1973 5075 2104 5130 751.

2106 5163 2335 5225 Consilii
2360 5158 2806 5217 Chalcedonensis
2837 5168 3011 5209 canon
3050 5148 3104 5205 7.

1893 5258 1946 5312 7.
1982 5255 2090 5322 Eos
2131 5255 2227 5327 qui
2263 5256 2319 5311 in
2349 5255 2496 5312 clero
2526 5252 2694 5309 semel
2729 5245 2966 5306 ordinati
2999 5248 3149 5310 sunt,
3172 5247 3304 5303 etc.,
3339 5244 3401 5292 ut

1824 5346 2105 5417 pag.751.

1824 5436 1986 5509 377
2026 5434 2216 5508 Cyrilli
2260 5449 2326 5491 ea:
2369 5433 2590 5490 eoistola
2634 5430 2705 5485 ad
2743 5428 3012 5497 episwpos
3047 5421 3136 5496 qui
3172 5428 3295 5477 sunt
3346 5420 3404 5476 in

2326 5522 2496 5594 Libya
2531 5530 2580 5576 et
2613 5515 2912 5588 Pentapoli.

1895 5616 2078 5689 Aliqui
2103 5626 2283 5673 autem
2316 5616 2409 5670 alii
2430 5630 2498 5670 ex
2546 5614 2682 5685 ipsis
2708 5609 3079 5674 monasteriis,
3112 5615 3170 5661 ut
3207 5606 3403 5659 immo-

1822 5708 1963 5769 desti
2040 5709 2450 5780 insolentesque
2521 5704 2701 5777 ejecti,
2761 5717 2957 5760 rursus
3028 5696 3400 5758 ordinationes
