3870 6290
622 408 729 476 863

1806 404 2067 471 PHO’I‘II
2122 396 2627 465 PATRIARCHIE
2664 395 2775 459 cp.
3700 399 3777 462 εθι

628 521 866 586 faciant;
898 529 954 576 et
989 518 1115 577 facti
1161 519 1372 586 clerici,
1443 518 1500 573 in
1561 532 1627 575 ea
1682 517 1800 589 ipsa
1863 514 2193 573 monasteria

2303 510 2577 582 ροτονίας’
2606 508 2700 562 κα)⁸
2744 506 3030 576 γενόμενοι
3084 503 3351 575 κληρικοὶ,
3389 503 3681 575 εἰσέρχονται
3704 516 3779 566 καὶ

584 613 1014 685 ’lngrediuntur
1086 628 1153 669 ex
1205 613 1405 683 quibus
1469 610 1626 681 electi
1676 620 1824 675 sunt,
1902 617 1958 665 et
2008 609 2198 663 volunt

625 704 957 762 oblationem
982 719 1141 773 agere
1185 714 1239 759 et
1279 718 1341 756 ea
1372 703 1557 757 omnia
1589 701 1767 757 facere
1817 717 1937 772 qua:
1976 717 2093 756 mos
2116 708 2199 755 est

626 796 863 861 clericis,
898 807 958 849 ut
1003 797 1166 849 etiam
1214 793 1381 864 aliqui
1415 809 1603 848 eorum
1642 794 1735 863 qui
1799 794 1943 864 ipsos
1972 800 2195 858 norunt,

626 904 863 961 synaxes
900 889 1171 955 devitem,
1203 898 1256 945 et
1290 889 1696 945 communicare
1723 889 1777 943 in
1814 889 2056 943 animum
2089 902 2197 942 non

632 980 896 1037 inducant
920 982 1027 1037 illis
1052 982 1507 1038 ministrantibus.

660 1140 673 1153 ο
699 1069 839 1142 Lege
869 1072 1250 1127 annotationes
1278 1088 1398 1144 cap.
1425 1072 1516 1128 52.
1547 1072 1632 1129 tit.
1665 1072 1698 1129 9
1740 1070 2024 1143 praesentis
2065 1084 2198 1141 ope-

628 1156 726 1195 1⁸13.

693 1229 848 1287 CAP.
880 1230 996 1291 XII.
1028 1262 1101 1273 —
1131 1232 1207 1287 De
1261 1234 1329 1288 iis
1385 1235 1476 1305 qui
1528 1243 1794 1302 usurpant
1832 1229 2198 1285 monachalem

624 1319 860 1376 habitum
892 1323 1290 1394 eituperantque
1325 1334 1524 1380 utentes
1555 1334 1690 1379 veste
1725 1325 2015 1378 communi.

954 1506 1179 1563 Coneilii
1209 1506 1531 1577 Gangrensis
1550 1523 1717 1561 canon
1746 1507 1833 1561 l2.

693 1595 781 1653 12.
850 1595 909 1653 Si
963 1600 1085 1669 quis
1145 1599 1231 1654 vir
1281 1608 1504 1668 propter
1557 1613 1678 1651 eam
1731 1610 1855 1667 qua
1915 1593 2201 1649 existima-

626 1696 717 1743 tur
777 1690 1225 1746 exercitationem
1290 1690 1525 1745 amiculo
1579 1689 1770 1752 utitur,
1839 1696 1893 1742 et
1942 1697 2199 1756 tanquam

626 1780 837 1837 habens
920 1797 987 1837 ex
1047 1798 1113 1838 eo
1173 1783 1493 1853 justitiam,
1542 1796 1638 1836 eos
1717 1778 2040 1834 condemnet
2105 1777 2199 1847 qui

2297 604 2356 656 ὲν
2384 602 2565 663 αὐτοῖς
2600 598 2986 669 μοναστηρίοις
3022 596 3146 649 ὅθεν
3176 594 3537 665 ὲκὸέόληνται,
3568 599 3646 651 καὶ
3688 601 3781 670 pars.

2297 689 2485 742 λονται
2512 687 2869 759 προσφέρειν,
2903 686 2998 739 καὶ
3026 684 3125 737 ὅσα
3149 684 3425 752 κληρικοῖς
3449 684 3557 748 ἔθος
3579 688 3782 760 πληροῦν,

2297 779 2589 834 καὶταῦτα
2619 778 2751 848 δρᾷν
2773 793 2787 807 ο
2820 777 2896 839 ὡς
2935 775 3027 829 καί
3054 792 3206 837 τινας
3228 774 3336 827 τῶν
3379 776 3579 829 εἰδότων
3618 781 3783 848 αὐτοὺς,

2297 870 2685 943 παραιτεῖσθαι
2720 870 2816 923 καὶ
2861 868 2959 931 τάς
3010 866 3277 931 συνάξεις,
3330 868 3520 939 καὶμὴ
3564 870 3787 941 ἀνέχεσθαι

2298 966 2574 1019 κοινωνεῖν
2607 961 3066 1034 λειτουργούντων
3093 960 3341 1014 ἐκείνων.

2380 1054 2679 1123 Ἀνάγνωθι
2715 1055 2814 1116 τὰς
2852 1051 3222 1124 παραγραφάς
3250 1049 3345 1105 τοῦ
3373 1049 3453 1123 λβ¹
3504 1068 3617 1121 ne.
3644 1054 3770 1107 τοῦθ’

2297 1148 2403 1202 τίτ.
2434 1146 2530 1200 τοῦ
2562 1146 2826 1215 παρόντος
2865 1144 3265 1215 συντάγματος.

2370 1236 2621 1291 ΚΕΦΑΛ.
2652 1235 2753 1290 IB'.
2789 1267 2859 1278 --
2888 1235 3030 1301 Περὶ
3059 1236 3179 1290 τῶν
3229 1234 3544 1305 χρωμένων
3585 1241 3789 1308 σχήματι

2294 1327 2619 1400 μοναχικῷ,
2648 1329 2746 1382 καὶ
2772 1327 3348 1398 καταψηφιζομένων
3369 1326 3486 1382 τῶν
3508 1329 3660 1398 κοινῇ
3685 1350 3791 1399 md.

2296 1419 2498 1490 μένων
2522 1419 2752 1488 ἐσθῆτι.

2614 1512 2884 1567 Συνόδου
2910 1511 3184 1582 Γὰτγρας
3230 1511 3431 1565 κανὼν
3462 1511 3543 1581 ιβ’.

2372 1605 2461 1675 ιβ’.
2493 1604 2559 1658 El
2580 1622 2661 1668 τις
2691 1604 2837 1675 ἁδρῷ
2862 1604 2949 1657 διά
2969 1604 3331 1676 νομιζομένην
3374 1603 3597 1672 ἄσκησιν
3627 1605 3792 1673 περιδο-

2300 1697 2436 1769 λαῑῳ
2461 1698 2681 1769 χρῆται,
2712 1697 2805 1751 καὶ
2830 1697 2906 1760 ὡς
2944 1696 3010 1750 ἂν
3039 1698 3103 1749 ὲκ
3158 1695 3353 1748 τούτου
3384 1694 3481 1766 τὴν
3525 1695 3795 1767 δικαιοσύνην

2304 1790 2441 1861 ἔχων
2468 1789 2900 1860 καταψηφιζοιτο
2918 1788 3026 1841 τῶν
3054 1787 3191 1857 μετὰ
3216 1785 3501 1846 εὐλαϐείας
3524 1787 3633 1849 τοὺς
3652 1784 3797 1857 βήρσυς

626 1888 750 1928 cum
802 1872 998 1941 pietate
1055 1874 1169 1945 (27)
1253 1876 1410 1930 beros
1462 1873 1685 1939 ferunt,
1738 1879 1793 1927 et
1880 1872 1983 1925 alia
2052 1884 2202 1926 com-

2307 1880 2637 1951 φορούντων,
2671 1880 2765 1933 καὶ
2794 1882 2859 1950 τῇ
2882 1878 3014 1949 ἄλλῃ
3042 1880 3192 1947 κοινῇ
3226 1876 3322 1929 καὶ
3355 1876 3412 1928 ὲν
3457 1875 3683 1949 συνηθείᾳ
3706 1876 3800 1949 οὔπη
3828 1948 3835 1963 ε

627 1965 781 2020 muni
833 1976 889 2022 et
950 1974 1210 2023 consueta
1270 1977 1418 2023 veste
1457 1975 1718 2031 utuntur,
1764 1965 1836 2021 sit
1889 1965 2197 2019 anathema.

700 2056 921 2117 Τίτιος.
964 2059 1173 2115 Dicitur
1200 2058 1294 2113 lib.
1326 2075 1371 2122 ι,
1404 2059 1485 2113 tit.
1530 2058 1587 2125 4,
1633 2058 1856 2115 constit.
1896 2057 1931 2111 4
1963 2074 1978 2111 :
2016 2054 2201 2121 Mimi,

627 2158 685 2207 et
721 2166 842 2221 qua:
865 2166 1099 2222 corpore
1123 2150 1337 2222 publica
1358 2158 1625 2220 quastum
1652 2149 1878 2212 faciunt,
1906 2147 2094 2203 habitu
2122 2159 2204 2201 sa-

626 2247 905 2296 cratarum
937 2241 1211 2312 virginum
1238 2257 1306 2295 ne
1339 2250 1581 2296 utantor.
1617 2239 1682 2294 Et
1712 2238 1933 2295 constit.
1963 2238 2019 2303 2,
2053 2237 2138 2292 tit.
2172 2237 2196 2290 1

627 2330 973 2388 Novellarum
1004 2333 1080 2389 ait
1109 2351 1125 2390 :
1157 2332 1325 2388 Nemo
1360 2333 1557 2399 laicus,
1590 2333 1814 2388 minime
1838 2346 1967 2387 vero
2000 2329 2203 2385 scenici

625 2432 681 2480 et
722 2426 1273 2493 meretrices,‘habitu
1320 2429 1624 2483 monastico
1670 2427 1857 2490 utitor,
1896 2422 2069 2498 [eum]
2114 2423 2199 2479 vel

627 2516 891 2573 imitator.
926 2519 1143 2590 Alioqui
1187 2529 1244 2576 et
1282 2520 1550 2591 corporali
1584 2533 1745 2591 paena
1777 2516 1993 2583 feritur,
2022 2526 2077 2572 et
2102 2530 2199 2571 ex-

627 2610 975 2665 terminatur.

694 2701 862 2773 378
886 2702 1049 2761 CAP.
1072 2704 1210 2761 Xlll.
1238 2734 1308 2746 --
1328 2704 1404 2759 De
1430 2704 1646 2758 muliere
1667 2716 1784 2774 qua:
1811 2701 2052 2757 asceticw
2080 2698 2202 2756 vita:

625 2809 792 2848 causa
816 2805 953 2849 veste
976 2796 1120 2850 virili
1146 2796 1405 2850 induitur.

961 2886 1194 2943 Concilii
1231 2887 1558 2959 Gangrcnsis
1590 2903 1758 2942 canon
1794 2886 1880 2941 l3.

701 2977 789 3034 15.
860 2978 917 3034 Si
961 2995 1069 3051 qua
1123 2980 1323 3035 mulier
1378 2987 1597 3050 propter
1644 2994 1801 3044 eam,
1848 2992 1970 3049 qua:
2017 2976 2207 3033 existi-

626 3080 829 3138 matur,
870 3071 1345 3139 exercitationem,
1375 3081 1433 3127 et
1484 3081 1687 3127 vestem
1744 3079 1962 3138 mutet,
2000 3079 2056 3126 et
2103 3085 2203 3140 pro

2302 1972 2492 2043 ὲσθῆτι
2520 1972 2894 2044 κεχρημένων,
2931 1970 3177 2039 ἀνάθεμα
3208 1968 3372 2021 ἔστω.

2370 2065 2598 2135 Εἴρηται
2631 2063 2771 2134 βιόλ.
2800 2070 2869 2127 α’,
2895 2064 3003 2116 τίτ.
3032 2063 3096 2127 δ’,
3126 2062 3267 2116 διάτ.
3302 2060 3480 2127 δ’,ὅτι,
3502 2059 3562 2113 Oi
3592 2061 3803 2130 μῖμοικσὶ

2300 2158 2357 2209 αι
2390 2155 2557 2226 πόρον
2604 2156 2669 2209 in
2706 2154 2799 2208 τοῦ
2842 2154 3089 2225 σώματος
3126 2151 3368 2223 δημοσία
3414 2150 3721 2220 ποιούμεναι,
3750 2152 3802 2222 τῷ

2306 2248 2548 2317 σχήματι
2598 2245 2708 2299 τῶν
2754 2245 2916 2315 ιερῶν
2970 2244 3257 2315 παρθένων
3308 2242 3386 2313 μὴ
3431 2242 3801 2313 κεχρήσθωσαν·

2302 2340 2398 2393 καὶ
2423 2341 2457 2411 ἡ
2491 2338 2533 2410 β’
2587 2338 2726 2394 διάτ.
2764 2337 2861 2392 τοῦ
2890 2335 2941 2391 α’
2970 2337 3076 2391 τιτ.
3100 2335 3209 2389 τῶν
3249 2335 3483 2405 Μαρῶν
3512 2350 3658 2403 φησιν
3688 2351 3698 2364 ·
3722 2336 3808 2404 Ma.

2302 2430 2414 2493 δεὶς
2444 2429 2629 2492 λαῖκδς
2661 2428 2757 2483 καὶ⁵
2792 2428 3027 2499 μάλιστα
3074 2427 3124 2480 οῑ
3170 2424 3426 2497 σκηνικοὶ
3454 2425 3546 2479 καὶ
3588 2426 3638 2477 al
3666 2424 3807 2495 πόρναι

2305 2521 2597 2593 κεχρήσθω
2623 2520 2701 2591 τῷ
2732 2518 3009 2590 μοναχικῷ
3037 2518 3295 2589 σχήματι,
3332 2516 3460 2569 ἐπεὶ
3500 2517 3590 2570 καὶ
3626 2532 3809 2585 σωματι-

2305 2614 2417 2678 κῶς
2450 2616 2770 2685 τιμωρεῖται
2799 2614 2895 2668 καὶ
2923 2612 3244 2683 ὲξορίζεται.

2377 2707 2626 2760 ΚΕΦΑΛ.
2656 2704 2752 2760 lI".
2789 2735 2861 2748 -—
2898 2704 3037 2774 Περὶ
3066 2704 3360 2774 γυναικὸς
3383 2702 3459 2757 δι’
3479 2701 3715 2770 ἄσκησιν
3734 2716 3809 2768 φο·

2298 2800 2535 2869 ρούσης
2564 2797 2821 2867 ἀνδρῷα-

2621 2888 2892 2944 Συνόδου
2920 2887 3195 2959 Γάγγρας
3218 2887 3427 2942 κανὼν
3468 2885 3557 2955 ιγ’.

2378 2980 2466 3051 ιγ’.
2499 2982 2565 3036 El
2581 2999 2666 3046 τις
2686 2982 2824 3051 γυνὴ
2850 2982 2937 3036 διά
2971 2981 3335 3052 νομιζομένην
3356 2980 3607 3051 ἄσκησιν,
3632 2977 3813 3049 μεταϐά-

2306 3073 2387 3128 λοι
2420 3072 2480 3127 τὸ
2509 3072 2830 3145 ἀμφίασμα,
2867 3074 2962 3127 καὶ
2994 3073 3116 3127 ἀντὶ
3147 3072 3243 3127 τοῦ
3275 3071 3533 3136 εἰωθότος
3565 3068 3812 3140 γυναικείου

627 3172 895 3220 consueto
948 3164 1205 3222 muliebri
1240 3166 1560 3222 indumento
1606 3164 1768 3220 virile
1798 3161 2083 3236 accipiat,
2134 3162 2202 3219 sit

2307 3165 2713 3238 ἀμφιάσματος,
2742 3164 2989 3237 ἀνδρῷον
3012 3164 3299 3233 ἀναλάϐοι,
3326 3163 3577 3235 ἀνάθεμα
3611 3162 3743 3215 ἔστω.

630 3254 942 3312 anathema.

694 3345 846 3402 CAP.
899 3345 1030 3405 XIV.
1073 3375 1145 3388 -—
1191 3346 1276 3404 Ne
1323 3347 1567 3405 mulieres
1605 3346 1846 3404 asceticz
1888 3347 2008 3403 vita
2042 3362 2207 3403 causa

628 3438 967 3495 tenduntur.

964 3529 1190 3586 Concilii
1242 3530 1559 3603 Gangrcnsis
1590 3547 1761 3587 canon
1802 3531 1891 3587 17.

698 3623 786 3679 Π.
851 3621 910 3678 Si
959 3638 1066 3694 qua
1123 3624 1344 3689 mulier,
1409 3632 1633 3693 propter
1689 3639 1809 3679 eam
1873 3638 1994 3694 qua:
2023 3621 2210 3678 existi-

628 3725 830 3781 matur,
900 3715 1159 3785 pietatem
1192 3755 1209 3781 ,
1263 3716 1489 3771 tondeat
1557 3732 1793 3781 comam,
1848 3731 2013 3786 quam
2064 3714 2209 3770 Deus

622 3804 675 3862 ei
729 3806 879 3861 dedit
957 3806 1025 3861 ad
1079 3807 1509 3863 recordationem
1568 3807 1961 3878 subiectionis,
1991 3816 2051 3862 ut
2086 3822 2207 3877 quae

626 3896 988 3968 subiectionis
1046 3908 1382 3969 praeceptum
1432 3899 1715 3964 dissolvat,
1765 3900 1837 3954 sit
1890 3899 2201 3954 anathema.

622 3989 778 4045 CAP.
808 3989 930 4046 XV.
966 3990 1117 4046 —De
1138 4008 1199 4046 eo
1228 3994 1319 4062 qui
1360 3994 1603 4047 asceticw
1627 3994 1748 4048 vita:
1803 3992 2036 4059 obtentu,
2064 3987 2205 4056 ﬁlios

1086 4063 1164 4116 vel
1209 4073 1451 4132 parentes
1494 4080 1597 4118 non
1656 4063 1777 4117 alit.

693 4151 920 4209 Concilii
967 4152 1288 4226 Gangrensis
1314 4171 1485 4210 canon
1512 4154 1714 4217 15,16.

729 4241 819 4298 15.
880 4241 941 4298 Si
993 4244 1117 4311 quis
1178 4259 1312 4300 suos
1369 4245 1571 4300 liberos
1622 4244 1905 4314 relinquit,
1955 4258 2058 4299 nec
2104 4259 2200 4299 eos

625 4334 746 4401 alit,
780 4350 903 4404 nec,
933 4345 1199 4407 quantum
1237 4337 1292 4392 in
1322 4352 1382 4394 se
1403 4348 1508 4405 est,
1546 4339 1614 4394 ad
1645 4338 2056 4394 convenientem
2081 4337 2196 4410 pie-

624 4437 791 4485 tatem
839 4428 1273 4501 religionemque
1327 4429 1570 4497 adducit,
1624 4432 1720 4487 sed
1797 4430 2207 4489 exercitationis

621 4530 884 4594 pratum
932 4522 1173 4594 negligit,
1201 4522 1275 4580 sit
1336 4524 1654 4580 anathema.

729 4612 824 4670 16.
874 4612 933 4668 Si
991 4614 1085 4684 qui
1138 4615 1233 4671 ﬁlii
1273 4631 1305 4671 a
1362 4617 1683 4687 parentibus
1716 4657 1733 4684 ,
1793 4614 2032 4677 maxime
2082 4615 2208 4671 (lde-

621 4702 767 4762 libus
795 4742 813 4770 ,
874 4711 1140 4776 praetextu
1201 4707 1425 4778 pietatis
1479 4709 1834 4775 recesserint,
1889 4716 1943 4763 et
1974 4706 2209 4778 parenti-

621 4796 731 4854 bus
789 4812 954 4868 quem
997 4812 1095 4869 par
1136 4806 1221 4854 est
1278 4800 1540 4856 honorem
1578 4816 1684 4856 non
1719 4800 2030 4863 tribuerint,
2059 4800 2203 4869 apud

621 4904 721 4946 eos
762 4889 974 4947 scilicet
1031 4891 1321 4962 praeposita
1360 4893 1417 4947 in
1465 4891 1631 4947 Deum
1656 4891 1881 4962 pietate,
1932 4890 2045 4945 sint
2077 4904 2204 4945 ana-

623 4982 833 5037 thema.

692 5073 861 5147 379
886 5072 1043 5132 CAP.
1074 5072 1216 5130 XVI.
1243 5104 1314 5117 —
1340 5074 1613 5142 Quasnam
1652 5074 1795 5128 civili
1824 5075 2028 5145 negotio
2050 5089 2208 5129 curas

623 5165 893 5220 monachis
923 5173 1158 5220 tractare
1188 5164 1367 5221 liceat.

929 5250 1159 5307 Concilii
1182 5251 1630 5309 Chalcedonensis
1665 5269 1835 5308 canon
1862 5255 1918 5309 5.

692 5340 751 5397 5.
780 5339 1039 5399 Pervenit
1069 5344 1137 5399 ad
1162 5354 1409 5400 sanctam
1436 5345 1705 5416 synodum
1744 5355 1797 5399 et
1844 5342 1989 5414 quod
2011 5358 2203 5399 eorum

623 5433 719 5505 qui
744 5432 799 5489 in
829 5434 1037 5490 clerum
1084 5436 1322 5506 cooptati
1352 5442 1503 5502 sunt,
1530 5444 1660 5501 etc.,
1692 5447 1747 5489 ut
1772 5450 1897 5505 pag.
1928 5433 2058 5489 685.

697 5524 843 5599 Lege
890 5528 1277 5587 adnotationes
1309 5543 1434 5601 cap.
1466 5528 1524 5599 5,
1548 5528 1631 5586 tit.
1663 5527 1698 5586 8
1744 5526 2031 5600 praesentis
2076 5540 2207 5598 0pc-

618 5633 727 5677 ιιι.

2378 3328 2630 3385 ΚΕΦΑΛ.
2674 3329 2770 3385 1Δ“.
2797 3355 2863 3367 -
2891 3327 3031 3397 Περὶ
3056 3326 3166 3382 τοῦ
3186 3327 3275 3398 μὴ
3328 3324 3552 3396 χρῆναι
3593 3322 3817 3395 γυναῖκα(

2308 3421 2731 3491 ἀποκείρεσθαι
2759 3418 2836 3473 δι’
2864 3419 3156 3487 ἄσκησιν.

2640 3510 2911 3565 Συνόόου
2934 3510 3211 3581 Parmae
3236 3510 3443 3565 κανὼν
3466 3506 3551 3573 ιζ’.

2384 3603 2468 3670 ιζ’.
2498 3604 2567 3658 El
2591 3621 2676 3668 τις
2707 3603 2986 3673 γυναικῶν
3036 3602 3126 3657 διά
3167 3601 3539 3673 νομιζομένην
3575 3598 3819 3653 θεοσέϐειαν

2309 3694 2656 3767 ἀπογιιροιτο
2680 3693 2780 3757 τάς
2802 3692 2978 3763 κόμας
3003 3692 3069 3756 ἀς
3091 3692 3290 3746 ἔδωκεν
3309 3692 3339 3743 ὁ
3372 3691 3505 3754 Θεὸς
3530 3692 3603 3751 εἰς
3630 3688 3817 3755 ὑπόμνη-

2310 3804 2393 3839 σιν
2430 3785 2529 3855 τῆς
2554 3784 2853 3855 ὑποταγῆς,
2884 3784 2959 3848 ὡς
2989 3784 3054 3838 ἂν
3077 3782 3437 3854 παραλύουσα
3460 3781 3519 3834 τὸ
3551 3782 3817 3853 πρόσταγμα

2306 3880 2405 3949 τῆς
2432 3879 2734 3949 ὑποταγῆς,
2773 3876 3026 3947 ἀνάθεμα
3058 3876 3214 3929 ἔστω.

2375 3970 2623 4024 ΚΕΦΑΛ.
2663 3966 2768 4023 IE'.
2806 3996 2877 4009 —-
2904 3968 3045 4036 Περὶ
3078 3968 3184 4023 τοῦ
3229 3966 3534 4037 προφάσει
3569 3963 3823 4033 ἀσκήσεως

2302 4061 2386 4133 μὴ
2416 4060 2963 4131 τεκνοτροφοῦντος
2994 4060 3032 4128 ἢ
3063 4059 3640 4129 πατροτροφοῦντος.

2525 4151 2799 4207 Συνόδου
2829 4150 3105 4221 Ptin-par;
3160 4148 3364 4203 κανὼν
3405 4145 3491 4213 ιε’,
3526 4152 3621 4211 ις’.

2381 4245 2462 4302 ιε’.
2488 4247 2556 4302 Et
2575 4263 2661 4310 τις
2693 4244 3095 4313 καταλιμπάνει
3122 4242 3191 4295 τὰ
3226 4240 3425 4295 ἑαυτοῦ
3451 4240 3637 4304 τέκνα,
3670 4235 3745 4288 καὶ
3771 4231 3823 4301 μὴ

2305 4334 2719 4408 τεκνοτροφοίη,
2741 4335 2837 4387 καὶ
2865 4333 2927 4386 τὸ
2959 4332 3082 4385 ὅσον
3112 4331 3199 4383 ἐπ’
3230 4328 3382 4399 αὐτῴ
3426 4325 3562 4398 πρὸς
3584 4320 3827 4378 θεοσέϐειαν

2307 4431 2409 4501 τὴν
2462 4430 2846 4501 προσήκουσαν
2909 4424 3199 4494 ἀναγάγοι,
3257 4423 3398 4477 ἀλλά
3464 4418 3714 4493 προφάσει
3755 4412 3825 4481 τῆς

2317 4523 2610 4593 ἀσκήσεως
2642 4520 2894 4591 ἀμελοίη,
2923 4518 3171 4588 ἀνάθεμα
3198 4516 3361 4574 ἔστω.

2389 4612 2483 4681 ις’.
2514 4614 2580 4668 Ei
2609 4630 2732 4667 τινα
2759 4612 2925 4666 τέκνα
2954 4611 3178 4679 γονέων,
3219 4608 3459 4680 μάλιστα
3490 4603 3700 4668 πιστῶν,
3724 4600 3821 4652 ἀνα·

2309 4703 2514 4775 χωροίη
2540 4701 2811 4773 προφάσει
2846 4700 3179 4765 θεοσεϐείας,
3210 4698 3307 4752 καὶ
3361 4698 3439 4769 μὴ
3482 4697 3580 4767 τὴν
3606 4691 3824 4763 καθήκου-

2310 4813 2410 4851 σαν
2465 4796 2633 4867 τιμὴν
2676 4796 2790 4857 τοῖς
2847 4792 3097 4862 γονεῦσιν
3141 4791 3431 4861 ἀπονέμοι,
3470 4783 3826 4861 προτιμωμένης

2305 4885 2439 4957 παρ’
2468 4886 2649 4948 αὐτοῖς
2674 4883 2919 4955 δηλονότι
2950 4882 3048 4953 τῆς
3067 4880 3408 4946 θεοσεϐείας,
3438 4878 3675 4948 ἀνάθεμα
3697 4872 3820 4926 εστω.

2386 5068 2649 5124 ΚΕΦΑΛ.
2692 5064 2807 5133 ΙΕΓ.
2864 5096 2932 5109 -
2970 5063 3119 5119 Ποῖα
3169 5059 3451 5117 πολιτικὰ
3502 5046 3823 5129 πράγματαῆ

2310 5160 2672 5230 κηδεμονίας
2700 5161 2753 5213 οι
2777 5156 3034 5226 μοναχοὶ
3062 5156 3352 5209 δύνανται
3367 5149 3651 5223 μετιέναι.

2616 5251 2885 5307 Συνόὸου
2904 5247 3289 5317 Χαλκηδόνος
3308 5246 3512 5301 κανὼν
3531 5240 3581 5313 γ’
3587 5284 3600 5298 .

2382 5344 2453 5415 γ’·
2501 5340 2708 5400 Ἦλθεν
2747 5345 2833 5407 εἰς
2865 5344 2966 5414 τὴν
3021 5341 3185 5410 ἁγίαν
3244 5339 3483 5406 σύνοδον,
3540 5338 3619 5391 ότι
3649 5330 3741 5386 τῶν
3783 5326 3824 5377 ἐν

2311 5432 2499 5504 κλήρῳ
2526 5430 2965 5501 κατειλεγμένων
2996 5429 3163 5494 τινὲς,
3194 5445 3250 5483 κ.
3286 5445 3339 5482 τ.
3370 5428 3425 5482 λ.

2397 5500 2696 5595 ’Ᾰνάγνωθι
2755 5500 2855 5587 τάς
2901 5522 3273 5596 παραγραφὰς
3316 5519 3408 5576 τοῦ
3439 5516 3491 5589 γ’
3534 5531 3653 5587 κεφ.
3694 5500 3826 5573 ὀἷαί

2313 5619 2423 5676 τιτ.
2446 5618 2542 5675 τοῦ
2578 5617 2846 5691 παρόντος
2896 5619 3291 5691 συντάγματος.

716 5776 833 5849 (37)
862 5776 1023 5832 Bm:
1062 5778 1275 5838 Videtur
1334 5779 1625 5839 Balsamon
1676 5776 1964 5854 episcopus
2024 5774 2417 5843 Antiochenus,
2465 5775 2614 5833 hunc
2676 5775 2856 5835 locum
2903 5774 3288 5846 interpretans,
3341 5781 3538 5828 vocare
3586 5770 3811 5820 vestese!

635 5863 814 5907 serico
843 5855 1145 5907 contextu.
1230 5862 1233 5865 ‘

1498 5958 1711 5970 ,,-.——.-.-»
1732 5966 1735 5969 .
1757 5962 1897 5974 ναις-.

2386 5969 2458 5979 ναις.
