  <div class='ocr_page' id='page_1' title='image "/cluster/home/n/w/nwhite01/storage/ocr_20150623/104/hvd.32044018872853/438.png"; bbox 0 0 3980 6396; ppageno 0'>
   <div class='ocr_carea' id='block_1_1' title="bbox 112 340 1642 428">
    <p class='ocr_par' dir='ltr' id='par_1_1' title="bbox 112 343 1641 428">
     <span class='ocr_line' id='line_1_1' title="bbox 112 343 1641 428; baseline -0.005 -14"><span class='ocrx_word' id='word_1_1' title='bbox 112 361 191 428; x_wconf 72' lang='grc'><strong>866</strong></span> <span class='ocrx_word' id='word_1_2' title='bbox 834 346 1235 412; x_wconf 79' lang='lat' dir='ltr'><strong>SYNTAGMA</strong></span> <span class='ocrx_word' id='word_1_3' title='bbox 1270 343 1641 411; x_wconf 84' lang='lat' dir='ltr'><strong>CANONUM</strong></span> 
     </span>
    </p>
   </div>
   <div class='ocr_carea' id='block_1_2' title="bbox 1730 340 2411 428">
    <p class='ocr_par' dir='ltr' id='par_1_2' title="bbox 1730 340 2411 419">
     <span class='ocr_line' id='line_1_2' title="bbox 1730 340 2411 419; baseline -0.001 -13"><span class='ocrx_word' id='word_1_4' title='bbox 1730 343 1931 407; x_wconf 85' lang='lat' dir='ltr'><strong>-TIT.</strong></span> <span class='ocrx_word' id='word_1_5' title='bbox 1968 341 2115 419; x_wconf 82' lang='lat' dir='ltr'><strong>XII,</strong></span> <span class='ocrx_word' id='word_1_6' title='bbox 2157 340 2316 405; x_wconf 77' lang='lat' dir='ltr'><strong>CAP.</strong></span> <span class='ocrx_word' id='word_1_7' title='bbox 2356 341 2411 405; x_wconf 88' lang='grc' dir='ltr'><strong>Ῑ.</strong></span> 
     </span>
    </p>
   </div>
   <div class='ocr_carea' id='block_1_3' title="bbox 130 578 3266 617">
    <p class='ocr_par' dir='ltr' id='par_1_3' title="bbox 130 578 3266 617">
     <span class='ocr_line' id='line_1_3' title="bbox 130 578 3266 617; baseline 0.002 -8"><span class='ocrx_word' id='word_1_8' title='bbox 130 578 3266 617; x_wconf 85' lang='grc'><strong>....-...---------------------------</strong></span> 
     </span>
    </p>
   </div>
   <div class='ocr_carea' id='block_1_4' title="bbox 1428 710 2054 813">
    <p class='ocr_par' dir='ltr' id='par_1_4' title="bbox 1428 710 2054 813">
     <span class='ocr_line' id='line_1_4' title="bbox 1428 710 2054 813; baseline -0.019 -2"><span class='ocrx_word' id='word_1_9' title='bbox 1428 723 1828 813; x_wconf 87' lang='grc' dir='ltr'><strong>ΓΓΙΤΛΟΣ</strong></span> <span class='ocrx_word' id='word_1_10' title='bbox 1906 710 2054 807; x_wconf 84' lang='grc' dir='ltr'><strong>ΙΒ’.</strong></span> 
     </span>
    </p>
   </div>
   <div class='ocr_carea' id='block_1_5' title="bbox 919 902 2463 975">
    <p class='ocr_par' dir='ltr' id='par_1_5' title="bbox 919 902 2463 975">
     <span class='ocr_line' id='line_1_5' title="bbox 919 902 2463 975; baseline -0.003 -11"><span class='ocrx_word' id='word_1_11' title='bbox 919 908 1080 964; x_wconf 81' lang='grc' dir='ltr'><strong>ΠΕΡΙ</strong></span> <span class='ocrx_word' id='word_1_12' title='bbox 1130 907 1529 974; x_wconf 82' lang='grc' dir='ltr'><strong>ΔΙΡΕΤΙΚΩΝ,</strong></span> <span class='ocrx_word' id='word_1_13' title='bbox 1569 903 1912 975; x_wconf 78' lang='grc' dir='ltr'><strong>ΙΟΥΔΑΙΩΝ,</strong></span> <span class='ocrx_word' id='word_1_14' title='bbox 1952 905 2074 960; x_wconf 80' lang='grc' dir='ltr'><strong>ΚΑΙ</strong></span> <span class='ocrx_word' id='word_1_15' title='bbox 2112 902 2463 959; x_wconf 83' lang='grc' dir='ltr'><strong>ΕΛΛΗΝΩΝ.</strong></span> 
     </span>
    </p>
   </div>
   <div class='ocr_carea' id='block_1_6' title="bbox 1312 1186 2032 1264">
    <p class='ocr_par' dir='ltr' id='par_1_6' title="bbox 1312 1186 2032 1264">
     <span class='ocr_line' id='line_1_6' title="bbox 1312 1186 2032 1264; baseline 0.003 -2"><span class='ocrx_word' id='word_1_16' title='bbox 1312 1186 1775 1264; x_wconf 86' lang='lat' dir='ltr'><strong>TITULUS</strong></span> <span class='ocrx_word' id='word_1_17' title='bbox 1848 1186 2032 1264; x_wconf 81' lang='grc' dir='ltr'><strong>ΧΠ.</strong></span> 
     </span>
    </p>
   </div>
   <div class='ocr_carea' id='block_1_7' title="bbox 1123 1340 2276 1409">
    <p class='ocr_par' dir='ltr' id='par_1_7' title="bbox 1123 1340 2276 1409">
     <span class='ocr_line' id='line_1_7' title="bbox 1123 1340 2276 1409; baseline 0.002 -12"><span class='ocrx_word' id='word_1_18' title='bbox 1123 1342 1211 1397; x_wconf 88' lang='lat' dir='ltr'><strong>DE</strong></span> <span class='ocrx_word' id='word_1_19' title='bbox 1246 1340 1635 1399; x_wconf 65' lang='lat' dir='ltr'><strong>HAERETICIS</strong></span> <span class='ocrx_word' id='word_1_20' title='bbox 1671 1341 1904 1409; x_wconf 89' lang='lat' dir='ltr'><strong>ATQUE</strong></span> <span class='ocrx_word' id='word_1_21' title='bbox 1938 1340 2276 1399; x_wconf 84' lang='lat' dir='ltr'><strong>ETllNlClS.</strong></span> 
     </span>
    </p>
   </div>
   <div class='ocr_carea' id='block_1_8' title="bbox 162 1492 1642 1570">
    <p class='ocr_par' dir='ltr' id='par_1_8' title="bbox 162 1492 1642 1565">
     <span class='ocr_line' id='line_1_8' title="bbox 162 1492 1642 1565; baseline -0.005 -11"><span class='ocrx_word' id='word_1_22' title='bbox 162 1495 376 1554; x_wconf 75' lang='grc' dir='ltr'><strong>ΚΕΦΔΛ.</strong></span> <span class='ocrx_word' id='word_1_23' title='bbox 399 1492 474 1551; x_wconf 82' lang='lat' dir='ltr'><strong>A&#39;.</strong></span> <span class='ocrx_word' id='word_1_24' title='bbox 493 1524 564 1536; x_wconf 89' lang='lat'><strong>——</strong></span> <span class='ocrx_word' id='word_1_25' title='bbox 589 1497 648 1551; x_wconf 82' lang='grc' dir='ltr'>Τί</span> <span class='ocrx_word' id='word_1_26' title='bbox 678 1496 848 1550; x_wconf 78' lang='grc' dir='ltr'>ἐστιν</span> <span class='ocrx_word' id='word_1_27' title='bbox 873 1493 1104 1564; x_wconf 73' lang='grc' dir='ltr'>αἵρεσις</span> <span class='ocrx_word' id='word_1_28' title='bbox 1133 1494 1230 1548; x_wconf 77' lang='grc' dir='ltr'>καὶ</span> <span class='ocrx_word' id='word_1_29' title='bbox 1265 1495 1326 1547; x_wconf 79' lang='grc' dir='ltr'><strong>τί</strong></span> <span class='ocrx_word' id='word_1_30' title='bbox 1350 1494 1604 1565; x_wconf 83' lang='grc' dir='ltr'><strong>σχίσμα,</strong></span> <span class='ocrx_word' id='word_1_31' title='bbox 1635 1544 1642 1556; x_wconf 33' lang='grc' dir='ltr'><em>Α</em></span> 
     </span>
    </p>
   </div>
   <div class='ocr_carea' id='block_1_9' title="bbox 1730 1492 3285 1570">
    <p class='ocr_par' dir='ltr' id='par_1_9' title="bbox 1780 1494 3285 1570">
     <span class='ocr_line' id='line_1_9' title="bbox 1780 1494 3285 1570; baseline 0.001 -18"><span class='ocrx_word' id='word_1_32' title='bbox 1780 1495 2005 1552; x_wconf 81' lang='lat' dir='ltr'><strong>CAPUT</strong></span> <span class='ocrx_word' id='word_1_33' title='bbox 2044 1497 2084 1550; x_wconf 85' lang='grc'><strong>1.</strong></span> <span class='ocrx_word' id='word_1_34' title='bbox 2111 1527 2180 1537; x_wconf 96' lang='grc'><strong><em>-</em></strong></span> <span class='ocrx_word' id='word_1_35' title='bbox 2202 1494 2342 1560; x_wconf 84' lang='lat' dir='ltr'><strong>Quid</strong></span> <span class='ocrx_word' id='word_1_36' title='bbox 2367 1495 2435 1549; x_wconf 79' lang='lat' dir='ltr'><strong>sit</strong></span> <span class='ocrx_word' id='word_1_37' title='bbox 2464 1495 2839 1567; x_wconf 74' lang='lat' dir='ltr'><strong>hwresis,quid</strong></span> <span class='ocrx_word' id='word_1_38' title='bbox 2868 1498 3121 1567; x_wconf 78' lang='lat' dir='ltr'><strong>schisma,</strong></span> <span class='ocrx_word' id='word_1_39' title='bbox 3158 1498 3285 1570; x_wconf 82' lang='lat' dir='ltr'><strong>quid</strong></span> 
     </span>
    </p>
   </div>
   <div class='ocr_carea' id='block_1_10' title="bbox 112 1585 772 1654">
    <p class='ocr_par' dir='ltr' id='par_1_10' title="bbox 112 1585 772 1654">
     <span class='ocr_line' id='line_1_10' title="bbox 112 1585 772 1654; baseline 0 -14"><span class='ocrx_word' id='word_1_40' title='bbox 112 1587 186 1640; x_wconf 82' lang='grc' dir='ltr'><strong>καί</strong></span> <span class='ocrx_word' id='word_1_41' title='bbox 215 1587 263 1640; x_wconf 82' lang='grc' dir='ltr'><strong>τί</strong></span> <span class='ocrx_word' id='word_1_42' title='bbox 285 1585 772 1654; x_wconf 73' lang='grc' dir='ltr'>παρασυναγωγὴ.</span> 
     </span>
    </p>
   </div>
   <div class='ocr_carea' id='block_1_11' title="bbox 509 1672 1158 1730">
    <p class='ocr_par' dir='ltr' id='par_1_11' title="bbox 509 1672 1158 1730">
     <span class='ocr_line' id='line_1_11' title="bbox 509 1672 1158 1730; baseline 0.003 -2"><span class='ocrx_word' id='word_1_43' title='bbox 509 1677 830 1730; x_wconf 79' lang='grc' dir='ltr'>Βασιλείου</span> <span class='ocrx_word' id='word_1_44' title='bbox 853 1675 1053 1730; x_wconf 81' lang='grc' dir='ltr'>κανὼν</span> <span class='ocrx_word' id='word_1_45' title='bbox 1090 1672 1158 1730; x_wconf 84' lang='grc' dir='ltr'><strong>α’.</strong></span> 
     </span>
    </p>
   </div>
   <div class='ocr_carea' id='block_1_12' title="bbox 161 1761 1618 1837">
    <p class='ocr_par' dir='ltr' id='par_1_12' title="bbox 161 1761 1618 1837">
     <span class='ocr_line' id='line_1_12' title="bbox 161 1761 1618 1837; baseline -0.003 -16"><span class='ocrx_word' id='word_1_46' title='bbox 161 1773 215 1821; x_wconf 81' lang='grc' dir='ltr'><strong>α’.</strong></span> <span class='ocrx_word' id='word_1_47' title='bbox 247 1766 311 1819; x_wconf 82' lang='grc' dir='ltr'><strong>Τὸ</strong></span> <span class='ocrx_word' id='word_1_48' title='bbox 339 1765 431 1835; x_wconf 80' lang='grc' dir='ltr'>μὲν</span> <span class='ocrx_word' id='word_1_49' title='bbox 460 1764 552 1819; x_wconf 79' lang='grc' dir='ltr'><strong>οὖν</strong></span> <span class='ocrx_word' id='word_1_50' title='bbox 591 1767 719 1837; x_wconf 74' lang='grc' dir='ltr'>περὶ</span> <span class='ocrx_word' id='word_1_51' title='bbox 770 1768 894 1830; x_wconf 70' lang='grc' dir='ltr'>τοὺς</span> <span class='ocrx_word' id='word_1_52' title='bbox 933 1765 1222 1836; x_wconf 78' lang='grc' dir='ltr'><strong>Καθαροὺς</strong></span> <span class='ocrx_word' id='word_1_53' title='bbox 1254 1761 1493 1834; x_wconf 78' lang='grc' dir='ltr'>ζήτημα,</span> <span class='ocrx_word' id='word_1_54' title='bbox 1527 1765 1618 1817; x_wconf 67' lang='grc' dir='ltr'><strong>καὶ</strong></span> 
     </span>
    </p>
   </div>
   <div class='ocr_carea' id='block_1_13' title="bbox 113 1852 1617 1927">
    <p class='ocr_par' dir='ltr' id='par_1_13' title="bbox 113 1852 1617 1927">
     <span class='ocr_line' id='line_1_13' title="bbox 113 1852 1617 1927; baseline -0.004 -18"><span class='ocrx_word' id='word_1_55' title='bbox 113 1858 280 1927; x_wconf 84' lang='grc' dir='ltr'>είρηται</span> <span class='ocrx_word' id='word_1_56' title='bbox 302 1856 577 1926; x_wconf 86' lang='grc' dir='ltr'>πρότερον,</span> <span class='ocrx_word' id='word_1_57' title='bbox 613 1858 705 1907; x_wconf 77' lang='grc' dir='ltr'><strong>καὶ</strong></span> <span class='ocrx_word' id='word_1_58' title='bbox 740 1855 919 1917; x_wconf 82' lang='grc' dir='ltr'>καλῶς</span> <span class='ocrx_word' id='word_1_59' title='bbox 945 1852 1490 1922; x_wconf 79' lang='grc' dir='ltr'>ἀπεμνημόνευσας·</span> <span class='ocrx_word' id='word_1_60' title='bbox 1536 1852 1617 1903; x_wconf 83' lang='grc' dir='ltr'>ὅτι</span> 
     </span>
    </p>
   </div>
   <div class='ocr_carea' id='block_1_14' title="bbox 111 1943 1618 2017">
    <p class='ocr_par' dir='ltr' id='par_1_14' title="bbox 111 1943 1618 2017">
     <span class='ocr_line' id='line_1_14' title="bbox 111 1943 1618 2017; baseline -0.004 -16"><span class='ocrx_word' id='word_1_61' title='bbox 111 1948 255 2017; x_wconf 82' lang='grc' dir='ltr'>δείτῷ</span> <span class='ocrx_word' id='word_1_62' title='bbox 281 1947 380 2000; x_wconf 74' lang='grc' dir='ltr'>ἔθει</span> <span class='ocrx_word' id='word_1_63' title='bbox 404 1948 508 1999; x_wconf 84' lang='grc' dir='ltr'><strong>τῶν</strong></span> <span class='ocrx_word' id='word_1_64' title='bbox 545 1948 668 2000; x_wconf 80' lang='grc' dir='ltr'>καθ’</span> <span class='ocrx_word' id='word_1_65' title='bbox 695 1948 929 2017; x_wconf 79' lang='grc' dir='ltr'>ἑκάστην</span> <span class='ocrx_word' id='word_1_66' title='bbox 958 1946 1140 2017; x_wconf 84' lang='grc' dir='ltr'>χώραν</span> <span class='ocrx_word' id='word_1_67' title='bbox 1162 1944 1413 2006; x_wconf 73' lang='grc' dir='ltr'>ἕπεσθαι,</span> <span class='ocrx_word' id='word_1_68' title='bbox 1444 1943 1533 1997; x_wconf 77' lang='grc' dir='ltr'><strong>διὰ</strong></span> <span class='ocrx_word' id='word_1_69' title='bbox 1559 1943 1618 1996; x_wconf 82' lang='grc' dir='ltr'><strong>τὸ</strong></span> 
     </span>
    </p>
   </div>
   <div class='ocr_carea' id='block_1_15' title="bbox 110 2035 1614 2109">
    <p class='ocr_par' dir='ltr' id='par_1_15' title="bbox 110 2035 1614 2109">
     <span class='ocr_line' id='line_1_15' title="bbox 110 2035 1614 2109; baseline -0.003 -18"><span class='ocrx_word' id='word_1_70' title='bbox 110 2038 324 2109; x_wconf 77' lang='grc' dir='ltr'><strong>διαφόρως</strong></span> <span class='ocrx_word' id='word_1_71' title='bbox 370 2038 649 2108; x_wconf 81' lang='grc' dir='ltr'>ἐνεχθῆναι</span> <span class='ocrx_word' id='word_1_72' title='bbox 684 2038 810 2108; x_wconf 73' lang='grc' dir='ltr'>περὶ</span> <span class='ocrx_word' id='word_1_73' title='bbox 851 2037 943 2090; x_wconf 80' lang='grc' dir='ltr'>τοῦ</span> <span class='ocrx_word' id='word_1_74' title='bbox 1002 2036 1374 2107; x_wconf 70' lang='grc' dir='ltr'><strong>βαπτίσματος</strong></span> <span class='ocrx_word' id='word_1_75' title='bbox 1410 2035 1614 2099; x_wconf 80' lang='grc' dir='ltr'>αὐτῶν,</span> 
     </span>
    </p>
   </div>
   <div class='ocr_carea' id='block_1_16' title="bbox 109 2126 1653 2199">
    <p class='ocr_par' dir='ltr' id='par_1_16' title="bbox 109 2126 1653 2199">
     <span class='ocr_line' id='line_1_16' title="bbox 109 2126 1653 2199; baseline -0.005 -16"><span class='ocrx_word' id='word_1_76' title='bbox 109 2129 205 2192; x_wconf 79' lang='grc' dir='ltr'>τοὺς</span> <span class='ocrx_word' id='word_1_77' title='bbox 225 2129 328 2181; x_wconf 82' lang='grc' dir='ltr'>τότε</span> <span class='ocrx_word' id='word_1_78' title='bbox 358 2131 480 2199; x_wconf 78' lang='grc' dir='ltr'>περὶ</span> <span class='ocrx_word' id='word_1_79' title='bbox 511 2128 719 2183; x_wconf 84' lang='grc' dir='ltr'>τούτων</span> <span class='ocrx_word' id='word_1_80' title='bbox 756 2129 1112 2191; x_wconf 79' lang='grc' dir='ltr'>διαλαϐόντας</span> <span class='ocrx_word' id='word_1_81' title='bbox 1132 2144 1146 2159; x_wconf 77' lang='grc' dir='ltr'><strong>ο</strong></span> <span class='ocrx_word' id='word_1_82' title='bbox 1178 2126 1238 2178; x_wconf 79' lang='grc' dir='ltr'>τὸ</span> <span class='ocrx_word' id='word_1_83' title='bbox 1287 2126 1343 2179; x_wconf 85' lang='grc' dir='ltr'>δὲ</span> <span class='ocrx_word' id='word_1_84' title='bbox 1374 2126 1480 2179; x_wconf 85' lang='grc' dir='ltr'><strong>τῶν</strong></span> <span class='ocrx_word' id='word_1_85' title='bbox 1511 2127 1616 2178; x_wconf 79' lang='grc' dir='ltr'><strong>Πε-</strong></span> <span class='ocrx_word' id='word_1_86' title='bbox 1652 2170 1653 2173; x_wconf 49' lang='grc' dir='ltr'><strong>η</strong></span> 
     </span>
    </p>
   </div>
   <div class='ocr_carea' id='block_1_17' title="bbox 110 2210 1620 2295">
    <p class='ocr_par' dir='ltr' id='par_1_17' title="bbox 110 2210 1620 2295">
     <span class='ocr_line' id='line_1_17' title="bbox 110 2210 1620 2295; baseline -0.005 -17"><span class='ocrx_word' id='word_1_87' title='bbox 110 2225 339 2295; x_wconf 77' lang='grc' dir='ltr'>πουζηνῶν</span> <span class='ocrx_word' id='word_1_88' title='bbox 359 2210 543 2278; x_wconf 70' lang='grc' dir='ltr'>ὄὺδένα</span> <span class='ocrx_word' id='word_1_89' title='bbox 580 2224 738 2293; x_wconf 77' lang='grc' dir='ltr'>λόγον</span> <span class='ocrx_word' id='word_1_90' title='bbox 768 2221 911 2295; x_wconf 76' lang='grc' dir='ltr'>ἔχειν</span> <span class='ocrx_word' id='word_1_91' title='bbox 962 2225 1149 2277; x_wconf 81' lang='grc' dir='ltr'>δοκεῖ·</span> <span class='ocrx_word' id='word_1_92' title='bbox 1185 2225 1278 2276; x_wconf 69' lang='grc' dir='ltr'><strong>καὶ</strong></span> <span class='ocrx_word' id='word_1_93' title='bbox 1334 2220 1620 2290; x_wconf 84' lang='grc' dir='ltr'>ἐθαύμασα</span> 
     </span>
    </p>
   </div>
   <div class='ocr_carea' id='block_1_18' title="bbox 109 2312 1621 2384">
    <p class='ocr_par' dir='ltr' id='par_1_18' title="bbox 109 2312 1621 2384">
     <span class='ocr_line' id='line_1_18' title="bbox 109 2312 1621 2384; baseline -0.005 -15"><span class='ocrx_word' id='word_1_94' title='bbox 109 2317 198 2380; x_wconf 80' lang='grc' dir='ltr'>πῶς</span> <span class='ocrx_word' id='word_1_95' title='bbox 220 2316 474 2370; x_wconf 80' lang='grc' dir='ltr'>κανονικὸν</span> <span class='ocrx_word' id='word_1_96' title='bbox 500 2317 635 2369; x_wconf 87' lang='grc' dir='ltr'>δντα</span> <span class='ocrx_word' id='word_1_97' title='bbox 664 2316 755 2369; x_wconf 78' lang='grc' dir='ltr'><strong>τὸν</strong></span> <span class='ocrx_word' id='word_1_98' title='bbox 782 2314 1057 2368; x_wconf 84' lang='grc' dir='ltr'>Διονύσιον</span> <span class='ocrx_word' id='word_1_99' title='bbox 1084 2313 1360 2384; x_wconf 77' lang='grc' dir='ltr'>παρῆλθεν</span> <span class='ocrx_word' id='word_1_100' title='bbox 1389 2328 1403 2342; x_wconf 71' lang='grc' dir='ltr'><strong>ο</strong></span> <span class='ocrx_word' id='word_1_101' title='bbox 1446 2312 1621 2364; x_wconf 75' lang='grc' dir='ltr'>ἐκεῖνο</span> 
     </span>
    </p>
   </div>
   <div class='ocr_carea' id='block_1_19' title="bbox 108 2402 1618 2478">
    <p class='ocr_par' dir='ltr' id='par_1_19' title="bbox 108 2402 1618 2478">
     <span class='ocr_line' id='line_1_19' title="bbox 108 2402 1618 2478; baseline -0.003 -19"><span class='ocrx_word' id='word_1_102' title='bbox 108 2407 189 2478; x_wconf 79' lang='grc' dir='ltr'>γὰρ</span> <span class='ocrx_word' id='word_1_103' title='bbox 206 2407 398 2477; x_wconf 76' lang='grc' dir='ltr'>ἔκριναν</span> <span class='ocrx_word' id='word_1_104' title='bbox 426 2409 473 2461; x_wconf 83' lang='grc' dir='ltr'>οἱ</span> <span class='ocrx_word' id='word_1_105' title='bbox 501 2408 724 2461; x_wconf 74' lang='grc' dir='ltr'>παλαιοὶ</span> <span class='ocrx_word' id='word_1_106' title='bbox 745 2406 996 2477; x_wconf 80' lang='grc' dir='ltr'>δέχεσθαι</span> <span class='ocrx_word' id='word_1_107' title='bbox 1030 2405 1334 2476; x_wconf 75' lang='grc' dir='ltr'><strong>βάπτισμα,</strong></span> <span class='ocrx_word' id='word_1_108' title='bbox 1367 2404 1428 2457; x_wconf 80' lang='grc' dir='ltr'>τὸ</span> <span class='ocrx_word' id='word_1_109' title='bbox 1452 2402 1618 2474; x_wconf 84' lang='grc' dir='ltr'>μηδὲν</span> 
     </span>
    </p>
   </div>
   <div class='ocr_carea' id='block_1_20' title="bbox 106 2496 1622 2572">
    <p class='ocr_par' dir='ltr' id='par_1_20' title="bbox 106 2496 1622 2572">
     <span class='ocr_line' id='line_1_20' title="bbox 106 2496 1622 2572; baseline -0.007 -13"><span class='ocrx_word' id='word_1_110' title='bbox 106 2499 181 2569; x_wconf 79' lang='grc' dir='ltr'>τῆς</span> <span class='ocrx_word' id='word_1_111' title='bbox 204 2501 408 2565; x_wconf 80' lang='grc' dir='ltr'>πίστεως</span> <span class='ocrx_word' id='word_1_112' title='bbox 460 2499 867 2572; x_wconf 67' lang='grc' dir='ltr'>παρεκδαϊνοψ</span> <span class='ocrx_word' id='word_1_113' title='bbox 920 2499 1043 2553; x_wconf 83' lang='grc' dir='ltr'>ὅθεν</span> <span class='ocrx_word' id='word_1_114' title='bbox 1095 2498 1163 2552; x_wconf 85' lang='grc' dir='ltr'>τὰ</span> <span class='ocrx_word' id='word_1_115' title='bbox 1223 2498 1342 2570; x_wconf 87' lang='grc' dir='ltr'><strong>μέν,</strong></span> <span class='ocrx_word' id='word_1_116' title='bbox 1383 2496 1622 2570; x_wconf 82' lang='grc' dir='ltr'><strong>αἱρέσεις</strong></span> 
     </span>
    </p>
   </div>
   <div class='ocr_carea' id='block_1_21' title="bbox 107 2589 1622 2662">
    <p class='ocr_par' dir='ltr' id='par_1_21' title="bbox 107 2589 1622 2662">
     <span class='ocr_line' id='line_1_21' title="bbox 107 2589 1622 2662; baseline 0 -21"><span class='ocrx_word' id='word_1_117' title='bbox 107 2589 342 2660; x_wconf 81' lang='grc' dir='ltr'>ὠνόμασαν</span> <span class='ocrx_word' id='word_1_118' title='bbox 363 2606 377 2621; x_wconf 73' lang='grc' dir='ltr'><strong><em>ο</em></strong></span> <span class='ocrx_word' id='word_1_119' title='bbox 405 2591 471 2645; x_wconf 90' lang='grc' dir='ltr'><strong>τά</strong></span> <span class='ocrx_word' id='word_1_120' title='bbox 500 2591 582 2656; x_wconf 76' lang='grc' dir='ltr'><strong>δὲ,</strong></span> <span class='ocrx_word' id='word_1_121' title='bbox 618 2590 895 2662; x_wconf 80' lang='grc' dir='ltr'>σχίσματα</span> <span class='ocrx_word' id='word_1_122' title='bbox 917 2606 930 2619; x_wconf 86' lang='grc'><strong>·</strong></span> <span class='ocrx_word' id='word_1_123' title='bbox 966 2589 1036 2644; x_wconf 87' lang='grc' dir='ltr'><strong>τά</strong></span> <span class='ocrx_word' id='word_1_124' title='bbox 1083 2590 1161 2656; x_wconf 83' lang='grc' dir='ltr'><strong>δὲ,</strong></span> <span class='ocrx_word' id='word_1_125' title='bbox 1214 2605 1622 2662; x_wconf 87' lang='grc' dir='ltr'>παρασυναγω-</span> 
     </span>
    </p>
   </div>
   <div class='ocr_carea' id='block_1_22' title="bbox 106 2680 1615 2754">
    <p class='ocr_par' dir='ltr' id='par_1_22' title="bbox 106 2680 1615 2754">
     <span class='ocr_line' id='line_1_22' title="bbox 106 2680 1615 2754; baseline 0.002 -23"><span class='ocrx_word' id='word_1_126' title='bbox 106 2684 207 2748; x_wconf 79' lang='grc' dir='ltr'>γᾶς·</span> <span class='ocrx_word' id='word_1_127' title='bbox 244 2683 459 2753; x_wconf 76' lang='grc' dir='ltr'><strong>αἱρέσεις</strong></span> <span class='ocrx_word' id='word_1_128' title='bbox 498 2683 622 2753; x_wconf 81' lang='grc' dir='ltr'>μὲν,</span> <span class='ocrx_word' id='word_1_129' title='bbox 658 2682 785 2745; x_wconf 79' lang='grc' dir='ltr'>τοὺς</span> <span class='ocrx_word' id='word_1_130' title='bbox 810 2681 1092 2744; x_wconf 83' lang='grc' dir='ltr'><strong>παντελῶς</strong></span> <span class='ocrx_word' id='word_1_131' title='bbox 1134 2680 1615 2754; x_wconf 78' lang='grc' dir='ltr'>ἀπερρηγμένους,</span> 
     </span>
    </p>
   </div>
   <div class='ocr_carea' id='block_1_23' title="bbox 106 2769 1623 2842">
    <p class='ocr_par' dir='ltr' id='par_1_23' title="bbox 106 2769 1623 2842">
     <span class='ocr_line' id='line_1_23' title="bbox 106 2769 1623 2842; baseline 0.001 -21"><span class='ocrx_word' id='word_1_132' title='bbox 106 2769 177 2821; x_wconf 83' lang='grc' dir='ltr'>καὶ</span> <span class='ocrx_word' id='word_1_133' title='bbox 196 2770 296 2822; x_wconf 80' lang='grc' dir='ltr'>κατ’</span> <span class='ocrx_word' id='word_1_134' title='bbox 326 2771 487 2840; x_wconf 78' lang='grc' dir='ltr'>αὐτὴν</span> <span class='ocrx_word' id='word_1_135' title='bbox 519 2770 621 2842; x_wconf 77' lang='grc' dir='ltr'>τὴν</span> <span class='ocrx_word' id='word_1_136' title='bbox 662 2769 843 2823; x_wconf 87' lang='grc' dir='ltr'>πίστιν</span> <span class='ocrx_word' id='word_1_137' title='bbox 874 2769 1418 2842; x_wconf 80' lang='grc' dir='ltr'>ἀπηλλοτριωμένους</span> <span class='ocrx_word' id='word_1_138' title='bbox 1444 2787 1459 2802; x_wconf 85' lang='grc'><strong>·</strong></span> <span class='ocrx_word' id='word_1_139' title='bbox 1504 2770 1623 2839; x_wconf 88' lang='grc' dir='ltr'>σχί-</span> 
     </span>
    </p>
   </div>
   <div class='ocr_carea' id='block_1_24' title="bbox 1717 1589 2340 1658">
    <p class='ocr_par' dir='ltr' id='par_1_24' title="bbox 1717 1589 2340 1658">
     <span class='ocr_line' id='line_1_24' title="bbox 1717 1589 2340 1658; baseline -0.003 -16"><span class='ocrx_word' id='word_1_140' title='bbox 1717 1589 2022 1658; x_wconf 75' lang='lat' dir='ltr'><strong>illegitimus</strong></span> <span class='ocrx_word' id='word_1_141' title='bbox 2042 1597 2340 1641; x_wconf 78' lang='lat' dir='ltr'><strong>conventus.</strong></span> 
     </span>
    </p>
   </div>
   <div class='ocr_carea' id='block_1_25' title="bbox 2259 1677 2735 1733">
    <p class='ocr_par' dir='ltr' id='par_1_25' title="bbox 2259 1677 2735 1733">
     <span class='ocr_line' id='line_1_25' title="bbox 2259 1677 2735 1733; baseline 0.006 -3"><span class='ocrx_word' id='word_1_142' title='bbox 2259 1677 2454 1731; x_wconf 78' lang='lat' dir='ltr'><strong>Basilii</strong></span> <span class='ocrx_word' id='word_1_143' title='bbox 2484 1693 2653 1732; x_wconf 87' lang='lat' dir='ltr'><strong>canon</strong></span> <span class='ocrx_word' id='word_1_144' title='bbox 2686 1678 2735 1733; x_wconf 80' lang='grc'><strong>1.</strong></span> 
     </span>
    </p>
   </div>
   <div class='ocr_carea' id='block_1_26' title="bbox 1790 1768 3290 1841">
    <p class='ocr_par' dir='ltr' id='par_1_26' title="bbox 1790 1768 3290 1841">
     <span class='ocr_line' id='line_1_26' title="bbox 1790 1768 3290 1841; baseline 0.001 -17"><span class='ocrx_word' id='word_1_145' title='bbox 1790 1771 1840 1824; x_wconf 78' lang='grc'><strong>1.</strong></span> <span class='ocrx_word' id='word_1_146' title='bbox 1883 1769 2037 1836; x_wconf 85' lang='lat' dir='ltr'><strong>Quod</strong></span> <span class='ocrx_word' id='word_1_147' title='bbox 2086 1771 2251 1841; x_wconf 78' lang='lat' dir='ltr'><strong>igitur</strong></span> <span class='ocrx_word' id='word_1_148' title='bbox 2295 1771 2360 1824; x_wconf 89' lang='lat' dir='ltr'><strong>ad</strong></span> <span class='ocrx_word' id='word_1_149' title='bbox 2415 1768 2682 1824; x_wconf 79' lang='lat' dir='ltr'><strong>Catharos</strong></span> <span class='ocrx_word' id='word_1_150' title='bbox 2731 1768 2988 1838; x_wconf 74' lang='lat' dir='ltr'><strong>pertinet,</strong></span> <span class='ocrx_word' id='word_1_151' title='bbox 3040 1778 3096 1825; x_wconf 92' lang='lat' dir='ltr'><strong>et</strong></span> <span class='ocrx_word' id='word_1_152' title='bbox 3134 1769 3290 1841; x_wconf 86' lang='lat' dir='ltr'><strong>prius</strong></span> 
     </span>
    </p>
   </div>
   <div class='ocr_carea' id='block_1_27' title="bbox 1718 1858 3291 1931">
    <p class='ocr_par' dir='ltr' id='par_1_27' title="bbox 1718 1858 3291 1931">
     <span class='ocr_line' id='line_1_27' title="bbox 1718 1858 3291 1931; baseline -0.001 -16"><span class='ocrx_word' id='word_1_153' title='bbox 1718 1860 1923 1915; x_wconf 87' lang='lat' dir='ltr'><strong>dictum</strong></span> <span class='ocrx_word' id='word_1_154' title='bbox 1980 1870 2080 1923; x_wconf 84' lang='lat' dir='ltr'><strong>est,</strong></span> <span class='ocrx_word' id='word_1_155' title='bbox 2148 1871 2199 1915; x_wconf 92' lang='lat' dir='ltr'><strong>et</strong></span> <span class='ocrx_word' id='word_1_156' title='bbox 2250 1869 2397 1914; x_wconf 89' lang='lat' dir='ltr'><strong>recte</strong></span> <span class='ocrx_word' id='word_1_157' title='bbox 2445 1858 2779 1913; x_wconf 76' lang='lat' dir='ltr'><strong>admonuisti</strong></span> <span class='ocrx_word' id='word_1_158' title='bbox 2849 1860 3291 1931; x_wconf 78' lang='lat' dir='ltr'><strong>uniuscujusque</strong></span> 
     </span>
    </p>
   </div>
   <div class='ocr_carea' id='block_1_28' title="bbox 1720 1953 3293 2023">
    <p class='ocr_par' dir='ltr' id='par_1_28' title="bbox 1720 1953 3293 2023">
     <span class='ocr_line' id='line_1_28' title="bbox 1720 1953 3293 2023; baseline 0.002 -18"><span class='ocrx_word' id='word_1_159' title='bbox 1720 1953 1956 2021; x_wconf 82' lang='lat' dir='ltr'><strong>regionis</strong></span> <span class='ocrx_word' id='word_1_160' title='bbox 1984 1968 2192 2007; x_wconf 90' lang='lat' dir='ltr'><strong>morem</strong></span> <span class='ocrx_word' id='word_1_161' title='bbox 2228 1953 2378 2022; x_wconf 87' lang='lat' dir='ltr'><strong>sequi</strong></span> <span class='ocrx_word' id='word_1_162' title='bbox 2427 1960 2719 2022; x_wconf 86' lang='lat' dir='ltr'><strong>oportere:</strong></span> <span class='ocrx_word' id='word_1_163' title='bbox 2755 1953 2899 2021; x_wconf 80' lang='lat' dir='ltr'><strong>quod</strong></span> <span class='ocrx_word' id='word_1_164' title='bbox 2934 1954 2992 2019; x_wconf 87' lang='lat' dir='ltr'><strong>ii,</strong></span> <span class='ocrx_word' id='word_1_165' title='bbox 3025 1954 3119 2023; x_wconf 90' lang='lat' dir='ltr'><strong>qui</strong></span> <span class='ocrx_word' id='word_1_166' title='bbox 3160 1962 3293 2008; x_wconf 88' lang='lat' dir='ltr'><strong>tunc</strong></span> 
     </span>
    </p>
   </div>
   <div class='ocr_carea' id='block_1_29' title="bbox 1720 2044 3293 2115">
    <p class='ocr_par' dir='ltr' id='par_1_29' title="bbox 1720 2044 3293 2115">
     <span class='ocr_line' id='line_1_29' title="bbox 1720 2044 3293 2115; baseline -0.001 -16"><span class='ocrx_word' id='word_1_167' title='bbox 1720 2045 1786 2100; x_wconf 88' lang='lat' dir='ltr'><strong>de</strong></span> <span class='ocrx_word' id='word_1_168' title='bbox 1821 2045 1928 2099; x_wconf 89' lang='lat' dir='ltr'><strong>illis</strong></span> <span class='ocrx_word' id='word_1_169' title='bbox 1952 2054 2282 2109; x_wconf 88' lang='lat' dir='ltr'><strong>statuerunt,</strong></span> <span class='ocrx_word' id='word_1_170' title='bbox 2318 2046 2370 2099; x_wconf 90' lang='lat' dir='ltr'><strong>in</strong></span> <span class='ocrx_word' id='word_1_171' title='bbox 2398 2046 2580 2100; x_wconf 90' lang='lat' dir='ltr'><strong>varias</strong></span> <span class='ocrx_word' id='word_1_172' title='bbox 2601 2046 2667 2100; x_wconf 90' lang='lat' dir='ltr'><strong>de</strong></span> <span class='ocrx_word' id='word_1_173' title='bbox 2698 2045 2937 2115; x_wconf 90' lang='lat' dir='ltr'><strong>ipsorum</strong></span> <span class='ocrx_word' id='word_1_174' title='bbox 2966 2044 3293 2114; x_wconf 83' lang='lat' dir='ltr'><strong>baptismate</strong></span> 
     </span>
    </p>
   </div>
   <div class='ocr_carea' id='block_1_30' title="bbox 1720 2130 3293 2201">
    <p class='ocr_par' dir='ltr' id='par_1_30' title="bbox 1720 2130 3293 2201">
     <span class='ocr_line' id='line_1_30' title="bbox 1720 2130 3293 2201; baseline -0.003 -11"><span class='ocrx_word' id='word_1_175' title='bbox 1720 2135 2019 2190; x_wconf 85' lang='lat' dir='ltr'><strong>sententias</strong></span> <span class='ocrx_word' id='word_1_176' title='bbox 2048 2135 2303 2188; x_wconf 87' lang='lat' dir='ltr'><strong>abierint.</strong></span> <span class='ocrx_word' id='word_1_177' title='bbox 2341 2131 2752 2201; x_wconf 75' lang='lat' dir='ltr'><strong>Pepuzenorum</strong></span> <span class='ocrx_word' id='word_1_178' title='bbox 2802 2141 2983 2186; x_wconf 90' lang='lat' dir='ltr'><strong>autem</strong></span> <span class='ocrx_word' id='word_1_179' title='bbox 3019 2130 3293 2201; x_wconf 73' lang='lat' dir='ltr'><strong>baptisma</strong></span> 
     </span>
    </p>
   </div>
   <div class='ocr_carea' id='block_1_31' title="bbox 1720 2222 3296 2287">
    <p class='ocr_par' dir='ltr' id='par_1_31' title="bbox 1720 2222 3296 2287">
     <span class='ocr_line' id='line_1_31' title="bbox 1720 2222 3296 2287; baseline -0.003 -6"><span class='ocrx_word' id='word_1_180' title='bbox 1720 2227 1923 2281; x_wconf 80' lang='lat' dir='ltr'><strong>nullam</strong></span> <span class='ocrx_word' id='word_1_181' title='bbox 1971 2225 2103 2279; x_wconf 92' lang='lat' dir='ltr'><strong>mihi</strong></span> <span class='ocrx_word' id='word_1_182' title='bbox 2144 2225 2347 2279; x_wconf 85' lang='lat' dir='ltr'><strong>habere</strong></span> <span class='ocrx_word' id='word_1_183' title='bbox 2394 2225 2662 2278; x_wconf 76' lang='lat' dir='ltr'><strong>rationein</strong></span> <span class='ocrx_word' id='word_1_184' title='bbox 2700 2224 2932 2287; x_wconf 89' lang='lat' dir='ltr'><strong>videtur,</strong></span> <span class='ocrx_word' id='word_1_185' title='bbox 2982 2229 3033 2277; x_wconf 86' lang='lat' dir='ltr'><strong>et</strong></span> <span class='ocrx_word' id='word_1_186' title='bbox 3064 2222 3296 2276; x_wconf 78' lang='lat' dir='ltr'><strong>miratus</strong></span> 
     </span>
    </p>
   </div>
   <div class='ocr_carea' id='block_1_32' title="bbox 1721 2313 3294 2387">
    <p class='ocr_par' dir='ltr' id='par_1_32' title="bbox 1721 2313 3294 2387">
     <span class='ocr_line' id='line_1_32' title="bbox 1721 2313 3294 2387; baseline -0.006 -14"><span class='ocrx_word' id='word_1_187' title='bbox 1721 2333 1842 2373; x_wconf 91' lang='lat' dir='ltr'><strong>sum</strong></span> <span class='ocrx_word' id='word_1_188' title='bbox 1876 2314 2150 2387; x_wconf 92' lang='lat' dir='ltr'><strong>quomodo</strong></span> <span class='ocrx_word' id='word_1_189' title='bbox 2184 2314 2287 2370; x_wconf 92' lang='lat' dir='ltr'><strong>hoc</strong></span> <span class='ocrx_word' id='word_1_190' title='bbox 2320 2315 2658 2386; x_wconf 82' lang='lat' dir='ltr'><strong>Dionysium,</strong></span> <span class='ocrx_word' id='word_1_191' title='bbox 2710 2313 2984 2368; x_wconf 85' lang='lat' dir='ltr'><strong>hominem</strong></span> <span class='ocrx_word' id='word_1_192' title='bbox 3022 2324 3294 2366; x_wconf 88' lang='lat' dir='ltr'><strong>canonum</strong></span> 
     </span>
    </p>
   </div>
   <div class='ocr_carea' id='block_1_33' title="bbox 1721 2404 3297 2482">
    <p class='ocr_par' dir='ltr' id='par_1_33' title="bbox 1721 2404 3297 2482">
     <span class='ocr_line' id='line_1_33' title="bbox 1721 2404 3297 2482; baseline -0.005 -18"><span class='ocrx_word' id='word_1_193' title='bbox 1721 2410 1956 2482; x_wconf 91' lang='lat' dir='ltr'><strong>peritum</strong></span> <span class='ocrx_word' id='word_1_194' title='bbox 1984 2447 2000 2474; x_wconf 96' lang='lat'><strong>,</strong></span> <span class='ocrx_word' id='word_1_195' title='bbox 2032 2405 2250 2476; x_wconf 76' lang='lat' dir='ltr'><strong>fugerit.</strong></span> <span class='ocrx_word' id='word_1_196' title='bbox 2276 2405 2498 2475; x_wconf 87' lang='lat' dir='ltr'><strong>Antiqui</strong></span> <span class='ocrx_word' id='word_1_197' title='bbox 2523 2405 2668 2460; x_wconf 86' lang='lat' dir='ltr'><strong>enim</strong></span> <span class='ocrx_word' id='word_1_198' title='bbox 2715 2404 2848 2459; x_wconf 87' lang='lat' dir='ltr'><strong>illud</strong></span> <span class='ocrx_word' id='word_1_199' title='bbox 2878 2404 3145 2473; x_wconf 82' lang='lat' dir='ltr'><strong>baptisma</strong></span> <span class='ocrx_word' id='word_1_200' title='bbox 3174 2417 3297 2457; x_wconf 88' lang='lat' dir='ltr'><strong>sus-</strong></span> 
     </span>
    </p>
   </div>
   <div class='ocr_carea' id='block_1_34' title="bbox 1719 2496 3294 2574">
    <p class='ocr_par' dir='ltr' id='par_1_34' title="bbox 1719 2496 3294 2574">
     <span class='ocr_line' id='line_1_34' title="bbox 1719 2496 3294 2574; baseline -0.006 -14"><span class='ocrx_word' id='word_1_201' title='bbox 1719 2502 2025 2574; x_wconf 87' lang='lat' dir='ltr'><strong>cipiendum</strong></span> <span class='ocrx_word' id='word_1_202' title='bbox 2080 2509 2377 2571; x_wconf 85' lang='lat' dir='ltr'><strong>putavere,</strong></span> <span class='ocrx_word' id='word_1_203' title='bbox 2421 2496 2567 2569; x_wconf 86' lang='lat' dir='ltr'><strong>quod</strong></span> <span class='ocrx_word' id='word_1_204' title='bbox 2612 2497 2751 2553; x_wconf 85' lang='lat' dir='ltr'><strong>nihil</strong></span> <span class='ocrx_word' id='word_1_205' title='bbox 2797 2511 2829 2551; x_wconf 88' lang='lat' dir='ltr'><strong>a</strong></span> <span class='ocrx_word' id='word_1_206' title='bbox 2890 2496 2995 2552; x_wconf 81' lang='lat' dir='ltr'><strong>ﬁde</strong></span> <span class='ocrx_word' id='word_1_207' title='bbox 3041 2496 3294 2560; x_wconf 88' lang='lat' dir='ltr'><strong>recedit;</strong></span> 
     </span>
    </p>
   </div>
   <div class='ocr_carea' id='block_1_35' title="bbox 1723 2585 3296 2661">
    <p class='ocr_par' dir='ltr' id='par_1_35' title="bbox 1723 2585 3296 2661">
     <span class='ocr_line' id='line_1_35' title="bbox 1723 2585 3296 2661; baseline -0.006 -11"><span class='ocrx_word' id='word_1_208' title='bbox 1723 2595 1868 2650; x_wconf 92' lang='lat' dir='ltr'><strong>unde</strong></span> <span class='ocrx_word' id='word_1_209' title='bbox 1910 2593 2052 2647; x_wconf 83' lang='lat' dir='ltr'><strong>alias</strong></span> <span class='ocrx_word' id='word_1_210' title='bbox 2096 2590 2316 2661; x_wconf 87' lang='lat' dir='ltr'><strong>quidem</strong></span> <span class='ocrx_word' id='word_1_211' title='bbox 2366 2589 2623 2655; x_wconf 67' lang='lat' dir='ltr'><strong>haereses,</strong></span> <span class='ocrx_word' id='word_1_212' title='bbox 2656 2588 2761 2644; x_wconf 87' lang='lat' dir='ltr'><strong>alia</strong></span> <span class='ocrx_word' id='word_1_213' title='bbox 2796 2587 3116 2649; x_wconf 84' lang='lat' dir='ltr'><strong>schismata.</strong></span> <span class='ocrx_word' id='word_1_214' title='bbox 3158 2585 3296 2641; x_wconf 85' lang='lat' dir='ltr'><strong>alias</strong></span> 
     </span>
    </p>
   </div>
   <div class='ocr_carea' id='block_1_36' title="bbox 1724 2677 3298 2757">
    <p class='ocr_par' dir='ltr' id='par_1_36' title="bbox 1724 2677 3298 2757">
     <span class='ocr_line' id='line_1_36' title="bbox 1724 2677 3298 2757; baseline -0.008 -16"><span class='ocrx_word' id='word_1_215' title='bbox 1724 2698 2167 2757; x_wconf 77' lang='lat' dir='ltr'><strong>parasynagogas</strong></span> <span class='ocrx_word' id='word_1_216' title='bbox 2200 2680 2564 2752; x_wconf 82' lang='lat' dir='ltr'><strong>appellarunt.</strong></span> <span class='ocrx_word' id='word_1_217' title='bbox 2602 2679 2849 2736; x_wconf 66' lang='lat' dir='ltr'><strong>Haereses</strong></span> <span class='ocrx_word' id='word_1_218' title='bbox 2868 2679 3086 2751; x_wconf 86' lang='lat' dir='ltr'><strong>quidem</strong></span> <span class='ocrx_word' id='word_1_219' title='bbox 3132 2677 3298 2748; x_wconf 75' lang='lat'><strong>380</strong></span> 
     </span>
    </p>
   </div>
   <div class='ocr_carea' id='block_1_37' title="bbox 1726 2768 3296 2844">
    <p class='ocr_par' dir='ltr' id='par_1_37' title="bbox 1726 2768 3296 2844">
     <span class='ocr_line' id='line_1_37' title="bbox 1726 2768 3296 2844; baseline -0.005 -14"><span class='ocrx_word' id='word_1_220' title='bbox 1726 2790 1845 2840; x_wconf 88' lang='lat' dir='ltr'><strong>eos,</strong></span> <span class='ocrx_word' id='word_1_221' title='bbox 1870 2773 1962 2844; x_wconf 91' lang='lat' dir='ltr'><strong>qui</strong></span> <span class='ocrx_word' id='word_1_222' title='bbox 1993 2772 2208 2844; x_wconf 88' lang='lat' dir='ltr'><strong>penitus</strong></span> <span class='ocrx_word' id='word_1_223' title='bbox 2239 2770 2432 2826; x_wconf 87' lang='lat' dir='ltr'><strong>resecti</strong></span> <span class='ocrx_word' id='word_1_224' title='bbox 2463 2779 2612 2838; x_wconf 88' lang='lat' dir='ltr'><strong>sunt,</strong></span> <span class='ocrx_word' id='word_1_225' title='bbox 2660 2779 2715 2826; x_wconf 89' lang='lat' dir='ltr'><strong>et</strong></span> <span class='ocrx_word' id='word_1_226' title='bbox 2768 2771 2823 2825; x_wconf 89' lang='lat' dir='ltr'><strong>in</strong></span> <span class='ocrx_word' id='word_1_227' title='bbox 2869 2770 2981 2840; x_wconf 89' lang='lat' dir='ltr'><strong>ipsa</strong></span> <span class='ocrx_word' id='word_1_228' title='bbox 3013 2768 3117 2824; x_wconf 79' lang='lat' dir='ltr'><strong>[ide</strong></span> <span class='ocrx_word' id='word_1_229' title='bbox 3165 2770 3296 2822; x_wconf 85' lang='lat' dir='ltr'><strong>aba-</strong></span> 
     </span>
    </p>
   </div>
   <div class='ocr_carea' id='block_1_38' title="bbox 109 2861 1642 2934">
    <p class='ocr_par' dir='ltr' id='par_1_38' title="bbox 109 2861 1622 2934">
     <span class='ocr_line' id='line_1_38' title="bbox 109 2861 1622 2934; baseline 0.002 -22"><span class='ocrx_word' id='word_1_230' title='bbox 109 2873 253 2930; x_wconf 77' lang='grc' dir='ltr'>σματα</span> <span class='ocrx_word' id='word_1_231' title='bbox 280 2862 350 2929; x_wconf 79' lang='grc' dir='ltr'>δὲ,</span> <span class='ocrx_word' id='word_1_232' title='bbox 376 2864 497 2927; x_wconf 80' lang='grc' dir='ltr'>τοὺς</span> <span class='ocrx_word' id='word_1_233' title='bbox 520 2862 591 2917; x_wconf 86' lang='grc' dir='ltr'>δι’</span> <span class='ocrx_word' id='word_1_234' title='bbox 629 2861 809 2926; x_wconf 81' lang='grc' dir='ltr'>αἰτίας</span> <span class='ocrx_word' id='word_1_235' title='bbox 861 2861 1012 2925; x_wconf 89' lang='grc' dir='ltr'>τινάς</span> <span class='ocrx_word' id='word_1_236' title='bbox 1041 2861 1498 2934; x_wconf 85' lang='grc' dir='ltr'>ἐκκλησιαστικάς</span> <span class='ocrx_word' id='word_1_237' title='bbox 1527 2862 1622 2917; x_wconf 77' lang='grc' dir='ltr'>καὶ</span> 
     </span>
    </p>
   </div>
   <div class='ocr_carea' id='block_1_39' title="bbox 1730 2861 3299 2934">
    <p class='ocr_par' dir='ltr' id='par_1_39' title="bbox 1730 2861 3299 2934">
     <span class='ocr_line' id='line_1_39' title="bbox 1730 2861 3299 2934; baseline -0.006 -11"><span class='ocrx_word' id='word_1_238' title='bbox 1730 2866 1953 2933; x_wconf 88' lang='lat' dir='ltr'><strong>lienati;</strong></span> <span class='ocrx_word' id='word_1_239' title='bbox 1985 2865 2283 2923; x_wconf 84' lang='lat' dir='ltr'><strong>schismata</strong></span> <span class='ocrx_word' id='word_1_240' title='bbox 2318 2878 2470 2929; x_wconf 79' lang='lat' dir='ltr'><strong>vero,</strong></span> <span class='ocrx_word' id='word_1_241' title='bbox 2498 2877 2616 2929; x_wconf 87' lang='lat' dir='ltr'><strong>eos,</strong></span> <span class='ocrx_word' id='word_1_242' title='bbox 2642 2863 2735 2933; x_wconf 89' lang='lat' dir='ltr'><strong>qui</strong></span> <span class='ocrx_word' id='word_1_243' title='bbox 2774 2872 2991 2934; x_wconf 88' lang='lat' dir='ltr'><strong>propter</strong></span> <span class='ocrx_word' id='word_1_244' title='bbox 3041 2861 3299 2917; x_wconf 84' lang='lat' dir='ltr'><strong>ecclesia-</strong></span> 
     </span>
    </p>
   </div>
   <div class='ocr_carea' id='block_1_40' title="bbox 106 2948 1610 3026">
    <p class='ocr_par' dir='ltr' id='par_1_40' title="bbox 106 2948 1610 3026">
     <span class='ocr_line' id='line_1_40' title="bbox 106 2948 1610 3026; baseline -0.003 -15"><span class='ocrx_word' id='word_1_245' title='bbox 106 2948 341 3021; x_wconf 69' lang='grc' dir='ltr'>ζητήματα</span> <span class='ocrx_word' id='word_1_246' title='bbox 373 2954 583 3025; x_wconf 79' lang='grc' dir='ltr'>ἰάσιμα,</span> <span class='ocrx_word' id='word_1_247' title='bbox 619 2954 755 3026; x_wconf 80' lang='grc' dir='ltr'>πρὸς</span> <span class='ocrx_word' id='word_1_248' title='bbox 781 2953 1041 3026; x_wconf 81' lang='grc' dir='ltr'>ἀλλήλους</span> <span class='ocrx_word' id='word_1_249' title='bbox 1065 2954 1437 3025; x_wconf 82' lang='grc' dir='ltr'>διενεχθέντας</span> <span class='ocrx_word' id='word_1_250' title='bbox 1456 2971 1471 2986; x_wconf 81' lang='grc'><strong>⁸</strong></span> <span class='ocrx_word' id='word_1_251' title='bbox 1505 2971 1610 3008; x_wconf 87' lang='grc' dir='ltr'>πα-</span> 
     </span>
    </p>
   </div>
   <div class='ocr_carea' id='block_1_41' title="bbox 109 3044 1619 3116">
    <p class='ocr_par' dir='ltr' id='par_1_41' title="bbox 109 3044 1619 3116">
     <span class='ocr_line' id='line_1_41' title="bbox 109 3044 1619 3116; baseline 0.005 -24"><span class='ocrx_word' id='word_1_252' title='bbox 109 3044 441 3113; x_wconf 83' lang='grc' dir='ltr'>ρασυναγωγάς</span> <span class='ocrx_word' id='word_1_253' title='bbox 466 3045 544 3110; x_wconf 84' lang='grc' dir='ltr'><strong>δὲ,</strong></span> <span class='ocrx_word' id='word_1_254' title='bbox 576 3046 677 3110; x_wconf 83' lang='grc' dir='ltr'>τὰς</span> <span class='ocrx_word' id='word_1_255' title='bbox 711 3046 961 3114; x_wconf 79' lang='grc' dir='ltr'>συνάξεις</span> <span class='ocrx_word' id='word_1_256' title='bbox 984 3046 1083 3109; x_wconf 79' lang='grc' dir='ltr'>τὰς</span> <span class='ocrx_word' id='word_1_257' title='bbox 1110 3047 1260 3116; x_wconf 89' lang='grc' dir='ltr'><strong>παρά</strong></span> <span class='ocrx_word' id='word_1_258' title='bbox 1292 3046 1400 3099; x_wconf 86' lang='grc' dir='ltr'><strong>τῶν</strong></span> <span class='ocrx_word' id='word_1_259' title='bbox 1419 3046 1619 3099; x_wconf 85' lang='grc' dir='ltr'>ἀνυπο-</span> 
     </span>
    </p>
   </div>
   <div class='ocr_carea' id='block_1_42' title="bbox 105 3132 1621 3209">
    <p class='ocr_par' dir='ltr' id='par_1_42' title="bbox 105 3132 1621 3209">
     <span class='ocr_line' id='line_1_42' title="bbox 105 3132 1621 3209; baseline 0.003 -25"><span class='ocrx_word' id='word_1_260' title='bbox 105 3132 274 3187; x_wconf 78' lang='grc' dir='ltr'>τάκτων</span> <span class='ocrx_word' id='word_1_261' title='bbox 300 3136 680 3208; x_wconf 78' lang='grc' dir='ltr'>πρεσϐυτέρων</span> <span class='ocrx_word' id='word_1_262' title='bbox 704 3138 737 3209; x_wconf 82' lang='grc' dir='ltr'>ἢ</span> <span class='ocrx_word' id='word_1_263' title='bbox 769 3138 1106 3204; x_wconf 83' lang='grc' dir='ltr'>ἐπισκόπων,</span> <span class='ocrx_word' id='word_1_264' title='bbox 1140 3138 1291 3208; x_wconf 88' lang='grc' dir='ltr'><strong>παρά</strong></span> <span class='ocrx_word' id='word_1_265' title='bbox 1316 3136 1423 3191; x_wconf 85' lang='grc' dir='ltr'><strong>τῶν</strong></span> <span class='ocrx_word' id='word_1_266' title='bbox 1455 3138 1621 3190; x_wconf 81' lang='grc' dir='ltr'>ἀπαι-</span> 
     </span>
    </p>
   </div>
   <div class='ocr_carea' id='block_1_43' title="bbox 104 3224 1619 3300">
    <p class='ocr_par' dir='ltr' id='par_1_43' title="bbox 104 3224 1619 3300">
     <span class='ocr_line' id='line_1_43' title="bbox 104 3224 1619 3300; baseline 0.004 -23"><span class='ocrx_word' id='word_1_267' title='bbox 104 3224 262 3279; x_wconf 83' lang='grc' dir='ltr'>δεύτων</span> <span class='ocrx_word' id='word_1_268' title='bbox 288 3227 421 3282; x_wconf 84' lang='grc' dir='ltr'>λαῶν</span> <span class='ocrx_word' id='word_1_269' title='bbox 448 3231 763 3300; x_wconf 84' lang='grc' dir='ltr'>γινομένας,</span> <span class='ocrx_word' id='word_1_270' title='bbox 790 3229 903 3284; x_wconf 84' lang='grc' dir='ltr'>οἷον</span> <span class='ocrx_word' id='word_1_271' title='bbox 923 3246 939 3261; x_wconf 79' lang='grc'><strong>’</strong></span> <span class='ocrx_word' id='word_1_272' title='bbox 994 3231 1047 3284; x_wconf 81' lang='grc' dir='ltr'><strong>εί</strong></span> <span class='ocrx_word' id='word_1_273' title='bbox 1096 3247 1178 3293; x_wconf 90' lang='grc' dir='ltr'><strong>τις</strong></span> <span class='ocrx_word' id='word_1_274' title='bbox 1210 3230 1268 3283; x_wconf 85' lang='grc' dir='ltr'><strong>ἐν</strong></span> <span class='ocrx_word' id='word_1_275' title='bbox 1317 3228 1619 3299; x_wconf 79' lang='grc' dir='ltr'>πταίσματι</span> 
     </span>
    </p>
   </div>
   <div class='ocr_carea' id='block_1_44' title="bbox 107 3315 1618 3391">
    <p class='ocr_par' dir='ltr' id='par_1_44' title="bbox 107 3315 1618 3391">
     <span class='ocr_line' id='line_1_44' title="bbox 107 3315 1618 3391; baseline 0.003 -24"><span class='ocrx_word' id='word_1_276' title='bbox 107 3315 376 3383; x_wconf 63' lang='grc' dir='ltr'>ἐξετασθείς,</span> <span class='ocrx_word' id='word_1_277' title='bbox 405 3319 677 3390; x_wconf 78' lang='grc' dir='ltr'>ἐπεσχέθη</span> <span class='ocrx_word' id='word_1_278' title='bbox 709 3321 809 3390; x_wconf 81' lang='grc' dir='ltr'>τῆς</span> <span class='ocrx_word' id='word_1_279' title='bbox 856 3320 1223 3391; x_wconf 81' lang='grc' dir='ltr'>λειτουργίας,</span> <span class='ocrx_word' id='word_1_280' title='bbox 1269 3319 1364 3373; x_wconf 78' lang='grc' dir='ltr'>καὶ</span> <span class='ocrx_word' id='word_1_281' title='bbox 1398 3319 1473 3391; x_wconf 81' lang='grc' dir='ltr'>μὴ</span> <span class='ocrx_word' id='word_1_282' title='bbox 1517 3320 1618 3371; x_wconf 84' lang='grc' dir='ltr'>ὐπ-</span> 
     </span>
    </p>
   </div>
   <div class='ocr_carea' id='block_1_45' title="bbox 108 3405 1618 3483">
    <p class='ocr_par' dir='ltr' id='par_1_45' title="bbox 108 3405 1618 3483">
     <span class='ocr_line' id='line_1_45' title="bbox 108 3405 1618 3483; baseline 0.004 -25"><span class='ocrx_word' id='word_1_283' title='bbox 108 3405 244 3477; x_wconf 75' lang='grc' dir='ltr'>ίκυψε</span> <span class='ocrx_word' id='word_1_284' title='bbox 283 3412 386 3473; x_wconf 71' lang='grc' dir='ltr'>τοῖς</span> <span class='ocrx_word' id='word_1_285' title='bbox 409 3413 652 3475; x_wconf 84' lang='grc' dir='ltr'>κανόσιν,</span> <span class='ocrx_word' id='word_1_286' title='bbox 689 3410 802 3466; x_wconf 86' lang='grc' dir='ltr'>ἀλλ’</span> <span class='ocrx_word' id='word_1_287' title='bbox 831 3413 1007 3483; x_wconf 82' lang='grc' dir='ltr'>ἐαυτῷ</span> <span class='ocrx_word' id='word_1_288' title='bbox 1030 3410 1309 3481; x_wconf 73' lang='grc' dir='ltr'>ἐξεδίκησε</span> <span class='ocrx_word' id='word_1_289' title='bbox 1337 3411 1435 3482; x_wconf 81' lang='grc' dir='ltr'>τὴν</span> <span class='ocrx_word' id='word_1_290' title='bbox 1459 3428 1618 3480; x_wconf 88' lang='grc' dir='ltr'>προε-</span> 
     </span>
    </p>
   </div>
   <div class='ocr_carea' id='block_1_46' title="bbox 105 3496 1614 3574">
    <p class='ocr_par' dir='ltr' id='par_1_46' title="bbox 105 3496 1614 3574">
     <span class='ocr_line' id='line_1_46' title="bbox 105 3496 1614 3574; baseline 0.007 -27"><span class='ocrx_word' id='word_1_291' title='bbox 105 3496 239 3566; x_wconf 81' lang='grc' dir='ltr'>δρίαν,</span> <span class='ocrx_word' id='word_1_292' title='bbox 268 3506 351 3554; x_wconf 71' lang='grc' dir='ltr'><strong>καὶ</strong></span> <span class='ocrx_word' id='word_1_293' title='bbox 376 3501 470 3573; x_wconf 80' lang='grc' dir='ltr'>τὴν</span> <span class='ocrx_word' id='word_1_294' title='bbox 499 3503 865 3573; x_wconf 87' lang='grc' dir='ltr'>λειτουργίαν,</span> <span class='ocrx_word' id='word_1_295' title='bbox 923 3505 1020 3558; x_wconf 76' lang='grc' dir='ltr'><strong>καὶ</strong></span> <span class='ocrx_word' id='word_1_296' title='bbox 1063 3503 1409 3574; x_wconf 84' lang='grc' dir='ltr'>συναπῆλθον</span> <span class='ocrx_word' id='word_1_297' title='bbox 1437 3503 1614 3574; x_wconf 85' lang='grc' dir='ltr'>τούτῳ</span> 
     </span>
    </p>
   </div>
   <div class='ocr_carea' id='block_1_47' title="bbox 105 3590 1613 3667">
    <p class='ocr_par' dir='ltr' id='par_1_47' title="bbox 105 3590 1613 3667">
     <span class='ocr_line' id='line_1_47' title="bbox 105 3590 1613 3667; baseline 0.007 -28"><span class='ocrx_word' id='word_1_298' title='bbox 105 3590 232 3654; x_wconf 80' lang='grc' dir='ltr'>τινὲς,</span> <span class='ocrx_word' id='word_1_299' title='bbox 266 3594 647 3657; x_wconf 83' lang='grc' dir='ltr'>καταλιπόντες</span> <span class='ocrx_word' id='word_1_300' title='bbox 670 3596 768 3665; x_wconf 73' lang='grc' dir='ltr'>τὴν</span> <span class='ocrx_word' id='word_1_301' title='bbox 790 3595 1085 3667; x_wconf 81' lang='grc' dir='ltr'>καθολικὴν</span> <span class='ocrx_word' id='word_1_302' title='bbox 1127 3595 1474 3667; x_wconf 82' lang='grc' dir='ltr'>Ἐκκλησίαν,</span> <span class='ocrx_word' id='word_1_303' title='bbox 1503 3612 1613 3650; x_wconf 80' lang='grc' dir='ltr'>πα·</span> 
     </span>
    </p>
   </div>
   <div class='ocr_carea' id='block_1_48' title="bbox 108 3686 1621 3760">
    <p class='ocr_par' dir='ltr' id='par_1_48' title="bbox 108 3686 1621 3760">
     <span class='ocr_line' id='line_1_48' title="bbox 108 3686 1621 3760; baseline 0.009 -30"><span class='ocrx_word' id='word_1_304' title='bbox 108 3686 414 3757; x_wconf 77' lang='grc' dir='ltr'>ρασυναγωγὴ</span> <span class='ocrx_word' id='word_1_305' title='bbox 456 3687 517 3740; x_wconf 81' lang='grc' dir='ltr'><strong>τὸ</strong></span> <span class='ocrx_word' id='word_1_306' title='bbox 576 3687 820 3742; x_wconf 74' lang='grc' dir='ltr'>τοιοῦτοο</span> <span class='ocrx_word' id='word_1_307' title='bbox 881 3688 1085 3760; x_wconf 88' lang='grc' dir='ltr'>σχίσμα</span> <span class='ocrx_word' id='word_1_308' title='bbox 1130 3690 1211 3757; x_wconf 83' lang='grc' dir='ltr'>δὲ,</span> <span class='ocrx_word' id='word_1_309' title='bbox 1257 3689 1320 3744; x_wconf 85' lang='grc' dir='ltr'>τὺ</span> <span class='ocrx_word' id='word_1_310' title='bbox 1365 3690 1493 3760; x_wconf 77' lang='grc' dir='ltr'>περὶ</span> <span class='ocrx_word' id='word_1_311' title='bbox 1519 3688 1621 3759; x_wconf 82' lang='grc' dir='ltr'><strong>τῆς</strong></span> 
     </span>
    </p>
   </div>
   <div class='ocr_carea' id='block_1_49' title="bbox 108 3776 1620 3853">
    <p class='ocr_par' dir='ltr' id='par_1_49' title="bbox 108 3776 1620 3853">
     <span class='ocr_line' id='line_1_49' title="bbox 108 3776 1620 3853; baseline 0.005 -26"><span class='ocrx_word' id='word_1_312' title='bbox 108 3776 345 3840; x_wconf 77' lang='grc' dir='ltr'>μετανοίας</span> <span class='ocrx_word' id='word_1_313' title='bbox 377 3777 655 3850; x_wconf 82' lang='grc' dir='ltr'>διαφόρως</span> <span class='ocrx_word' id='word_1_314' title='bbox 686 3779 827 3850; x_wconf 73' lang='grc' dir='ltr'>ἔχειν</span> <span class='ocrx_word' id='word_1_315' title='bbox 858 3781 995 3852; x_wconf 81' lang='grc' dir='ltr'>πρὸς</span> <span class='ocrx_word' id='word_1_316' title='bbox 1030 3781 1157 3845; x_wconf 79' lang='grc' dir='ltr'>τοὺς</span> <span class='ocrx_word' id='word_1_317' title='bbox 1194 3782 1303 3835; x_wconf 81' lang='grc' dir='ltr'><strong>ἀπὸ</strong></span> <span class='ocrx_word' id='word_1_318' title='bbox 1348 3782 1447 3853; x_wconf 84' lang='grc' dir='ltr'>τῆς</span> <span class='ocrx_word' id='word_1_319' title='bbox 1497 3781 1620 3836; x_wconf 77' lang='grc' dir='ltr'><strong>Ἐκ-</strong></span> 
     </span>
    </p>
   </div>
   <div class='ocr_carea' id='block_1_50' title="bbox 106 3862 1621 3943">
    <p class='ocr_par' dir='ltr' id='par_1_50' title="bbox 106 3862 1621 3943">
     <span class='ocr_line' id='line_1_50' title="bbox 106 3862 1621 3943; baseline 0.002 -21"><span class='ocrx_word' id='word_1_320' title='bbox 106 3862 318 3932; x_wconf 75' lang='grc' dir='ltr'>κλησίας·</span> <span class='ocrx_word' id='word_1_321' title='bbox 369 3869 580 3939; x_wconf 79' lang='grc' dir='ltr'>αἵρεσις</span> <span class='ocrx_word' id='word_1_322' title='bbox 644 3870 723 3934; x_wconf 83' lang='grc' dir='ltr'><strong>δὲ,</strong></span> <span class='ocrx_word' id='word_1_323' title='bbox 772 3866 883 3924; x_wconf 75' lang='grc' dir='ltr'>οἷον</span> <span class='ocrx_word' id='word_1_324' title='bbox 922 3872 954 3943; x_wconf 79' lang='grc' dir='ltr'>ἡ</span> <span class='ocrx_word' id='word_1_325' title='bbox 1004 3871 1112 3925; x_wconf 84' lang='grc' dir='ltr'>τῶν</span> <span class='ocrx_word' id='word_1_326' title='bbox 1168 3872 1478 3942; x_wconf 79' lang='grc' dir='ltr'>Μανιχαίων</span> <span class='ocrx_word' id='word_1_327' title='bbox 1527 3872 1621 3926; x_wconf 81' lang='grc' dir='ltr'>καὶ</span> 
     </span>
    </p>
   </div>
   <div class='ocr_carea' id='block_1_51' title="bbox 107 3952 1622 4032">
    <p class='ocr_par' dir='ltr' id='par_1_51' title="bbox 107 3952 1622 4032">
     <span class='ocr_line' id='line_1_51' title="bbox 107 3952 1622 4032; baseline 0.009 -28"><span class='ocrx_word' id='word_1_328' title='bbox 107 3952 420 4014; x_wconf 71' lang='grc' dir='ltr'>θῦαλεντίνων</span> <span class='ocrx_word' id='word_1_329' title='bbox 463 3962 561 4014; x_wconf 64' lang='grc' dir='ltr'><strong>καλ⁸</strong></span> <span class='ocrx_word' id='word_1_330' title='bbox 605 3962 1054 4032; x_wconf 83' lang='grc' dir='ltr'>Μαρκιωνιστῶν,</span> <span class='ocrx_word' id='word_1_331' title='bbox 1084 3964 1179 4018; x_wconf 73' lang='grc' dir='ltr'>καὶ</span> <span class='ocrx_word' id='word_1_332' title='bbox 1207 3964 1387 4018; x_wconf 82' lang='grc' dir='ltr'>αὐτῶν</span> <span class='ocrx_word' id='word_1_333' title='bbox 1418 3963 1622 4018; x_wconf 85' lang='grc' dir='ltr'>τούτων</span> 
     </span>
    </p>
   </div>
   <div class='ocr_carea' id='block_1_52' title="bbox 106 4046 1624 4128">
    <p class='ocr_par' dir='ltr' id='par_1_52' title="bbox 106 4046 1624 4128">
     <span class='ocr_line' id='line_1_52' title="bbox 106 4046 1624 4128; baseline 0.014 -29"><span class='ocrx_word' id='word_1_334' title='bbox 106 4046 187 4099; x_wconf 81' lang='grc' dir='ltr'><strong>τῶν</strong></span> <span class='ocrx_word' id='word_1_335' title='bbox 226 4051 603 4125; x_wconf 69' lang='grc' dir='ltr'>Πετιουζηνῶψ</span> <span class='ocrx_word' id='word_1_336' title='bbox 667 4054 827 4119; x_wconf 80' lang='grc' dir='ltr'>εὐθὺς</span> <span class='ocrx_word' id='word_1_337' title='bbox 875 4056 983 4127; x_wconf 78' lang='grc' dir='ltr'>γὰρ</span> <span class='ocrx_word' id='word_1_338' title='bbox 1031 4056 1159 4127; x_wconf 77' lang='grc' dir='ltr'>περὶ</span> <span class='ocrx_word' id='word_1_339' title='bbox 1200 4057 1371 4127; x_wconf 83' lang='grc' dir='ltr'>αὐτῆς</span> <span class='ocrx_word' id='word_1_340' title='bbox 1413 4059 1514 4128; x_wconf 84' lang='grc' dir='ltr'><strong>τῆς</strong></span> <span class='ocrx_word' id='word_1_341' title='bbox 1543 4057 1624 4119; x_wconf 73' lang='grc' dir='ltr'><strong>εἰς</strong></span> 
     </span>
    </p>
   </div>
   <div class='ocr_carea' id='block_1_53' title="bbox 106 4134 1618 4219">
    <p class='ocr_par' dir='ltr' id='par_1_53' title="bbox 106 4134 1618 4219">
     <span class='ocr_line' id='line_1_53' title="bbox 106 4134 1618 4219; baseline 0.016 -29"><span class='ocrx_word' id='word_1_342' title='bbox 106 4134 206 4190; x_wconf 76' lang='grc' dir='ltr'>Θεὸν</span> <span class='ocrx_word' id='word_1_343' title='bbox 230 4142 443 4208; x_wconf 82' lang='grc' dir='ltr'>πίστεώς</span> <span class='ocrx_word' id='word_1_344' title='bbox 479 4149 630 4199; x_wconf 76' lang='grc' dir='ltr'>ἐστιν</span> <span class='ocrx_word' id='word_1_345' title='bbox 656 4148 687 4217; x_wconf 80' lang='grc' dir='ltr'>ἡ</span> <span class='ocrx_word' id='word_1_346' title='bbox 718 4147 951 4219; x_wconf 83' lang='grc' dir='ltr'>διαφορά</span> <span class='ocrx_word' id='word_1_347' title='bbox 970 4164 985 4179; x_wconf 88' lang='grc'><strong>·</strong></span> <span class='ocrx_word' id='word_1_348' title='bbox 1012 4148 1155 4213; x_wconf 73' lang='grc' dir='ltr'>ἔδοξε</span> <span class='ocrx_word' id='word_1_349' title='bbox 1190 4149 1371 4202; x_wconf 82' lang='grc' dir='ltr'>τοίνυν</span> <span class='ocrx_word' id='word_1_350' title='bbox 1400 4151 1514 4212; x_wconf 82' lang='grc' dir='ltr'>τοῖς</span> <span class='ocrx_word' id='word_1_351' title='bbox 1557 4149 1618 4214; x_wconf 68' lang='grc' dir='ltr'><strong>ἐξ</strong></span> 
     </span>
    </p>
   </div>
   <div class='ocr_carea' id='block_1_54' title="bbox 104 4228 1614 4310">
    <p class='ocr_par' dir='ltr' id='par_1_54' title="bbox 104 4228 1614 4310">
     <span class='ocr_line' id='line_1_54' title="bbox 104 4228 1614 4310; baseline 0.003 -22"><span class='ocrx_word' id='word_1_352' title='bbox 104 4228 257 4301; x_wconf 82' lang='grc' dir='ltr'>ἀρχῆς,</span> <span class='ocrx_word' id='word_1_353' title='bbox 283 4236 340 4288; x_wconf 73' lang='grc' dir='ltr'>τὸ</span> <span class='ocrx_word' id='word_1_354' title='bbox 365 4239 459 4307; x_wconf 81' lang='grc' dir='ltr'><strong>μὲν</strong></span> <span class='ocrx_word' id='word_1_355' title='bbox 492 4239 604 4292; x_wconf 84' lang='grc' dir='ltr'>τῶν</span> <span class='ocrx_word' id='word_1_356' title='bbox 624 4241 934 4309; x_wconf 79' lang='grc' dir='ltr'>αἱρετικῶν,</span> <span class='ocrx_word' id='word_1_357' title='bbox 992 4240 1269 4305; x_wconf 82' lang='grc' dir='ltr'>παντελῶς</span> <span class='ocrx_word' id='word_1_358' title='bbox 1305 4241 1568 4310; x_wconf 83' lang='grc' dir='ltr'>ἀθετῆσαι</span> <span class='ocrx_word' id='word_1_359' title='bbox 1599 4257 1614 4274; x_wconf 87' lang='grc'><strong>·</strong></span> 
     </span>
    </p>
   </div>
   <div class='ocr_carea' id='block_1_55' title="bbox 102 4316 1621 4400">
    <p class='ocr_par' dir='ltr' id='par_1_55' title="bbox 102 4316 1621 4400">
     <span class='ocr_line' id='line_1_55' title="bbox 102 4316 1621 4400; baseline 0.012 -28"><span class='ocrx_word' id='word_1_360' title='bbox 102 4316 148 4369; x_wconf 69' lang='grc' dir='ltr'>τὸ</span> <span class='ocrx_word' id='word_1_361' title='bbox 162 4319 206 4371; x_wconf 73' lang='grc' dir='ltr'>δὲ</span> <span class='ocrx_word' id='word_1_362' title='bbox 230 4321 323 4375; x_wconf 84' lang='grc' dir='ltr'><strong>τῶν</strong></span> <span class='ocrx_word' id='word_1_363' title='bbox 356 4326 783 4398; x_wconf 83' lang='grc' dir='ltr'>ἀποσχισάντων,</span> <span class='ocrx_word' id='word_1_364' title='bbox 836 4328 912 4391; x_wconf 85' lang='grc' dir='ltr'>ὡς</span> <span class='ocrx_word' id='word_1_365' title='bbox 940 4328 1018 4381; x_wconf 80' lang='grc' dir='ltr'>ἔτι</span> <span class='ocrx_word' id='word_1_366' title='bbox 1057 4331 1121 4382; x_wconf 78' lang='grc' dir='ltr'><strong>ἐκ</strong></span> <span class='ocrx_word' id='word_1_367' title='bbox 1149 4329 1246 4399; x_wconf 78' lang='grc' dir='ltr'>τῆς</span> <span class='ocrx_word' id='word_1_368' title='bbox 1295 4329 1621 4400; x_wconf 81' lang='grc' dir='ltr'>Ἐκκλησίας</span> 
     </span>
    </p>
   </div>
   <div class='ocr_carea' id='block_1_56' title="bbox 102 4408 1621 4493">
    <p class='ocr_par' dir='ltr' id='par_1_56' title="bbox 102 4408 1621 4493">
     <span class='ocr_line' id='line_1_56' title="bbox 102 4408 1621 4493; baseline 0.01 -31"><span class='ocrx_word' id='word_1_369' title='bbox 102 4408 253 4478; x_wconf 72' lang='grc' dir='ltr'>ὅντων,</span> <span class='ocrx_word' id='word_1_370' title='bbox 278 4419 670 4488; x_wconf 75' lang='grc' dir='ltr'>παραδέξασθαι</span> <span class='ocrx_word' id='word_1_371' title='bbox 689 4435 702 4448; x_wconf 86' lang='grc'><strong>·</strong></span> <span class='ocrx_word' id='word_1_372' title='bbox 733 4421 860 4484; x_wconf 81' lang='grc' dir='ltr'>τοὺς</span> <span class='ocrx_word' id='word_1_373' title='bbox 894 4420 951 4474; x_wconf 76' lang='grc' dir='ltr'>δὲ</span> <span class='ocrx_word' id='word_1_374' title='bbox 985 4421 1042 4475; x_wconf 88' lang='grc' dir='ltr'><strong>ἐν</strong></span> <span class='ocrx_word' id='word_1_375' title='bbox 1069 4423 1190 4483; x_wconf 84' lang='grc' dir='ltr'>ταῖς</span> <span class='ocrx_word' id='word_1_376' title='bbox 1217 4437 1621 4493; x_wconf 87' lang='grc' dir='ltr'>παρασυναγω-</span> 
     </span>
    </p>
   </div>
   <div class='ocr_carea' id='block_1_57' title="bbox 102 4505 1623 4585">
    <p class='ocr_par' dir='ltr' id='par_1_57' title="bbox 102 4505 1623 4585">
     <span class='ocr_line' id='line_1_57' title="bbox 102 4505 1623 4585; baseline 0.006 -27"><span class='ocrx_word' id='word_1_377' title='bbox 102 4505 199 4568; x_wconf 54' lang='lat' dir='ltr'><strong>rei;</strong></span> <span class='ocrx_word' id='word_1_378' title='bbox 216 4511 453 4583; x_wconf 77' lang='grc' dir='ltr'>μετανοίᾳ</span> <span class='ocrx_word' id='word_1_379' title='bbox 476 4511 741 4582; x_wconf 84' lang='grc' dir='ltr'>ἀξιολόγῳ</span> <span class='ocrx_word' id='word_1_380' title='bbox 765 4514 856 4566; x_wconf 77' lang='grc' dir='ltr'>καὶ</span> <span class='ocrx_word' id='word_1_381' title='bbox 885 4514 1187 4585; x_wconf 76' lang='grc' dir='ltr'>ἐπιστροφῇ</span> <span class='ocrx_word' id='word_1_382' title='bbox 1219 4513 1623 4583; x_wconf 85' lang='grc' dir='ltr'>βελτιωθέντας,</span> 
     </span>
    </p>
   </div>
   <div class='ocr_carea' id='block_1_58' title="bbox 103 4596 1621 4675">
    <p class='ocr_par' dir='ltr' id='par_1_58' title="bbox 103 4596 1621 4675">
     <span class='ocr_line' id='line_1_58' title="bbox 103 4596 1621 4675; baseline 0.007 -27"><span class='ocrx_word' id='word_1_383' title='bbox 103 4596 416 4656; x_wconf 83' lang='grc' dir='ltr'>συνάπτεσθαι</span> <span class='ocrx_word' id='word_1_384' title='bbox 472 4604 638 4658; x_wconf 87' lang='grc' dir='ltr'>πάλιν</span> <span class='ocrx_word' id='word_1_385' title='bbox 692 4607 758 4675; x_wconf 77' lang='grc' dir='ltr'>τῇ</span> <span class='ocrx_word' id='word_1_386' title='bbox 787 4604 1119 4675; x_wconf 77' lang='grc' dir='ltr'>Ἐκκλησία·</span> <span class='ocrx_word' id='word_1_387' title='bbox 1153 4604 1293 4658; x_wconf 83' lang='grc' dir='ltr'>ὥστε</span> <span class='ocrx_word' id='word_1_388' title='bbox 1338 4604 1621 4672; x_wconf 82' lang='grc' dir='ltr'>πολλάκις,</span> 
     </span>
    </p>
   </div>
   <div class='ocr_carea' id='block_1_59' title="bbox 104 4686 1622 4766">
    <p class='ocr_par' dir='ltr' id='par_1_59' title="bbox 104 4686 1622 4766">
     <span class='ocr_line' id='line_1_59' title="bbox 104 4686 1622 4766; baseline 0.011 -31"><span class='ocrx_word' id='word_1_389' title='bbox 104 4686 305 4755; x_wconf 74' lang='grc' dir='ltr'>καὶτοὺς</span> <span class='ocrx_word' id='word_1_390' title='bbox 357 4695 414 4748; x_wconf 88' lang='grc' dir='ltr'><strong>ἐν</strong></span> <span class='ocrx_word' id='word_1_391' title='bbox 465 4694 660 4766; x_wconf 85' lang='grc' dir='ltr'>βαθμῷ</span> <span class='ocrx_word' id='word_1_392' title='bbox 705 4695 1140 4760; x_wconf 85' lang='grc' dir='ltr'>συναπελθόντας</span> <span class='ocrx_word' id='word_1_393' title='bbox 1185 4699 1300 4761; x_wconf 82' lang='grc' dir='ltr'>τοῖς</span> <span class='ocrx_word' id='word_1_394' title='bbox 1347 4697 1622 4752; x_wconf 76' lang='grc' dir='ltr'>ἀνυποτάο</span> 
     </span>
    </p>
   </div>
   <div class='ocr_carea' id='block_1_60' title="bbox 103 4784 1626 4861">
    <p class='ocr_par' dir='ltr' id='par_1_60' title="bbox 103 4784 1626 4861">
     <span class='ocr_line' id='line_1_60' title="bbox 103 4784 1626 4861; baseline 0.012 -36"><span class='ocrx_word' id='word_1_395' title='bbox 103 4791 236 4846; x_wconf 80' lang='grc' dir='ltr'>κτοις,</span> <span class='ocrx_word' id='word_1_396' title='bbox 265 4784 470 4841; x_wconf 78' lang='grc' dir='ltr'>ἐπειδὰν</span> <span class='ocrx_word' id='word_1_397' title='bbox 497 4786 948 4859; x_wconf 67' lang='grc' dir='ltr'>μεταμεληθιῖηιν</span> <span class='ocrx_word' id='word_1_398' title='bbox 974 4828 991 4857; x_wconf 92' lang='grc'><strong>,</strong></span> <span class='ocrx_word' id='word_1_399' title='bbox 1022 4788 1103 4852; x_wconf 88' lang='grc' dir='ltr'><strong>είς</strong></span> <span class='ocrx_word' id='word_1_400' title='bbox 1129 4787 1228 4860; x_wconf 82' lang='grc' dir='ltr'>τὴν</span> <span class='ocrx_word' id='word_1_401' title='bbox 1244 4787 1426 4843; x_wconf 79' lang='grc' dir='ltr'>αὐτῶν</span> <span class='ocrx_word' id='word_1_402' title='bbox 1446 4806 1626 4861; x_wconf 86' lang='grc' dir='ltr'>παρα-</span> 
     </span>
    </p>
   </div>
   <div class='ocr_carea' id='block_1_61' title="bbox 103 4865 504 4944">
    <p class='ocr_par' dir='ltr' id='par_1_61' title="bbox 103 4865 504 4944">
     <span class='ocr_line' id='line_1_61' title="bbox 103 4865 504 4944; baseline 0.02 -21"><span class='ocrx_word' id='word_1_403' title='bbox 103 4865 311 4938; x_wconf 77' lang='grc' dir='ltr'>δέχεσθαι</span> <span class='ocrx_word' id='word_1_404' title='bbox 338 4877 504 4944; x_wconf 79' lang='grc' dir='ltr'>τάξιν.</span> 
     </span>
    </p>
   </div>
   <div class='ocr_carea' id='block_1_62' title="bbox 154 4963 1624 5046">
    <p class='ocr_par' dir='ltr' id='par_1_62' title="bbox 154 4963 1624 5046">
     <span class='ocr_line' id='line_1_62' title="bbox 154 4963 1624 5046; baseline 0.008 -31"><span class='ocrx_word' id='word_1_405' title='bbox 154 4963 205 5016; x_wconf 83' lang='grc' dir='ltr'><strong>Οἱ</strong></span> <span class='ocrx_word' id='word_1_406' title='bbox 222 4967 383 5023; x_wconf 85' lang='grc' dir='ltr'>τοίνυν</span> <span class='ocrx_word' id='word_1_407' title='bbox 432 4972 773 5043; x_wconf 74' lang='grc' dir='ltr'>Πεπουζηνοὶ</span> <span class='ocrx_word' id='word_1_408' title='bbox 822 4971 1104 5044; x_wconf 81' lang='grc' dir='ltr'>προδήλως</span> <span class='ocrx_word' id='word_1_409' title='bbox 1148 4973 1287 5027; x_wconf 73' lang='grc' dir='ltr'>είσὶν</span> <span class='ocrx_word' id='word_1_410' title='bbox 1324 4968 1624 5046; x_wconf 88' lang='grc' dir='ltr'>αίρετικοί·</span> 
     </span>
    </p>
   </div>
   <div class='ocr_carea' id='block_1_63' title="bbox 104 5046 1625 5135">
    <p class='ocr_par' dir='ltr' id='par_1_63' title="bbox 104 5046 1625 5135">
     <span class='ocr_line' id='line_1_63' title="bbox 104 5046 1625 5135; baseline 0.004 -24"><span class='ocrx_word' id='word_1_411' title='bbox 104 5046 165 5111; x_wconf 65' lang='grc' dir='ltr'><strong>εἷς</strong></span> <span class='ocrx_word' id='word_1_412' title='bbox 185 5054 278 5125; x_wconf 75' lang='grc' dir='ltr'>γὰρ</span> <span class='ocrx_word' id='word_1_413' title='bbox 302 5058 359 5110; x_wconf 84' lang='grc' dir='ltr'><strong>τὸ</strong></span> <span class='ocrx_word' id='word_1_414' title='bbox 387 5060 609 5131; x_wconf 83' lang='grc' dir='ltr'>Πνεῦμα</span> <span class='ocrx_word' id='word_1_415' title='bbox 631 5062 691 5114; x_wconf 82' lang='grc' dir='ltr'><strong>τὸ</strong></span> <span class='ocrx_word' id='word_1_416' title='bbox 719 5063 872 5130; x_wconf 82' lang='grc' dir='ltr'>ἆγιον</span> <span class='ocrx_word' id='word_1_417' title='bbox 911 5062 1317 5133; x_wconf 79' lang='grc' dir='ltr'>ἐὸλασφήμουν,</span> <span class='ocrx_word' id='word_1_418' title='bbox 1360 5063 1625 5135; x_wconf 84' lang='grc' dir='ltr'>Μοντανῷ</span> 
     </span>
    </p>
   </div>
   <div class='ocr_carea' id='block_1_64' title="bbox 104 5141 1626 5228">
    <p class='ocr_par' dir='ltr' id='par_1_64' title="bbox 104 5141 1626 5228">
     <span class='ocr_line' id='line_1_64' title="bbox 104 5141 1626 5228; baseline 0.015 -40"><span class='ocrx_word' id='word_1_419' title='bbox 104 5141 174 5191; x_wconf 73' lang='grc' dir='ltr'><strong>καὶ</strong></span> <span class='ocrx_word' id='word_1_420' title='bbox 216 5144 497 5222; x_wconf 85' lang='grc' dir='ltr'>Πρισκίλλῃ</span> <span class='ocrx_word' id='word_1_421' title='bbox 547 5153 647 5222; x_wconf 79' lang='grc' dir='ltr'>τὴν</span> <span class='ocrx_word' id='word_1_422' title='bbox 691 5154 785 5205; x_wconf 80' lang='grc' dir='ltr'>τοῦ</span> <span class='ocrx_word' id='word_1_423' title='bbox 836 5153 1197 5224; x_wconf 86' lang='grc' dir='ltr'>Παρακλήτου</span> <span class='ocrx_word' id='word_1_424' title='bbox 1249 5158 1626 5228; x_wconf 88' lang='grc' dir='ltr'>προσηγορίαν</span> 
     </span>
    </p>
   </div>
   <div class='ocr_carea' id='block_1_65' title="bbox 102 5227 1626 5316">
    <p class='ocr_par' dir='ltr' id='par_1_65' title="bbox 102 5227 1626 5316">
     <span class='ocr_line' id='line_1_65' title="bbox 102 5227 1626 5316; baseline 0.012 -32"><span class='ocrx_word' id='word_1_425' title='bbox 102 5227 331 5302; x_wconf 79' lang='grc' dir='ltr'>ἀθεμίτως</span> <span class='ocrx_word' id='word_1_426' title='bbox 360 5242 452 5293; x_wconf 74' lang='grc' dir='ltr'><strong>καὶ</strong></span> <span class='ocrx_word' id='word_1_427' title='bbox 480 5243 853 5313; x_wconf 82' lang='grc' dir='ltr'>ἀναισχύντως</span> <span class='ocrx_word' id='word_1_428' title='bbox 880 5245 1321 5316; x_wconf 81' lang='grc' dir='ltr'>ἐπιφημίσαντες</span> <span class='ocrx_word' id='word_1_429' title='bbox 1340 5264 1355 5279; x_wconf 83' lang='grc'><strong><em>⁸</em></strong></span> <span class='ocrx_word' id='word_1_430' title='bbox 1396 5227 1513 5302; x_wconf 79' lang='grc' dir='ltr'>εἴτε</span> <span class='ocrx_word' id='word_1_431' title='bbox 1530 5246 1626 5303; x_wconf 82' lang='grc' dir='ltr'><strong>οὖν</strong></span> 
     </span>
    </p>
   </div>
   <div class='ocr_carea' id='block_1_66' title="bbox 101 5319 1628 5409">
    <p class='ocr_par' dir='ltr' id='par_1_66' title="bbox 101 5319 1628 5409">
     <span class='ocr_line' id='line_1_66' title="bbox 101 5319 1628 5409; baseline 0.007 -25"><span class='ocrx_word' id='word_1_432' title='bbox 101 5319 160 5384; x_wconf 77' lang='grc' dir='ltr'><strong>ὡς</strong></span> <span class='ocrx_word' id='word_1_433' title='bbox 194 5327 492 5399; x_wconf 82' lang='grc' dir='ltr'>ἀνθρώπους</span> <span class='ocrx_word' id='word_1_434' title='bbox 532 5336 901 5401; x_wconf 84' lang='grc' dir='ltr'>θεοποιοῦντες</span> <span class='ocrx_word' id='word_1_435' title='bbox 930 5338 1269 5409; x_wconf 86' lang='grc' dir='ltr'>κατάκριτοι,</span> <span class='ocrx_word' id='word_1_436' title='bbox 1320 5342 1428 5394; x_wconf 84' lang='grc' dir='ltr'>εῐτε</span> <span class='ocrx_word' id='word_1_437' title='bbox 1458 5342 1533 5405; x_wconf 85' lang='grc' dir='ltr'>ὡς</span> <span class='ocrx_word' id='word_1_438' title='bbox 1565 5342 1628 5395; x_wconf 84' lang='grc' dir='ltr'>τὸ</span> 
     </span>
    </p>
   </div>
   <div class='ocr_carea' id='block_1_67' title="bbox 105 5412 1625 5504">
    <p class='ocr_par' dir='ltr' id='par_1_67' title="bbox 105 5412 1625 5504">
     <span class='ocr_line' id='line_1_67' title="bbox 105 5412 1625 5504; baseline 0.014 -38"><span class='ocrx_word' id='word_1_439' title='bbox 105 5412 292 5488; x_wconf 80' lang='grc' dir='ltr'>Πνεῦμα</span> <span class='ocrx_word' id='word_1_440' title='bbox 339 5423 399 5477; x_wconf 80' lang='grc' dir='ltr'>τὸ</span> <span class='ocrx_word' id='word_1_441' title='bbox 450 5425 605 5494; x_wconf 76' lang='grc' dir='ltr'>ἅγιον</span> <span class='ocrx_word' id='word_1_442' title='bbox 659 5431 724 5499; x_wconf 81' lang='grc' dir='ltr'>τῇ</span> <span class='ocrx_word' id='word_1_443' title='bbox 772 5430 913 5500; x_wconf 84' lang='grc' dir='ltr'>πρὸς</span> <span class='ocrx_word' id='word_1_444' title='bbox 967 5430 1290 5500; x_wconf 82' lang='grc' dir='ltr'>ἀνθρώπους</span> <span class='ocrx_word' id='word_1_445' title='bbox 1340 5433 1625 5504; x_wconf 88' lang='grc' dir='ltr'>συγκρίσει</span> 
     </span>
    </p>
   </div>
   <div class='ocr_carea' id='block_1_68' title="bbox 1729 2955 3302 3029">
    <p class='ocr_par' dir='ltr' id='par_1_68' title="bbox 1729 2955 3302 3029">
     <span class='ocr_line' id='line_1_68' title="bbox 1729 2955 3302 3029; baseline -0.006 -13"><span class='ocrx_word' id='word_1_446' title='bbox 1729 2961 1895 3016; x_wconf 88' lang='lat' dir='ltr'><strong>sticas</strong></span> <span class='ocrx_word' id='word_1_447' title='bbox 1930 2960 2195 3029; x_wconf 87' lang='lat' dir='ltr'><strong>quasdam</strong></span> <span class='ocrx_word' id='word_1_448' title='bbox 2233 2971 2433 3012; x_wconf 87' lang='lat' dir='ltr'><strong>causas</strong></span> <span class='ocrx_word' id='word_1_449' title='bbox 2465 2964 2520 3011; x_wconf 88' lang='lat' dir='ltr'><strong>et</strong></span> <span class='ocrx_word' id='word_1_450' title='bbox 2548 2956 2875 3027; x_wconf 62' lang='lat' dir='ltr'><strong>quaestiones</strong></span> <span class='ocrx_word' id='word_1_451' title='bbox 2911 2955 3051 3009; x_wconf 90' lang='lat' dir='ltr'><strong>inter</strong></span> <span class='ocrx_word' id='word_1_452' title='bbox 3088 2962 3302 3008; x_wconf 84' lang='lat' dir='ltr'><strong>utram—</strong></span> 
     </span>
    </p>
   </div>
   <div class='ocr_carea' id='block_1_69' title="bbox 1728 3039 3301 3122">
    <p class='ocr_par' dir='ltr' id='par_1_69' title="bbox 1728 3039 3301 3122">
     <span class='ocr_line' id='line_1_69' title="bbox 1728 3039 3301 3122; baseline -0.004 -16"><span class='ocrx_word' id='word_1_453' title='bbox 1728 3066 1835 3122; x_wconf 91' lang='lat' dir='ltr'><strong>que</strong></span> <span class='ocrx_word' id='word_1_454' title='bbox 1870 3060 2079 3122; x_wconf 91' lang='lat' dir='ltr'><strong>partem</strong></span> <span class='ocrx_word' id='word_1_455' title='bbox 2118 3039 2226 3105; x_wconf 83' lang='lat' dir='ltr'><strong>non</strong></span> <span class='ocrx_word' id='word_1_456' title='bbox 2276 3048 2610 3105; x_wconf 85' lang='lat' dir='ltr'><strong>insanabiles</strong></span> <span class='ocrx_word' id='word_1_457' title='bbox 2650 3048 2955 3115; x_wconf 85' lang='lat' dir='ltr'><strong>dissident;</strong></span> <span class='ocrx_word' id='word_1_458' title='bbox 3001 3061 3301 3117; x_wconf 85' lang='lat' dir='ltr'><strong>parasyna-</strong></span> 
     </span>
    </p>
   </div>
   <div class='ocr_carea' id='block_1_70' title="bbox 1730 3137 3300 3212">
    <p class='ocr_par' dir='ltr' id='par_1_70' title="bbox 1730 3137 3300 3212">
     <span class='ocr_line' id='line_1_70' title="bbox 1730 3137 3300 3212; baseline -0.001 -17"><span class='ocrx_word' id='word_1_459' title='bbox 1730 3157 1898 3212; x_wconf 78' lang='lat' dir='ltr'><strong>gogas</strong></span> <span class='ocrx_word' id='word_1_460' title='bbox 1928 3150 2134 3207; x_wconf 90' lang='lat' dir='ltr'><strong>autem,</strong></span> <span class='ocrx_word' id='word_1_461' title='bbox 2170 3140 2534 3197; x_wconf 85' lang='lat' dir='ltr'><strong>conventibus</strong></span> <span class='ocrx_word' id='word_1_462' title='bbox 2571 3138 2693 3193; x_wconf 86' lang='lat' dir='ltr'><strong>illos</strong></span> <span class='ocrx_word' id='word_1_463' title='bbox 2719 3138 2810 3209; x_wconf 93' lang='lat' dir='ltr'><strong>qui</strong></span> <span class='ocrx_word' id='word_1_464' title='bbox 2834 3139 2903 3192; x_wconf 89' lang='lat' dir='ltr'><strong>ab</strong></span> <span class='ocrx_word' id='word_1_465' title='bbox 2935 3137 3300 3203; x_wconf 69' lang='lat' dir='ltr'><strong>immorigeris</strong></span> 
     </span>
    </p>
   </div>
   <div class='ocr_carea' id='block_1_71' title="bbox 1728 3230 3302 3306">
    <p class='ocr_par' dir='ltr' id='par_1_71' title="bbox 1728 3230 3302 3306">
     <span class='ocr_line' id='line_1_71' title="bbox 1728 3230 3302 3306; baseline -0.001 -17"><span class='ocrx_word' id='word_1_466' title='bbox 1728 3234 2062 3306; x_wconf 86' lang='lat' dir='ltr'><strong>presbyteris</strong></span> <span class='ocrx_word' id='word_1_467' title='bbox 2106 3242 2200 3287; x_wconf 88' lang='lat' dir='ltr'><strong>aut</strong></span> <span class='ocrx_word' id='word_1_468' title='bbox 2245 3234 2520 3303; x_wconf 87' lang='lat' dir='ltr'><strong>episcopis</strong></span> <span class='ocrx_word' id='word_1_469' title='bbox 2571 3240 2625 3286; x_wconf 91' lang='lat' dir='ltr'><strong>et</strong></span> <span class='ocrx_word' id='word_1_470' title='bbox 2656 3246 2687 3286; x_wconf 90' lang='lat' dir='ltr'><strong>a</strong></span> <span class='ocrx_word' id='word_1_471' title='bbox 2740 3231 2951 3300; x_wconf 87' lang='lat' dir='ltr'><strong>populis</strong></span> <span class='ocrx_word' id='word_1_472' title='bbox 2997 3230 3302 3302; x_wconf 65' lang='lat' dir='ltr'><strong>disciplina:</strong></span> 
     </span>
    </p>
   </div>
   <div class='ocr_carea' id='block_1_72' title="bbox 1727 3323 3302 3395">
    <p class='ocr_par' dir='ltr' id='par_1_72' title="bbox 1727 3323 3302 3395">
     <span class='ocr_line' id='line_1_72' title="bbox 1727 3323 3302 3395; baseline -0.003 -15"><span class='ocrx_word' id='word_1_473' title='bbox 1727 3325 2044 3395; x_wconf 78' lang='lat' dir='ltr'><strong>expertibus</strong></span> <span class='ocrx_word' id='word_1_474' title='bbox 2086 3325 2247 3389; x_wconf 82' lang='lat' dir='ltr'><strong>ﬁunt,</strong></span> <span class='ocrx_word' id='word_1_475' title='bbox 2305 3327 2470 3393; x_wconf 89' lang='lat' dir='ltr'><strong>velut,</strong></span> <span class='ocrx_word' id='word_1_476' title='bbox 2522 3323 2567 3379; x_wconf 89' lang='lat' dir='ltr'><strong>si</strong></span> <span class='ocrx_word' id='word_1_477' title='bbox 2603 3324 2727 3394; x_wconf 88' lang='lat' dir='ltr'><strong>quis</strong></span> <span class='ocrx_word' id='word_1_478' title='bbox 2772 3324 2827 3378; x_wconf 90' lang='lat' dir='ltr'><strong>in</strong></span> <span class='ocrx_word' id='word_1_479' title='bbox 2878 3323 3076 3379; x_wconf 89' lang='lat' dir='ltr'><strong>delicto</strong></span> <span class='ocrx_word' id='word_1_480' title='bbox 3111 3324 3302 3391; x_wconf 81' lang='lat' dir='ltr'><strong>depre-</strong></span> 
     </span>
    </p>
   </div>
   <div class='ocr_carea' id='block_1_73' title="bbox 1727 3412 3301 3478">
    <p class='ocr_par' dir='ltr' id='par_1_73' title="bbox 1727 3412 3301 3478">
     <span class='ocr_line' id='line_1_73' title="bbox 1727 3412 3301 3478; baseline 0.001 -10"><span class='ocrx_word' id='word_1_481' title='bbox 1727 3414 1955 3478; x_wconf 86' lang='lat' dir='ltr'><strong>hensus,</strong></span> <span class='ocrx_word' id='word_1_482' title='bbox 2003 3426 2035 3467; x_wconf 88' lang='lat' dir='ltr'><strong>a</strong></span> <span class='ocrx_word' id='word_1_483' title='bbox 2086 3413 2400 3469; x_wconf 91' lang='lat' dir='ltr'><strong>ministerio</strong></span> <span class='ocrx_word' id='word_1_484' title='bbox 2445 3422 2719 3477; x_wconf 87' lang='lat' dir='ltr'><strong>arceatur,</strong></span> <span class='ocrx_word' id='word_1_485' title='bbox 2768 3419 2882 3469; x_wconf 85' lang='lat' dir='ltr'><strong>nec‘</strong></span> <span class='ocrx_word' id='word_1_486' title='bbox 2916 3412 3301 3469; x_wconf 90' lang='lat' dir='ltr'><strong>secanonibus</strong></span> 
     </span>
    </p>
   </div>
   <div class='ocr_carea' id='block_1_74' title="bbox 1726 3503 3296 3573">
    <p class='ocr_par' dir='ltr' id='par_1_74' title="bbox 1726 3503 3296 3573">
     <span class='ocr_line' id='line_1_74' title="bbox 1726 3503 3296 3573; baseline -0.001 -14"><span class='ocrx_word' id='word_1_487' title='bbox 1726 3503 2048 3569; x_wconf 84' lang='lat' dir='ltr'><strong>submittat,</strong></span> <span class='ocrx_word' id='word_1_488' title='bbox 2096 3504 2191 3558; x_wconf 86' lang='lat' dir='ltr'><strong>sed</strong></span> <span class='ocrx_word' id='word_1_489' title='bbox 2242 3503 2347 3559; x_wconf 83' lang='lat' dir='ltr'><strong>sibi</strong></span> <span class='ocrx_word' id='word_1_490' title='bbox 2403 3503 2771 3573; x_wconf 88' lang='lat' dir='ltr'><strong>principatum</strong></span> <span class='ocrx_word' id='word_1_491' title='bbox 2825 3511 2880 3558; x_wconf 92' lang='lat' dir='ltr'><strong>et</strong></span> <span class='ocrx_word' id='word_1_492' title='bbox 2929 3503 3296 3558; x_wconf 87' lang='lat' dir='ltr'><strong>ministerium</strong></span> 
     </span>
    </p>
   </div>
   <div class='ocr_carea' id='block_1_75' title="bbox 1726 3594 3301 3663">
    <p class='ocr_par' dir='ltr' id='par_1_75' title="bbox 1726 3594 3301 3663">
     <span class='ocr_line' id='line_1_75' title="bbox 1726 3594 3301 3663; baseline 0.001 -14"><span class='ocrx_word' id='word_1_493' title='bbox 1726 3595 1984 3663; x_wconf 84' lang='lat' dir='ltr'><strong>vindicet,</strong></span> <span class='ocrx_word' id='word_1_494' title='bbox 2012 3608 2077 3651; x_wconf 86' lang='lat' dir='ltr'><strong>ac</strong></span> <span class='ocrx_word' id='word_1_495' title='bbox 2098 3594 2346 3650; x_wconf 91' lang='lat' dir='ltr'><strong>nonnulli</strong></span> <span class='ocrx_word' id='word_1_496' title='bbox 2376 3611 2480 3650; x_wconf 86' lang='lat' dir='ltr'><strong>una</strong></span> <span class='ocrx_word' id='word_1_497' title='bbox 2523 3610 2649 3651; x_wconf 91' lang='lat' dir='ltr'><strong>cum</strong></span> <span class='ocrx_word' id='word_1_498' title='bbox 2676 3611 2742 3652; x_wconf 89' lang='lat' dir='ltr'><strong>eo</strong></span> <span class='ocrx_word' id='word_1_499' title='bbox 2762 3636 2778 3663; x_wconf 96' lang='lat'><strong>,</strong></span> <span class='ocrx_word' id='word_1_500' title='bbox 2810 3595 2999 3652; x_wconf 88' lang='lat' dir='ltr'><strong>relicta</strong></span> <span class='ocrx_word' id='word_1_501' title='bbox 3030 3595 3301 3651; x_wconf 83' lang='lat' dir='ltr'><strong>catholica</strong></span> 
     </span>
    </p>
   </div>
   <div class='ocr_carea' id='block_1_76' title="bbox 1729 3684 3301 3760">
    <p class='ocr_par' dir='ltr' id='par_1_76' title="bbox 1729 3684 3301 3760">
     <span class='ocr_line' id='line_1_76' title="bbox 1729 3684 3301 3760; baseline 0.001 -18"><span class='ocrx_word' id='word_1_502' title='bbox 1729 3684 1995 3756; x_wconf 86' lang='lat' dir='ltr'><strong>Ecclesia,</strong></span> <span class='ocrx_word' id='word_1_503' title='bbox 2056 3687 2374 3755; x_wconf 88' lang='lat' dir='ltr'><strong>discedant;</strong></span> <span class='ocrx_word' id='word_1_504' title='bbox 2452 3687 2556 3744; x_wconf 91' lang='lat' dir='ltr'><strong>hoc</strong></span> <span class='ocrx_word' id='word_1_505' title='bbox 2611 3688 2812 3743; x_wconf 88' lang='lat' dir='ltr'><strong>dicitur</strong></span> <span class='ocrx_word' id='word_1_506' title='bbox 2867 3702 3301 3760; x_wconf 72' lang='lat' dir='ltr'><strong>parasynagoga.</strong></span> 
     </span>
    </p>
   </div>
   <div class='ocr_carea' id='block_1_77' title="bbox 1728 3778 3303 3853">
    <p class='ocr_par' dir='ltr' id='par_1_77' title="bbox 1728 3778 3303 3853">
     <span class='ocr_line' id='line_1_77' title="bbox 1728 3778 3303 3853; baseline 0.003 -19"><span class='ocrx_word' id='word_1_507' title='bbox 1728 3778 1981 3836; x_wconf 88' lang='lat' dir='ltr'><strong>Schisma</strong></span> <span class='ocrx_word' id='word_1_508' title='bbox 2032 3791 2214 3836; x_wconf 89' lang='lat' dir='ltr'><strong>autem</strong></span> <span class='ocrx_word' id='word_1_509' title='bbox 2251 3789 2356 3848; x_wconf 89' lang='lat' dir='ltr'><strong>est,</strong></span> <span class='ocrx_word' id='word_1_510' title='bbox 2386 3779 2455 3837; x_wconf 87' lang='lat' dir='ltr'><strong>de</strong></span> <span class='ocrx_word' id='word_1_511' title='bbox 2507 3780 2828 3852; x_wconf 74' lang='lat' dir='ltr'><strong>paenitentia</strong></span> <span class='ocrx_word' id='word_1_512' title='bbox 2876 3782 2944 3836; x_wconf 90' lang='lat' dir='ltr'><strong>ab</strong></span> <span class='ocrx_word' id='word_1_513' title='bbox 2975 3782 3043 3837; x_wconf 85' lang='lat' dir='ltr'><strong>iis</strong></span> <span class='ocrx_word' id='word_1_514' title='bbox 3091 3782 3183 3853; x_wconf 89' lang='lat' dir='ltr'><strong>qui</strong></span> <span class='ocrx_word' id='word_1_515' title='bbox 3234 3798 3303 3838; x_wconf 82' lang='lat' dir='ltr'><strong>ex</strong></span> 
     </span>
    </p>
   </div>
   <div class='ocr_carea' id='block_1_78' title="bbox 1728 3870 3301 3939">
    <p class='ocr_par' dir='ltr' id='par_1_78' title="bbox 1728 3870 3301 3939">
     <span class='ocr_line' id='line_1_78' title="bbox 1728 3870 3301 3939; baseline 0.001 -13"><span class='ocrx_word' id='word_1_516' title='bbox 1728 3870 1973 3927; x_wconf 87' lang='lat' dir='ltr'><strong>Ecclesia</strong></span> <span class='ocrx_word' id='word_1_517' title='bbox 2023 3879 2173 3939; x_wconf 89' lang='lat' dir='ltr'><strong>sunt,</strong></span> <span class='ocrx_word' id='word_1_518' title='bbox 2227 3871 2539 3928; x_wconf 89' lang='lat' dir='ltr'><strong>dissentire.</strong></span> <span class='ocrx_word' id='word_1_519' title='bbox 2593 3871 2841 3929; x_wconf 83' lang='lat' dir='ltr'><strong>Haereses</strong></span> <span class='ocrx_word' id='word_1_520' title='bbox 2890 3881 3095 3939; x_wconf 89' lang='lat' dir='ltr'><strong>autem,</strong></span> <span class='ocrx_word' id='word_1_521' title='bbox 3150 3873 3301 3929; x_wconf 90' lang='lat' dir='ltr'><strong>velut</strong></span> 
     </span>
    </p>
   </div>
   <div class='ocr_carea' id='block_1_79' title="bbox 1729 3960 3303 4029">
    <p class='ocr_par' dir='ltr' id='par_1_79' title="bbox 1729 3960 3303 4029">
     <span class='ocr_line' id='line_1_79' title="bbox 1729 3960 3303 4029; baseline 0.003 -14"><span class='ocrx_word' id='word_1_522' title='bbox 1729 3960 2177 4029; x_wconf 64' lang='lat' dir='ltr'><strong>Manichaeorum,</strong></span> <span class='ocrx_word' id='word_1_523' title='bbox 2206 3971 2260 4018; x_wconf 90' lang='lat' dir='ltr'><strong>et</strong></span> <span class='ocrx_word' id='word_1_524' title='bbox 2283 3960 2818 4027; x_wconf 77' lang='lat' dir='ltr'><strong>Valentinianorum.</strong></span> <span class='ocrx_word' id='word_1_525' title='bbox 2845 3972 2901 4018; x_wconf 93' lang='lat' dir='ltr'><strong>et</strong></span> <span class='ocrx_word' id='word_1_526' title='bbox 2930 3963 3303 4021; x_wconf 55' lang='lat' dir='ltr'><strong>Marcionis“-</strong></span> 
     </span>
    </p>
   </div>
   <div class='ocr_carea' id='block_1_80' title="bbox 1728 4053 3298 4125">
    <p class='ocr_par' dir='ltr' id='par_1_80' title="bbox 1728 4053 3298 4125">
     <span class='ocr_line' id='line_1_80' title="bbox 1728 4053 3298 4125; baseline 0.003 -18"><span class='ocrx_word' id='word_1_527' title='bbox 1728 4068 1873 4119; x_wconf 89' lang='lat' dir='ltr'><strong>rum,</strong></span> <span class='ocrx_word' id='word_1_528' title='bbox 1904 4062 1960 4108; x_wconf 90' lang='lat' dir='ltr'><strong>et</strong></span> <span class='ocrx_word' id='word_1_529' title='bbox 1980 4053 2177 4109; x_wconf 88' lang='lat' dir='ltr'><strong>borum</strong></span> <span class='ocrx_word' id='word_1_530' title='bbox 2208 4054 2451 4125; x_wconf 90' lang='lat' dir='ltr'><strong>ipsorum</strong></span> <span class='ocrx_word' id='word_1_531' title='bbox 2476 4056 2887 4125; x_wconf 87' lang='lat' dir='ltr'><strong>Pepuzenorum</strong></span> <span class='ocrx_word' id='word_1_532' title='bbox 2911 4074 2924 4122; x_wconf 93' lang='lat'><strong>;</strong></span> <span class='ocrx_word' id='word_1_533' title='bbox 2945 4058 3127 4111; x_wconf 88' lang='lat' dir='ltr'><strong>statim</strong></span> <span class='ocrx_word' id='word_1_534' title='bbox 3150 4058 3298 4113; x_wconf 89' lang='lat' dir='ltr'><strong>enim</strong></span> 
     </span>
    </p>
   </div>
   <div class='ocr_carea' id='block_1_81' title="bbox 1729 4146 3300 4221">
    <p class='ocr_par' dir='ltr' id='par_1_81' title="bbox 1729 4146 3300 4221">
     <span class='ocr_line' id='line_1_81' title="bbox 1729 4146 3300 4221; baseline 0.003 -20"><span class='ocrx_word' id='word_1_535' title='bbox 1729 4146 1796 4201; x_wconf 92' lang='lat' dir='ltr'><strong>de</strong></span> <span class='ocrx_word' id='word_1_536' title='bbox 1825 4147 1943 4216; x_wconf 89' lang='lat' dir='ltr'><strong>ipsa</strong></span> <span class='ocrx_word' id='word_1_537' title='bbox 1972 4147 2027 4202; x_wconf 92' lang='lat' dir='ltr'><strong>in</strong></span> <span class='ocrx_word' id='word_1_538' title='bbox 2065 4147 2236 4203; x_wconf 87' lang='lat' dir='ltr'><strong>Deum</strong></span> <span class='ocrx_word' id='word_1_539' title='bbox 2266 4148 2370 4205; x_wconf 81' lang='lat' dir='ltr'><strong>ﬁde</strong></span> <span class='ocrx_word' id='word_1_540' title='bbox 2403 4149 2675 4206; x_wconf 87' lang='lat' dir='ltr'><strong>dissensio</strong></span> <span class='ocrx_word' id='word_1_541' title='bbox 2702 4157 2805 4205; x_wconf 87' lang='lat' dir='ltr'><strong>est.</strong></span> <span class='ocrx_word' id='word_1_542' title='bbox 2836 4149 3027 4205; x_wconf 80' lang='lat' dir='ltr'><strong>Visum</strong></span> <span class='ocrx_word' id='word_1_543' title='bbox 3062 4161 3144 4205; x_wconf 91' lang='lat' dir='ltr'><strong>est</strong></span> <span class='ocrx_word' id='word_1_544' title='bbox 3169 4165 3300 4221; x_wconf 78' lang='lat' dir='ltr'><strong>ergo</strong></span> 
     </span>
    </p>
   </div>
   <div class='ocr_carea' id='block_1_82' title="bbox 1729 4241 3301 4314">
    <p class='ocr_par' dir='ltr' id='par_1_82' title="bbox 1729 4241 3301 4314">
     <span class='ocr_line' id='line_1_82' title="bbox 1729 4241 3301 4314; baseline 0.003 -20"><span class='ocrx_word' id='word_1_545' title='bbox 1729 4241 1972 4312; x_wconf 86' lang='lat' dir='ltr'><strong>antiquis</strong></span> <span class='ocrx_word' id='word_1_546' title='bbox 2002 4242 2384 4297; x_wconf 64' lang='lat' dir='ltr'><strong>haereticorum</strong></span> <span class='ocrx_word' id='word_1_547' title='bbox 2426 4242 2647 4313; x_wconf 91' lang='lat' dir='ltr'><strong>quidem</strong></span> <span class='ocrx_word' id='word_1_548' title='bbox 2676 4243 2943 4314; x_wconf 88' lang='lat' dir='ltr'><strong>baptisma</strong></span> <span class='ocrx_word' id='word_1_549' title='bbox 2979 4244 3190 4313; x_wconf 83' lang='lat' dir='ltr'><strong>penitus</strong></span> <span class='ocrx_word' id='word_1_550' title='bbox 3212 4259 3301 4299; x_wconf 83' lang='lat' dir='ltr'><strong>re-</strong></span> 
     </span>
    </p>
   </div>
   <div class='ocr_carea' id='block_1_83' title="bbox 1722 4331 3301 4403">
    <p class='ocr_par' dir='ltr' id='par_1_83' title="bbox 1722 4331 3301 4403">
     <span class='ocr_line' id='line_1_83' title="bbox 1722 4331 3301 4403; baseline 0.004 -16"><span class='ocrx_word' id='word_1_551' title='bbox 1722 4331 1930 4403; x_wconf 90' lang='lat' dir='ltr'><strong>jicere;</strong></span> <span class='ocrx_word' id='word_1_552' title='bbox 1978 4334 2456 4390; x_wconf 89' lang='lat' dir='ltr'><strong>schismaticorum</strong></span> <span class='ocrx_word' id='word_1_553' title='bbox 2488 4351 2637 4403; x_wconf 84' lang='lat' dir='ltr'><strong>vero,</strong></span> <span class='ocrx_word' id='word_1_554' title='bbox 2685 4347 2744 4390; x_wconf 91' lang='lat' dir='ltr'><strong>ut</strong></span> <span class='ocrx_word' id='word_1_555' title='bbox 2786 4337 2964 4393; x_wconf 91' lang='lat' dir='ltr'><strong>adhuc</strong></span> <span class='ocrx_word' id='word_1_556' title='bbox 3006 4354 3069 4392; x_wconf 82' lang='lat' dir='ltr'><strong>ex</strong></span> <span class='ocrx_word' id='word_1_557' title='bbox 3114 4338 3301 4394; x_wconf 89' lang='lat' dir='ltr'><strong>Eccle-</strong></span> 
     </span>
    </p>
   </div>
   <div class='ocr_carea' id='block_1_84' title="bbox 1728 4424 3304 4501">
    <p class='ocr_par' dir='ltr' id='par_1_84' title="bbox 1728 4424 3304 4501">
     <span class='ocr_line' id='line_1_84' title="bbox 1728 4424 3304 4501; baseline 0.005 -22"><span class='ocrx_word' id='word_1_558' title='bbox 1728 4424 1811 4479; x_wconf 85' lang='lat' dir='ltr'><strong>sia</strong></span> <span class='ocrx_word' id='word_1_559' title='bbox 1855 4425 2253 4494; x_wconf 84' lang='lat' dir='ltr'><strong>exsistentium,</strong></span> <span class='ocrx_word' id='word_1_560' title='bbox 2285 4427 2608 4495; x_wconf 86' lang='lat' dir='ltr'><strong>admittere;</strong></span> <span class='ocrx_word' id='word_1_561' title='bbox 2658 4443 2752 4484; x_wconf 90' lang='lat' dir='ltr'><strong>eos</strong></span> <span class='ocrx_word' id='word_1_562' title='bbox 2787 4430 3002 4485; x_wconf 86' lang='lat' dir='ltr'><strong>tandem</strong></span> <span class='ocrx_word' id='word_1_563' title='bbox 3037 4430 3127 4501; x_wconf 88' lang='lat' dir='ltr'><strong>qui</strong></span> <span class='ocrx_word' id='word_1_564' title='bbox 3172 4441 3304 4489; x_wconf 91' lang='lat' dir='ltr'><strong>sunt</strong></span> 
     </span>
    </p>
   </div>
   <div class='ocr_carea' id='block_1_85' title="bbox 1730 4516 3300 4590">
    <p class='ocr_par' dir='ltr' id='par_1_85' title="bbox 1730 4516 3300 4590">
     <span class='ocr_line' id='line_1_85' title="bbox 1730 4516 3300 4590; baseline 0.004 -18"><span class='ocrx_word' id='word_1_565' title='bbox 1730 4516 1785 4572; x_wconf 87' lang='lat' dir='ltr'><strong>in</strong></span> <span class='ocrx_word' id='word_1_566' title='bbox 1826 4519 2269 4590; x_wconf 78' lang='lat' dir='ltr'><strong>parasynagogis,</strong></span> <span class='ocrx_word' id='word_1_567' title='bbox 2302 4520 2450 4588; x_wconf 86' lang='lat' dir='ltr'><strong>justa</strong></span> <span class='ocrx_word' id='word_1_568' title='bbox 2497 4521 2810 4589; x_wconf 64' lang='lat' dir='ltr'><strong>paenitentia</strong></span> <span class='ocrx_word' id='word_1_569' title='bbox 2851 4531 2904 4577; x_wconf 88' lang='lat' dir='ltr'><strong>et</strong></span> <span class='ocrx_word' id='word_1_570' title='bbox 2956 4523 3300 4579; x_wconf 84' lang='lat' dir='ltr'><strong>animadver-</strong></span> 
     </span>
    </p>
   </div>
   <div class='ocr_carea' id='block_1_86' title="bbox 1730 4605 3303 4681">
    <p class='ocr_par' dir='ltr' id='par_1_86' title="bbox 1730 4605 3303 4681">
     <span class='ocr_line' id='line_1_86' title="bbox 1730 4605 3303 4681; baseline 0.006 -21"><span class='ocrx_word' id='word_1_571' title='bbox 1730 4605 1887 4661; x_wconf 88' lang='lat' dir='ltr'><strong>sione</strong></span> <span class='ocrx_word' id='word_1_572' title='bbox 1911 4608 2226 4662; x_wconf 89' lang='lat' dir='ltr'><strong>emendatos</strong></span> <span class='ocrx_word' id='word_1_573' title='bbox 2252 4622 2445 4663; x_wconf 88' lang='lat' dir='ltr'><strong>rursus</strong></span> <span class='ocrx_word' id='word_1_574' title='bbox 2479 4606 2733 4664; x_wconf 73' lang='lat' dir='ltr'><strong>Ecclesiae</strong></span> <span class='ocrx_word' id='word_1_575' title='bbox 2767 4612 3098 4681; x_wconf 68' lang='lat' dir='ltr'><strong>conjungere</strong></span> <span class='ocrx_word' id='word_1_576' title='bbox 3122 4631 3138 4681; x_wconf 91' lang='lat'><strong>;</strong></span> <span class='ocrx_word' id='word_1_577' title='bbox 3165 4614 3303 4669; x_wconf 91' lang='lat' dir='ltr'><strong>adeo</strong></span> 
     </span>
    </p>
   </div>
   <div class='ocr_carea' id='block_1_87' title="bbox 1731 4694 3304 4765">
    <p class='ocr_par' dir='ltr' id='par_1_87' title="bbox 1731 4694 3304 4765">
     <span class='ocr_line' id='line_1_87' title="bbox 1731 4694 3304 4765; baseline 0.005 -18"><span class='ocrx_word' id='word_1_578' title='bbox 1731 4700 1794 4747; x_wconf 90' lang='lat' dir='ltr'><strong>ut</strong></span> <span class='ocrx_word' id='word_1_579' title='bbox 1823 4708 1964 4764; x_wconf 65' lang='lat' dir='ltr'><strong>saepe</strong></span> <span class='ocrx_word' id='word_1_580' title='bbox 1988 4703 2042 4748; x_wconf 91' lang='lat' dir='ltr'><strong>et</strong></span> <span class='ocrx_word' id='word_1_581' title='bbox 2072 4694 2109 4749; x_wconf 91' lang='lat' dir='ltr'><strong>ii</strong></span> <span class='ocrx_word' id='word_1_582' title='bbox 2152 4697 2246 4764; x_wconf 91' lang='lat' dir='ltr'><strong>qui</strong></span> <span class='ocrx_word' id='word_1_583' title='bbox 2275 4696 2327 4748; x_wconf 91' lang='lat' dir='ltr'><strong>in</strong></span> <span class='ocrx_word' id='word_1_584' title='bbox 2358 4695 2526 4765; x_wconf 79' lang='lat' dir='ltr'><strong>gradu</strong></span> <span class='ocrx_word' id='word_1_585' title='bbox 2564 4695 2811 4752; x_wconf 89' lang='lat' dir='ltr'><strong>collocati</strong></span> <span class='ocrx_word' id='word_1_586' title='bbox 2839 4714 2944 4754; x_wconf 87' lang='lat' dir='ltr'><strong>una</strong></span> <span class='ocrx_word' id='word_1_587' title='bbox 2975 4715 3098 4754; x_wconf 92' lang='lat' dir='ltr'><strong>cum</strong></span> <span class='ocrx_word' id='word_1_588' title='bbox 3128 4700 3304 4757; x_wconf 82' lang='lat' dir='ltr'><strong>rebel-</strong></span> 
     </span>
    </p>
   </div>
   <div class='ocr_carea' id='block_1_88' title="bbox 1729 4785 3301 4864">
    <p class='ocr_par' dir='ltr' id='par_1_88' title="bbox 1729 4785 3301 4864">
     <span class='ocr_line' id='line_1_88' title="bbox 1729 4785 3301 4864; baseline 0.004 -22"><span class='ocrx_word' id='word_1_589' title='bbox 1729 4785 1874 4842; x_wconf 88' lang='lat' dir='ltr'><strong>libus</strong></span> <span class='ocrx_word' id='word_1_590' title='bbox 1908 4786 2177 4852; x_wconf 79' lang='lat' dir='ltr'><strong>abierant,</strong></span> <span class='ocrx_word' id='word_1_591' title='bbox 2220 4794 2510 4857; x_wconf 90' lang='lat' dir='ltr'><strong>postquam</strong></span> <span class='ocrx_word' id='word_1_592' title='bbox 2557 4790 2928 4859; x_wconf 74' lang='lat' dir='ltr'><strong>paenitentiam</strong></span> <span class='ocrx_word' id='word_1_593' title='bbox 2962 4794 3190 4864; x_wconf 76' lang='lat' dir='ltr'><strong>egerint,</strong></span> <span class='ocrx_word' id='word_1_594' title='bbox 3245 4793 3301 4849; x_wconf 89' lang='lat' dir='ltr'><strong>in</strong></span> 
     </span>
    </p>
   </div>
   <div class='ocr_carea' id='block_1_89' title="bbox 1730 4876 2666 4936">
    <p class='ocr_par' dir='ltr' id='par_1_89' title="bbox 1730 4876 2666 4936">
     <span class='ocr_line' id='line_1_89' title="bbox 1730 4876 2666 4936; baseline 0.002 -2"><span class='ocrx_word' id='word_1_595' title='bbox 1730 4876 1983 4934; x_wconf 85' lang='lat' dir='ltr'><strong>eumdem</strong></span> <span class='ocrx_word' id='word_1_596' title='bbox 2013 4878 2259 4933; x_wconf 88' lang='lat' dir='ltr'><strong>ordinem</strong></span> <span class='ocrx_word' id='word_1_597' title='bbox 2288 4880 2666 4936; x_wconf 87' lang='lat' dir='ltr'><strong>admittantur.</strong></span> 
     </span>
    </p>
   </div>
   <div class='ocr_carea' id='block_1_90' title="bbox 1800 4968 3304 5046">
    <p class='ocr_par' dir='ltr' id='par_1_90' title="bbox 1800 4968 3304 5046">
     <span class='ocr_line' id='line_1_90' title="bbox 1800 4968 3304 5046; baseline 0.005 -23"><span class='ocrx_word' id='word_1_598' title='bbox 1800 4968 2066 5038; x_wconf 84' lang='lat' dir='ltr'><strong>Pepuzeni</strong></span> <span class='ocrx_word' id='word_1_599' title='bbox 2094 4983 2223 5039; x_wconf 83' lang='lat' dir='ltr'><strong>ergo</strong></span> <span class='ocrx_word' id='word_1_600' title='bbox 2244 4981 2373 5024; x_wconf 88' lang='lat' dir='ltr'><strong>sunt</strong></span> <span class='ocrx_word' id='word_1_601' title='bbox 2401 4981 2585 5040; x_wconf 88' lang='lat' dir='ltr'><strong>aperte</strong></span> <span class='ocrx_word' id='word_1_602' title='bbox 2616 4973 2856 5030; x_wconf 81' lang='lat' dir='ltr'><strong>haeretici</strong></span> <span class='ocrx_word' id='word_1_603' title='bbox 2885 4993 2899 5029; x_wconf 90' lang='lat'><strong>:</strong></span> <span class='ocrx_word' id='word_1_604' title='bbox 2933 4991 3057 5030; x_wconf 91' lang='lat' dir='ltr'><strong>nam</strong></span> <span class='ocrx_word' id='word_1_605' title='bbox 3092 4975 3144 5030; x_wconf 91' lang='lat' dir='ltr'><strong>in</strong></span> <span class='ocrx_word' id='word_1_606' title='bbox 3176 4974 3304 5046; x_wconf 70' lang='lat' dir='ltr'><strong>Spio</strong></span> 
     </span>
    </p>
   </div>
   <div class='ocr_carea' id='block_1_91' title="bbox 1732 5058 3301 5131">
    <p class='ocr_par' dir='ltr' id='par_1_91' title="bbox 1732 5058 3301 5131">
     <span class='ocr_line' id='line_1_91' title="bbox 1732 5058 3301 5131; baseline 0.004 -18"><span class='ocrx_word' id='word_1_607' title='bbox 1732 5058 1895 5113; x_wconf 85' lang='lat' dir='ltr'><strong>ritum</strong></span> <span class='ocrx_word' id='word_1_608' title='bbox 1946 5071 2193 5115; x_wconf 85' lang='lat' dir='ltr'><strong>sanctum</strong></span> <span class='ocrx_word' id='word_1_609' title='bbox 2241 5061 2777 5131; x_wconf 83' lang='lat' dir='ltr'><strong>blasphemavernnt,</strong></span> <span class='ocrx_word' id='word_1_610' title='bbox 2812 5065 3067 5120; x_wconf 84' lang='lat' dir='ltr'><strong>Montano</strong></span> <span class='ocrx_word' id='word_1_611' title='bbox 3098 5074 3152 5119; x_wconf 93' lang='lat' dir='ltr'><strong>et</strong></span> <span class='ocrx_word' id='word_1_612' title='bbox 3183 5066 3301 5120; x_wconf 87' lang='lat' dir='ltr'><strong>Pri-</strong></span> 
     </span>
    </p>
   </div>
   <div class='ocr_carea' id='block_1_92' title="bbox 1732 5150 3303 5226">
    <p class='ocr_par' dir='ltr' id='par_1_92' title="bbox 1732 5150 3303 5226">
     <span class='ocr_line' id='line_1_92' title="bbox 1732 5150 3303 5226; baseline 0.004 -19"><span class='ocrx_word' id='word_1_613' title='bbox 1732 5153 1897 5209; x_wconf 67' lang='lat' dir='ltr'><strong>scillae</strong></span> <span class='ocrx_word' id='word_1_614' title='bbox 1923 5150 2189 5209; x_wconf 86' lang='lat' dir='ltr'><strong>Paracleti</strong></span> <span class='ocrx_word' id='word_1_615' title='bbox 2227 5157 2641 5226; x_wconf 82' lang='lat' dir='ltr'><strong>appellationem</strong></span> <span class='ocrx_word' id='word_1_616' title='bbox 2688 5157 2895 5212; x_wconf 84' lang='lat' dir='ltr'><strong>nefarie</strong></span> <span class='ocrx_word' id='word_1_617' title='bbox 2936 5159 3303 5226; x_wconf 83' lang='lat' dir='ltr'><strong>impudenter-</strong></span> 
     </span>
    </p>
   </div>
   <div class='ocr_carea' id='block_1_93' title="bbox 1731 5244 3303 5316">
    <p class='ocr_par' dir='ltr' id='par_1_93' title="bbox 1731 5244 3303 5316">
     <span class='ocr_line' id='line_1_93' title="bbox 1731 5244 3303 5316; baseline 0.003 -19"><span class='ocrx_word' id='word_1_618' title='bbox 1731 5259 1841 5314; x_wconf 80' lang='lat' dir='ltr'><strong>que</strong></span> <span class='ocrx_word' id='word_1_619' title='bbox 1886 5244 2264 5301; x_wconf 85' lang='lat' dir='ltr'><strong>attribuentes.</strong></span> <span class='ocrx_word' id='word_1_620' title='bbox 2317 5246 2501 5315; x_wconf 77' lang='lat' dir='ltr'><strong>Igitur,</strong></span> <span class='ocrx_word' id='word_1_621' title='bbox 2556 5248 2670 5301; x_wconf 87' lang='lat' dir='ltr'><strong>sive</strong></span> <span class='ocrx_word' id='word_1_622' title='bbox 2704 5249 2830 5316; x_wconf 82' lang='lat' dir='ltr'><strong>quin</strong></span> <span class='ocrx_word' id='word_1_623' title='bbox 2879 5248 3193 5302; x_wconf 87' lang='lat' dir='ltr'><strong>hominibus</strong></span> <span class='ocrx_word' id='word_1_624' title='bbox 3219 5248 3303 5304; x_wconf 89' lang='lat' dir='ltr'><strong>di-</strong></span> 
     </span>
    </p>
   </div>
   <div class='ocr_carea' id='block_1_94' title="bbox 1730 5334 3301 5410">
    <p class='ocr_par' dir='ltr' id='par_1_94' title="bbox 1730 5334 3301 5410">
     <span class='ocr_line' id='line_1_94' title="bbox 1730 5334 3301 5410; baseline 0.003 -23"><span class='ocrx_word' id='word_1_625' title='bbox 1730 5334 2013 5388; x_wconf 85' lang='lat' dir='ltr'><strong>vinitatem</strong></span> <span class='ocrx_word' id='word_1_626' title='bbox 2047 5334 2374 5401; x_wconf 85' lang='lat' dir='ltr'><strong>attribuunt,</strong></span> <span class='ocrx_word' id='word_1_627' title='bbox 2404 5336 2800 5389; x_wconf 75' lang='lat' dir='ltr'><strong>condemnandi</strong></span> <span class='ocrx_word' id='word_1_628' title='bbox 2830 5345 2957 5391; x_wconf 89' lang='lat' dir='ltr'><strong>sunt</strong></span> <span class='ocrx_word' id='word_1_629' title='bbox 2982 5352 2997 5390; x_wconf 88' lang='lat'><strong>:</strong></span> <span class='ocrx_word' id='word_1_630' title='bbox 3027 5337 3142 5392; x_wconf 89' lang='lat' dir='ltr'><strong>sive</strong></span> <span class='ocrx_word' id='word_1_631' title='bbox 3174 5338 3301 5410; x_wconf 88' lang='lat' dir='ltr'><strong>quia</strong></span> 
     </span>
    </p>
   </div>
   <div class='ocr_carea' id='block_1_95' title="bbox 1732 5423 3301 5495">
    <p class='ocr_par' dir='ltr' id='par_1_95' title="bbox 1732 5423 3301 5495">
     <span class='ocr_line' id='line_1_95' title="bbox 1732 5423 3301 5495; baseline 0.004 -16"><span class='ocrx_word' id='word_1_632' title='bbox 1732 5423 1994 5495; x_wconf 88' lang='lat' dir='ltr'><strong>Spiritum</strong></span> <span class='ocrx_word' id='word_1_633' title='bbox 2021 5436 2268 5480; x_wconf 88' lang='lat' dir='ltr'><strong>sanctum</strong></span> <span class='ocrx_word' id='word_1_634' title='bbox 2303 5426 2544 5482; x_wconf 83' lang='lat' dir='ltr'><strong>alliciunt</strong></span> <span class='ocrx_word' id='word_1_635' title='bbox 2574 5427 2795 5495; x_wconf 85' lang='lat' dir='ltr'><strong>injuria,</strong></span> <span class='ocrx_word' id='word_1_636' title='bbox 2828 5429 2958 5485; x_wconf 92' lang='lat' dir='ltr'><strong>dum</strong></span> <span class='ocrx_word' id='word_1_637' title='bbox 2985 5444 3111 5485; x_wconf 86' lang='lat' dir='ltr'><strong>eum</strong></span> <span class='ocrx_word' id='word_1_638' title='bbox 3147 5445 3301 5485; x_wconf 86' lang='lat' dir='ltr'><strong>com-</strong></span> 
     </span>
    </p>
   </div>
   <div class='ocr_carea' id='block_1_96' title="bbox 103 5506 1642 5597">
    <p class='ocr_par' dir='ltr' id='par_1_96' title="bbox 103 5506 1626 5597">
     <span class='ocr_line' id='line_1_96' title="bbox 103 5506 1626 5597; baseline 0.014 -40"><span class='ocrx_word' id='word_1_639' title='bbox 103 5506 476 5597; x_wconf 67' lang='grc' dir='ltr'>καθυϐρίζοντες</span> <span class='ocrx_word' id='word_1_640' title='bbox 494 5534 508 5548; x_wconf 86' lang='grc'><strong>·</strong></span> <span class='ocrx_word' id='word_1_641' title='bbox 544 5520 639 5574; x_wconf 71' lang='grc' dir='ltr'>καὶ</span> <span class='ocrx_word' id='word_1_642' title='bbox 667 5519 810 5574; x_wconf 78' lang='grc' dir='ltr'>οὕτω</span> <span class='ocrx_word' id='word_1_643' title='bbox 834 5524 900 5592; x_wconf 81' lang='grc' dir='ltr'>τῇ</span> <span class='ocrx_word' id='word_1_644' title='bbox 925 5522 1118 5593; x_wconf 81' lang='grc' dir='ltr'>αίωνίᾳ</span> <span class='ocrx_word' id='word_1_645' title='bbox 1148 5523 1411 5595; x_wconf 78' lang='grc' dir='ltr'>καταδίκῃ</span> <span class='ocrx_word' id='word_1_646' title='bbox 1458 5525 1626 5579; x_wconf 84' lang='grc' dir='ltr'>ὑπεύ-</span> 
     </span>
    </p>
   </div>
   <div class='ocr_carea' id='block_1_97' title="bbox 1730 5506 3304 5597">
    <p class='ocr_par' dir='ltr' id='par_1_97' title="bbox 1735 5518 3304 5586">
     <span class='ocr_line' id='line_1_97' title="bbox 1735 5518 3304 5586; baseline 0.004 -16"><span class='ocrx_word' id='word_1_647' title='bbox 1735 5523 1927 5586; x_wconf 87' lang='lat' dir='ltr'><strong>parant</strong></span> <span class='ocrx_word' id='word_1_648' title='bbox 1956 5533 2079 5571; x_wconf 91' lang='lat' dir='ltr'><strong>cum</strong></span> <span class='ocrx_word' id='word_1_649' title='bbox 2115 5518 2455 5582; x_wconf 88' lang='lat' dir='ltr'><strong>hominibus,</strong></span> <span class='ocrx_word' id='word_1_650' title='bbox 2485 5520 2565 5575; x_wconf 81' lang='lat' dir='ltr'><strong>sic</strong></span> <span class='ocrx_word' id='word_1_651' title='bbox 2588 5521 2752 5575; x_wconf 85' lang='lat' dir='ltr'><strong>etiam</strong></span> <span class='ocrx_word' id='word_1_652' title='bbox 2777 5530 2905 5577; x_wconf 88' lang='lat' dir='ltr'><strong>sunt</strong></span> <span class='ocrx_word' id='word_1_653' title='bbox 2928 5530 3145 5578; x_wconf 68' lang='lat' dir='ltr'><strong>aeterna:</strong></span> <span class='ocrx_word' id='word_1_654' title='bbox 3170 5540 3304 5579; x_wconf 89' lang='lat' dir='ltr'><strong>con-</strong></span> 
     </span>
    </p>
   </div>
   <div class='ocr_carea' id='block_1_98' title="bbox 103 5593 1642 5688">
    <p class='ocr_par' dir='ltr' id='par_1_98' title="bbox 103 5593 1623 5688">
     <span class='ocr_line' id='line_1_98' title="bbox 103 5593 1623 5688; baseline 0.011 -34"><span class='ocrx_word' id='word_1_655' title='bbox 103 5593 239 5688; x_wconf 69' lang='grc' dir='ltr'>οννοι,</span> <span class='ocrx_word' id='word_1_656' title='bbox 266 5604 347 5660; x_wconf 83' lang='grc' dir='ltr'>διὰ</span> <span class='ocrx_word' id='word_1_657' title='bbox 374 5609 435 5661; x_wconf 84' lang='grc' dir='ltr'>τὸ</span> <span class='ocrx_word' id='word_1_658' title='bbox 470 5610 856 5683; x_wconf 84' lang='grc' dir='ltr'>ἀσυγχώρητον</span> <span class='ocrx_word' id='word_1_659' title='bbox 897 5609 1037 5667; x_wconf 80' lang='grc' dir='ltr'>εῖναι</span> <span class='ocrx_word' id='word_1_660' title='bbox 1067 5613 1165 5684; x_wconf 81' lang='grc' dir='ltr'>τὴν</span> <span class='ocrx_word' id='word_1_661' title='bbox 1200 5616 1279 5678; x_wconf 84' lang='grc' dir='ltr'><strong>είς</strong></span> <span class='ocrx_word' id='word_1_662' title='bbox 1311 5593 1623 5688; x_wconf 15' lang='grc' dir='ltr'>τδἽΪΙνεῦμα</span> 
     </span>
    </p>
   </div>
   <div class='ocr_carea' id='block_1_99' title="bbox 1730 5593 3304 5688">
    <p class='ocr_par' dir='ltr' id='par_1_99' title="bbox 1734 5604 3304 5684">
     <span class='ocr_line' id='line_1_99' title="bbox 1734 5604 3304 5684; baseline 0.006 -26"><span class='ocrx_word' id='word_1_663' title='bbox 1734 5604 2069 5661; x_wconf 87' lang='lat' dir='ltr'><strong>demnationi</strong></span> <span class='ocrx_word' id='word_1_664' title='bbox 2119 5607 2364 5675; x_wconf 83' lang='lat' dir='ltr'><strong>obnoxii,</strong></span> <span class='ocrx_word' id='word_1_665' title='bbox 2415 5610 2559 5679; x_wconf 90' lang='lat' dir='ltr'><strong>quod</strong></span> <span class='ocrx_word' id='word_1_666' title='bbox 2616 5611 2914 5667; x_wconf 89' lang='lat' dir='ltr'><strong>condonari</strong></span> <span class='ocrx_word' id='word_1_667' title='bbox 2971 5629 3079 5669; x_wconf 89' lang='lat' dir='ltr'><strong>non</strong></span> <span class='ocrx_word' id='word_1_668' title='bbox 3131 5614 3304 5684; x_wconf 82' lang='lat' dir='ltr'><strong>possit</strong></span> 
     </span>
    </p>
   </div>
   <div class='ocr_carea' id='block_1_100' title="bbox 101 5686 1623 5773">
    <p class='ocr_par' dir='ltr' id='par_1_100' title="bbox 101 5686 1623 5773">
     <span class='ocr_line' id='line_1_100' title="bbox 101 5686 1623 5773; baseline 0.013 -32"><span class='ocrx_word' id='word_1_669' title='bbox 101 5686 149 5738; x_wconf 73' lang='grc' dir='ltr'>τὸ</span> <span class='ocrx_word' id='word_1_670' title='bbox 165 5689 299 5757; x_wconf 70' lang='grc' dir='ltr'>ἅγιον</span> <span class='ocrx_word' id='word_1_671' title='bbox 336 5696 715 5773; x_wconf 60' lang='grc' dir='ltr'>βλασφημίαν</span> <span class='ocrx_word' id='word_1_672' title='bbox 740 5702 863 5756; x_wconf 79' lang='grc' dir='ltr'>τίνα</span> <span class='ocrx_word' id='word_1_673' title='bbox 896 5698 989 5757; x_wconf 81' lang='grc' dir='ltr'>οὖν</span> <span class='ocrx_word' id='word_1_674' title='bbox 1034 5702 1193 5772; x_wconf 89' lang='grc' dir='ltr'>λόγον</span> <span class='ocrx_word' id='word_1_675' title='bbox 1245 5704 1358 5773; x_wconf 77' lang='grc' dir='ltr'>ἔχει</span> <span class='ocrx_word' id='word_1_676' title='bbox 1394 5707 1452 5759; x_wconf 85' lang='grc' dir='ltr'><strong>τὸ</strong></span> <span class='ocrx_word' id='word_1_677' title='bbox 1497 5686 1623 5761; x_wconf 83' lang='grc' dir='ltr'>τού-</span> 
     </span>
    </p>
   </div>
   <div class='ocr_carea' id='block_1_101' title="bbox 66 5782 1622 5863">
    <p class='ocr_par' dir='ltr' id='par_1_101' title="bbox 66 5782 1622 5863">
     <span class='ocr_line' id='line_1_101' title="bbox 66 5782 1622 5863; baseline 0.01 -28"><span class='ocrx_word' id='word_1_678' title='bbox 66 5790 190 5831; x_wconf 68' lang='grc' dir='ltr'>’των</span> <span class='ocrx_word' id='word_1_679' title='bbox 234 5782 501 5859; x_wconf 72' lang='grc' dir='ltr'>βάπτισμα</span> <span class='ocrx_word' id='word_1_680' title='bbox 538 5790 879 5862; x_wconf 83' lang='grc' dir='ltr'>ἐγκριθῆναι,</span> <span class='ocrx_word' id='word_1_681' title='bbox 922 5790 1032 5846; x_wconf 84' lang='grc' dir='ltr'><strong>τῶν</strong></span> <span class='ocrx_word' id='word_1_682' title='bbox 1105 5791 1480 5863; x_wconf 76' lang='grc' dir='ltr'>βαπτιζόντων</span> <span class='ocrx_word' id='word_1_683' title='bbox 1541 5798 1622 5861; x_wconf 84' lang='grc' dir='ltr'><strong>είς</strong></span> 
     </span>
    </p>
   </div>
   <div class='ocr_carea' id='block_1_102' title="bbox 1732 5696 3303 5776">
    <p class='ocr_par' dir='ltr' id='par_1_102' title="bbox 1732 5696 3303 5776">
     <span class='ocr_line' id='line_1_102' title="bbox 1732 5696 3303 5776; baseline 0.008 -26"><span class='ocrx_word' id='word_1_684' title='bbox 1732 5696 2067 5767; x_wconf 81' lang='lat' dir='ltr'><strong>blasphemia</strong></span> <span class='ocrx_word' id='word_1_685' title='bbox 2117 5699 2169 5753; x_wconf 85' lang='lat' dir='ltr'><strong>in</strong></span> <span class='ocrx_word' id='word_1_686' title='bbox 2209 5700 2470 5770; x_wconf 91' lang='lat' dir='ltr'><strong>Spiritum</strong></span> <span class='ocrx_word' id='word_1_687' title='bbox 2523 5713 2799 5758; x_wconf 89' lang='lat' dir='ltr'><strong>sanctum.</strong></span> <span class='ocrx_word' id='word_1_688' title='bbox 2838 5706 2956 5772; x_wconf 84' lang='lat' dir='ltr'><strong>Qua</strong></span> <span class='ocrx_word' id='word_1_689' title='bbox 3003 5706 3167 5776; x_wconf 76' lang='lat' dir='ltr'><strong>igitur</strong></span> <span class='ocrx_word' id='word_1_690' title='bbox 3212 5721 3303 5762; x_wconf 81' lang='lat' dir='ltr'><strong>ra-</strong></span> 
     </span>
    </p>
   </div>
   <div class='ocr_carea' id='block_1_103' title="bbox 1731 5789 3303 5867">
    <p class='ocr_par' dir='ltr' id='par_1_103' title="bbox 1731 5789 3303 5867">
     <span class='ocr_line' id='line_1_103' title="bbox 1731 5789 3303 5867; baseline 0.004 -22"><span class='ocrx_word' id='word_1_691' title='bbox 1731 5789 1876 5846; x_wconf 74' lang='lat' dir='ltr'><strong>tione</strong></span> <span class='ocrx_word' id='word_1_692' title='bbox 1916 5805 2105 5846; x_wconf 87' lang='lat' dir='ltr'><strong>eorum</strong></span> <span class='ocrx_word' id='word_1_693' title='bbox 2155 5791 2423 5864; x_wconf 84' lang='lat' dir='ltr'><strong>baptisma</strong></span> <span class='ocrx_word' id='word_1_694' title='bbox 2466 5793 2631 5867; x_wconf 79' lang='lat'><strong>381</strong></span> <span class='ocrx_word' id='word_1_695' title='bbox 2678 5797 3016 5864; x_wconf 82' lang='lat' dir='ltr'><strong>admittatur,</strong></span> <span class='ocrx_word' id='word_1_696' title='bbox 3064 5812 3188 5856; x_wconf 87' lang='lat' dir='ltr'><strong>cum</strong></span> <span class='ocrx_word' id='word_1_697' title='bbox 3248 5800 3303 5853; x_wconf 88' lang='lat' dir='ltr'><strong>in</strong></span> 
     </span>
    </p>
   </div>
  </div>
