3870 6290
642 307 747 372 κει-ι
1727 304 1996 367 PHOTII-
2042 306 2550 371 PATRIARCHB
2588 308 2697 372 οι).
3708 327 3787 392 ιιι

646 420 860 475 Patrem
914 425 970 474 et
1026 415 1221 473 Filium
1272 427 1327 475 et
1379 415 1715 473 Montanium
1763 428 1855 472 aut
1908 414 2174 474 Priscilla:

2259 422 2287 479 λ
2313 420 2536 491 Πατέρα
2559 460 2575 487 ,
2599 422 2690 475 καὶ
2716 420 2842 478 my
2874 421 2968 475 καὶ
3010 423 3163 493 ἅγιον
3185 419 3402 494 Πνεῦμα
3442 425 3676 485 Μοντινδν
3720 440 3787 492 καὶ

645 510 965 581 baptixent?
998 510 1106 566 nbn
1138 510 1283 565 enim
1315 507 1573 580 baptizati
1600 516 1727 563 sunt
1751 508 1844 579 qui
1876 508 1931 563 in
1967 522 2054 576 ea,
2089 524 2173 579 qu:

2314 510 2684 580 Πρίσκιλλανς
2733 515 2796 568 οὗ
2845 514 2954 586 γὰρ
3002 514 3411 587 ἐϐαπτίσθησαν
3443 520 3489 572 οί
3532 522 3601 585 εις
3643 527 3699 580 τὰ
3734 533 3789 601 μὴ

645 599 804 655 nobis
837 597 1033 655 tradita
1072 614 1180 653 non
1205 607 1353 663 sunt,
1390 598 1643 668 baptizati
1674 597 1847 654 fuere.
1881 599 2081 666 Quare,
2109 609 2173 655 et:

2313 603 2721 674 παραδεδομένα
2748 608 2879 677 ἡμῖν
2932 607 3315 678 βαπτισθέντες
3338 622 3353 639 ο
3400 608 3528 663 ὥστε
3554 614 3595 667 εί
3622 619 3698 671 καὶ

645 691 752 748 hoc
779 690 1094 763 Dionysium
1122 705 1378 761 magnum
1405 690 1583 756 latuit,
1611 690 1879 745 servanda
1907 690 2066 747 nobis
2102 705 2173 746 no

2315 693 2490 764 μέγαν
2532 696 2691 751 τοῦτο
2732 698 2977 769 παρῆλθε
3016 698 3314 765 Διονύσιον,
3350 698 3459 753 ἀλλ’
3485 702 3601 773 ἡμῖν
3634 708 3685 761 οὐ
3715 729 3787 776 φυ-

643 795 729 840 est
753 783 982 840 imitatio
1006 784 1229 840 erroris.
1271 781 1384 837 Hoc
1420 782 1564 838 enim
1593 798 1757 853 quam
1790 784 2087 840 absurdum
2117 782 2163 838 si

2310 785 2541 841 λακτέον
2566 786 2665 859 τὴν
2683 789 2912 861 μίμησιν
2941 789 3036 845 τοῦ
3068 789 3377 861 σφάλματος
3395 808 3409 823 ο
3442 793 3498 845 τὸ
3518 795 3610 865 γὰρ
3638 799 3789 857 ἄτοπον

645 891 745 932 sua
795 884 989 945 sponte
1041 876 1390 945 perspicuum
1437 884 1542 941 est,
1573 890 1637 931 ac
1672 872 1929 934 omnibus
1954 875 2173 932 evidens

2311 878 2501 933 αὐτόθι
2552 880 2838 951 πρόδηλον,
2887 883 2980 937 καὶ
3032 884 3201 936 πᾶσιν
3250 881 3468 953 ἐναργὲς
3524 880 3595 950 οἷς
3646 906 3689 943 τι
3726 897 3793 949 καὶ

643 968 735 1039 qui
764 969 849 1024 vel
884 968 1071 1024 leviter
1100 968 1416 1023 ratiocinari
1448 978 1699 1039 possunt.

2314 970 2510 1039 μικρὸν
2542 971 2634 1024 τοῦ
2667 971 2976 1041 λογίζεσθαι
3006 975 3274 1044 μέτεστιν.

715 1061 933 1117 Cathari
960 1070 1087 1116 sunt
1110 1070 1164 1115 et
1189 1061 1290 1130 ipsi
1321 1076 1384 1115 ex
1424 1060 1490 1114 iis
1515 1061 1607 1130 qui
1641 1070 1767 1115 sunt
1795 1060 2047 1116 abscissi.
2092 1059 2210 1116 Ca3-

2382 1064 2443 1115 Οί
2468 1063 2525 1116 δὲ
2556 1064 2800 1134 Καθαροί
2834 1066 2926 1120 καὶ
2958 1068 3111 1121 αὐτοὶ
3144 1069 3253 1123 τῶν
3285 1070 3667 1143 ἀπεσχισμένων
3703 1078 3792 1134 είοί·

643 1160 819 1206 terum
849 1151 1086 1220 antiquis
1110 1151 1284 1204 visum
1320 1158 1425 1215 est,
1460 1150 1733 1221 Cypriano
1764 1149 1907 1215 dico,
1936 1159 1990 1205 et
2017 1158 2171 1205 nostr

2312 1151 2449 1222 πλὴν
2476 1152 2616 1219 ἔδοξε
2643 1156 2750 1218 τοῖς
2776 1156 3046 1226 ἀρχαίοις,
3070 1161 3181 1221 τοῖς
3214 1160 3341 1231 περὶ
3381 1162 3661 1232 Κυπριανὸν
3696 1167 3796 1236 λέγω

642 1243 976 1312 Firmilinno,
1023 1247 1121 1301 hos
1164 1262 1354 1301 omnes
1401 1247 1495 1301 uni
1523 1248 1731 1303 calculo
1764 1246 2057 1318 subiicere,
2106 1248 2170 1302 Ca

2311 1244 2405 1333 καὶ
2430 1246 2773 1317 Φιρμιλιανὸν
2802 1249 2892 1301 τὸν
2926 1250 3216 1320 ἡμέτερον,
3257 1251 3473 1315 τούτους
3506 1254 3683 1321 πάντας
3727 1264 3794 1333 μιᾷ

645 1339 851 1404 tharos,
870 1349 921 1393 et
946 1339 1274 1401 Encratitas.
1298 1349 1352 1394 et
1378 1339 1898 1411 llydroparastatas;
1928 1350 2173 1410 proptere

2309 1332 2475 1405 ψήφῳ
2502 1336 2844 1403 ὑποϐάλλειν,
2896 1339 3184 1410 Καθαροὺς
3240 1344 3334 1395 καὶ
3374 1343 3695 1414 Ἐγκρατίτας
3734 1332 3796 1403 ni

642 1430 785 1500 quod
821 1430 1150 1501 principium
1198 1432 1417 1501 quidem
1451 1430 1812 1501 separatiouis
1842 1446 1939 1501 per
1970 1432 2169 1487 schism

2322 1426 2841 1501 Ὑδροπαραστάτας
2864 1445 2880 1462 ⁸
2912 1430 3044 1484 διότι
3076 1434 3110 1504 ἡ
3142 1433 3241 1502 μὲν
3272 1434 3415 1505 ἁρχὴ
3443 1434 3532 1488 τοῦ
3556 1442 3793 1510 χωρισμοῡ,

639 1520 841 1576 factum
869 1522 1045 1579 fuerat
1085 1542 1098 1579 :
1140 1525 1232 1594 qui
1261 1533 1439 1579 autem
1466 1524 1535 1579 ab
1568 1522 1808 1579 Ecclesia
1846 1538 1905 1579 se
1926 1538 2167 1594 separatu

2310 1520 2396 1571 διὰ
2421 1520 2715 1591 σχίσματος
2742 1521 2961 1590 γέγονεν
2982 1539 2997 1554 ο
3040 1525 3095 1576 οί
3140 1524 3198 1578 δὲ
3216 1528 3313 1597 τῆς
3377 1524 3670 1596 Ἐκκλησίας
3704 1533 3797 1586 ἀπο-

639 1622 787 1679 rant,
823 1629 932 1670 nou
969 1614 1242 1671 habebant
1272 1616 1510 1687 amplius
1536 1615 1591 1670 in
1622 1630 1679 1670 se
1712 1617 1939 1686 gratiam
1972 1614 2167 1686 Spiritu

2312 1608 2554 1675 στάντες,
2578 1610 2774 1665 οὐκέτι
2795 1611 2952 1683 ἔσχον
2976 1611 3071 1685 τὴν
3089 1613 3249 1685 χάριν
3272 1614 3367 1668 τοῦ
3386 1616 3536 1686 ἁγίου
3556 1619 3675 1672 Πνεύ
3684 1639 3798 1689 ματος

639 1705 812 1762 sancti
845 1723 861 1761 :
900 1705 1171 1763 defecerat
1203 1710 1347 1763 enim
1390 1708 1841 1771 communicatio.
1898 1708 2167 1781 interrupt

2273 1718 2281 1730 ι
2310 1698 2394 1768 ἐφ’
2422 1699 2646 1763 ἑαυτούς
2666 1716 2680 1731 ο
2715 1702 2936 1755 ἐπέλιπε
2978 1702 3086 1776 γὰρ
3114 1705 3149 1775 ἠ
3179 1704 3464 1775 μετάδοσις
3507 1705 3577 1775 τῷ
3603 1706 3798 1777 διακοπῆ-

638 1796 1066 1854 coutinuatioue.
1132 1799 1232 1865 Qui
1276 1799 1418 1853 enim
1453 1799 1611 1869 primi
1649 1808 2007 1867 recesserant,
2057 1801 2166 1856 ordi

2272 1791 2279 1836 ι
2309 1809 2398 1847 ναι
2418 1789 2519 1863 τὴν
2552 1791 2899 1851 ἀκολουθείαν
2920 1810 2932 1822 ·
2967 1795 3016 1847 οι
3067 1793 3165 1864 μὲν
3209 1794 3317 1863 γὰρ
3352 1793 3551 1865 πρῶτοι
3586 1795 3800 1868 ἀναχωρή·

641 1888 916 1942 nationem
963 1902 993 1942 a
1033 1886 1286 1945 Patrihus
1338 1888 1633 1955 habebant,
1684 1899 1737 1944 et
1796 1905 1893 1960 per
1942 1905 2169 1945 manuut‘

2309 1901 2524 1952 σαντες,
2559 1884 2713 1955 παρά
2742 1883 2851 1938 τῶν
2892 1885 3152 1956 Πατέρων
3191 1884 3351 1955 ἔσχον
3399 1887 3495 1948 τὰς
3524 1890 3800 1956 χειροτονίας,

638 1989 828 2030 eorum
874 1975 1276 2047 impositionem
1327 1976 1595 2033 habebant
1636 1979 1837 2033 donum
1872 1978 2161 2049 spirituale

2310 1974 2405 2027 καὶ
2427 1973 2516 2027 διὰ
2542 1972 2642 2042 τῆς
2688 1973 2984 2035 ἐπιθέσεως
3031 1974 3136 2026 τῶν
3167 1972 3368 2044 χειρῶν
3397 1972 3587 2037 αὐτῶν,
3614 1968 3729 2043 εἶχον
3762 1975 3804 2028 τὸ

638 2067 731 2137 qui
761 2076 941 2122 autem
974 2068 1168 2123 resecti
1193 2076 1345 2133 sunt,
1370 2068 1493 2123 laici
1520 2069 1719 2137 eﬂ‘ecti,
1749 2085 1848 2125 nec
1869 2070 2166 2141 baptizandi

2310 2066 2554 2138 χάρισμα
2589 2064 2649 2120 τὸ
2679 2065 3047 2136 πνευματικόν
3065 2079 3080 2095 ⁸
3106 2066 3155 2116 οἱ
3178 2065 3233 2118 δὲ
3269 2063 3658 2137 ἀπορραγέντες
3678 2066 3806 2120 λαῖκοὶ

638 2172 741 2212 nec
786 2157 1074 2213 ordinandi
1121 2156 1394 2213 habebant
1439 2169 1783 2229 potestatem,
1836 2169 1897 2215 ut
1947 2160 2040 2229 qui
2096 2174 2166 2213 no

2310 2160 2609 2229 γενόμενοι,
2640 2155 2765 2211 οὔτε
2788 2158 2882 2211 τοῦ
2916 2157 3201 2227 βαπτίζειν
3232 2156 3360 2210 οὔτε
3388 2155 3483 2209 τοῦ
3532 2160 3804 2227 χειροτονεῖν,

638 2256 857 2317 possent
887 2247 1122 2318 amplius
1173 2245 1407 2317 Spiritus
1459 2251 1631 2305 sancti
1664 2253 1893 2321 gratiam
1927 2250 2047 2305 aliis
2075 2265 2166 2319 pra

2307 2250 2453 2326 εἶχον
2477 2254 2574 2324 τὴν
2593 2252 2842 2320 ἐξουσίαν
2862 2269 2877 2285 ο
2916 2252 3101 2306 οὐκέτι
3120 2251 3413 2322 δυνάμενοι
3441 2250 3593 2322 χάριν
3616 2250 3806 2321 Πνεύμει-

636 2339 787 2403 bere,
832 2353 863 2393 a
893 2354 999 2409 qua
1031 2338 1133 2410 ipsi
1163 2340 1499 2396 exciderant.
1534 2342 1715 2408 Quare
1744 2356 1859 2406 eos,
1893 2342 1986 2412 qui
2018 2342 2087 2397 ab
2125 2342 2164 2411 ἰι

2307 2363 2396 2408 τος
2430 2344 2587 2412 ἁγίου
2616 2344 2825 2414 ἑτέροις
2845 2344 3127 2414 παρέχειν,
3154 2338 3221 2415 ἧς
3264 2344 3424 2397 αὐτοὶ
3469 2342 3804 2397 Exuit-raditum.

636 2445 821 2487 eorum
883 2433 1132 2503 partibus
1173 2433 1412 2501 stabant,
1465 2442 1725 2505 tauquam
1764 2450 1793 2489 a
1823 2433 1976 2491 laicis
2025 2434 2164 2505 bapti

2308 2438 2387 2491 διὸ
2415 2439 2490 2502 ὡς
2520 2436 2670 2509 παρὰ
2696 2435 2899 2490 λαῖκῶν
2929 2435 3363 2506 βαπτιζομένους
3389 2436 3514 2497 τοὺς
3536 2434 3654 2505 παρ’
3676 2435 3807 2487 αὐτῶν

635 2536 807 2591 zatos,
846 2524 1125 2593 jusserunt
1166 2540 1298 2581 vero
1330 2526 1586 2581 Ecclesiae
1632 2528 1960 2597 baptismate
2002 2528 2071 2583 ad
2099 2528 2163 2583 Er

2309 2527 2597 2581 ἐκέλευσαν
2639 2525 2965 2597 ἐρχομένους
2989 2524 3084 2579 ἐπὶ
3123 2524 3223 2597 τὴν
3264 2523 3605 2595 Ἐκκλησίαν,
3626 2524 3691 2592 τῷ
3722 2525 3813 2595 ἁλη-

643 2617 869 2672 clesiam
892 2617 1174 2672 venientes
1202 2618 1513 2686 expurgari.
1539 2616 1644 2673 Sed
1674 2620 1933 2689 quoniam
1966 2619 2171 2673 nonnul

2309 2616 2438 2689 θινῴ
2461 2616 2796 2688 βαπτίσματι
2825 2616 2901 2687 τῷ
2919 2615 3020 2686 τῆς
3054 2614 3384 2685 Ἐκκλησίας
3398 2612 3811 2683 ἀνακαθαίρεσθαι·

636 2707 703 2764 lis
735 2708 991 2764 Asiaticis
1035 2709 1261 2765 omnino
1315 2710 1494 2766 visum
1540 2719 1624 2766 est
1669 2726 1859 2765 eorum
1909 2711 2164 2782 baptism:

2309 2712 2495 2783 ἐπειδὴ
2551 2711 2608 2765 δὲ
2638 2711 2773 2775 ὅλως
2814 2709 2962 2774 ἔδοξέ
3001 2725 3112 2762 τισι
3162 2708 3269 2761 τῶν
3319 2708 3466 2761 κατά
3506 2709 3597 2779 τὴν
3654 2708 3810 2769 ’Δσίιιν,

632 2799 887 2869 pluribus
942 2801 1259 2856 consulendi
1325 2815 1515 2867 causa,
1568 2801 1977 2872 suscipiendum
2058 2817 2160 2858 esst

2308 2801 2617 2873 οἰκονομίας
2648 2800 2831 2865 ἕνεκα,
2868 2798 2979 2852 τῶν
3030 2797 3241 2852 πολλῶν
3299 2798 3560 2868 δεχθῆναι
3588 2798 3738 2851 αὐτῶν
3772 2802 3814 2850 τὶ)

635 2889 985 2959 suscipiatur.
1042 2889 1449 2946 Encratitarum
1491 2901 1672 2947 autem
1732 2893 1949 2949 facinus
1991 2903 2163 2963 oportt

2313 2894 2615 2966 βάπτισμα,
2664 2895 2804 2949 ἔστω
2850 2892 3076 2948 δεκτόνσ
3121 2894 3182 2947 τὺ
3238 2893 3296 2947 δὲ
3353 2893 3462 2947 τῶν
3516 2892 3815 2963 Ἐγκρατιτὼν

635 2995 735 3035 nos
770 2981 1090 3052 intelligere.
1118 2981 1412 3049 Nimirum,
1446 2994 1504 3040 ut
1532 2985 1764 3040 reditum
1788 2986 1897 3041 sibi
1933 2987 1985 3041 in
2016 2985 2163 3042 Eccl:

2310 2986 2673 3059 κακούργημα
2700 2988 2889 3059 νοῆσαι
2930 2990 3076 3059 ἡμᾶς
3110 2988 3212 3052 δεῖ,
3244 2988 3329 3041 ὅτι
3358 2987 3447 3041 ἵνα
3470 2984 3814 3058 ἀπροσδέκτονς

633 3070 772 3127 siam
812 3072 1254 3141 intercluderent,
1278 3077 1517 3148 aggressi
1547 3086 1676 3131 sunt
1699 3076 1953 3149 deinceps
1984 3078 2161 3149 propri

2312 3078 2509 3142 αὐτοὺς
2542 3078 2809 3149 ποιήσωσι
2844 3081 2910 3150 τῇ
2941 3077 3258 3151 Ἐκκλησία,
3288 3078 3643 3149 ἐπεχείρησαν
3682 3076 3816 3129 λοιπὸν

634 3164 956 3235 baptismate
999 3181 1429 3238 praeoccupare:
1480 3170 1623 3223 unde
1672 3179 1723 3224 et
1767 3184 1919 3225 suam
1955 3171 2162 3239 ipsorut

2315 3170 2432 3241 ίδίῳ
2483 3138 3033 3243 προκαταλαμσάνειν
3079 3138 3443 3242 βαπτίσματι,
3487 3138 3609 3225 δθεν
3645 3170 3724 3223 xci.
3750 3168 3817 3239 τὴν

636 3260 1086 3315 consuetudinem
1140 3261 1437 3317 violarunt.
1491 3263 1756 3318 Existimo
1819 3264 2023 3334 itaque,
2058 3278 2164 3334 quo

2314 3264 2600 3335 συνήθειαν
2624 3262 2721 3335 τὴν
2750 3262 2959 3317 ἑαυτῶν
2983 3260 3377 3334 παρεχάραξαν
3397 3279 3411 3294 ο
3456 3260 3649 3331 νομίζω
3666 3259 3816 3323 τοίνυν,

634 3350 783 3405 niam
813 3350 975 3422 382
1009 3352 1145 3407 nihil
1189 3353 1256 3408 de
1290 3353 1397 3409 illis
1432 3362 1614 3424 aperte
1641 3353 1847 3409 dictum
1875 3363 1978 3419 est,
2012 3369 2162 3409 eorut

2309 3354 2391 3407 ὅτι
2422 3352 2605 3423 ἐπειδὴ
2633 3353 2785 3406 οὐδέν
2815 3356 2930 3407 ἐστι
2956 3354 3085 3424 περὶ
3116 3352 3295 3406 αὐτῶν
3319 3352 3571 3423 φανερῶς
3596 3352 3816 3424 διηγορευ-

633 3444 903 3514 baptisnta
936 3461 965 3498 a
1003 3446 1161 3501 nobis
1198 3446 1554 3516 rejicieudum
1583 3461 1742 3512 esse;
1777 3462 1842 3502 ac
1874 3447 1919 3501 si
1964 3446 2090 3516 quis
2133 3462 2161 3501 a

2315 3444 2493 3516 μένον,
2516 3445 2662 3515 ἡμᾶς
2690 3448 2968 3515 προσῆκεν
3008 3444 3221 3498 ἀθετεῖν
3268 3445 3457 3498 αὐτῶν
3490 3446 3548 3497 τὸ
3578 3445 3817 3515 βάπτισμα,

631 3536 715 3592 eis
743 3538 1035 3605 acceperit,
1082 3539 1425 3594 accedentem
1473 3540 1542 3594 ad
1573 3537 1875 3595 Ecclesiam
1913 3539 2159 3609 baptizan

2312 3538 2415 3592 κάν
2434 3554 2519 3601 τις
2614 3539 2744 3607 παρ’
2775 3536 2958 3590 αὐτῶν
3000 3536 3261 3607 εἰληφὼς,
3308 3538 3607 3609 προσιόντα
3645 3540 3703 3608 τῇ
3736 3536 3820 3589 Ἐκ-

631 3627 784 3684 dum.
829 3627 1005 3700 (Quod
1046 3630 1091 3685 si
1155 3630 1257 3685 hoc
1307 3631 1546 3701 generali
1603 3631 1924 3688 meonomia:
1970 3634 2159 3703 impedi

2312 3629 2512 3701 κλησίᾳ
2539 3628 2725 3682 τοῦτον
2756 3626 3160 3693 ἁναὸαπτίζειν.
3218 3628 3345 3682 Ἐἀν
3378 3630 3566 3700 μέντοι
3604 3630 3755 3699 μέλλοι
3776 3630 3820 3697 τῇ

632 3731 817 3776 mento
855 3723 981 3789 erit,
1036 3738 1233 3779 rursus
1262 3724 1665 3780 consuetudine
1712 3727 1973 3780 utendum
2006 3735 2115 3792 est,
2146 3740 2160 3780 ι

2312 3723 2543 3776 καθόλου
2595 3721 2878 3792 οἰκονομίᾳ
2926 3720 3085 3774 τοῦτο
3134 3721 3398 3792 ἐμπόδιον
3451 3721 3678 3787 ἔσεσθαι,
3707 3720 3822 3773 πάλιν

632 3812 787 3882 sequi
830 3820 1047 3883 oportet
1090 3813 1303 3881 Patres,
1343 3815 1435 3885 qui
1471 3830 1592 3884 quae
1648 3815 1713 3869 ad
1747 3830 1850 3871 nos
1896 3815 2160 3885 pertinent

2312 3814 2389 3886 τῷ
2435 3814 2548 3867 ἔθει
2578 3812 2868 3885 χρηστέον,
2907 3814 3004 3867 καὶ
3053 3817 3167 3878 τοῖς
3218 3814 3618 3884 οἱκονομήμασι
3658 3814 3716 3866 τὰ
3738 3810 3822 3863 καθ’

633 3905 1104 3975 dispensavcrunt.
1156 3907 1361 3964 Vereor
1413 3910 1556 3963 enim
1607 3924 1694 3973 ne,
1734 3912 1863 3964 dum
1917 3924 2012 3965 eos
2043 3910 2161 3966 volu

2313 3908 2461 3977 ἡμᾶς
2511 3905 2788 3977 Πατράσιν
2835 3904 3224 3976 ἀκολουθητέον
3249 3921 3264 3937 ·
3322 3906 3611 3986 ὑφορῶμαι
3646 3905 3735 3975 γὰρ
3773 3902 3822 3971 μή

633 4011 758 4052 mus
806 3998 874 4053 ad
929 3999 1314 4070 baptizandutn
1355 4002 1540 4056 tardos
1582 4000 1783 4067 facere,
1820 4001 2161 4071 impedimenl

2318 4019 2474 4067 ποτε,
2501 4002 2576 4066 ὡς
2606 4001 2909 4073 βουλόμεθα
2945 4001 3211 4072 ὀκνηροὺς
3234 4000 3587 4071 αὑτοὺςξπερὶ
3606 3999 3662 4053 τὸ
3681 3996 3824 4069 βαπτί·

632 4096 853 4157 propter
901 4089 1185 4145 sententia:
1244 4104 1341 4145 see
1363 4091 1573 4145 ritatem
1619 4090 1793 4147 simus
1851 4090 1917 4144 iis
1942 4092 2036 4161 qui
2085 4092 2160 4147 sal

2313 4094 2427 4161 ζειν
2486 4093 2728 4164 ποιῆσαι,
2782 4092 3161 4164 ἑμποδίσωμεν
3206 4094 3319 4156 τοῖς
3352 4092 3672 4163 σωζομένοις
3699 4087 3824 4142 διὰτὸ

630 4178 871 4247 vantur.)
900 4175 1056 4244 Quod
1091 4178 1137 4234 si
1178 4178 1252 4233 illi
1304 4189 1547 4233 nostrum
1579 4180 1906 4249 baptismum
1961 4194 2153 4234 servati

2313 4185 2411 4253 τῆς
2434 4185 2749 4255 προτάσεως
2792 4185 3066 4253 αὐστηρόν
3087 4198 3102 4214 ο
3128 4185 3177 4237 εί
3221 4183 3278 4236 δὲ
3307 4185 3512 4237 ἐκεῖνοι
3555 4182 3825 4253 quidemn

631 4265 739 4322 hoc
787 4283 885 4322 nos
941 4282 1048 4323 non
1079 4280 1313 4325 moveat.
1363 4268 1548 4340 Neque
1593 4274 1738 4325 enim
1787 4270 2049 4326 debemus
2103 4286 2159 4341 pa

2309 4276 2371 4331 τὸ
2398 4276 2661 4348 ἡμέτερον
2689 4274 2991 4345 βάπτισμα,
3024 4275 3183 4328 τοῦτο
3221 4276 3370 4346 ἡμᾶς
3423 4274 3744 4329 δυσωπείτω·
3780 4269 3822 4322 οὐ

633 4357 748 4428 pari
796 4357 1015 4424 referre,
1058 4360 1151 4415 sed
1193 4370 1461 4416 accuratae
1503 4377 1773 4417 canonum
1828 4361 2161 4417 observatior

2311 4369 2420 4441 γὰρ
2449 4368 2767 4424 ἀντιδιδόναι
2793 4368 2960 4437 αὐτῆς
2993 4367 3282 4421 ὑπεύθυνοι
3308 4368 3475 4440 χάριν
3521 4367 3691 4438 ἐσμὲν,
3726 4362 3825 4417 am

631 4452 854 4505 servire.
895 4452 1052 4507 Omni
1096 4461 1276 4508 autem
1323 4458 1534 4510 ratione
1582 4464 1875 4523 statuatur,
1922 4462 1981 4510 ttt
2015 4455 2051 4510 ii
2104 4471 2159 4525 qt

2305 4462 2583 4517 δουλεύειν
2599 4459 2855 4533 ἀκριϐείᾳ
2883 4460 3125 4513 κανόνων
3149 4475 3163 4489 ⁶
3202 4462 3373 4513 παντὶ
3402 4460 3460 4513 δὲ
3500 4459 3639 4531 λόγῳ
3682 4472 3820 4510 τυπω·

633 4539 704 4594 ab
727 4540 940 4595 illorum
978 4542 1248 4612 baptismo
1278 4546 1523 4609 veniunt,
1558 4557 1830 4618 uagantur
1864 4561 2046 4602 coram
2078 4545 2161 4600 ἢιΙι

2311 4557 2481 4628 θὴτω,
2513 4556 2636 4619 τοὺς
2664 4554 2771 4607 ἀπὸ
2792 4553 2886 4607 τοῦ
2936 4551 3245 4623 βαπτισμοῦ
3305 4552 3539 4605 ἐκείνων
3588 4564 3825 4621 προσερχο-

634 4628 779 4685 libus
830 4631 1100 4699 videlicet,
1158 4642 1211 4687 ct
1258 4634 1330 4689 ita
1364 4635 1583 4690 demum
1636 4636 1702 4691 ad
1754 4638 2010 4708 mysteria
2049 4651 2162 4691 acet

2313 4650 2527 4719 μένους,
2548 4645 2797 4716 χρίεσθαι
2827 4643 3048 4699 ἐπὶτῶν
3073 4643 3279 4698 πιστῶν
3298 4642 3569 4715 δηλονότι,
3592 4640 3676 4695 καὶ
3696 4637 3824 4697 οὕτως

632 4720 782 4777 dant.
805 4721 931 4777 Scio
963 4734 1167 4792 autem,
1194 4725 1410 4790 fratres,
1449 4727 1714 4794 lzoiuum,
1744 4737 1797 4784 et
1830 4729 2160 4784 Saturuinun

2311 4739 2594 4812 προσιέναι
2619 4740 2733 4802 τοῖς
2766 4736 3101 4809 μυστηρίοις.
3150 4733 3281 4791 Οίδα
3311 4736 3370 4790 δὲ
3424 4738 3509 4791 ὅτι
3555 4737 3671 4798 τοὺς
3710 4731 3823 4785 ἅδε).-

632 4813 728 4883 qui
774 4824 927 4870 erant
970 4831 1037 4871 ex
1088 4818 1304 4873 illorum
1351 4819 1561 4886 ordine,
1592 4820 1643 4873 in
1691 4822 2070 4890 episcoporum
2113 4835 2160 4875 cz

2311 4836 2445 4903 φοὺς
2466 4834 2592 4896 τοὺς
2618 4832 2747 4903 περὶ
2800 4831 2969 4902 Ἰζόην
3019 4831 3111 4884 καὶ
3145 4830 3489 4901 Σατορνῖνον,
3529 4828 3618 4882 ἀπ’
3662 4823 3824 4887 ἐκείνης

633 4902 881 4959 thedram
932 4919 963 4961 a
1003 4906 1161 4961 nobis
1212 4922 1335 4962 esse
1395 4919 1701 4979 susceptos.
1747 4909 1927 4975 Quare
1973 4925 2068 4964 eos
2112 4925 2161 4980 qt

2308 4902 2466 4989 ὄντας
2496 4929 2596 4998 τῆς
2625 4924 2853 4990 τάξεως,
2884 4921 3327 4994 προσεδεξάμεθα
3364 4924 3451 4985 είς
3483 4922 3579 4992 τὴν
3608 4919 3739 4984 τάξιν
3760 4915 3824 4967 καὶ

632 4990 849 5048 illortun
881 4996 1060 5052 ordini
1094 4998 1375 5067 conjuncti
1405 5008 1554 5067 sunt,
1609 5015 1715 5054 non
1759 5016 2051 5070 possumus
2087 5016 2160 5055 alr

2310 4990 2580 5088 καθέδραν
2609 5014 2717 5068 τῶν
2750 4990 3065 5069 ἐπισκόπων
3087 5029 3103 5046 ο
3144 4990 3284 5068 ὥστε
3336 5014 3469 5077 τοὺς
3524 4990 3601 5081 τῷ
3638 5011 3822 5077 «mm

631 5087 775 5156 plius
802 5089 870 5143 ab
902 5087 1142 5146 Ecclesia
1176 5106 1465 5161 separare:
1502 5093 1594 5164 qui
1627 5094 1836 5149 scilicet
1865 5094 2159 5150 communit

2309 5087 2531 5162 ἐκείνων
2599 5107 2998 5177 συνημμένους,
3036 5105 3219 5160 οὐκέτι
3260 5106 3543 5177 δυνάμεθα
3587 5102 3824 5171 διακρίνειν

632 5176 719 5231 uis
750 5193 875 5234 cum
906 5180 1039 5251 ipsis
1068 5183 1222 5252 quasi
1257 5197 1522 5239 canonem
1555 5186 1866 5256 quemdam,
1921 5188 2160 5258 episcopi

2309 5200 2417 5254 ἀπὸ
2446 5200 2543 5268 τῆς
2576 5176 2924 5269 Ἐκκλησίας,
2948 5195 3059 5252 οἷον
3089 5198 3289 5252 κανόνα
3319 5198 3446 5250 τινὰ
3487 5196 3586 5266 τῆς
3625 5192 3741 5263 πρὸς
3756 5188 3825 5241 σὺ·

630 5273 1031 5344 suscipiendos,
1063 5277 1418 5335 ediderimus.
2310 5290 2433 5352 τοὺς
2458 5288 2742 5351 κοινωνίας
2788 5288 3093 5359 ὲκθέμενοι,
3144 5288 3230 5342 διὰ
3262 5291 3360 5359 τῆς
3406 5287 3519 5342 τῶν
3566 5282 3826 5340 ἐπισκόπων

2310 5381 2643 5452 παραδοχῆς.

957 5461 1111 5518 CAP.
1142 5463 1208 5520 ll.
1242 5495 1308 5509 --
1338 5466 1482 5533 Quid
1506 5471 1575 5525 sit
1606 5471 1879 5525 Ita'reticus
1904 5472 1930 5525 .9

2542 5472 2793 5525 ΚΕΦΑΛ.
2830 5468 2903 5524 B'.
2928 5499 3001 5510 —
3033 5472 3093 5525 Τί
3123 5470 3289 5525 ἐστιν
3312 5472 3623 5539 αἰρετικός.

848 5554 1073 5612 Coucilii
1103 5557 1683 5632 Cattstantinopolimui
1705 5578 1872 5615 canon
1898 5562 1951 5616 6.

2412 5561 2684 5617 Συνόδου
2735 5565 3429 5627 Κωνσταντινουπόλεως
3471 5560 3665 5614 κανὼν
3686 5562 3746 5620 ς’.

703 5645 757 5700 6.
779 5646 1047 5712 Quoniam
1067 5652 1219 5709 multi
1243 5653 1673 5711 ecclesiasticum
1696 5654 1962 5718 ordinem,
1989 5661 2119 5721 etc.,
2146 5663 2203 5709 ut

2379 5662 2454 5717 ς’.
2516 5652 2733 5723 Ἐπειδὴ
2786 5653 2971 5709 πολλοὶ
3024 5653 3122 5727 τῂν
3185 5651 3643 5723 ἐκκλησιαστικὴν
3706 5646 3826 5700 εὐτε-

631 5748 755 5806 pag.
791 5736 916 5793 699.

2311 5746 2447 5811 ξίαν,
2471 5765 2525 5799 κ.
2557 5762 2609 5799 τ.
2646 5745 2694 5799 λ.
