  <div class='ocr_page' id='page_1' title='image "/cluster/home/n/w/nwhite01/storage/ocr_20150623/104/hvd.32044018872853/440.png"; bbox 0 0 3980 6398; ppageno 0'>
   <div class='ocr_carea' id='block_1_1' title="bbox 178 365 285 431">
    <p class='ocr_par' dir='ltr' id='par_1_1' title="bbox 178 365 285 431">
     <span class='ocr_line' id='line_1_1' title="bbox 178 365 285 431; baseline -0.019 0"><span class='ocrx_word' id='word_1_1' title='bbox 178 365 285 431; x_wconf 80' lang='lat'><strong>869</strong></span> 
     </span>
    </p>
   </div>
   <div class='ocr_carea' id='block_1_2' title="bbox 967 361 2570 441">
    <p class='ocr_par' dir='ltr' id='par_1_2' title="bbox 967 361 2570 441">
     <span class='ocr_line' id='line_1_2' title="bbox 967 361 2570 441; baseline -0.001 -13"><span class='ocrx_word' id='word_1_2' title='bbox 967 365 1367 429; x_wconf 77' lang='lat' dir='ltr'><strong>SYNTAGMA</strong></span> <span class='ocrx_word' id='word_1_3' title='bbox 1407 361 1792 429; x_wconf 82' lang='lat' dir='ltr'><strong>CANONUM.</strong></span> <span class='ocrx_word' id='word_1_4' title='bbox 1819 390 1886 401; x_wconf 86' lang='lat'>-</span> <span class='ocrx_word' id='word_1_5' title='bbox 1915 366 2063 427; x_wconf 89' lang='lat' dir='ltr'><strong>TIT.</strong></span> <span class='ocrx_word' id='word_1_6' title='bbox 2101 366 2244 441; x_wconf 83' lang='grc' dir='ltr'><strong>ΧΠ,</strong></span> <span class='ocrx_word' id='word_1_7' title='bbox 2288 364 2446 430; x_wconf 84' lang='lat' dir='ltr'><strong>CAP.</strong></span> <span class='ocrx_word' id='word_1_8' title='bbox 2487 366 2570 428; x_wconf 87' lang='grc' dir='ltr'><strong>ΙΙ.</strong></span> 
     </span>
    </p>
   </div>
   <div class='ocr_carea' id='block_1_3' title="bbox 3340 372 3446 436">
    <p class='ocr_par' dir='ltr' id='par_1_3' title="bbox 3340 372 3446 436">
     <span class='ocr_line' id='line_1_3' title="bbox 3340 372 3446 436; baseline -0.009 0"><span class='ocrx_word' id='word_1_9' title='bbox 3340 372 3446 436; x_wconf 72' lang='grc'><strong>870</strong></span> 
     </span>
    </p>
   </div>
   <div class='ocr_carea' id='block_1_4' title="bbox 264 475 1751 548">
    <p class='ocr_par' dir='ltr' id='par_1_4' title="bbox 264 476 1747 548">
     <span class='ocr_line' id='line_1_4' title="bbox 264 476 1747 548; baseline 0.001 -16"><span class='ocrx_word' id='word_1_10' title='bbox 264 477 334 532; x_wconf 83' lang='grc' dir='ltr'><strong>Ἦ</strong></span> <span class='ocrx_word' id='word_1_11' title='bbox 362 495 399 533; x_wconf 92' lang='grc' dir='ltr'>α</span> <span class='ocrx_word' id='word_1_12' title='bbox 465 477 609 533; x_wconf 80' lang='grc' dir='ltr'><strong>διὰτ.</strong></span> <span class='ocrx_word' id='word_1_13' title='bbox 636 476 733 532; x_wconf 89' lang='grc' dir='ltr'><strong>τοῦ</strong></span> <span class='ocrx_word' id='word_1_14' title='bbox 773 481 821 532; x_wconf 87' lang='grc' dir='ltr'><strong>α’</strong></span> <span class='ocrx_word' id='word_1_15' title='bbox 861 476 969 533; x_wconf 91' lang='grc' dir='ltr'><strong>τίτ.</strong></span> <span class='ocrx_word' id='word_1_16' title='bbox 1029 477 1126 532; x_wconf 90' lang='grc' dir='ltr'><strong>τοῦ</strong></span> <span class='ocrx_word' id='word_1_17' title='bbox 1187 477 1235 532; x_wconf 83' lang='grc' dir='ltr'><strong>α’</strong></span> <span class='ocrx_word' id='word_1_18' title='bbox 1291 477 1433 548; x_wconf 77' lang='grc' dir='ltr'><strong>βιὸλ.</strong></span> <span class='ocrx_word' id='word_1_19' title='bbox 1480 476 1574 531; x_wconf 88' lang='grc' dir='ltr'><strong>τοῦ</strong></span> <span class='ocrx_word' id='word_1_20' title='bbox 1615 476 1747 534; x_wconf 85' lang='grc' dir='ltr'><strong>κὼδ.</strong></span> 
     </span>
    </p>
   </div>
   <div class='ocr_carea' id='block_1_5' title="bbox 1843 475 3446 548">
    <p class='ocr_par' dir='ltr' id='par_1_5' title="bbox 1925 475 3446 547">
     <span class='ocr_line' id='line_1_5' title="bbox 1925 475 3446 547; baseline 0.005 -15"><span class='ocrx_word' id='word_1_21' title='bbox 1925 476 2157 533; x_wconf 73' lang='lat' dir='ltr'><strong>Textus.</strong></span> <span class='ocrx_word' id='word_1_22' title='bbox 2200 476 2384 533; x_wconf 89' lang='lat' dir='ltr'><strong>Const.</strong></span> <span class='ocrx_word' id='word_1_23' title='bbox 2424 478 2479 543; x_wconf 82' lang='lat' dir='ltr'><strong>l,</strong></span> <span class='ocrx_word' id='word_1_24' title='bbox 2522 476 2604 531; x_wconf 92' lang='lat' dir='ltr'><strong>tit.</strong></span> <span class='ocrx_word' id='word_1_25' title='bbox 2635 476 2688 532; x_wconf 76' lang='grc'><strong>1.</strong></span> <span class='ocrx_word' id='word_1_26' title='bbox 2730 475 2823 534; x_wconf 86' lang='lat' dir='ltr'><strong>lib.</strong></span> <span class='ocrx_word' id='word_1_27' title='bbox 2855 476 2977 534; x_wconf 94' lang='lat' dir='ltr'><strong>cod.</strong></span> <span class='ocrx_word' id='word_1_28' title='bbox 3009 476 3086 533; x_wconf 89' lang='lat' dir='ltr'><strong>ait</strong></span> <span class='ocrx_word' id='word_1_29' title='bbox 3124 496 3137 535; x_wconf 89' lang='lat'><strong>:</strong></span> <span class='ocrx_word' id='word_1_30' title='bbox 3170 478 3274 547; x_wconf 85' lang='lat' dir='ltr'><strong>Qui</strong></span> <span class='ocrx_word' id='word_1_31' title='bbox 3317 498 3446 539; x_wconf 85' lang='lat' dir='ltr'><strong>san-</strong></span> 
     </span>
    </p>
   </div>
   <div class='ocr_carea' id='block_1_6' title="bbox 177 567 1751 644">
    <p class='ocr_par' dir='ltr' id='par_1_6' title="bbox 177 567 1751 642">
     <span class='ocr_line' id='line_1_6' title="bbox 177 567 1751 642; baseline -0.001 -18"><span class='ocrx_word' id='word_1_32' title='bbox 177 571 368 638; x_wconf 75' lang='grc' dir='ltr'><strong>φησὶν,</strong></span> <span class='ocrx_word' id='word_1_33' title='bbox 396 569 494 636; x_wconf 80' lang='grc' dir='ltr'><strong>ὡς,</strong></span> <span class='ocrx_word' id='word_1_34' title='bbox 511 570 568 624; x_wconf 89' lang='grc'><strong>’0</strong></span> <span class='ocrx_word' id='word_1_35' title='bbox 597 569 671 640; x_wconf 77' lang='grc' dir='ltr'><strong>μὴ</strong></span> <span class='ocrx_word' id='word_1_36' title='bbox 699 567 937 635; x_wconf 70' lang='grc' dir='ltr'><strong>δοξάζων</strong></span> <span class='ocrx_word' id='word_1_37' title='bbox 983 569 1082 642; x_wconf 77' lang='grc' dir='ltr'><strong>τὴν</strong></span> <span class='ocrx_word' id='word_1_38' title='bbox 1139 571 1305 639; x_wconf 85' lang='grc' dir='ltr'>ἁγίαν</span> <span class='ocrx_word' id='word_1_39' title='bbox 1338 570 1539 641; x_wconf 83' lang='grc' dir='ltr'><strong>Τριάδα</strong></span> <span class='ocrx_word' id='word_1_40' title='bbox 1574 570 1632 625; x_wconf 79' lang='grc' dir='ltr'><strong>ἐν</strong></span> <span class='ocrx_word' id='word_1_41' title='bbox 1663 572 1751 641; x_wconf 77' lang='grc' dir='ltr'><strong>μιᾷ</strong></span> 
     </span>
    </p>
   </div>
   <div class='ocr_carea' id='block_1_7' title="bbox 1843 567 3443 644">
    <p class='ocr_par' dir='ltr' id='par_1_7' title="bbox 1864 568 3443 644">
     <span class='ocr_line' id='line_1_7' title="bbox 1864 568 3443 644; baseline 0.003 -19"><span class='ocrx_word' id='word_1_42' title='bbox 1864 577 2012 625; x_wconf 91' lang='lat' dir='ltr'><strong>ctam</strong></span> <span class='ocrx_word' id='word_1_43' title='bbox 2042 568 2367 623; x_wconf 74' lang='lat' dir='ltr'><strong>Trinitatem</strong></span> <span class='ocrx_word' id='word_1_44' title='bbox 2408 569 2460 623; x_wconf 93' lang='lat' dir='ltr'><strong>in</strong></span> <span class='ocrx_word' id='word_1_45' title='bbox 2499 584 2603 623; x_wconf 89' lang='lat' dir='ltr'><strong>una</strong></span> <span class='ocrx_word' id='word_1_46' title='bbox 2626 569 2826 625; x_wconf 89' lang='lat' dir='ltr'><strong>deitate</strong></span> <span class='ocrx_word' id='word_1_47' title='bbox 2866 571 2983 642; x_wconf 85' lang='lat' dir='ltr'><strong>pari</strong></span> <span class='ocrx_word' id='word_1_48' title='bbox 3012 580 3280 643; x_wconf 76' lang='lat' dir='ltr'><strong>potestate</strong></span> <span class='ocrx_word' id='word_1_49' title='bbox 3303 589 3443 644; x_wconf 72' lang='lat' dir='ltr'><strong>pras-</strong></span> 
     </span>
    </p>
   </div>
   <div class='ocr_carea' id='block_1_8' title="bbox 177 661 1754 733">
    <p class='ocr_par' dir='ltr' id='par_1_8' title="bbox 177 661 1754 733">
     <span class='ocr_line' id='line_1_8' title="bbox 177 661 1754 733; baseline 0 -18"><span class='ocrx_word' id='word_1_50' title='bbox 177 663 398 732; x_wconf 86' lang='grc' dir='ltr'><strong>θεότητι</strong></span> <span class='ocrx_word' id='word_1_51' title='bbox 446 661 785 731; x_wconf 88' lang='grc' dir='ltr'><strong>ίσοδύναμον,</strong></span> <span class='ocrx_word' id='word_1_52' title='bbox 832 661 958 716; x_wconf 75' lang='grc' dir='ltr'><strong>οὔτε</strong></span> <span class='ocrx_word' id='word_1_53' title='bbox 990 662 1317 733; x_wconf 82' lang='grc' dir='ltr'><strong>Χριστιανὸς</strong></span> <span class='ocrx_word' id='word_1_54' title='bbox 1366 662 1605 731; x_wconf 84' lang='grc' dir='ltr'><strong>λέγεται,</strong></span> <span class='ocrx_word' id='word_1_55' title='bbox 1639 662 1754 716; x_wconf 81' lang='grc' dir='ltr'><strong>ἀλλ’</strong></span> 
     </span>
    </p>
   </div>
   <div class='ocr_carea' id='block_1_9' title="bbox 176 751 1756 826">
    <p class='ocr_par' dir='ltr' id='par_1_9' title="bbox 176 751 1756 826">
     <span class='ocr_line' id='line_1_9' title="bbox 176 751 1756 826; baseline 0.002 -21"><span class='ocrx_word' id='word_1_56' title='bbox 176 752 372 823; x_wconf 77' lang='grc' dir='ltr'><strong>ἄφρων</strong></span> <span class='ocrx_word' id='word_1_57' title='bbox 402 751 521 805; x_wconf 68' lang='grc' dir='ltr'><strong>ἐστὶ</strong></span> <span class='ocrx_word' id='word_1_58' title='bbox 539 754 635 805; x_wconf 78' lang='grc' dir='ltr'><strong>καὶ</strong></span> <span class='ocrx_word' id='word_1_59' title='bbox 662 752 933 825; x_wconf 84' lang='grc' dir='ltr'><strong>αίρετικδς</strong></span> <span class='ocrx_word' id='word_1_60' title='bbox 958 753 1150 824; x_wconf 79' lang='grc' dir='ltr'><strong>ἄτιμος</strong></span> <span class='ocrx_word' id='word_1_61' title='bbox 1172 755 1268 808; x_wconf 81' lang='grc' dir='ltr'><strong>καὶ</strong></span> <span class='ocrx_word' id='word_1_62' title='bbox 1287 756 1606 826; x_wconf 78' lang='grc' dir='ltr'><strong>τιμωρεῖται</strong></span> <span class='ocrx_word' id='word_1_63' title='bbox 1623 771 1635 786; x_wconf 77' lang='grc'><em>’</em></span> <span class='ocrx_word' id='word_1_64' title='bbox 1662 754 1756 808; x_wconf 78' lang='grc' dir='ltr'><strong>καὶ</strong></span> 
     </span>
    </p>
   </div>
   <div class='ocr_carea' id='block_1_10' title="bbox 173 842 1757 919">
    <p class='ocr_par' dir='ltr' id='par_1_10' title="bbox 173 842 1757 919">
     <span class='ocr_line' id='line_1_10' title="bbox 173 842 1757 919; baseline 0.003 -22"><span class='ocrx_word' id='word_1_65' title='bbox 173 844 281 898; x_wconf 90' lang='grc' dir='ltr'><strong>τίτ.</strong></span> <span class='ocrx_word' id='word_1_66' title='bbox 320 842 357 897; x_wconf 83' lang='grc' dir='ltr'><strong>ε’</strong></span> <span class='ocrx_word' id='word_1_67' title='bbox 398 845 494 899; x_wconf 88' lang='grc' dir='ltr'><strong>τοῦ</strong></span> <span class='ocrx_word' id='word_1_68' title='bbox 523 846 686 900; x_wconf 82' lang='grc' dir='ltr'><strong>αὑτοῦ</strong></span> <span class='ocrx_word' id='word_1_69' title='bbox 718 847 859 919; x_wconf 80' lang='grc' dir='ltr'><strong>βιόλ.</strong></span> <span class='ocrx_word' id='word_1_70' title='bbox 882 890 898 915; x_wconf 95' lang='grc'><strong>,</strong></span> <span class='ocrx_word' id='word_1_71' title='bbox 927 849 1031 912; x_wconf 84' lang='grc' dir='ltr'><strong>ὅτι,</strong></span> <span class='ocrx_word' id='word_1_72' title='bbox 1062 849 1340 919; x_wconf 77' lang='grc' dir='ltr'><strong>Αίρετικός</strong></span> <span class='ocrx_word' id='word_1_73' title='bbox 1380 850 1495 902; x_wconf 78' lang='grc' dir='ltr'><strong>ἐστι</strong></span> <span class='ocrx_word' id='word_1_74' title='bbox 1521 850 1615 902; x_wconf 78' lang='grc' dir='ltr'><strong>καὶ</strong></span> <span class='ocrx_word' id='word_1_75' title='bbox 1646 851 1757 912; x_wconf 78' lang='grc' dir='ltr'><strong>τοῖς</strong></span> 
     </span>
    </p>
   </div>
   <div class='ocr_carea' id='block_1_11' title="bbox 175 938 1754 1013">
    <p class='ocr_par' dir='ltr' id='par_1_11' title="bbox 175 938 1754 1013">
     <span class='ocr_line' id='line_1_11' title="bbox 175 938 1754 1013; baseline 0.001 -22"><span class='ocrx_word' id='word_1_76' title='bbox 175 938 322 991; x_wconf 83' lang='grc' dir='ltr'><strong>κατᾶ</strong></span> <span class='ocrx_word' id='word_1_77' title='bbox 352 938 644 1009; x_wconf 77' lang='grc' dir='ltr'><strong>αἱρετικῶν</strong></span> <span class='ocrx_word' id='word_1_78' title='bbox 695 940 979 995; x_wconf 83' lang='grc' dir='ltr'><strong>ὑπόκειται</strong></span> <span class='ocrx_word' id='word_1_79' title='bbox 1036 941 1243 1013; x_wconf 90' lang='grc' dir='ltr'><strong>νόμοις,</strong></span> <span class='ocrx_word' id='word_1_80' title='bbox 1305 944 1333 996; x_wconf 88' lang='grc' dir='ltr'><strong>ό</strong></span> <span class='ocrx_word' id='word_1_81' title='bbox 1385 941 1579 1012; x_wconf 65' lang='grc' dir='ltr'><strong>μικρὸν</strong></span> <span class='ocrx_word' id='word_1_82' title='bbox 1622 940 1754 1010; x_wconf 88' lang='grc' dir='ltr'><strong>γοῦν</strong></span> 
     </span>
    </p>
   </div>
   <div class='ocr_carea' id='block_1_12' title="bbox 178 1031 1753 1105">
    <p class='ocr_par' dir='ltr' id='par_1_12' title="bbox 178 1031 1753 1105">
     <span class='ocr_line' id='line_1_12' title="bbox 178 1031 1753 1105; baseline 0.003 -22"><span class='ocrx_word' id='word_1_83' title='bbox 178 1031 450 1085; x_wconf 74' lang='grc' dir='ltr'><strong>ἐκκλίνων</strong></span> <span class='ocrx_word' id='word_1_84' title='bbox 486 1032 584 1102; x_wconf 81' lang='grc' dir='ltr'><strong>τῆς</strong></span> <span class='ocrx_word' id='word_1_85' title='bbox 607 1032 888 1103; x_wconf 81' lang='grc' dir='ltr'><strong>ὀρθοδόξου</strong></span> <span class='ocrx_word' id='word_1_86' title='bbox 932 1035 1196 1099; x_wconf 81' lang='grc' dir='ltr'><strong>πίστεως’</strong></span> <span class='ocrx_word' id='word_1_87' title='bbox 1228 1036 1319 1089; x_wconf 76' lang='grc' dir='ltr'><strong>καὶ</strong></span> <span class='ocrx_word' id='word_1_88' title='bbox 1360 1035 1498 1089; x_wconf 85' lang='grc' dir='ltr'><strong>διάτ.</strong></span> <span class='ocrx_word' id='word_1_89' title='bbox 1549 1033 1615 1105; x_wconf 86' lang='grc' dir='ltr'><strong>ιβ’</strong></span> <span class='ocrx_word' id='word_1_90' title='bbox 1658 1033 1753 1088; x_wconf 93' lang='grc' dir='ltr'><strong>τοῦ</strong></span> 
     </span>
    </p>
   </div>
   <div class='ocr_carea' id='block_1_13' title="bbox 172 1121 1750 1198">
    <p class='ocr_par' dir='ltr' id='par_1_13' title="bbox 172 1121 1750 1198">
     <span class='ocr_line' id='line_1_13' title="bbox 172 1121 1750 1198; baseline 0.003 -22"><span class='ocrx_word' id='word_1_91' title='bbox 172 1121 340 1177; x_wconf 81' lang='grc' dir='ltr'><strong>αὐτοῦ</strong></span> <span class='ocrx_word' id='word_1_92' title='bbox 363 1124 472 1178; x_wconf 88' lang='grc' dir='ltr'><strong>τίτ.</strong></span> <span class='ocrx_word' id='word_1_93' title='bbox 493 1165 508 1190; x_wconf 90' lang='grc'><strong>,</strong></span> <span class='ocrx_word' id='word_1_94' title='bbox 538 1125 640 1193; x_wconf 87' lang='grc' dir='ltr'><strong>ὅτι,</strong></span> <span class='ocrx_word' id='word_1_95' title='bbox 680 1126 965 1198; x_wconf 82' lang='grc' dir='ltr'><strong>Αίρετικός</strong></span> <span class='ocrx_word' id='word_1_96' title='bbox 985 1127 1187 1197; x_wconf 65' lang='grc' dir='ltr'><strong>ὲστινῖό</strong></span> <span class='ocrx_word' id='word_1_97' title='bbox 1223 1126 1297 1198; x_wconf 83' lang='grc' dir='ltr'><strong>μὴ</strong></span> <span class='ocrx_word' id='word_1_98' title='bbox 1338 1124 1413 1181; x_wconf 84' lang='grc' dir='ltr'><strong>ὢν</strong></span> <span class='ocrx_word' id='word_1_99' title='bbox 1440 1127 1712 1193; x_wconf 82' lang='grc' dir='ltr'><strong>ὀρθόδοξος</strong></span> <span class='ocrx_word' id='word_1_100' title='bbox 1736 1141 1750 1155; x_wconf 87' lang='grc'>⁶</span> 
     </span>
    </p>
   </div>
   <div class='ocr_carea' id='block_1_14' title="bbox 171 1216 1752 1291">
    <p class='ocr_par' dir='ltr' id='par_1_14' title="bbox 171 1216 1752 1291">
     <span class='ocr_line' id='line_1_14' title="bbox 171 1216 1752 1291; baseline 0.003 -22"><span class='ocrx_word' id='word_1_101' title='bbox 171 1218 205 1287; x_wconf 79' lang='grc' dir='ltr'>ἡ</span> <span class='ocrx_word' id='word_1_102' title='bbox 234 1216 293 1269; x_wconf 85' lang='grc' dir='ltr'><strong>δὲ</strong></span> <span class='ocrx_word' id='word_1_103' title='bbox 339 1222 389 1271; x_wconf 87' lang='grc' dir='ltr'><strong>α’</strong></span> <span class='ocrx_word' id='word_1_104' title='bbox 414 1216 552 1270; x_wconf 84' lang='grc' dir='ltr'><strong>διάτ.</strong></span> <span class='ocrx_word' id='word_1_105' title='bbox 610 1218 703 1270; x_wconf 92' lang='grc' dir='ltr'><strong>τοῦ</strong></span> <span class='ocrx_word' id='word_1_106' title='bbox 752 1216 933 1286; x_wconf 80' lang='grc' dir='ltr'><strong>γ’τιτ.</strong></span> <span class='ocrx_word' id='word_1_107' title='bbox 968 1218 1076 1271; x_wconf 90' lang='grc' dir='ltr'><strong>τῶν</strong></span> <span class='ocrx_word' id='word_1_108' title='bbox 1128 1219 1377 1289; x_wconf 83' lang='grc' dir='ltr'><strong>Νεαρῶν,</strong></span> <span class='ocrx_word' id='word_1_109' title='bbox 1438 1220 1752 1291; x_wconf 77' lang='grc' dir='ltr'><strong>αἱρετικοὺς</strong></span> 
     </span>
    </p>
   </div>
   <div class='ocr_carea' id='block_1_15' title="bbox 171 1306 1418 1382">
    <p class='ocr_par' dir='ltr' id='par_1_15' title="bbox 171 1306 1418 1382">
     <span class='ocr_line' id='line_1_15' title="bbox 171 1306 1418 1382; baseline 0.005 -23"><span class='ocrx_word' id='word_1_110' title='bbox 171 1306 321 1371; x_wconf 87' lang='grc' dir='ltr'><strong>λέγει</strong></span> <span class='ocrx_word' id='word_1_111' title='bbox 350 1308 558 1373; x_wconf 79' lang='grc' dir='ltr'><strong>πάντας</strong></span> <span class='ocrx_word' id='word_1_112' title='bbox 588 1312 714 1374; x_wconf 80' lang='grc' dir='ltr'><strong>τοὺς</strong></span> <span class='ocrx_word' id='word_1_113' title='bbox 747 1309 821 1382; x_wconf 82' lang='grc' dir='ltr'><strong>μὴ</strong></span> <span class='ocrx_word' id='word_1_114' title='bbox 854 1311 1011 1375; x_wconf 80' lang='grc' dir='ltr'><strong>δντας</strong></span> <span class='ocrx_word' id='word_1_115' title='bbox 1043 1311 1418 1375; x_wconf 87' lang='grc' dir='ltr'><strong>κοινωνικούς.</strong></span> 
     </span>
    </p>
   </div>
   <div class='ocr_carea' id='block_1_16' title="bbox 252 1399 1739 1475">
    <p class='ocr_par' dir='ltr' id='par_1_16' title="bbox 252 1399 1739 1475">
     <span class='ocr_line' id='line_1_16' title="bbox 252 1399 1739 1475; baseline 0.005 -24"><span class='ocrx_word' id='word_1_116' title='bbox 252 1399 344 1452; x_wconf 83' lang='grc' dir='ltr'><strong>Ἐν</strong></span> <span class='ocrx_word' id='word_1_117' title='bbox 376 1402 568 1455; x_wconf 83' lang='grc' dir='ltr'><strong>πλάτει</strong></span> <span class='ocrx_word' id='word_1_118' title='bbox 594 1402 649 1456; x_wconf 76' lang='grc' dir='ltr'><strong>δὲ</strong></span> <span class='ocrx_word' id='word_1_119' title='bbox 680 1403 747 1457; x_wconf 75' lang='grc' dir='ltr'><strong>τὰ</strong></span> <span class='ocrx_word' id='word_1_120' title='bbox 780 1403 907 1475; x_wconf 72' lang='grc' dir='ltr'><strong>περὶ</strong></span> <span class='ocrx_word' id='word_1_121' title='bbox 967 1405 1074 1459; x_wconf 88' lang='grc' dir='ltr'><strong>τῶν</strong></span> <span class='ocrx_word' id='word_1_122' title='bbox 1125 1404 1418 1475; x_wconf 83' lang='grc' dir='ltr'><strong>αἱρετικῶν</strong></span> <span class='ocrx_word' id='word_1_123' title='bbox 1444 1404 1739 1475; x_wconf 79' lang='grc' dir='ltr'><strong>ἀνήνεκται</strong></span> 
     </span>
    </p>
   </div>
   <div class='ocr_carea' id='block_1_17' title="bbox 169 1487 1750 1566">
    <p class='ocr_par' dir='ltr' id='par_1_17' title="bbox 169 1487 1750 1566">
     <span class='ocr_line' id='line_1_17' title="bbox 169 1487 1750 1566; baseline 0.004 -25"><span class='ocrx_word' id='word_1_124' title='bbox 169 1488 230 1542; x_wconf 78' lang='grc' dir='ltr'><strong>έν</strong></span> <span class='ocrx_word' id='word_1_125' title='bbox 261 1489 339 1560; x_wconf 83' lang='grc' dir='ltr'><strong>τῷ</strong></span> <span class='ocrx_word' id='word_1_126' title='bbox 378 1489 422 1543; x_wconf 82' lang='grc' dir='ltr'><strong>ε’</strong></span> <span class='ocrx_word' id='word_1_127' title='bbox 455 1492 561 1547; x_wconf 90' lang='grc' dir='ltr'><strong>τίτ.</strong></span> <span class='ocrx_word' id='word_1_128' title='bbox 584 1492 677 1546; x_wconf 93' lang='grc' dir='ltr'><strong>τοῦ</strong></span> <span class='ocrx_word' id='word_1_129' title='bbox 708 1492 839 1551; x_wconf 84' lang='grc' dir='ltr'><strong>κώδ.</strong></span> <span class='ocrx_word' id='word_1_130' title='bbox 866 1536 881 1561; x_wconf 90' lang='grc'><strong>,</strong></span> <span class='ocrx_word' id='word_1_131' title='bbox 907 1495 966 1547; x_wconf 85' lang='grc' dir='ltr'><strong>ὲν</strong></span> <span class='ocrx_word' id='word_1_132' title='bbox 992 1487 1036 1563; x_wconf 81' lang='grc' dir='ltr'>ᾧ</span> <span class='ocrx_word' id='word_1_133' title='bbox 1055 1494 1351 1548; x_wconf 86' lang='grc' dir='ltr'><strong>κωλύονται</strong></span> <span class='ocrx_word' id='word_1_134' title='bbox 1383 1494 1525 1565; x_wconf 81' lang='grc' dir='ltr'><strong>ἔχειν</strong></span> <span class='ocrx_word' id='word_1_135' title='bbox 1553 1495 1750 1566; x_wconf 83' lang='grc' dir='ltr'><strong>προνό-</strong></span> 
     </span>
    </p>
   </div>
   <div class='ocr_carea' id='block_1_18' title="bbox 171 1583 1747 1659">
    <p class='ocr_par' dir='ltr' id='par_1_18' title="bbox 171 1583 1747 1659">
     <span class='ocr_line' id='line_1_18' title="bbox 171 1583 1747 1659; baseline 0.003 -23"><span class='ocrx_word' id='word_1_136' title='bbox 171 1600 296 1654; x_wconf 86' lang='grc' dir='ltr'><strong>μια,</strong></span> <span class='ocrx_word' id='word_1_137' title='bbox 322 1583 667 1655; x_wconf 78' lang='grc' dir='ltr'><strong>ἢδιδάσκειν,</strong></span> <span class='ocrx_word' id='word_1_138' title='bbox 703 1585 934 1658; x_wconf 76' lang='grc' dir='ltr'><strong>ῆποιείν</strong></span> <span class='ocrx_word' id='word_1_139' title='bbox 996 1586 1314 1659; x_wconf 79' lang='grc' dir='ltr'><strong>κληρικοὺς,</strong></span> <span class='ocrx_word' id='word_1_140' title='bbox 1361 1586 1394 1658; x_wconf 82' lang='grc' dir='ltr'><strong>ἢ</strong></span> <span class='ocrx_word' id='word_1_141' title='bbox 1448 1585 1747 1640; x_wconf 81' lang='grc' dir='ltr'><strong>λιτανεύειν</strong></span> 
     </span>
    </p>
   </div>
   <div class='ocr_carea' id='block_1_19' title="bbox 166 1677 1744 1752">
    <p class='ocr_par' dir='ltr' id='par_1_19' title="bbox 166 1677 1744 1752">
     <span class='ocr_line' id='line_1_19' title="bbox 166 1677 1744 1752; baseline -0.004 -17"><span class='ocrx_word' id='word_1_142' title='bbox 166 1679 467 1752; x_wconf 76' lang='grc' dir='ltr'><strong>δημοσίᾳῆ</strong></span> <span class='ocrx_word' id='word_1_143' title='bbox 502 1681 557 1734; x_wconf 74' lang='grc' dir='ltr'><strong>έν</strong></span> <span class='ocrx_word' id='word_1_144' title='bbox 586 1678 720 1750; x_wconf 80' lang='grc' dir='ltr'><strong>οἴκῳ</strong></span> <span class='ocrx_word' id='word_1_145' title='bbox 744 1695 759 1709; x_wconf 88' lang='grc'><strong>·</strong></span> <span class='ocrx_word' id='word_1_146' title='bbox 795 1680 917 1732; x_wconf 74' lang='grc' dir='ltr'><strong>ἐπεὶ</strong></span> <span class='ocrx_word' id='word_1_147' title='bbox 954 1679 1098 1742; x_wconf 84' lang='grc' dir='ltr'><strong>τινὸς</strong></span> <span class='ocrx_word' id='word_1_148' title='bbox 1134 1677 1374 1731; x_wconf 79' lang='grc' dir='ltr'><strong>τοιούτου</strong></span> <span class='ocrx_word' id='word_1_149' title='bbox 1430 1677 1744 1746; x_wconf 85' lang='grc' dir='ltr'><strong>γενομένου,</strong></span> 
     </span>
    </p>
   </div>
   <div class='ocr_carea' id='block_1_20' title="bbox 167 1767 1745 1842">
    <p class='ocr_par' dir='ltr' id='par_1_20' title="bbox 167 1767 1745 1842">
     <span class='ocr_line' id='line_1_20' title="bbox 167 1767 1745 1842; baseline -0.001 -19"><span class='ocrx_word' id='word_1_150' title='bbox 167 1770 203 1842; x_wconf 74' lang='grc' dir='ltr'><strong>ἡ</strong></span> <span class='ocrx_word' id='word_1_151' title='bbox 241 1771 399 1837; x_wconf 69' lang='grc' dir='ltr'><strong>τάξις</strong></span> <span class='ocrx_word' id='word_1_152' title='bbox 431 1770 524 1824; x_wconf 87' lang='grc' dir='ltr'><strong>τοῦ</strong></span> <span class='ocrx_word' id='word_1_153' title='bbox 580 1770 820 1841; x_wconf 78' lang='grc' dir='ltr'><strong>ἐπάρχου</strong></span> <span class='ocrx_word' id='word_1_154' title='bbox 867 1770 1058 1842; x_wconf 81' lang='grc' dir='ltr'><strong>λίτρας</strong></span> <span class='ocrx_word' id='word_1_155' title='bbox 1096 1769 1309 1823; x_wconf 89' lang='grc' dir='ltr'><strong>δίδωσιν</strong></span> <span class='ocrx_word' id='word_1_156' title='bbox 1339 1767 1416 1840; x_wconf 81' lang='grc' dir='ltr'><strong><em>ρό</em></strong></span> <span class='ocrx_word' id='word_1_157' title='bbox 1449 1768 1504 1823; x_wconf 78' lang='grc' dir='ltr'><strong>αἱ</strong></span> <span class='ocrx_word' id='word_1_158' title='bbox 1534 1768 1589 1821; x_wconf 86' lang='grc' dir='ltr'><strong>δὲ</strong></span> <span class='ocrx_word' id='word_1_159' title='bbox 1621 1769 1745 1821; x_wconf 81' lang='grc' dir='ltr'><strong>ὲπι-</strong></span> 
     </span>
    </p>
   </div>
   <div class='ocr_carea' id='block_1_21' title="bbox 169 1857 1741 1935">
    <p class='ocr_par' dir='ltr' id='par_1_21' title="bbox 169 1857 1741 1935">
     <span class='ocr_line' id='line_1_21' title="bbox 169 1857 1741 1935; baseline -0.001 -21"><span class='ocrx_word' id='word_1_160' title='bbox 169 1861 359 1935; x_wconf 85' lang='grc' dir='ltr'><strong>χώριοι</strong></span> <span class='ocrx_word' id='word_1_161' title='bbox 390 1868 431 1916; x_wconf 77' lang='grc' dir='ltr'><strong>ν’</strong></span> <span class='ocrx_word' id='word_1_162' title='bbox 452 1879 467 1895; x_wconf 78' lang='grc' dir='ltr'><strong><em>ο</em></strong></span> <span class='ocrx_word' id='word_1_163' title='bbox 501 1862 597 1915; x_wconf 79' lang='grc' dir='ltr'><strong>καὶ</strong></span> <span class='ocrx_word' id='word_1_164' title='bbox 646 1862 729 1915; x_wconf 88' lang='grc' dir='ltr'><strong>δτι</strong></span> <span class='ocrx_word' id='word_1_165' title='bbox 757 1861 825 1915; x_wconf 83' lang='grc' dir='ltr'><strong>τὰ</strong></span> <span class='ocrx_word' id='word_1_166' title='bbox 862 1861 1204 1934; x_wconf 83' lang='grc' dir='ltr'><strong>συνακτήρια</strong></span> <span class='ocrx_word' id='word_1_167' title='bbox 1241 1860 1440 1924; x_wconf 79' lang='grc' dir='ltr'><strong>αὐτῶν,</strong></span> <span class='ocrx_word' id='word_1_168' title='bbox 1470 1861 1504 1930; x_wconf 83' lang='grc' dir='ltr'>ὴ</span> <span class='ocrx_word' id='word_1_169' title='bbox 1527 1857 1741 1929; x_wconf 78' lang='grc' dir='ltr'><strong>ὀρθόδοο</strong></span> 
     </span>
    </p>
   </div>
   <div class='ocr_carea' id='block_1_22' title="bbox 118 1948 1743 2024">
    <p class='ocr_par' dir='ltr' id='par_1_22' title="bbox 118 1948 1743 2024">
     <span class='ocr_line' id='line_1_22' title="bbox 118 1948 1743 2024; baseline -0.006 -12"><span class='ocrx_word' id='word_1_170' title='bbox 118 1983 125 2012; x_wconf 85' lang='grc'><em>;</em></span> <span class='ocrx_word' id='word_1_171' title='bbox 169 1954 258 2018; x_wconf 83' lang='grc' dir='ltr'><strong>ξος</strong></span> <span class='ocrx_word' id='word_1_172' title='bbox 296 1952 589 2024; x_wconf 78' lang='grc' dir='ltr'><strong>Ἐκκλησία</strong></span> <span class='ocrx_word' id='word_1_173' title='bbox 629 1952 924 2024; x_wconf 73' lang='grc' dir='ltr'><strong>λαμϐάνειο</strong></span> <span class='ocrx_word' id='word_1_174' title='bbox 964 1954 1061 2007; x_wconf 76' lang='grc' dir='ltr'><strong>καὶ</strong></span> <span class='ocrx_word' id='word_1_175' title='bbox 1104 1953 1186 2006; x_wconf 75' lang='grc' dir='ltr'><strong>ὅτι</strong></span> <span class='ocrx_word' id='word_1_176' title='bbox 1214 1952 1263 2005; x_wconf 83' lang='grc' dir='ltr'><strong>οἱ</strong></span> <span class='ocrx_word' id='word_1_177' title='bbox 1297 1951 1591 2022; x_wconf 85' lang='grc' dir='ltr'><strong>Μανιχαῖοι</strong></span> <span class='ocrx_word' id='word_1_178' title='bbox 1645 1948 1743 2004; x_wconf 79' lang='grc' dir='ltr'><strong>καὶ</strong></span> 
     </span>
    </p>
   </div>
   <div class='ocr_carea' id='block_1_23' title="bbox 118 2042 1741 2116">
    <p class='ocr_par' dir='ltr' id='par_1_23' title="bbox 118 2042 1741 2116">
     <span class='ocr_line' id='line_1_23' title="bbox 118 2042 1741 2116; baseline -0.002 -17"><span class='ocrx_word' id='word_1_179' title='bbox 118 2049 127 2057; x_wconf 90' lang='grc'><em>’</em></span> <span class='ocrx_word' id='word_1_180' title='bbox 166 2048 215 2099; x_wconf 87' lang='grc' dir='ltr'><strong>οί</strong></span> <span class='ocrx_word' id='word_1_181' title='bbox 240 2045 559 2099; x_wconf 81' lang='grc' dir='ltr'><strong>Δονατισταὶ</strong></span> <span class='ocrx_word' id='word_1_182' title='bbox 602 2045 846 2116; x_wconf 72' lang='grc' dir='ltr'><strong>ἐσχάτως</strong></span> <span class='ocrx_word' id='word_1_183' title='bbox 880 2045 1246 2116; x_wconf 81' lang='grc' dir='ltr'><strong>τιμωροῦνται</strong></span> <span class='ocrx_word' id='word_1_184' title='bbox 1269 2044 1364 2099; x_wconf 79' lang='grc' dir='ltr'><strong>καὶ</strong></span> <span class='ocrx_word' id='word_1_185' title='bbox 1392 2042 1741 2115; x_wconf 86' lang='grc' dir='ltr'><strong>δημεύονται,</strong></span> 
     </span>
    </p>
   </div>
   <div class='ocr_carea' id='block_1_24' title="bbox 167 2136 1739 2209">
    <p class='ocr_par' dir='ltr' id='par_1_24' title="bbox 167 2136 1739 2209">
     <span class='ocr_line' id='line_1_24' title="bbox 167 2136 1739 2209; baseline 0 -19"><span class='ocrx_word' id='word_1_186' title='bbox 167 2140 263 2190; x_wconf 71' lang='grc' dir='ltr'><strong>καὶ</strong></span> <span class='ocrx_word' id='word_1_187' title='bbox 298 2136 423 2191; x_wconf 82' lang='grc' dir='ltr'><strong>οῦτε</strong></span> <span class='ocrx_word' id='word_1_188' title='bbox 456 2137 803 2201; x_wconf 77' lang='grc' dir='ltr'><strong>διατίθενται,</strong></span> <span class='ocrx_word' id='word_1_189' title='bbox 826 2137 860 2209; x_wconf 75' lang='grc' dir='ltr'>ἢ</span> <span class='ocrx_word' id='word_1_190' title='bbox 886 2138 1135 2192; x_wconf 84' lang='grc' dir='ltr'><strong>ὁπωσοῦν</strong></span> <span class='ocrx_word' id='word_1_191' title='bbox 1165 2136 1607 2200; x_wconf 87' lang='grc' dir='ltr'><strong>συναλλάσσουσι,</strong></span> <span class='ocrx_word' id='word_1_192' title='bbox 1646 2137 1739 2191; x_wconf 74' lang='grc' dir='ltr'><strong>καὶ</strong></span> 
     </span>
    </p>
   </div>
   <div class='ocr_carea' id='block_1_25' title="bbox 165 2228 1739 2303">
    <p class='ocr_par' dir='ltr' id='par_1_25' title="bbox 165 2228 1739 2303">
     <span class='ocr_line' id='line_1_25' title="bbox 165 2228 1739 2303; baseline 0 -22"><span class='ocrx_word' id='word_1_193' title='bbox 165 2230 291 2283; x_wconf 80' lang='grc' dir='ltr'><strong>οῦτε</strong></span> <span class='ocrx_word' id='word_1_194' title='bbox 323 2228 428 2282; x_wconf 66' lang='grc' dir='ltr'><strong>ὑπὸ</strong></span> <span class='ocrx_word' id='word_1_195' title='bbox 477 2229 682 2283; x_wconf 85' lang='grc' dir='ltr'><strong>παίδων</strong></span> <span class='ocrx_word' id='word_1_196' title='bbox 713 2229 789 2301; x_wconf 79' lang='grc' dir='ltr'><strong>μὴ</strong></span> <span class='ocrx_word' id='word_1_197' title='bbox 810 2229 978 2283; x_wconf 82' lang='grc' dir='ltr'><strong>όντων</strong></span> <span class='ocrx_word' id='word_1_198' title='bbox 1002 2230 1300 2303; x_wconf 81' lang='grc' dir='ltr'><strong>ὁρθοδόξων</strong></span> <span class='ocrx_word' id='word_1_199' title='bbox 1340 2228 1739 2300; x_wconf 87' lang='grc' dir='ltr'><strong>κληρονομοῦν-</strong></span> 
     </span>
    </p>
   </div>
   <div class='ocr_carea' id='block_1_26' title="bbox 166 2321 1739 2395">
    <p class='ocr_par' dir='ltr' id='par_1_26' title="bbox 166 2321 1739 2395">
     <span class='ocr_line' id='line_1_26' title="bbox 166 2321 1739 2395; baseline 0 -19"><span class='ocrx_word' id='word_1_200' title='bbox 166 2341 280 2389; x_wconf 87' lang='grc' dir='ltr'><strong>ται,</strong></span> <span class='ocrx_word' id='word_1_201' title='bbox 318 2323 412 2375; x_wconf 69' lang='grc' dir='ltr'><strong>καὶ</strong></span> <span class='ocrx_word' id='word_1_202' title='bbox 442 2321 581 2393; x_wconf 81' lang='grc' dir='ltr'><strong>μετὰ</strong></span> <span class='ocrx_word' id='word_1_203' title='bbox 613 2321 842 2377; x_wconf 81' lang='grc' dir='ltr'><strong>θάνατον</strong></span> <span class='ocrx_word' id='word_1_204' title='bbox 870 2322 1300 2395; x_wconf 78' lang='grc' dir='ltr'><strong>κατηγοροῦνται</strong></span> <span class='ocrx_word' id='word_1_205' title='bbox 1330 2322 1424 2376; x_wconf 74' lang='grc' dir='ltr'><strong>καὶ</strong></span> <span class='ocrx_word' id='word_1_206' title='bbox 1472 2321 1739 2393; x_wconf 82' lang='grc' dir='ltr'><strong>ἀκυροῦν-</strong></span> 
     </span>
    </p>
   </div>
   <div class='ocr_carea' id='block_1_27' title="bbox 164 2412 1739 2482">
    <p class='ocr_par' dir='ltr' id='par_1_27' title="bbox 164 2412 1739 2482">
     <span class='ocr_line' id='line_1_27' title="bbox 164 2412 1739 2482; baseline -0.001 -15"><span class='ocrx_word' id='word_1_207' title='bbox 164 2431 257 2469; x_wconf 80' lang='grc' dir='ltr'><strong>ται</strong></span> <span class='ocrx_word' id='word_1_208' title='bbox 283 2417 336 2469; x_wconf 82' lang='grc' dir='ltr'>αἱ</span> <span class='ocrx_word' id='word_1_209' title='bbox 362 2414 617 2482; x_wconf 78' lang='grc' dir='ltr'><strong>διαθῆκαι</strong></span> <span class='ocrx_word' id='word_1_210' title='bbox 642 2415 823 2469; x_wconf 78' lang='grc' dir='ltr'><strong>αὐτῶν</strong></span> <span class='ocrx_word' id='word_1_211' title='bbox 846 2432 862 2447; x_wconf 79' lang='grc'><em>’</em></span> <span class='ocrx_word' id='word_1_212' title='bbox 904 2416 996 2470; x_wconf 78' lang='grc' dir='ltr'><strong>καὶ</strong></span> <span class='ocrx_word' id='word_1_213' title='bbox 1020 2416 1103 2469; x_wconf 82' lang='grc' dir='ltr'><strong>ὅτι</strong></span> <span class='ocrx_word' id='word_1_214' title='bbox 1132 2414 1241 2468; x_wconf 86' lang='grc' dir='ltr'><strong>τῶν</strong></span> <span class='ocrx_word' id='word_1_215' title='bbox 1276 2414 1484 2469; x_wconf 91' lang='grc' dir='ltr'><strong>πόλεων</strong></span> <span class='ocrx_word' id='word_1_216' title='bbox 1539 2412 1739 2468; x_wconf 72' lang='grc' dir='ltr'><strong>ἐκϐάλ-</strong></span> 
     </span>
    </p>
   </div>
   <div class='ocr_carea' id='block_1_28' title="bbox 166 2506 1740 2580">
    <p class='ocr_par' dir='ltr' id='par_1_28' title="bbox 166 2506 1740 2580">
     <span class='ocr_line' id='line_1_28' title="bbox 166 2506 1740 2580; baseline 0.002 -20"><span class='ocrx_word' id='word_1_217' title='bbox 166 2507 372 2574; x_wconf 74' lang='grc' dir='ltr'><strong>λοπαι,</strong></span> <span class='ocrx_word' id='word_1_218' title='bbox 424 2507 523 2563; x_wconf 77' lang='grc' dir='ltr'><strong>καὶ</strong></span> <span class='ocrx_word' id='word_1_219' title='bbox 563 2507 645 2561; x_wconf 85' lang='grc' dir='ltr'><strong>ὅτι</strong></span> <span class='ocrx_word' id='word_1_220' title='bbox 696 2509 815 2572; x_wconf 83' lang='grc' dir='ltr'><strong>ταῖς</strong></span> <span class='ocrx_word' id='word_1_221' title='bbox 851 2506 1197 2580; x_wconf 87' lang='grc' dir='ltr'><strong>Ἐκκλησίαις</strong></span> <span class='ocrx_word' id='word_1_222' title='bbox 1226 2508 1663 2579; x_wconf 86' lang='grc' dir='ltr'><strong>προσκυροῦνται</strong></span> <span class='ocrx_word' id='word_1_223' title='bbox 1689 2510 1740 2563; x_wconf 79' lang='lat' dir='ltr'><strong>oi</strong></span> 
     </span>
    </p>
   </div>
   <div class='ocr_carea' id='block_1_29' title="bbox 166 2593 1741 2675">
    <p class='ocr_par' dir='ltr' id='par_1_29' title="bbox 166 2593 1741 2675">
     <span class='ocr_line' id='line_1_29' title="bbox 166 2593 1741 2675; baseline 0.006 -24"><span class='ocrx_word' id='word_1_224' title='bbox 166 2593 304 2656; x_wconf 77' lang='grc' dir='ltr'><strong>οἶκοι</strong></span> <span class='ocrx_word' id='word_1_225' title='bbox 325 2600 384 2656; x_wconf 74' lang='grc' dir='ltr'><strong>ἐν</strong></span> <span class='ocrx_word' id='word_1_226' title='bbox 412 2593 495 2667; x_wconf 72' lang='grc' dir='ltr'><strong>οἷς</strong></span> <span class='ocrx_word' id='word_1_227' title='bbox 527 2599 793 2673; x_wconf 72' lang='grc' dir='ltr'><strong>αίρετικσὶ</strong></span> <span class='ocrx_word' id='word_1_228' title='bbox 813 2600 1004 2675; x_wconf 79' lang='grc' dir='ltr'><strong>γνώμη</strong></span> <span class='ocrx_word' id='word_1_229' title='bbox 1038 2600 1148 2657; x_wconf 86' lang='grc' dir='ltr'><strong>τῶν</strong></span> <span class='ocrx_word' id='word_1_230' title='bbox 1173 2600 1447 2658; x_wconf 82' lang='grc' dir='ltr'><strong>δεσποτῶν</strong></span> <span class='ocrx_word' id='word_1_231' title='bbox 1480 2602 1741 2675; x_wconf 78' lang='grc' dir='ltr'><strong>συνάγονο</strong></span> 
     </span>
    </p>
   </div>
   <div class='ocr_carea' id='block_1_30' title="bbox 167 2694 1742 2767">
    <p class='ocr_par' dir='ltr' id='par_1_30' title="bbox 167 2694 1742 2767">
     <span class='ocr_line' id='line_1_30' title="bbox 167 2694 1742 2767; baseline 0.004 -20"><span class='ocrx_word' id='word_1_232' title='bbox 167 2710 259 2748; x_wconf 90' lang='grc' dir='ltr'><strong>ται</strong></span> <span class='ocrx_word' id='word_1_233' title='bbox 288 2710 303 2724; x_wconf 93' lang='grc'><strong>·</strong></span> <span class='ocrx_word' id='word_1_234' title='bbox 354 2694 449 2749; x_wconf 73' lang='grc' dir='ltr'><strong>καὶ</strong></span> <span class='ocrx_word' id='word_1_235' title='bbox 492 2697 573 2748; x_wconf 78' lang='grc' dir='ltr'><strong>ὅτι</strong></span> <span class='ocrx_word' id='word_1_236' title='bbox 630 2695 737 2749; x_wconf 89' lang='grc' dir='ltr'><strong>τῶν</strong></span> <span class='ocrx_word' id='word_1_237' title='bbox 810 2694 1170 2766; x_wconf 81' lang='grc' dir='ltr'><strong>βουλευτικῶν</strong></span> <span class='ocrx_word' id='word_1_238' title='bbox 1200 2695 1234 2767; x_wconf 80' lang='grc' dir='ltr'>ἢ</span> <span class='ocrx_word' id='word_1_239' title='bbox 1264 2696 1606 2761; x_wconf 82' lang='grc' dir='ltr'><strong>ταξεωτικῶν</strong></span> <span class='ocrx_word' id='word_1_240' title='bbox 1631 2698 1742 2752; x_wconf 91' lang='grc' dir='ltr'><strong>λει-</strong></span> 
     </span>
    </p>
   </div>
   <div class='ocr_carea' id='block_1_31' title="bbox 167 2783 1738 2859">
    <p class='ocr_par' dir='ltr' id='par_1_31' title="bbox 167 2783 1738 2859">
     <span class='ocr_line' id='line_1_31' title="bbox 167 2783 1738 2859; baseline 0.001 -20"><span class='ocrx_word' id='word_1_241' title='bbox 167 2784 438 2855; x_wconf 84' lang='grc' dir='ltr'><strong>τουργιῶν</strong></span> <span class='ocrx_word' id='word_1_242' title='bbox 488 2785 589 2837; x_wconf 84' lang='grc' dir='ltr'><strong>οὐκ</strong></span> <span class='ocrx_word' id='word_1_243' title='bbox 638 2783 996 2840; x_wconf 83' lang='grc' dir='ltr'><strong>ἀπολύονται⁶</strong></span> <span class='ocrx_word' id='word_1_244' title='bbox 1060 2784 1154 2839; x_wconf 78' lang='grc' dir='ltr'><strong>καὶ</strong></span> <span class='ocrx_word' id='word_1_245' title='bbox 1196 2786 1280 2839; x_wconf 88' lang='grc' dir='ltr'><strong>δτι</strong></span> <span class='ocrx_word' id='word_1_246' title='bbox 1307 2786 1368 2840; x_wconf 79' lang='grc' dir='ltr'><strong>οὔ</strong></span> <span class='ocrx_word' id='word_1_247' title='bbox 1401 2787 1611 2841; x_wconf 88' lang='grc' dir='ltr'><strong>ποιοῦσι</strong></span> <span class='ocrx_word' id='word_1_248' title='bbox 1641 2804 1738 2859; x_wconf 88' lang='grc' dir='ltr'><strong>μο-</strong></span> 
     </span>
    </p>
   </div>
   <div class='ocr_carea' id='block_1_32' title="bbox 168 2873 1738 2949">
    <p class='ocr_par' dir='ltr' id='par_1_32' title="bbox 168 2873 1738 2949">
     <span class='ocr_line' id='line_1_32' title="bbox 168 2873 1738 2949; baseline 0.002 -20"><span class='ocrx_word' id='word_1_249' title='bbox 168 2879 437 2946; x_wconf 86' lang='grc' dir='ltr'><strong>ναστήρια</strong></span> <span class='ocrx_word' id='word_1_250' title='bbox 466 2873 590 2928; x_wconf 83' lang='grc' dir='ltr'><strong>οῦτε</strong></span> <span class='ocrx_word' id='word_1_251' title='bbox 639 2875 1021 2945; x_wconf 83' lang='grc' dir='ltr'><strong>στρατεύονται</strong></span> <span class='ocrx_word' id='word_1_252' title='bbox 1044 2892 1058 2906; x_wconf 89' lang='grc'><strong>·</strong></span> <span class='ocrx_word' id='word_1_253' title='bbox 1092 2878 1187 2931; x_wconf 76' lang='grc' dir='ltr'><strong>καὶ</strong></span> <span class='ocrx_word' id='word_1_254' title='bbox 1217 2877 1334 2941; x_wconf 84' lang='grc' dir='ltr'><strong>πῶς</strong></span> <span class='ocrx_word' id='word_1_255' title='bbox 1372 2877 1738 2949; x_wconf 84' lang='grc' dir='ltr'><strong>τιμωροῦνται</strong></span> 
     </span>
    </p>
   </div>
   <div class='ocr_carea' id='block_1_33' title="bbox 167 2967 1735 3041">
    <p class='ocr_par' dir='ltr' id='par_1_33' title="bbox 167 2967 1735 3041">
     <span class='ocr_line' id='line_1_33' title="bbox 167 2967 1735 3041; baseline 0.001 -20"><span class='ocrx_word' id='word_1_256' title='bbox 167 2969 218 3022; x_wconf 81' lang='lat' dir='ltr'><strong>oi</strong></span> <span class='ocrx_word' id='word_1_257' title='bbox 255 2968 395 3022; x_wconf 77' lang='grc' dir='ltr'><strong>κατὰ</strong></span> <span class='ocrx_word' id='word_1_258' title='bbox 442 2968 551 3022; x_wconf 84' lang='grc' dir='ltr'><strong>τῶν</strong></span> <span class='ocrx_word' id='word_1_259' title='bbox 595 2967 763 3036; x_wconf 83' lang='grc' dir='ltr'><strong>ἁγίων</strong></span> <span class='ocrx_word' id='word_1_260' title='bbox 797 2968 1031 3023; x_wconf 79' lang='grc' dir='ltr'><strong>συνόδων</strong></span> <span class='ocrx_word' id='word_1_261' title='bbox 1069 2967 1451 3041; x_wconf 78' lang='grc' dir='ltr'><strong>γράφοντες,ἢ</strong></span> <span class='ocrx_word' id='word_1_262' title='bbox 1501 2968 1735 3039; x_wconf 72' lang='grc' dir='ltr'><strong>ἔχοντες,</strong></span> 
     </span>
    </p>
   </div>
   <div class='ocr_carea' id='block_1_34' title="bbox 168 3055 1736 3131">
    <p class='ocr_par' dir='ltr' id='par_1_34' title="bbox 168 3055 1736 3131">
     <span class='ocr_line' id='line_1_34' title="bbox 168 3055 1736 3131; baseline 0 -18"><span class='ocrx_word' id='word_1_263' title='bbox 168 3057 203 3129; x_wconf 71' lang='grc' dir='ltr'>ἢ</span> <span class='ocrx_word' id='word_1_264' title='bbox 234 3055 695 3125; x_wconf 78' lang='grc' dir='ltr'><strong>ἀναγινώσκοντες</strong></span> <span class='ocrx_word' id='word_1_265' title='bbox 722 3057 895 3112; x_wconf 78' lang='grc' dir='ltr'><strong>αὑτάο</strong></span> <span class='ocrx_word' id='word_1_266' title='bbox 926 3060 1019 3112; x_wconf 78' lang='grc' dir='ltr'><strong>καὶ</strong></span> <span class='ocrx_word' id='word_1_267' title='bbox 1048 3059 1131 3113; x_wconf 82' lang='grc' dir='ltr'><strong>δτι</strong></span> <span class='ocrx_word' id='word_1_268' title='bbox 1162 3060 1224 3113; x_wconf 82' lang='grc' dir='ltr'><strong>ού</strong></span> <span class='ocrx_word' id='word_1_269' title='bbox 1253 3059 1544 3114; x_wconf 87' lang='grc' dir='ltr'><strong>θάπτονται</strong></span> <span class='ocrx_word' id='word_1_270' title='bbox 1583 3062 1736 3131; x_wconf 86' lang='grc' dir='ltr'><strong>νομί-</strong></span> 
     </span>
    </p>
   </div>
   <div class='ocr_carea' id='block_1_35' title="bbox 1862 662 3441 729">
    <p class='ocr_par' dir='ltr' id='par_1_35' title="bbox 1862 662 3441 729">
     <span class='ocr_line' id='line_1_35' title="bbox 1862 662 3441 729; baseline 0.004 -11"><span class='ocrx_word' id='word_1_271' title='bbox 1862 662 2033 718; x_wconf 86' lang='lat' dir='ltr'><strong>ditam</strong></span> <span class='ocrx_word' id='word_1_272' title='bbox 2064 678 2173 717; x_wconf 93' lang='lat' dir='ltr'><strong>non</strong></span> <span class='ocrx_word' id='word_1_273' title='bbox 2204 662 2398 729; x_wconf 84' lang='lat' dir='ltr'><strong>credit,</strong></span> <span class='ocrx_word' id='word_1_274' title='bbox 2428 662 2775 719; x_wconf 89' lang='lat' dir='ltr'><strong>Christianus</strong></span> <span class='ocrx_word' id='word_1_275' title='bbox 2805 679 2912 719; x_wconf 92' lang='lat' dir='ltr'><strong>non</strong></span> <span class='ocrx_word' id='word_1_276' title='bbox 2956 664 3178 729; x_wconf 88' lang='lat' dir='ltr'><strong>dicitur,</strong></span> <span class='ocrx_word' id='word_1_277' title='bbox 3211 667 3307 722; x_wconf 86' lang='lat' dir='ltr'><strong>sed</strong></span> <span class='ocrx_word' id='word_1_278' title='bbox 3345 683 3441 724; x_wconf 85' lang='lat' dir='ltr'><strong>ve-</strong></span> 
     </span>
    </p>
   </div>
   <div class='ocr_carea' id='block_1_36' title="bbox 1865 754 3443 827">
    <p class='ocr_par' dir='ltr' id='par_1_36' title="bbox 1865 754 3443 827">
     <span class='ocr_line' id='line_1_36' title="bbox 1865 754 3443 827; baseline 0.003 -17"><span class='ocrx_word' id='word_1_279' title='bbox 1865 770 2052 821; x_wconf 83' lang='lat' dir='ltr'><strong>sanus,</strong></span> <span class='ocrx_word' id='word_1_280' title='bbox 2082 755 2389 821; x_wconf 70' lang='lat' dir='ltr'><strong>haaretieus,</strong></span> <span class='ocrx_word' id='word_1_281' title='bbox 2411 764 2466 811; x_wconf 89' lang='lat' dir='ltr'><strong>et</strong></span> <span class='ocrx_word' id='word_1_282' title='bbox 2485 754 2703 810; x_wconf 80' lang='lat' dir='ltr'><strong>infamis</strong></span> <span class='ocrx_word' id='word_1_283' title='bbox 2726 766 2829 823; x_wconf 91' lang='lat' dir='ltr'><strong>est,</strong></span> <span class='ocrx_word' id='word_1_284' title='bbox 2856 771 2919 813; x_wconf 88' lang='lat' dir='ltr'><strong>ac</strong></span> <span class='ocrx_word' id='word_1_285' title='bbox 2939 758 3178 827; x_wconf 83' lang='lat' dir='ltr'><strong>punitur.</strong></span> <span class='ocrx_word' id='word_1_286' title='bbox 3208 757 3273 813; x_wconf 87' lang='lat' dir='ltr'><strong>Et</strong></span> <span class='ocrx_word' id='word_1_287' title='bbox 3295 759 3377 814; x_wconf 92' lang='lat' dir='ltr'><strong>tit.</strong></span> <span class='ocrx_word' id='word_1_288' title='bbox 3409 759 3443 815; x_wconf 81' lang='lat'><strong>5</strong></span> 
     </span>
    </p>
   </div>
   <div class='ocr_carea' id='block_1_37' title="bbox 1856 844 3444 918">
    <p class='ocr_par' dir='ltr' id='par_1_37' title="bbox 1856 844 3444 918">
     <span class='ocr_line' id='line_1_37' title="bbox 1856 844 3444 918; baseline 0.004 -19"><span class='ocrx_word' id='word_1_289' title='bbox 1856 844 2100 914; x_wconf 84' lang='lat' dir='ltr'><strong>ejusdem</strong></span> <span class='ocrx_word' id='word_1_290' title='bbox 2141 845 2287 910; x_wconf 84' lang='lat' dir='ltr'><strong>libri,</strong></span> <span class='ocrx_word' id='word_1_291' title='bbox 2317 855 2494 901; x_wconf 82' lang='lat' dir='ltr'><strong>const.</strong></span> <span class='ocrx_word' id='word_1_292' title='bbox 2525 848 2581 900; x_wconf 78' lang='lat'><strong>2.</strong></span> <span class='ocrx_word' id='word_1_293' title='bbox 2612 847 2774 918; x_wconf 76' lang='lat'><strong>383</strong></span> <span class='ocrx_word' id='word_1_294' title='bbox 2818 848 3116 904; x_wconf 60' lang='lat' dir='ltr'><strong>llareticus</strong></span> <span class='ocrx_word' id='word_1_295' title='bbox 3145 860 3246 916; x_wconf 88' lang='lat' dir='ltr'><strong>est,</strong></span> <span class='ocrx_word' id='word_1_296' title='bbox 3271 866 3335 906; x_wconf 90' lang='lat' dir='ltr'><strong>ac</strong></span> <span class='ocrx_word' id='word_1_297' title='bbox 3364 850 3444 905; x_wconf 85' lang='lat' dir='ltr'><strong>la-</strong></span> 
     </span>
    </p>
   </div>
   <div class='ocr_carea' id='block_1_38' title="bbox 1859 937 3442 1011">
    <p class='ocr_par' dir='ltr' id='par_1_38' title="bbox 1859 937 3442 1011">
     <span class='ocr_line' id='line_1_38' title="bbox 1859 937 3442 1011; baseline 0.003 -18"><span class='ocrx_word' id='word_1_298' title='bbox 1859 938 1930 994; x_wconf 91' lang='lat' dir='ltr'><strong>tis</strong></span> <span class='ocrx_word' id='word_1_299' title='bbox 1958 937 2235 1006; x_wconf 55' lang='lat' dir='ltr'><strong>ﬁadversus</strong></span> <span class='ocrx_word' id='word_1_300' title='bbox 2270 938 2553 994; x_wconf 65' lang='lat' dir='ltr'><strong>haereticos</strong></span> <span class='ocrx_word' id='word_1_301' title='bbox 2586 939 2794 1008; x_wconf 82' lang='lat' dir='ltr'><strong>legibus</strong></span> <span class='ocrx_word' id='word_1_302' title='bbox 2841 940 3181 1007; x_wconf 84' lang='lat' dir='ltr'><strong>succumbit,</strong></span> <span class='ocrx_word' id='word_1_303' title='bbox 3224 943 3317 1011; x_wconf 86' lang='lat' dir='ltr'><strong>qui</strong></span> <span class='ocrx_word' id='word_1_304' title='bbox 3359 944 3442 997; x_wconf 87' lang='lat' dir='ltr'><strong>vel</strong></span> 
     </span>
    </p>
   </div>
   <div class='ocr_carea' id='block_1_39' title="bbox 1860 1030 3444 1101">
    <p class='ocr_par' dir='ltr' id='par_1_39' title="bbox 1860 1030 3444 1101">
     <span class='ocr_line' id='line_1_39' title="bbox 1860 1030 3444 1101; baseline 0.002 -17"><span class='ocrx_word' id='word_1_305' title='bbox 1860 1030 2142 1101; x_wconf 84' lang='lat' dir='ltr'><strong>paululum</strong></span> <span class='ocrx_word' id='word_1_306' title='bbox 2175 1030 2246 1085; x_wconf 91' lang='lat' dir='ltr'><strong>ab</strong></span> <span class='ocrx_word' id='word_1_307' title='bbox 2291 1030 2593 1086; x_wconf 81' lang='lat' dir='ltr'><strong>orthodoxa</strong></span> <span class='ocrx_word' id='word_1_308' title='bbox 2620 1032 2854 1085; x_wconf 88' lang='lat' dir='ltr'><strong>declinat</strong></span> <span class='ocrx_word' id='word_1_309' title='bbox 2885 1032 3010 1087; x_wconf 79' lang='lat' dir='ltr'><strong>ﬁde.</strong></span> <span class='ocrx_word' id='word_1_310' title='bbox 3052 1030 3119 1086; x_wconf 82' lang='lat' dir='ltr'><strong>Et</strong></span> <span class='ocrx_word' id='word_1_311' title='bbox 3160 1041 3337 1087; x_wconf 91' lang='lat' dir='ltr'><strong>const.</strong></span> <span class='ocrx_word' id='word_1_312' title='bbox 3372 1033 3444 1087; x_wconf 72' lang='grc'><strong>12</strong></span> 
     </span>
    </p>
   </div>
   <div class='ocr_carea' id='block_1_40' title="bbox 1858 1121 3439 1193">
    <p class='ocr_par' dir='ltr' id='par_1_40' title="bbox 1858 1121 3439 1193">
     <span class='ocr_line' id='line_1_40' title="bbox 1858 1121 3439 1193; baseline 0 -14"><span class='ocrx_word' id='word_1_313' title='bbox 1858 1122 2100 1193; x_wconf 84' lang='lat' dir='ltr'><strong>ejusdem</strong></span> <span class='ocrx_word' id='word_1_314' title='bbox 2134 1122 2240 1188; x_wconf 90' lang='lat' dir='ltr'><strong>tit.,</strong></span> <span class='ocrx_word' id='word_1_315' title='bbox 2279 1121 2581 1176; x_wconf 66' lang='lat' dir='ltr'><strong>llaareticus</strong></span> <span class='ocrx_word' id='word_1_316' title='bbox 2601 1130 2683 1177; x_wconf 89' lang='lat' dir='ltr'><strong>est</strong></span> <span class='ocrx_word' id='word_1_317' title='bbox 2705 1122 2797 1192; x_wconf 90' lang='lat' dir='ltr'><strong>qui</strong></span> <span class='ocrx_word' id='word_1_318' title='bbox 2829 1138 2935 1175; x_wconf 94' lang='lat' dir='ltr'><strong>non</strong></span> <span class='ocrx_word' id='word_1_319' title='bbox 2967 1130 3053 1177; x_wconf 88' lang='lat' dir='ltr'><strong>est</strong></span> <span class='ocrx_word' id='word_1_320' title='bbox 3080 1122 3439 1179; x_wconf 80' lang='lat' dir='ltr'><strong>orthodoxus.</strong></span> 
     </span>
    </p>
   </div>
   <div class='ocr_carea' id='block_1_41' title="bbox 1859 1210 3439 1283">
    <p class='ocr_par' dir='ltr' id='par_1_41' title="bbox 1859 1210 3439 1283">
     <span class='ocr_line' id='line_1_41' title="bbox 1859 1210 3439 1283; baseline -0.001 -15"><span class='ocrx_word' id='word_1_321' title='bbox 1859 1210 2052 1268; x_wconf 80' lang='lat' dir='ltr'><strong>Const.</strong></span> <span class='ocrx_word' id='word_1_322' title='bbox 2102 1213 2153 1277; x_wconf 74' lang='grc' dir='ltr'><strong>Ι,</strong></span> <span class='ocrx_word' id='word_1_323' title='bbox 2208 1213 2293 1267; x_wconf 84' lang='lat' dir='ltr'><strong>tit.</strong></span> <span class='ocrx_word' id='word_1_324' title='bbox 2344 1214 2366 1265; x_wconf 81' lang='grc'>1</span> <span class='ocrx_word' id='word_1_325' title='bbox 2426 1211 2769 1267; x_wconf 81' lang='lat' dir='ltr'><strong>Novellarum</strong></span> <span class='ocrx_word' id='word_1_326' title='bbox 2818 1212 3102 1267; x_wconf 74' lang='lat' dir='ltr'><strong>hmreticos</strong></span> <span class='ocrx_word' id='word_1_327' title='bbox 3140 1211 3289 1278; x_wconf 88' lang='lat' dir='ltr'><strong>dicit,</strong></span> <span class='ocrx_word' id='word_1_328' title='bbox 3343 1213 3439 1283; x_wconf 89' lang='lat' dir='ltr'><strong>qui</strong></span> 
     </span>
    </p>
   </div>
   <div class='ocr_carea' id='block_1_42' title="bbox 1858 1306 2689 1375">
    <p class='ocr_par' dir='ltr' id='par_1_42' title="bbox 1858 1306 2689 1375">
     <span class='ocr_line' id='line_1_42' title="bbox 1858 1306 2689 1375; baseline -0.001 -14"><span class='ocrx_word' id='word_1_329' title='bbox 1858 1306 2265 1361; x_wconf 76' lang='lat' dir='ltr'><strong>communicare</strong></span> <span class='ocrx_word' id='word_1_330' title='bbox 2299 1320 2407 1361; x_wconf 90' lang='lat' dir='ltr'><strong>non</strong></span> <span class='ocrx_word' id='word_1_331' title='bbox 2440 1314 2689 1375; x_wconf 90' lang='lat' dir='ltr'><strong>possunt.</strong></span> 
     </span>
    </p>
   </div>
   <div class='ocr_carea' id='block_1_43' title="bbox 1934 1397 3434 1479">
    <p class='ocr_par' dir='ltr' id='par_1_43' title="bbox 1934 1397 3434 1479">
     <span class='ocr_line' id='line_1_43' title="bbox 1934 1397 3434 1479; baseline 0.005 -26"><span class='ocrx_word' id='word_1_332' title='bbox 1934 1397 2149 1454; x_wconf 76' lang='lat' dir='ltr'><strong>Textus.</strong></span> <span class='ocrx_word' id='word_1_333' title='bbox 2190 1397 2363 1455; x_wconf 88' lang='lat' dir='ltr'><strong>Porro</strong></span> <span class='ocrx_word' id='word_1_334' title='bbox 2408 1415 2529 1470; x_wconf 70' lang='lat' dir='ltr'><strong>qua:</strong></span> <span class='ocrx_word' id='word_1_335' title='bbox 2580 1400 2648 1456; x_wconf 89' lang='lat' dir='ltr'><strong>de</strong></span> <span class='ocrx_word' id='word_1_336' title='bbox 2709 1400 2980 1458; x_wconf 68' lang='lat' dir='ltr'><strong>haereticis</strong></span> <span class='ocrx_word' id='word_1_337' title='bbox 3013 1402 3138 1475; x_wconf 83' lang='lat' dir='ltr'><strong>[dici</strong></span> <span class='ocrx_word' id='word_1_338' title='bbox 3180 1405 3434 1479; x_wconf 52' lang='lat' dir='ltr'><strong>debeant]</strong></span> 
     </span>
    </p>
   </div>
   <div class='ocr_carea' id='block_1_44' title="bbox 1857 1491 3434 1568">
    <p class='ocr_par' dir='ltr' id='par_1_44' title="bbox 1857 1491 3434 1568">
     <span class='ocr_line' id='line_1_44' title="bbox 1857 1491 3434 1568; baseline 0.003 -20"><span class='ocrx_word' id='word_1_339' title='bbox 1857 1492 1911 1548; x_wconf 91' lang='lat' dir='ltr'><strong>in</strong></span> <span class='ocrx_word' id='word_1_340' title='bbox 1947 1491 2030 1547; x_wconf 88' lang='lat' dir='ltr'><strong>tit.</strong></span> <span class='ocrx_word' id='word_1_341' title='bbox 2065 1492 2118 1555; x_wconf 85' lang='lat'><strong>5,</strong></span> <span class='ocrx_word' id='word_1_342' title='bbox 2160 1492 2253 1546; x_wconf 90' lang='lat' dir='ltr'><strong>lih.</strong></span> <span class='ocrx_word' id='word_1_343' title='bbox 2286 1506 2303 1545; x_wconf 83' lang='grc' dir='ltr'><strong>ι</strong></span> <span class='ocrx_word' id='word_1_344' title='bbox 2351 1492 2473 1546; x_wconf 83' lang='lat' dir='ltr'><strong>cod.</strong></span> <span class='ocrx_word' id='word_1_345' title='bbox 2504 1491 2713 1561; x_wconf 73' lang='lat' dir='ltr'><strong>prolixe</strong></span> <span class='ocrx_word' id='word_1_346' title='bbox 2743 1493 2909 1547; x_wconf 91' lang='lat' dir='ltr'><strong>relata</strong></span> <span class='ocrx_word' id='word_1_347' title='bbox 2952 1504 3095 1562; x_wconf 90' lang='lat' dir='ltr'><strong>sunt,</strong></span> <span class='ocrx_word' id='word_1_348' title='bbox 3131 1497 3221 1552; x_wconf 91' lang='lat' dir='ltr'><strong>ubi</strong></span> <span class='ocrx_word' id='word_1_349' title='bbox 3261 1498 3434 1568; x_wconf 78' lang='lat' dir='ltr'><strong>privi-</strong></span> 
     </span>
    </p>
   </div>
   <div class='ocr_carea' id='block_1_45' title="bbox 1855 1584 3435 1660">
    <p class='ocr_par' dir='ltr' id='par_1_45' title="bbox 1855 1584 3435 1660">
     <span class='ocr_line' id='line_1_45' title="bbox 1855 1584 3435 1660; baseline 0.004 -21"><span class='ocrx_word' id='word_1_350' title='bbox 1855 1584 2053 1653; x_wconf 81' lang='lat' dir='ltr'><strong>legium</strong></span> <span class='ocrx_word' id='word_1_351' title='bbox 2094 1584 2315 1649; x_wconf 88' lang='lat' dir='ltr'><strong>habere,</strong></span> <span class='ocrx_word' id='word_1_352' title='bbox 2356 1585 2551 1639; x_wconf 88' lang='lat' dir='ltr'><strong>docere</strong></span> <span class='ocrx_word' id='word_1_353' title='bbox 2575 1624 2589 1650; x_wconf 88' lang='lat'><strong>,</strong></span> <span class='ocrx_word' id='word_1_354' title='bbox 2619 1585 2844 1640; x_wconf 87' lang='lat' dir='ltr'><strong>clericos</strong></span> <span class='ocrx_word' id='word_1_355' title='bbox 2875 1602 3063 1642; x_wconf 82' lang='lat' dir='ltr'><strong>creare</strong></span> <span class='ocrx_word' id='word_1_356' title='bbox 3089 1628 3105 1654; x_wconf 91' lang='lat'><strong>,</strong></span> <span class='ocrx_word' id='word_1_357' title='bbox 3138 1599 3187 1644; x_wconf 94' lang='lat' dir='ltr'><strong>et</strong></span> <span class='ocrx_word' id='word_1_358' title='bbox 3220 1590 3435 1660; x_wconf 89' lang='lat' dir='ltr'><strong>publice</strong></span> 
     </span>
    </p>
   </div>
   <div class='ocr_carea' id='block_1_46' title="bbox 1855 1675 3428 1748">
    <p class='ocr_par' dir='ltr' id='par_1_46' title="bbox 1855 1675 3428 1748">
     <span class='ocr_line' id='line_1_46' title="bbox 1855 1675 3428 1748; baseline 0.005 -19"><span class='ocrx_word' id='word_1_359' title='bbox 1855 1675 1939 1731; x_wconf 82' lang='lat' dir='ltr'><strong>vel</strong></span> <span class='ocrx_word' id='word_1_360' title='bbox 1979 1676 2031 1729; x_wconf 92' lang='lat' dir='ltr'><strong>in</strong></span> <span class='ocrx_word' id='word_1_361' title='bbox 2084 1676 2293 1730; x_wconf 68' lang='lat' dir='ltr'><strong>milibus</strong></span> <span class='ocrx_word' id='word_1_362' title='bbox 2353 1676 2778 1745; x_wconf 84' lang='lat' dir='ltr'><strong>supplicationes</strong></span> <span class='ocrx_word' id='word_1_363' title='bbox 2822 1678 3001 1734; x_wconf 76' lang='lat' dir='ltr'><strong>facere</strong></span> <span class='ocrx_word' id='word_1_364' title='bbox 3052 1680 3428 1748; x_wconf 80' lang='lat' dir='ltr'><strong>prohibentur.</strong></span> 
     </span>
    </p>
   </div>
   <div class='ocr_carea' id='block_1_47' title="bbox 1857 1765 3430 1842">
    <p class='ocr_par' dir='ltr' id='par_1_47' title="bbox 1857 1765 3430 1842">
     <span class='ocr_line' id='line_1_47' title="bbox 1857 1765 3430 1842; baseline 0.004 -21"><span class='ocrx_word' id='word_1_365' title='bbox 1857 1766 2071 1836; x_wconf 83' lang='lat' dir='ltr'><strong>Alioqui</strong></span> <span class='ocrx_word' id='word_1_366' title='bbox 2110 1766 2341 1822; x_wconf 84' lang='lat' dir='ltr'><strong>ollieium</strong></span> <span class='ocrx_word' id='word_1_367' title='bbox 2380 1765 2622 1838; x_wconf 68' lang='lat' dir='ltr'><strong>prazl‘ecti</strong></span> <span class='ocrx_word' id='word_1_368' title='bbox 2655 1768 2957 1842; x_wconf 67' lang='lat' dir='ltr'><strong>[praetorio]</strong></span> <span class='ocrx_word' id='word_1_369' title='bbox 3000 1780 3217 1826; x_wconf 88' lang='lat' dir='ltr'><strong>centum</strong></span> <span class='ocrx_word' id='word_1_370' title='bbox 3255 1770 3430 1827; x_wconf 87' lang='lat' dir='ltr'><strong>libras</strong></span> 
     </span>
    </p>
   </div>
   <div class='ocr_carea' id='block_1_48' title="bbox 1860 1857 3430 1933">
    <p class='ocr_par' dir='ltr' id='par_1_48' title="bbox 1860 1857 3430 1933">
     <span class='ocr_line' id='line_1_48' title="bbox 1860 1857 3430 1933; baseline 0.003 -21"><span class='ocrx_word' id='word_1_371' title='bbox 1860 1857 2072 1932; x_wconf 86' lang='lat' dir='ltr'><strong>[auri]:</strong></span> <span class='ocrx_word' id='word_1_372' title='bbox 2118 1860 2479 1925; x_wconf 82' lang='lat' dir='ltr'><strong>provinciales</strong></span> <span class='ocrx_word' id='word_1_373' title='bbox 2519 1874 2651 1915; x_wconf 81' lang='lat' dir='ltr'><strong>vero</strong></span> <span class='ocrx_word' id='word_1_374' title='bbox 2694 1858 2995 1933; x_wconf 84' lang='lat' dir='ltr'><strong>[olIiciales]</strong></span> <span class='ocrx_word' id='word_1_375' title='bbox 3040 1862 3430 1933; x_wconf 77' lang='lat' dir='ltr'><strong>quinquaginta</strong></span> 
     </span>
    </p>
   </div>
   <div class='ocr_carea' id='block_1_49' title="bbox 1856 1946 3427 2027">
    <p class='ocr_par' dir='ltr' id='par_1_49' title="bbox 1856 1946 3427 2027">
     <span class='ocr_line' id='line_1_49' title="bbox 1856 1946 3427 2027; baseline 0.003 -26"><span class='ocrx_word' id='word_1_376' title='bbox 1856 1947 1988 2027; x_wconf 82' lang='lat' dir='ltr'><strong>dant</strong></span> <span class='ocrx_word' id='word_1_377' title='bbox 2018 1965 2032 2002; x_wconf 90' lang='lat'><strong>:</strong></span> <span class='ocrx_word' id='word_1_378' title='bbox 2066 1947 2109 2002; x_wconf 89' lang='lat' dir='ltr'><strong>si</strong></span> <span class='ocrx_word' id='word_1_379' title='bbox 2145 1946 2404 2019; x_wconf 89' lang='lat' dir='ltr'><strong>[ipsorum</strong></span> <span class='ocrx_word' id='word_1_380' title='bbox 2434 1947 2727 2022; x_wconf 86' lang='lat' dir='ltr'><strong>permissu]</strong></span> <span class='ocrx_word' id='word_1_381' title='bbox 2767 1950 2874 2005; x_wconf 83' lang='lat' dir='ltr'><strong>tale</strong></span> <span class='ocrx_word' id='word_1_382' title='bbox 2903 1951 3187 2021; x_wconf 86' lang='lat' dir='ltr'><strong>quidpiam</strong></span> <span class='ocrx_word' id='word_1_383' title='bbox 3224 1951 3427 2006; x_wconf 84' lang='lat' dir='ltr'><strong>factum</strong></span> 
     </span>
    </p>
   </div>
   <div class='ocr_carea' id='block_1_50' title="bbox 1859 2038 3429 2115">
    <p class='ocr_par' dir='ltr' id='par_1_50' title="bbox 1859 2038 3429 2115">
     <span class='ocr_line' id='line_1_50' title="bbox 1859 2038 3429 2115; baseline 0.003 -20"><span class='ocrx_word' id='word_1_384' title='bbox 1859 2039 1950 2095; x_wconf 89' lang='lat' dir='ltr'><strong>sit.</strong></span> <span class='ocrx_word' id='word_1_385' title='bbox 1981 2038 2246 2113; x_wconf 83' lang='lat' dir='ltr'><strong>[Habetur</strong></span> <span class='ocrx_word' id='word_1_386' title='bbox 2275 2040 2522 2113; x_wconf 84' lang='lat' dir='ltr'><strong>ibidem],</strong></span> <span class='ocrx_word' id='word_1_387' title='bbox 2552 2042 2698 2112; x_wconf 91' lang='lat' dir='ltr'><strong>quod</strong></span> <span class='ocrx_word' id='word_1_388' title='bbox 2724 2043 2963 2109; x_wconf 80' lang='lat' dir='ltr'><strong>ipsorum</strong></span> <span class='ocrx_word' id='word_1_389' title='bbox 2995 2046 3429 2115; x_wconf 82' lang='lat' dir='ltr'><strong>congregationis</strong></span> 
     </span>
    </p>
   </div>
   <div class='ocr_carea' id='block_1_51' title="bbox 1852 2131 3429 2207">
    <p class='ocr_par' dir='ltr' id='par_1_51' title="bbox 1852 2131 3429 2207">
     <span class='ocr_line' id='line_1_51' title="bbox 1852 2131 3429 2207; baseline 0.003 -20"><span class='ocrx_word' id='word_1_390' title='bbox 1852 2131 1968 2187; x_wconf 88' lang='lat' dir='ltr'><strong>loca</strong></span> <span class='ocrx_word' id='word_1_391' title='bbox 2017 2131 2313 2187; x_wconf 77' lang='lat' dir='ltr'><strong>orthodoxa</strong></span> <span class='ocrx_word' id='word_1_392' title='bbox 2358 2132 2597 2188; x_wconf 82' lang='lat' dir='ltr'><strong>Ecclesia</strong></span> <span class='ocrx_word' id='word_1_393' title='bbox 2630 2135 2830 2203; x_wconf 88' lang='lat' dir='ltr'><strong>capiat.</strong></span> <span class='ocrx_word' id='word_1_394' title='bbox 2865 2135 2994 2191; x_wconf 90' lang='lat' dir='ltr'><strong>Item</strong></span> <span class='ocrx_word' id='word_1_395' title='bbox 3018 2176 3034 2201; x_wconf 94' lang='lat'><strong>,</strong></span> <span class='ocrx_word' id='word_1_396' title='bbox 3076 2138 3220 2207; x_wconf 89' lang='lat' dir='ltr'><strong>quod</strong></span> <span class='ocrx_word' id='word_1_397' title='bbox 3260 2136 3429 2191; x_wconf 82' lang='lat' dir='ltr'><strong>Mani-</strong></span> 
     </span>
    </p>
   </div>
   <div class='ocr_carea' id='block_1_52' title="bbox 1852 2223 3422 2296">
    <p class='ocr_par' dir='ltr' id='par_1_52' title="bbox 1852 2223 3422 2296">
     <span class='ocr_line' id='line_1_52' title="bbox 1852 2223 3422 2296; baseline 0.003 -18"><span class='ocrx_word' id='word_1_398' title='bbox 1852 2223 1986 2279; x_wconf 77' lang='lat' dir='ltr'><strong>chzei</strong></span> <span class='ocrx_word' id='word_1_399' title='bbox 2042 2233 2095 2279; x_wconf 88' lang='lat' dir='ltr'><strong>et</strong></span> <span class='ocrx_word' id='word_1_400' title='bbox 2153 2224 2446 2279; x_wconf 63' lang='lat' dir='ltr'><strong>Donatista:</strong></span> <span class='ocrx_word' id='word_1_401' title='bbox 2515 2224 2706 2282; x_wconf 90' lang='lat' dir='ltr'><strong>utlimo</strong></span> <span class='ocrx_word' id='word_1_402' title='bbox 2763 2227 3027 2296; x_wconf 86' lang='lat' dir='ltr'><strong>supplicio</strong></span> <span class='ocrx_word' id='word_1_403' title='bbox 3086 2226 3422 2295; x_wconf 75' lang='lat' dir='ltr'><strong>afﬁciantur,</strong></span> 
     </span>
    </p>
   </div>
   <div class='ocr_carea' id='block_1_53' title="bbox 1850 2311 3425 2393">
    <p class='ocr_par' dir='ltr' id='par_1_53' title="bbox 1850 2311 3425 2393">
     <span class='ocr_line' id='line_1_53' title="bbox 1850 2311 3425 2393; baseline 0.003 -24"><span class='ocrx_word' id='word_1_404' title='bbox 1850 2311 2307 2393; x_wconf 77' lang='lat' dir='ltr'><strong>[bonaipsorum]</strong></span> <span class='ocrx_word' id='word_1_405' title='bbox 2354 2315 2733 2385; x_wconf 88' lang='lat' dir='ltr'><strong>publicentur,</strong></span> <span class='ocrx_word' id='word_1_406' title='bbox 2780 2327 3158 2374; x_wconf 86' lang='lat' dir='ltr'><strong>testamentum</strong></span> <span class='ocrx_word' id='word_1_407' title='bbox 3201 2335 3306 2375; x_wconf 93' lang='lat' dir='ltr'><strong>non</strong></span> <span class='ocrx_word' id='word_1_408' title='bbox 3340 2319 3425 2374; x_wconf 80' lang='lat' dir='ltr'><strong>fn-</strong></span> 
     </span>
    </p>
   </div>
   <div class='ocr_carea' id='block_1_54' title="bbox 1850 2391 3423 2475">
    <p class='ocr_par' dir='ltr' id='par_1_54' title="bbox 1850 2391 3423 2475">
     <span class='ocr_line' id='line_1_54' title="bbox 1850 2391 3423 2475; baseline 0.004 -15"><span class='ocrx_word' id='word_1_409' title='bbox 1850 2391 2200 2475; x_wconf 12' lang='lat' dir='ltr'><strong>ciantl,&#39;nullo</strong></span> <span class='ocrx_word' id='word_1_410' title='bbox 2244 2409 2401 2464; x_wconf 84' lang='lat' dir='ltr'><strong>modo</strong></span> <span class='ocrx_word' id='word_1_411' title='bbox 2439 2410 2785 2474; x_wconf 84' lang='lat' dir='ltr'><strong>contrahant,</strong></span> <span class='ocrx_word' id='word_1_412' title='bbox 2825 2410 3025 2466; x_wconf 90' lang='lat' dir='ltr'><strong>liberos</strong></span> <span class='ocrx_word' id='word_1_413' title='bbox 3054 2410 3099 2466; x_wconf 84' lang='lat' dir='ltr'><strong>si</strong></span> <span class='ocrx_word' id='word_1_414' title='bbox 3137 2413 3423 2467; x_wconf 71' lang='lat' dir='ltr'><strong>orthodoxi</strong></span> 
     </span>
    </p>
   </div>
   <div class='ocr_carea' id='block_1_55' title="bbox 1850 2499 3423 2573">
    <p class='ocr_par' dir='ltr' id='par_1_55' title="bbox 1850 2499 3423 2573">
     <span class='ocr_line' id='line_1_55' title="bbox 1850 2499 3423 2573; baseline 0.002 -19"><span class='ocrx_word' id='word_1_415' title='bbox 1850 2513 1957 2554; x_wconf 92' lang='lat' dir='ltr'><strong>non</strong></span> <span class='ocrx_word' id='word_1_416' title='bbox 1996 2499 2108 2554; x_wconf 90' lang='lat' dir='ltr'><strong>sint</strong></span> <span class='ocrx_word' id='word_1_417' title='bbox 2137 2499 2379 2555; x_wconf 75' lang='lat' dir='ltr'><strong>bzeredes</strong></span> <span class='ocrx_word' id='word_1_418' title='bbox 2408 2514 2515 2555; x_wconf 93' lang='lat' dir='ltr'><strong>non</strong></span> <span class='ocrx_word' id='word_1_419' title='bbox 2553 2501 2807 2568; x_wconf 86' lang='lat' dir='ltr'><strong>habeant,</strong></span> <span class='ocrx_word' id='word_1_420' title='bbox 2842 2512 2965 2573; x_wconf 91' lang='lat' dir='ltr'><strong>post</strong></span> <span class='ocrx_word' id='word_1_421' title='bbox 2997 2514 3227 2558; x_wconf 83' lang='lat' dir='ltr'><strong>mortem</strong></span> <span class='ocrx_word' id='word_1_422' title='bbox 3261 2519 3423 2560; x_wconf 82' lang='lat' dir='ltr'><strong>accu-</strong></span> 
     </span>
    </p>
   </div>
   <div class='ocr_carea' id='block_1_56' title="bbox 1850 2592 3421 2662">
    <p class='ocr_par' dir='ltr' id='par_1_56' title="bbox 1850 2592 3421 2662">
     <span class='ocr_line' id='line_1_56' title="bbox 1850 2592 3421 2662; baseline 0.002 -14"><span class='ocrx_word' id='word_1_423' title='bbox 1850 2599 2067 2656; x_wconf 73' lang='lat' dir='ltr'><strong>santur,</strong></span> <span class='ocrx_word' id='word_1_424' title='bbox 2105 2600 2160 2645; x_wconf 89' lang='lat' dir='ltr'><strong>et</strong></span> <span class='ocrx_word' id='word_1_425' title='bbox 2204 2592 2441 2661; x_wconf 91' lang='lat' dir='ltr'><strong>ipsorum</strong></span> <span class='ocrx_word' id='word_1_426' title='bbox 2488 2599 2808 2647; x_wconf 89' lang='lat' dir='ltr'><strong>testamenta</strong></span> <span class='ocrx_word' id='word_1_427' title='bbox 2863 2593 3018 2647; x_wconf 87' lang='lat' dir='ltr'><strong>irrita</strong></span> <span class='ocrx_word' id='word_1_428' title='bbox 3072 2594 3180 2648; x_wconf 89' lang='lat' dir='ltr'><strong>sint</strong></span> <span class='ocrx_word' id='word_1_429' title='bbox 3220 2612 3233 2648; x_wconf 88' lang='lat'>:</span> <span class='ocrx_word' id='word_1_430' title='bbox 3280 2595 3421 2662; x_wconf 84' lang='lat' dir='ltr'><strong>quod</strong></span> 
     </span>
    </p>
   </div>
   <div class='ocr_carea' id='block_1_57' title="bbox 1852 2676 3420 2757">
    <p class='ocr_par' dir='ltr' id='par_1_57' title="bbox 1852 2676 3420 2757">
     <span class='ocr_line' id='line_1_57' title="bbox 1852 2676 3420 2757; baseline 0.002 -21"><span class='ocrx_word' id='word_1_431' title='bbox 1852 2680 2120 2757; x_wconf 86' lang='lat' dir='ltr'><strong>[insuper]</strong></span> <span class='ocrx_word' id='word_1_432' title='bbox 2155 2676 2223 2739; x_wconf 85' lang='lat' dir='ltr'><strong>ab</strong></span> <span class='ocrx_word' id='word_1_433' title='bbox 2252 2682 2474 2747; x_wconf 79' lang='lat' dir='ltr'><strong>urbibus</strong></span> <span class='ocrx_word' id='word_1_434' title='bbox 2514 2680 2802 2754; x_wconf 84' lang='lat' dir='ltr'><strong>ejiciantur</strong></span> <span class='ocrx_word' id='word_1_435' title='bbox 2830 2700 2845 2738; x_wconf 91' lang='lat'><strong>:</strong></span> <span class='ocrx_word' id='word_1_436' title='bbox 2883 2684 3026 2753; x_wconf 91' lang='lat' dir='ltr'><strong>quod</strong></span> <span class='ocrx_word' id='word_1_437' title='bbox 3052 2685 3195 2740; x_wconf 70' lang='lat' dir='ltr'><strong>aedes</strong></span> <span class='ocrx_word' id='word_1_438' title='bbox 3222 2685 3274 2739; x_wconf 88' lang='lat' dir='ltr'><strong>in</strong></span> <span class='ocrx_word' id='word_1_439' title='bbox 3299 2686 3420 2755; x_wconf 88' lang='lat' dir='ltr'><strong>qui-</strong></span> 
     </span>
    </p>
   </div>
   <div class='ocr_carea' id='block_1_58' title="bbox 1848 2775 3419 2846">
    <p class='ocr_par' dir='ltr' id='par_1_58' title="bbox 1848 2775 3419 2846">
     <span class='ocr_line' id='line_1_58' title="bbox 1848 2775 3419 2846; baseline 0.002 -15"><span class='ocrx_word' id='word_1_440' title='bbox 1848 2775 1949 2831; x_wconf 89' lang='lat' dir='ltr'><strong>bus</strong></span> <span class='ocrx_word' id='word_1_441' title='bbox 1981 2775 2219 2832; x_wconf 66' lang='lat' dir='ltr'><strong>haeretici</strong></span> <span class='ocrx_word' id='word_1_442' title='bbox 2244 2791 2512 2832; x_wconf 88' lang='lat' dir='ltr'><strong>consensu</strong></span> <span class='ocrx_word' id='word_1_443' title='bbox 2541 2776 2743 2831; x_wconf 90' lang='lat' dir='ltr'><strong>domini</strong></span> <span class='ocrx_word' id='word_1_444' title='bbox 2783 2786 3204 2846; x_wconf 83' lang='lat' dir='ltr'><strong>congregantur,</strong></span> <span class='ocrx_word' id='word_1_445' title='bbox 3240 2777 3419 2834; x_wconf 87' lang='lat' dir='ltr'><strong>Eccle-</strong></span> 
     </span>
    </p>
   </div>
   <div class='ocr_carea' id='block_1_59' title="bbox 1848 2867 3423 2939">
    <p class='ocr_par' dir='ltr' id='par_1_59' title="bbox 1848 2867 3423 2939">
     <span class='ocr_line' id='line_1_59' title="bbox 1848 2867 3423 2939; baseline 0.002 -18"><span class='ocrx_word' id='word_1_446' title='bbox 1848 2867 1946 2923; x_wconf 89' lang='lat' dir='ltr'><strong>siis</strong></span> <span class='ocrx_word' id='word_1_447' title='bbox 1982 2868 2341 2939; x_wconf 77' lang='lat' dir='ltr'><strong>applicentur.</strong></span> <span class='ocrx_word' id='word_1_448' title='bbox 2378 2868 2531 2936; x_wconf 89' lang='lat' dir='ltr'><strong>ltem,</strong></span> <span class='ocrx_word' id='word_1_449' title='bbox 2561 2868 2703 2938; x_wconf 86' lang='lat' dir='ltr'><strong>quod</strong></span> <span class='ocrx_word' id='word_1_450' title='bbox 2737 2882 2764 2922; x_wconf 88' lang='lat' dir='ltr'><strong>a</strong></span> <span class='ocrx_word' id='word_1_451' title='bbox 2794 2867 3078 2923; x_wconf 88' lang='lat' dir='ltr'><strong>curialium</strong></span> <span class='ocrx_word' id='word_1_452' title='bbox 3106 2877 3201 2925; x_wconf 90' lang='lat' dir='ltr'><strong>aut</strong></span> <span class='ocrx_word' id='word_1_453' title='bbox 3223 2870 3423 2926; x_wconf 83' lang='lat' dir='ltr'><strong>cohor-</strong></span> 
     </span>
    </p>
   </div>
   <div class='ocr_carea' id='block_1_60' title="bbox 1847 2957 3417 3030">
    <p class='ocr_par' dir='ltr' id='par_1_60' title="bbox 1847 2957 3417 3030">
     <span class='ocr_line' id='line_1_60' title="bbox 1847 2957 3417 3030; baseline 0.003 -18"><span class='ocrx_word' id='word_1_454' title='bbox 1847 2957 2034 3014; x_wconf 87' lang='lat' dir='ltr'><strong>talium</strong></span> <span class='ocrx_word' id='word_1_455' title='bbox 2080 2959 2266 3015; x_wconf 84' lang='lat' dir='ltr'><strong>otliciis</strong></span> <span class='ocrx_word' id='word_1_456' title='bbox 2334 2975 2439 3015; x_wconf 92' lang='lat' dir='ltr'><strong>non</strong></span> <span class='ocrx_word' id='word_1_457' title='bbox 2502 2960 2826 3016; x_wconf 84' lang='lat' dir='ltr'><strong>liberentur.</strong></span> <span class='ocrx_word' id='word_1_458' title='bbox 2883 2959 3055 3027; x_wconf 84' lang='lat' dir='ltr'><strong>ltem,</strong></span> <span class='ocrx_word' id='word_1_459' title='bbox 3114 2960 3258 3030; x_wconf 88' lang='lat' dir='ltr'><strong>quod</strong></span> <span class='ocrx_word' id='word_1_460' title='bbox 3310 2978 3417 3017; x_wconf 86' lang='lat' dir='ltr'><strong>non</strong></span> 
     </span>
    </p>
   </div>
   <div class='ocr_carea' id='block_1_61' title="bbox 1849 3052 3422 3123">
    <p class='ocr_par' dir='ltr' id='par_1_61' title="bbox 1849 3052 3422 3123">
     <span class='ocr_line' id='line_1_61' title="bbox 1849 3052 3422 3123; baseline 0.001 -18"><span class='ocrx_word' id='word_1_461' title='bbox 1849 3058 2167 3105; x_wconf 90' lang='lat' dir='ltr'><strong>construant</strong></span> <span class='ocrx_word' id='word_1_462' title='bbox 2202 3052 2557 3115; x_wconf 89' lang='lat' dir='ltr'><strong>monasteria,</strong></span> <span class='ocrx_word' id='word_1_463' title='bbox 2594 3067 2771 3123; x_wconf 90' lang='lat' dir='ltr'><strong>neque</strong></span> <span class='ocrx_word' id='word_1_464' title='bbox 2809 3052 3065 3108; x_wconf 79' lang='lat' dir='ltr'><strong>militent.</strong></span> <span class='ocrx_word' id='word_1_465' title='bbox 3098 3052 3252 3119; x_wconf 88' lang='lat' dir='ltr'><strong>ltem,</strong></span> <span class='ocrx_word' id='word_1_466' title='bbox 3287 3068 3422 3123; x_wconf 85' lang='lat' dir='ltr'><strong>quo-</strong></span> 
     </span>
    </p>
   </div>
   <div class='ocr_carea' id='block_1_62' title="bbox 171 3140 1751 3225">
    <p class='ocr_par' dir='ltr' id='par_1_62' title="bbox 171 3146 1738 3224">
     <span class='ocr_line' id='line_1_62' title="bbox 171 3146 1738 3224; baseline 0.004 -25"><span class='ocrx_word' id='word_1_467' title='bbox 171 3160 317 3218; x_wconf 78' lang='grc' dir='ltr'><strong>μιυς’</strong></span> <span class='ocrx_word' id='word_1_468' title='bbox 350 3146 444 3200; x_wconf 77' lang='grc' dir='ltr'><strong>καὶ</strong></span> <span class='ocrx_word' id='word_1_469' title='bbox 473 3147 554 3201; x_wconf 86' lang='grc' dir='ltr'><strong>ὅτι</strong></span> <span class='ocrx_word' id='word_1_470' title='bbox 590 3148 650 3201; x_wconf 77' lang='grc' dir='ltr'><strong>οὐ</strong></span> <span class='ocrx_word' id='word_1_471' title='bbox 676 3146 917 3217; x_wconf 86' lang='grc' dir='ltr'><strong>γίνονται</strong></span> <span class='ocrx_word' id='word_1_472' title='bbox 953 3147 1333 3219; x_wconf 68' lang='grc' dir='ltr'><strong>ἀξιωματικοί,</strong></span> <span class='ocrx_word' id='word_1_473' title='bbox 1361 3148 1394 3221; x_wconf 78' lang='grc' dir='ltr'>ἢ</span> <span class='ocrx_word' id='word_1_474' title='bbox 1430 3151 1738 3224; x_wconf 83' lang='grc' dir='ltr'><strong>συνήγοροι,</strong></span> 
     </span>
    </p>
   </div>
   <div class='ocr_carea' id='block_1_63' title="bbox 1843 3140 3418 3225">
    <p class='ocr_par' dir='ltr' id='par_1_63' title="bbox 1851 3140 3418 3210">
     <span class='ocr_line' id='line_1_63' title="bbox 1851 3140 3418 3210; baseline 0.003 -15"><span class='ocrx_word' id='word_1_475' title='bbox 1851 3140 2010 3196; x_wconf 89' lang='lat' dir='ltr'><strong>modo</strong></span> <span class='ocrx_word' id='word_1_476' title='bbox 2051 3141 2140 3210; x_wconf 91' lang='lat' dir='ltr'><strong>qui</strong></span> <span class='ocrx_word' id='word_1_477' title='bbox 2179 3144 2442 3198; x_wconf 82' lang='lat' dir='ltr'><strong>adversus</strong></span> <span class='ocrx_word' id='word_1_478' title='bbox 2475 3152 2824 3200; x_wconf 84' lang='lat' dir='ltr'><strong>sacrosancta</strong></span> <span class='ocrx_word' id='word_1_479' title='bbox 2859 3144 3093 3199; x_wconf 89' lang='lat' dir='ltr'><strong>concilia</strong></span> <span class='ocrx_word' id='word_1_480' title='bbox 3137 3144 3418 3201; x_wconf 90' lang='lat' dir='ltr'><strong>scribunt.</strong></span> 
     </span>
    </p>
   </div>
   <div class='ocr_carea' id='block_1_64' title="bbox 167 3238 1736 3314">
    <p class='ocr_par' dir='ltr' id='par_1_64' title="bbox 167 3238 1736 3314">
     <span class='ocr_line' id='line_1_64' title="bbox 167 3238 1736 3314; baseline 0.004 -23"><span class='ocrx_word' id='word_1_481' title='bbox 167 3238 202 3309; x_wconf 76' lang='grc' dir='ltr'>ἢ</span> <span class='ocrx_word' id='word_1_482' title='bbox 236 3238 512 3311; x_wconf 75' lang='grc' dir='ltr'><strong>ἔκδικοι,ῆ</strong></span> <span class='ocrx_word' id='word_1_483' title='bbox 552 3240 785 3313; x_wconf 80' lang='grc' dir='ltr'><strong>πατέρες</strong></span> <span class='ocrx_word' id='word_1_484' title='bbox 821 3238 1049 3307; x_wconf 87' lang='grc' dir='ltr'><strong>πόλεων,</strong></span> <span class='ocrx_word' id='word_1_485' title='bbox 1072 3240 1309 3309; x_wconf 85' lang='grc' dir='ltr'><strong>γίνονται</strong></span> <span class='ocrx_word' id='word_1_486' title='bbox 1343 3241 1397 3294; x_wconf 82' lang='grc' dir='ltr'><strong>δὲ</strong></span> <span class='ocrx_word' id='word_1_487' title='bbox 1417 3246 1736 3314; x_wconf 75' lang='grc' dir='ltr'><strong>κορτελῖνοιο</strong></span> 
     </span>
    </p>
   </div>
   <div class='ocr_carea' id='block_1_65' title="bbox 167 3328 1737 3401">
    <p class='ocr_par' dir='ltr' id='par_1_65' title="bbox 167 3328 1737 3401">
     <span class='ocr_line' id='line_1_65' title="bbox 167 3328 1737 3401; baseline 0.004 -19"><span class='ocrx_word' id='word_1_488' title='bbox 167 3328 264 3382; x_wconf 74' lang='grc' dir='ltr'><strong>καὶ</strong></span> <span class='ocrx_word' id='word_1_489' title='bbox 295 3329 409 3392; x_wconf 79' lang='grc' dir='ltr'><strong>πῶς</strong></span> <span class='ocrx_word' id='word_1_490' title='bbox 427 3331 822 3399; x_wconf 78' lang='grc' dir='ltr'><strong>ἀναγκάζονται</strong></span> <span class='ocrx_word' id='word_1_491' title='bbox 850 3332 977 3396; x_wconf 77' lang='grc' dir='ltr'><strong>τοὺς</strong></span> <span class='ocrx_word' id='word_1_492' title='bbox 1006 3330 1203 3394; x_wconf 84' lang='grc' dir='ltr'><strong>παῖδας</strong></span> <span class='ocrx_word' id='word_1_493' title='bbox 1249 3331 1559 3401; x_wconf 82' lang='grc' dir='ltr'><strong>ὀρθοδὸξους</strong></span> <span class='ocrx_word' id='word_1_494' title='bbox 1577 3335 1737 3399; x_wconf 77' lang='grc' dir='ltr'><strong>ὄντας</strong></span> 
     </span>
    </p>
   </div>
   <div class='ocr_carea' id='block_1_66' title="bbox 166 3418 1740 3494">
    <p class='ocr_par' dir='ltr' id='par_1_66' title="bbox 166 3418 1740 3494">
     <span class='ocr_line' id='line_1_66' title="bbox 166 3418 1740 3494; baseline 0.005 -23"><span class='ocrx_word' id='word_1_495' title='bbox 166 3418 424 3489; x_wconf 78' lang='grc' dir='ltr'><strong>τρέφειν,</strong></span> <span class='ocrx_word' id='word_1_496' title='bbox 485 3419 581 3475; x_wconf 59' lang='grc' dir='ltr'><strong>καὶ⁵</strong></span> <span class='ocrx_word' id='word_1_497' title='bbox 627 3420 860 3491; x_wconf 72' lang='grc' dir='ltr'><strong>γράφειν</strong></span> <span class='ocrx_word' id='word_1_498' title='bbox 925 3422 1332 3494; x_wconf 86' lang='grc' dir='ltr'><strong>κληρονόμους,</strong></span> <span class='ocrx_word' id='word_1_499' title='bbox 1390 3423 1485 3475; x_wconf 81' lang='grc' dir='ltr'><strong>καὶ</strong></span> <span class='ocrx_word' id='word_1_500' title='bbox 1542 3424 1740 3479; x_wconf 86' lang='grc' dir='ltr'><strong>διδόναι</strong></span> 
     </span>
    </p>
   </div>
   <div class='ocr_carea' id='block_1_67' title="bbox 165 3510 1734 3584">
    <p class='ocr_par' dir='ltr' id='par_1_67' title="bbox 165 3510 1734 3584">
     <span class='ocr_line' id='line_1_67' title="bbox 165 3510 1734 3584; baseline 0.004 -22"><span class='ocrx_word' id='word_1_501' title='bbox 165 3510 352 3573; x_wconf 77' lang='grc' dir='ltr'><strong>αὐτοῖς</strong></span> <span class='ocrx_word' id='word_1_502' title='bbox 412 3513 631 3581; x_wconf 80' lang='grc' dir='ltr'><strong>προῖκα,</strong></span> <span class='ocrx_word' id='word_1_503' title='bbox 667 3513 761 3565; x_wconf 82' lang='grc' dir='ltr'><strong>καὶ</strong></span> <span class='ocrx_word' id='word_1_504' title='bbox 796 3512 902 3584; x_wconf 72' lang='grc' dir='ltr'><strong>πρὸ</strong></span> <span class='ocrx_word' id='word_1_505' title='bbox 924 3513 1105 3583; x_wconf 82' lang='grc' dir='ltr'><strong>γάμου</strong></span> <span class='ocrx_word' id='word_1_506' title='bbox 1139 3512 1366 3584; x_wconf 57' lang='grc' dir='ltr'><strong>δωρεάς</strong></span> <span class='ocrx_word' id='word_1_507' title='bbox 1398 3513 1491 3567; x_wconf 73' lang='grc' dir='ltr'><strong>καὶ</strong></span> <span class='ocrx_word' id='word_1_508' title='bbox 1515 3515 1594 3568; x_wconf 86' lang='grc' dir='ltr'><strong>δτι</strong></span> <span class='ocrx_word' id='word_1_509' title='bbox 1626 3516 1734 3569; x_wconf 89' lang='grc' dir='ltr'><strong>τῶν</strong></span> 
     </span>
    </p>
   </div>
   <div class='ocr_carea' id='block_1_68' title="bbox 166 3601 1729 3676">
    <p class='ocr_par' dir='ltr' id='par_1_68' title="bbox 166 3601 1729 3676">
     <span class='ocr_line' id='line_1_68' title="bbox 166 3601 1729 3676; baseline 0.003 -21"><span class='ocrx_word' id='word_1_510' title='bbox 166 3601 370 3671; x_wconf 79' lang='grc' dir='ltr'><strong>γονέων</strong></span> <span class='ocrx_word' id='word_1_511' title='bbox 409 3602 891 3674; x_wconf 73' lang='grc' dir='ltr'><strong>ἀμφισϐητούντων</strong></span> <span class='ocrx_word' id='word_1_512' title='bbox 924 3646 939 3672; x_wconf 90' lang='grc'><strong>,</strong></span> <span class='ocrx_word' id='word_1_513' title='bbox 994 3606 1449 3676; x_wconf 76' lang='grc' dir='ltr'><strong>ὲπικρατέστερός</strong></span> <span class='ocrx_word' id='word_1_514' title='bbox 1505 3608 1651 3660; x_wconf 80' lang='grc' dir='ltr'><strong>ἐστιν</strong></span> <span class='ocrx_word' id='word_1_515' title='bbox 1700 3609 1729 3661; x_wconf 81' lang='grc' dir='ltr'><strong><em>ὁ</em></strong></span> 
     </span>
    </p>
   </div>
   <div class='ocr_carea' id='block_1_69' title="bbox 162 3690 1735 3764">
    <p class='ocr_par' dir='ltr' id='par_1_69' title="bbox 162 3690 1735 3764">
     <span class='ocr_line' id='line_1_69' title="bbox 162 3690 1735 3764; baseline 0.005 -21"><span class='ocrx_word' id='word_1_516' title='bbox 162 3690 339 3743; x_wconf 82' lang='grc' dir='ltr'><strong>θέλων</strong></span> <span class='ocrx_word' id='word_1_517' title='bbox 370 3693 436 3760; x_wconf 76' lang='grc' dir='ltr'><strong>τῇ</strong></span> <span class='ocrx_word' id='word_1_518' title='bbox 470 3691 745 3763; x_wconf 68' lang='grc' dir='ltr'><strong>όρθοδοξίᾳ</strong></span> <span class='ocrx_word' id='word_1_519' title='bbox 790 3693 914 3757; x_wconf 82' lang='grc' dir='ltr'><strong>τοὺς</strong></span> <span class='ocrx_word' id='word_1_520' title='bbox 970 3694 1167 3758; x_wconf 81' lang='grc' dir='ltr'><strong>παῖδας</strong></span> <span class='ocrx_word' id='word_1_521' title='bbox 1198 3698 1588 3764; x_wconf 73' lang='grc' dir='ltr'><strong>προσαγαγεῖν,</strong></span> <span class='ocrx_word' id='word_1_522' title='bbox 1640 3698 1735 3751; x_wconf 83' lang='grc' dir='ltr'><strong>καὶ</strong></span> 
     </span>
    </p>
   </div>
   <div class='ocr_carea' id='block_1_70' title="bbox 157 3781 1733 3861">
    <p class='ocr_par' dir='ltr' id='par_1_70' title="bbox 157 3781 1733 3861">
     <span class='ocr_line' id='line_1_70' title="bbox 157 3781 1733 3861; baseline 0.004 -27"><span class='ocrx_word' id='word_1_523' title='bbox 157 3781 247 3835; x_wconf 87' lang='grc' dir='ltr'><strong>δτι</strong></span> <span class='ocrx_word' id='word_1_524' title='bbox 272 3784 322 3835; x_wconf 79' lang='grc' dir='ltr'><strong>οἱ</strong></span> <span class='ocrx_word' id='word_1_525' title='bbox 351 3782 619 3853; x_wconf 80' lang='grc' dir='ltr'><strong>ὀρθόδοξοι</strong></span> <span class='ocrx_word' id='word_1_526' title='bbox 659 3786 847 3847; x_wconf 79' lang='grc' dir='ltr'><strong>παῖδες</strong></span> <span class='ocrx_word' id='word_1_527' title='bbox 906 3785 1354 3857; x_wconf 86' lang='grc' dir='ltr'><strong>πλημμελοῦντες</strong></span> <span class='ocrx_word' id='word_1_528' title='bbox 1411 3789 1491 3850; x_wconf 77' lang='grc' dir='ltr'><strong>εἰς</strong></span> <span class='ocrx_word' id='word_1_529' title='bbox 1526 3791 1733 3861; x_wconf 79' lang='grc' dir='ltr'><strong>αίρετι-</strong></span> 
     </span>
    </p>
   </div>
   <div class='ocr_carea' id='block_1_71' title="bbox 156 3873 1733 3951">
    <p class='ocr_par' dir='ltr' id='par_1_71' title="bbox 156 3873 1733 3951">
     <span class='ocr_line' id='line_1_71' title="bbox 156 3873 1733 3951; baseline 0.005 -25"><span class='ocrx_word' id='word_1_530' title='bbox 156 3874 294 3935; x_wconf 79' lang='grc' dir='ltr'><strong>κοὺς</strong></span> <span class='ocrx_word' id='word_1_531' title='bbox 314 3875 493 3941; x_wconf 81' lang='grc' dir='ltr'><strong>γονεῖς</strong></span> <span class='ocrx_word' id='word_1_532' title='bbox 521 3873 933 3951; x_wconf 56' lang='grc' dir='ltr'><strong>τιμωροῦνται·</strong></span> <span class='ocrx_word' id='word_1_533' title='bbox 973 3876 1069 3930; x_wconf 72' lang='grc' dir='ltr'><strong>καὶ</strong></span> <span class='ocrx_word' id='word_1_534' title='bbox 1095 3877 1177 3931; x_wconf 83' lang='grc' dir='ltr'><strong>ὅτι</strong></span> <span class='ocrx_word' id='word_1_535' title='bbox 1228 3875 1349 3931; x_wconf 82' lang='grc' dir='ltr'><strong>οῦτε</strong></span> <span class='ocrx_word' id='word_1_536' title='bbox 1379 3877 1733 3949; x_wconf 77' lang='grc' dir='ltr'><strong>βαπτίζουσιν</strong></span> 
     </span>
    </p>
   </div>
   <div class='ocr_carea' id='block_1_72' title="bbox 156 3963 1734 4041">
    <p class='ocr_par' dir='ltr' id='par_1_72' title="bbox 156 3963 1734 4041">
     <span class='ocr_line' id='line_1_72' title="bbox 156 3963 1734 4041; baseline 0.005 -25"><span class='ocrx_word' id='word_1_537' title='bbox 156 3963 210 4017; x_wconf 80' lang='lat' dir='ltr'><strong>oi</strong></span> <span class='ocrx_word' id='word_1_538' title='bbox 237 3965 523 4034; x_wconf 72' lang='grc' dir='ltr'><strong>αἱρετικοὶ,</strong></span> <span class='ocrx_word' id='word_1_539' title='bbox 560 3964 682 4019; x_wconf 77' lang='grc' dir='ltr'><strong>οὔτε</strong></span> <span class='ocrx_word' id='word_1_540' title='bbox 714 3966 1085 4036; x_wconf 77' lang='grc' dir='ltr'><strong>φροντίζουσιν</strong></span> <span class='ocrx_word' id='word_1_541' title='bbox 1112 3967 1429 4039; x_wconf 83' lang='grc' dir='ltr'><strong>ἢδιοικοῦσι</strong></span> <span class='ocrx_word' id='word_1_542' title='bbox 1463 3970 1635 4041; x_wconf 88' lang='grc' dir='ltr'><strong>χωρία</strong></span> <span class='ocrx_word' id='word_1_543' title='bbox 1665 3971 1734 4024; x_wconf 83' lang='grc' dir='ltr'><strong>δι’</strong></span> 
     </span>
    </p>
   </div>
   <div class='ocr_carea' id='block_1_73' title="bbox 156 4054 1733 4133">
    <p class='ocr_par' dir='ltr' id='par_1_73' title="bbox 156 4054 1733 4133">
     <span class='ocr_line' id='line_1_73' title="bbox 156 4054 1733 4133; baseline 0.004 -24"><span class='ocrx_word' id='word_1_544' title='bbox 156 4054 427 4127; x_wconf 72' lang='grc' dir='ltr'><strong>ἑαυτῶνῆ</strong></span> <span class='ocrx_word' id='word_1_545' title='bbox 457 4058 821 4130; x_wconf 89' lang='grc' dir='ltr'><strong>παρενθέτων,</strong></span> <span class='ocrx_word' id='word_1_546' title='bbox 850 4058 971 4113; x_wconf 77' lang='grc' dir='ltr'><strong>οὔτε</strong></span> <span class='ocrx_word' id='word_1_547' title='bbox 996 4058 1362 4125; x_wconf 85' lang='grc' dir='ltr'><strong>παιδεύουσιν,</strong></span> <span class='ocrx_word' id='word_1_548' title='bbox 1380 4060 1501 4115; x_wconf 83' lang='grc' dir='ltr'><strong>οῦτε</strong></span> <span class='ocrx_word' id='word_1_549' title='bbox 1536 4062 1733 4133; x_wconf 85' lang='grc' dir='ltr'><strong>κληρο-</strong></span> 
     </span>
    </p>
   </div>
   <div class='ocr_carea' id='block_1_74' title="bbox 154 4146 1729 4226">
    <p class='ocr_par' dir='ltr' id='par_1_74' title="bbox 154 4146 1729 4226">
     <span class='ocr_line' id='line_1_74' title="bbox 154 4146 1729 4226; baseline 0.003 -24"><span class='ocrx_word' id='word_1_550' title='bbox 154 4146 442 4218; x_wconf 88' lang='grc' dir='ltr'><strong>νομοῦσιν,</strong></span> <span class='ocrx_word' id='word_1_551' title='bbox 506 4148 629 4204; x_wconf 78' lang='grc' dir='ltr'><strong>οὔτε</strong></span> <span class='ocrx_word' id='word_1_552' title='bbox 668 4151 1148 4222; x_wconf 86' lang='grc' dir='ltr'><strong>πραγματεύονται</strong></span> <span class='ocrx_word' id='word_1_553' title='bbox 1180 4154 1328 4217; x_wconf 74' lang='grc' dir='ltr'><strong>ἐντὸς</strong></span> <span class='ocrx_word' id='word_1_554' title='bbox 1368 4152 1531 4226; x_wconf 80' lang='grc' dir='ltr'><strong>ἱερῶν</strong></span> <span class='ocrx_word' id='word_1_555' title='bbox 1570 4171 1729 4224; x_wconf 57' lang='grc' dir='ltr'><strong>περι-</strong></span> 
     </span>
    </p>
   </div>
   <div class='ocr_carea' id='block_1_75' title="bbox 156 4238 1731 4315">
    <p class='ocr_par' dir='ltr' id='par_1_75' title="bbox 156 4238 1731 4315">
     <span class='ocr_line' id='line_1_75' title="bbox 156 4238 1731 4315; baseline 0.004 -24"><span class='ocrx_word' id='word_1_556' title='bbox 156 4238 368 4291; x_wconf 75' lang='grc' dir='ltr'><strong>σόλων⁹</strong></span> <span class='ocrx_word' id='word_1_557' title='bbox 400 4239 497 4292; x_wconf 71' lang='grc' dir='ltr'><strong>καὶ</strong></span> <span class='ocrx_word' id='word_1_558' title='bbox 547 4241 629 4294; x_wconf 84' lang='grc' dir='ltr'><strong>ὅτι</strong></span> <span class='ocrx_word' id='word_1_559' title='bbox 677 4242 736 4294; x_wconf 79' lang='grc' dir='ltr'><strong>έν</strong></span> <span class='ocrx_word' id='word_1_560' title='bbox 764 4242 1101 4314; x_wconf 84' lang='grc' dir='ltr'><strong>δικαστηρίῳ</strong></span> <span class='ocrx_word' id='word_1_561' title='bbox 1121 4245 1182 4298; x_wconf 84' lang='grc' dir='ltr'><strong>οῦ</strong></span> <span class='ocrx_word' id='word_1_562' title='bbox 1214 4244 1731 4315; x_wconf 87' lang='grc' dir='ltr'><strong>καταμαρτυροῦσιν</strong></span> 
     </span>
    </p>
   </div>
   <div class='ocr_carea' id='block_1_76' title="bbox 154 4326 1727 4405">
    <p class='ocr_par' dir='ltr' id='par_1_76' title="bbox 154 4326 1727 4405">
     <span class='ocr_line' id='line_1_76' title="bbox 154 4326 1727 4405; baseline 0.006 -26"><span class='ocrx_word' id='word_1_563' title='bbox 154 4326 467 4398; x_wconf 80' lang='grc' dir='ltr'><strong>δρθοδόξου,</strong></span> <span class='ocrx_word' id='word_1_564' title='bbox 494 4330 543 4382; x_wconf 82' lang='grc' dir='ltr'><strong>εί</strong></span> <span class='ocrx_word' id='word_1_565' title='bbox 577 4330 651 4401; x_wconf 83' lang='grc' dir='ltr'><strong>μὴ</strong></span> <span class='ocrx_word' id='word_1_566' title='bbox 682 4333 761 4395; x_wconf 81' lang='grc' dir='ltr'><strong>είς</strong></span> <span class='ocrx_word' id='word_1_567' title='bbox 798 4331 1175 4405; x_wconf 78' lang='grc' dir='ltr'><strong>βουλευτήριον</strong></span> <span class='ocrx_word' id='word_1_568' title='bbox 1197 4334 1470 4401; x_wconf 77' lang='grc' dir='ltr'><strong>όρθόδοξος</strong></span> <span class='ocrx_word' id='word_1_569' title='bbox 1497 4334 1727 4388; x_wconf 75' lang='grc' dir='ltr'><strong>ἕλκοιτο·</strong></span> 
     </span>
    </p>
   </div>
   <div class='ocr_carea' id='block_1_77' title="bbox 81 4418 1729 4496">
    <p class='ocr_par' dir='ltr' id='par_1_77' title="bbox 81 4418 1729 4496">
     <span class='ocr_line' id='line_1_77' title="bbox 81 4418 1729 4496; baseline 0.004 -24"><span class='ocrx_word' id='word_1_570' title='bbox 81 4438 87 4443; x_wconf 76' lang='lat'>&#39;</span> <span class='ocrx_word' id='word_1_571' title='bbox 155 4419 239 4482; x_wconf 80' lang='grc' dir='ltr'><strong>ὡς</strong></span> <span class='ocrx_word' id='word_1_572' title='bbox 268 4418 408 4476; x_wconf 82' lang='grc' dir='ltr'><strong>διάτ.</strong></span> <span class='ocrx_word' id='word_1_573' title='bbox 445 4418 490 4491; x_wconf 86' lang='grc' dir='ltr'><strong>β’</strong></span> <span class='ocrx_word' id='word_1_574' title='bbox 514 4420 606 4474; x_wconf 92' lang='grc' dir='ltr'><strong>τοῦ</strong></span> <span class='ocrx_word' id='word_1_575' title='bbox 630 4420 680 4493; x_wconf 87' lang='grc' dir='ltr'><strong>η’</strong></span> <span class='ocrx_word' id='word_1_576' title='bbox 705 4422 809 4478; x_wconf 92' lang='grc' dir='ltr'><strong>τίτ.</strong></span> <span class='ocrx_word' id='word_1_577' title='bbox 849 4424 959 4477; x_wconf 86' lang='grc' dir='ltr'><strong>τῶν</strong></span> <span class='ocrx_word' id='word_1_578' title='bbox 983 4423 1233 4496; x_wconf 87' lang='grc' dir='ltr'><strong>Νεαρῶν,</strong></span> <span class='ocrx_word' id='word_1_579' title='bbox 1274 4424 1387 4477; x_wconf 73' lang='grc' dir='ltr'><strong>ἔστι</strong></span> <span class='ocrx_word' id='word_1_580' title='bbox 1413 4425 1468 4479; x_wconf 80' lang='grc' dir='ltr'><strong>δὲ</strong></span> <span class='ocrx_word' id='word_1_581' title='bbox 1497 4424 1729 4495; x_wconf 85' lang='grc' dir='ltr'><strong>ἀριθμοῦ</strong></span> 
     </span>
    </p>
   </div>
   <div class='ocr_carea' id='block_1_78' title="bbox 1842 3234 3416 3310">
    <p class='ocr_par' dir='ltr' id='par_1_78' title="bbox 1842 3234 3416 3310">
     <span class='ocr_line' id='line_1_78' title="bbox 1842 3234 3416 3310; baseline 0.003 -20"><span class='ocrx_word' id='word_1_582' title='bbox 1842 3244 1936 3290; x_wconf 90' lang='lat' dir='ltr'><strong>aut</strong></span> <span class='ocrx_word' id='word_1_583' title='bbox 1979 3234 2131 3308; x_wconf 90' lang='lat' dir='ltr'><strong>[talia</strong></span> <span class='ocrx_word' id='word_1_584' title='bbox 2180 3235 2407 3310; x_wconf 87' lang='lat' dir='ltr'><strong>scripta]</strong></span> <span class='ocrx_word' id='word_1_585' title='bbox 2467 3238 2671 3294; x_wconf 88' lang='lat' dir='ltr'><strong>habent</strong></span> <span class='ocrx_word' id='word_1_586' title='bbox 2719 3238 2802 3294; x_wconf 78' lang='lat' dir='ltr'><strong>vel</strong></span> <span class='ocrx_word' id='word_1_587' title='bbox 2851 3239 3057 3309; x_wconf 85' lang='lat' dir='ltr'><strong>legunt,</strong></span> <span class='ocrx_word' id='word_1_588' title='bbox 3102 3241 3416 3308; x_wconf 85' lang='lat' dir='ltr'><strong>puniantur.</strong></span> 
     </span>
    </p>
   </div>
   <div class='ocr_carea' id='block_1_79' title="bbox 1840 3325 3416 3401">
    <p class='ocr_par' dir='ltr' id='par_1_79' title="bbox 1840 3325 3416 3401">
     <span class='ocr_line' id='line_1_79' title="bbox 1840 3325 3416 3401; baseline 0.004 -20"><span class='ocrx_word' id='word_1_589' title='bbox 1840 3325 2001 3394; x_wconf 87' lang='lat' dir='ltr'><strong>ltem,</strong></span> <span class='ocrx_word' id='word_1_590' title='bbox 2026 3330 2169 3397; x_wconf 86' lang='lat' dir='ltr'><strong>quod</strong></span> <span class='ocrx_word' id='word_1_591' title='bbox 2207 3330 2441 3394; x_wconf 74' lang='lat' dir='ltr'><strong>legitime</strong></span> <span class='ocrx_word' id='word_1_592' title='bbox 2477 3330 2829 3398; x_wconf 89' lang='lat' dir='ltr'><strong>sepeliantur.</strong></span> <span class='ocrx_word' id='word_1_593' title='bbox 2875 3330 3036 3397; x_wconf 88' lang='lat' dir='ltr'><strong>ltem,</strong></span> <span class='ocrx_word' id='word_1_594' title='bbox 3064 3333 3207 3401; x_wconf 89' lang='lat' dir='ltr'><strong>quod</strong></span> <span class='ocrx_word' id='word_1_595' title='bbox 3239 3333 3416 3388; x_wconf 88' lang='lat' dir='ltr'><strong>hono-</strong></span> 
     </span>
    </p>
   </div>
   <div class='ocr_carea' id='block_1_80' title="bbox 1840 3421 3416 3490">
    <p class='ocr_par' dir='ltr' id='par_1_80' title="bbox 1840 3421 3416 3490">
     <span class='ocr_line' id='line_1_80' title="bbox 1840 3421 3416 3490; baseline 0.001 -15"><span class='ocrx_word' id='word_1_596' title='bbox 1840 3435 1928 3475; x_wconf 89' lang='lat' dir='ltr'><strong>res</strong></span> <span class='ocrx_word' id='word_1_597' title='bbox 1958 3434 2066 3474; x_wconf 91' lang='lat' dir='ltr'><strong>non</strong></span> <span class='ocrx_word' id='word_1_598' title='bbox 2096 3428 2522 3489; x_wconf 90' lang='lat' dir='ltr'><strong>consequantur,</strong></span> <span class='ocrx_word' id='word_1_599' title='bbox 2552 3435 2728 3490; x_wconf 88' lang='lat' dir='ltr'><strong>neque</strong></span> <span class='ocrx_word' id='word_1_600' title='bbox 2757 3421 2971 3490; x_wconf 86' lang='lat' dir='ltr'><strong>patroni</strong></span> <span class='ocrx_word' id='word_1_601' title='bbox 2999 3437 3286 3476; x_wconf 87' lang='lat' dir='ltr'><strong>causarum</strong></span> <span class='ocrx_word' id='word_1_602' title='bbox 3322 3432 3416 3476; x_wconf 91' lang='lat' dir='ltr'><strong>ant</strong></span> 
     </span>
    </p>
   </div>
   <div class='ocr_carea' id='block_1_81' title="bbox 1840 3508 3415 3579">
    <p class='ocr_par' dir='ltr' id='par_1_81' title="bbox 1840 3508 3415 3579">
     <span class='ocr_line' id='line_1_81' title="bbox 1840 3508 3415 3579; baseline -0.001 -13"><span class='ocrx_word' id='word_1_603' title='bbox 1840 3509 2159 3566; x_wconf 74' lang='lat' dir='ltr'><strong>defensores</strong></span> <span class='ocrx_word' id='word_1_604' title='bbox 2181 3552 2197 3578; x_wconf 90' lang='lat'><strong>,</strong></span> <span class='ocrx_word' id='word_1_605' title='bbox 2241 3519 2337 3565; x_wconf 87' lang='lat' dir='ltr'><strong>aut</strong></span> <span class='ocrx_word' id='word_1_606' title='bbox 2367 3508 2647 3565; x_wconf 76' lang='lat' dir='ltr'><strong>civitatum</strong></span> <span class='ocrx_word' id='word_1_607' title='bbox 2683 3519 2902 3579; x_wconf 87' lang='lat' dir='ltr'><strong>patres,</strong></span> <span class='ocrx_word' id='word_1_608' title='bbox 2936 3510 3027 3565; x_wconf 83' lang='lat' dir='ltr'><strong>sed</strong></span> <span class='ocrx_word' id='word_1_609' title='bbox 3062 3510 3198 3564; x_wconf 82' lang='lat' dir='ltr'><strong>viles</strong></span> <span class='ocrx_word' id='word_1_610' title='bbox 3226 3518 3279 3565; x_wconf 89' lang='lat' dir='ltr'><strong>et</strong></span> <span class='ocrx_word' id='word_1_611' title='bbox 3319 3510 3415 3565; x_wconf 86' lang='lat' dir='ltr'><strong>al)-</strong></span> 
     </span>
    </p>
   </div>
   <div class='ocr_carea' id='block_1_82' title="bbox 1835 3599 3415 3674">
    <p class='ocr_par' dir='ltr' id='par_1_82' title="bbox 1835 3599 3415 3674">
     <span class='ocr_line' id='line_1_82' title="bbox 1835 3599 3415 3674; baseline -0.001 -17"><span class='ocrx_word' id='word_1_612' title='bbox 1835 3602 1966 3674; x_wconf 85' lang='lat' dir='ltr'><strong>jeeti</strong></span> <span class='ocrx_word' id='word_1_613' title='bbox 2002 3601 2151 3655; x_wconf 82' lang='lat' dir='ltr'><strong>ﬂant.</strong></span> <span class='ocrx_word' id='word_1_614' title='bbox 2188 3600 2321 3657; x_wconf 89' lang='lat' dir='ltr'><strong>item</strong></span> <span class='ocrx_word' id='word_1_615' title='bbox 2353 3600 2627 3671; x_wconf 91' lang='lat' dir='ltr'><strong>quomodo</strong></span> <span class='ocrx_word' id='word_1_616' title='bbox 2657 3599 2857 3655; x_wconf 88' lang='lat' dir='ltr'><strong>liberos</strong></span> <span class='ocrx_word' id='word_1_617' title='bbox 2898 3601 3233 3656; x_wconf 82' lang='lat' dir='ltr'><strong>orthodoxos</strong></span> <span class='ocrx_word' id='word_1_618' title='bbox 3269 3600 3415 3656; x_wconf 78' lang='lat' dir='ltr'><strong>alere</strong></span> 
     </span>
    </p>
   </div>
   <div class='ocr_carea' id='block_1_83' title="bbox 1837 3690 3407 3761">
    <p class='ocr_par' dir='ltr' id='par_1_83' title="bbox 1837 3690 3407 3761">
     <span class='ocr_line' id='line_1_83' title="bbox 1837 3690 3407 3761; baseline -0.001 -14"><span class='ocrx_word' id='word_1_619' title='bbox 1837 3708 1901 3747; x_wconf 88' lang='lat' dir='ltr'><strong>ac</strong></span> <span class='ocrx_word' id='word_1_620' title='bbox 1930 3690 2173 3746; x_wconf 84' lang='lat' dir='ltr'><strong>haeredes</strong></span> <span class='ocrx_word' id='word_1_621' title='bbox 2202 3690 2461 3757; x_wconf 87' lang='lat' dir='ltr'><strong>scribere,</strong></span> <span class='ocrx_word' id='word_1_622' title='bbox 2496 3692 2741 3761; x_wconf 89' lang='lat' dir='ltr'><strong>ipsisque</strong></span> <span class='ocrx_word' id='word_1_623' title='bbox 2774 3690 2953 3746; x_wconf 84' lang='lat' dir='ltr'><strong>dotem</strong></span> <span class='ocrx_word' id='word_1_624' title='bbox 2986 3698 3041 3744; x_wconf 87' lang='lat' dir='ltr'><strong>et</strong></span> <span class='ocrx_word' id='word_1_625' title='bbox 3062 3690 3407 3746; x_wconf 81' lang='lat' dir='ltr'><strong>donationem</strong></span> 
     </span>
    </p>
   </div>
   <div class='ocr_carea' id='block_1_84' title="bbox 1836 3781 3410 3856">
    <p class='ocr_par' dir='ltr' id='par_1_84' title="bbox 1836 3781 3410 3856">
     <span class='ocr_line' id='line_1_84' title="bbox 1836 3781 3410 3856; baseline -0.003 -17"><span class='ocrx_word' id='word_1_626' title='bbox 1836 3793 2057 3856; x_wconf 89' lang='lat' dir='ltr'><strong>pr0pter</strong></span> <span class='ocrx_word' id='word_1_627' title='bbox 2083 3785 2302 3852; x_wconf 83' lang='lat' dir='ltr'><strong>nuptias</strong></span> <span class='ocrx_word' id='word_1_628' title='bbox 2343 3784 2472 3838; x_wconf 86' lang='lat' dir='ltr'><strong>dare</strong></span> <span class='ocrx_word' id='word_1_629' title='bbox 2498 3781 2913 3853; x_wconf 86' lang='lat' dir='ltr'><strong>compellantur.</strong></span> <span class='ocrx_word' id='word_1_630' title='bbox 2943 3781 3096 3849; x_wconf 89' lang='lat' dir='ltr'><strong>ltem,</strong></span> <span class='ocrx_word' id='word_1_631' title='bbox 3121 3783 3265 3852; x_wconf 85' lang='lat' dir='ltr'><strong>quod</strong></span> <span class='ocrx_word' id='word_1_632' title='bbox 3295 3781 3410 3854; x_wconf 83' lang='lat' dir='ltr'><strong>[ex]</strong></span> 
     </span>
    </p>
   </div>
   <div class='ocr_carea' id='block_1_85' title="bbox 1837 3869 3408 3948">
    <p class='ocr_par' dir='ltr' id='par_1_85' title="bbox 1837 3869 3408 3948">
     <span class='ocr_line' id='line_1_85' title="bbox 1837 3869 3408 3948; baseline -0.003 -20"><span class='ocrx_word' id='word_1_633' title='bbox 1837 3876 2154 3948; x_wconf 83' lang='lat' dir='ltr'><strong>parentibus</strong></span> <span class='ocrx_word' id='word_1_634' title='bbox 2187 3874 2357 3947; x_wconf 87' lang='lat' dir='ltr'><strong>[inter</strong></span> <span class='ocrx_word' id='word_1_635' title='bbox 2400 3869 2483 3946; x_wconf 88' lang='lat' dir='ltr'><strong>se]</strong></span> <span class='ocrx_word' id='word_1_636' title='bbox 2531 3872 2984 3929; x_wconf 81' lang='lat' dir='ltr'><strong>contendentibus</strong></span> <span class='ocrx_word' id='word_1_637' title='bbox 3014 3872 3061 3926; x_wconf 91' lang='lat' dir='ltr'><strong>is</strong></span> <span class='ocrx_word' id='word_1_638' title='bbox 3096 3872 3408 3941; x_wconf 68' lang='lat' dir='ltr'><strong>prmvaleat,</strong></span> 
     </span>
    </p>
   </div>
   <div class='ocr_carea' id='block_1_86' title="bbox 1835 3961 3408 4038">
    <p class='ocr_par' dir='ltr' id='par_1_86' title="bbox 1835 3961 3408 4038">
     <span class='ocr_line' id='line_1_86' title="bbox 1835 3961 3408 4038; baseline -0.002 -18"><span class='ocrx_word' id='word_1_639' title='bbox 1835 3966 1925 4038; x_wconf 91' lang='lat' dir='ltr'><strong>qui</strong></span> <span class='ocrx_word' id='word_1_640' title='bbox 1984 3966 2186 4021; x_wconf 89' lang='lat' dir='ltr'><strong>liberos</strong></span> <span class='ocrx_word' id='word_1_641' title='bbox 2227 3965 2292 4020; x_wconf 86' lang='lat' dir='ltr'><strong>ad</strong></span> <span class='ocrx_word' id='word_1_642' title='bbox 2344 3964 2703 4020; x_wconf 80' lang='lat' dir='ltr'><strong>orthodoxam</strong></span> <span class='ocrx_word' id='word_1_643' title='bbox 2754 3964 2914 4018; x_wconf 86' lang='lat' dir='ltr'><strong>ﬁdem</strong></span> <span class='ocrx_word' id='word_1_644' title='bbox 2965 3961 3234 4018; x_wconf 87' lang='lat' dir='ltr'><strong>adducere</strong></span> <span class='ocrx_word' id='word_1_645' title='bbox 3274 3965 3408 4017; x_wconf 85' lang='lat' dir='ltr'><strong>vu&#39;t.</strong></span> 
     </span>
    </p>
   </div>
   <div class='ocr_carea' id='block_1_87' title="bbox 1836 4053 3409 4127">
    <p class='ocr_par' dir='ltr' id='par_1_87' title="bbox 1836 4053 3409 4127">
     <span class='ocr_line' id='line_1_87' title="bbox 1836 4053 3409 4127; baseline -0.003 -16"><span class='ocrx_word' id='word_1_646' title='bbox 1836 4057 1965 4112; x_wconf 90' lang='lat' dir='ltr'><strong>ltem</strong></span> <span class='ocrx_word' id='word_1_647' title='bbox 1991 4097 2006 4122; x_wconf 95' lang='lat'><strong>,</strong></span> <span class='ocrx_word' id='word_1_648' title='bbox 2040 4056 2181 4127; x_wconf 92' lang='lat' dir='ltr'><strong>quod</strong></span> <span class='ocrx_word' id='word_1_649' title='bbox 2228 4055 2388 4110; x_wconf 91' lang='lat' dir='ltr'><strong>liberi</strong></span> <span class='ocrx_word' id='word_1_650' title='bbox 2439 4054 2764 4120; x_wconf 82' lang='lat' dir='ltr'><strong>orthodoxi,</strong></span> <span class='ocrx_word' id='word_1_651' title='bbox 2807 4054 2855 4109; x_wconf 87' lang='lat' dir='ltr'><strong>si</strong></span> <span class='ocrx_word' id='word_1_652' title='bbox 2888 4053 3017 4121; x_wconf 86' lang='lat' dir='ltr'><strong>quid</strong></span> <span class='ocrx_word' id='word_1_653' title='bbox 3068 4053 3121 4107; x_wconf 94' lang='lat' dir='ltr'><strong>in</strong></span> <span class='ocrx_word' id='word_1_654' title='bbox 3157 4061 3409 4123; x_wconf 90' lang='lat' dir='ltr'><strong>parentes</strong></span> 
     </span>
    </p>
   </div>
   <div class='ocr_carea' id='block_1_88' title="bbox 1836 4145 3407 4219">
    <p class='ocr_par' dir='ltr' id='par_1_88' title="bbox 1836 4145 3407 4219">
     <span class='ocr_line' id='line_1_88' title="bbox 1836 4145 3407 4219; baseline -0.002 -16"><span class='ocrx_word' id='word_1_655' title='bbox 1836 4149 2118 4204; x_wconf 80' lang='lat' dir='ltr'><strong>haereticos</strong></span> <span class='ocrx_word' id='word_1_656' title='bbox 2148 4147 2503 4219; x_wconf 89' lang='lat' dir='ltr'><strong>delinquant,</strong></span> <span class='ocrx_word' id='word_1_657' title='bbox 2534 4146 2854 4218; x_wconf 88' lang='lat' dir='ltr'><strong>puniantur.</strong></span> <span class='ocrx_word' id='word_1_658' title='bbox 2888 4145 3016 4200; x_wconf 85' lang='lat' dir='ltr'><strong>item</strong></span> <span class='ocrx_word' id='word_1_659' title='bbox 3049 4147 3195 4216; x_wconf 89' lang='lat' dir='ltr'><strong>quod</strong></span> <span class='ocrx_word' id='word_1_660' title='bbox 3236 4146 3407 4200; x_wconf 75' lang='lat' dir='ltr'><strong>her-</strong></span> 
     </span>
    </p>
   </div>
   <div class='ocr_carea' id='block_1_89' title="bbox 1832 4236 3473 4312">
    <p class='ocr_par' dir='ltr' id='par_1_89' title="bbox 1832 4236 3473 4312">
     <span class='ocr_line' id='line_1_89' title="bbox 1832 4236 3473 4312; baseline -0.004 -16"><span class='ocrx_word' id='word_1_661' title='bbox 1832 4241 1925 4296; x_wconf 84' lang='lat' dir='ltr'><strong>tici</strong></span> <span class='ocrx_word' id='word_1_662' title='bbox 1957 4256 2063 4295; x_wconf 92' lang='lat' dir='ltr'><strong>non</strong></span> <span class='ocrx_word' id='word_1_663' title='bbox 2088 4241 2384 4309; x_wconf 87' lang='lat' dir='ltr'><strong>baptizent,</strong></span> <span class='ocrx_word' id='word_1_664' title='bbox 2416 4256 2589 4312; x_wconf 87' lang='lat' dir='ltr'><strong>neque</strong></span> <span class='ocrx_word' id='word_1_665' title='bbox 2620 4256 2715 4311; x_wconf 92' lang='lat' dir='ltr'><strong>per</strong></span> <span class='ocrx_word' id='word_1_666' title='bbox 2743 4254 2801 4296; x_wconf 91' lang='lat' dir='ltr'><strong>se</strong></span> <span class='ocrx_word' id='word_1_667' title='bbox 2832 4239 2915 4295; x_wconf 79' lang='lat' dir='ltr'><strong>vel</strong></span> <span class='ocrx_word' id='word_1_668' title='bbox 2947 4239 3089 4294; x_wconf 88' lang='lat' dir='ltr'><strong>inter</strong></span> <span class='ocrx_word' id='word_1_669' title='bbox 3117 4236 3280 4309; x_wconf 61' lang='lat'><strong>384</strong></span> <span class='ocrx_word' id='word_1_670' title='bbox 3311 4251 3406 4305; x_wconf 87' lang='lat' dir='ltr'><strong>po-</strong></span> <span class='ocrx_word' id='word_1_671' title='bbox 3468 4264 3473 4271; x_wconf 72' lang='grc' dir='ltr'><strong>ι</strong></span> 
     </span>
    </p>
   </div>
   <div class='ocr_carea' id='block_1_90' title="bbox 1806 4329 3401 4404">
    <p class='ocr_par' dir='ltr' id='par_1_90' title="bbox 1806 4329 3401 4404">
     <span class='ocr_line' id='line_1_90' title="bbox 1806 4329 3401 4404; baseline -0.003 -17"><span class='ocrx_word' id='word_1_672' title='bbox 1806 4332 1966 4387; x_wconf 82' lang='lat' dir='ltr'><strong>&#39;sitas</strong></span> <span class='ocrx_word' id='word_1_673' title='bbox 2000 4329 2311 4404; x_wconf 86' lang='lat' dir='ltr'><strong>[personas]</strong></span> <span class='ocrx_word' id='word_1_674' title='bbox 2345 4333 2594 4400; x_wconf 83' lang='lat' dir='ltr'><strong>regiones</strong></span> <span class='ocrx_word' id='word_1_675' title='bbox 2632 4340 2825 4387; x_wconf 90' lang='lat' dir='ltr'><strong>curent</strong></span> <span class='ocrx_word' id='word_1_676' title='bbox 2857 4340 2952 4386; x_wconf 87' lang='lat' dir='ltr'><strong>aut</strong></span> <span class='ocrx_word' id='word_1_677' title='bbox 3000 4331 3401 4394; x_wconf 81' lang='lat' dir='ltr'><strong>administrent,</strong></span> 
     </span>
    </p>
   </div>
   <div class='ocr_carea' id='block_1_91' title="bbox 1835 4420 3398 4491">
    <p class='ocr_par' dir='ltr' id='par_1_91' title="bbox 1835 4420 3398 4491">
     <span class='ocr_line' id='line_1_91' title="bbox 1835 4420 3398 4491; baseline -0.003 -16"><span class='ocrx_word' id='word_1_678' title='bbox 1835 4438 2009 4490; x_wconf 90' lang='lat' dir='ltr'><strong>neque</strong></span> <span class='ocrx_word' id='word_1_679' title='bbox 2040 4421 2308 4486; x_wconf 84' lang='lat' dir='ltr'><strong>doceant,</strong></span> <span class='ocrx_word' id='word_1_680' title='bbox 2342 4435 2519 4491; x_wconf 91' lang='lat' dir='ltr'><strong>neque</strong></span> <span class='ocrx_word' id='word_1_681' title='bbox 2554 4423 2795 4477; x_wconf 65' lang='lat' dir='ltr'><strong>haeredes</strong></span> <span class='ocrx_word' id='word_1_682' title='bbox 2836 4422 2999 4485; x_wconf 79' lang='lat' dir='ltr'><strong>ﬂant,</strong></span> <span class='ocrx_word' id='word_1_683' title='bbox 3045 4434 3217 4488; x_wconf 88' lang='lat' dir='ltr'><strong>neque</strong></span> <span class='ocrx_word' id='word_1_684' title='bbox 3260 4420 3398 4472; x_wconf 88' lang='lat' dir='ltr'><strong>intra</strong></span> 
     </span>
    </p>
   </div>
   <div class='ocr_carea' id='block_1_92' title="bbox 153 4509 1751 4589">
    <p class='ocr_par' dir='ltr' id='par_1_92' title="bbox 153 4510 1728 4589">
     <span class='ocr_line' id='line_1_92' title="bbox 153 4510 1728 4589; baseline 0.004 -25"><span class='ocrx_word' id='word_1_685' title='bbox 153 4510 271 4565; x_wconf 82' lang='grc' dir='ltr'><strong>τῶν</strong></span> <span class='ocrx_word' id='word_1_686' title='bbox 294 4511 432 4565; x_wconf 79' lang='grc' dir='ltr'><strong>ὅλων</strong></span> <span class='ocrx_word' id='word_1_687' title='bbox 462 4516 550 4583; x_wconf 78' lang='grc' dir='ltr'><strong>μβ⁹</strong></span> <span class='ocrx_word' id='word_1_688' title='bbox 570 4530 586 4545; x_wconf 75' lang='grc' dir='ltr'><strong><em>ο</em></strong></span> <span class='ocrx_word' id='word_1_689' title='bbox 612 4515 670 4568; x_wconf 77' lang='grc' dir='ltr'><strong>ἐν</strong></span> <span class='ocrx_word' id='word_1_690' title='bbox 697 4514 754 4568; x_wconf 78' lang='grc' dir='ltr'><strong>δὲ</strong></span> <span class='ocrx_word' id='word_1_691' title='bbox 786 4515 1124 4580; x_wconf 82' lang='grc' dir='ltr'><strong>τελευταῖαις</strong></span> <span class='ocrx_word' id='word_1_692' title='bbox 1157 4517 1439 4588; x_wconf 84' lang='grc' dir='ltr'><strong>βουλήσεσι</strong></span> <span class='ocrx_word' id='word_1_693' title='bbox 1470 4519 1566 4571; x_wconf 76' lang='grc' dir='ltr'><strong>καὶ</strong></span> <span class='ocrx_word' id='word_1_694' title='bbox 1591 4536 1653 4571; x_wconf 90' lang='grc' dir='ltr'><strong>συ</strong></span> <span class='ocrx_word' id='word_1_695' title='bbox 1664 4535 1728 4589; x_wconf 86' lang='grc' dir='ltr'><strong>μ-</strong></span> 
     </span>
    </p>
   </div>
   <div class='ocr_carea' id='block_1_93' title="bbox 1843 4509 3401 4589">
    <p class='ocr_par' dir='ltr' id='par_1_93' title="bbox 1843 4509 3401 4583">
     <span class='ocr_line' id='line_1_93' title="bbox 1843 4509 3401 4583; baseline -0.003 -16"><span class='ocrx_word' id='word_1_696' title='bbox 1843 4527 1984 4568; x_wconf 73' lang='lat' dir='ltr'><strong>sacra</strong></span> <span class='ocrx_word' id='word_1_697' title='bbox 2039 4521 2189 4582; x_wconf 88' lang='lat' dir='ltr'><strong>septa</strong></span> <span class='ocrx_word' id='word_1_698' title='bbox 2242 4512 2609 4583; x_wconf 86' lang='lat' dir='ltr'><strong>negocientur.</strong></span> <span class='ocrx_word' id='word_1_699' title='bbox 2660 4512 2792 4567; x_wconf 92' lang='lat' dir='ltr'><strong>ltem</strong></span> <span class='ocrx_word' id='word_1_700' title='bbox 2824 4550 2839 4575; x_wconf 89' lang='lat'><strong>,</strong></span> <span class='ocrx_word' id='word_1_701' title='bbox 2893 4511 3035 4581; x_wconf 92' lang='lat' dir='ltr'><strong>quod</strong></span> <span class='ocrx_word' id='word_1_702' title='bbox 3091 4510 3144 4563; x_wconf 93' lang='lat' dir='ltr'><strong>in</strong></span> <span class='ocrx_word' id='word_1_703' title='bbox 3198 4509 3401 4580; x_wconf 84' lang='lat' dir='ltr'><strong>iudicio</strong></span> 
     </span>
    </p>
   </div>
   <div class='ocr_carea' id='block_1_94' title="bbox 155 4604 1730 4680">
    <p class='ocr_par' dir='ltr' id='par_1_94' title="bbox 155 4604 1730 4680">
     <span class='ocr_line' id='line_1_94' title="bbox 155 4604 1730 4680; baseline 0.004 -24"><span class='ocrx_word' id='word_1_704' title='bbox 155 4604 402 4668; x_wconf 78' lang='grc' dir='ltr'><strong>ϐουλίαις</strong></span> <span class='ocrx_word' id='word_1_705' title='bbox 431 4605 820 4677; x_wconf 85' lang='grc' dir='ltr'><strong>μαρτυροῦσιν.</strong></span> <span class='ocrx_word' id='word_1_706' title='bbox 846 4606 1143 4675; x_wconf 79' lang='grc' dir='ltr'><strong>’Ᾱνάγνωθι</strong></span> <span class='ocrx_word' id='word_1_707' title='bbox 1168 4608 1236 4661; x_wconf 75' lang='grc' dir='ltr'><strong>τὰ</strong></span> <span class='ocrx_word' id='word_1_708' title='bbox 1264 4610 1730 4680; x_wconf 67' lang='grc' dir='ltr'><strong>παραγεγρσιμμέ⁹</strong></span> 
     </span>
    </p>
   </div>
   <div class='ocr_carea' id='block_1_95' title="bbox 153 4694 1727 4771">
    <p class='ocr_par' dir='ltr' id='par_1_95' title="bbox 153 4694 1727 4771">
     <span class='ocr_line' id='line_1_95' title="bbox 153 4694 1727 4771; baseline 0.003 -23"><span class='ocrx_word' id='word_1_709' title='bbox 153 4712 224 4748; x_wconf 86' lang='grc' dir='ltr'><strong>να</strong></span> <span class='ocrx_word' id='word_1_710' title='bbox 244 4695 303 4748; x_wconf 78' lang='grc' dir='ltr'><strong>ὲν</strong></span> <span class='ocrx_word' id='word_1_711' title='bbox 332 4694 409 4763; x_wconf 86' lang='grc' dir='ltr'><strong>τῷ</strong></span> <span class='ocrx_word' id='word_1_712' title='bbox 436 4701 485 4766; x_wconf 84' lang='grc' dir='ltr'><strong>η’</strong></span> <span class='ocrx_word' id='word_1_713' title='bbox 516 4712 641 4765; x_wconf 82' lang='grc' dir='ltr'><strong>κεφ.</strong></span> <span class='ocrx_word' id='word_1_714' title='bbox 671 4697 765 4749; x_wconf 88' lang='grc' dir='ltr'><strong>τοῦ</strong></span> <span class='ocrx_word' id='word_1_715' title='bbox 790 4694 820 4750; x_wconf 89' lang='grc' dir='ltr'><strong>ι’</strong></span> <span class='ocrx_word' id='word_1_716' title='bbox 853 4698 958 4750; x_wconf 91' lang='grc' dir='ltr'><strong>τίτ.</strong></span> <span class='ocrx_word' id='word_1_717' title='bbox 990 4696 1085 4750; x_wconf 93' lang='grc' dir='ltr'><strong>τοῦ</strong></span> <span class='ocrx_word' id='word_1_718' title='bbox 1116 4697 1383 4769; x_wconf 75' lang='grc' dir='ltr'><strong>παρόντος</strong></span> <span class='ocrx_word' id='word_1_719' title='bbox 1416 4700 1727 4771; x_wconf 81' lang='grc' dir='ltr'><strong>συντάγμα-</strong></span> 
     </span>
    </p>
   </div>
   <div class='ocr_carea' id='block_1_96' title="bbox 151 4786 1720 4860">
    <p class='ocr_par' dir='ltr' id='par_1_96' title="bbox 151 4786 1720 4860">
     <span class='ocr_line' id='line_1_96' title="bbox 151 4786 1720 4860; baseline 0.005 -21"><span class='ocrx_word' id='word_1_720' title='bbox 151 4803 250 4849; x_wconf 86' lang='grc' dir='ltr'><strong>τος</strong></span> <span class='ocrx_word' id='word_1_721' title='bbox 272 4804 289 4820; x_wconf 76' lang='grc' dir='ltr'>σ</span> <span class='ocrx_word' id='word_1_722' title='bbox 331 4790 458 4855; x_wconf 73' lang='grc' dir='ltr'><strong>περὶ</strong></span> <span class='ocrx_word' id='word_1_723' title='bbox 490 4787 547 4840; x_wconf 84' lang='grc' dir='ltr'><strong>δὲ</strong></span> <span class='ocrx_word' id='word_1_724' title='bbox 582 4786 847 4842; x_wconf 80' lang='grc' dir='ltr'><strong>Ἰουδαίων</strong></span> <span class='ocrx_word' id='word_1_725' title='bbox 879 4789 1238 4860; x_wconf 72' lang='grc' dir='ltr'><strong>διαλαμϐάνει</strong></span> <span class='ocrx_word' id='word_1_726' title='bbox 1261 4794 1287 4844; x_wconf 87' lang='grc' dir='ltr'><strong>ό</strong></span> <span class='ocrx_word' id='word_1_727' title='bbox 1308 4790 1352 4843; x_wconf 84' lang='grc' dir='ltr'><strong>θ’</strong></span> <span class='ocrx_word' id='word_1_728' title='bbox 1383 4791 1489 4847; x_wconf 90' lang='grc' dir='ltr'><strong>τίτ.</strong></span> <span class='ocrx_word' id='word_1_729' title='bbox 1530 4793 1624 4846; x_wconf 89' lang='grc' dir='ltr'><strong>τοῦ</strong></span> <span class='ocrx_word' id='word_1_730' title='bbox 1672 4793 1720 4847; x_wconf 85' lang='grc' dir='ltr'><strong>α’</strong></span> 
     </span>
    </p>
   </div>
   <div class='ocr_carea' id='block_1_97' title="bbox 154 4870 1727 4951">
    <p class='ocr_par' dir='ltr' id='par_1_97' title="bbox 154 4870 1727 4951">
     <span class='ocr_line' id='line_1_97' title="bbox 154 4870 1727 4951; baseline 0.005 -23"><span class='ocrx_word' id='word_1_731' title='bbox 154 4874 305 4946; x_wconf 78' lang='grc' dir='ltr'><strong>βιϐλ.</strong></span> <span class='ocrx_word' id='word_1_732' title='bbox 336 4874 429 4927; x_wconf 89' lang='grc' dir='ltr'><strong>τοῦ</strong></span> <span class='ocrx_word' id='word_1_733' title='bbox 459 4873 605 4930; x_wconf 82' lang='grc' dir='ltr'><strong>Κὼδ.</strong></span> <span class='ocrx_word' id='word_1_734' title='bbox 637 4877 695 4929; x_wconf 80' lang='grc' dir='ltr'><strong>έν</strong></span> <span class='ocrx_word' id='word_1_735' title='bbox 723 4870 766 4945; x_wconf 83' lang='grc' dir='ltr'>ᾧ</span> <span class='ocrx_word' id='word_1_736' title='bbox 790 4879 881 4931; x_wconf 83' lang='grc' dir='ltr'><strong>καὶ</strong></span> <span class='ocrx_word' id='word_1_737' title='bbox 906 4878 1007 4942; x_wconf 82' lang='grc' dir='ltr'><strong>τὰς</strong></span> <span class='ocrx_word' id='word_1_738' title='bbox 1038 4879 1358 4948; x_wconf 74' lang='grc' dir='ltr'><strong>συναγωγὰς</strong></span> <span class='ocrx_word' id='word_1_739' title='bbox 1381 4881 1559 4936; x_wconf 75' lang='grc' dir='ltr'><strong>αὐτῶν</strong></span> <span class='ocrx_word' id='word_1_740' title='bbox 1579 4882 1727 4951; x_wconf 83' lang='grc' dir='ltr'><strong>λέγει</strong></span> 
     </span>
    </p>
   </div>
   <div class='ocr_carea' id='block_1_98' title="bbox 155 4965 1724 5045">
    <p class='ocr_par' dir='ltr' id='par_1_98' title="bbox 155 4965 1724 5045">
     <span class='ocr_line' id='line_1_98' title="bbox 155 4965 1724 5045; baseline 0.005 -28"><span class='ocrx_word' id='word_1_741' title='bbox 155 4965 237 5035; x_wconf 78' lang='grc' dir='ltr'><strong>μὴ</strong></span> <span class='ocrx_word' id='word_1_742' title='bbox 264 4965 671 5035; x_wconf 86' lang='grc' dir='ltr'><strong>μιτατεύεσθαι,</strong></span> <span class='ocrx_word' id='word_1_743' title='bbox 731 4972 864 5038; x_wconf 83' lang='grc' dir='ltr'><strong>μήτε</strong></span> <span class='ocrx_word' id='word_1_744' title='bbox 894 4970 1091 5032; x_wconf 81' lang='grc' dir='ltr'><strong>αὐτοὺς</strong></span> <span class='ocrx_word' id='word_1_745' title='bbox 1120 4972 1177 5023; x_wconf 85' lang='grc' dir='ltr'><strong>ὲν</strong></span> <span class='ocrx_word' id='word_1_746' title='bbox 1214 4975 1322 5035; x_wconf 85' lang='grc' dir='ltr'><strong>τοῖς</strong></span> <span class='ocrx_word' id='word_1_747' title='bbox 1348 4973 1618 5026; x_wconf 72' lang='grc' dir='ltr'><strong>Σάεϐασιν</strong></span> <span class='ocrx_word' id='word_1_748' title='bbox 1691 4973 1724 5045; x_wconf 79' lang='grc' dir='ltr'>ἢ</span> 
     </span>
    </p>
   </div>
   <div class='ocr_carea' id='block_1_99' title="bbox 150 5055 1723 5132">
    <p class='ocr_par' dir='ltr' id='par_1_99' title="bbox 150 5055 1723 5132">
     <span class='ocr_line' id='line_1_99' title="bbox 150 5055 1723 5132; baseline 0.008 -26"><span class='ocrx_word' id='word_1_749' title='bbox 150 5056 215 5106; x_wconf 73' lang='grc' dir='ltr'><strong>ιν</strong></span> <span class='ocrx_word' id='word_1_750' title='bbox 254 5055 376 5117; x_wconf 80' lang='grc' dir='ltr'><strong>ταῖς</strong></span> <span class='ocrx_word' id='word_1_751' title='bbox 404 5055 614 5125; x_wconf 75' lang='grc' dir='ltr'><strong>ἑορταῖς</strong></span> <span class='ocrx_word' id='word_1_752' title='bbox 637 5058 815 5112; x_wconf 85' lang='grc' dir='ltr'><strong>αὐτῶν</strong></span> <span class='ocrx_word' id='word_1_753' title='bbox 848 5060 1178 5128; x_wconf 83' lang='grc' dir='ltr'><strong>σωματικῶς</strong></span> <span class='ocrx_word' id='word_1_754' title='bbox 1202 5060 1565 5132; x_wconf 82' lang='grc' dir='ltr'><strong>λειτουργεῖν·</strong></span> <span class='ocrx_word' id='word_1_755' title='bbox 1600 5064 1723 5118; x_wconf 68' lang='grc' dir='ltr'><strong>οὔτε</strong></span> 
     </span>
    </p>
   </div>
   <div class='ocr_carea' id='block_1_100' title="bbox 150 5143 1722 5219">
    <p class='ocr_par' dir='ltr' id='par_1_100' title="bbox 150 5143 1722 5219">
     <span class='ocr_line' id='line_1_100' title="bbox 150 5143 1722 5219; baseline 0.006 -24"><span class='ocrx_word' id='word_1_756' title='bbox 150 5144 466 5212; x_wconf 73' lang='grc' dir='ltr'><strong>ἑνάγονται,</strong></span> <span class='ocrx_word' id='word_1_757' title='bbox 504 5143 622 5197; x_wconf 74' lang='grc' dir='ltr'><strong>οῦτε</strong></span> <span class='ocrx_word' id='word_1_758' title='bbox 641 5147 790 5214; x_wconf 69' lang='grc' dir='ltr'><strong>παρὰ</strong></span> <span class='ocrx_word' id='word_1_759' title='bbox 817 5147 924 5199; x_wconf 89' lang='grc' dir='ltr'><strong>τῶν</strong></span> <span class='ocrx_word' id='word_1_760' title='bbox 946 5148 1284 5218; x_wconf 89' lang='grc' dir='ltr'><strong>Χριστιανῶν</strong></span> <span class='ocrx_word' id='word_1_761' title='bbox 1306 5151 1722 5219; x_wconf 73' lang='grc' dir='ltr'><strong>ἐπηρεάζονται,</strong></span> 
     </span>
    </p>
   </div>
   <div class='ocr_carea' id='block_1_101' title="bbox 149 5234 1723 5306">
    <p class='ocr_par' dir='ltr' id='par_1_101' title="bbox 149 5234 1723 5306">
     <span class='ocr_line' id='line_1_101' title="bbox 149 5234 1723 5306; baseline 0.005 -18"><span class='ocrx_word' id='word_1_762' title='bbox 149 5234 277 5288; x_wconf 73' lang='grc' dir='ltr'><strong>οὔτε</strong></span> <span class='ocrx_word' id='word_1_763' title='bbox 342 5234 578 5303; x_wconf 86' lang='grc' dir='ltr'><strong>γαμοῦσι</strong></span> <span class='ocrx_word' id='word_1_764' title='bbox 620 5237 967 5306; x_wconf 64' lang='grc' dir='ltr'><strong>Χριστωνᾶς,</strong></span> <span class='ocrx_word' id='word_1_765' title='bbox 1018 5240 1112 5292; x_wconf 77' lang='grc' dir='ltr'><strong>καὶ</strong></span> <span class='ocrx_word' id='word_1_766' title='bbox 1157 5240 1239 5291; x_wconf 81' lang='grc' dir='ltr'><strong>ὅτι</strong></span> <span class='ocrx_word' id='word_1_767' title='bbox 1299 5241 1453 5294; x_wconf 70' lang='grc' dir='ltr'><strong>αὐτοὶ</strong></span> <span class='ocrx_word' id='word_1_768' title='bbox 1501 5242 1568 5295; x_wconf 76' lang='grc' dir='ltr'><strong>τὰ</strong></span> <span class='ocrx_word' id='word_1_769' title='bbox 1617 5242 1723 5296; x_wconf 83' lang='grc' dir='ltr'><strong>ίδια</strong></span> 
     </span>
    </p>
   </div>
   <div class='ocr_carea' id='block_1_102' title="bbox 151 5324 1725 5401">
    <p class='ocr_par' dir='ltr' id='par_1_102' title="bbox 151 5324 1725 5401">
     <span class='ocr_line' id='line_1_102' title="bbox 151 5324 1725 5401; baseline 0.004 -22"><span class='ocrx_word' id='word_1_770' title='bbox 151 5324 583 5397; x_wconf 76' lang='grc' dir='ltr'><strong>ἁγορανομοῦσι,</strong></span> <span class='ocrx_word' id='word_1_771' title='bbox 628 5327 720 5380; x_wconf 75' lang='grc' dir='ltr'><strong>καὶ</strong></span> <span class='ocrx_word' id='word_1_772' title='bbox 781 5328 860 5381; x_wconf 83' lang='grc' dir='ltr'><strong>ὅτι</strong></span> <span class='ocrx_word' id='word_1_773' title='bbox 913 5329 1005 5382; x_wconf 76' lang='grc' dir='ltr'><strong>ἐπὶ</strong></span> <span class='ocrx_word' id='word_1_774' title='bbox 1064 5330 1173 5381; x_wconf 90' lang='grc' dir='ltr'><strong>τῶν</strong></span> <span class='ocrx_word' id='word_1_775' title='bbox 1202 5331 1397 5401; x_wconf 85' lang='grc' dir='ltr'><strong>γάμων</strong></span> <span class='ocrx_word' id='word_1_776' title='bbox 1437 5333 1497 5385; x_wconf 85' lang='grc' dir='ltr'><strong>ού</strong></span> <span class='ocrx_word' id='word_1_777' title='bbox 1528 5334 1725 5401; x_wconf 81' lang='grc' dir='ltr'><strong>φυλάτ-</strong></span> 
     </span>
    </p>
   </div>
   <div class='ocr_carea' id='block_1_103' title="bbox 150 5418 1719 5495">
    <p class='ocr_par' dir='ltr' id='par_1_103' title="bbox 150 5418 1719 5495">
     <span class='ocr_line' id='line_1_103' title="bbox 150 5418 1719 5495; baseline 0.007 -26"><span class='ocrx_word' id='word_1_778' title='bbox 150 5434 309 5470; x_wconf 87' lang='grc' dir='ltr'><strong>τουσι</strong></span> <span class='ocrx_word' id='word_1_779' title='bbox 335 5419 424 5469; x_wconf 80' lang='grc' dir='ltr'><strong>τὸν</strong></span> <span class='ocrx_word' id='word_1_780' title='bbox 454 5418 617 5488; x_wconf 88' lang='grc' dir='ltr'><strong>νόμον</strong></span> <span class='ocrx_word' id='word_1_781' title='bbox 647 5419 843 5484; x_wconf 66' lang='grc' dir='ltr'><strong>αὑτῶν,</strong></span> <span class='ocrx_word' id='word_1_782' title='bbox 880 5421 975 5473; x_wconf 81' lang='grc' dir='ltr'><strong>καὶ</strong></span> <span class='ocrx_word' id='word_1_783' title='bbox 1004 5422 1088 5474; x_wconf 80' lang='grc' dir='ltr'><strong>ὅτι</strong></span> <span class='ocrx_word' id='word_1_784' title='bbox 1116 5424 1207 5475; x_wconf 75' lang='grc' dir='ltr'><strong>ἐπὶ</strong></span> <span class='ocrx_word' id='word_1_785' title='bbox 1241 5424 1421 5493; x_wconf 85' lang='grc' dir='ltr'><strong>μόνοις</strong></span> <span class='ocrx_word' id='word_1_786' title='bbox 1446 5442 1719 5495; x_wconf 70' lang='grc' dir='ltr'><strong>χρηματι-</strong></span> 
     </span>
    </p>
   </div>
   <div class='ocr_carea' id='block_1_104' title="bbox 152 5505 1721 5579">
    <p class='ocr_par' dir='ltr' id='par_1_104' title="bbox 152 5505 1721 5579">
     <span class='ocr_line' id='line_1_104' title="bbox 152 5505 1721 5579; baseline 0.005 -16"><span class='ocrx_word' id='word_1_787' title='bbox 152 5505 272 5572; x_wconf 71' lang='grc' dir='ltr'><strong>κθῐς</strong></span> <span class='ocrx_word' id='word_1_788' title='bbox 292 5510 550 5572; x_wconf 79' lang='grc' dir='ltr'><strong>δικαστὰς</strong></span> <span class='ocrx_word' id='word_1_789' title='bbox 592 5510 873 5577; x_wconf 78' lang='grc' dir='ltr'><strong>Ἰουδαιοῦς</strong></span> <span class='ocrx_word' id='word_1_790' title='bbox 893 5514 1161 5579; x_wconf 81' lang='grc' dir='ltr'><strong>αἱρεῖσθαι</strong></span> <span class='ocrx_word' id='word_1_791' title='bbox 1194 5513 1447 5568; x_wconf 82' lang='grc' dir='ltr'><strong>δύνανται</strong></span> <span class='ocrx_word' id='word_1_792' title='bbox 1472 5534 1485 5547; x_wconf 91' lang='grc'><strong>·</strong></span> <span class='ocrx_word' id='word_1_793' title='bbox 1524 5518 1615 5569; x_wconf 78' lang='grc' dir='ltr'><strong>καὶ</strong></span> <span class='ocrx_word' id='word_1_794' title='bbox 1641 5518 1721 5571; x_wconf 84' lang='grc' dir='ltr'><strong>ὅτι</strong></span> 
     </span>
    </p>
   </div>
   <div class='ocr_carea' id='block_1_105' title="bbox 149 5600 1722 5676">
    <p class='ocr_par' dir='ltr' id='par_1_105' title="bbox 149 5600 1722 5676">
     <span class='ocr_line' id='line_1_105' title="bbox 149 5600 1722 5676; baseline 0.005 -22"><span class='ocrx_word' id='word_1_795' title='bbox 149 5600 245 5654; x_wconf 71' lang='grc' dir='ltr'><strong>τὸν</strong></span> <span class='ocrx_word' id='word_1_796' title='bbox 278 5604 670 5674; x_wconf 78' lang='grc' dir='ltr'><strong>στεφανητικδν</strong></span> <span class='ocrx_word' id='word_1_797' title='bbox 702 5603 898 5656; x_wconf 78' lang='grc' dir='ltr'><strong>κανόνα</strong></span> <span class='ocrx_word' id='word_1_798' title='bbox 950 5605 997 5656; x_wconf 81' lang='lat' dir='ltr'><strong>oi</strong></span> <span class='ocrx_word' id='word_1_799' title='bbox 1024 5604 1237 5676; x_wconf 80' lang='grc' dir='ltr'><strong>ἕξαρχοι</strong></span> <span class='ocrx_word' id='word_1_800' title='bbox 1285 5606 1462 5659; x_wconf 67' lang='grc' dir='ltr'><strong>αὐτῶν</strong></span> <span class='ocrx_word' id='word_1_801' title='bbox 1513 5607 1722 5661; x_wconf 66' lang='grc' dir='ltr'><strong>ίδιοκιν-</strong></span> 
     </span>
    </p>
   </div>
   <div class='ocr_carea' id='block_1_106' title="bbox 151 5693 1718 5767">
    <p class='ocr_par' dir='ltr' id='par_1_106' title="bbox 151 5693 1718 5767">
     <span class='ocr_line' id='line_1_106' title="bbox 151 5693 1718 5767; baseline 0.006 -21"><span class='ocrx_word' id='word_1_802' title='bbox 151 5693 327 5757; x_wconf 84' lang='grc' dir='ltr'><strong>δύνως</strong></span> <span class='ocrx_word' id='word_1_803' title='bbox 358 5695 634 5762; x_wconf 73' lang='grc' dir='ltr'><strong>εἰσάγουσι</strong></span> <span class='ocrx_word' id='word_1_804' title='bbox 681 5698 801 5759; x_wconf 83' lang='grc' dir='ltr'><strong>ταῖς</strong></span> <span class='ocrx_word' id='word_1_805' title='bbox 828 5695 1152 5767; x_wconf 81' lang='grc' dir='ltr'><strong>λαργιτιόσι,</strong></span> <span class='ocrx_word' id='word_1_806' title='bbox 1188 5699 1280 5751; x_wconf 73' lang='grc' dir='ltr'><strong>καὶ</strong></span> <span class='ocrx_word' id='word_1_807' title='bbox 1322 5700 1407 5752; x_wconf 79' lang='grc' dir='ltr'><strong>ὅτι</strong></span> <span class='ocrx_word' id='word_1_808' title='bbox 1442 5699 1593 5752; x_wconf 70' lang='grc' dir='ltr'><strong>οὐδὲν</strong></span> <span class='ocrx_word' id='word_1_809' title='bbox 1622 5702 1718 5754; x_wconf 78' lang='grc' dir='ltr'><strong>αύο</strong></span> 
     </span>
    </p>
   </div>
   <div class='ocr_carea' id='block_1_107' title="bbox 149 5784 1179 5858">
    <p class='ocr_par' dir='ltr' id='par_1_107' title="bbox 149 5784 1179 5858">
     <span class='ocr_line' id='line_1_107' title="bbox 149 5784 1179 5858; baseline 0 -18"><span class='ocrx_word' id='word_1_810' title='bbox 149 5786 280 5848; x_wconf 72' lang='grc' dir='ltr'><strong>τοὺς</strong></span> <span class='ocrx_word' id='word_1_811' title='bbox 315 5784 397 5839; x_wconf 78' lang='grc' dir='ltr'><strong>δεῖ</strong></span> <span class='ocrx_word' id='word_1_812' title='bbox 420 5786 623 5858; x_wconf 79' lang='grc' dir='ltr'><strong>τολμᾷν</strong></span> <span class='ocrx_word' id='word_1_813' title='bbox 651 5788 790 5841; x_wconf 67' lang='grc' dir='ltr'><strong>κατὰ</strong></span> <span class='ocrx_word' id='word_1_814' title='bbox 824 5786 1179 5855; x_wconf 67' lang='grc' dir='ltr'><strong>Χριστιανῶν.</strong></span> 
     </span>
    </p>
   </div>
   <div class='ocr_carea' id='block_1_108' title="bbox 1831 4600 3394 4667">
    <p class='ocr_par' dir='ltr' id='par_1_108' title="bbox 1831 4600 3394 4667">
     <span class='ocr_line' id='line_1_108' title="bbox 1831 4600 3394 4667; baseline -0.002 -10"><span class='ocrx_word' id='word_1_815' title='bbox 1831 4604 2090 4657; x_wconf 81' lang='lat' dir='ltr'><strong>adversus</strong></span> <span class='ocrx_word' id='word_1_816' title='bbox 2120 4603 2481 4658; x_wconf 85' lang='lat' dir='ltr'><strong>orthodoxum</strong></span> <span class='ocrx_word' id='word_1_817' title='bbox 2513 4604 2881 4657; x_wconf 88' lang='lat' dir='ltr'><strong>testimonium</strong></span> <span class='ocrx_word' id='word_1_818' title='bbox 2912 4617 3019 4657; x_wconf 93' lang='lat' dir='ltr'><strong>non</strong></span> <span class='ocrx_word' id='word_1_819' title='bbox 3054 4601 3254 4667; x_wconf 85' lang='lat' dir='ltr'><strong>dicant,</strong></span> <span class='ocrx_word' id='word_1_820' title='bbox 3289 4600 3394 4654; x_wconf 86' lang='lat' dir='ltr'><strong>nisi</strong></span> 
     </span>
    </p>
   </div>
   <div class='ocr_carea' id='block_1_109' title="bbox 1829 4692 3392 4763">
    <p class='ocr_par' dir='ltr' id='par_1_109' title="bbox 1829 4692 3392 4763">
     <span class='ocr_line' id='line_1_109' title="bbox 1829 4692 3392 4763; baseline -0.004 -14"><span class='ocrx_word' id='word_1_821' title='bbox 1829 4695 1872 4749; x_wconf 85' lang='lat' dir='ltr'><strong>si</strong></span> <span class='ocrx_word' id='word_1_822' title='bbox 1908 4694 1962 4749; x_wconf 90' lang='lat' dir='ltr'><strong>in</strong></span> <span class='ocrx_word' id='word_1_823' title='bbox 1994 4694 2201 4748; x_wconf 88' lang='lat' dir='ltr'><strong>curiam</strong></span> <span class='ocrx_word' id='word_1_824' title='bbox 2243 4693 2583 4749; x_wconf 78' lang='lat' dir='ltr'><strong>orthodoxus</strong></span> <span class='ocrx_word' id='word_1_825' title='bbox 2611 4693 2959 4763; x_wconf 88' lang='lat' dir='ltr'><strong>protrahatur</strong></span> <span class='ocrx_word' id='word_1_826' title='bbox 2995 4708 3009 4746; x_wconf 87' lang='lat'><strong>:</strong></span> <span class='ocrx_word' id='word_1_827' title='bbox 3046 4700 3097 4747; x_wconf 90' lang='lat' dir='ltr'><strong>ut</strong></span> <span class='ocrx_word' id='word_1_828' title='bbox 3130 4701 3304 4747; x_wconf 90' lang='lat' dir='ltr'><strong>const.</strong></span> <span class='ocrx_word' id='word_1_829' title='bbox 3337 4692 3392 4756; x_wconf 80' lang='lat'><strong>‘2,</strong></span> 
     </span>
    </p>
   </div>
   <div class='ocr_carea' id='block_1_110' title="bbox 1830 4783 3395 4857">
    <p class='ocr_par' dir='ltr' id='par_1_110' title="bbox 1830 4783 3395 4857">
     <span class='ocr_line' id='line_1_110' title="bbox 1830 4783 3395 4857; baseline -0.001 -18"><span class='ocrx_word' id='word_1_830' title='bbox 1830 4785 1913 4840; x_wconf 88' lang='lat' dir='ltr'><strong>tit.</strong></span> <span class='ocrx_word' id='word_1_831' title='bbox 1944 4786 1977 4841; x_wconf 90' lang='lat'><strong>8</strong></span> <span class='ocrx_word' id='word_1_832' title='bbox 2008 4785 2375 4849; x_wconf 80' lang='lat' dir='ltr'><strong>Novellarum,</strong></span> <span class='ocrx_word' id='word_1_833' title='bbox 2405 4800 2526 4855; x_wconf 67' lang='lat' dir='ltr'><strong>quae</strong></span> <span class='ocrx_word' id='word_1_834' title='bbox 2559 4786 2610 4839; x_wconf 89' lang='lat' dir='ltr'><strong>in</strong></span> <span class='ocrx_word' id='word_1_835' title='bbox 2655 4783 3045 4857; x_wconf 71' lang='lat' dir='ltr'><strong>[Novellarum]</strong></span> <span class='ocrx_word' id='word_1_836' title='bbox 3074 4798 3301 4854; x_wconf 91' lang='lat' dir='ltr'><strong>corpore</strong></span> <span class='ocrx_word' id='word_1_837' title='bbox 3325 4784 3395 4837; x_wconf 69' lang='grc'><strong>42</strong></span> 
     </span>
    </p>
   </div>
   <div class='ocr_carea' id='block_1_111' title="bbox 1826 4875 3393 4949">
    <p class='ocr_par' dir='ltr' id='par_1_111' title="bbox 1826 4875 3393 4949">
     <span class='ocr_line' id='line_1_111' title="bbox 1826 4875 3393 4949; baseline -0.003 -17"><span class='ocrx_word' id='word_1_838' title='bbox 1826 4884 1930 4943; x_wconf 89' lang='lat' dir='ltr'><strong>est,</strong></span> <span class='ocrx_word' id='word_1_839' title='bbox 1966 4875 2202 4949; x_wconf 91' lang='lat' dir='ltr'><strong>[tradit.]</strong></span> <span class='ocrx_word' id='word_1_840' title='bbox 2245 4877 2303 4932; x_wconf 93' lang='lat' dir='ltr'><strong>ln</strong></span> <span class='ocrx_word' id='word_1_841' title='bbox 2342 4877 2545 4932; x_wconf 89' lang='lat' dir='ltr'><strong>ultimis</strong></span> <span class='ocrx_word' id='word_1_842' title='bbox 2574 4887 2753 4931; x_wconf 88' lang='lat' dir='ltr'><strong>autem</strong></span> <span class='ocrx_word' id='word_1_843' title='bbox 2780 4876 3145 4931; x_wconf 83' lang='lat' dir='ltr'><strong>voluntatibus</strong></span> <span class='ocrx_word' id='word_1_844' title='bbox 3174 4884 3228 4930; x_wconf 90' lang='lat' dir='ltr'><strong>et</strong></span> <span class='ocrx_word' id='word_1_845' title='bbox 3258 4891 3393 4930; x_wconf 89' lang='lat' dir='ltr'><strong>con-</strong></span> 
     </span>
    </p>
   </div>
   <div class='ocr_carea' id='block_1_112' title="bbox 1830 4966 3389 5037">
    <p class='ocr_par' dir='ltr' id='par_1_112' title="bbox 1830 4966 3389 5037">
     <span class='ocr_line' id='line_1_112' title="bbox 1830 4966 3389 5037; baseline -0.003 -14"><span class='ocrx_word' id='word_1_846' title='bbox 1830 4968 2090 5023; x_wconf 90' lang='lat' dir='ltr'><strong>tractibus</strong></span> <span class='ocrx_word' id='word_1_847' title='bbox 2137 4977 2301 5023; x_wconf 86' lang='lat' dir='ltr'><strong>testes</strong></span> <span class='ocrx_word' id='word_1_848' title='bbox 2348 4968 2478 5022; x_wconf 91' lang='lat' dir='ltr'><strong>sint.</strong></span> <span class='ocrx_word' id='word_1_849' title='bbox 2524 4966 2665 5037; x_wconf 87' lang='lat' dir='ltr'><strong>Lege</strong></span> <span class='ocrx_word' id='word_1_850' title='bbox 2690 4982 2808 5037; x_wconf 71' lang='lat' dir='ltr'><strong>quae</strong></span> <span class='ocrx_word' id='word_1_851' title='bbox 2858 4967 3111 5021; x_wconf 84' lang='lat' dir='ltr'><strong>adnotata</strong></span> <span class='ocrx_word' id='word_1_852' title='bbox 3163 4976 3287 5020; x_wconf 73' lang='lat' dir='ltr'><strong>stunt</strong></span> <span class='ocrx_word' id='word_1_853' title='bbox 3336 4966 3389 5019; x_wconf 92' lang='lat' dir='ltr'><strong>in</strong></span> 
     </span>
    </p>
   </div>
   <div class='ocr_carea' id='block_1_113' title="bbox 1824 5056 3390 5130">
    <p class='ocr_par' dir='ltr' id='par_1_113' title="bbox 1824 5056 3390 5130">
     <span class='ocr_line' id='line_1_113' title="bbox 1824 5056 3390 5130; baseline -0.001 -15"><span class='ocrx_word' id='word_1_854' title='bbox 1824 5074 1942 5128; x_wconf 89' lang='lat' dir='ltr'><strong>cap.</strong></span> <span class='ocrx_word' id='word_1_855' title='bbox 1971 5059 2025 5121; x_wconf 90' lang='grc'><strong>8,</strong></span> <span class='ocrx_word' id='word_1_856' title='bbox 2056 5060 2139 5113; x_wconf 91' lang='lat' dir='ltr'><strong>tit.</strong></span> <span class='ocrx_word' id='word_1_857' title='bbox 2181 5060 2248 5114; x_wconf 84' lang='lat' dir='ltr'><strong>l0</strong></span> <span class='ocrx_word' id='word_1_858' title='bbox 2274 5060 2555 5129; x_wconf 69' lang='lat' dir='ltr'><strong>prmsentis</strong></span> <span class='ocrx_word' id='word_1_859' title='bbox 2575 5062 2775 5130; x_wconf 90' lang='lat' dir='ltr'><strong>operis.</strong></span> <span class='ocrx_word' id='word_1_860' title='bbox 2803 5060 3070 5116; x_wconf 86' lang='lat' dir='ltr'><strong>Caeterum</strong></span> <span class='ocrx_word' id='word_1_861' title='bbox 3098 5059 3165 5113; x_wconf 90' lang='lat' dir='ltr'><strong>de</strong></span> <span class='ocrx_word' id='word_1_862' title='bbox 3187 5056 3390 5113; x_wconf 66' lang='lat' dir='ltr'><strong>Judazis</strong></span> 
     </span>
    </p>
   </div>
   <div class='ocr_carea' id='block_1_114' title="bbox 1826 5149 3391 5222">
    <p class='ocr_par' dir='ltr' id='par_1_114' title="bbox 1826 5149 3391 5222">
     <span class='ocr_line' id='line_1_114' title="bbox 1826 5149 3391 5222; baseline -0.001 -17"><span class='ocrx_word' id='word_1_863' title='bbox 1826 5151 1906 5205; x_wconf 89' lang='lat' dir='ltr'><strong>tit.</strong></span> <span class='ocrx_word' id='word_1_864' title='bbox 1936 5150 1989 5215; x_wconf 90' lang='lat'><strong>9,</strong></span> <span class='ocrx_word' id='word_1_865' title='bbox 2022 5150 2115 5203; x_wconf 90' lang='lat' dir='ltr'><strong>lib.</strong></span> <span class='ocrx_word' id='word_1_866' title='bbox 2148 5166 2162 5204; x_wconf 89' lang='grc' dir='ltr'><strong>ι</strong></span> <span class='ocrx_word' id='word_1_867' title='bbox 2195 5150 2317 5205; x_wconf 94' lang='lat' dir='ltr'><strong>cod.</strong></span> <span class='ocrx_word' id='word_1_868' title='bbox 2352 5159 2569 5217; x_wconf 86' lang='lat' dir='ltr'><strong>tractat,</strong></span> <span class='ocrx_word' id='word_1_869' title='bbox 2605 5152 2656 5206; x_wconf 91' lang='lat' dir='ltr'><strong>iu</strong></span> <span class='ocrx_word' id='word_1_870' title='bbox 2686 5167 2792 5222; x_wconf 90' lang='lat' dir='ltr'><strong>quo</strong></span> <span class='ocrx_word' id='word_1_871' title='bbox 2817 5154 3035 5217; x_wconf 85' lang='lat' dir='ltr'><strong>dicitur,</strong></span> <span class='ocrx_word' id='word_1_872' title='bbox 3072 5149 3391 5220; x_wconf 86' lang='lat' dir='ltr'><strong>Synagogas</strong></span> 
     </span>
    </p>
   </div>
   <div class='ocr_carea' id='block_1_115' title="bbox 1825 5241 3387 5311">
    <p class='ocr_par' dir='ltr' id='par_1_115' title="bbox 1825 5241 3387 5311">
     <span class='ocr_line' id='line_1_115' title="bbox 1825 5241 3387 5311; baseline -0.003 -16"><span class='ocrx_word' id='word_1_873' title='bbox 1825 5242 2064 5311; x_wconf 88' lang='lat' dir='ltr'><strong>ipsorum</strong></span> <span class='ocrx_word' id='word_1_874' title='bbox 2099 5241 2318 5309; x_wconf 91' lang='lat' dir='ltr'><strong>hospitii</strong></span> <span class='ocrx_word' id='word_1_875' title='bbox 2354 5242 2748 5297; x_wconf 88' lang='lat' dir='ltr'><strong>immunitatem</strong></span> <span class='ocrx_word' id='word_1_876' title='bbox 2786 5243 3003 5310; x_wconf 79' lang='lat' dir='ltr'><strong>habere,</strong></span> <span class='ocrx_word' id='word_1_877' title='bbox 3035 5255 3207 5309; x_wconf 80' lang='lat' dir='ltr'><strong>neque</strong></span> <span class='ocrx_word' id='word_1_878' title='bbox 3242 5241 3387 5307; x_wconf 67' lang='lat' dir='ltr'><strong>ipsos</strong></span> 
     </span>
    </p>
   </div>
   <div class='ocr_carea' id='block_1_116' title="bbox 1824 5332 3387 5404">
    <p class='ocr_par' dir='ltr' id='par_1_116' title="bbox 1824 5332 3387 5404">
     <span class='ocr_line' id='line_1_116' title="bbox 1824 5332 3387 5404; baseline 0.001 -18"><span class='ocrx_word' id='word_1_879' title='bbox 1824 5334 1876 5387; x_wconf 89' lang='lat' dir='ltr'><strong>in</strong></span> <span class='ocrx_word' id='word_1_880' title='bbox 1914 5332 2165 5388; x_wconf 85' lang='lat' dir='ltr'><strong>Sabbatis</strong></span> <span class='ocrx_word' id='word_1_881' title='bbox 2196 5343 2288 5388; x_wconf 85' lang='lat' dir='ltr'><strong>aut</strong></span> <span class='ocrx_word' id='word_1_882' title='bbox 2316 5333 2471 5389; x_wconf 78' lang='lat' dir='ltr'><strong>feSIis</strong></span> <span class='ocrx_word' id='word_1_883' title='bbox 2501 5337 2616 5390; x_wconf 84' lang='lat' dir='ltr'><strong>suis</strong></span> <span class='ocrx_word' id='word_1_884' title='bbox 2647 5334 3001 5404; x_wconf 86' lang='lat' dir='ltr'><strong>corporaliter</strong></span> <span class='ocrx_word' id='word_1_885' title='bbox 3031 5333 3266 5401; x_wconf 73' lang='lat' dir='ltr'><strong>Operari,</strong></span> <span class='ocrx_word' id='word_1_886' title='bbox 3290 5348 3387 5387; x_wconf 87' lang='lat' dir='ltr'><strong>ue-</strong></span> 
     </span>
    </p>
   </div>
   <div class='ocr_carea' id='block_1_117' title="bbox 1822 5422 3381 5498">
    <p class='ocr_par' dir='ltr' id='par_1_117' title="bbox 1822 5422 3381 5498">
     <span class='ocr_line' id='line_1_117' title="bbox 1822 5422 3381 5498; baseline 0.001 -23"><span class='ocrx_word' id='word_1_887' title='bbox 1822 5438 1928 5493; x_wconf 88' lang='lat' dir='ltr'><strong>que</strong></span> <span class='ocrx_word' id='word_1_888' title='bbox 1961 5423 2014 5477; x_wconf 89' lang='lat' dir='ltr'><strong>in</strong></span> <span class='ocrx_word' id='word_1_889' title='bbox 2039 5424 2126 5493; x_wconf 88' lang='lat' dir='ltr'><strong>jus</strong></span> <span class='ocrx_word' id='word_1_890' title='bbox 2148 5426 2552 5494; x_wconf 69' lang='lat' dir='ltr'><strong>voeari,ne.1ue</strong></span> <span class='ocrx_word' id='word_1_891' title='bbox 2582 5443 2611 5481; x_wconf 92' lang='lat' dir='ltr'><strong>a</strong></span> <span class='ocrx_word' id='word_1_892' title='bbox 2639 5427 2966 5482; x_wconf 83' lang='lat' dir='ltr'><strong>Christianis</strong></span> <span class='ocrx_word' id='word_1_893' title='bbox 2984 5426 3182 5480; x_wconf 77' lang='lat' dir='ltr'><strong>vexari.</strong></span> <span class='ocrx_word' id='word_1_894' title='bbox 3207 5422 3381 5498; x_wconf 74' lang='lat' dir='ltr'><strong>[ltem,</strong></span> 
     </span>
    </p>
   </div>
   <div class='ocr_carea' id='block_1_118' title="bbox 1821 5515 3383 5590">
    <p class='ocr_par' dir='ltr' id='par_1_118' title="bbox 1821 5515 3383 5590">
     <span class='ocr_line' id='line_1_118' title="bbox 1821 5515 3383 5590; baseline 0.001 -23"><span class='ocrx_word' id='word_1_895' title='bbox 1821 5516 1966 5587; x_wconf 90' lang='lat' dir='ltr'><strong>quod</strong></span> <span class='ocrx_word' id='word_1_896' title='bbox 2003 5515 2171 5571; x_wconf 74' lang='lat' dir='ltr'><strong>Jndzei</strong></span> <span class='ocrx_word' id='word_1_897' title='bbox 2208 5518 2489 5590; x_wconf 85' lang='lat' dir='ltr'><strong>mulieres]</strong></span> <span class='ocrx_word' id='word_1_898' title='bbox 2530 5519 2946 5575; x_wconf 82' lang='lat' dir='ltr'><strong>Christianasin</strong></span> <span class='ocrx_word' id='word_1_899' title='bbox 2974 5518 3383 5575; x_wconf 86' lang='lat' dir='ltr'><strong>matrimonium</strong></span> 
     </span>
    </p>
   </div>
   <div class='ocr_carea' id='block_1_119' title="bbox 1822 5608 3383 5683">
    <p class='ocr_par' dir='ltr' id='par_1_119' title="bbox 1822 5608 3383 5683">
     <span class='ocr_line' id='line_1_119' title="bbox 1822 5608 3383 5683; baseline 0.004 -22"><span class='ocrx_word' id='word_1_900' title='bbox 1822 5623 1929 5661; x_wconf 90' lang='lat' dir='ltr'><strong>non</strong></span> <span class='ocrx_word' id='word_1_901' title='bbox 1958 5608 2247 5678; x_wconf 75' lang='lat' dir='ltr'><strong>accipiant.</strong></span> <span class='ocrx_word' id='word_1_902' title='bbox 2276 5608 2430 5676; x_wconf 91' lang='lat' dir='ltr'><strong>ltem,</strong></span> <span class='ocrx_word' id='word_1_903' title='bbox 2470 5612 2613 5682; x_wconf 85' lang='lat' dir='ltr'><strong>quod</strong></span> <span class='ocrx_word' id='word_1_904' title='bbox 2650 5613 2749 5683; x_wconf 88' lang='lat' dir='ltr'><strong>ipsi</strong></span> <span class='ocrx_word' id='word_1_905' title='bbox 2785 5628 2965 5666; x_wconf 89' lang='lat' dir='ltr'><strong>rerum</strong></span> <span class='ocrx_word' id='word_1_906' title='bbox 3008 5625 3227 5667; x_wconf 87' lang='lat' dir='ltr'><strong>suarum</strong></span> <span class='ocrx_word' id='word_1_907' title='bbox 3263 5624 3383 5679; x_wconf 80' lang='lat' dir='ltr'><strong>prc-</strong></span> 
     </span>
    </p>
   </div>
   <div class='ocr_carea' id='block_1_120' title="bbox 1823 5700 3383 5777">
    <p class='ocr_par' dir='ltr' id='par_1_120' title="bbox 1823 5700 3383 5777">
     <span class='ocr_line' id='line_1_120' title="bbox 1823 5700 3383 5777; baseline 0 -22"><span class='ocrx_word' id='word_1_908' title='bbox 1823 5701 1893 5755; x_wconf 85' lang='lat' dir='ltr'><strong>tia</strong></span> <span class='ocrx_word' id='word_1_909' title='bbox 1926 5700 2363 5769; x_wconf 89' lang='lat' dir='ltr'><strong>statuant.‘llem,</strong></span> <span class='ocrx_word' id='word_1_910' title='bbox 2390 5706 2532 5774; x_wconf 82' lang='lat' dir='ltr'><strong>quod</strong></span> <span class='ocrx_word' id='word_1_911' title='bbox 2559 5705 2610 5759; x_wconf 91' lang='lat' dir='ltr'><strong>in</strong></span> <span class='ocrx_word' id='word_1_912' title='bbox 2632 5706 2963 5776; x_wconf 70' lang='lat' dir='ltr'><strong>pecuniariis</strong></span> <span class='ocrx_word' id='word_1_913' title='bbox 2994 5702 3219 5777; x_wconf 84' lang='lat' dir='ltr'><strong>[causis]</strong></span> <span class='ocrx_word' id='word_1_914' title='bbox 3245 5702 3383 5755; x_wconf 81' lang='lat' dir='ltr'><strong>dun-</strong></span> 
     </span>
    </p>
   </div>
   <div class='ocr_carea' id='block_1_121' title="bbox 1828 5796 3382 5864">
    <p class='ocr_par' dir='ltr' id='par_1_121' title="bbox 1828 5796 3382 5864">
     <span class='ocr_line' id='line_1_121' title="bbox 1828 5796 3382 5864; baseline 0.003 -17"><span class='ocrx_word' id='word_1_915' title='bbox 1828 5801 1975 5848; x_wconf 73' lang='lat' dir='ltr'><strong>taxat</strong></span> <span class='ocrx_word' id='word_1_916' title='bbox 2023 5796 2493 5863; x_wconf 65' lang='lat' dir='ltr'><strong>privatosjudices</strong></span> <span class='ocrx_word' id='word_1_917' title='bbox 2535 5801 2732 5861; x_wconf 63' lang='lat' dir='ltr'><strong>eligere</strong></span> <span class='ocrx_word' id='word_1_918' title='bbox 2776 5802 3005 5864; x_wconf 86' lang='lat' dir='ltr'><strong>possint.</strong></span> <span class='ocrx_word' id='word_1_919' title='bbox 3047 5799 3200 5859; x_wconf 88' lang='lat' dir='ltr'><strong>ltem,</strong></span> <span class='ocrx_word' id='word_1_920' title='bbox 3239 5799 3382 5861; x_wconf 81' lang='lat' dir='ltr'><strong>quod</strong></span> 
     </span>
    </p>
   </div>
  </div>
