3870 6290
572 302 675 371 δτι
1668 292 1930 356 ΡΗΟΤΙΙ
1969 289 2100 351 ΡΑἸ

2213 289 2471 351 meum
2505 294 2616 355 ep.
3658 310 3741 377 ετ,

563 415 826 488 primates
876 411 1118 483 ipsorum
1165 422 1265 465 suo
1309 404 1549 479 periculo
1595 402 1717 459 auri
1767 398 2043 458 coronarii
2094 410 2362 454 canonem
2393 398 2777 473 largitionibus
2815 402 3071 461 inferant.
3124 404 3291 475 item,
3335 410 3470 480 quod
3514 412 3743 476 adversum

559 504 904 583 Christianos
936 501 1076 558 nihil
1107 501 1228 557 illos
1263 500 1464 555 audere
1488 501 1760 567 oporteat.

632 580 789 674 CAP.
816 613 903 672 Ill.
933 643 1006 658 —-
1029 613 1107 669 De
1135 612 1286 667 libris
1315 610 1704 666 hereticorum.

2169 580 2222 643 Α
2315 607 2566 665 ΚΕΦΑΛ.
2599 610 2765 665 l".—
2791 612 2930 683 Περὶ
2976 614 3235 679 ,βιϐλίων
3280 617 3582 685 αίρετικῶν.

1014 738 1384 808 Apostolorum
1414 751 1585 789 canon
1610 732 1703 792 οο.

2678 738 3056 794 Ἀποστόλων
3082 740 3283 795 κανὼν
3313 740 3373 806 ξ’.

636 851 706 909 60
736 849 877 925 [59.]
899 849 956 907 Si
975 851 1097 921 quis
1120 849 1257 905 falso
1284 848 1597 918 inscriptos,
1626 856 1759 911 etc.,
1780 853 1839 899 ut
1868 861 1990 916 pag.
2016 842 2141 900 590.

1870 861 1990 916 pag.
2016 842 2141 900 59οο
2314 849 2381 918 ξ’.
2409 852 2479 907 Et
2495 868 2581 917 τις
2607 852 2677 907 τὰ
2697 852 3116 927 ψευδεπίγραφοι
3135 896 3149 921 ,
3187 872 3243 909 κ.
3273 871 3321 907 τ.
3350 853 3398 909 λ.

941 966 1166 1024 Concilii
1192 964 1246 1020 Ν
1251 966 1404 1021 ῖεωιιί
1433 981 1472 1021 ιι
1507 982 1674 1020 canon
1704 966 1757 1020 9.

2509 968 2777 1024 Συνόδου
2802 970 3049 1037 Νικαίας
3081 970 3145 1024 τὸ
3171 968 3238 1040 β’,
3270 970 3461 1025 κανὼν
3488 970 3546 1026 θ’.

637 1083 791 1151 Quod
814 1098 917 1139 non
943 1089 1177 1152 oporteat
1212 1079 1372 1136 libros
1399 1079 1768 1135 hereticorum
1802 1074 1995 1132 celare.

2319 1081 2457 1149 Περὶ
2474 1081 2581 1136 τοῦ
2601 1080 2687 1151 μὴ
2711 1084 2994 1152 κρύπτειν
3019 1083 3153 1139 τινὰ
3179 1081 3288 1151 τῆς
3310 1088 3751 1157 Χριστιανοκατη-

2245 1172 2491 1243 τορικῆς
2520 1174 2805 1243 αἰρέσεως
2834 1176 3101 1241 βιϐλίον.

636 1303 727 1360 69.
755 1300 989 1359 Puerilia
1015 1301 1199 1358 omnia
1229 1298 1489 1366 ludibria,
1533 1296 1849 1367 furiosaque
1881 1309 1946 1349 ac
1982 1294 2139 1350 insa-

2319 1300 2414 1364 ξθ’.
2451 1300 2635 1355 Πάντα
2663 1299 2731 1354 τὰ
2765 1301 3098 1373 μειρακιώδη
3126 1301 3435 1373 ἀθύρματα,
3465 1302 3551 1356 καὶ
3570 1306 3756 1379 μανιώδη

568 1410 637 1450 na
679 1396 823 1451 dicta
845 1404 901 1451 et
931 1395 1155 1466 scripta,
1180 1409 1300 1466 qua:
1322 1391 1587 1448 adversus
1623 1397 1845 1443 sanctas
1878 1386 2096 1456 imagini

2248 1393 2605 1465 βακχεύματα
2643 1395 2711 1449 τὰ
2755 1394 3330 1467 ψευδοσυγγράμματα
3397 1398 3464 1448 τὰ
3509 1397 3632 1451 κατὰ
3677 1402 3756 1453 τῶν

568 1485 711 1541 edita
742 1495 889 1549 sunt,
921 1494 1137 1557 Oportet
1184 1484 1302 1540 dari
1336 1483 1594 1554 episcopo
1641 1478 2093 1549 Constantinopol

2248 1486 2461 1539 σεπτῶν
2522 1487 2743 1540 είκόνων
2794 1487 3084 1557 γενόμενα,
3112 1488 3231 1541 δέον
3272 1485 3486 1557 δοθῆναι
3507 1488 3558 1539 ὲν
3581 1489 3647 1559 τῷ
3668 1490 3758 1544 ἑπι-

575 1589 725 1643 tano,
772 1578 934 1651 385
965 1588 1021 1633 ut
1052 1594 1176 1634 cum
1220 1576 1441 1645 reliquis
1478 1573 1637 1629 libris
1686 1571 1957 1626 haareticis
1987 1585 2103 1640 repo

2249 1578 2487 1649 σκοπείῳ
2546 1580 3188 1646 Κωνσταντινουπόλεως,
3220 1581 3306 1633 ἵνα
3351 1581 3634 1634 ἁποτεθῶσι
3656 1584 3759 1652 μετὰ

573 1684 792 1726 nantur.
832 1669 889 1725 Si
921 1671 1045 1740 quis
1071 1678 1251 1724 autem
1281 1668 1397 1723 bazc
1450 1666 1629 1721 celare
1675 1665 1929 1720 inventus
1959 1663 2096 1718 tueri

2246 1671 2354 1726 τῶν
2405 1672 2606 1725 λοιπῶν
2636 1672 2924 1744 αἱρετικῶν
2984 1671 3241 1743 βιϐλίωνο
3293 1672 3344 1725 εί
3371 1671 3426 1725 δέ
3450 1687 3528 1735 τις
3564 1672 3762 1747 εὑρεθείη

572 1762 619 1817 si
653 1760 724 1816 sit
752 1760 968 1831 quidem
1009 1774 1317 1830 episcopus,
1354 1757 1437 1811 vel
1485 1756 1790 1827 presbyter,
1837 1755 1920 1810 vel
1965 1754 2100 1809 diacr

2246 1763 2418 1817 ταῦτα
2466 1762 2747 1834 κρύπτων,
2776 1766 2823 1817 εί
2852 1764 2949 1834 μὲν
2998 1764 3315 1829 ἐπίσκοπος,
3350 1762 3383 1834 ἢ
3429 1764 3760 1835 πρεσϐύτερος,

571 1868 698 1919 nus,
744 1853 1090 1923 deponatur:
1142 1851 1229 1907 sin
1272 1858 1452 1905 autem
1494 1848 1666 1905 laicus
1695 1847 1781 1904 vel
1827 1847 2092 1902 monachu

2248 1855 2281 1926 ἢ
2305 1854 2549 1917 διάκονος
2571 1856 2676 1927 εἴη,
2708 1855 3075 1928 καθαιρείσθω
3098 1872 3113 1887 ⁸
3149 1855 3271 1910 εἰδὲ
3297 1853 3533 1925 λαῖκδςῆ
3562 1857 3761 1927 μοναχὺς,

574 1956 909 2015 segregetur.

2185 1945 2225 1999 Β
2256 1945 2618 2017 ἁφοριξέσθω.

642 2054 858 2110 Textus.
907 2054 1096 2110 Const.
1141 2054 1196 2120 3,
1232 2052 1317 2108 tit.
1361 2052 1415 2121 l,
1470 2052 1566 2109 lib.
1595 2067 1639 2118 ι,
1691 2051 1814 2108 cod.
1849 2049 1958 2106 ait:
2006 2048 2141 2104 Por-

2335 2059 2397 2112 'H
2430 2057 2478 2143 γ’
2505 2060 2644 2115 διάτ.
2677 2059 2770 2115 τοῦ
2796 2059 2845 2115 α’
2876 2060 2977 2115 τίτ.
3014 2060 3107 2115 τοῦ
3147 2059 3196 2115 α’
3224 2058 3369 2131 βιὸλ.
3398 2058 3491 2113 τοῦ
3551 2060 3664 2115 κὼδ.
3689 2078 3767 2133 φη-

573 2147 751 2219 phyrii
818 2146 1159 2216 aliorumque
1221 2146 1601 2201 haereticorum
1667 2143 1930 2199 adversus
1980 2141 2101 2197 Chri

2253 2168 2336 2204 σιν
2363 2169 2377 2184 ·
2416 2141 2497 2206 Τὰ
2555 2151 2697 2205 κατὰ
2755 2151 3096 2223 Χριστιανῶν
3129 2148 3441 2221 Πορφυρίου
3492 2149 3579 2205 καὶ
3635 2150 3768 2206 ἄλλων

572 2250 783 2296 sttanos
811 2239 935 2294 libri
979 2240 1391 2295 comburuntor.
1428 2236 1567 2310 [Sic]
1603 2236 2100 2302 Nestoriietian1,¢

2254 2244 2662 2315 συγγράμματα
2711 2242 3072 2307 καιέσθωσαν,
3131 2241 3329 2295 καὶτὰ
3358 2240 3657 2313 Νεστορίου,
3702 2241 3770 2296 καὶ

572 2334 886 2402 quicunque
915 2331 1135 2387 Niceno
1177 2331 1598 2403 Ephesinoque;
1637 2329 1909 2395 conciliis,
1940 2337 1994 2384 et
2047 2327 2100 2399 C1

2251 2333 2351 2387 ὅσα
2383 2334 2458 2406 μὴ
2494 2335 2778 2404 συμφωνεῖ
2823 2336 2943 2397 ταῖς
2976 2334 3035 2387 ὲν
3074 2332 3278 2403 Νικαίᾳ
3335 2332 3433 2386 καὶ
3463 2332 3652 2402 Ἐφέσῳ
3680 2349 3770 2385 συν-

570 2427 695 2481 rillo
724 2423 1058 2499 [episcopos]
1092 2423 1485 2487 Alexandrino,
1520 2438 1756 2493 quorum
1786 2421 1948 2476 [idem
1978 2434 2098 2475 exet

2251 2425 2412 2493 όδοις,
2461 2426 2557 2479 καὶ
2614 2424 2865 2497 Κυρίλλῳ
2915 2425 2995 2498 τῷ
3036 2423 3463 2497 Ἀλεξανδρείας,
3494 2417 3565 2479 ὧν
3597 2425 3683 2478 οὑκ
3712 2425 3773 2491 ἒξ-

571 2518 702 2574 dere
752 2533 863 2572 non
919 2518 1069 2584 licet,
1113 2532 1219 2571 non
1267 2524 1591 2571 consonant.
1624 2512 1730 2580 Qui
1786 2528 1919 2567 vero
1970 2511 2099 2567 dicti

2254 2533 2371 2570 εστι
2394 2516 2708 2589 παρεξιέναι
2737 2518 2835 2587 τὴν
2874 2516 3057 2572 πίστιν
3080 2533 3093 2548 ·
3118 2519 3168 2570 oi
3194 2517 3252 2571 δὲ
3273 2517 3346 2570 τά
3362 2516 3608 2586 λεχθέντα
3635 2516 3774 2587 βιϐλία

573 2610 745 2666 lihros
784 2610 984 2664 habent
1014 2618 1071 2665 et
1126 2609 1333 2679 legunt,
1372 2608 1564 2661 ultimo
1591 2604 1861 2676 supplicio
1904 2602 2098 2658 aﬂiciun

2254 2607 2467 2678 ἔχοντες
2522 2609 2616 2662 καὶ
2654 2606 3138 2677 ἀναγινώσκοντες,
3163 2606 3411 2679 ἐσχάτως
3445 2604 3773 2677 τιμωροῦνται.

574 2711 685 2763 tur.
732 2703 838 2758 Tit.
879 2706 933 2767 4,
962 2701 1181 2759 constit.
1235 2702 1345 2756 1οι
1403 2698 1509 2767 Qui
1557 2696 1927 2753 mathematici
1960 2712 2102 2751 cora:

2257 2700 2378 2755 Τίτ.
2417 2700 2459 2753 δ’
2485 2699 2624 2753 διάτ.
2663 2705 2693 2753 ι’
2720 2714 2735 2728 ⁸
2764 2699 2824 2752 Ol
2852 2698 3223 2771 μαθηματικοὶ
3246 2697 3320 2771 μὴ
3348 2697 3586 2760 καίοντες
3600 2696 3678 2749 ἐπὶ
3697 2696 3776 2748 τῶν

574 2797 849 2867 episcopis
907 2796 1075 2851 libros
1116 2808 1247 2851 suos
1281 2810 1386 2849 non
1423 2800 1799 2855 concremant,
1848 2803 2025 2858 neque
2080 2802 2102 2842 a

2256 2792 2569 2846 ἐπισκόπων
2625 2791 2725 2856 τὰς
2777 2790 2990 2861 βίϐλους
3032 2789 3232 2857 αὑτῶν,
3293 2790 3395 2844 καὶ
3440 2791 3505 2859 τῇ
3553 2787 3775 2861 ὀρθοδοξίᾳ

578 2890 941 2944 orthodoxam
1004 2888 1161 2943 [idem
1219 2887 1527 2953 accedunt,
1578 2884 1838 2940 omnibus
1874 2882 2106 2953 pelluntu

2261 2888 2574 2956 προσιόντες
2591 2889 2770 2953 πάσης
2792 2881 3140 2938 ἀπωθοῦνται
3169 2882 3378 2947 πόλεως
3401 2898 3418 2914 ⁶
3452 2882 3778 2953 εὑρισκόμενοι

510 3020 513 3023 -
576 2982 922 3048 civitatibus;
958 2980 1160 3036 inventi
1188 2981 1569 3050 deportantur.
1610 2976 1717 3031 Tit.
1746 2976 1816 3039 5,
1854 2984 2033 3031 const.

2256 2976 2311 3029 δὲ
2343 2978 2399 3030 ὲν
2423 2976 2626 3043 πόλεσι,
2665 2974 3171 3047 δεπορτατεύονται.
3205 2976 3326 3032 Tit.
3369 2958 3411 3027 ει
3445 2975 3577 3031 διάτ.
3608 2974 3691 3038 ςνο
3720 2974 3778 3027 τι

580 3074 713 3142 Quae
774 3073 1062 3130 Nestorius
1121 3074 1385 3130 adversus
1455 3071 1750 3128 concilium
1815 3069 2108 3140 Ephesiqu

2258 3070 2539 3140 γραφέντα
2581 3068 2860 3141 Νεστορίῳ
2904 3067 3044 3122 κατὰ
3093 3068 3193 3139 τῆς
3236 3069 3293 3122 ὲν
3346 3066 3555 3138 Ἐφέσῳ
3610 3066 3779 3120 συνόδου

580 3166 803 3237 scripsit
849 3166 1049 3220 nemini
1090 3167 1312 3233 habere,
1355 3175 1449 3222 aut
1480 3166 1793 3222 describere
1835 3164 2001 3227 licet,
2054 3175 2108 3217 se

2261 3164 2361 3216 οὑκ
2389 3162 2596 3230 ἔξεστιν
2616 3161 2833 3232 ἕχειν,ῆ
2867 3161 3279 3231 ἀναγινώσκειν,
3305 3162 3340 3233 ἢ
3368 3158 3781 3233 μεταγράφεσθαι,

579 3260 822 3314 comburi
856 3257 1125 3331 [debent.]
1170 3258 1305 3314 Cum
1346 3268 1527 3313 autem
1557 3258 1624 3313 de
1666 3258 1770 3312 ﬁde
1812 3257 2107 3325 disputatm

2260 3254 2395 3307 ἀλλὰ
2452 3254 2727 3307 καίονται·
2760 3256 2818 3306 ὲν
2845 3252 2925 3324 τῷ
2972 3252 3158 3324 ζητεῖν
3190 3252 3374 3307 αὑτῶν
3426 3252 3553 3322 περὶ
3576 3252 3782 3313 πίστεως,

581 3368 689 3407 non
743 3360 827 3406 est
872 3352 1087 3407 illorum
1152 3351 1358 3405 mentio
1408 3349 1695 3404 facienda:
1751 3363 1925 3418 neque
1973 3345 2109 3418 [itetr

2258 3344 2319 3398 οὑ
2351 3344 2432 3397 δεῖ
2465 3344 2646 3398 αὑτῶν
2697 3343 3029 3416 μεμνῆσθαι·
3072 3342 3195 3397 οὑτε
3224 3344 3307 3397 δεῖ
3333 3343 3535 3406 αὑτοὺς
3564 3342 3616 3394 ἒν
3634 3339 3783 3424 οίῳδὴτ

582 3445 694 3499 ullo
715 3454 925 3515 privato
948 3453 1075 3499 sunt
1104 3443 1449 3514 suscipienda
1472 3442 1612 3497 loco.
1631 3440 1735 3508 Qui
1765 3441 1937 3509 legem
1971 3447 2110 3493 trans

2261 3454 2392 3491 ποτε
2425 3436 2539 3509 ἰδίῳ
2586 3439 2735 3510 τόπῳ
2780 3438 3032 3510 δέχεσθαι
3054 3454 3067 3468 ·
3099 3437 3129 3490 δ
3156 3435 3214 3491 δὲ
3245 3436 3598 3508 παραϐαίνων
3623 3434 3700 3489 τὸν
3724 3435 3782 3487 νό-

582 3534 846 3604 greditur,
891 3532 1033 3604 [ejus
1062 3530 1391 3604 substantia]
1432 3531 1762 3601 publicatur,
1814 3526 1986 3599 Porro
2039 3525 2110 3580 Ne

2262 3545 2383 3598 μον,
2445 3528 2780 3600 δημεύεται·
2837 3530 2897 3584 οὑ
2950 3530 3199 3598 λέγονται
3242 3528 3300 3581 δὲ
3347 3529 3398 3581 οἱ
3455 3524 3783 3598 Νεστοριανοὶ,

584 3623 813 3678 storiani
846 3639 954 3678 non
1000 3622 1299 3677 Christiani
1342 3629 1627 3683 vocantur,
1678 3618 1773 3675 sed
1819 3616 2102 3672 Nestorian

2257 3619 2593 3693 Χριστιανοὶ,
2631 3621 2765 3675 ἀλλὰ
2803 3621 3139 3693 Συμωνιανοί
3171 3637 3187 3653 ο
3242 3618 3436 3690 ῶσπερ
3463 3619 3513 3672 οῖ
3540 3617 3783 3688 ’Δρειανοί,

582 3715 1037 3783 quemadmodum
1115 3713 1326 3779 Ariani,
1404 3712 1783 3784 Porphyriani.
1813 3709 2004 3764 Const.
2060 3706 2092 3761 8

2260 3714 2645 3787 Πορφυριανοί.
2691 3714 2841 3768 Διάτ.
2874 3720 2921 3783 η’
2944 3724 2960 3742 ⁸
3000 3713 3190 3766 Οὑδενὶ
3228 3711 3408 3780 ἔξεστι
3455 3710 3592 3765 κατὰ
3616 3708 3704 3777 τῆς
3743 3707 3783 3759 ὲν

582 3804 728 3861 Nulli
756 3806 884 3861 licet
922 3815 1112 3862 contra
1145 3806 1643 3861 Chalcedonensem
1697 3803 1963 3875 synodum
2007 3799 2110 3856 scri

2258 3811 2561 3882 Χαλκηδόνι
2592 3808 2810 3862 συνόδου
2833 3807 3065 3878 γράφειν
3089 3806 3122 3877 ἢ
3149 3803 3542 3873 ἀναγινώσκειν
3566 3802 3598 3872 ἢ
3620 3802 3785 3866 ὑπαγο-

583 3896 733 3961 bere,
769 3895 967 3966 legere,
997 3895 1226 3959 dictare,
1264 3904 1357 3949 aut
1385 3894 1555 3950 libros
1584 3894 1821 3948 habere:
1854 3891 2057 3960 alioqui
2092 3890 2104 3943 i

2263 3901 2438 3975 ρεύειν
2465 3901 2498 3973 ἢ
2528 3900 2672 3970 ἔχειν
2719 3898 3043 3969 γράμματα,
3105 3896 3228 3948 ἐπεὶ
3275 3892 3541 3965 διηνεκῶς
3569 3890 3791 3957 δεπορτα-

583 3996 901 4060 perpetuum
932 3987 1263 4056 deportatur.
1307 3987 1409 4053 Qui
1455 3986 1717 4059 [aliquem
1760 3982 2002 4055 illorum]
2064 3982 2111 4038 di

2258 3991 2503 4047 τεὺεται·
2560 3992 2701 4045 καὶὸ
2733 3987 3045 4062 προσελθὼν
3081 3988 3173 4041 ἐπὶ
3226 3984 3304 4055 τῷ
3344 3984 3560 4056 μαθεῖν,
3585 3980 3615 4035 ι’
3640 3980 3786 4048 λίτρας

584 4076 769 4131 scendi
807 4090 972 4131 causa
1027 4076 1159 4137 adit.
1197 4077 1329 4130 iisco
1370 4076 1555 4131 decem
1596 4075 1762 4129 libras
1809 4073 1979 4146 [auri]
2032 4073 2112 4127 dal

2258 4086 2441 4139 δίδωσι
2474 4084 2551 4155 τῷ
2571 4084 2784 4153 φίσκῳο
2842 4080 2937 4135 καὶ
2973 4084 2999 4133 ό
3024 4080 3293 4134 διδάσκων
3337 4076 3409 4129 τὰ
3442 4071 3786 4140 κεκωλυμένα,

583 4165 687 4234 Qui
710 4183 841 4223 vero
876 4168 1039 4222 vetita
1075 4168 1253 4233 docet,
1291 4184 1548 4239 supremo
1576 4167 1806 4221 allicitur
1855 4167 2111 4236 supplicit

2261 4176 2502 4246 ἐσχάτως
2546 4177 2902 4245 τιμιο›ρεῖται’
2936 4173 3114 4226 πάντα
3170 4172 3226 4225 δὲ
3294 4170 3367 4223 τὰ
3428 4167 3788 4237 συγγράμματα

581 4260 664 4314 Ad
708 4260 820 4314 haec
860 4275 1052 4315 omnes
1094 4260 1410 4331 Eutychetis
1462 4271 1624 4330 atque
1666 4259 1993 4329 Apollinaris
2027 4257 2109 4311 lilu

2260 4267 2532 4337 Εὑτυχοῦς
2562 4267 2655 4321 καὶ
2694 4266 3089 4337 Ἀπολιναρίου,
3124 4281 3213 4317 και
3232 4263 3486 4315 ’σθωσανο
3513 4261 3561 4312 εί
3589 4255 3788 4312 δὲταῦτα

581 4363 1016 4406 concremantor.
1054 4349 1209 4417 Quod
1252 4352 1297 4406 si
1339 4349 1792 4423 [provinciarum]
1846 4350 2109 4404 moderatt

2261 4360 2559 4431 παρίδωσιν
2578 4359 2627 4412 oi
2658 4358 2939 4430 ἄρχοντες,
2964 4358 2997 4427 ἢ
3026 4359 3082 4409 αἱ
3128 4355 3310 4418 τάξεις
3372 4354 3579 4417 αὑτῶν,
3603 4351 3633 4423 ἢ
3656 4352 3697 4404 οἱ
3719 4349 3789 4401 ἐκ·

582 4455 692 4506 res,
735 4456 1034 4510 eorumque
1080 4442 1439 4510 apparitores,
1491 4450 1546 4495 et
1582 4438 1915 4513 [civitatum]
1958 4438 2110 4493 defen

2257 4451 2418 4517 δικοι,
2477 4451 2586 4504 άπὸ
2629 4450 2760 4504 δέκα
2805 4448 3004 4519 λιτρῶν
3044 4446 3122 4517 τῷ
3172 4446 3355 4515 galapr
3402 4441 3785 4514 προστιμῶνται.

580 4547 733 4586 suros
765 4548 872 4585 non
897 4532 1327 4598 observaverint,
1354 4533 1405 4586 in
1423 4532 1591 4587 denas
1621 4532 1789 4586 libras
1820 4530 1985 4603 [auri]
2016 4532 2108 4585 lisc

2260 4544 2411 4598 Διάτ.
2428 4550 2503 4610 ις’
2526 4559 2540 4575 ⁸
2560 4544 2617 4599 Ὀ
2640 4544 2776 4613 ἔχων
2798 4541 2979 4612 βιϐλία
3002 4539 3339 4609 Μανιχαῐκὰ,
3363 4538 3459 4591 καὶ
3484 4537 3557 4607 μὴ
3583 4530 3788 4603 φανερῶν

582 4622 905 4675 multantur.
950 4620 1186 4677 Constit.
1235 4622 1343 4677 16:
1379 4623 1480 4688 Qui
1512 4622 1932 4677 Manichaeorum
1977 4622 2110 4675 libro

2256 4638 2395 4695 αὑτὰ
2449 4638 2541 4691 ἐπὶ
2568 4635 2645 4708 τῷ
2673 4635 2942 4705 καυθῆναι
2970 4671 2985 4695 .
3036 4632 3379 4703 τιμωρεῖται.
3412 4630 3519 4683 Καὶ
3554 4629 3586 4698 ἡ
3617 4633 3652 4679 ε’
3677 4624 3784 4677 Scit.

582 4713 764 4779 habet,
808 4728 983 4783 neque
1020 4715 1075 4767 in
1104 4716 1444 4785 propatulunt
1476 4715 1681 4786 profert
1707 4724 1765 4770 ut
1789 4730 2110 4771 concremen

2262 4729 2351 4783 τοῦ
2399 4736 2445 4782 α’
2483 4728 2590 4783 τίτ.
2641 4726 2750 4780 τῶν
2782 4724 3011 4797 Νεαρῶν
3066 4722 3277 4777 κελεύει
3325 4722 3457 4779 τοὺς
3496 4720 3701 4790 ἔχοντας
3737 4711 3790 4765 τὰ

584 4814 692 4871 tur,
724 4804 965 4873 punitur.
1012 4804 1080 4859 Et
1109 4816 1287 4861 const.
1317 4807 1387 4871 5,
1429 4808 1510 4862 tit.
1544 4808 1569 4861 1
1625 4804 1996 4873 Novellarum,
2059 4822 2112 4862 eo

2260 4817 2497 4888 Σεόήρου
2529 4815 2936 4887 συγγράμματα
2977 4813 3072 4867 καὶ
3111 4813 3187 4884 μὴ
3218 4812 3479 4874 καίοντας
3510 4808 3659 4869 αὑτὰ,
3699 4820 3788 4873 χει-

581 4895 676 4966 qui
706 4895 889 4950 Severi
943 4897 1146 4967 scripta
1202 4898 1430 4960 habent,
1472 4899 1639 4969 386
1674 4914 1772 4954 nec
1796 4901 2100 4954 eomburun

2264 4906 2623 4979 ροκοπεῖσθια.
2656 4947 2683 4968 ,,
2722 4906 2881 4976 Λέγει
2909 4905 2967 4959 δὲ
2993 4905 3086 4959 καὶ⁵
3118 4903 3257 4973 βιδλ.
3294 4909 3325 4956 ι’
3354 4903 3465 4956 τίτ.
3499 4900 3564 4970 β’,
3594 4897 3716 4952 διάτ.
3737 4895 3785 4957 δ’.

582 4989 840 5045 manibus
879 4991 1120 5045 mutilari
1146 4992 1323 5061 jubet.
1347 4992 1489 5046 Dicit
1514 5008 1642 5047 vero
1668 4993 1831 5046 etiam
1861 4992 1954 5047 lib.
1982 5008 2035 5058 ι,
2066 4994 2102 5047 ti

2258 5000 2444 5066 ὅτι,οὐ
2473 4997 2803 5069 διαιροῦνται
2840 4996 3043 5068 μεταξὺ
3073 4996 3180 5049 τῶν
3200 4994 3557 5065 κληρονόμων
3583 4991 3646 5043 τὲ
3670 4990 3717 5039 ὲν
3738 4986 3785 5052 τῇ

582 5080 856 5152 2,digest.
893 5084 963 5138 ιι
1003 5083 1150 5139 Inter
1194 5084 1436 5139 haredes
1470 5100 1577 5139 non
1602 5085 1920 5139 dividuntur
1952 5101 2106 5155 reper

2260 5092 2593 5162 κληρονομίᾳ
2626 5090 2915 5159 εὑρεθέντα
2973 5088 3183 5159 μαγικὰ
3241 5087 3426 5158 βιϐλία
3452 5127 3467 5148 ,
3514 5083 3641 5138 ἀλλὰ
3672 5080 3787 5133 δοκιο

583 5175 638 5230 iu
696 5176 1008 5232 han-editam
1079 5179 1275 5247 magici
1333 5177 1477 5240 lihri,
1533 5178 1626 5233 sed
1676 5178 1904 5233 arbitrio
1949 5179 2111 5247 judici

2264 5182 2433 5253 μασίᾳ
2460 5180 2553 5235 τοῦ
2603 5180 2857 5235 δικαστοῦ
2888 5180 3219 5251 φθείρονται.
3264 5178 3327 5233 Ἡ
3342 5177 3398 5230 δὲ
3431 5176 3474 5229 ε’
3490 5176 3624 5229 διάτ.
3654 5169 3732 5224 τοὺ
3752 5164 3787 5234 γ’

582 5279 1028 5341 corrumpuntur.
1080 5270 1314 5325 Constit.
1344 5270 1397 5334 5,
1450 5270 1531 5324 tit.
1569 5271 1603 5324 5
1646 5269 1998 5326 Novellarum
2033 5287 2110 5342 pel

2260 5276 2354 5328 τίτ.
2403 5273 2510 5327 τῶν
2540 5272 2762 5343 Νεαρῶν
2817 5271 3100 5341 ἐπιτρέπει
3148 5272 3260 5333 τοῖς
3298 5268 3573 5329 Ἰουδαίοις
3616 5265 3669 5316 ὲν
3694 5259 3788 5319 ταῖς

584 5362 751 5417 mittit
777 5362 981 5419 Judazis
1032 5371 1095 5417 ut
1130 5363 1183 5417 iu
1233 5363 1527 5433 Synagogis
1569 5364 1686 5418 suis
1708 5362 1894 5419 Graece
1921 5365 2112 5434 aliisqu

2259 5368 2598 5434 συναγωγαῖς
2650 5364 2830 5417 αὑτῶν
2873 5364 2969 5417 κα)⁵
3017 5361 3327 5432 Ἑλληνιστὶ
3372 5361 3470 5414 καὶ
3498 5360 3609 5419 ταῖς
3634 5352 3787 5409 ἄλλαις

585 5454 793 5524 linguis
828 5469 924 5523 pro
982 5454 1227 5508 locorum
1282 5454 1539 5526 [ratione]
1568 5454 1881 5525 Scripturas
1925 5457 2112 5525 legant

2261 5457 2547 5520 διαλέκτοις
2613 5456 2749 5527 πρὸς
2797 5455 2926 5519 τοὺς
2957 5456 3157 5518 τόπους
3186 5454 3281 5516 τὰς
3306 5453 3528 5522 Γραφὰς
3557 5439 3789 5512 (ἱνιιτψιί)⁴

585 5542 799 5615 [idque]
819 5546 1122 5599 secundum
1169 5544 1530 5617 Septuaginta
1554 5556 1610 5602 et
1638 5546 1849 5617 Aquila:
1875 5547 2113 5616 interpre

2256 5563 2423 5612 σκειν,
2479 5546 2623 5600 κατὰ
2671 5545 2769 5616 τὴν
2796 5545 2902 5599 τῶν
2929 5542 2985 5598 0'
3010 5544 3104 5597 καὶ
3132 5543 3231 5614 τὴν
3268 5542 3471 5595 Ἀκὺλα
3510 5534 3784 5606 παράδοσιν

584 5635 870 5689 tationem.
896 5633 1000 5701 Qui
1030 5651 1159 5691 vero
1184 5636 1322 5691 hanc
1349 5637 1634 5695 lectionem
1663 5637 1936 5710 prohibet,
1972 5638 2112 5708 publi

2259 5639 2278 5691 5
2309 5638 2365 5691 δὲ
2394 5636 2491 5707 τὴν
2511 5635 2765 5708 τοιαύτην
2789 5635 3014 5692 κωλύων
3043 5634 3377 5703 άνάγνωσιν,
3406 5627 3689 5703 δημεύεται
3713 5617 3787 5673 καὶ

584 5728 723 5784 catis
752 5726 957 5801 [bonis]
988 5729 1403 5790 exterminatur.

1049 5729 1403 5790 .lel‘tniualut‘.
2260 5731 2577 5800 ὲξορίζεται.
