3980 6440
179 457 281 521 873

246 568 502 624 ΚΕΦΑΛ.
528 564 602 619 Δ’.
628 595 698 606 -
724 562 863 633 Περὶ
913 563 1309 631 καθαιρέσεως
1362 560 1615 624 ξοάνων.

344 658 618 714 Συνόδου
662 655 1083 724 Καρθαγέννης
1112 651 1311 707 κανὼν
1334 649 1436 721 νη’,
1460 647 1567 704 πδ.

256 754 401 822 Περὶ
458 751 579 805 τῶν
642 747 1202 818 ἐγκαταυῑειμμάτων
1255 743 1374 798 τῶν
1450 741 1715 797 εἰδώλων
1737 781 1752 807 ,

178 849 275 903 καὶ
306 847 473 902 ναῶν
513 844 635 898 τῶν
665 842 1031 911 ὀφειλόντων
1054 836 1504 906 ἐξαλειφθῆναι,
1538 829 1624 887 ὧν
1648 832 1757 901 χά-

175 959 277 1010 ριν
310 938 557 1006 ιιίτῆσαι
583 934 676 988 δεῖ
724 932 867 999 τοὺς
926 927 1553 1001 θρησκευτικωτάτους
1575 925 1761 990 ,ϐασι-

172 1030 327 1096 λεῖς.

240 1127 347 1191 νη¹.
382 1120 545 1174 Ὥστε
593 1115 664 1169 τὰ
719 1112 1204 1184 ὲγκαταλείμματα
1258 1109 1367 1162 τῶν
1427 1105 1662 1161 εἰδώλων
1690 1104 1761 1159 τὰ

170 1215 515 1269 καταστᾶσαν
544 1209 642 1281 τὴν
678 1210 966 1280 Ἀφρικὴν,
1023 1205 1275 1261 κελεῦσαι
1312 1200 1590 1265 παντελῶς
1633 1203 1761 1254 ἀνα-

169 1306 436 1375 κοπῆναυ
471 1304 568 1357 καὶ
597 1305 705 1373 γὰρ
744 1306 801 1357 ὲν
830 1300 1047 1362 πολλοῖς
1085 1298 1267 1361 τόποις
1297 1290 1761 1366 παραθαλασσίοις

171 1396 269 1451 καὶ
288 1393 567 1464 διαφόροις
593 1394 872 1464 κτήσεσιν,
908 1388 1147 1461 ἀκμάζει
1172 1388 1253 1440 ἔτι
1273 1386 1373 1457 τῆς
1404 1383 1610 1453 πλάνης
1625 1379 1761 1434 ταὺ-

169 1505 273 1557 της
303 1490 339 1558 ὴ
368 1485 555 1540 ἀδικία
584 1499 602 1516 ο
654 1485 739 1539 ἵνα
768 1472 1196 1553 παραγγελθῶσι
1229 1478 1325 1532 καὶ
1354 1477 1495 1530 αὐτὰ
1533 1473 1761 1528 ἀπαλει-

171 1581 399 1651 φθῆναι,
457 1578 550 1631 καὶ
581 1580 629 1630 oi
665 1577 784 1633 ναοὶ
837 1574 1019 1628 αὐτῶν
1067 1573 1116 1626 οἱ
1154 1573 1212 1625 ἐν
1233 1573 1345 1633 τοῖς
1368 1570 1559 1640 ἀγροῖς
1587 1566 1681 1620 καὶ
1703 1565 1762 1618 ὲν

172 1667 695 1740 ἁποκεκρυμμένοις
766 1665 952 1727 τόποις
980 1703 995 1728 ,
1049 1661 1218 1733 χωρίς
1267 1675 1409 1721 τινος
1466 1652 1763 1724 εὐκοσμίας

169 1759 546 1824 καθεστῶτες,
613 1756 779 1811 ’παντίΙ
826 1754 1016 1825 τρόπῳ
1066 1747 1401 1807 κελευσθῶσι
1454 1758 1765 1813 καταστρα-

168 1852 363 1922 φῆναι.

976 447 1373 512 SYNTAGMA
1411 443 1800 507 CANONUM.
1825 468 1891 479 -
1916 442 2065 503 ΤΙΤ.
2100 442 2240 515 ΧΠ,
2281 442 2437 501 CAP.
2479 440 2672 522 ΙΙΙςν.

1785 565 1831 620 Α
1928 554 2085 611 CAP.
2118 553 2205 607 IV.
2229 583 2299 594 —-—
2328 553 2403 608 De
2426 552 2759 608 destruendis
2793 550 2950 607 idolis
2973 567 3065 607 seu
3095 551 3351 607 delubris.

3340 439 3447 504 874

2080 646 2302 704 Concilii
2335 646 2764 716 Carthaginensis
2792 660 3017 700 canones
3038 643 3127 710 58,
3156 643 3246 700 84.

1946 755 2023 810 De
2072 754 2305 824 reliquiis
2343 754 2629 818 idolorum,
2659 760 2708 807 et
2741 751 2946 821 templis
2980 750 3271 814 abolendis.
3310 767 3446 821 quo-

1879 863 1997 901 rum
2043 862 2205 901 causa
2248 847 2589 912 imperatores
2624 844 2854 914 piissimi
2902 851 3025 897 sunt
3066 842 3306 913 precibus
3348 841 3446 896 ad-

1877 938 2052 994 eundi.

1934 1104 2026 1160 58.
2063 1103 2273 1160 Instant
2301 1102 2350 1143 -“
2407 1102 2571 1157 etiam
2624 1100 2745 1156 alia:
2790 1100 3145 1156 necessitates
3178 1098 3447 1171 religiosis

1869 1196 2292 1268 imperatoribus
2339 1194 2698 1265 postulandae,
2751 1201 2811 1248 ut
2864 1193 3127 1263 reliquias
3174 1192 3443 1248 idolorum

1864 1305 1960 1360 per
2018 1304 2234 1344 omnem
2297 1286 2536 1343 Africam
2588 1287 2819 1356 jubeant
2854 1288 3073 1357 penitus
3125 1285 3443 1357 amputari;

1867 1396 1990 1435 nam
2017 1380 2289 1450 plerisque
2317 1379 2371 1433 in
2405 1378 2539 1434 locis
2580 1377 2903 1443 maritimis,
2946 1388 3109 1447 atque
3141 1377 3447 1448 possessio-

1863 1473 2027 1529 nibus
2046 1472 2277 1528 diversis
2306 1472 2486 1527 adhuc
2517 1470 2721 1527 erroris
2754 1470 2915 1527 istius
2966 1470 3227 1540 iniquitas
3264 1469 3442 1541 viget:

1865 1574 1926 1618 ut
1955 1564 2342 1634 praecipiantur
2371 1570 2425 1616 et
2466 1563 2611 1632 ipsas
2657 1560 2846 1627 deleri,
2888 1570 2942 1615 et
2997 1560 3197 1630 templa
3250 1576 3439 1616 eorum

1864 1670 1985 1726 quae
2010 1656 2063 1709 in
2114 1656 2285 1726 agris,
2327 1656 2409 1710 vel
2452 1655 2509 1709 in
2541 1653 2674 1710 locis
2702 1653 2899 1708 abditis
2947 1652 3241 1708 constituta
3298 1652 3447 1708 nullo

1866 1757 2186 1805 ornamento
2211 1757 2361 1814 sunt,
2388 1748 2685 1819 iubeantur
2713 1746 3028 1803 omnimodo
3060 1745 3292 1802 destrui.

245 1912 387 2015 lIspi
427 1944 535 2000 τοῦ
563 1944 638 1997 τὰ
668 1940 933 2010 λείψανα
970 1912 1099 1992 τῶν
1148 1935 1411 1991 είδώλων
1456 1924 1765 1998 ἐκριζωθῆ-

1944 1928 2021 1985 De
2045 1929 2311 1985 idolorum
2344 1931 2581 2000 reliquiis
2606 1931 2988 2001 exstirpandis.

168 2057 356 2183 “:62
406 2126 638 2198 ὐμοίως
664 2126 862 2199 ῆρεσεν
893 2119 1187 2190 αἱτηθῆναι
1221 2112 1467 2199 ἀπδιτῶν
1488 2110 1761 2180 ἐνδοξοτά-

170 2238 285 2276 των
317 2189 731 2292 βασιλέωνξῖνα
762 2217 832 2271 τὰ
879 2189 1107 2284 λείψανα
1158 2210 1261 2280 τῆς
1314 2189 1759 2274 εὶδωλολατρείας

174 2314 256 2386 μὴ
283 2314 447 2384 μόνον
504 2311 575 2366 τὰ
635 2314 693 2365 ὲν
746 2309 973 2375 ξοάνοις,
1035 2303 1172 2360 ἀλλὰ
1218 2301 1312 2356 καὶ
1341 2302 1398 2354 ὲν
1425 2296 1763 2367 οίοισδήποτε

171 2407 394 2471 τόποις,
423 2405 463 2475 ἢ
492 2403 744 2471 ἄλσεσιν,
785 2401 820 2473 ἢ
854 2399 1111 2470 δένδροις,
1158 2393 1324 2449 παντὶ
1348 2391 1535 2463 τρόπῳ
1555 2387 1764 2456 ἐξαλει-

168 2496 411 2568 φθῶσιν.

263 2589 327 2641 Ἥ
359 2586 409 2640 α’
432 2586 575 2641 διάτ.
627 2584 724 2639 τοῦ
784 2581 851 2637 ια’
879 2581 985 2637 τίτ.
1017 2578 1116 2634 τοῦ
1139 2584 1188 2634 α’
1219 2575 1358 2648 βιϐλ.
1387 2571 1481 2628 τοῦ
1512 2570 1644 2627 κώδ.
1670 2585 1764 2624 κει

172 2678 331 2734 λεύει
358 2679 429 2734 τὰ
461 2677 580 2749 ζερὰ
608 2675 905 2731 κλείεσθαι.

258 2772 514 2828 ΚΕΦΑΛ.
544 2768 834 2837 E’.—Hspl
856 2763 1206 2833 Νεστορίου,
1229 2754 1565 2823 Μουσαίου,
1583 2755 1767 2809 Εὐτυ-

173 2866 420 2939 χιανοῦ,
444 2863 743 2931 Μαξίμου,
781 2856 1143 2927 Πορφυρίου,
1175 2853 1270 2906 καὶ
1297 2849 1415 2905 τῶν
1439 2850 1541 2905 ὑπ’
1566 2843 1767 2939 αὐτῶν

172 2934 616 3013 καταστάντων
640 2956 973 3022 αἰρετικων,
1014 2946 1053 3015 ἣ
1088 2942 1426 3014 ὀρθοδόξων
1450 2934 1769 3005 ἐκϐληθέν-

189 3066 339 3102 των.
1297 3091 1302 3096 .

327 3138 600 3195 Συνόδου
623 3130 1325 3191 Κωνσταντινουπόλεως
1345 3122 1546 3178 κανὼν
1561 3119 1618 3175 δ’.

1939 2112 2028 2169 84.
2050 2112 2177 2169 Item
2196 2112 2397 2184 placuit
2410 2113 2456 2147 “
2468 2113 2631 2169 etiam
2649 2113 2718 2170 ab
2735 2112 3156 2186 imperatoribus
3168 2112 3445 2185 gloriosis-

1868 2205 2022 2260 simis
2049 2206 2178 2277 peti,
2192 2214 2250 2261 ut
2264 2206 2508 2276 reliquie~
2528 2206 2851 2262 idololatriae
2871 2220 2981 2262 non
3001 2207 3181 2263 solum
3199 2207 3253 2262 in
3276 2206 3449 2263 simu-

1869 2296 2056 2363 lacris,
2080 2298 2175 2354 sed
2217 2298 2274 2353 in
2304 2298 2727 2370 quibuscunque
2753 2300 2914 2367 locis,
2943 2300 3028 2357 vel
3049 2301 3211 2367 lucis,
3250 2300 3335 2356 vel
3359 2314 3449 2355 ar-

1871 2389 2097 2446 boribus
2118 2391 2268 2446 omni
2290 2390 2454 2447 modo
2475 2391 2775 2447 deleantur.

1938 2574 2102 2646 387
2131 2573 2461 2631 Constitutio
2526 2576 2580 2642 l,
2632 2577 2715 2633 tit.
2758 2577 2817 2646 2,
2860 2576 2958 2633 lib.
2991 2592 3009 2633 ι
3040 2576 3176 2633 Cod.
3213 2575 3457 2648 jubetut

1874 2671 2076 2737 templa
2104 2667 2448 2723 claudantur.

1945 2756 2102 2812 CAP.
2136 2757 2200 2812 V.
2252 2787 2324 2798 —-
2382 2756 2458 2812 De
2505 2755 2776 2822 Nestorio,
2833 2754 3056 2823 Musam,
3118 2755 3451 2827 Eutychiano

1869 2847 2126 2916 Maximo,
2167 2848 2464 2920 Porphyrio
2493 2861 2540 2904 et
2580 2851 2643 2903 de
2668 2849 2928 2902 Itwrelicis
2963 2864 3029 2903 ea:
3086 2848 3272 2902 horum
3307 2847 3451 2918 fonte

1867 2941 2119 2998 derivatis
2144 2952 2193 2997 et
2223 2942 2288 2997 de
2321 2942 2633 2998 orthodoxi:
2701 2942 2955 3010 expulsis.

2103 3125 2334 3183 Consilii
2363 3126 2948 3199 Constantinopolitani
2976 3146 3148 3186 canon
3173 3131 3229 3188 4.

253 3248 321 3303 δ’.
355 3248 493 3317 Περὶ
526 3244 779 3314 Μαξίμου
805 3238 899 3294 τοῦ
955 3228 1175 3292 κυνικοῦ
1206 3236 1298 3289 καὶ
1323 3234 1424 3305 τῆς
1449 3231 1571 3285 κατ’
1603 3228 1765 3283 αὑτὸν

1942 3243 1996 3297 4.
2050 3242 2372 3298 Statuerunt
2404 3245 2567 3298 etiam
2597 3243 2665 3299 de
2713 3243 2952 3301 Maximo
2997 3246 3222 3317 Cynico,
3252 3254 3307 3303 et
3329 3246 3451 3318 ejus

177 3342 438 3407 ἀταξίας,
486 3340 586 3410 τῆς
637 3339 694 3391 ὲν
752 3329 1376 3391 Κωνσταντινουπόλεως
1426 3324 1766 3410 γενομένηςο

169 3436 324 3488 ὥστε
382 3434 519 3503 μήτε
574 3429 824 3498 Μάξιμον
860 3424 1159 3478 ἐπίσκοπον
1188 3424 1222 3493 ἢ
1264 3415 1571 3489 γενέσθαιῆ
1606 3409 1768 3478 εἶναι,

176 3525 323 3596 μηδὲ
358 3524 484 3586 τοὺς
523 3522 653 3592 παρ’
700 3518 864 3572 αὑτοῦ
894 3514 1369 3588 χειροτονηθέντας
1396 3513 1454 3563 έν
1473 3506 1771 3579 οίῳδήποτε

177 3615 383 3687 βαθμῷ
414 3614 638 3684 κλήρου,
679 3612 897 3665 πάντων
920 3610 1015 3663 καὶ
1046 3607 1153 3661 τῶν
1186 3606 1315 3675 περὶ
1336 3602 1499 3657 αὑτὸν
1537 3600 1631 3655 καὶ
1659 3598 1768 3652 τῶν

175 3707 316 3780 παρ’
344 3706 509 3761 αὐτοῦ
537 3705 841 3774 γενομένων
866 3700 1278 3773 ἀκυρωθέντων.

327 3800 603 3856 Συνόδου
643 3799 896 3869 Ἐφέσου
935 3796 1137 3851 κανὼν
1162 3794 1231 3863 α’,
1264 3793 1330 3867 β’,
1355 3792 1425 3864 γ’,
1456 3792 1522 3857 δ’,
1559 3800 1621 3849 ε’.

252 3892 325 3947 α’.
377 3892 591 3963 Ἐπειδὴ
616 3892 672 3945 δὲ
701 3890 869 3962 ἐχρῆν
923 3889 1019 3953 καὶ
1064 3889 1190 3953 τοὺς
1224 3887 1648 3957 ἀπολειφθέντας
1669 3884 1770 3954 τῆς

175 3988 349 4057 ἁγίας
391 3984 630 4050 συνόδου,
668 3986 759 4037 καὶ
801 3982 1087 4054 μείναντας
1115 3979 1257 4035 κατὰ
1304 3980 1489 4051 χώραν
1522 3980 1555 4051 ἢ
1591 3977 1769 4041 πόλιν,

173 4082 273 4135 διά
319 4096 444 4132 τινα
491 4077 676 4131 αἰτίαν
739 4072 1263 4145 ὲκκλησιαστικὴνῆ
1318 4071 1662 4143 σωματικὴν,
1694 4069 1769 4141 μὴ

176 4173 455 4242 ἀγνοῆσαι
477 4172 544 4224 τὰ
567 4169 693 4242 περὶ
715 4169 894 4223 αὐτῶν
923 4167 1306 4237 τετυπωμένα,
1335 4163 1676 4236 γνωρίζομεν
1701 4166 1766 4235 τῇ

177 4267 353 4338 ὑμετέ
363 4282 429 4337 ρᾳ
452 4262 698 4333 ἀγιὸτητί
719 4279 777 4315 τε
795 4262 891 4315 καὶ
911 4261 1123 4332 ἀγάπῃ,
1153 4260 1346 4329 ὅτιπερ
1384 4258 1497 4311 είτε
1518 4260 1547 4311 δ
1565 4273 1770 4329 μητρο-

180 4359 413 4425 πολίτης
462 4358 561 4425 τῆς
599 4352 869 4422 ἐπαρχίας
900 4351 1283 4420 ἀποστατήσας
1329 4347 1428 4417 τῆς
1470 4347 1632 4416 ἁγίας
1676 4346 1771 4400 καὶ

182 4448 584 4519 οίκουμενικῆς
613 4447 851 4508 συνόδου,
886 4442 1181 4514 προσέθετο
1199 4443 1276 4512 τῷ
1304 4440 1402 4510 τῆς
1435 4438 1771 4502 ἀποστασίας

1876 3334 2172 3404 petulantia
2194 3344 2246 3390 et
2302 3336 2613 3401 insolentia,
2651 3352 2773 3405 qua:
2810 3336 2915 3392 l‘uit
2945 3336 3446 3409 Constantinopol',

1880 3435 1940 3482 ut
1964 3426 2230 3482 Maximus
2254 3428 2545 3499 episcopus
2572 3444 2673 3483 nec
2704 3428 2869 3484 fuerit
2894 3429 2977 3485 vel
3004 3431 3099 3493 sit,
3127 3445 3226 3486 nec
3257 3431 3352 3501 qui
3380 3432 3450 3486 ab

1874 3532 1941 3572 eo
1962 3518 2201 3573 ordinati
2230 3518 2454 3573 fuerunt
2484 3519 2537 3573 in
2569 3519 2700 3587 ullo,
2734 3519 3055 3591 quicunque
3086 3521 3131 3576 is
3156 3522 3250 3588 sit,
3276 3522 3448 3593 gradu

1875 3612 2006 3668 cleri
2029 3613 2305 3679 omnibus,
2333 3621 2386 3668 et
2411 3629 2534 3684 quae
2562 3613 2710 3668 circa
2754 3614 2932 3683 ipsum
2968 3613 3210 3683 luerunt,
3239 3624 3293 3671 et
3324 3630 3450 3687 qua:

1870 3706 1940 3760 ab
1967 3706 2059 3760 illo
2088 3705 2228 3760 facta
2252 3717 2401 3771 sunt,
2432 3706 2741 3765 inﬁrmatis.

2040 3796 2268 3854 Concilii
2306 3799 2558 3868 Epltesini
2596 3814 2821 3853 canones
2858 3800 2909 3867 l,
2949 3800 3004 3867 2,
3042 3800 3098 3865 5,
3139 3797 3191 3866 4,
3226 3800 3282 3855 5.

1950 3892 2004 3947 Ι.
2035 3891 2303 3958 Quoniam
2320 3901 2501 3948 autem
2517 3892 2630 3965 (28)
2645 3893 2928 3964 oportebat
2945 3893 3260 3948 etabsentes
3276 3906 3306 3946 a
3325 3906 3453 3947 san-

1875 3992 1963 4038 cta
2005 3984 2252 4055 synodo,
2290 3993 2679 4055 morantesque
2707 3986 2763 4040 in
2794 3985 3024 4040 urbibus
3060 3992 3116 4039 et
3156 3983 3453 4055 provinciis

1874 4079 1949 4132 ob
1977 4077 2195 4148 aliquod
2220 4077 2694 4147 impedimentum,
2723 4078 2838 4134 sive
2877 4076 3309 4134 ecclesiasticum
3339 4077 3455 4133 sive

1874 4188 2223 4243 corporeum,
2246 4188 2353 4228 non
2385 4175 2655 4242 ignorare,
2683 4189 2804 4244 quae
2838 4173 2905 4228 de
2936 4173 3069 4243 ipsis
3095 4172 3454 4228 suntconsti-

1879 4273 2030 4327 tuta;
2057 4264 2432 4334 signiﬁcamus
2453 4263 2729 4319 sanctitati
2757 4272 2948 4319 vestrae
2978 4278 3043 4317 ac
3068 4261 3344 4316 dilectioni
3372 4268 3453 4328 ut,

1876 4358 2216 4429 siquispiam
2251 4359 2593 4429 metropolita
2624 4358 2939 4428 provinciae,
2965 4357 3219 4413 derelicta
3266 4364 3452 4412 sancta

1875 4461 1929 4507 et
1976 4451 2315 4507 oecumenica
2367 4451 2597 4523 synodo,
2640 4458 2734 4505 aut
2780 4450 3002 4505 accedet
3047 4449 3103 4504 in
3147 4458 3451 4519 posterum.

182 4541 477 4613 συνεδρίῳ,
505 4540 537 4609 ἢ
570 4538 707 4609 μετὰ
730 4537 888 4591 τοῦτο
908 4535 1254 4607 προστεθείη,
1286 4534 1318 4605 ἢ
1345 4533 1414 4586 τὰ
1446 4531 1765 4586 Κελεστίνου

1887 4542 1995 4596 sive
2032 4557 2157 4596 cum
2201 4540 2459 4596 Coelestio
2504 4540 2705 4606 sensit,
2758 4548 2849 4594 aut
2894 4539 3131 4606 sentiet,
3169 4539 3285 4609 ipse
3316 4538 3453 4594 nihil

179 4607 487 4705 ἐφρόντισεν
572 4607 763 4702 φρονῇ,
815 4624 968 4693 οὗτος
1010 4627 1153 4682 κατὰ
1204 4627 1311 4681 τῶν
1355 4627 1453 4695 τῆς
1506 4623 1765 4696 ἐπαρχίας

1887 4633 2114 4703 amplius
2134 4633 2333 4702 poterit
2358 4647 2520 4703 agere
2540 4632 2801 4687 adversus
2825 4632 3117 4702 provincia:
3143 4607 3450 4702 episcopos,

179 4726 506 4779 ἐπισκόπων
551 4722 978 4792 διαπράττεσθαί
1000 4739 1053 4774 τι
1082 4720 1333 4791 οὐδαμῶς
1393 4719 1638 4782 δύναται,
1664 4717 1771 4771 πά-

1880 4732 1940 4777 ιιι
1962 4723 2054 4791 qui
2085 4724 2198 4793 jam
2231 4724 2356 4778 inde
2384 4740 2413 4778 a
2445 4724 2655 4794 synodo
2680 4725 2847 4779 totius
2880 4724 3266 4780 ecclesiastica:
3304 4738 3454 4778 com-

183 4836 288 4888 σης
323 4816 785 4887 ἐκκλησιαστικῆς
819 4815 1105 4878 κοινωνίας
1128 4812 1375 4866 ἐντεῦθεν
1406 4812 1506 4882 ἥδη
1536 4811 1640 4864 ὑπὸ
1671 4810 1765 4881 τῆς

1887 4816 2159 4870 munionis
2185 4830 2381 4884 expers
2423 4817 2494 4869 sit
2526 4815 2734 4880 lactus,
2768 4827 2822 4870 et
2854 4830 3081 4885 prorsus
3119 4816 3328 4870 inutilis
3362 4813 3454 4887 [ad

185 4910 415 4965 συνόδου
467 4908 883 4980 ἐκϐεϐλημένος,
940 4908 1034 4961 καὶ
1080 4907 1440 4978 ἁνενέργητος
1484 4905 1768 4976 ὑπάρχωνο

183 5006 325 5060 ἀλλά
360 5007 455 5057 καὶ
484 5005 664 5066 αὐτοῖς
694 5006 809 5065 τοῖς
844 5002 942 5072 τῆς
983 5001 1251 5072 ἐπαρχίας
1286 5000 1628 5065 ἐπισκόποις,
1675 4999 1771 5051 καὶ

1878 4908 2189 4964 functiones
2223 4907 2541 4980 inhabilis];
2588 4911 2681 4963 sed
2718 4919 2774 4966 et
2818 4907 2951 4978 ipsis
2998 4908 3269 4977 episcOpis
3310 4909 3456 4962 illius

1875 5000 2170 5070 provinciae
2197 5000 2517 5071 circumque
2545 5001 2741 5056 vicinis
2772 5000 3129 5071 metropolitis
3161 5010 3307 5053 recta
3332 5014 3456 5052 sen-

182 5100 301 5160 τοῖς
360 5096 525 5166 πέριξ
581 5095 1028 5167 μητροπολίταις,
1074 5097 1187 5157 τοῖς
1214 5095 1283 5148 τὰ
1313 5093 1413 5163 τῆς
1462 5092 1765 5165 ὀρθοδοξίας

1887 5094 2141 5150 Lientibus
2178 5094 2481 5164 subiacebit
2501 5134 2515 5159 ,
2548 5105 2607 5149 ut
2632 5094 2862 5149 omnino
2889 5094 3135 5166 dejectus
3165 5092 3293 5148 sita
3323 5092 3454 5147 sede

185 5185 505 5257 φρονοῦσιν,
545 5186 890 5239 ὑποκείσεται
914 5186 994 5249 είς
1024 5184 1086 5238 τὸ
1115 5184 1297 5255 πάντη
1324 5186 1419 5240 καὶ
1442 5185 1535 5239 τοῦ
1557 5184 1770 5256 βαθμοῦ

182 5281 286 5350 τῆς
321 5279 632 5346 ἐπισκοπῆς
654 5276 1005 5349 ἐκϐληθῆναι.

258 5369 325 5441 β’.
357 5372 418 5423 Ei
447 5369 503 5423 δέ
532 5386 669 5432 τινες
708 5370 1046 5440 ἐπαρχιῶται
1076 5369 1386 5435 ἐπίσκοποι,
1415 5387 1469 5423 κ.
1504 5387 1555 5422 τ.
1581 5369 1630 5423 λ.

259 5462 329 5532 γ’.
352 5465 416 5516 Εἰ
442 5464 499 5516 δέ
531 5478 675 5524 τινες
729 5463 825 5516 καὶ¹
871 5462 981 5515 τῶν
1013 5464 1069 5515 ἐν
1093 5458 1296 5533 ἑκάστῃ
1343 5462 1497 5516 πόλει
1535 5463 1569 5533 ἢ
1623 5462 1775 5534 χώρᾳ

1875 5182 2064 5256 [etiam
2095 5203 2123 5240 a
2152 5183 2346 5257 gradu]
2374 5184 2739 5256 episcopatus.

1945 5371 1999 5423 2.
2044 5368 2102 5425 Si
2138 5370 2230 5441 qui
2263 5380 2443 5426 autem
2478 5372 2842 5443 provinciales
2865 5412 2880 5437 ,
2912 5380 3044 5439 etc.,
3079 5381 3137 5425 ut
3168 5387 3293 5442 pag.
3326 5369 3449 5425 750.

1944 5462 2113 5533 388
2149 5465 2202 5518 5.
2246 5462 2302 5518 Si
2340 5463 2434 5533 qui
2470 5479 2598 5519 vero
2630 5465 2811 5519 clerici
2845 5464 2899 5519 in
2931 5464 3159 5535 singulis
3192 5464 3453 5527 urbibus,

186 5555 493 5627 κληρικῶν,
546 5553 652 5607 ὑπὸ
694 5554 988 5624 Νεστορίου
1038 5554 1132 5608 καὶ
1167 5555 1275 5608 τῶν
1312 5554 1407 5608 σὺν
1430 5554 1579 5625 αὑτῷ
1606 5554 1765 5607 ὄντων

1887 5567 1969 5609 Iul.
1994 5556 2307 5625 regionibus
2336 5572 2367 5612 a
2391 5557 2644 5613 Nestorio
2669 5567 2720 5613 ct
2752 5571 2878 5612 cum
2902 5572 2968 5613 eo
2989 5556 3453 5630 conspirantibus-

260 5734 305 5765 "
340 5732 512 5787 Conc.
545 5729 712 5785 Alric.
741 5730 901 5786 (λεδ.
976 5730 1021 5762 ³⁸
1051 5728 1221 5786 Cone.
1258 5729 1516 5800 Carlhag.
1550 5744 1580 5782 v
1611 5742 1729 5799 Cap.
1762 5729 1855 5795 lii;
1892 5727 2063 5782 Afric.
2101 5743 2223 5801 cap.
2264 5730 2352 5784 5|.

266 5889 389 5959 (ΞΒ)
434 5883 752 5939 Vct‘sionem
806 5883 965 5937 aliam
1012 5883 1288 5939 Laurentii
1320 5884 1490 5939 Silani
1529 5883 1789 5939 exhibent
1828 5881 2101 5948 Ct'abbus,
2136 5882 2346 5951 Surius,
2375 5885 2594 5955 aliique.

521 5980 791 6041 PATROL.
841 5980 956 6041 Gn.
997 5979 1149 6040 ClV.
