3980 6402
555 413 664 477 875
1713 398 1975 461 PIIUTII
2005 398 2157 458 ΡΑΤ]

2266 394 2513 457 lRCH/E
2543 394 2653 456 CP.
3700 391 3788 458 875

558 518 865 582 sacerdotio
910 514 1169 587 prohibiti
1212 520 1380 579 sunt,
1426 509 1572 581 quod
1628 519 1775 565 recte
1825 509 2126 574 sentirent;

2266 508 2333 577 ἧς
2384 507 2684 577 ἱερωσύνης
2750 499 3101 570 ἐκωλύθησαν
3148 497 3237 552 διὰ
3267 496 3327 552 τδ
3353 496 3529 569 ὀρθῶς
3579 512 3787 573 φρονειν,

552 616 763 687 justum
814 610 1127 684 putavimus
1171 608 1269 662 hos
1313 618 1534 675 quoque
1577 601 1860 673 proprium
1910 600 2137 670 gradum

2266 598 2641 667 ,δικαιώσαμεν
2692 594 2787 649 καὶ
2829 592 3050 656 τούτους
3103 590 3193 645 τὸν
3245 590 3374 643 ίδιον
3415 589 3693 645 ἀπολαϐεῖν
3716 595 3793 664 βα-

556 682 830 777 recipere.
868 701 927 756 ln
975 712 1190 756 summa
1231 704 1411 750 autem
1459 694 1689 749 clericos
1738 690 2059 747 orthodoxae
2086 696 2141 745 et

2266 690 2399 761 ιμόν·
2441 688 2634 752 κοινῶς
2661 686 2719 741 δέ
2744 689 2812 758 τῇ
2832 683 3101 757 ὀρθοδόξῳ
3121 682 3218 738 καὶ
3245 683 3591 754 οίκουμενικῇ
3615 685 3788 757 συνόδῳ

559 797 913 856 οεουωοιιὶοιο
943 791 1153 864 synodo
1175 787 1580 845 consentientes
1605 784 1884 855 jubemus,
1917 782 2017 845 eis,
2045 780 2140 851 qui

559 892 901 953 defecerunt,
934 895 1031 941 aut
1064 882 1327 939 defecturi
1362 887 1513 945 sunt,
1550 879 1824 948 episcopis
1857 874 2011 931 nullo
2045 889 2142 945 pa-

560 996 650 1041 cto
679 993 774 1036 aut
805 980 1015 1035 ratione
1040 975 1318 1045 subjectos
1349 986 1471 1026 esse
1494 970 1713 1025 debere.

632 1076 687 1129 4.
720 1074 779 1129 Si
812 1072 905 1143 qui
947 1076 1131 1124 autem
1180 1063 1505 1119 clericorum
1552 1057 1873 1122 defecerint,
1913 1062 1972 1111 et
2014 1053 2138 1110 ausi

565 1166 769 1221 fuerint
792 1163 875 1218 vel
901 1159 1177 1231 privatim,
1208 1155 1293 1209 vel
1337 1152 1578 1224 publice,
1610 1164 1731 1220 quin
1771 1154 1901 1204 sunt
1934 1144 2134 1202 Nesto-

564 1259 629 1313 rii
665 1266 757 1311 aut
787 1252 1009 1311 Celestii
1061 1263 1275 1319 sapere,
1321 1244 1592 1301 sancitum
1623 1248 1708 1298 est
1751 1256 1781 1297 a
1812 1246 2004 1296 sancta
2051 1252 2144 1308 sy-

564 1350 730 1417 nodo,
756 1351 889 1406 istos
917 1358 1136 1422 quoque
1162 1339 1445 1411 depositas
1467 1351 1614 1393 esse.

637 1532 690 1593 5.
723 1530 1047 1599 Quicunque
1074 1533 1258 1581 autem
1295 1522 1367 1578 ob
1406 1518 1587 1590 turpia
1638 1524 1789 1587 gesta
1819 1521 1947 1571 sunt
1980 1527 2009 1565 a
2046 1524 2137 1582 sy.

565 1626 710 1682 nodo
734 1619 1111 1685 condemnati,
1153 1617 1243 1673 vel
1272 1631 1301 1670 a
1334 1612 1572 1685 propriis
1619 1622 1812 1665 eorum
1842 1603 2139 1676 episcopis,

566 1719 765 1790 quibus
786 1724 979 1786 pra-ter
1003 1725 1243 1767 canones
1269 1706 1576 1771 Nestorius,
1602 1702 1696 1773 qui
1724 1700 1931 1756 nullum
1956 1711 2144 1753 rerum

567 1789 863 1867 discrimen
894 1804 1148 1868 habebat,
1176 1811 1228 1858 et
1263 1800 1358 1871 qui
1393 1814 1518 1854 cum
1547 1796 1640 1851 illo
1662 1793 1851 1850 eadem
1878 1789 2142 1854 sentiunt,

2246 781 2698 855 συμφρονοῦντας
2728 778 3025 849 κληρικοὺς
3057 776 3351 847 κελεύομεν
3376 778 3486 839 τοίς
3513 777 3798 850 ἀποστατή-

2246 890 2401 929 σοισιν
2427 871 2867 944 ἢάφισταμένοις
2884 869 3207 933 ἐπισκόποις
3239 868 3485 941 μηδόλως
3508 868 3797 925 ὑποκεῖσθαι

2246 964 2389 1019 κατὰ
2424 963 2628 1034 μηδένα
2655 962 2878 1034 τρόπον.

2323 1052 2385 1110 δ’.
2418 1054 2480 1107 Εί
2545 1054 2601 1106 δέ
2660 1069 2808 1115 τινες
2863 1051 3299 1120 ἀποστατήσαιεν
3335 1048 3443 1103 τῶν
3505 1048 3779 1121 κληρικῶν,

2247 1147 2345 1200 καὶ
2395 1144 2751 1215 τολμήσαιεν,
2811 1142 2995 1214 ἢκατ’
3058 1140 3255 1212 ίδίοινῆ
3301 1140 3578 1212 δημοσίᾳ,
3635 1143 3697 1195 τὰ
3715 1142 3802 1195 Νε-

2248 1237 2466 1310 στορίου
2522 1235 2557 1308 ἢ
2609 1235 2679 1290 τὰ
2734 1235 3057 1290 Κελεστίνου
3109 1233 3422 1304 φρονῆσαι,
3474 1234 3572 1288 καὶ
3612 1233 3805 1298 τούτους

2248 1324 2391 1383 εἶναι
2435 1324 2880 1399 καθῃρημένους,
2924 1325 3029 1378 ύπὺ
3084 1324 3187 1394 τῆς
3240 1322 3403 1393 ἁγίας
3442 1322 3661 1377 συνόδου
3690 1323 3805 1378 δεδιο

2250 1422 2505 1477 καίωται.

2321 1511 2387 1570 ε’.
2422 1514 2579 1566 Ὅσοι
2622 1511 2679 1565 δὲ
2736 1510 2832 1563 ἐπὶ
2878 1509 3103 1572 ἀτόποις
3154 1506 3388 1579 πράξεσι
3434 1505 3809 1578 κατεκρίθησαν

2256 1604 2363 1659 ὑπὸ
2414 1607 2516 1675 τῆς
2544 1602 2709 1673 ἁγίας
2760 1601 3001 1667 συνόδου,
3035 1601 3069 1673 ἢ
3102 1600 3208 1656 ὑπὸ
3230 1601 3339 1655 τῶν
3371 1601 3591 1656 οἰκείων
3626 1601 3811 1653 ἐπισκό-

2251 1714 2389 1763 πων,
2441 1696 2537 1751 καὶ
2579 1694 2790 1758 τούτοις
2846 1692 3218 1759 ἀκανονίστως
3239 1694 3383 1749 κατὰ
3406 1694 3510 1765 τὴν
3546 1694 3605 1748 ἐν
3638 1693 3812 1749 ἅπασιν

2251 1788 2574 1861 ἀδιαφορίαν
2620 1786 2786 1841 αὐτοῦ
2822 1788 2851 1842 ὀ
2886 1786 3201 1859 Νεστόριος,
3232 1786 3267 1858 ἢ
3310 1787 3359 1840 oi
3386 1787 3457 1841 τὰ
3486 1787 3651 1841 αὐτοῦ
3715 1803 3816 1858 φρομ

568 1902 855 1959 restituere
879 1897 1061 1961 conati
1110 1903 1239 1951 sunt
1270 1890 1500 1964 gradum
1539 1890 1624 1944 vel
1675 1885 2140 1948 communionem,

2266 1879 2469 1944 ιοῦντες
2495 1920 2512 1945 ,
2559 1877 2855 1933 ἀποδοῦναι
2901 1877 2935 1949 ἢ
2991 1878 3366 1951 ἐπειράθησαν
3426 1878 3462 1949 ἢ
3538 1878 3815 1948 πειραθεῖεν

571 2006 664 2049 aut
688 1992 1063 2053 conabuntur;
1116 1988 1251 2041 istos
1288 1983 1606 2039 censuimus
1636 1977 1770 2033 nihil
1811 1973 2135 2048 profecissie,

573 2097 629 2145 et
647 2099 871 2142 manere
898 2091 952 2139 et
982 2095 1106 2137 esse
1135 2075 1490 2135 nihilominus
1515 2070 1819 2144 depositos.

909 2261 1133 2320 Concitii
1162 2258 1495 2316 Sardicensis
1521 2267 1689 2309 canon
1725 2249 1811 2307 l9.

647 2359 735 2415 l9.
758 2356 918 2414 Osius
954 2355 1245 2424 cpiscopus
1285 2351 1419 2407 dixit
1451 2341 2009 2404 :Mezcmediocritatis
2038 2335 2154 2392 lucc

575 2462 660 2509 est
703 2448 1017 2514 sententia;
1051 2445 1179 2516 quia
1223 2443 1391 2514 quieti
1427 2447 1481 2495 et
1506 2438 1777 2508 patientes
1818 2447 1942 2487 esse
1991 2430 2155 2485 debe-

576 2559 721 2609 mus,
746 2555 797 2597 et
828 2554 1119 2613 perennem
1155 2537 1209 2589 in
1240 2547 1433 2590 omnes
1467 2530 1667 2585 habere
1692 2522 2151 2585 misericordiam,

576 2653 673 2693 eos
709 2637 800 2706 qui
832 2633 997 2689 semel
1039 2632 1093 2685 in
1124 2634 1331 2684 clerum
1382 2621 1818 2681 ecclesiasticum
1852 2618 1923 2673 ab
1955 2616 2153 2686 aliqui-

579 2734 682 2787 hus
708 2727 969 2783 fratribus
999 2723 1205 2778 nostris
1237 2718 1472 2791 promoti
1501 2725 1649 2780 sunt,
1678 2714 1726 2770 si
1767 2712 1941 2767 nolint
1978 2710 2158 2764 redire

578 2824 647 2879 ad
689 2837 782 2877 eas
826 2819 895 2873 ad
934 2832 1072 2887 quas
1100 2814 1366 2869 nominati
1408 2822 1534 2864 sunt
1567 2806 1861 2869 Ecclesias,
1901 2803 2159 2871 deinceps

580 2929 689 2969 non
709 2909 923 2964 admitti
953 2926 967 2962 :
997 2905 1397 2977 Eutychianum
1426 2899 1593 2973 389
1621 2907 1797 2953 autem
1832 2912 1900 2951 ne
1920 2892 2157 2965 episcopi

580 3001 800 3073 quidem
828 2997 934 3054 sibi
969 3010 1167 3051 nomen
1197 3006 1505 3063 usurpare;
1537 2987 1633 3045 sed
1672 3001 1851 3055 neque
1892 2984 2155 3039 Musaeum

583 3104 641 3148 nt
671 3091 992 3162 episcopum
1017 3086 1319 3143 existimari
1351 3103 1365 3140 :
1400 3083 1448 3139 si
1473 3089 1656 3137 autem
1682 3079 1882 3133 laicam
1907 3090 2155 3131 comnm-

581 3188 802 3240 nionem
857 3181 1147 3254 petiveriut
1199 3197 1214 3234 :
1263 3194 1371 3233 non
1441 3184 1693 3246 oportere
1751 3172 1833 3227 eis
1878 3166 2156 3239 denegari.

581 3279 785 3336 Omnes
824 3278 1079 3333 dixerunt
1104 3292 1118 3329 :
1148 3273 1350 3329 Placet.

652 3396 804 3453 CAP.
837 3393 1017 3450 Vl.—-
1038 3391 1123 3448 Ne
1152 3392 1248 3462 ﬁat
1274 3404 1428 3445 sacra
1458 3384 1658 3441 oblatio
1688 3388 1947 3454 praesente
1983 3377 2158 3434 hare-

584 3492 709 3545 tiro.

1108 3572 1366 3630 Timothei
1389 3586 1558 3627 canon
1587 3570 1641 3627 9.

657 3670 1034 3747 Interrogatio.
1082 3670 1133 3725 9.
1170 3669 1251 3721 An
1302 3666 1458 3723 debet
1498 3664 1753 3725 clericus,
1780 3655 2166 3731 praesentibus,

582 3779 712 3833 etc.,
746 3776 804 3819 ut
846 3781 971 3835 pag.
1012 3763 1167 3829 6H.“

655 3881 809 3939 CAP.
843 3879 955 3935 Vll.
989 3908 1060 3920 —
1112 3876 1189 3931 De
1204 3874 1406 3929 clericis
1439 3871 1720 3934 haereticis,
1763 3868 1854 3938 qui
1897 3880 1964 3918 ao
1995 3861 2174 3916 ortho-

586 3979 738 4032 doxa:
763 3973 1015 4028 Ecclesiw
1041 3971 1297 4041 gremium
1325 3972 1595 4019 accedunt.

791 4066 1015 4123 Concilii
1043 4060 1474 4131 Carthaginiensis
1502 4070 1729 4111 canones
1759 4052 1851 4115 57,
1876 4048 1967 4104 68.

664 4162 955 4232 Utparvuti
980 4158 1119 4228 apud
1152 4155 1468 4209 Donatista:
1522 4148 1801 4219 buptizati,
1826 4146 1881 4199 in
1910 4139 2174 4197 catholica

589 4252 830 4306 Ecclesia
856 4249 1033 4303 clerici
1059 4245 1389 4299 ordinentur.

661 4436 750 4492 57.
784 4432 941 4489 Unde
965 4431 1012 4464 ³⁸
1038 4428 1299 4500 quoniam
1327 4422 1600 4496 superiori
1633 4420 1745 4492 (29')
1786 4420 2025 4477 concilio
2060 4428 2175 4475 sta-

588 4540 765 4583 tutum
792 4541 917 4581 csse
967 4536 1180 4578 mecum
1216 4515 1555 4588 recognoscit
1592 4512 1927 4567 unanimitas
1968 4520 2176 4576 vestra,

2256 1970 2598 2043 κοινωνίανῆ
2641 1970 2870 2042 βαθμὸν,
2912 1971 3298 2043 ἀνωφελήτους
3348 1972 3539 2041 μένειν
3597 1972 3689 2026 καὶ
3710 1970 3816 2023 τού-

2255 2080 2404 2130 τους,
2431 2062 2528 2119 καὶ
2557 2058 2701 2120 εἰναι
2744 2062 2903 2121 οὐδὲν
2929 2060 3093 2139 ἦττον
3132 2063 3560 2137 καθῃρημένους
3609 2062 3820 2118 ἐδικαιὼο

2258 2170 2455 2226 σαμεν.

2569 2248 2841 2307 Συνόδου
2877 2245 3143 2319 Σαρδικῆ
3147 2269 3179 2316 ς
3224 2246 3443 2303 κακῶν
3458 2248 3551 2304 ιϐ’.

2332 2341 2419 2399 ιϐ’.
2458 2344 2644 2408 Ὄσιος
2660 2343 2957 2407 ἐπίσκοπος
2986 2339 3108 2396 εἷπε
3131 2357 3146 2373 ο
3180 2341 3293 2413 Τῆς
3315 2343 3457 2414 ἐμῆς
3499 2340 3821 2414 μετριότητος

2257 2436 2293 2507 ἡ
2320 2435 2591 2505 ἀπόφασίς
2612 2440 2760 2490 ἐστιν
2788 2434 2948 2507 abi-11'
2974 2434 3162 2508 ἐπειδὴ
3191 2436 3383 2507 ἥσυχοι
3405 2436 3503 2489 καὶ
3528 2437 3823 2506 ὑπομονητι-

2263 2529 2352 2582 κοὶ
2417 2528 2706 2601 ὀφείλομεν
2754 2525 2918 2596 εἶναι,
2971 2530 3069 2585 καὶ
3117 2528 3316 2600 διαρκῆ
3340 2529 3431 2584 τὸν
3467 2532 3612 2601 πρδς
3646 2530 3823 2587 πάντας

2264 2622 2412 2693 ἔχειν
2461 2619 2663 2689 οἶκτον,
2700 2621 2847 2689 ἅπαξ
2899 2622 3123 2686 τούτους
3150 2624 3278 2686 τοὺς
3311 2624 3391 2686 είς
3422 2621 3634 2694 κλῆρον
3658 2619 3825 2690 ἐκκλη-

2267 2715 2545 2769 σιαστικὸν
2575 2714 2949 2785 ποραχθέντας
3002 2715 3106 2770 ὑπό
3156 2732 3319 2770 τινων
3375 2715 3627 2786 ἀδελφῶν
3678 2714 3825 2786 ἡμῶν,

2266 2808 2362 2861 ἐὰν
2400 2808 2475 2877 μὴ
2508 2806 2780 2877 βούλοιντο
2801 2804 3199 2879 ἐπανέρχεσθαι
3227 2807 3306 2870 εἰς
3335 2804 3401 2871 ἃς
3426 2803 3826 2876 κατωνομάσθη-

2270 2917 2369 2954 σαν
2405 2899 2754 2971 Ἐκκλησίας,
2804 2898 2898 2953 τοῦ
2926 2899 3115 2952 λοιποῦ
3154 2899 3231 2970 μὴ
3260 2899 3655 2970 ὑποδέχεσθαι·
3683 2898 3826 2952 Εὐτυ-

2268 2992 2459 3066 χιανὸν
2478 2992 2557 3057 δὲ,
2612 2994 2752 3063 μήτε
2797 2974 3113 3046 ἐπισκόπου
3144 2990 3325 3061 ἐαυτῷ
3354 2990 3650 3044 διεκδικεῖν
3668 2989 3826 3057 όνομιν

2261 3084 2386 3142 ἀλλ’
2413 3085 2535 3140 οὐδὲ
2562 3086 2837 3139 Μουσαῖον
2859 3085 2934 3149 ὡς
2963 3086 3265 3139 ἐπίσκοπον
3293 3084 3663 3155 ὀνομάζεσθαι
3683 3099 3697 3115 ο
3721 3082 3764 3135 εί
3783 3080 3829 3133 δὲ

2267 3177 2463 3250 λαῖκὴν
2516 3177 2804 3232 κοινωνίαν
2867 3178 3174 3257 ἀπαιτοῖεν,
3201 3176 3278 3249 μὴ
3305 3176 3506 3249 χρῆναι
3534 3174 3725 3237 αὐτοὺς
3749 3172 3829 3241 ἁρ-

2270 3273 2499 3329 νσῖσθαι.
2530 3268 2740 3337 Πάντες
2770 3268 2925 3327 εἷπον
2949 3287 2962 3301 ·
3000 3272 3271 3345 Ἀρέσκει.

2344 3390 2598 3443 ΚΕΦΑΛ.
2635 3386 2725 3456 (τ.
2758 3418 2827 3429 -
2857 3387 2998 3456 Περὶ
3045 3386 3151 3442 τοῦ
3187 3385 3276 3456 μὴ
3320 3386 3594 3456 ὀφείλειν
3638 3383 3828 3451 ἀναφο-

2268 3477 2389 3549 ρὰν
2410 3481 2683 3550 γίνεσθαι
2711 3480 3012 3547 παρόντος
3031 3480 3353 3549 utpar-moi).

2755 3570 3038 3641 Τιμοθέου
3084 3570 3284 3625 κανὼν
3312 3568 3357 3623 θ’

2361 3662 2677 3733 Ἐρώτησις
2753 3662 2819 3717 θ’.
2865 3666 2935 3718 Et
2980 3666 3207 3735 ὀφείλει
3248 3664 3537 3734 κληρικὸς
3578 3664 3827 3734 εὔχεσθαι

2278 3757 2591 3823 παρόντων
2634 3754 2969 3824 Ἀρειιινῶν,
3009 3774 3066 3810 κ.
3099 3774 3150 3810 τ.
3179 3755 3230 3809 λ.

2354 3872 2603 3925 ΚΕΦΑΑ.
2644 3874 2721 3925 Z'.
2762 3870 2901 3939 Περὶ
2942 3868 3245 3939 κληρικῶν
3274 3864 3587 3936 αἱρετικῶν
3609 3865 3679 3935 τῇ
3695 3866 3828 3934 ὀρθο-

2280 3965 2442 4032 δόξῳ
2467 3967 2843 4034 προσιόντων
2880 3964 3225 4031 Ἐκκλησίᾳ.

2454 4058 2728 4112 Συνόδου
2764 4055 3186 4125 Καρθαγέννης
3217 4054 3419 4110 κανὼν
3450 4053 3549 4120 νίζ’,
3588 4051 3683 4125 ξη’.

2352 4150 2536 4204 Ὥστε
2587 4148 2731 4215 τοὺς
2771 4149 3027 4219 μικροὺς
3068 4148 3230 4217 παρὰ
3284 4147 3411 4214 τοῖς
3478 4140 3827 4206 Δονατισταῖς

2275 4235 2773 4306 βαπτιζομένους,
2803 4238 2875 4291 ἐν
2899 4236 2975 4308 τῇ
2996 4235 3294 4306 καθολικῇ
3319 4236 3646 4307 κληρικοὺς
3669 4249 3827 4305 χειρί)⁹

2278 4327 2600 4383 τονεῖσθαι.

2356 4418 2573 4485 ν;’.Διδ
2638 4420 2826 4494 ἐπειδὴ
2850 4422 2907 4475 ἐν
2961 4423 3029 4493 τῇ
3079 4420 3341 4493 ἀνωτέρῳ
3394 4420 3601 4491 συνόδῳ
3647 4414 3825 4489 ὁρισθὲν

2292 4512 2567 4584 μέμνηται
2623 4512 2739 4584 ἅμα
2787 4514 2810 4565 ἐ
2820 4514 2961 4585 μοίή
2988 4513 3231 4586 ὑμετέρα
3256 4513 3550 4584 ὀμοψυχία,
3577 4512 3706 4565 ὥστε
3724 4511 3825 4568 τοὺς

589 4636 645 4677 ιιι
700 4622 753 4675 hi
782 4620 873 4691 qui
928 4618 1069 4686 apud
1112 4612 1427 4667 Donatistas
1468 4608 1683 4681 parvuli
1726 4605 1989 4677 baptizati
2025 4612 2155 4659 sunt

2288 4608 2439 4679 παρὰ
2472 4610 2583 4672 τοῖς
2615 4610 2964 4673 Δονατισταῖς
2997 4609 3229 4679 μικροὺς
3278 4606 3714 4679 βαπτιζομένους,
3751 4600 3824 4653 καὶ

594 4712 835 4767 nondum
879 4708 1022 4763 scire
1058 4706 1299 4760 valentes
1326 4702 1528 4759 erroris
1555 4716 1743 4756 eorum
1778 4698 2058 4753 interitum
2087 4714 2100 4750 :
2125 4713 2154 4750 e

2284 4699 2511 4770 μηδέπω
2568 4699 2902 4771 δυναμένους
2949 4699 3245 4768 γινώσκειν
3280 4698 3383 4769 τῆς
3433 4698 3639 4768 πλάνης
3678 4691 3823 4748 αὐτῶν

590 4814 947 4873 posteaquam
968 4799 1034 4855 ad
1089 4806 1303 4853 aetatem
1360 4795 1592 4850 rationis
1630 4807 1887 4861 capacem
1924 4804 2181 4860 pervenc-

590 4907 736 4962 rnnt,
773 4896 956 4967 agnita
994 4894 1220 4947 veritate
1254 4890 1550 4944 falsitatem
1577 4902 1765 4941 eorum
1795 4885 2176 4948 abhorrentes,

589 4993 653 5047 ad
683 4990 986 5046 Ecclesium
1020 4986 1112 5042 Dei
1139 4984 1467 5039 catholicam
1516 4996 1610 5050 per
1639 4978 1956 5032 universum
2014 4990 2176 5029 mun-

585 5087 714 5141 dum
746 5081 999 5140 dilfusam
1019 5123 1033 5148 ,
1072 5079 1263 5135 ordine
1292 5075 1540 5143 antiquo,
1591 5088 1685 5142 per
1715 5085 1911 5125 manus
1942 5066 2171 5138 imposi-

590 5180 788 5234 tionem
822 5176 1022 5246 recepti
1068 5182 1218 5239 sunt,
1265 5171 1467 5227 debere
1505 5167 1708 5223 talibus
1758 5164 2170 5233 suscipiendum

587 5284 787 5324 munus
845 5270 1139 5323 clericatus
1196 5279 1306 5319 non
1370 5258 1638 5328 impedire
1696 5271 1894 5310 nomen
1948 5254 2173 5315 erroris,

586 5380 706 5419 cum
743 5376 919 5414 veram
947 5358 1243 5415 Ecclesiam
1282 5355 1501 5409 illorum
1548 5346 1881 5420 putaverint,
1910 5346 1977 5400 ad
2012 5345 2172 5400 fidem

2281 4790 2372 4843 τὸν
2431 4790 2673 4862 ὀλεθρον,
2715 4791 2859 4863 μετὰ
2887 4793 2948 4845 τὸ
2974 4792 3056 4855 εἰς
3090 4793 3281 4862 κεῖραν
3318 4789 3577 4861 λογισμοῦ
3611 4783 3823 4850 δεκτικὴν

2282 4881 2725 4951 παραγενέσθαι,
2786 4882 3224 4953 ἐπιγνωσθείσης
3274 4884 3373 4950 τῆς
3427 4881 3692 4951 ἀληθείας»
3748 4873 3823 4941 τὴν

2280 4972 2592 5044 φαυλότητα
2622 4974 2847 5026 ἐκείνων
2879 4973 3360 5044 βδελυττομένους,
3430 4973 3569 5041 πρὸς
3600 4969 3686 5039 τὴν
3715 4963 3821 5017 καθ-

2280 5064 2468 5136 ολικὴν
2532 5064 2626 5118 τοῦ
2660 5065 2794 5119 θεοῦ
2835 5064 3183 5137 Ἐκκλησίαν,
3238 5064 3337 5126 τὴν
3392 5065 3497 5117 ἀνὰ
3553 5063 3712 5116 πάντα
3751 5056 3821 5108 τὸν

2288 5161 2490 5230 κόσμον
2551 5158 2971 5230 διακεχυμένην,
3023 5159 3174 5226 τάξει
3204 5157 3409 5231 ἀρχαίᾳ
3440 5157 3528 5210 διὰ
3558 5158 3649 5221 τῆς
3670 5148 3817 5206 ἐπιθέ-

2286 5268 2424 5315 σεως
2462 5251 2570 5305 τῶν
2600 5251 2799 5323 χειρῶν
2830 5250 3192 5321 ἀναδεχθῆναι
3220 5251 3348 5313 τοὺς
3369 5244 3751 5310 τοιούτους,και
3773 5244 3819 5292 ἐκ

2282 5346 2377 5398 τοῦ
2404 5348 2503 5416 τῆς
2532 5345 2740 5414 πλάνης
2797 5344 3061 5417 ὀνόματος
3092 5345 3167 5415 μὴ
3199 5343 3436 5413 ὀφείλειν
3481 5336 3819 5414 ἐμποδίζεσθαι

585 5455 914 5521 accedemlo,
951 5465 1004 5509 et
1036 5454 1110 5508 ibi
1141 5450 1363 5506 Ultristo
1386 5444 1743 5507 crediderint,
1798 5450 1852 5495 et
1892 5439 2157 5495 Trinitati:

2287 5441 2365 5501 εἰς
2386 5439 2539 5503 τάξιν
2573 5437 2924 5509 κληρώσεως,
2955 5437 3158 5492 ὁπόταν
3193 5436 3291 5508 τὴν
3327 5437 3584 5507 ἀληθινὴν
3631 5428 3816 5495 Ἐκκλη-

586 5559 925 5604 sacramenta
965 5542 1345 5617 perceperint;
1382 5552 1506 5610 quae
1529 5534 1715 5592 omnia
1754 5547 1884 5589 vera
1910 5542 1963 5587 et
1991 5540 2176 5588 sancta

656 5726 701 5756 9°
731 5726 898 5778 Cone.
920 5722 1089 5777 Afric.
1129 5736 1180 5776 c.
1210 5719 1297 5773 2i.

654 5888 767 5958 (9.9)
795 5886 961 5940 Cone.
1003 5883 1263 5936 nimirum
1325 5878 1583 5945 Cartliag.
1614 5890 1691 5940 ιιι,
1720 5888 1843 5927 can.
1884 5870 1972 5922 48.

2290 5533 2407 5585 σίαν
2439 5532 2571 5586 ἰδίαν
2595 5531 2804 5587 ἑαυτῶν
2842 5530 3153 5601 ἐλογίσαντο
3209 5530 3391 5585 πίστει
3420 5524 3812 5601 προσερχόμενοι,
