3980 6470
188 471 288 536 877

978 408 1377 529 ΞΥΝΤΑΟιΝίΑ
1411 460 1799 526 CANONUM.
1830 484 1899 496 -
1929 458 2080 521 ΤΙΤ.
2115 457 2255 519 XII.
2294 458 2454 519 CAP.
2494 459 2588 532 Vl,
2622 458 2756 520 Vll.

3349 460 3457 523 878

188 582 273 635 καὶ
309 582 371 633 έν
398 579 539 651 αὐτῇ
569 577 647 647 τῷ
675 576 898 649 Χριστῷ
937 577 1333 639 πιστεύσαντες
1355 617 1370 641 ,
1409 576 1506 645 τῆς
1543 572 1768 645 Τριάδος

1893 579 2039 641 itque
2077 569 2261 627 divina
2302 569 2467 641 390
2501 584 2622 625 esse
2663 567 3029 625 certissimum
3068 578 3172 638 est,
3201 570 3342 628 etin
3376 573 3460 628 his

186 670 251 723 τά
275 670 598 739 ἀγιάσματα
622 666 951 731 ὑπεδέξαντο
971 682 985 695 ⁸
1022 664 1183 720 άτινα
1234 665 1414 719 πάντα
1443 662 1644 732 εὐσεϐῆ
1680 661 1777 716 καὶ

187 761 316 828 ἅγια
344 761 440 814 καί⁵
478 760 598 814 θεῖα
629 756 767 813 εἶναι
787 758 945 828 δῆλόν
985 758 1126 823 ἐστι,
1147 757 1242 811 καὶ
1267 759 1324 810 ἐν
1353 755 1564 818 τούτοις
1594 755 1777 808 πᾶσαν

186 855 281 925 τὴν
311 855 412 924 τῆς
444 852 623 925 ψυχῆς
668 852 859 906 ἐλπίδα
887 852 1155 923 ὑπάρχειν
1176 867 1192 881 ο
1234 849 1338 903 κᾶν
1371 851 1420 902 εί
1447 848 1516 902 τὰ
1541 848 1778 917 μάλιστα

185 947 277 1003 οὖν
340 948 491 1019 καὶὴ
521 947 629 1001 τῶν
687 944 980 1018 αἱρετικῶν
1038 943 1414 1016 προληφθεὴα
1464 941 1659 1010 τόλμα,
1700 936 1778 1009 τῷ

186 1044 414 1115 ὀνόματι
442 1045 543 1114 τῆς
580 1042 838 1114 ἀληθείας
866 1039 1251 1109 ἐναντιούμενα
1274 1055 1397 1092 τινα
1427 1034 1777 1108 παραδιδόναι

189 1137 612 1210 προπετεύεται,
642 1135 816 1190 ταῦτα
849 1134 1038 1206 ἐπειδὴ
1064 1134 1215 1187 άπλᾶ
1242 1134 1403 1197 εἰσιν,
1430 1130 1505 1193 ὡς
1534 1129 1776 1183 διδάσκει

188 1242 216 1285 ο
248 1232 407 1301 άγιος
447 1230 766 1294 ’Δπόστολος
816 1228 993 1298 λέγων
1012 1244 1028 1260 θ
1064 1224 1171 1294 Εἷς
1204 1226 1370 1292 Θεὸς,
1393 1225 1503 1295 μία
1548 1225 1775 1288 πίστις,

186 1326 257 1382 ἓν
269 1326 615 1397 βάπτισμα.
632 1324 726 1379 καὶ
742 1324 956 1394 ὀφεῖλον
972 1320 1263 1395 προσάπαξ
1286 1318 1545 1384 δίδοσθαι,
1571 1320 1779 1372 ἐπανα-

188 1420 461 1491 ληφθῆναι
512 1420 614 1473 οὐκ
673 1419 904 1485 ἔξεστιν,
959 1414 1502 1485 ἀναθεματιζομένου
1546 1412 1640 1466 τοῦ
1680 1413 1778 1482 τῆς

188 1512 401 1581 πλάνης
427 1511 710 1582 ὀνόματος,
743 1511 832 1565 διὰ
855 1510 958 1581 τῆς
990 1508 1288 1571 ἐπιθέσεως
1307 1507 1405 1578 τῆς
1429 1506 1606 1577 χειρὸς
1645 1507 1781 1559 ἁνα-

187 1603 452 1674 δεχθῶσιν
490 1605 571 1667 είς
592 1603 692 1674 τὴν
730 1601 863 1673 μίαν
885 1600 1238 1673 Ἐκκλησίαν,
1264 1600 1384 1667 τὴν,
1419 1598 1496 1662 ὡς
1541 1596 1777 1669 εἴρηται,

188 1696 520 1768 περιστερὰν
556 1696 648 1749 καὶ
677 1696 849 1766 μόνην
896 1694 1111 1766 μητέρα
1160 1692 1271 1746 τῶν
1289 1689 1635 1763 Χριστιανῶν
1668 1706 1682 1721 ·
1721 1692 1780 1744 ἐν

186 1783 220 1863 ᾖ
247 1790 429 1842 πάντα
455 1790 524 1841 τά
548 1788 868 1857 ἀγιάσματα
893 1785 1253 1857 σωτηριωδῶς
1280 1783 1479 1837 αίώνια
1514 1784 1607 1837 καὶ
1623 1782 1782 1848 ζωτι-

187 1883 258 1935 κά
286 1880 833 1953 παραλαμϐάνονται,
889 1878 1049 1933 ἅτινα
1087 1880 1213 1941 τοῖς·
1238 1877 1598 1948 ἐπιμένουσιν
1627 1876 1689 1928 ἐν
1712 1875 1777 1946 τῇ

188 1972 419 2043 αἱρέσει,
452 1970 699 2042 μεγάλην
725 1971 824 2041 τῆς
842 1968 1145 2038 καταδίκης
1180 1967 1281 2038 τὴν
1309 1966 1584 2037 τιμωρίαν
1616 1963 1772 2036 πορί-

184 2065 373 2130 ζουσιν
393 2080 406 2093 ·
437 2064 523 2118 ἴνα
572 2065 712 2135 ὅπερ
735 2059 800 2132 ἧν
828 2062 1013 2124 αὐτοῖς
1061 2062 1120 2114 ἐν
1157 2062 1224 2131 τῇ
1262 2059 1493 2132 ἀληθείᾳ
1512 2058 1648 2133 πρὸς
1674 2058 1778 2129 τὴν

182 2156 415 2210 αἰωνίαν
476 2155 622 2227 ζωὴν
673 2153 1070 2225 ἀκολουθητέον
1128 2152 1519 2223 φωτεινότερον
1544 2191 1561 2217 ,
1620 2150 1779 2204 τοῦτο

183 2248 416 2318 γένηται
468 2248 652 2311 αὐτοῖς
712 2248 773 2300 ἐν
820 2249 886 2317 τῇ
946 2245 1126 2319 πλάνῃ
1184 2245 1587 2315 σκοτεινότερον
1615 2282 1630 2308 ,
1684 2241 1779 2296 καὶ

186 2341 351 2394 πλέον
383 2338 936 2410 καταδεδικασμένον*
971 2339 1109 2408 ὅπερ
1138 2336 1280 2400 τινὲς
1310 2336 1531 2406 ἔφυγον,
1558 2335 1651 2389 καὶ
1679 2335 1779 2406 τῆς

197 2432 536 2503 Ἐκκλησίας
590 2431 693 2501 τῆς
765 2429 1062 2499 καθολικῆς
1122 2428 1329 2498 μητρὸς
1379 2429 1449 2480 τὰ
1509 2426 1779 2480 εὐθύτατα

186 2525 529 2593 ἐπιγνόντες,
565 2522 744 2578 πάντα
760 2523 1028 2578 ἐκεῖνατά
1063 2522 1197 2590 άγια
1226 2521 1523 2589 μυστήρια,
1571 2518 1780 2588 φίλτρῳ

184 2616 288 2686 τῆς
336 2617 594 2686 ἀληθείας
648 2614 978 2668 ἐπίστευσαν
1012 2613 1109 2667 καὶ
1155 2612 1505 2678 ὑπεδέξαντοσ
1540 2612 1652 2675 τοῖς
1686 2606 1778 2664 οὖν

183 2702 475 2766 τοιούτοις,
542 2702 673 2756 ὅταν
725 2700 927 2771 δοκιμὴ
981 2699 1222 2771 χρηστοῦ
1289 2699 1406 2770 βίου
1464 2698 1776 2765 προσέλθοι,

182 2792 578 2865 ἀναμφιϐόλως
615 2792 711 2847 καὶ
738 2791 940 2863 κλῆρος
971 2791 1108 2863 πρὸς
1140 2790 1444 2864 ὑπουργίαν
1472 2788 1581 2843 τῶν
1611 2788 1783 2858 ἁγίων

186 2886 751 2958 προσκυρωθήσεται·
783 2885 879 2938 καὶ
936 2884 1169 2955 μάλιστα
1199 2885 1257 2937 ἐν
1288 2884 1358 2954 τῇ
1385 2880 1623 2956 τοσαύτῃ
1672 2880 1783 2935 τῶν

185 2979 537 3049 πραγμάτων
571 2977 805 3047 ἀνάγκη.
835 2976 1011 3039 οὐδείς
1048 2978 1196 3029 ἐστιν
1221 2978 1249 3029 ό
1300 2974 1375 3047 μὴ
1398 2973 1561 3027 τοῦτο
1586 2989 1771 3045 παρα-

188 3065 581 3142 χωρῶνιείδέ
614 3085 755 3131 τινες
818 3067 911 3121 τοῦ
970 3066 1136 3122 αὑτοῦ
1183 3067 1453 3137 δόγματος
1507 3067 1783 3138 κληρικοὶ,

188 3164 337 3233 μετά
368 3161 464 3214 τοῦ
513 3160 750 3232 πλήθους
777 3162 873 3215 καὶ
904 3159 1013 3214 τῶν
1042 3160 1218 3231 τιμῶν
1246 3159 1428 3212 αὐτῶν
1470 3159 1607 3231 πρὸς
1637 3160 1785 3231 ἡμᾶς

1875 677 2094 719 omnem
2150 664 2347 717 animae
2397 678 2547 732 spent
2595 662 2971 718 constitutam.
3024 661 3351 735 Quanquam
3408 676 3464 721 et

1881 755 2264 811 haereticorum
2317 763 2651 825 praasumpta
2679 754 2932 821 audacia,
2961 755 3209 813 veritatis
3240 758 3466 812 nomine

1878 848 2126 916 palliata,
2157 847 2272 904 hazc
2303 847 2517 903 tradere
2548 846 2766 913 audeat,
2807 862 2930 917 quae
2956 848 3217 917 quoniam
3248 848 3466 919 simpli-

1878 939 1962 994 cia
1992 949 2137 1003 sunt,
2169 949 2229 995 ut
2280 948 2581 1009 praemonet
2619 940 2807 994 beatus
2864 940 3155 1008 Apostolus
3187 940 3420 997 dicendo
3442 956 3464 997 :

1897 1030 2045 1086 Unus
2072 1030 2234 1098 Deus,
2270 1047 2378 1086 una
2420 1031 2574 1101 ﬁdes,
2603 1047 2764 1085 unum
2793 1030 3058 1100 baptisma
3081 1032 3128 1066 ⁸⁷
3151 1049 3167 1099 ;
3192 1040 3247 1086 et
3279 1032 3465 1088 iterari

1879 1141 1990 1181 non
2044 1126 2228 1191 liceat,
2260 1126 2411 1196 quod
2445 1125 2613 1181 semel
2665 1124 2784 1179 dari
2814 1133 3053 1195 oportet,
3099 1125 3467 1181 anathemati-

1878 1227 2006 1274 zato
2033 1218 2263 1273 nomine
2310 1219 2519 1273 erroris
2566 1216 2903 1287 recipiantur
2932 1231 3028 1287 per
3058 1231 3258 1272 manus
3294 1216 3471 1287 impo-

1880 1309 2135 1366 sitionem
2172 1309 2224 1363 in
2254 1324 2417 1364 unam
2445 1308 2765 1376 Ecclesiam,
2795 1309 3132 1376 columbam,
3171 1316 3232 1363 ut
3261 1309 3468 1364 dictum

1879 1411 1982 1464 est,
2019 1409 2075 1456 et
2103 1416 2273 1456 unam
2301 1411 2528 1456 matrem
2576 1401 2822 1456 omnium
2863 1400 3328 1469 Christianorum,
3375 1401 3469 1456 ubi

1881 1496 2065 1551 omnia
2092 1495 2181 1551 illa
2211 1502 2554 1551 sacramenta
2581 1495 2894 1561 salubriter,
2926 1503 2981 1550 et
3008 1504 3231 1559 aeterna,
3274 1500 3330 1549 et
3386 1493 3470 1547 ri-

1881 1587 2063 1643 taliter
2089 1587 2434 1658 accipinntur
2466 1604 2479 1642 :
2515 1602 2638 1657 quae
2670 1586 3150 1657 perseverantibus
3191 1584 3246 1639 in
3273 1585 3467 1639 haeresi

1890 1694 2143 1750 magnam
2185 1678 2557 1735 damnationis
2600 1694 2821 1750 poenam
2854 1678 3204 1748 conquirunt,
3242 1677 3471 1747 utquod

1880 1780 1967 1827 est
1996 1772 2049 1827 in
2078 1772 2309 1827 veritate
2338 1772 2404 1827 ad
2429 1782 2689 1827 aeternam
2714 1770 2885 1826 vitam
2915 1769 3357 1840 consequendam
3383 1782 3474 1823 es-

1884 1875 1967 1920 set
1997 1864 2349 1929 luminosius,
2375 1864 2481 1920 hoc
2507 1865 2563 1919 in
2593 1879 2783 1920 errore
2822 1863 2894 1921 sit
2926 1864 3274 1920 tenebrosius
3300 1872 3466 1934 atque

1884 1959 2228 2016 damnosius.
2283 1958 2438 2026 Quod
2499 1958 2775 2029 fugientes
2830 1958 3117 2024 nonnulli,
3178 1966 3233 2014 et
3277 1958 3472 2015 matris

1888 2050 2153 2106 Ecclesia:
2179 2051 2347 2106 ubera
2380 2060 2797 2122 cognoscentes,
2817 2051 2911 2120 qui
2950 2051 3044 2106 illa
3073 2052 3257 2109 omnia
3281 2064 3473 2108 sancta

1885 2144 2145 2216 mysteria
2172 2157 2361 2198 amore
2383 2143 2632 2199 veritatis
2667 2143 3043 2210 crediderunt,
3093 2152 3258 2214 atque
3284 2160 3473 2215 perce-

1884 2243 2105 2306 perunt,
2164 2234 2368 2304 quibus
2427 2245 2913 2293 sacramentorum
2969 2238 3137 2294 rebus
3187 2254 3311 2293 cum
3353 2236 3476 2293 vitae

1888 2328 2047 2382 bona:
2078 2328 2324 2398 probitas
2369 2329 2690 2397 accesserit,
2742 2331 2862 2386 sine
2910 2331 3079 2387 dubio
3126 2329 3197 2386 ad
3236 2331 3473 2385 cilicium

1884 2419 2177 2475 clericatus
2227 2421 2363 2475 tales
2390 2436 2512 2477 esse
2575 2421 2954 2493 applicandos,
3002 2431 3057 2478 et
3110 2422 3349 2477 maxime
3416 2422 3473 2477 iu

1889 2520 2037 2567 tanta
2071 2527 2253 2567 rerum
2285 2514 2631 2581 necessitate,
2690 2515 2875 2571 nullus
2898 2525 2983 2571 est
3011 2515 3107 2585 qui
3141 2531 3249 2570 non
3279 2529 3478 2571 conce-

1888 2604 2000 2659 dat.
2023 2602 2349 2676 Quanquam
2379 2607 2632 2662 nonnulli
2665 2607 2911 2678 ejusdem
2943 2618 3106 2664 secta:
3144 2607 3327 2664 clerici
3348 2623 3474 2664 cum

1887 2698 2139 2770 plebibus
2169 2708 2335 2769 atque
2367 2700 2671 2756 honoribus
2698 2701 2814 2757 suis
2852 2701 2919 2757 ad
2946 2716 3045 2758 nos
3072 2701 3307 2757 transire
3332 2700 3479 2757 desi-

1891 2790 2086 2846 derent
2135 2791 2268 2861 :qui
2302 2806 2491 2847 amore
2550 2792 2779 2848 honoris
2810 2802 2903 2847 aut
2941 2793 3273 2864 persuadent
3298 2793 3365 2848 ad
3396 2791 3480 2847 vi-

1890 2898 2025 2949 tam,
2065 2894 2162 2941 aut
2198 2886 2437 2940 retinent
2467 2885 2533 2939 ad
2571 2886 2825 2942 salutem.
2862 2882 2969 2939 Sed
3004 2884 3108 2941 hoc
3137 2882 3332 2953 majori
3366 2881 3480 2937 fra-

1893 2992 2037 3036 trum
2094 2980 2538 3050 supradictorum
2605 2977 3035 3034 consitleratioui
3090 2975 3477 3033 dimittendum

1892 3087 2121 3137 censeo;
2156 3081 2214 3126 ut
2248 3070 2589 3143 prndentiori
2635 3086 2735 3126 suo
2767 3071 2997 3127 consilio
3045 3080 3247 3127 nostrae
3279 3086 3479 3143 sugge-

1894 3166 2059 3223 stioni
2086 3180 2397 3221 sermonem
2430 3180 2553 3219 cum
2598 3164 2760 3236 391
2793 3165 3177 3236 perpenderint
3198 3204 3213 3231 ,
3249 3164 3381 3235 quid
3410 3163 3481 3221 de

188 3254 478 3327 μετελθεῖν
530 3254 891 3326 ποθήσουσιν,
939 3253 1139 3316 οἵτινες
1170 3251 1249 3323 τῷ
1308 3252 1470 3327 ἔρωτι
1496 3254 1593 3323 τῆς
1623 3253 1784 3321 τιμῆς

1896 3260 1999 3313 hac
2034 3273 2093 3313 re
2128 3257 2210 3313 eis
2257 3256 2468 3328 placeat
2502 3272 2601 3313 nos
2648 3257 2948 3312 informare
2990 3256 3306 3329 dignentur.
3334 3256 3484 3311 Tan-

189 3347 626 3419 συμϐουλεύουσι
660 3346 795 3412 πρὸς
847 3346 1018 3415 ζωὴν,
1078 3343 1175 3397 καὶ
1199 3344 1492 3413 κατέχουσι
1516 3342 1652 3413 πρὸς
1679 3358 1783 3395 σω-

188 3439 419 3510 τηρίαν,
471 3439 607 3493 ἀλλὰ
647 3438 811 3493 τοῦτο
844 3435 1243 3493 καταλειπτέον
1280 3436 1451 3507 κρίνω
1474 3437 1539 3506 τῇ
1579 3434 1788 3505 μείζονι

190 3537 551 3602 κατανοήσει,
580 3533 973 3604 ψηφισομένων
1002 3530 1130 3585 ’τῶν
1181 3529 1593 3601 προλεχθέντων
1629 3527 1790 3582 ἀδελυ

192 3626 341 3695 φῶν,
385 3626 473 3680 ἵνα
500 3630 567 3699 τῇ
602 3628 947 3698 συνετωτέρᾳ.
978 3624 1160 3680 αὐτῶν
1190 3622 1353 3695 βουλῇ
1384 3622 1482 3692 τῆς
1510 3622 1790 3694 ἡμετέρας

188 3720 480 3789 ἀναφορᾶς
503 3722 594 3774 τὸν
623 3721 779 3789 λόγον
808 3718 1101 3788 διαγνῶσιν
1121 3734 1134 3749 υ
1182 3717 1278 3770 καὶ
1312 3716 1458 3786 ἡμᾶς
1490 3714 1790 3786 βεϐαιῶσαι

1891 3360 2004 3405 tum
2056 3348 2235 3405 dehis
2277 3350 2370 3418 qui
2408 3348 2645 3403 infantes
2675 3348 2936 3419 baptizati
2968 3357 3125 3415 sunt,
3156 3348 3480 3418 satagimus,

1893 3449 1952 3493 ut
1986 3450 2210 3505 nostrae,
2262 3440 2307 3494 si
2336 3440 2532 3509 placet,
2566 3439 2621 3493 in
2656 3439 2850 3495 iisdem
2886 3439 3209 3497 ordinandis
3251 3455 3485 3496 consen-

1894 3532 2033 3587 tiant
2064 3531 2354 3587 voluntati.
2390 3529 2584 3585 Omnia
2615 3545 2746 3601 ergo
2780 3546 2904 3601 qua:
2927 3532 3182 3601 superius
3229 3545 3483 3602 compre-

1896 3626 2188 3682 hendimus
2249 3625 2390 3695 apud
2421 3633 2642 3679 sanctos
2705 3625 3033 3696 episcopos,
3091 3624 3302 3696 agenda
3357 3641 3483 3682 esse

1896 3732 2111 3771 mecum
2156 3716 2496 3771 honorabilis
2529 3713 2846 3769 fraternitas
2886 3726 3067 3770 vestra
3100 3715 3419 3785 perpendat.

190 3807 654 3874 καταξιώσωσιν,
714 3810 795 3873 είς
847 3808 909 3860 τὸ
963 3805 1180 3877 ὀφεῖλον
1237 3804 1369 3875 περὶ
1424 3803 1616 3857 τούτου
1682 3802 1779 3858 τοῦ
1855 3808 2182 3877 πράγματος
2240 3806 2374 3876 παρ’
2425 3804 2584 3876 ἡμῶν
2634 3803 2997 3876 τυπωθῆναι·
3036 3805 3197 3876 μόνον
3230 3805 3287 3859 δὲ
3350 3802 3484 3877 περὶ

188 3899 307 3952 τῶν
345 3902 405 3953 ἐν
434 3900 723 3971 νηπιότητι
782 3897 1215 3969 βαπτισθέντων,
1253 3892 1595 3964 ἀρκούμεθα,
1628 3895 1718 3948 ἵνα
1744 3896 1792 3949 εί
1829 3895 2055 3965 ἀρέσκει
2086 3895 2290 3962 αὐτοῖς,
2362 3898 2430 3967 τῇ
2495 3896 2744 3969 ἡμετέρᾳ
2774 3897 3133 3952 συναινέσωσι
3165 3898 3486 3971 προαιρέσει

192 3997 331 4065 περὶ
382 3993 479 4046 τοῦ
537 3990 967 4063 χειροτονεῖσθαι
1020 3986 1284 4049 τούτους·
1347 3986 1527 4039 πάντα
1581 3986 1763 4039 τοίνυν
1792 3986 1828 4041 ἃ
1866 3987 2127 4056 ἀνωτέρω
2199 3990 2589 4061 συνηγάγομεν
2635 3989 2792 4062 παρά
2836 3993 2951 4055 τοῖς
2989 3992 3312 4061 ἁγιωτάτοις
3356 3993 3486 4047 ἐπι-

201 4087 435 4148 σκόποις
494 4085 745 4154 πρακτέα
777 4080 917 4135 εἶναι
975 4080 1176 4134 δικαιοῖ
1207 4079 1326 4150 ἃμα
1363 4079 1488 4149 ἐμοὶ
1515 4080 1549 4151 ἡ
1574 4077 1792 4149 ἔντιμος
1832 4080 1986 4151 ὑμῶν
2020 4080 2339 4152 ἀδελφότης.

269 4182 417 4251 Περὶ
458 4181 566 4233 τοῦ
618 4178 759 4245 τοὺς
783 4177 1112 4245 κληρικοὺς
1153 4175 1273 4231 τῶν
1326 4173 1800 4229 Δονατιστῶνέν

198 4272 281 4342 τῷ
347 4272 552 4340 κλήρῳ
593 4269 696 4340 τῆς
730 4269 1059 4339 ωθολικῆς
1107 4269 1469 4338 Ἑκκλησίας
1506 4266 1795 4338 ἀναδέχεσ-

192 4370 368 4422 σθαι.

274 4460 381 4531 ξην.
410 4459 497 4521 Ἐς
534 4456 762 4526 ὕστερον
785 4456 1005 4527 ἡρεσεν,
1047 4454 1137 4509 ἴνα
1162 4453 1467 4526 γράμματα
1499 4454 1794 4526 πεμφθῶσι

199 4552 344 4624 πρὸς
382 4550 508 4613 τοὺς
563 4547 827 4616 ἀδελφοὺς
852 4547 949 4603 καὶ
1004 4549 1441 4611 συνεπισκόπους
1468 4547 1649 4619 ἡμῶν,
1692 4548 1787 4601 καὶ

1971 4178 2039 4234 Ut
2107 4179 2289 4234 clerici
2360 4164 2764 4235 Donatistarum
2815 4180 2873 4234 in
2924 4180 3167 4235 Ecclesia
3222 4181 3486 4238 catholica

1898 4272 2262 4343 suscipiantur
2299 4272 2356 4325 iit
2391 4272 2553 4326 clero.

1965 4455 2053 4512 68.
2088 4455 2293 4512 Deinde
2319 4456 2524 4526 placuit
2546 4456 2618 4523 ”,
2648 4466 2705 4511 ut
2729 4456 2923 4511 litterae
2949 4455 3235 4511 mittantur
3257 4457 3324 4511 ad
3362 4456 3481 4512 fra-

1894 4559 2006 4604 tres
2055 4558 2110 4604 et
2138 4549 2493 4619 coepiscopos
2549 4557 2787 4615 nostros,
2823 4557 2875 4604 et
2923 4550 3161 4605 maxime
3188 4551 3256 4605 ad
3299 4550 3483 4606 sedem

203 4644 453 4704 μάλιστα
498 4640 636 4713 πρὸς
664 4640 762 4711 τὴν
791 4639 1159 4712 ἀποστολικὴν
1188 4641 1481 4712 καθέδραν,
1506 4644 1565 4695 ὲν
1655 4659 1784 4713 προ-

1897 4642 2279 4710 apostolicam.
2329 4642 2383 4695 in
2415 4657 2522 4712 qua
2550 4642 2810 4712 praesidet
2839 4652 3180 4699 memoratus
3203 4643 3485 4698 venerabi-

198 4736 447 4805 κάθήτάι
479 4733 508 4785 ό
555 4731 951 4803 μνημονευθεὶς
1000 4733 1375 4804 προσκυνητὸς
1437 4732 1670 4803 ἁδελφὸς
1693 4735 1790 4788 καὶ

201 4827 622 4898 συλλειτουργδς
673 4826 834 4897 ἡμῶν
875 4825 1253 4891 ’Δναστάσιος,
1284 4827 1474 4898 ἐπειδὴ
1526 4827 1790 4896 γινώσκει

198 4925 305 4996 τὴν
349 4921 638 4992 Ἀφρικὴν,
695 4919 940 4991 μεγάλην
989 4919 1133 4988 ἔχειν
1187 4920 1468 4990 ἀνάγκηνο
1528 4921 1666 4975 ὥστε
1704 4922 1793 4977 διὰ

199 5018 306 5087 τὴν
331 5015 435 5082 τῆς
477 5012 802 5082 Ἐκκλησίας
843 5012 1071 5082 εἰρήνην
1121 5012 1216 5064 καὶ
1252 5013 1653 5083 χρησιμότητα,
1698 5016 1794 5067 καὶ

203 5108 393 5164 αὐτῶν
446 5107 554 5160 τῶν
605 5105 941 5160 Δονατιστῶν
1008 5106 1204 5169 οἵτινες
1258 5106 1457 5176 δήποτε
1516 5106 1792 5179 κληρικοὶ,

204 5201 602 5274 ὁιορθουμένης
625 5199 722 5270 τῆς
759 5198 957 5270 βουλῆς
1015 5198 1152 5269 πρὸς
1198 5196 1297 5269 τὴν
1354 5198 1649 5271 καθολικὴν
1678 5200 1796 5253 ένό-

206 5312 351 5365 τητα
385 5290 665 5362 μετελθεῖν
716 5289 1002 5362 θελήσαιεν
1026 5330 1040 5354 ,
1079 5290 1218 5341 κατά
1242 5288 1338 5359 τὴν
1388 5289 1507 5352 ἑνὸς
1564 5291 1796 5344 ἑκάστου

209 5384 508 5441 καθολικοῦ
568 5384 870 5437 ἐπισκόπου
914 5382 1264 5452 προαίρεσιν,
1317 5383 1414 5435 καὶ
1455 5382 1653 5454 βουλὴν
1704 5383 1795 5436 τοῦ

213 5480 368 5551 ἐντῷ
398 5477 548 5549 αὑτῷ
604 5478 754 5547 τόπῳ
786 5475 1159 5548 κυϐερνῶντος
1185 5476 1284 5545 τὴν
1320 5475 1671 5546 Ἐκκλησίαν,
1702 5476 1797 5530 ἐὰν

211 5570 373 5625 τοῦτο
426 5568 833 5641 συμϐάλλεσθαι
882 5570 949 5637 τῇ
1011 5566 1119 5619 τῶν
1194 5568 1534 5636 Χριστιανῶν
1610 5568 1800 5638 εἰρήνῃ

216 5660 436 5732 φανείη,
472 5663 530 5714 ὲν
552 5664 671 5721 ταῖς
722 5660 882 5721 ἰδίαις
930 5660 1117 5727 τιμαῖς
1168 5659 1364 5721 αὐτοὺς
1420 5658 1799 5729 ἀναδεχθῆναιο

1899 4734 1967 4790 lis
2002 4734 2170 4789 frater
2199 4732 2253 4789 ét
2283 4735 2490 4805 collega
2526 4744 2710 4789 noster
2741 4734 3088 4801 Anastasius,
3132 4751 3243 4806 quo
3271 4738 3485 4791 noverit

1901 4829 2099 4883 habere
2144 4827 2384 4883 Africam
2414 4843 2663 4900 magnam
2701 4828 3104 4891 necessitatem,
3134 4838 3355 4899 propter
3381 4829 3484 4883 Ec-

1900 4921 2077 4976 clesia:
2132 4936 2322 4991 pacem
2380 4931 2433 4976 et
2479 4921 2767 4976 utilitatem
2799 4939 2813 4975 :
2845 4930 2903 4976 ut
2932 4930 2986 4976 et
3014 4920 3178 4993 [forte
3208 4920 3296 4993 ex]
3349 4921 3484 4990 ipsis

1902 5012 2222 5078 Donatistis,
2297 5014 2611 5084 quicunque
2640 5013 2821 5069 clerici
2872 5022 3123 5068 correcta
3157 5012 3391 5067 consilio
3414 5013 3485 5069 ad

1901 5107 2227 5161 catholicam
2255 5106 2517 5160 unitatem
2569 5106 2803 5161 transire
2839 5104 3143 5170 voluerint,
3182 5106 3482 5160 secundum

1903 5199 2338 5269 uniuscujusque
2375 5198 2617 5268 episcopi
2650 5199 2905 5254 catholici
2940 5198 3271 5254 voluntatem
3319 5207 3485 5270 atque

1904 5291 2215 5354 consilium,
2259 5291 2349 5359 qui
2374 5292 2427 5345 in
2461 5292 2652 5347 eodem
2687 5292 2807 5347 loco
2833 5294 3098 5361 gubernat
3134 5291 3431 5348 Ecclesiatn
3470 5310 3483 5347 :

1907 5383 1951 5438 si
1976 5382 2080 5436 hoc
2118 5383 2237 5453 paci
2275 5382 2604 5439 Christianae
2653 5384 2914 5454 prodesse
2961 5384 3138 5438 visum
3182 5383 3377 5447 fuerit,
3426 5385 3480 5437 in

1907 5476 2021 5531 suis
2048 5476 2350 5532 honoribus
2384 5478 2756 5546 suscipiantur
2782 5517 2797 5542 ,
2852 5478 2995 5531 sicut
3028 5477 3307 5547 prioribus
3340 5476 3487 5546 ejus-

1906 5568 2026 5621 dem
2065 5568 2353 5623 divisiOnis
2389 5568 2723 5638 temporibus
2746 5566 2947 5622 factum
2979 5583 3101 5624 esse
3134 5568 3483 5622 manifestum

1908 5668 2013 5714 est.
2036 5661 2191 5727 Quod
2221 5661 2515 5716 multarum
2552 5670 2605 5716 et
2632 5677 2768 5731 pene
2810 5662 3057 5716 omnium
3098 5659 3483 5717 Africanarum

217 5752 403 5817 καθὼς
431 5754 523 5806 καὶ
552 5754 609 5805 ἐν
638 5751 747 5815 τοῖς
769 5749 1100 5822 προλαϐοῦσι
1130 5752 1341 5821 χρόνοις
1362 5752 1486 5823 περὶ
1510 5751 1609 5822 τῆς
1633 5751 1784 5823 αὐτῆς

1914 5753 2307 5821 Ecclesiarum,
2364 5755 2420 5809 in
2475 5753 2675 5825 quibus
2725 5753 2848 5809 talis
2889 5769 3044 5810 error
3103 5762 3325 5810 exortus
3361 5759 3483 5816 est,

291 5932 337 5964 ⁸⁷
375 5930 576 6002 Ephes.
602 5939 674 5992 tv,
708 5926 760 5984 5.
836 5928 883 5963 ’³
907 5926 1079 5984 Cone.
1110 5926 1280 5985 Afric.
1316 5945 1363 5986 c.
1406 5928 1493 5986 '55.
