3870 6290
543 390 659 457 879
1722 382 1984 444 PIIOTII
2015 382 2519 446 PATBIARCH/E
2556 330 2681 446 CP:
3680 400 3767 465 330

543 504 792 574 exempla
846 504 1114 555 testantur
1169 515 1182 551 :
1236 512 1343 553 non
1408 506 1467 552 ut
1524 498 1816 552 concilium
1866 497 2018 569 quod
2069 516 2071 551 ;

2241 498 2569 563 Βιαστάσεως
2623 498 2883 569 γενέσθαι
2935 498 3168 571 φανερόν
3217 498 3398 552 ἔστιν’
3441 498 3570 569 ὅπερ
3591 503 3769 561 πολλῶν

542 593 925 653 transmarinis
946 592 1189 663 partibus
1218 589 1285 645 de
1310 576 1506 644 hac‘re
1539 587 1741 645 factum
1776 598 1880 656 est,
1915 587 2067 644 disso

2240 593 2325 645 καὶ
2357 592 2542 663 σχεδὸν
2598 593 2806 655 πασῶν,
2834 592 2942 646 τῶν
2964 592 3023 645 ὲν
3077 594 3142 663 τῇ
3180 592 3413 663 Ἀφρικῇ
3450 593 3768 665 Ἐκκλησιῶν,

542 701 702 745 vatur
724 705 742 752 ς
767 690 859 743 sed
876 696 931 740 nt
950 686 1079 739 illud
1109 684 1479 738 maneatcirca
1492 696 1585 737 eos
1597 682 1688 751 qui
1712 682 1791 737 sic
1807 680 2039 735 transire
2059 695 2070 735 ι

2244 684 2292 735 ἓν
2321 678 2405 747 αῖς
2444 686 2476 755 η
2510 685 2735 755 τοιαύτη
2778 684 2951 755 πλάνη
3000 683 3235 755 ἀνεφύη,
3289 684 3357 737 τὰ
3399 685 3772 758 παραδείγματα

544 784 868 839 catholicam
901 778 1201 833 Ecclesimn
1229 777 1414 830 volunt
1434 784 1492 830 ut
1514 775 1658 829 nulla
1681 790 1771 845 per
1788 790 1883 830 eos
1902 774 2072 829 unitat

2245 778 2609 848 μαρτύρονται
2631 792 2643 805 ·
2680 778 2781 848 οὐχ
2838 777 2924 831 ἴνα
2954 778 2986 847 ἡ
3021 777 3239 840 σύνοδος
3268 778 3302 847 ἡ
3338 778 3393 829 ὲν
3424 780 3535 841 τοῖς
3561 796 3773 851 περαμα-

543 871 793 928 concisio
818 863 1284 940 procuretur.Pcr
1303 878 1442 934 quos
1466 874 1645 917 autem
1678 861 1763 916 vel
1793 860 1943 917 omni
1962 874 2071 915 mor

2247 869 2419 937 rtxoig‘
2466 867 2660 937 μέρεσι
2688 868 2818 938 περί
2839 868 3030 923 τούτου
3076 866 3170 922 τοῦ
3197 869 3521 940 πράγματος
3548 874 3775 947 γενομένη

545 963 754 1032 perﬁci,
793 958 878 1015 vel
928 956 1173 1028 adjuvari
1221 954 1383 1025 392
1419 952 1727 1008 manifestis
1761 950 2067 1006 fraternam

2250 958 2479 1031 Βιαλυθῇ,
2533 960 2651 1013 ἀλλ’
2704 961 2792 1015 ἴνα
2843 963 3021 1015 ὲκεῖνο
3078 961 3241 1035 μείνῃ
3299 962 3430 1033 περὶ
3467 964 3588 1025 τοὺς
3637 962 3778 1031 οὕτως

542 1059 853 1113 animarum
878 1051 1047 1107 lucris
1070 1050 1345 1104 catholica
1378 1046 1562 1102 unitas
1596 1046 1652 1100 in
1682 1045 1815 1101 locis
1843 1044 1898 1099 in
1926 1045 2070 1114 quibi

2250 1051 2515 1106 ιετελθεῖν
2563 1052 2701 1124 πρὸς
2729 1052 2828 1124 τὴν
2859 1051 3158 1126 καθολικὴν
3193 1051 3522 1125 Ἐκκλησίαν
3555 1053 3778 1127 βουλομέ-

544 1146 892 1220 degunt,visa
926 1142 1111 1207 fuerit,
1140 1156 1245 1195 non
1269 1140 1350 1194 eis
1372 1138 1539 1206 obsit,
1571 1137 1716 1206 quod
1740 1148 1931 1192 contra
1958 1136 2072 1190 hom

2251 1161 2357 1209 ρους
2376 1161 2391 1176 ο
2419 1144 2562 1199 ὥστε
2599 1144 2869 1217 μηδεμίαν
2916 1146 3011 1199 ὲπί
3041 1144 3249 1200 τούτων
3278 1147 3378 1215 τῆς
3408 1145 3650 1216 ὲνότητος
3680 1164 3779 1201 συν-

543 1254 632 1295 res
670 1252 881 1304 eorum,
922 1235 1175 1306 quamvis
1223 1234 1375 1289 salus
1409 1233 1545 1287 nulli
1594 1232 1887 1286 interclusa
1928 1231 2071 1294 sit,‘

2252 1235 2427 1304 τομίαν
2481 1238 2971 1309 περιεργάζεσθαι,
3001 1238 3071 1292 δι’
3098 1230 3175 1293 ὧν
3207 1238 3265 1291 δὲ
3295 1238 3463 1292 παντὶ
3521 1238 3688 1310 τρόπῳ
3707 1240 3780 1293 ὲκ-

544 1329 913 1385 transmarino
952 1326 1187 1382 concilio
1221 1334 1484 1381 statutum
1527 1332 1635 1386 est,
1666 1323 1718 1377 id
1751 1332 1853 1387 est,
1890 1330 1950 1376 ut
1975 1320 2071 1375 0rd

2254 1326 2574 1399 ςελεσθῆναι,
2600 1330 2634 1400 ἡ
2667 1327 2935 1400 καθολικὴ
2979 1328 3171 1401 ἑνότης
3224 1328 3448 1400 φανερῷ
3481 1329 3653 1398 κέρδει
3698 1332 3782 1385 τῶν

543 1421 657 1475 nati
688 1421 741 1474 in
772 1428 929 1489 parte
956 1418 1149 1473 Donati
1188 1418 1231 1471 si
1255 1415 1323 1470 ad
1356 1414 1683 1469 catholicam
1717 1412 1950 1469 correcti
1973 1420 2071 1467 trat

2253 1417 2538 1486 ἰδελφικῶν
2565 1418 2753 1490 ψυχῶν
2783 1420 3004 1491 φανείη,
3036 1422 3094 1473 ὲν
3124 1422 3237 1484 τοῖς
3260 1420 3452 1483 τόποις
3474 1413 3555 1482 οἷς
3573 1419 3781 1489 διάγουσι

541 1513 652 1567 sire
695 1512 988 1574 voluerint,
1023 1524 1132 1565 non
1180 1508 1551 1578 suscipiantur
1588 1507 1641 1561 in
1676 1504 1979 1561 honoribus
2014 1519 2069 1561 su

2253 1505 2311 1577 ιὴ
2344 1508 2643 1580 ὲμποδίσῃς
2698 1510 2911 1574 τούτοις
2939 1511 2999 1565 τὸ
3024 1511 3242 1581 ὁρισθὲν
3305 1510 3453 1564 κατὰ
3481 1511 3585 1563 τῶν
3635 1512 3781 1580 τιμῶν

544 1605 847 1661 secundum
882 1602 1309 1658 transmarinum
1362 1599 1655 1655 concilium
1692 1616 1706 1653 :
1750 1598 1847 1654 sed
1888 1607 2072 1668 except

2254 1596 2413 1651 ιύτῶν
2432 1598 2490 1652 ἐν
2520 1602 2587 1670 τῆ
2612 1602 2969 1675 περαματικῇ
3004 1599 3239 1670 συνόδῳ’
3266 1599 3477 1653 ὁπόταν
3504 1597 3561 1651 τὸ
3586 1597 3782 1668 σωθῆναι

544 1697 653 1763 his,
689 1713 785 1768 per
822 1711 963 1767 quos
990 1694 1272 1749 catholica:
1302 1690 1493 1745 unitati
1517 1688 1847 1745 consulitur.

2257 1688 2411 1743 ιύδενί
2458 1691 2738 1764 προσώπῳ
2791 1693 3251 1749 ἁποκέκλεισταιο
3307 1690 3587 1746 τουτέστιν
3644 1692 3721 1746 ίνα
3745 1692 3785 1746 οἰ

543 1791 1015 1864 χειροτονηθέντες
1049 1790 1107 1842 ὲν
1150 1786 1229 1859 τῷ
1283 1785 1394 1841 τῶν
1444 1784 1785 1840 Δονατιστῶν
1833 1783 2013 1856 μέρει,
2078 1782 2173 1838 ἐὰν
2212 1785 2353 1857 πρὸς
2395 1787 2494 1859 τὴν
2542 1789 2835 1861 καθολικὴν
2901 1788 3121 1844 σύνοδον
3177 1790 3253 1861 μὴ
3305 1788 3566 1859 δεχθῶσιν
3621 1788 3673 1843 ὲν
3692 1792 3785 1855 ταῖς

544 1886 776 1949 οἰκείαις
826 1884 1032 1956 τιμαῖς,
1058 1880 1195 1934 ἀλλὰ
1226 1878 1425 1950 μᾶλλον
1455 1872 1600 1932 οὗτοι
1637 1876 2036 1951 προσδεχθῶσι,
2068 1877 2135 1932 δι’
2168 1870 2245 1933 ὧν
2265 1882 2331 1952 τῇ
2360 1880 2625 1955 καθολικῇ
2653 1883 2867 1954 ἑνότητι
2905 1883 3117 1953 γίνεται
3155 1884 3408 1954 πρόνοια.

1119 1974 1312 2027 Basilii
1340 1989 1505 2026 canon
1536 1973 1585 2026 1.
2162 1980 2204 2034 Β

2162 1980 2204 2034 Β
2702 1976 3034 2031 Βασιλείου
3070 1974 3275 2029 κανὼν
3299 1971 3370 2028 α’.

619 2070 672 2125 1.
705 2066 861 2135 Quod
897 2066 1061 2137 igitur
1092 2064 1161 2119 ad
1181 2065 1450 2119 Catharos
1474 2065 1727 2133 pertinet,
1758 2068 1892 2127 etc.,
1925 2070 1981 2114 ut
2011 2076 2134 2130 pag.

2315 2063 2387 2121 α’.
2416 2065 2489 2120 Τὸ
2504 2065 2603 2138 μὲν
2616 2061 2709 2123 οὖν
2732 2068 2860 2140 περὶ
2883 2069 3008 2132 τοὺς
3035 2066 3326 2138 Καθαροὺς
3359 2066 3603 2138 ζήτημα,
3621 2082 3669 2121 κ.
3687 2082 3730 2122 τ.
3748 2066 3785 2123 λ.

560 2158 687 2214 866.

616 2249 891 2323 Pepuzeni
921 2264 1075 2321 ergo,
1109 2257 1241 2316 etc.,
1268 2256 1325 2301 ut
1354 2264 1477 2318 pag.
1514 2244 1642 2301 866.

2318 2254 2383 2309 Οί
2409 2254 2590 2309 τοίνυν
2617 2255 2981 2326 Πεπουζηνοί,
3012 2273 3068 2312 κ.
3093 2272 3146 2311 τ.
3178 2255 3228 2312 λ.

618 2342 843 2400 Calliari
883 2347 1033 2405 sunt,
1062 2347 1193 2407 etc.,
1234 2348 1289 2391 ut
1324 2354 1446 2407 pag.
1485 2336 1611 2392 867.

1491 2336 1611 2392 867.
2312 2346 2378 2401 Οί
2409 2348 2464 2401 δὲ
2497 2349 2765 2419 Καθαροί,
2793 2366 2848 2404 κ.
2880 2367 2932 2404 τ.
2968 2349 3019 2405 λ.

806 2426 1079 2497 Theophili
1121 2441 1185 2481 ex
1226 2425 1653 2490 commouitorio,
1677 2440 1795 2492 cap.
1833 2421 1885 2476 I.

2385 2442 2682 2511 Θεοφίλου
2714 2443 2783 2497 ἐκ
2815 2441 2921 2497 τοῦ
2961 2440 3426 2513 ὑπομνηστικοῦ
3467 2458 3598 2513 κεφ.
3622 2440 3683 2496 α’.

651 2526 705 2580 I.
764 2523 841 2579 De
912 2524 981 2578 iis
1042 2520 1137 2592 qui
1197 2519 1418 2574 Arianis
1484 2518 2031 2573 communicaverunt
2084 2524 2140 2571 et

2312 2537 2384 2589 α’.
2414 2534 2553 2605 Περί
2614 2533 2721 2589 τῶν
2754 2534 3202 2606 κοινωνησάντων
3223 2536 3338 2598 τοῖς
3374 2528 3682 2605 Ἀρειανοῖς,
3720 2535 3793 2588 καὶ

542 2620 829 2676 Ecclesias
868 2617 976 2673 huc
1008 2631 1183 2686 usque
1205 2615 1469 2681 detinent,
1522 2624 1581 2668 ιιι
1604 2630 1662 2669 se
1712 2612 1877 2668 habet
1900 2627 2070 2667 consu

2250 2623 2409 2696 μέχρι
2438 2625 2535 2679 τοῦ
2581 2626 2677 2680 νῦν
2716 2627 2816 2691 τὰς
2852 2624 3182 2699 Ἐκκλησίας
3222 2626 3586 2697 κατεχόντων,
3621 2627 3688 2691 ὡς
3710 2626 3778 2681 ἑθε

552 2714 707 2779 tudo,
754 2710 849 2766 ﬁat
881 2731 898 2779 -,
942 2709 1017 2764 ita
1051 2716 1231 2763 tamen
1268 2715 1327 2762 ut
1383 2706 1475 2760 alii
1507 2706 1932 2771 constituantur,
1956 2704 2080 2775 quii

2266 2718 2301 2771 ’ὸ
2329 2717 2448 2783 ἔθος
2476 2718 2710 2789 γινέσθω
2731 2733 2746 2749 ⁶
2777 2717 2922 2773 οὓτω
2944 2720 3148 2791 μέντοι,
3199 2719 3343 2775 ὥστε
3386 2718 3610 2792 ἑτέρους
3636 2706 3794 2774 κατα-⁸

551 2804 882 2863 orthodoxia
932 2801 1313 2866 testiﬁcentur,
1374 2807 1430 2855 et
1481 2798 1555 2852 illi
1616 2804 1991 2868 permaneant.
2040 2794 2079 2850 ll

2267 2812 2430 2883 ’τῆναι
2482 2814 2965 2884 μαρτυρουμένους
2987 2814 3046 2866 ὲν
3076 2812 3361 2885 ὀρθοδοξίᾳ
3385 2812 3671 2877 κάκείνους
3696 2811 3795 2867 ἀλί-

551 2915 771 2970 quoque
815 2898 888 2952 ita
922 2894 1274 2965 dispensatis,
1326 2902 1387 2948 ut
1427 2893 1551 2949 aliis
1577 2892 1804 2949 urbibus
1844 2893 2078 2949 orthodo

2266 2904 2437 2967 ζεσθαι
2464 2922 2478 2935 σ
2516 2904 2691 2969 οὕτως
2744 2906 3219 2976 οἰκονομουμένων
3251 2904 3351 2959 καὶ
3376 2904 3611 2969 τούτων,
3641 2902 3794 2974 ὥσπερ

556 2995 610 3047 in
663 2989 944 3045 Thebaide
994 2986 1235 3057 episcopi
1278 2979 1545 3051 fecerunt,
1596 2985 1691 3056 qui
1750 2986 1819 3041 ab
1870 2986 2084 3055 episcop

2266 2999 2338 3051 ιαί.
2363 2999 2420 3051 ὲν
2453 3002 2577 3062 ταῖς
2606 2998 2796 3062 ἄλλαις
2822 2998 3013 3051 πόλεσι
3040 3000 3415 3070 πεποιήκασιν
3444 3000 3493 3051 οί
3517 2998 3574 3051 ὲν
3605 2996 3794 3067 Θηϐαΐδι

556 3083 806 3153 Apolline
865 3080 1171 3142 constituti,
1234 3087 1288 3133 et
1325 3078 1420 3149 qui
1457 3093 1583 3134 cum
1614 3078 1836 3135 Arianis
1858 3079 2084 3135 Ecclesi:

2267 3087 2519 3159 i90650€0t
2553 3088 2869 3153 ἐπίσκοποι,
2901 3090 2952 3143 οἰ
2975 3090 3341 3152 καταστάντες
3368 3089 3528 3159 παρὰ
3569 3087 3795 3141 Ἀπόλλω-

558 3175 888 3230 habentibus
943 3170 1436 3239 communicantes,
1486 3173 1819 3243 puniantur;
1850 3170 1897 3227 si
1925 3172 2086 3238 quide

2268 3197 2336 3244 νος
2356 3180 2451 3234 τοῦ
2474 3182 2801 3249 ἐπισκόπου,
2830 3182 2921 3236 καί
2945 3182 3373 3252 κοινωνήσαντες
3396 3184 3513 3246 τοῖς
3535 3180 3701 3251 ἔχουσι
3722 3180 3796 3241 τὰς

556 3268 802 3336 ipsorum
855 3262 1134 3331 voluntate
1194 3264 1300 3316 hoc
1345 3259 1641 3329 fecerunt;
1680 3262 1766 3315 sin
1798 3270 1980 3315 autem
2011 3275 2084 3331 pri

2266 3272 2585 3343 Ἐκκλησίας
2626 3274 2923 3346 ’Δρειανοῖς
2954 3272 3407 3345 ὲπιτιμὰσθωσαν
3473 3275 3530 3328 εί
3554 3292 3613 3343 γε
3640 3273 3794 3343 γνώμῃ

556 3360 676 3431 prio
710 3359 971 3428 episcOpo
1031 3353 1377 3420 obedierunt,
1418 3363 1795 3424 permaneant,
1848 3355 1951 3410 etsi
1997 3354 2143 3424 quod
2174 3360 2216 3419 C
2249 3365 2431 3419 αὐτῶν
2478 3368 2817 3438 πεποιήκασι
2862 3366 3050 3421 τοῦτο·
3110 3368 3159 3420 εἰ
3203 3366 3261 3420 δὲ
3312 3367 3550 3437 ὑπήκοοι
3586 3366 3797 3435 γεγόνασι

555 3455 766 3522 justum
819 3459 906 3505 est
957 3462 1066 3503 non
1107 3446 1381 3500 noverint.
1449 3444 1519 3500 Et
1568 3446 1617 3501 si
1664 3460 1857 3501 omnes
1918 3446 2083 3516 quide

2268 3457 2329 3528 τῷ
2358 3458 2544 3529 οἰκείῳ
2564 3460 2871 3531 ὲπισκόπῳ,
2903 3458 3297 3525 ωιζὲσθωσαν,
3316 3459 3393 3525 ὡς
3426 3459 3506 3533 μὴ
3535 3460 3796 3530 ἐπεγνωκὸ-

558 3542 743 3616 p0puli
781 3556 879 3597 eos
934 3554 1060 3595 cum
1121 3537 1244 3592 aliis
1302 3537 1576 3608 rejiciant,
1630 3538 1721 3592 alii
1772 3538 2086 3593 ordinentur

2267 3570 2343 3616 ιες
2364 3552 2428 3606 τὸ
2460 3551 2684 3623 εὔλογον
2703 3569 2717 3583 ⁸
2775 3553 2869 3606 καὶ
2899 3555 2948 3607 εἰ
2981 3553 3080 3625 μὲν
3136 3553 3339 3617 πάντες
3368 3556 3418 3608 οἰ
3447 3554 3574 3608 λαοὶ
3613 3554 3795 3615 τούτους

558 3644 643 3695 sin
675 3646 856 3692 autem
908 3646 1004 3688 eos
1056 3632 1295 3687 retinent
1318 3646 1445 3686 cum
1504 3631 1611 3686 illis
1659 3630 1861 3701 quibus
1893 3644 2086 3685 comml

2266 3646 2642 3701 ιποποιοῦνται
2700 3648 2841 3717 μετὰ
2871 3648 2980 3702 τῶν
3022 3647 3220 3715 ἄλλων,
3284 3647 3470 3719 ἕτεροι
3519 3647 3794 3719 χειροτονεῖ·

558 3732 836 3793 nicarunt,
871 3726 907 3780 ii
932 3738 1153 3796 quoque
1191 3739 1312 3779 eam
1367 3725 1823 3780 consuetudinem
1855 3725 2086 3794 experiai

2264 3740 2503 3794 rOwaaV'
2567 3743 2615 3795 εἰ
2648 3740 2707 3794 δὲ
2734 3741 3138 3795 ἀντιποιοῦνται
3179 3738 3361 3795 αὐτῶν
3432 3740 3558 3811 μετ’
3612 3739 3792 3794 ἐκείνου

561 3835 670 3890 tur,
733 3836 843 3890 qua
877 3818 964 3874 usi
999 3824 1132 3872 sunt
1176 3830 1370 3873 omnes
1396 3816 1685 3873 orthodoxi
1743 3817 1800 3872 in
1863 3815 2089 3872 Thebait

2264 3823 2327 3891 ιῖς
2376 3831 2807 3900 κεκοινωνήκασι
2846 3830 3071 3903 ταύτης,
3120 3824 3268 3886 οὗτοι
3334 3832 3792 3903 ἀποπειράσθωστι

559 3915 822 3987 episcopi.

2262 3921 2347 3991 ιῆς
2401 3922 2709 3993 συνηθείας,
2741 3919 3102 3999 ᾖὲχρήσαντο
3151 3925 3201 3978 οἰ
3250 3926 3309 3981 ὲν
3340 3924 3580 3997 Θηϐαΐδι
3629 3925 3790 3986 πάντες

2246 4013 2517 4086 ὁρθόδοξοι
2542 4015 2851 4070 ἐπίσκοποι.

633 4102 795 4175 393
827 4101 981 4158 CAP.
1018 4098 1162 4156 VIII.
1192 4127 1262 4140 —
1291 4095 1369 4151 De
1388 4093 1644 4164 episcopis
1677 4101 1772 4147 aut
1811 4093 2023 4148 clericis
2051 4095 2142 4165 qui

2321 4108 2571 4165 ΚΕΦΑΛ.
2616 4108 2698 4163 Η’.
2733 4140 2804 4151 -
2836 4107 2979 4178 Περί
3026 4107 3397 4174 ἐπισκόπων,
3447 4112 3489 4181 ἢ
3536 4106 3791 4177 κληρικών

564 4197 964 4252 communicant
994 4193 1072 4248 vel
1110 4202 1262 4247 orant
1285 4205 1405 4243 cum
1430 4187 1717 4252 liazreticis,
1754 4185 1830 4241 vel
1871 4186 1947 4240 eis
1980 4186 2087 4239 min

2260 4201 2837 4267 γυγκοινωνούντων,
2870 4200 2908 4269 ἢ
2938 4199 3403 4271 συνευχομένων
3430 4200 3740 4270 αἰρετικοῖς,
3766 4198 3788 4262 ἡ

564 4291 786 4344 sterium
841 4304 1055 4343 sacrant
1111 4284 1447 4355 permittunt,
1494 4278 1573 4335 vel
1619 4279 1923 4335 earumdem
1972 4277 2091 4348 bapt

2260 4290 2688 4357 ἐπιτρεπόντων
2717 4291 2923 4358 αὐτοῖς
2946 4290 3237 4363 ἐνεργεῖν,
3278 4291 3317 4362 ἢ
3346 4292 3679 4364 δεχομένων
3707 4291 3788 4343 αὐ·

563 4397 734 4436 smum
770 4392 863 4435 aut
900 4377 1228 4448 sacriﬁcium
1260 4372 1542 4443 recipiunt.

1528 4407 1542 4425 .
2251 4378 2370 4432 τῶν
2395 4378 2714 4449 βάπτισμα
2750 4380 2788 4449 ἢ
2815 4381 3056 4436 θυσίαν.

849 4471 1229 4543 Apostolorum
1253 4481 1482 4521 canones
1520 4463 1607 4529 IO,
1644 4462 1738 4529 45,
1771 4462 1860 4517 46.

2542 4474 2929 4527 Ἀποστόλων
2960 4472 3163 4528 κανὼν
3194 4480 3246 4540 ι’,
3281 4474 3389 4545 με’,
3428 4474 3549 4545 μς’.

635 4568 723 4623 10.
744 4565 801 4620 Si
824 4566 947 4634 quis
966 4578 1087 4617 cum
1108 4556 1607 4619 excommunicato,
1638 4554 1721 4609 vel
1742 4554 1799 4609 in
1820 4552 2009 4620 domo,
2035 4568 2141 4608 una

2325 4572 2376 4619 t'.
2418 4566 2482 4618 El'
2505 4582 2591 4629 τις
2640 4566 2989 4637 ἀκοινωνήτῳ
3027 4568 3135 4622 κάν
3203 4566 3265 4623 ὲν
3310 4569 3445 4641 οίκῳ
3495 4563 3786 4637 συνεύξηται,

564 4670 817 4732 precatus
848 4657 1037 4721 fuerit,
1079 4656 1126 4709 is
1154 4663 1485 4724 segregetur.

1270 4663 1485 4723 'egetur.
2177 4725 2211 4732 ᾗ
2253 4650 2408 4719 οὗτος
2433 4657 2798 4728 ἁφοριζέσθω.

635 4753 707 4808 45
738 4751 879 4825 [ﬂ].
928 4750 1250 4820 Episcopus,
1284 4745 1367 4799 vel
1401 4746 1709 4816 presbyter,
1734 4752 1820 4798 vel
1853 4749 2143 4805 diaconus,

2328 4755 2432 4818 με’.
2470 4725 2819 4813 Ἐπίσκοπος,
2865 4748 2899 4821 ἢ
2945 4749 3336 4822 πρεσϐύτερος,
3372 4750 3406 4822 ἢ
3437 4750 3688 4814 διάκονος,
3724 4749 3787 4801 αἱ·

565 4848 656 4917 qui
680 4862 804 4901 cum
836 4841 1105 4898 hmreticis
1128 4841 1206 4894 vel
1239 4840 1418 4893 solum
1448 4844 1829 4907 comprecatus
1862 4845 1967 4900 est,
1994 4843 2093 4889 etc.

1668 4844 1829 4891 :catus
1862 4845 1967 4900 est,
1994 4843 2129 4897 etc.,
2257 4843 2492 4911 ρετικοῑς
2527 4842 2947 4912 συνευξάμενος,
2980 4860 3036 4896 κ.
3064 4860 3116 4897 τ.
3145 4843 3196 4897 λ.

565 4951 618 4993 ιιι
639 4954 762 5009 pag.
792 4936 917 4990 610.

636 5034 705 5088 46
735 5028 864 5103 [451.
902 5027 1253 5097 Episcopum,
1285 5023 1367 5078 vel
1394 5020 1770 5092 presbyterum
1810 5018 1903 5087 qui
1925 5018 2142 5074 haereti-

2331 5028 2449 5091 μς’.
2490 5020 2819 5074 Ἐπίσκοπον
2858 5020 2890 5091 ἢ
2941 5019 3311 5093 πρεσϐύτερον
3349 5018 3632 5092 αίρετικῶν
3670 5014 3786 5077 ὃεξασ

566 5140 752 5181 corum
780 5121 1130 5191 baptismum,
1166 5124 1296 5177 etc.,
1331 5122 1388 5167 ut
1423 5128 1544 5182 pag.
1579 5110 1705 5165 610.

1494 5128 1544 5182 g.
1579 5110 1705 5165 610.
2260 5113 2454 5181 μένους
2480 5112 2780 5183 βάπτισμχ,
2820 5131 2869 5165 κ.
2898 5129 2949 5165 τ.
2975 5111 3022 5165 λ.

917 5205 1146 5263 Concilii
1190 5204 1501 5259 Antiocheni
1534 5218 1701 5256 canon
1735 5201 1790 5256 2.

2552 5206 2822 5259 Συνόὸου
2860 5205 3226 5274 Ἀντιοχείας
3252 5206 3455 5260 κανὼν
3484 5203 3547 5275 β’.

642 5311 697 5364 2.
727 5307 933 5362 Omnes
967 5301 1061 5371 qui
1094 5299 1471 5370 ingrediuntur
1497 5296 1551 5352 in
1575 5296 1873 5351 Ecclesiam
1895 5292 2010 5358 Dei,
2039 5301 2147 5349 etc.

2325 5298 2392 5368 β’.
2434 5298 2649 5360 Πάντας
2680 5296 2807 5361 τοὺς
2838 5297 3104 5361 εἰσιόντας
3143 5297 3223 5362 είς
3254 5296 3353 5368 τὴν
3385 5292 3689 5365 Ἐκκλησίαν
3714 5287 3784 5340 τοῦ

572 5414 623 5457 ιιι
650 5417 774 5473 pag.
806 5396 939 5453 606.

2253 5391 2410 5457 Θεοῦ,
2442 5408 2495 5445 κ.
2523 5408 2572 5444 τ.
2597 5391 2645 5444 λ.

887 5487 1115 5546 Concilii
1146 5484 1430 5539 Laodiceni
1458 5498 1650 5537 canon.
1671 5480 1761 5537 55.

2536 5482 2809 5537 Συνόδου
2844 5482 3193 5549 Λαοδικείας
3226 5482 3427 5536 κανὼν
3450 5482 3540 5551 λγ’.

639 5589 730 5644 55.
761 5582 918 5652 Quod
975 5596 1082 5637 non
1138 5586 1353 5650 oportet
1404 5592 1511 5631 una
1564 5590 1692 5630 cum
1742 5570 2019 5629 luereticis
2065 5571 2147 5626 vel

2327 5576 2429 5645 λγ’.
2472 5576 2594 5630 ’Ότι
2621 5576 2679 5629 ού
2708 5576 2791 5629 δεῖ
2825 5578 3121 5645 αἰρετικοίς
3165 5576 3198 5647 ἢ
3235 5573 3600 5645 σχισματικοῖς
3630 5564 3784 5623 συνεύ-

572 5678 941 5739 schismaticis
974 5688 1156 5729 orare.

2258 5668 2471 5740 χεσθαι.

636 5777 777 5847 Lege
806 5787 926 5843 qua:
954 5770 1205 5823 adnotata
1238 5774 1365 5820 sunt
1404 5764 1457 5819 in
1489 5776 1608 5832 cap.
1663 5759 1749 5826 15,
1794 5759 1879 5815 ιίι.
1940 5759 1972 5815 3
2010 5771 2147 5829 pra:—

2334 5763 2629 5833 Ἀνάγνωθι
2658 5763 2726 5816 τὰ
2753 5760 3268 5832 παραγεγραμμένα
3303 5762 3359 5813 ὲν
3386 5760 3459 5832 τῷ
3488 5763 3541 5815 ιε’
3572 5771 3679 5823 κεφ.
3711 5768 3780 5799 τἰυ

600 5870 742 5925 cutis
779 5865 984 5934 operis.

2267 5853 2309 5921 γ’
2343 5854 2444 5912 τίτ,
2483 5853 2575 5909 τοῦ
2610 5853 2877 5925 παρόντος
2914 5852 3310 5923 συντάγματος.
