3980 6412
168 364 255 433 881
866 364 1267 425 SYNTAGMA
1303 363 1693 426 CANONUM.
1732 387 1801 399 --
1827 362 1975 424 TIT.
2010 364 2149 439 XII,
2189 365 2350 430 CAP.
2388 367 2555 443 VIII,
2607 370 2714 431 IX.
3310 368 3417 435 882

233 475 469 530 ΚΕΦΔΛ.
513 470 586 528 0’.
638 502 711 515 —
751 474 892 543 Περὶ
936 474 1289 530 ἐπισκόπων
1330 476 1369 546 ἢ
1420 468 1723 544 κληρικῶν
1749 476 1797 533 Α

1897 475 2051 531 CAP.
2088 476 2177 532 IX.
2210 510 2275 521 —
2319 480 2394 535 De
2430 482 2684 552 episcopis
2707 488 2799 535 aut
2818 478 3028 537 clericis
3053 480 3144 554 qui
3178 484 3415 556 eulogia:

166 568 572 638 λαμϐανόντων
595 567 878 636 εὐλογίας
911 567 979 631 ἐξ
1008 568 1317 637 αἱρετικῶν
1341 569 1379 637 ἣ
1397 567 1722 633 Ἰουδαίων,

1842 571 1902 620 ab
1934 568 2194 623 luereticis
2222 569 2302 624 vel
2319 570 2523 626 ludceis
2546 573 2837 643 accipiunt,
2864 583 2959 628 aut
2986 584 3140 630 orant
3168 576 3221 630 in
3248 578 3414 633 eccle-

165 662 200 728 ἦ
223 658 556 729 εὐχομένων
597 658 668 713 ἐν
713 660 1067 728 ἐκκλησίαις
1103 660 1142 727 ἢ
1180 662 1607 729 μοναστηρίοις
1643 664 1729 715 al-

1835 661 1929 715 siis
1982 662 2062 716 vel
2099 664 2434 717 monasteriis
2488 663 2860 719 hccreticorum
2907 674 3001 720 aut
3051 665 3402 733 ethnicorum,

158 752 413 825 ρπικῶν,
465 752 507 822 ἢ
544 752 816 815 ἐθνικῶν,
858 755 898 822 ἢ
951 754 1446 822 σαϐϐατιζόντων,
1493 757 1531 825 ἢ
1580 774 1729 812 συν-

1840 753 1913 807 vel
1962 753 2254 809 Sabbatnm
2290 756 2502 827 aliaque
2547 757 2684 827 festa
2714 774 2832 812 cum
2876 757 3085 814 Judaris
3127 760 3412 827 celebrant,

164 846 540 917 εορταζόντων
590 845 717 913 τοῖς
774 846 1107 913 Ἰουδαίοις,
1167 847 1208 917 ἡ
1262 849 1730 918 προσφερόντων

1843 854 1927 898 aut
1957 844 2243 901 oblationes
2267 848 2471 917 faciunt
2487 850 2767 923 synagogis
2785 850 2866 907 uel
2882 851 3026 921 fanis
3048 852 3374 909 ethnicorum
3394 870 3415 909 :

164 936 523 1009 συναγωγαῖς
566 936 605 1007 ἣ
645 936 825 1007 ἱεροῖς
865 936 1078 1005 ἐθνῶν,
1128 938 1229 995 καί
1269 938 1403 1008 περὶ
1461 939 1727 1011 Ἀγγελι-

785 937 825 1005 ῗς
865 936 1078 1005 ἐθνῶν,
1128 938 1229 995 καί
1269 938 1403 1008 περὶ
1461 939 1727 1011 Ἀγγελι-
1833 937 1959 992 item
1988 936 2052 993 de
2080 939 2357 1010 Angelitis.

163 1029 290 1087 τῶν.

528 1145 910 1201 Ἀποστόλων
938 1146 1139 1201 κανὼν
1170 1147 1259 1215 ξεν,
1293 1154 1357 1203 o’.

2190 1147 2564 1219 Apsotolorum
2601 1164 2824 1204 canones
2849 1146 2940 1215 65,
2968 1147 3060 1205 70.

224 1260 309 1325 Es’.
346 1261 414 1316 El’
441 1277 529 1323 τις
575 1260 897 1333 κληρικδςῆ
944 1260 1152 1329 λαῖκδς,
1194 1261 1423 1316 εἰσέλθοι
1473 1263 1555 1327 εἰς
1597 1279 1726 1316 συνο

1904 1265 1974 1320 65
2000 1264 2140 1338 [65].
2168 1265 2233 1327 Si
2258 1265 2383 1335 quis
2411 1264 2644 1321 clericus
2672 1265 2757 1321 vel
2798 1264 2973 1320 laicus
3013 1263 3069 1319 in
3101 1261 3414 1320 Iudaeorum

164 1353 368 1426 αγωγὴν
403 1353 677 1408 Ἰουδαίων
701 1353 734 1426 ἦ
762 1353 1055 1428 αἱρετικῶν
1083 1353 1509 1427 προσεύξασθαι,
1536 1355 1728 1410 καθαι-

1844 1355 2000 1429 394
2030 1357 2114 1411 vel
2149 1355 2535 1411 haereticorum
2578 1370 2911 1427 synagOgam
2941 1355 3222 1426 ingressus
3250 1354 3323 1411 sit
3346 1355 3416 1410 ad

166 1448 343 1521 ρείσθω
364 1448 459 1502 καὶ
484 1446 854 1519 άφοριζέσθω.

1836 1448 2127 1512 orandum,
2158 1447 2464 1517 deponatur
2483 1454 2537 1503 et
2568 1456 2900 1519 segregetur.

225 1548 281 1597 θ’.
319 1540 386 1595 Εἴ
412 1559 499 1606 τις
529 1541 847 1608 ἐπίσκοπος,
883 1542 917 1615 ἢ
960 1540 1353 1614 πρεσϐύτερος,
1390 1540 1423 1612 ἢ
1460 1541 1727 1609 διάκονος,

1906 1539 1975 1595 70
2023 1538 2163 1612 [69].
2210 1538 2267 1595 Si
2303 1539 2428 1609 quis
2478 1540 2793 1610 episcopus,
2842 1540 2925 1595 vel
2974 1539 3281 1612 presbyter,
3319 1537 3407 1595 vel

164 1634 191 1704 ἦ
217 1633 341 1697 ὅλως
368 1631 465 1686 τοῦ
496 1633 804 1704 καταλόγου
834 1634 942 1689 τῶν
980 1633 1280 1705 κληρικῶν,
1308 1632 1559 1700 νηστεύοι
1592 1633 1731 1705 μετὰ

1837 1634 2123 1699 diaconus,
2150 1631 2234 1687 vel
2274 1632 2500 1688 omnino
2524 1648 2592 1687 ex
2621 1632 2944 1689 clericorum
2970 1633 3240 1703 catalago,
3260 1631 3409 1704 jeju-

178 1721 442 1792 Ἰουδαίων,
472 1741 532 1779 κ.
563 1742 615 1779 τ.
647 1724 700 1778 λ.

1839 1736 1932 1782 nat
1955 1742 2077 1783 cum
2108 1723 2335 1790 Judazis.
2368 1736 2498 1792 etc.,
2535 1736 2588 1781 ut
2623 1744 2746 1797 pag.
2775 1725 2900 1782 758.

166 1833 411 1889 Συνόδου
446 1836 1045 1909 Λαοδικείαςᾲκανὼν
1087 1835 1155 1904 θ’,
1199 1837 1301 1905 κθ’,
1350 1836 1454 1909 λβν,
1499 1835 1593 1903 λε’,
1627 1836 1726 1901 λζ’,

2185 1840 2413 1898 Concilii
2489 1841 2769 1896 Laodiceni
2817 1857 3041 1897 canones
3085 1840 3144 1908 9,
3189 1838 3283 1905 29,
3321 1837 3413 1906 52,

820 1907 923 1977 λη’,
965 1909 1062 1962 λον.
1388 1907 1395 1909 ‘
2364 1912 2455 1979 τε,
2496 1912 2587 1981 31,
2626 1913 2717 1980 '58,
2749 1913 2840 1968 59.

226 2016 285 2072 θ’.
325 2018 459 2090 Περὶ
493 2018 592 2073 τοῦ
624 2019 698 2091 μὴ
751 2023 1052 2091 συγχωρεῖν
1095 2022 1176 2085 εἰς
1204 2019 1271 2074 τὰ
1303 2020 1661 2091 κοιμητήρια,
1693 2021 1726 2091 ἢ

1906 2023 1961 2091 9,
2004 2021 2119 2079 Non
2148 2023 2556 2079 concedendum
2582 2038 2725 2085 esse,
2759 2031 2818 2078 ut
2846 2025 2897 2077 in
2929 2022 3280 2089 cremeteria,
3322 2022 3412 2079 vel

168 2112 236 2175 είς
263 2110 329 2165 τὰ
364 2111 639 2183 λεγόμενα
673 2115 977 2184 μαρτυρεῖα
1015 2114 1234 2168 πάντων
1266 2114 1377 2167 τῶν
1415 2112 1732 2185 αἱρετικῶν,

1846 2115 1892 2169 in
1919 2129 1982 2170 ea
2006 2129 2131 2185 quae
2175 2113 2437 2170 dicuntur
2494 2114 2758 2184 martyria
2817 2112 3143 2183 quorumvis
3200 2112 3418 2166 haereti-

169 2202 364 2257 ἀπιέναι
409 2206 536 2268 τοὺς
582 2205 685 2276 τῆς
732 2205 1093 2277 Ἐκκλησίας,
1140 2204 1308 2275 εὐχῆς
1354 2205 1387 2276 ἢ
1438 2205 1735 2277 θεραπείας

1847 2220 2049 2272 eorum,
2088 2205 2285 2261 abeant
2328 2206 2364 2259 ii
2414 2204 2506 2274 qui
2534 2213 2663 2259 suut
2699 2202 2976 2269 Ecclesize,
3025 2203 3289 2258 orationis
3334 2200 3419 2257 vel

171 2293 343 2347 ’ἐνεκασ
392 2295 529 2350 ἀλλὰ
573 2299 699 2360 τοὺς
726 2297 1024 2363 τοιούτους,
1075 2294 1171 2351 ἐὰν
1202 2290 1304 2350 ὦσι
1348 2296 1551 2362 πιστοὶ,
1584 2297 1736 2350 ἀκοι-

1846 2298 2210 2355 venerationis
2243 2298 2437 2370 gratia.
2481 2295 2587 2352 Sed
2628 2297 2764 2352 tales
2806 2296 2853 2353 si
2891 2297 3003 2353 sint
3042 2296 3248 2362 ﬁdeles,
3295 2309 3418 2350 esse

174 2390 417 2456 νωνήτους
441 2388 691 2457 γίνεσθαι
725 2391 887 2461 μέχρι
916 2390 1091 2455 τινός·
1128 2388 1523 2461 μετανοοῦντας
1550 2390 1609 2445 δὲ
1641 2390 1735 2465 καὶ

1845 2391 2234 2462 aliquantisper
2260 2388 2770 2445 excommunicatos
2833 2405 2848 2443 :
2896 2388 2981 2442 sin
3012 2395 3194 2442 autem
3238 2384 3417 2455 paeni-

175 2476 675 2551 ὲξομολογουμένους
702 2480 990 2549 ἐσφάλθαι,
1028 2480 1451 2553 παραδέχεσθαι.

1850 2486 2012 2540 tentia
2049 2484 2345 2547 ducantur,
2378 2493 2434 2538 et
2464 2497 2523 2539 se
2554 2480 2853 2553 deliquisse
2875 2479 3263 2544 conﬁteantur,
3296 2492 3422 2533 sus-

1841 2591 1969 2646 Clpl.

233 2663 329 2720 20'.
368 2666 491 2721 Ὀτι
516 2666 584 2720 οὐ
617 2665 698 2721 δεῖ
718 2667 1080 2739 Χριστιανοὺς
1116 2666 1445 2733 Ἰουδαΐζειν,
1471 2684 1525 2723 κ.
1554 2684 1606 2721 τ.
1630 2666 1685 2721 λ.

1915 2666 2005 2721 29.
2028 2665 2185 2733 Quod
2208 2680 2317 2722 non
2342 2672 2558 2737 oportet
2585 2664 2933 2732 Christianos
2955 2662 3258 2735 judaizare.

233 2756 322 2827 λβ’.
360 2758 557 2813 Ὀτιοὺ
584 2758 664 2812 δεῖ
691 2760 982 2830 αίρετικῶν
1016 2759 1267 2828 εὐλογίας
1291 2759 1610 2830 λαμϐάνειν,
1642 2756 1733 2813 αϊ-

1918 2758 2008 2815 52.
2042 2756 2197 2825 Quod
2235 2774 2344 2814 non
2363 2766 2579 2830 Oportet
2606 2757 2987 2814 haereticorum
3015 2753 3426 2812 benedictiones

181 2849 307 2914 τινές
335 2853 469 2906 εἰσιν
503 2850 723 2921 ἀλογίαι
760 2851 962 2923 μᾶλλον
987 2851 1020 2924 ἢ
1048 2851 1313 2920 εὐλογίαι.

1856 2854 2099 2924 accipere
2130 2869 2253 2925 quae
2282 2862 2410 2909 sunt
2433 2851 2619 2923 potius
2652 2848 3083 2915 maledictiones,
3116 2860 3281 2917 quam
3328 2844 3428 2901 be-

1118 2966 1121 2969 <
1850 2944 2212 3000 nedictiones.

236 3034 319 3091 λε’.
360 3038 480 3091 Ὀτι
532 3037 600 3091 οὐ
647 3037 728 3091 δεῖ
759 3035 1146 3107 Χριστιανοὺς,
1196 3036 1613 3105 ἐγκαταλείπειν
1643 3035 1744 3108 τὴν

1921 3039 2010 3094 55.
2051 3038 2207 3104 Quod
2255 3053 2365 3094 non
2407 3025 2623 3109 oportet
2666 3033 3034 3100 Christianos,
3090 3031 3278 3088 relicta
3336 3029 3431 3085 Dei

190 3129 491 3200 Ἐκκλησίαν
540 3130 640 3185 τοῦ
693 3129 852 3196 Θεοῦ,
903 3132 998 3184 καὶ
1045 3131 1288 3196 ἀπιέναι,
1335 3132 1429 3184 καὶ
1472 3130 1744 3200 ἀγγέλους

1861 3134 2125 3201 Ecclesia,
2155 3135 2327 3199 abire,
2386 3143 2438 3190 et
2482 3135 2707 3204 angelos
2748 3132 3055 3196 nominare,
3088 3132 3174 3187 vel
3204 3146 3432 3203 congre-

180 3222 458 3295 ὀνομάζειν,
492 3224 593 3279 καὶ
619 3223 869 3290 συνάξεις
900 3224 1075 3277 ποιεῖν
1095 3239 1107 3252 ·
1152 3224 1296 3293 ειπερ
1330 3224 1727 3294 ἀπηγόρευται.

1862 3230 2101 3300 gationes
2131 3228 2343 3295 facere;
2380 3228 2525 3299 quod
2553 3236 2638 3283 est
2661 3227 3016 3298 prohibitum.
3058 3226 3116 3282 Si
3140 3226 3264 3296 quis
3307 3240 3434 3297 ergo

184 3314 237 3368 Εἰ
251 3330 325 3379 τις
364 3312 451 3370 οῦν
482 3315 685 3387 εὑρεθῇ
723 3316 896 3389 ταύτῃ
942 3317 1008 3387 τῇ
1058 3316 1417 3387 κεκρυμμένῃ
1464 3316 1746 3370 εἰδωλολα-

1870 3329 2098 3376 nventus
2135 3320 2297 3376 fuerit
2316 3319 2689 3377 liuicoccultaa
2733 3319 3057 3375 idololatria
3102 3334 3315 3385 vacare,
3364 3318 3436 3373 sit

185 3407 319 3478 τρείᾳ
345 3409 644 3479 σχολάζων,
681 3408 821 3462 ἔστω
855 3408 1137 3477 ἀνάθεμα·
1190 3408 1271 3461 ὃτι
1306 3408 1627 3476 ἐγκατέλιπε
1652 3408 1745 3462 τὸν

1862 3413 2162 3474 anathema,
2192 3412 2318 3482 quia
2358 3412 2580 3482 reliquit
2628 3412 2918 3467 Dominum
2968 3420 3214 3467 nostrum
3246 3409 3434 3466 Jesum

188 3492 365 3564 Κύριον
389 3496 547 3565 ἡμῶν
573 3497 783 3567 Ἰησοῦν
809 3497 1043 3569 Χριστὸν
1075 3498 1163 3551 τὸν
1188 3497 1314 3552 Υίὸν
1342 3497 1437 3550 τοῦ
1465 3497 1622 3565 Θεοῦ,
1650 3499 1747 3553 καὶ

1465 3497 1622 3565 Θεοῦ,
1650 3499 1747 3553 καὶ
1846 3505 2145 3567 Christum,
2168 3514 2223 3561 et
2253 3505 2484 3561 accessit
2516 3507 2583 3560 ad
2621 3504 3010 3560 idololatriam.

184 3586 572 3661 εἰδωλολατρείᾳ
604 3591 931 3661 προσῆλθεν.
1385 3584 1389 3589 ’

240 3680 331 3744 λζ’,
371 3682 493 3735 Ὅτι
527 3683 595 3736 οὐ
624 3682 704 3735 δεῖ
733 3682 884 3752 παρὰ
910 3682 1020 3736 τῶν
1054 3681 1370 3754 αἱρετικῶν,
1408 3682 1441 3753 ἢ
1472 3681 1747 3736 Ἰουδαίων

1923 3685 2014 3741 53.
2042 3683 2197 3751 Quod
2232 3699 2336 3739 non
2367 3692 2585 3755 oportet
2613 3699 2733 3756 quae
2757 3699 2788 3740 a
2817 3683 3020 3739 Iudaeis
3048 3683 3133 3738 vel
3165 3681 3435 3738 haereticis

184 3772 242 3825 τὰ
260 3776 581 3847 πεμπόμενα
606 3776 933 3848 ἐορταστικὰ
955 3775 1275 3847 λαμϐάνειν,
1305 3774 1440 3846 μηδὲ
1464 3778 1751 3847 συνεορτά-

1865 3776 2145 3835 mittuntur
2198 3776 2390 3833 festiva
2444 3777 2733 3849 accipere,
2778 3792 2955 3848 neque
3017 3792 3125 3831 una
3180 3791 3304 3830 cum
3357 3776 3437 3831 eis

188 3862 281 3928 ζειν
308 3868 505 3932 αὐτοῖς.

1853 3868 2054 3924 festum
2090 3884 2272 3939 agere.

245 3957 337 4029 λη’.
377 3962 589 4017 Ὀτιού
622 3961 702 4016 δεῖ
741 3961 892 4033 παρὰ
936 3960 1047 4015 τῶν
1099 3960 1371 4015 Ἰουδαίων
1399 3959 1585 4031 ἄζυμα
1613 3958 1752 4030 λαμ-

1928 3962 2018 4017 38.
2061 3961 2217 4029 Quod
2255 3978 2358 4019 non
2394 3971 2611 4034 oportet
2654 3979 2683 4018 a
2715 3961 2919 4019 Iudaeis
2946 3976 3134 4034 azyma
3169 3960 3436 4031 accipere,

189 4048 348 4105 ϐάνειν
377 4053 410 4124 ἢ
444 4056 728 4109 κοινωνεῖν
759 4056 879 4118 ταῖς
906 4052 1183 4117 ἀσεϐείαις
1214 4052 1412 4107 αὐτῶν.

1857 4052 1943 4108 vel
1968 4067 2159 4107 eorum
2188 4053 2563 4123 impietatibus
2600 4053 3028 4109 communicare.

250 4140 335 4200 10'.
390 4147 512 4201 Ὀτι
559 4146 621 4199 οὐ
673 4147 753 4200 δεῖ
812 4146 926 4210 τοῖς
979 4145 1158 4199 ἔθνεσι
1222 4142 1605 4216 συνεορτάζειν
1657 4141 1753 4196 καὶ

1931 4146 2017 4200 59.
2045 4143 2201 4211 Quod
2233 4161 2339 4202 non
2369 4153 2586 4215 oportet
2608 4161 2733 4201 cum
2758 4146 3012 4217 gentibus
3037 4143 3232 4201 festum
3257 4157 3441 4215 agere,

191 4240 437 4293 κοινωνεῖν
470 4243 539 4312 τῇ
569 4238 823 4310 ἀθεότητι
851 4238 1053 4293 αὐτῶν.

1857 4247 1913 4294 et
1937 4252 2126 4293 eorum
2162 4220 2426 4309 imp‘ietati
2459 4238 2881 4293 communicare.

312 4356 580 4414 Συνόδου
606 4353 1026 4426 οίκουμενικῆς
1059 4353 1240 4423 ἕκτης
1282 4353 1480 4411 κανὼν
1519 4362 1608 4411 ια’.

1555 4362 1608 4409 ι’.
2178 4349 2407 4406 Concilii
2437 4351 2742 4404 acumenici
2770 4367 2823 4405 vr
2849 4366 3014 4404 canon
3043 4351 3127 4406 Η.

257 4454 335 4502 ια’.
371 4450 577 4517 Μηδεὶς
608 4449 717 4503 τῶν
757 4452 815 4503 ὲν
858 4446 1121 4519 ἱερατικῷ
1159 4447 1612 4518 καταλεγομένων
1656 4448 1755 4503 τά·

1933 4441 2019 4497 11.
2048 4440 2426 4497 Nemo-eorum
2455 4442 2548 4511 qui
2573 4444 2625 4496 in
2658 4442 3195 4499 sacerdotaliordine
3218 4458 3442 4499 enume-

195 4544 344 4599 τματι
391 4537 424 4606 ἢ
481 4535 691 4601 λαῖκδς,
752 4536 823 4589 τὰ
882 4536 1030 4608 παρὰ
1076 4534 1185 4588 τῶν
1244 4532 1520 4590 Ἰουδαίων
1567 4536 1754 4609 ἄζυμα

1872 4543 2052 4589 rantur
2102 4534 2183 4589 vel
2224 4534 2395 4591 laicus
2450 4531 2775 4590 J‘udaeorum-
2836 4536 3105 4602 comedat,
3176 4544 3307 4601 etc.,
3382 4544 3444 4590 ut

197 4623 416 4689 ἐσθιέτω,
448 4645 500 4682 κ.
524 4646 580 4682 τ.
605 4627 654 4683 1.
1788 4623 1814 4626 ⁷
1862 4643 1986 4697 pag.
2014 4625 2139 4681 758.

266 4716 324 4769 'H
369 4726 415 4773 α’
460 4720 603 4774 διάτ.
655 4719 748 4798 ταῦ
800 4719 843 4773 θ’
892 4719 999 4776 τίτ.
1055 4720 1147 4775 τοῦ
1196 4728 1245 4775 α’
1297 4721 1436 4792 βιϐλ.
1483 4722 1577 4776 τοῦ
1623 4723 1754 4777 κώδ.

1943 4723 2152 4774 Textus.
2183 4718 2345 4790 395
2382 4719 2572 4775 Const.
2616 4722 2667 4786 l,
2705 4721 2790 4775 tit.
2833 4720 2887 4787 9,
2929 4720 3024 4776 lib.
3085 4738 3100 4775 ι
3141 4720 3277 4780 Cod.
3330 4721 3440 4777 ait:

200 4812 363 4878 φησιν,
393 4813 558 4867 ὅτιτὸ
583 4816 647 4884 τῇ
675 4813 835 4884 ὁμάδι
861 4814 971 4867 τῶν
1002 4813 1270 4867 Ἰουδαίων
1296 4814 1756 4888 ληγατευόμενον,

1872 4811 2023 4878 Quod
2058 4811 2400 4866 universitati
2440 4811 2753 4867 Iudaeorum
2811 4813 3041 4883 legatur,
3073 4829 3178 4866 non
3220 4814 3444 4883 petitur.

201 4903 285 4956 οὐκ
313 4905 637 4961 ἀπαιτεῖται·
669 4906 895 4975 λέγειδὲ
926 4907 1068 4976 βιϐλ.
1096 4907 1192 4974 λδν,
1221 4908 1326 4961 τίτ.
1345 4915 1408 4972 ε’,
1433 4910 1575 4965 διάτ.
1598 4906 1757 4979 κ’,ὅτι

1874 4906 2014 4959 Dicit
2041 4920 2172 4960 vero
2205 4904 2367 4959 etiam
2389 4906 2483 4961 lib.
2512 4922 2699 4972 xxxrv,
2734 4908 2816 4961 lit.
2860 4907 2911 4968 5,
2946 4905 3142 4977 digest.
3174 4907 3206 4960 8
3240 4923 3253 4959 :
3288 4905 3444 4971 Quod

204 4996 254 5047 τὸ
287 4996 709 5069 ληγατευόμενον
761 4999 969 5070 θεμιτῷ
1025 5001 1313 5072 σωματείῳ
1354 5001 1387 5073 ἢ
1426 5004 1757 5074 συστήματι,

1874 4998 2016 5052 licito
2050 4997 2265 5067 corpori
2303 5006 2397 5051 aut
2447 4997 2679 5068 collegio
2716 4999 2947 5068 legatur,
3000 4998 3161 5052 valet.
3214 4996 3446 5051 Contra-

204 5083 450 5155 ἔρῥωται·
503 5089 566 5143 τὸ
598 5089 839 5143 ἐναντίον
868 5089 926 5143 δὲ
956 5090 1046 5143 ἐπὶ
1089 5090 1368 5162 ἀθεμίτου,
1402 5091 1542 5163 πλὴν
1588 5095 1637 5145 εἰ
1687 5094 1761 5165 μὴ

1872 5093 2007 5146 rium
2043 5099 2226 5146 autem
2257 5098 2341 5145 est
2385 5092 2437 5145 in
2500 5091 2691 5147 illicito
2743 5110 2758 5148 :
2798 5102 3157 5162 praeterquam
3188 5092 3230 5145 si
3268 5090 3321 5143 in
3354 5090 3444 5144 illo

203 5178 298 5239 τοῖς
323 5179 377 5231 ὲν
405 5179 481 5250 τῷ
531 5178 679 5250 αὑτῷ
710 5178 1046 5233 καθέκαστον
1092 5179 1424 5252 ληγατευθῇ·
1478 5182 1600 5235 τότε
1654 5186 1762 5255 γὰρ

1876 5182 2107 5253 singulis
2157 5183 2385 5253 legetur,
2425 5192 2553 5238 tunc
2608 5185 2754 5239 enim
2803 5185 2966 5239 valet.
3020 5183 3223 5239 Mulias
3262 5191 3445 5238 autem

204 5266 451 5338 ἒρῤωται.
502 5272 678 5327 Πολλὰ
705 5272 761 5326 δὲ
789 5272 1014 5349 τοιαῦτα
1048 5272 1257 5343 θέματα
1290 5275 1403 5345 ἔχει
1448 5277 1476 5328 ὁ
1530 5275 1622 5346 μη¹
1657 5276 1762 5330 τίτ.

1876 5276 2184 5331 istiusmodi
2245 5274 2426 5349 [juris]
2470 5278 2767 5347 positiones
2802 5278 2884 5335 tit.
2924 5278 3014 5343 48,
3068 5278 3161 5332 lib.
3196 5294 3269 5343 γι,
3309 5276 3443 5332 Cod.

206 5360 286 5411 τοῦ
313 5362 362 5427 ς’
391 5363 528 5434 βιϐλ.
555 5366 648 5420 τοῦ
682 5365 809 5421 κὼδ.
836 5368 870 5437 ὴ
902 5366 959 5419 δὲ
992 5366 1035 5419 0’
1061 5366 1200 5421 διάτ.
1232 5367 1324 5420 τοῦ
1360 5375 1427 5422 ια’
1460 5370 1566 5424 τίτ.
1597 5369 1692 5422 τοῦ
1717 5377 1765 5422 α’

1874 5367 2054 5421 habet.
2089 5368 2279 5423 Const.
2328 5385 2494 5438 porro
2524 5370 2579 5431 9,
2625 5372 2705 5425 tit.
2753 5371 2808 5435 ‘2,
2856 5370 2951 5424 lib.
2996 5384 3033 5437 ι,
3070 5370 3182 5427 ait:
3226 5372 3282 5424 Si
3315 5369 3446 5440 quid

211 5448 336 5516 βιϐλ.
371 5456 555 5525 φησὶν,
588 5457 669 5510 ὅτι
696 5457 789 5510 ὲὰν
816 5454 869 5509 ’ἐι
901 5455 1120 5527 δωρηθῇ
1155 5457 1187 5527 ἦ
1216 5458 1549 5530 καταλειφθῇ
1580 5458 1765 5523 τόποις

1873 5456 2270 5529 [quibuspiam]
2297 5458 2438 5527 jocis
2481 5468 2576 5513 aut
2624 5460 2875 5529 personis
2904 5462 2969 5514 ad
3002 5462 3445 5516 constituendum

209 5542 237 5609 ἧ
264 5546 555 5614 προσώποις
581 5549 672 5601 ἐπὶ
698 5548 954 5601 συστάσει
977 5550 1076 5617 τῆς
1098 5547 1207 5600 τῶν
1238 5550 1506 5618 Ἑλλήνων
1529 5550 1758 5622 πλάνης,

1877 5566 2207 5621 paganorum
2235 5567 2482 5606 errorem
2532 5554 2792 5607 donatum
2842 5563 2936 5608 aut
2967 5555 3215 5610 relictum
3247 5554 3444 5608 inierit:

210 5634 239 5700 ἡ
270 5635 409 5700 πόλις
434 5640 564 5693 αὐτὸ
595 5639 861 5712 λαμϐάνει
907 5643 964 5694 ὲν
1086 5639 1155 5693 τὰ
1191 5642 1463 5711 πρόσωπα
1493 5645 1635 5697 οἰκεῖ
1662 5663 1675 5678 ο
1728 5645 1760 5715 ἢ

1873 5643 2064 5699 civitas
2109 5645 2162 5698 iu
2213 5660 2317 5715 qua
2376 5660 2621 5713 persona:
2657 5646 2923 5713 habitant,
2951 5647 3035 5702 vel
3061 5648 3165 5703 sub
3192 5662 3298 5717 qua
3330 5647 3445 5705 loc!

211 5723 376 5798 ὕφ’ἢν
424 5734 472 5785 οἱ
525 5734 675 5789 τόποι
722 5735 1020 5789 διάκεινται
1061 5735 1155 5789 καὶ
1207 5734 1584 5804 δαπανῶνται,
1637 5738 1760 5794 καθ’

1871 5737 1976 5793 sita
1998 5747 2149 5804 sunt,
2172 5738 2303 5793 illud
2329 5739 2580 5808 percipit,
2599 5747 2652 5794 et
2676 5740 2741 5795 ad
2765 5740 3177 5796 similitudinem
3201 5739 3437 5796 civilium

212 5814 475 5891 ὁμοιότητα
504 5822 609 5881 τῶν
642 5824 933 5880 πολιτικῶν
963 5825 1264 5896 προσόδων.

1025 5825 1264 5879 noscam.
1874 5838 2240 5899 proventuum
2281 5827 2597 5884 insumitur.
