  <div class='ocr_page' id='page_1' title='image "/cluster/home/n/w/nwhite01/storage/ocr_20150623/104/hvd.32044018872853/447.png"; bbox 0 0 3870 6290; ppageno 0'>
   <div class='ocr_carea' id='block_1_1' title="bbox 538 317 2066 392">
    <p class='ocr_par' dir='ltr' id='par_1_1' title="bbox 538 319 2063 392">
     <span class='ocr_line' id='line_1_1' title="bbox 538 319 2063 392; baseline -0.01 1"><span class='ocrx_word' id='word_1_1' title='bbox 538 327 644 392; x_wconf 79' lang='lat'><strong><em>883</em></strong></span> <span class='ocrx_word' id='word_1_2' title='bbox 1690 319 1949 381; x_wconf 86' lang='lat' dir='ltr'><strong>PHOTII</strong></span> <span class='ocrx_word' id='word_1_3' title='bbox 1971 319 2063 379; x_wconf 84' lang='lat' dir='ltr'><strong><em>PA</em></strong></span> 
     </span>
    </p>
   </div>
   <div class='ocr_carea' id='block_1_2' title="bbox 2221 317 3749 392">
    <p class='ocr_par' dir='ltr' id='par_1_2' title="bbox 2221 317 3749 390">
     <span class='ocr_line' id='line_1_2' title="bbox 2221 317 3749 390; baseline 0.009 -14"><span class='ocrx_word' id='word_1_4' title='bbox 2221 317 2475 379; x_wconf 70' lang='lat' dir='ltr'><strong><em>\RCH/E</em></strong></span> <span class='ocrx_word' id='word_1_5' title='bbox 2519 318 2629 379; x_wconf 73' lang='grc' dir='ltr'><strong><em>(ΣΡ.</em></strong></span> <span class='ocrx_word' id='word_1_6' title='bbox 3665 323 3749 390; x_wconf 70' lang='grc' dir='ltr'><strong><em>εει</em></strong></span> 
     </span>
    </p>
   </div>
   <div class='ocr_carea' id='block_1_3' title="bbox 611 423 2139 504">
    <p class='ocr_par' dir='ltr' id='par_1_3' title="bbox 611 429 2123 504">
     <span class='ocr_line' id='line_1_3' title="bbox 611 429 2123 504; baseline -0.01 -9"><span class='ocrx_word' id='word_1_7' title='bbox 611 436 763 495; x_wconf 75' lang='lat' dir='ltr'><strong>CAP.</strong></span> <span class='ocrx_word' id='word_1_8' title='bbox 796 433 866 491; x_wconf 80' lang='grc' dir='ltr'><strong><em>Χ.</em></strong></span> <span class='ocrx_word' id='word_1_9' title='bbox 890 463 959 476; x_wconf 88' lang='lat'><em>--</em></span> <span class='ocrx_word' id='word_1_10' title='bbox 981 433 1057 488; x_wconf 85' lang='lat' dir='ltr'><strong><em>De</em></strong></span> <span class='ocrx_word' id='word_1_11' title='bbox 1087 433 1325 504; x_wconf 81' lang='lat' dir='ltr'><strong><em>episcopo</em></strong></span> <span class='ocrx_word' id='word_1_12' title='bbox 1350 431 1441 503; x_wconf 83' lang='lat' dir='ltr'><strong><em>qui</em></strong></span> <span class='ocrx_word' id='word_1_13' title='bbox 1476 430 1611 485; x_wconf 81' lang='lat' dir='ltr'><strong><em>scire</em></strong></span> <span class='ocrx_word' id='word_1_14' title='bbox 1660 444 1714 484; x_wconf 81' lang='lat' dir='ltr'><strong><em>se</em></strong></span> <span class='ocrx_word' id='word_1_15' title='bbox 1760 429 1891 484; x_wconf 86' lang='lat' dir='ltr'><strong><em>dicit</em></strong></span> <span class='ocrx_word' id='word_1_16' title='bbox 1912 430 2123 483; x_wconf 73' lang='lat' dir='ltr'><strong><em>hwreti-</em></strong></span> 
     </span>
    </p>
   </div>
   <div class='ocr_carea' id='block_1_4' title="bbox 2226 423 3754 504">
    <p class='ocr_par' dir='ltr' id='par_1_4' title="bbox 2295 423 3754 497">
     <span class='ocr_line' id='line_1_4' title="bbox 2295 423 3754 497; baseline 0.001 -16"><span class='ocrx_word' id='word_1_17' title='bbox 2295 427 2547 481; x_wconf 77' lang='grc' dir='ltr'><strong><em>ΚΕΦΑΛ.</em></strong></span> <span class='ocrx_word' id='word_1_18' title='bbox 2586 423 2641 480; x_wconf 87' lang='grc' dir='ltr'>ι’.</span> <span class='ocrx_word' id='word_1_19' title='bbox 2684 456 2755 468; x_wconf 91' lang='lat'><strong><em>-—</em></strong></span> <span class='ocrx_word' id='word_1_20' title='bbox 2797 425 2933 494; x_wconf 79' lang='grc' dir='ltr'>Περὶ</span> <span class='ocrx_word' id='word_1_21' title='bbox 2961 425 3299 481; x_wconf 76' lang='grc' dir='ltr'><strong><em>ἐπισκόπου</em></strong></span> <span class='ocrx_word' id='word_1_22' title='bbox 3343 424 3411 479; x_wconf 76' lang='grc' dir='ltr'><strong><em>ἐν</em></strong></span> <span class='ocrx_word' id='word_1_23' title='bbox 3442 425 3644 497; x_wconf 66' lang='lat' dir='ltr'><strong><em>sibilos:</em></strong></span> <span class='ocrx_word' id='word_1_24' title='bbox 3674 437 3754 489; x_wconf 64' lang='grc' dir='ltr'>,ζέε</span> 
     </span>
    </p>
   </div>
   <div class='ocr_carea' id='block_1_5' title="bbox 542 518 2070 590">
    <p class='ocr_par' dir='ltr' id='par_1_5' title="bbox 542 528 1120 589">
     <span class='ocr_line' id='line_1_5' title="bbox 542 528 1120 589; baseline -0.003 -2"><span class='ocrx_word' id='word_1_25' title='bbox 542 548 659 589; x_wconf 83' lang='lat' dir='ltr'><strong><em>cum</em></strong></span> <span class='ocrx_word' id='word_1_26' title='bbox 686 528 1120 587; x_wconf 78' lang='lat' dir='ltr'><strong><em>communicasse.</em></strong></span> 
     </span>
    </p>
   </div>
   <div class='ocr_carea' id='block_1_6' title="bbox 1785 518 3313 590">
    <p class='ocr_par' dir='ltr' id='par_1_6' title="bbox 2239 518 3313 590">
     <span class='ocr_line' id='line_1_6' title="bbox 2239 518 3313 590; baseline -0.005 -15"><span class='ocrx_word' id='word_1_27' title='bbox 2239 538 2450 590; x_wconf 81' lang='grc' dir='ltr'>τοντος</span> <span class='ocrx_word' id='word_1_28' title='bbox 2486 518 2836 574; x_wconf 74' lang='grc' dir='ltr'><em>κοινωνικὸν</em></span> <span class='ocrx_word' id='word_1_29' title='bbox 2862 519 2969 572; x_wconf 81' lang='grc' dir='ltr'><strong><em>τὸν</em></strong></span> <span class='ocrx_word' id='word_1_30' title='bbox 2999 518 3313 587; x_wconf 70' lang='grc' dir='ltr'>αἶρετικόν.</span> 
     </span>
    </p>
   </div>
   <div class='ocr_carea' id='block_1_7' title="bbox 816 609 2344 684">
    <p class='ocr_par' dir='ltr' id='par_1_7' title="bbox 816 610 1875 684">
     <span class='ocr_line' id='line_1_7' title="bbox 816 610 1875 684; baseline -0.009 -9"><span class='ocrx_word' id='word_1_31' title='bbox 816 617 1045 675; x_wconf 83' lang='lat' dir='ltr'><strong><em>Concilii</em></strong></span> <span class='ocrx_word' id='word_1_32' title='bbox 1078 613 1513 684; x_wconf 77' lang='lat' dir='ltr'><strong><em>Carthaginensis</em></strong></span> <span class='ocrx_word' id='word_1_33' title='bbox 1544 627 1719 666; x_wconf 87' lang='lat' dir='ltr'><strong><em>canon</em></strong></span> <span class='ocrx_word' id='word_1_34' title='bbox 1752 610 1875 668; x_wconf 71' lang='grc'><strong><em>124.</em></strong></span> 
     </span>
    </p>
   </div>
   <div class='ocr_carea' id='block_1_8' title="bbox 2030 609 3558 684">
    <p class='ocr_par' dir='ltr' id='par_1_8' title="bbox 2471 609 3558 681">
     <span class='ocr_line' id='line_1_8' title="bbox 2471 609 3558 681; baseline 0.001 -15"><span class='ocrx_word' id='word_1_35' title='bbox 2471 612 2743 667; x_wconf 83' lang='grc' dir='ltr'>Συνόδου</span> <span class='ocrx_word' id='word_1_36' title='bbox 2765 609 3188 681; x_wconf 78' lang='grc' dir='ltr'><strong><em>Καρθαγέννης</em></strong></span> <span class='ocrx_word' id='word_1_37' title='bbox 3215 609 3412 664; x_wconf 79' lang='grc' dir='ltr'><em>κανὼν</em></span> <span class='ocrx_word' id='word_1_38' title='bbox 3437 610 3558 681; x_wconf 77' lang='grc' dir='ltr'>ρκδ.</span> 
     </span>
    </p>
   </div>
   <div class='ocr_carea' id='block_1_9' title="bbox 612 699 2140 781">
    <p class='ocr_par' dir='ltr' id='par_1_9' title="bbox 612 699 2134 781">
     <span class='ocr_line' id='line_1_9' title="bbox 612 699 2134 781; baseline -0.008 -16"><span class='ocrx_word' id='word_1_39' title='bbox 612 709 691 765; x_wconf 85' lang='lat' dir='ltr'><strong><em>De</em></strong></span> <span class='ocrx_word' id='word_1_40' title='bbox 717 709 974 781; x_wconf 75' lang='lat' dir='ltr'><strong><em>episcopis</em></strong></span> <span class='ocrx_word' id='word_1_41' title='bbox 999 706 1089 778; x_wconf 81' lang='lat' dir='ltr'><strong><em>qui</em></strong></span> <span class='ocrx_word' id='word_1_42' title='bbox 1116 704 1431 761; x_wconf 86' lang='lat' dir='ltr'><strong><em>Donatistas</em></strong></span> <span class='ocrx_word' id='word_1_43' title='bbox 1460 702 1879 757; x_wconf 75' lang='lat' dir='ltr'><strong><em>communicasse</em></strong></span> <span class='ocrx_word' id='word_1_44' title='bbox 1926 699 2134 755; x_wconf 75' lang='lat' dir='ltr'><strong><em>mentiti</em></strong></span> 
     </span>
    </p>
   </div>
   <div class='ocr_carea' id='block_1_10' title="bbox 2231 699 3759 781">
    <p class='ocr_par' dir='ltr' id='par_1_10' title="bbox 2306 700 3759 774">
     <span class='ocr_line' id='line_1_10' title="bbox 2306 700 3759 774; baseline 0.001 -16"><span class='ocrx_word' id='word_1_45' title='bbox 2306 704 2446 774; x_wconf 82' lang='grc' dir='ltr'>Περὶ</span> <span class='ocrx_word' id='word_1_46' title='bbox 2476 704 2594 757; x_wconf 84' lang='grc' dir='ltr'><strong><em>τῶν</em></strong></span> <span class='ocrx_word' id='word_1_47' title='bbox 2628 702 2771 769; x_wconf 86' lang='grc' dir='ltr'>τοὺς</span> <span class='ocrx_word' id='word_1_48' title='bbox 2807 703 3171 768; x_wconf 79' lang='grc' dir='ltr'>Δονατιστὰς</span> <span class='ocrx_word' id='word_1_49' title='bbox 3202 700 3553 771; x_wconf 76' lang='grc' dir='ltr'>κοινωνῆσαι</span> <span class='ocrx_word' id='word_1_50' title='bbox 3575 703 3759 773; x_wconf 65' lang='grc' dir='ltr'>ψευδο-</span> 
     </span>
    </p>
   </div>
   <div class='ocr_carea' id='block_1_11' title="bbox 544 793 2072 876">
    <p class='ocr_par' dir='ltr' id='par_1_11' title="bbox 544 804 767 876">
     <span class='ocr_line' id='line_1_11' title="bbox 544 804 767 876; baseline -0.013 -17"><span class='ocrx_word' id='word_1_51' title='bbox 544 804 767 876; x_wconf 74' lang='lat' dir='ltr'><strong><em>fuerint.</em></strong></span> 
     </span>
    </p>
   </div>
   <div class='ocr_carea' id='block_1_12' title="bbox 1298 793 2826 876">
    <p class='ocr_par' dir='ltr' id='par_1_12' title="bbox 2229 793 2826 866">
     <span class='ocr_line' id='line_1_12' title="bbox 2229 793 2826 866; baseline -0.007 -15"><span class='ocrx_word' id='word_1_52' title='bbox 2229 793 2433 866; x_wconf 76' lang='grc' dir='ltr'>μένων</span> <span class='ocrx_word' id='word_1_53' title='bbox 2459 795 2826 849; x_wconf 83' lang='grc' dir='ltr'>ἐπισκόπων.</span> 
     </span>
    </p>
   </div>
   <div class='ocr_carea' id='block_1_13' title="bbox 616 884 2144 962">
    <p class='ocr_par' dir='ltr' id='par_1_13' title="bbox 616 885 2133 962">
     <span class='ocr_line' id='line_1_13' title="bbox 616 885 2133 962; baseline -0.007 -11"><span class='ocrx_word' id='word_1_54' title='bbox 616 898 742 953; x_wconf 69' lang='grc' dir='ltr'>ίιὶ4.</span> <span class='ocrx_word' id='word_1_55' title='bbox 774 894 830 949; x_wconf 88' lang='lat' dir='ltr'><strong><em>Si</em></strong></span> <span class='ocrx_word' id='word_1_56' title='bbox 860 902 1041 948; x_wconf 85' lang='lat' dir='ltr'><strong><em>autem</em></strong></span> <span class='ocrx_word' id='word_1_57' title='bbox 1074 890 1363 962; x_wconf 88' lang='lat' dir='ltr'><strong><em>probatum</em></strong></span> <span class='ocrx_word' id='word_1_58' title='bbox 1410 886 1593 951; x_wconf 82' lang='lat' dir='ltr'><strong><em>fuerit,</em></strong></span> <span class='ocrx_word' id='word_1_59' title='bbox 1642 900 1766 941; x_wconf 89' lang='lat' dir='ltr'><strong><em>eum</em></strong></span> <span class='ocrx_word' id='word_1_60' title='bbox 1791 885 1858 941; x_wconf 87' lang='lat' dir='ltr'><strong><em>de</em></strong></span> <span class='ocrx_word' id='word_1_61' title='bbox 1880 899 2133 941; x_wconf 89' lang='lat' dir='ltr'><strong><em>commu-</em></strong></span> 
     </span>
    </p>
   </div>
   <div class='ocr_carea' id='block_1_14' title="bbox 2234 884 3762 962">
    <p class='ocr_par' dir='ltr' id='par_1_14' title="bbox 2308 884 3762 959">
     <span class='ocr_line' id='line_1_14' title="bbox 2308 884 3762 959; baseline 0.001 -17"><span class='ocrx_word' id='word_1_62' title='bbox 2308 888 2437 959; x_wconf 90' lang='grc' dir='ltr'>ρκδ¹.</span> <span class='ocrx_word' id='word_1_63' title='bbox 2477 887 2608 941; x_wconf 78' lang='grc' dir='ltr'><strong><em>Ἐὰν</em></strong></span> <span class='ocrx_word' id='word_1_64' title='bbox 2639 886 2697 941; x_wconf 85' lang='grc' dir='ltr'>δὲ</span> <span class='ocrx_word' id='word_1_65' title='bbox 2741 885 3034 957; x_wconf 78' lang='grc' dir='ltr'><strong><em>ἀποδειχθῇ</em></strong></span> <span class='ocrx_word' id='word_1_66' title='bbox 3075 885 3168 940; x_wconf 83' lang='grc' dir='ltr'><strong><em>τὸν</em></strong></span> <span class='ocrx_word' id='word_1_67' title='bbox 3207 884 3443 940; x_wconf 85' lang='grc' dir='ltr'>τοιοῦτον</span> <span class='ocrx_word' id='word_1_68' title='bbox 3468 885 3762 957; x_wconf 75' lang='grc' dir='ltr'>ψευσάμενον</span> 
     </span>
    </p>
   </div>
   <div class='ocr_carea' id='block_1_15' title="bbox 561 977 2089 1050">
    <p class='ocr_par' dir='ltr' id='par_1_15' title="bbox 561 977 2059 1049">
     <span class='ocr_line' id='line_1_15' title="bbox 561 977 2059 1049; baseline -0.008 -5"><span class='ocrx_word' id='word_1_69' title='bbox 561 990 727 1045; x_wconf 88' lang='lat' dir='ltr'><strong><em>nione</em></strong></span> <span class='ocrx_word' id='word_1_70' title='bbox 762 988 979 1043; x_wconf 85' lang='lat' dir='ltr'><strong><em>illorum</em></strong></span> <span class='ocrx_word' id='word_1_71' title='bbox 1017 984 1185 1039; x_wconf 82' lang='lat' dir='ltr'><strong><em>fuisse</em></strong></span> <span class='ocrx_word' id='word_1_72' title='bbox 1214 982 1523 1041; x_wconf 88' lang='lat' dir='ltr'><strong><em>mentitum,</em></strong></span> <span class='ocrx_word' id='word_1_73' title='bbox 1546 990 1679 1043; x_wconf 90' lang='lat' dir='ltr'><strong><em>etc.,</em></strong></span> <span class='ocrx_word' id='word_1_74' title='bbox 1710 990 1763 1032; x_wconf 82' lang='lat' dir='ltr'><strong><em>ut</em></strong></span> <span class='ocrx_word' id='word_1_75' title='bbox 1792 977 2059 1049; x_wconf 67' lang='lat' dir='ltr'><strong><em>pag.682.</em></strong></span> 
     </span>
    </p>
   </div>
   <div class='ocr_carea' id='block_1_16' title="bbox 1823 977 3351 1050">
    <p class='ocr_par' dir='ltr' id='par_1_16' title="bbox 1823 977 3351 1050">
     <span class='ocr_line' id='line_1_16' title="bbox 1823 977 3351 1050; baseline 0.001 -19"><span class='ocrx_word' id='word_1_76' title='bbox 1823 977 2059 1049; x_wconf 67' lang='lat' dir='ltr'><strong><em>ag.682.</em></strong></span> <span class='ocrx_word' id='word_1_77' title='bbox 2233 981 2386 1050; x_wconf 77' lang='grc' dir='ltr'>παρὰ</span> <span class='ocrx_word' id='word_1_78' title='bbox 2416 982 2513 1049; x_wconf 78' lang='grc' dir='ltr'>τῆς</span> <span class='ocrx_word' id='word_1_79' title='bbox 2540 980 2765 1034; x_wconf 78' lang='grc' dir='ltr'><strong><em>ἐκείνων</em></strong></span> <span class='ocrx_word' id='word_1_80' title='bbox 2794 979 3102 1043; x_wconf 86' lang='grc' dir='ltr'>κοινωνίας,</span> <span class='ocrx_word' id='word_1_81' title='bbox 3137 996 3191 1032; x_wconf 88' lang='grc' dir='ltr'><strong><em>κ.</em></strong></span> <span class='ocrx_word' id='word_1_82' title='bbox 3218 995 3267 1033; x_wconf 86' lang='grc' dir='ltr'><strong><em>τ.</em></strong></span> <span class='ocrx_word' id='word_1_83' title='bbox 3302 977 3351 1032; x_wconf 91' lang='grc' dir='ltr'><strong><em>λ.</em></strong></span> 
     </span>
    </p>
   </div>
   <div class='ocr_carea' id='block_1_17' title="bbox 613 1068 2141 1139">
    <p class='ocr_par' dir='ltr' id='par_1_17' title="bbox 613 1069 2129 1135">
     <span class='ocr_line' id='line_1_17' title="bbox 613 1069 2129 1135; baseline -0.009 0"><span class='ocrx_word' id='word_1_84' title='bbox 613 1080 767 1135; x_wconf 86' lang='lat' dir='ltr'><strong><em>CAP.</em></strong></span> <span class='ocrx_word' id='word_1_85' title='bbox 796 1078 890 1132; x_wconf 78' lang='lat' dir='ltr'><strong>XI.</strong></span> <span class='ocrx_word' id='word_1_86' title='bbox 918 1108 985 1123; x_wconf 68' lang='grc' dir='ltr'><strong><em>-ο</em></strong></span> <span class='ocrx_word' id='word_1_87' title='bbox 1027 1075 1151 1133; x_wconf 82' lang='grc' dir='ltr'><strong><em>Νοη</em></strong></span> <span class='ocrx_word' id='word_1_88' title='bbox 1181 1090 1293 1135; x_wconf 83' lang='lat' dir='ltr'><strong><em>esse</em></strong></span> <span class='ocrx_word' id='word_1_89' title='bbox 1337 1072 1635 1129; x_wconf 84' lang='lat' dir='ltr'><strong><em>abeundum</em></strong></span> <span class='ocrx_word' id='word_1_90' title='bbox 1662 1075 1731 1124; x_wconf 84' lang='lat' dir='ltr'><strong><em>ad</em></strong></span> <span class='ocrx_word' id='word_1_91' title='bbox 1762 1069 2129 1125; x_wconf 64' lang='lat' dir='ltr'><strong><em>haereticorum</em></strong></span> 
     </span>
    </p>
   </div>
   <div class='ocr_carea' id='block_1_18' title="bbox 2236 1068 3764 1139">
    <p class='ocr_par' dir='ltr' id='par_1_18' title="bbox 2303 1068 3764 1139">
     <span class='ocr_line' id='line_1_18' title="bbox 2303 1068 3764 1139; baseline 0.001 -16"><span class='ocrx_word' id='word_1_92' title='bbox 2303 1072 2553 1124; x_wconf 83' lang='grc' dir='ltr'><strong>ΚΕΦΛΛ.</strong></span> <span class='ocrx_word' id='word_1_93' title='bbox 2589 1069 2692 1125; x_wconf 83' lang='grc' dir='ltr'><strong><em>1Α’.</em></strong></span> <span class='ocrx_word' id='word_1_94' title='bbox 2728 1101 2797 1112; x_wconf 90' lang='grc'><strong><em>--</em></strong></span> <span class='ocrx_word' id='word_1_95' title='bbox 2826 1070 2962 1139; x_wconf 79' lang='grc' dir='ltr'>Περὶ</span> <span class='ocrx_word' id='word_1_96' title='bbox 2988 1069 3097 1123; x_wconf 83' lang='grc' dir='ltr'><strong><em>τοῦ</em></strong></span> <span class='ocrx_word' id='word_1_97' title='bbox 3120 1068 3205 1139; x_wconf 79' lang='grc' dir='ltr'>μὴ</span> <span class='ocrx_word' id='word_1_98' title='bbox 3230 1068 3465 1123; x_wconf 69' lang='grc' dir='ltr'>ἀπιέναι</span> <span class='ocrx_word' id='word_1_99' title='bbox 3486 1068 3625 1138; x_wconf 82' lang='grc' dir='ltr'>πρὸς</span> <span class='ocrx_word' id='word_1_100' title='bbox 3653 1069 3764 1138; x_wconf 71' lang='grc' dir='ltr'>τοὺς</span> 
     </span>
    </p>
   </div>
   <div class='ocr_carea' id='block_1_19' title="bbox 545 1160 2073 1245">
    <p class='ocr_par' dir='ltr' id='par_1_19' title="bbox 545 1174 1022 1245">
     <span class='ocr_line' id='line_1_19' title="bbox 545 1174 1022 1245; baseline -0.017 -15"><span class='ocrx_word' id='word_1_101' title='bbox 545 1174 1022 1245; x_wconf 82' lang='lat' dir='ltr'><strong><em>pseudomartyres.</em></strong></span> 
     </span>
    </p>
   </div>
   <div class='ocr_carea' id='block_1_20' title="bbox 1702 1160 3230 1245">
    <p class='ocr_par' dir='ltr' id='par_1_20' title="bbox 2230 1160 3230 1231">
     <span class='ocr_line' id='line_1_20' title="bbox 2230 1160 3230 1231; baseline -0.001 -16"><span class='ocrx_word' id='word_1_102' title='bbox 2230 1161 2349 1215; x_wconf 82' lang='grc' dir='ltr'><strong><em>τῶν</em></strong></span> <span class='ocrx_word' id='word_1_103' title='bbox 2373 1161 2682 1231; x_wconf 78' lang='grc' dir='ltr'>αἰρετικῶν</span> <span class='ocrx_word' id='word_1_104' title='bbox 2713 1160 3230 1231; x_wconf 73' lang='grc' dir='ltr'>ψευδομάρτυρας.</span> 
     </span>
    </p>
   </div>
   <div class='ocr_carea' id='block_1_21' title="bbox 908 1253 2436 1320">
    <p class='ocr_par' dir='ltr' id='par_1_21' title="bbox 908 1254 1763 1317">
     <span class='ocr_line' id='line_1_21' title="bbox 908 1254 1763 1317; baseline -0.011 0"><span class='ocrx_word' id='word_1_105' title='bbox 908 1260 1136 1317; x_wconf 81' lang='lat' dir='ltr'><strong><em>Concilt&#39;i</em></strong></span> <span class='ocrx_word' id='word_1_106' title='bbox 1157 1256 1445 1313; x_wconf 78' lang='lat' dir='ltr'><strong><em>Laodiceni</em></strong></span> <span class='ocrx_word' id='word_1_107' title='bbox 1477 1272 1646 1310; x_wconf 84' lang='lat' dir='ltr'><strong><em>canon</em></strong></span> <span class='ocrx_word' id='word_1_108' title='bbox 1672 1254 1763 1309; x_wconf 67' lang='grc' dir='ltr'><strong><em>ει.</em></strong></span> 
     </span>
    </p>
   </div>
   <div class='ocr_carea' id='block_1_22' title="bbox 1996 1253 3524 1320">
    <p class='ocr_par' dir='ltr' id='par_1_22' title="bbox 2521 1253 3524 1320">
     <span class='ocr_line' id='line_1_22' title="bbox 2521 1253 3524 1320; baseline 0 -12"><span class='ocrx_word' id='word_1_109' title='bbox 2521 1255 2792 1309; x_wconf 77' lang='grc' dir='ltr'>Συνόδου</span> <span class='ocrx_word' id='word_1_110' title='bbox 2822 1255 3174 1320; x_wconf 80' lang='grc' dir='ltr'><strong><em>Λαοδικείας</em></strong></span> <span class='ocrx_word' id='word_1_111' title='bbox 3201 1255 3406 1308; x_wconf 79' lang='grc' dir='ltr'><em>κανὼν</em></span> <span class='ocrx_word' id='word_1_112' title='bbox 3430 1253 3524 1308; x_wconf 73' lang='grc' dir='ltr'>λδν.</span> 
     </span>
    </p>
   </div>
   <div class='ocr_carea' id='block_1_23' title="bbox 619 1346 2147 1423">
    <p class='ocr_par' dir='ltr' id='par_1_23' title="bbox 619 1346 2123 1423">
     <span class='ocr_line' id='line_1_23' title="bbox 619 1346 2123 1423; baseline -0.009 -11"><span class='ocrx_word' id='word_1_113' title='bbox 619 1357 690 1412; x_wconf 77' lang='grc'><strong><em>54</em></strong></span> <span class='ocrx_word' id='word_1_114' title='bbox 765 1353 923 1423; x_wconf 83' lang='lat' dir='ltr'><strong><em>Quod</em></strong></span> <span class='ocrx_word' id='word_1_115' title='bbox 987 1369 1097 1409; x_wconf 89' lang='lat' dir='ltr'><strong><em>non</em></strong></span> <span class='ocrx_word' id='word_1_116' title='bbox 1162 1360 1380 1422; x_wconf 77' lang='lat' dir='ltr'><strong><em>Oportet</em></strong></span> <span class='ocrx_word' id='word_1_117' title='bbox 1460 1363 1676 1404; x_wconf 91' lang='lat' dir='ltr'><strong><em>omnem</em></strong></span> <span class='ocrx_word' id='word_1_118' title='bbox 1747 1346 2123 1401; x_wconf 86' lang='lat' dir='ltr'><strong><em>Christianum</em></strong></span> 
     </span>
    </p>
   </div>
   <div class='ocr_carea' id='block_1_24' title="bbox 2240 1346 3768 1423">
    <p class='ocr_par' dir='ltr' id='par_1_24' title="bbox 2298 1346 3768 1418">
     <span class='ocr_line' id='line_1_24' title="bbox 2298 1346 3768 1418; baseline 0.001 -19"><span class='ocrx_word' id='word_1_119' title='bbox 2298 1346 2393 1401; x_wconf 86' lang='grc' dir='ltr'>λδ’.</span> <span class='ocrx_word' id='word_1_120' title='bbox 2436 1347 2559 1401; x_wconf 85' lang='grc' dir='ltr'>Ὅτι</span> <span class='ocrx_word' id='word_1_121' title='bbox 2591 1348 2651 1400; x_wconf 83' lang='grc' dir='ltr'><strong><em>οὐ</em></strong></span> <span class='ocrx_word' id='word_1_122' title='bbox 2691 1347 2774 1400; x_wconf 88' lang='grc' dir='ltr'><strong><em>δεῖ</em></strong></span> <span class='ocrx_word' id='word_1_123' title='bbox 2811 1348 2987 1400; x_wconf 88' lang='grc' dir='ltr'>πάντα</span> <span class='ocrx_word' id='word_1_124' title='bbox 3024 1347 3354 1418; x_wconf 73' lang='grc' dir='ltr'><strong><em>Χριστιανὸν</em></strong></span> <span class='ocrx_word' id='word_1_125' title='bbox 3399 1346 3768 1415; x_wconf 72' lang='grc' dir='ltr'><strong><em>ἐγκαταλείπειν</em></strong></span> 
     </span>
    </p>
   </div>
   <div class='ocr_carea' id='block_1_25' title="bbox 543 1436 2071 1517">
    <p class='ocr_par' dir='ltr' id='par_1_25' title="bbox 543 1438 2071 1517">
     <span class='ocr_line' id='line_1_25' title="bbox 543 1438 2071 1517; baseline -0.009 -13"><span class='ocrx_word' id='word_1_126' title='bbox 543 1449 746 1504; x_wconf 80' lang='lat' dir='ltr'><strong><em>Christi</em></strong></span> <span class='ocrx_word' id='word_1_127' title='bbox 828 1456 1098 1517; x_wconf 78' lang='lat' dir='ltr'><strong><em>martyres</em></strong></span> <span class='ocrx_word' id='word_1_128' title='bbox 1140 1444 1471 1513; x_wconf 84' lang='lat' dir='ltr'><strong><em>relinquere,</em></strong></span> <span class='ocrx_word' id='word_1_129' title='bbox 1513 1440 1680 1512; x_wconf 80' lang='lat'><strong><em>396</em></strong></span> <span class='ocrx_word' id='word_1_130' title='bbox 1729 1449 1782 1495; x_wconf 92' lang='lat' dir='ltr'><strong><em>et</em></strong></span> <span class='ocrx_word' id='word_1_131' title='bbox 1830 1439 1896 1493; x_wconf 87' lang='lat' dir='ltr'><strong><em>ad</em></strong></span> <span class='ocrx_word' id='word_1_132' title='bbox 1952 1438 2071 1492; x_wconf 59' lang='lat' dir='ltr'><strong><em>falsr</em></strong></span> 
     </span>
    </p>
   </div>
   <div class='ocr_carea' id='block_1_26' title="bbox 2240 1436 3768 1517">
    <p class='ocr_par' dir='ltr' id='par_1_26' title="bbox 2240 1436 3768 1509">
     <span class='ocr_line' id='line_1_26' title="bbox 2240 1436 3768 1509; baseline 0 -19"><span class='ocrx_word' id='word_1_133' title='bbox 2240 1438 2513 1509; x_wconf 82' lang='grc' dir='ltr'>μάρτυρας</span> <span class='ocrx_word' id='word_1_134' title='bbox 2554 1436 2813 1506; x_wconf 80' lang='grc' dir='ltr'>Χριστοῦ,</span> <span class='ocrx_word' id='word_1_135' title='bbox 2868 1438 2963 1491; x_wconf 66' lang='grc' dir='ltr'><strong><em>καλ⁸</em></strong></span> <span class='ocrx_word' id='word_1_136' title='bbox 3008 1438 3228 1491; x_wconf 77' lang='grc' dir='ltr'><strong><em>ἀπιέναι</em></strong></span> <span class='ocrx_word' id='word_1_137' title='bbox 3278 1436 3418 1505; x_wconf 75' lang='grc' dir='ltr'>πρὸς</span> <span class='ocrx_word' id='word_1_138' title='bbox 3451 1440 3569 1499; x_wconf 67' lang='grc' dir='ltr'>τοὺς</span> <span class='ocrx_word' id='word_1_139' title='bbox 3612 1437 3768 1506; x_wconf 70' lang='grc' dir='ltr'>ψευδο-</span> 
     </span>
    </p>
   </div>
   <div class='ocr_carea' id='block_1_27' title="bbox 542 1528 2070 1615">
    <p class='ocr_par' dir='ltr' id='par_1_27' title="bbox 542 1531 2070 1615">
     <span class='ocr_line' id='line_1_27' title="bbox 542 1531 2070 1615; baseline -0.009 -17"><span class='ocrx_word' id='word_1_140' title='bbox 542 1552 837 1615; x_wconf 81' lang='lat' dir='ltr'><strong><em>martyres,</em></strong></span> <span class='ocrx_word' id='word_1_141' title='bbox 900 1539 1005 1594; x_wconf 88' lang='lat' dir='ltr'><strong><em>hoc</em></strong></span> <span class='ocrx_word' id='word_1_142' title='bbox 1051 1547 1157 1602; x_wconf 89' lang='lat' dir='ltr'><strong><em>est,</em></strong></span> <span class='ocrx_word' id='word_1_143' title='bbox 1209 1536 1499 1591; x_wconf 72' lang='lat' dir='ltr'><strong><em>haereticos</em></strong></span> <span class='ocrx_word' id='word_1_144' title='bbox 1547 1534 1718 1597; x_wconf 86' lang='lat' dir='ltr'><strong><em>abire,</em></strong></span> <span class='ocrx_word' id='word_1_145' title='bbox 1753 1531 1834 1584; x_wconf 68' lang='lat' dir='ltr'><strong><em>vel</em></strong></span> <span class='ocrx_word' id='word_1_146' title='bbox 1882 1546 1979 1585; x_wconf 89' lang='lat' dir='ltr'><strong><em>eos</em></strong></span> <span class='ocrx_word' id='word_1_147' title='bbox 2027 1548 2070 1600; x_wconf 59' lang='lat' dir='ltr'><strong><em>qi</em></strong></span> 
     </span>
    </p>
   </div>
   <div class='ocr_carea' id='block_1_28' title="bbox 2239 1528 3767 1615">
    <p class='ocr_par' dir='ltr' id='par_1_28' title="bbox 2239 1528 3767 1602">
     <span class='ocr_line' id='line_1_28' title="bbox 2239 1528 3767 1602; baseline -0.002 -18"><span class='ocrx_word' id='word_1_148' title='bbox 2239 1529 2537 1602; x_wconf 82' lang='grc' dir='ltr'>μάρτυρας,</span> <span class='ocrx_word' id='word_1_149' title='bbox 2584 1530 2864 1583; x_wconf 77' lang='grc' dir='ltr'><strong><em>τουτέστιν</em></strong></span> <span class='ocrx_word' id='word_1_150' title='bbox 2898 1529 3189 1600; x_wconf 87' lang='grc' dir='ltr'>αἱρετικῶν</span> <span class='ocrx_word' id='word_1_151' title='bbox 3220 1530 3252 1602; x_wconf 82' lang='grc' dir='ltr'>ἦ</span> <span class='ocrx_word' id='word_1_152' title='bbox 3286 1529 3487 1590; x_wconf 74' lang='grc' dir='ltr'>αὐτοὺς</span> <span class='ocrx_word' id='word_1_153' title='bbox 3516 1528 3642 1600; x_wconf 74' lang='grc' dir='ltr'>πρὸς</span> <span class='ocrx_word' id='word_1_154' title='bbox 3669 1532 3767 1593; x_wconf 72' lang='grc' dir='ltr'>τοὺς</span> 
     </span>
    </p>
   </div>
   <div class='ocr_carea' id='block_1_29' title="bbox 543 1611 2071 1707">
    <p class='ocr_par' dir='ltr' id='par_1_29' title="bbox 543 1611 2071 1707">
     <span class='ocr_line' id='line_1_29' title="bbox 543 1611 2071 1707; baseline -0.011 -16"><span class='ocrx_word' id='word_1_155' title='bbox 543 1611 703 1707; x_wconf 79' lang='lat' dir='ltr'><strong><em>prius</em></strong></span> <span class='ocrx_word' id='word_1_156' title='bbox 728 1632 967 1689; x_wconf 63' lang='lat' dir='ltr'><strong><em>haretici</em></strong></span> <span class='ocrx_word' id='word_1_157' title='bbox 1014 1629 1186 1685; x_wconf 85' lang='lat' dir='ltr'><strong><em>l‘uere.</em></strong></span> <span class='ocrx_word' id='word_1_158' title='bbox 1246 1627 1311 1681; x_wconf 82' lang='lat' dir='ltr'><strong><em>Ili</em></strong></span> <span class='ocrx_word' id='word_1_159' title='bbox 1358 1627 1504 1681; x_wconf 88' lang='lat' dir='ltr'><strong><em>enim</em></strong></span> <span class='ocrx_word' id='word_1_160' title='bbox 1542 1632 1675 1681; x_wconf 87' lang='lat' dir='ltr'><strong><em>sunt</em></strong></span> <span class='ocrx_word' id='word_1_161' title='bbox 1714 1637 1745 1678; x_wconf 90' lang='lat' dir='ltr'><strong><em>a</em></strong></span> <span class='ocrx_word' id='word_1_162' title='bbox 1794 1620 1902 1677; x_wconf 90' lang='lat' dir='ltr'><strong><em>Deo</em></strong></span> <span class='ocrx_word' id='word_1_163' title='bbox 1938 1621 2071 1675; x_wconf 87' lang='lat' dir='ltr'><strong><em>alien</em></strong></span> 
     </span>
    </p>
   </div>
   <div class='ocr_carea' id='block_1_30' title="bbox 2243 1611 3771 1707">
    <p class='ocr_par' dir='ltr' id='par_1_30' title="bbox 2243 1611 3771 1694">
     <span class='ocr_line' id='line_1_30' title="bbox 2243 1611 3771 1694; baseline -0.001 -20"><span class='ocrx_word' id='word_1_164' title='bbox 2243 1621 2664 1694; x_wconf 74' lang='grc' dir='ltr'><strong><em>προειρημένους</em></strong></span> <span class='ocrx_word' id='word_1_165' title='bbox 2684 1621 2999 1692; x_wconf 77' lang='grc' dir='ltr'>αἱρετικοὺς</span> <span class='ocrx_word' id='word_1_166' title='bbox 3026 1620 3355 1690; x_wconf 81' lang='grc' dir='ltr'>γενομένους</span> <span class='ocrx_word' id='word_1_167' title='bbox 3377 1638 3390 1651; x_wconf 78' lang='lat'><strong>-</strong></span> <span class='ocrx_word' id='word_1_168' title='bbox 3423 1611 3565 1672; x_wconf 75' lang='grc' dir='ltr'>οῦτοι</span> <span class='ocrx_word' id='word_1_169' title='bbox 3588 1621 3682 1690; x_wconf 72' lang='grc' dir='ltr'><strong><em>γὰρ</em></strong></span> <span class='ocrx_word' id='word_1_170' title='bbox 3700 1621 3771 1672; x_wconf 80' lang='grc' dir='ltr'><strong><em>ἀλ-</em></strong></span> 
     </span>
    </p>
   </div>
   <div class='ocr_carea' id='block_1_31' title="bbox 545 1710 2073 1797">
    <p class='ocr_par' dir='ltr' id='par_1_31' title="bbox 545 1718 1751 1797">
     <span class='ocr_line' id='line_1_31' title="bbox 545 1718 1751 1797; baseline -0.012 -14"><span class='ocrx_word' id='word_1_171' title='bbox 545 1726 669 1784; x_wconf 88' lang='lat' dir='ltr'><strong><em>Sint</em></strong></span> <span class='ocrx_word' id='word_1_172' title='bbox 700 1741 835 1797; x_wconf 88' lang='lat' dir='ltr'><strong><em>ergo</em></strong></span> <span class='ocrx_word' id='word_1_173' title='bbox 860 1723 1150 1779; x_wconf 88' lang='lat' dir='ltr'><strong><em>anathema</em></strong></span> <span class='ocrx_word' id='word_1_174' title='bbox 1177 1719 1273 1790; x_wconf 84' lang='lat' dir='ltr'><strong><em>qui</em></strong></span> <span class='ocrx_word' id='word_1_175' title='bbox 1303 1718 1370 1774; x_wconf 84' lang='lat' dir='ltr'><strong><em>ad</em></strong></span> <span class='ocrx_word' id='word_1_176' title='bbox 1399 1732 1496 1773; x_wconf 87' lang='lat' dir='ltr'><strong><em>eos</em></strong></span> <span class='ocrx_word' id='word_1_177' title='bbox 1528 1719 1751 1771; x_wconf 71' lang='lat' dir='ltr'><strong><em>abeunt.</em></strong></span> 
     </span>
    </p>
   </div>
   <div class='ocr_carea' id='block_1_32' title="bbox 2245 1710 3773 1797">
    <p class='ocr_par' dir='ltr' id='par_1_32' title="bbox 2245 1710 3773 1784">
     <span class='ocr_line' id='line_1_32' title="bbox 2245 1710 3773 1784; baseline -0.005 -16"><span class='ocrx_word' id='word_1_178' title='bbox 2245 1715 2431 1784; x_wconf 69' lang='lat' dir='ltr'><strong><em>to‘rptm.</em></strong></span> <span class='ocrx_word' id='word_1_179' title='bbox 2461 1712 2554 1766; x_wconf 87' lang='grc' dir='ltr'><strong><em>τοῦ</em></strong></span> <span class='ocrx_word' id='word_1_180' title='bbox 2584 1712 2719 1766; x_wconf 83' lang='grc' dir='ltr'>Θεοῦ</span> <span class='ocrx_word' id='word_1_181' title='bbox 2753 1712 3133 1782; x_wconf 82' lang='grc' dir='ltr'>τυγχάνουσιν,</span> <span class='ocrx_word' id='word_1_182' title='bbox 3170 1712 3417 1765; x_wconf 78' lang='grc' dir='ltr'>ἔστωσαν</span> <span class='ocrx_word' id='word_1_183' title='bbox 3446 1710 3534 1764; x_wconf 78' lang='grc' dir='ltr'><strong><em>οῦν</em></strong></span> <span class='ocrx_word' id='word_1_184' title='bbox 3563 1710 3773 1778; x_wconf 77' lang='grc' dir='ltr'><strong><em>ἀνάθεμα</em></strong></span> 
     </span>
    </p>
   </div>
   <div class='ocr_carea' id='block_1_33' title="bbox 2160 1775 3110 1879">
    <p class='ocr_par' dir='ltr' id='par_1_33' title="bbox 2160 1775 3110 1879">
     <span class='ocr_line' id='line_1_33' title="bbox 2160 1775 3110 1879; baseline -0.004 -18"><span class='ocrx_word' id='word_1_185' title='bbox 2160 1775 2204 1830; x_wconf 72' lang='grc' dir='ltr'><strong>Β</strong></span> <span class='ocrx_word' id='word_1_186' title='bbox 2232 1809 2281 1861; x_wconf 80' lang='grc' dir='ltr'><strong><em>οί</em></strong></span> <span class='ocrx_word' id='word_1_187' title='bbox 2319 1775 2684 1879; x_wconf 76' lang='grc' dir='ltr'>άπερχόμενοι</span> <span class='ocrx_word' id='word_1_188' title='bbox 2722 1775 3110 1878; x_wconf 27' lang='grc' dir='ltr'>πρδςῖυαύτούς.</span> 
     </span>
    </p>
   </div>
   <div class='ocr_carea' id='block_1_34' title="bbox 618 1894 2146 1974">
    <p class='ocr_par' dir='ltr' id='par_1_34' title="bbox 618 1901 2123 1974">
     <span class='ocr_line' id='line_1_34' title="bbox 618 1901 2123 1974; baseline -0.005 -9"><span class='ocrx_word' id='word_1_189' title='bbox 618 1907 774 1965; x_wconf 83' lang='lat' dir='ltr'><strong>CAP.</strong></span> <span class='ocrx_word' id='word_1_190' title='bbox 808 1905 924 1965; x_wconf 80' lang='lat' dir='ltr'><strong>XII.</strong></span> <span class='ocrx_word' id='word_1_191' title='bbox 962 1936 1032 1947; x_wconf 93' lang='lat'><strong><em>——</em></strong></span> <span class='ocrx_word' id='word_1_192' title='bbox 1058 1903 1141 1959; x_wconf 88' lang='lat' dir='ltr'><strong><em>Ne</em></strong></span> <span class='ocrx_word' id='word_1_193' title='bbox 1167 1901 1403 1959; x_wconf 74' lang='lat' dir='ltr'><strong><em>hwretici</em></strong></span> <span class='ocrx_word' id='word_1_194' title='bbox 1421 1902 1701 1957; x_wconf 76' lang='lat' dir='ltr'><strong><em>ecclesiam</em></strong></span> <span class='ocrx_word' id='word_1_195' title='bbox 1728 1901 2123 1974; x_wconf 76' lang='lat' dir='ltr'><strong><em>ingrediantur.</em></strong></span> 
     </span>
    </p>
   </div>
   <div class='ocr_carea' id='block_1_35' title="bbox 2245 1894 3773 1974">
    <p class='ocr_par' dir='ltr' id='par_1_35' title="bbox 2303 1894 3773 1967">
     <span class='ocr_line' id='line_1_35' title="bbox 2303 1894 3773 1967; baseline -0.003 -14"><span class='ocrx_word' id='word_1_196' title='bbox 2303 1901 2552 1953; x_wconf 82' lang='grc' dir='ltr'><strong><em>ΚΕΦΛΛ.</em></strong></span> <span class='ocrx_word' id='word_1_197' title='bbox 2585 1900 2686 1952; x_wconf 83' lang='grc' dir='ltr'><strong><em>ΙΒ’.</em></strong></span> <span class='ocrx_word' id='word_1_198' title='bbox 2730 1929 2801 1940; x_wconf 91' lang='grc'><strong><em>--</em></strong></span> <span class='ocrx_word' id='word_1_199' title='bbox 2830 1898 2969 1967; x_wconf 81' lang='grc' dir='ltr'>Περὶ</span> <span class='ocrx_word' id='word_1_200' title='bbox 3013 1896 3120 1951; x_wconf 81' lang='grc' dir='ltr'><strong><em>τοῦ</em></strong></span> <span class='ocrx_word' id='word_1_201' title='bbox 3158 1895 3245 1966; x_wconf 79' lang='grc' dir='ltr'>μὴ</span> <span class='ocrx_word' id='word_1_202' title='bbox 3277 1897 3529 1951; x_wconf 78' lang='grc' dir='ltr'>εἱσιέναι</span> <span class='ocrx_word' id='word_1_203' title='bbox 3555 1894 3682 1962; x_wconf 80' lang='grc' dir='ltr'>τοὺς</span> <span class='ocrx_word' id='word_1_204' title='bbox 3706 1899 3773 1950; x_wconf 85' lang='lat' dir='ltr'><strong><em>al-</em></strong></span> 
     </span>
    </p>
   </div>
   <div class='ocr_carea' id='block_1_36' title="bbox 2222 1990 3155 2061">
    <p class='ocr_par' dir='ltr' id='par_1_36' title="bbox 2222 1990 3155 2061">
     <span class='ocr_line' id='line_1_36' title="bbox 2222 1990 3155 2061; baseline -0.002 -16"><span class='ocrx_word' id='word_1_205' title='bbox 2222 1992 2498 2061; x_wconf 81' lang='grc' dir='ltr'>ρετικοὺς</span> <span class='ocrx_word' id='word_1_206' title='bbox 2534 1994 2620 2058; x_wconf 82' lang='grc' dir='ltr'>εις</span> <span class='ocrx_word' id='word_1_207' title='bbox 2654 1990 2772 2058; x_wconf 80' lang='grc' dir='ltr'>τὴν</span> <span class='ocrx_word' id='word_1_208' title='bbox 2800 1990 3155 2050; x_wconf 72' lang='grc' dir='ltr'><strong><em>ἐκκλησίαν.</em></strong></span> 
     </span>
    </p>
   </div>
   <div class='ocr_carea' id='block_1_37' title="bbox 913 2081 2441 2149">
    <p class='ocr_par' dir='ltr' id='par_1_37' title="bbox 913 2083 1733 2143">
     <span class='ocr_line' id='line_1_37' title="bbox 913 2083 1733 2143; baseline -0.005 0"><span class='ocrx_word' id='word_1_209' title='bbox 913 2088 1137 2143; x_wconf 84' lang='lat' dir='ltr'><strong><em>Concilii</em></strong></span> <span class='ocrx_word' id='word_1_210' title='bbox 1165 2086 1447 2140; x_wconf 84' lang='lat' dir='ltr'><strong><em>Laodiceni</em></strong></span> <span class='ocrx_word' id='word_1_211' title='bbox 1472 2100 1640 2139; x_wconf 81' lang='lat' dir='ltr'><strong><em>conon</em></strong></span> <span class='ocrx_word' id='word_1_212' title='bbox 1678 2083 1733 2139; x_wconf 85' lang='lat'><strong><em>6.</em></strong></span> 
     </span>
    </p>
   </div>
   <div class='ocr_carea' id='block_1_38' title="bbox 1989 2081 3517 2149">
    <p class='ocr_par' dir='ltr' id='par_1_38' title="bbox 2528 2081 3517 2149">
     <span class='ocr_line' id='line_1_38' title="bbox 2528 2081 3517 2149; baseline -0.003 -11"><span class='ocrx_word' id='word_1_213' title='bbox 2528 2084 2801 2138; x_wconf 82' lang='grc' dir='ltr'>Συνόδου</span> <span class='ocrx_word' id='word_1_214' title='bbox 2830 2082 3177 2149; x_wconf 81' lang='grc' dir='ltr'><strong><em>Λαοδικείας</em></strong></span> <span class='ocrx_word' id='word_1_215' title='bbox 3207 2081 3416 2135; x_wconf 81' lang='grc' dir='ltr'><em>κανὼν</em></span> <span class='ocrx_word' id='word_1_216' title='bbox 3443 2081 3517 2147; x_wconf 79' lang='grc' dir='ltr'>ς’.</span> 
     </span>
    </p>
   </div>
   <div class='ocr_carea' id='block_1_39' title="bbox 612 2173 2140 2257">
    <p class='ocr_par' dir='ltr' id='par_1_39' title="bbox 612 2177 2128 2251">
     <span class='ocr_line' id='line_1_39' title="bbox 612 2177 2128 2251; baseline -0.003 -13"><span class='ocrx_word' id='word_1_217' title='bbox 612 2182 666 2238; x_wconf 82' lang='grc'>6.</span> <span class='ocrx_word' id='word_1_218' title='bbox 692 2180 810 2238; x_wconf 83' lang='lat' dir='ltr'><strong><em>Non</em></strong></span> <span class='ocrx_word' id='word_1_219' title='bbox 843 2182 1156 2251; x_wconf 75' lang='lat' dir='ltr'><strong><em>permittere</em></strong></span> <span class='ocrx_word' id='word_1_220' title='bbox 1203 2178 1488 2243; x_wconf 63' lang='lat' dir='ltr'><strong><em>haereticis,</em></strong></span> <span class='ocrx_word' id='word_1_221' title='bbox 1527 2186 1587 2232; x_wconf 91' lang='lat' dir='ltr'><strong><em>ut</em></strong></span> <span class='ocrx_word' id='word_1_222' title='bbox 1620 2177 1671 2230; x_wconf 92' lang='lat' dir='ltr'><strong><em>in</em></strong></span> <span class='ocrx_word' id='word_1_223' title='bbox 1743 2177 1968 2232; x_wconf 89' lang='lat' dir='ltr'><strong><em>domum</em></strong></span> <span class='ocrx_word' id='word_1_224' title='bbox 2025 2177 2128 2235; x_wconf 89' lang='lat' dir='ltr'><strong><em>Do—</em></strong></span> 
     </span>
    </p>
   </div>
   <div class='ocr_carea' id='block_1_40' title="bbox 2246 2173 3774 2257">
    <p class='ocr_par' dir='ltr' id='par_1_40' title="bbox 2306 2173 3774 2257">
     <span class='ocr_line' id='line_1_40' title="bbox 2306 2173 3774 2257; baseline -0.004 -25"><span class='ocrx_word' id='word_1_225' title='bbox 2306 2184 2382 2243; x_wconf 66' lang='lat' dir='ltr'><strong><em>g’.</em></strong></span> <span class='ocrx_word' id='word_1_226' title='bbox 2424 2178 2561 2247; x_wconf 75' lang='grc' dir='ltr'>Περὶ</span> <span class='ocrx_word' id='word_1_227' title='bbox 2595 2175 2691 2230; x_wconf 91' lang='grc' dir='ltr'><strong><em>τοῦ</em></strong></span> <span class='ocrx_word' id='word_1_228' title='bbox 2730 2176 2804 2247; x_wconf 80' lang='grc' dir='ltr'>μὴ</span> <span class='ocrx_word' id='word_1_229' title='bbox 2834 2178 3141 2257; x_wconf 67' lang='grc' dir='ltr'>συγχωρεῖν</span> <span class='ocrx_word' id='word_1_230' title='bbox 3171 2178 3288 2239; x_wconf 85' lang='grc' dir='ltr'>τοῖς</span> <span class='ocrx_word' id='word_1_231' title='bbox 3314 2174 3612 2245; x_wconf 85' lang='grc' dir='ltr'>αίρετικοῖς</span> <span class='ocrx_word' id='word_1_232' title='bbox 3638 2173 3774 2226; x_wconf 68' lang='lat' dir='ltr'><strong><em>elati-</em></strong></span> 
     </span>
    </p>
   </div>
   <div class='ocr_carea' id='block_1_41' title="bbox 545 2265 2073 2347">
    <p class='ocr_par' dir='ltr' id='par_1_41' title="bbox 545 2269 1890 2347">
     <span class='ocr_line' id='line_1_41' title="bbox 545 2269 1890 2347; baseline -0.007 -14"><span class='ocrx_word' id='word_1_233' title='bbox 545 2277 675 2333; x_wconf 82' lang='lat' dir='ltr'><strong><em>nimi</em></strong></span> <span class='ocrx_word' id='word_1_234' title='bbox 708 2272 1106 2347; x_wconf 84' lang='lat' dir='ltr'><strong><em>ingrediantur,</em></strong></span> <span class='ocrx_word' id='word_1_235' title='bbox 1131 2270 1174 2325; x_wconf 92' lang='lat' dir='ltr'><strong><em>si</em></strong></span> <span class='ocrx_word' id='word_1_236' title='bbox 1208 2271 1261 2325; x_wconf 86' lang='lat' dir='ltr'><strong><em>in</em></strong></span> <span class='ocrx_word' id='word_1_237' title='bbox 1290 2269 1481 2325; x_wconf 69' lang='lat' dir='ltr'><strong><em>haeresi</em></strong></span> <span class='ocrx_word' id='word_1_238' title='bbox 1512 2277 1890 2338; x_wconf 75' lang='lat' dir='ltr'><strong><em>permaneant.</em></strong></span> 
     </span>
    </p>
   </div>
   <div class='ocr_carea' id='block_1_42' title="bbox 2250 2265 3778 2347">
    <p class='ocr_par' dir='ltr' id='par_1_42' title="bbox 2250 2265 3778 2340">
     <span class='ocr_line' id='line_1_42' title="bbox 2250 2265 3778 2340; baseline -0.002 -17"><span class='ocrx_word' id='word_1_239' title='bbox 2250 2291 2320 2329; x_wconf 72' lang='lat' dir='ltr'><strong><em>tat.</em></strong></span> <span class='ocrx_word' id='word_1_240' title='bbox 2365 2274 2447 2338; x_wconf 89' lang='grc' dir='ltr'><strong><em>είς</em></strong></span> <span class='ocrx_word' id='word_1_241' title='bbox 2492 2272 2584 2326; x_wconf 80' lang='grc' dir='ltr'><strong><em>τὸν</em></strong></span> <span class='ocrx_word' id='word_1_242' title='bbox 2630 2265 2783 2324; x_wconf 72' lang='grc' dir='ltr'>οἷκον</span> <span class='ocrx_word' id='word_1_243' title='bbox 2827 2268 2924 2323; x_wconf 92' lang='grc' dir='ltr'><strong><em>τοῦ</em></strong></span> <span class='ocrx_word' id='word_1_244' title='bbox 2972 2268 3149 2335; x_wconf 88' lang='grc' dir='ltr'>Θεοῦ,</span> <span class='ocrx_word' id='word_1_245' title='bbox 3204 2268 3567 2340; x_wconf 73' lang='grc' dir='ltr'>ἐπιμένοντας</span> <span class='ocrx_word' id='word_1_246' title='bbox 3611 2270 3669 2338; x_wconf 77' lang='grc' dir='ltr'>τῇ</span> <span class='ocrx_word' id='word_1_247' title='bbox 3714 2269 3778 2321; x_wconf 77' lang='grc' dir='ltr'><strong><em>αξ-</em></strong></span> 
     </span>
    </p>
   </div>
   <div class='ocr_carea' id='block_1_43' title="bbox 2236 2371 2407 2443">
    <p class='ocr_par' dir='ltr' id='par_1_43' title="bbox 2236 2371 2407 2443">
     <span class='ocr_line' id='line_1_43' title="bbox 2236 2371 2407 2443; baseline -0.012 -18"><span class='ocrx_word' id='word_1_248' title='bbox 2236 2371 2407 2443; x_wconf 80' lang='grc' dir='ltr'>ρέσει.</span> 
     </span>
    </p>
   </div>
   <div class='ocr_carea' id='block_1_44' title="bbox 542 2453 2070 2532">
    <p class='ocr_par' dir='ltr' id='par_1_44' title="bbox 542 2460 2070 2532">
     <span class='ocr_line' id='line_1_44' title="bbox 542 2460 2070 2532; baseline -0.001 -13"><span class='ocrx_word' id='word_1_249' title='bbox 542 2478 545 2483; x_wconf 82' lang='lat'>&#39;</span> <span class='ocrx_word' id='word_1_250' title='bbox 613 2463 767 2519; x_wconf 86' lang='lat' dir='ltr'><strong>CAP.</strong></span> <span class='ocrx_word' id='word_1_251' title='bbox 800 2461 940 2519; x_wconf 78' lang='lat' dir='ltr'><strong>XIII.</strong></span> <span class='ocrx_word' id='word_1_252' title='bbox 965 2491 1029 2501; x_wconf 93' lang='lat'><strong>—</strong></span> <span class='ocrx_word' id='word_1_253' title='bbox 1066 2460 1142 2517; x_wconf 87' lang='lat' dir='ltr'><strong><em>De</em></strong></span> <span class='ocrx_word' id='word_1_254' title='bbox 1172 2462 1540 2517; x_wconf 59' lang='lat' dir='ltr'><strong><em>hereticorum</em></strong></span> <span class='ocrx_word' id='word_1_255' title='bbox 1571 2461 1771 2532; x_wconf 79' lang='lat' dir='ltr'><strong><em>nuptiis</em></strong></span> <span class='ocrx_word' id='word_1_256' title='bbox 1801 2477 1921 2515; x_wconf 79' lang='lat' dir='ltr'><strong><em>cum</em></strong></span> <span class='ocrx_word' id='word_1_257' title='bbox 1943 2462 2070 2517; x_wconf 61' lang='lat' dir='ltr'><strong><em>orthi</em></strong></span> 
     </span>
    </p>
   </div>
   <div class='ocr_carea' id='block_1_45' title="bbox 2249 2453 3777 2532">
    <p class='ocr_par' dir='ltr' id='par_1_45' title="bbox 2305 2453 3777 2530">
     <span class='ocr_line' id='line_1_45' title="bbox 2305 2453 3777 2530; baseline -0.008 -11"><span class='ocrx_word' id='word_1_258' title='bbox 2305 2462 2553 2519; x_wconf 81' lang='grc' dir='ltr'><strong><em>ΚΕΦΑΛ.</em></strong></span> <span class='ocrx_word' id='word_1_259' title='bbox 2598 2459 2697 2517; x_wconf 82' lang='lat' dir='ltr'><strong>II&quot;.</strong></span> <span class='ocrx_word' id='word_1_260' title='bbox 2745 2489 2816 2501; x_wconf 92' lang='lat'><strong><em>--</em></strong></span> <span class='ocrx_word' id='word_1_261' title='bbox 2862 2458 3002 2530; x_wconf 73' lang='grc' dir='ltr'>Περὶ</span> <span class='ocrx_word' id='word_1_262' title='bbox 3052 2455 3258 2529; x_wconf 71' lang='grc' dir='ltr'>γάμων</span> <span class='ocrx_word' id='word_1_263' title='bbox 3305 2453 3614 2527; x_wconf 72' lang='grc' dir='ltr'>αἱρετικῶν</span> <span class='ocrx_word' id='word_1_264' title='bbox 3657 2454 3777 2524; x_wconf 78' lang='grc' dir='ltr'>πρὸς</span> 
     </span>
    </p>
   </div>
   <div class='ocr_carea' id='block_1_46' title="bbox 543 2555 2071 2627">
    <p class='ocr_par' dir='ltr' id='par_1_46' title="bbox 543 2555 725 2609">
     <span class='ocr_line' id='line_1_46' title="bbox 543 2555 725 2609; baseline -0.005 0"><span class='ocrx_word' id='word_1_265' title='bbox 543 2555 725 2609; x_wconf 65' lang='lat' dir='ltr'><strong><em>dorsis.</em></strong></span> 
     </span>
    </p>
   </div>
   <div class='ocr_carea' id='block_1_47' title="bbox 1086 2555 2614 2627">
    <p class='ocr_par' dir='ltr' id='par_1_47' title="bbox 2230 2556 2614 2627">
     <span class='ocr_line' id='line_1_47' title="bbox 2230 2556 2614 2627; baseline -0.013 -13"><span class='ocrx_word' id='word_1_266' title='bbox 2230 2556 2614 2627; x_wconf 79' lang='grc' dir='ltr'>ὀρθοδόξους.</span> 
     </span>
    </p>
   </div>
   <div class='ocr_carea' id='block_1_48' title="bbox 813 2640 2341 2711">
    <p class='ocr_par' dir='ltr' id='par_1_48' title="bbox 813 2640 1864 2704">
     <span class='ocr_line' id='line_1_48' title="bbox 813 2640 1864 2704; baseline -0.003 -4"><span class='ocrx_word' id='word_1_267' title='bbox 813 2642 1044 2700; x_wconf 85' lang='lat' dir='ltr'><strong><em>Concilii</em></strong></span> <span class='ocrx_word' id='word_1_268' title='bbox 1075 2640 1361 2697; x_wconf 80' lang='lat' dir='ltr'><strong><em>Laodicem&#39;</em></strong></span> <span class='ocrx_word' id='word_1_269' title='bbox 1400 2658 1624 2697; x_wconf 78' lang='lat' dir='ltr'><strong><em>canones</em></strong></span> <span class='ocrx_word' id='word_1_270' title='bbox 1657 2641 1746 2704; x_wconf 86' lang='lat' dir='ltr'><strong><em>l0.</em></strong></span> <span class='ocrx_word' id='word_1_271' title='bbox 1774 2642 1864 2697; x_wconf 78' lang='lat'><strong><em>5|.</em></strong></span> 
     </span>
    </p>
   </div>
   <div class='ocr_carea' id='block_1_49' title="bbox 2060 2640 3588 2711">
    <p class='ocr_par' dir='ltr' id='par_1_49' title="bbox 2464 2642 3588 2711">
     <span class='ocr_line' id='line_1_49' title="bbox 2464 2642 3588 2711; baseline -0.005 -8"><span class='ocrx_word' id='word_1_272' title='bbox 2464 2647 2735 2703; x_wconf 79' lang='grc' dir='ltr'>Συνόδου</span> <span class='ocrx_word' id='word_1_273' title='bbox 2773 2644 3121 2711; x_wconf 81' lang='grc' dir='ltr'><em>Λαοδικείας</em></span> <span class='ocrx_word' id='word_1_274' title='bbox 3156 2645 3364 2699; x_wconf 76' lang='grc' dir='ltr'><em>κανὼν</em></span> <span class='ocrx_word' id='word_1_275' title='bbox 3399 2650 3453 2707; x_wconf 80' lang='grc' dir='ltr'>ι’,</span> <span class='ocrx_word' id='word_1_276' title='bbox 3490 2642 3588 2697; x_wconf 79' lang='grc' dir='ltr'>λα’.</span> 
     </span>
    </p>
   </div>
   <div class='ocr_carea' id='block_1_50' title="bbox 613 2733 2141 2812">
    <p class='ocr_par' dir='ltr' id='par_1_50' title="bbox 613 2733 2128 2807">
     <span class='ocr_line' id='line_1_50' title="bbox 613 2733 2128 2807; baseline -0.003 -13"><span class='ocrx_word' id='word_1_277' title='bbox 613 2738 701 2794; x_wconf 69' lang='lat' dir='ltr'><strong><em>l0.</em></strong></span> <span class='ocrx_word' id='word_1_278' title='bbox 736 2736 855 2793; x_wconf 86' lang='lat' dir='ltr'><strong><em>Non</em></strong></span> <span class='ocrx_word' id='word_1_279' title='bbox 880 2746 1130 2807; x_wconf 81' lang='lat' dir='ltr'><strong><em>oportere</em></strong></span> <span class='ocrx_word' id='word_1_280' title='bbox 1154 2750 1251 2790; x_wconf 89' lang='lat' dir='ltr'><strong><em>eos</em></strong></span> <span class='ocrx_word' id='word_1_281' title='bbox 1280 2735 1373 2805; x_wconf 87' lang='lat' dir='ltr'><strong><em>qui</em></strong></span> <span class='ocrx_word' id='word_1_282' title='bbox 1414 2744 1544 2789; x_wconf 90' lang='lat' dir='ltr'><strong><em>sunt</em></strong></span> <span class='ocrx_word' id='word_1_283' title='bbox 1568 2734 1841 2799; x_wconf 75' lang='lat' dir='ltr'><strong><em>Ecclesiae,</em></strong></span> <span class='ocrx_word' id='word_1_284' title='bbox 1873 2733 2128 2791; x_wconf 72' lang='lat' dir='ltr'><strong><em>Indiscri-</em></strong></span> 
     </span>
    </p>
   </div>
   <div class='ocr_carea' id='block_1_51' title="bbox 2248 2733 3776 2812">
    <p class='ocr_par' dir='ltr' id='par_1_51' title="bbox 2306 2735 3776 2812">
     <span class='ocr_line' id='line_1_51' title="bbox 2306 2735 3776 2812; baseline -0.004 -19"><span class='ocrx_word' id='word_1_285' title='bbox 2306 2747 2357 2799; x_wconf 81' lang='grc' dir='ltr'>ι’.</span> <span class='ocrx_word' id='word_1_286' title='bbox 2383 2741 2518 2812; x_wconf 76' lang='grc' dir='ltr'>Περὶ</span> <span class='ocrx_word' id='word_1_287' title='bbox 2537 2739 2631 2794; x_wconf 86' lang='grc' dir='ltr'><strong><em>τοῦ</em></strong></span> <span class='ocrx_word' id='word_1_288' title='bbox 2660 2740 2734 2811; x_wconf 80' lang='grc' dir='ltr'>μὴ</span> <span class='ocrx_word' id='word_1_289' title='bbox 2751 2740 2861 2793; x_wconf 85' lang='grc' dir='ltr'>δεῖν</span> <span class='ocrx_word' id='word_1_290' title='bbox 2885 2738 3012 2802; x_wconf 78' lang='grc' dir='ltr'>τοὺς</span> <span class='ocrx_word' id='word_1_291' title='bbox 3034 2738 3134 2808; x_wconf 80' lang='grc' dir='ltr'><strong><em>τῆς</em></strong></span> <span class='ocrx_word' id='word_1_292' title='bbox 3159 2736 3493 2808; x_wconf 84' lang='grc' dir='ltr'>Ἐκκλησίας</span> <span class='ocrx_word' id='word_1_293' title='bbox 3516 2735 3776 2806; x_wconf 69' lang='grc' dir='ltr'>ἀδιαφόρως</span> 
     </span>
    </p>
   </div>
   <div class='ocr_carea' id='block_1_52' title="bbox 542 2826 2070 2904">
    <p class='ocr_par' dir='ltr' id='par_1_52' title="bbox 542 2826 2070 2899">
     <span class='ocr_line' id='line_1_52' title="bbox 542 2826 2070 2899; baseline -0.002 -14"><span class='ocrx_word' id='word_1_294' title='bbox 542 2830 795 2886; x_wconf 77' lang='lat' dir='ltr'><strong><em>minatitn</em></strong></span> <span class='ocrx_word' id='word_1_295' title='bbox 832 2845 964 2886; x_wconf 89' lang='lat' dir='ltr'><strong><em>suos</em></strong></span> <span class='ocrx_word' id='word_1_296' title='bbox 1009 2828 1151 2885; x_wconf 88' lang='lat' dir='ltr'><strong><em>lilios</em></strong></span> <span class='ocrx_word' id='word_1_297' title='bbox 1195 2827 1469 2883; x_wconf 74' lang='lat' dir='ltr'><strong><em>haereticis</em></strong></span> <span class='ocrx_word' id='word_1_298' title='bbox 1502 2826 1854 2881; x_wconf 83' lang='lat' dir='ltr'><strong><em>matrimonio</em></strong></span> <span class='ocrx_word' id='word_1_299' title='bbox 1890 2828 2070 2899; x_wconf 81' lang='lat' dir='ltr'><strong><em>conjui</em></strong></span> 
     </span>
    </p>
   </div>
   <div class='ocr_carea' id='block_1_53' title="bbox 2250 2826 3778 2904">
    <p class='ocr_par' dir='ltr' id='par_1_53' title="bbox 2250 2826 3778 2904">
     <span class='ocr_line' id='line_1_53' title="bbox 2250 2826 3778 2904; baseline -0.007 -17"><span class='ocrx_word' id='word_1_300' title='bbox 2250 2835 2373 2904; x_wconf 80' lang='grc' dir='ltr'>πρὸς</span> <span class='ocrx_word' id='word_1_301' title='bbox 2402 2833 2583 2902; x_wconf 85' lang='grc' dir='ltr'>γάμου</span> <span class='ocrx_word' id='word_1_302' title='bbox 2630 2830 2914 2885; x_wconf 81' lang='grc' dir='ltr'>κοινωνίαν</span> <span class='ocrx_word' id='word_1_303' title='bbox 2955 2829 3249 2883; x_wconf 80' lang='grc' dir='ltr'>συνάπτειν</span> <span class='ocrx_word' id='word_1_304' title='bbox 3279 2828 3357 2881; x_wconf 77' lang='grc' dir='ltr'><strong><em>τά</em></strong></span> <span class='ocrx_word' id='word_1_305' title='bbox 3393 2827 3597 2882; x_wconf 74' lang='grc' dir='ltr'>ἑαυτῶν</span> <span class='ocrx_word' id='word_1_306' title='bbox 3627 2826 3778 2881; x_wconf 75' lang='grc' dir='ltr'>παιδία</span> 
     </span>
    </p>
   </div>
   <div class='ocr_carea' id='block_1_54' title="bbox 544 2927 2072 2996">
    <p class='ocr_par' dir='ltr' id='par_1_54' title="bbox 544 2938 692 2992">
     <span class='ocr_line' id='line_1_54' title="bbox 544 2938 692 2992; baseline -0.007 -16"><span class='ocrx_word' id='word_1_307' title='bbox 544 2938 692 2992; x_wconf 82' lang='lat' dir='ltr'><strong><em>gere.</em></strong></span> 
     </span>
    </p>
   </div>
   <div class='ocr_carea' id='block_1_55' title="bbox 1024 2927 2552 2996">
    <p class='ocr_par' dir='ltr' id='par_1_55' title="bbox 2234 2927 2552 2996">
     <span class='ocr_line' id='line_1_55' title="bbox 2234 2927 2552 2996; baseline -0.006 -15"><span class='ocrx_word' id='word_1_308' title='bbox 2234 2927 2552 2996; x_wconf 80' lang='grc' dir='ltr'>αίρετικοῖς.</span> 
     </span>
    </p>
   </div>
   <div class='ocr_carea' id='block_1_56' title="bbox 616 3012 2144 3086">
    <p class='ocr_par' dir='ltr' id='par_1_56' title="bbox 616 3012 2127 3082">
     <span class='ocr_line' id='line_1_56' title="bbox 616 3012 2127 3082; baseline -0.001 -13"><span class='ocrx_word' id='word_1_309' title='bbox 616 3015 706 3070; x_wconf 78' lang='grc'><strong><em>51.</em></strong></span> <span class='ocrx_word' id='word_1_310' title='bbox 747 3013 904 3082; x_wconf 82' lang='lat' dir='ltr'><strong><em>Quod</em></strong></span> <span class='ocrx_word' id='word_1_311' title='bbox 950 3029 1059 3068; x_wconf 91' lang='lat' dir='ltr'><strong><em>non</em></strong></span> <span class='ocrx_word' id='word_1_312' title='bbox 1102 3022 1316 3081; x_wconf 83' lang='lat' dir='ltr'><strong><em>oportet</em></strong></span> <span class='ocrx_word' id='word_1_313' title='bbox 1357 3027 1480 3068; x_wconf 91' lang='lat' dir='ltr'><strong><em>cum</em></strong></span> <span class='ocrx_word' id='word_1_314' title='bbox 1516 3013 1664 3066; x_wconf 91' lang='lat' dir='ltr'><strong><em>omni</em></strong></span> <span class='ocrx_word' id='word_1_315' title='bbox 1714 3012 1976 3068; x_wconf 73' lang='lat' dir='ltr'><strong><em>hrcretico</em></strong></span> <span class='ocrx_word' id='word_1_316' title='bbox 2012 3029 2127 3067; x_wconf 86' lang='lat' dir='ltr'><strong><em>ma-</em></strong></span> 
     </span>
    </p>
   </div>
   <div class='ocr_carea' id='block_1_57' title="bbox 2253 3012 3781 3086">
    <p class='ocr_par' dir='ltr' id='par_1_57' title="bbox 2304 3012 3781 3086">
     <span class='ocr_line' id='line_1_57' title="bbox 2304 3012 3781 3086; baseline -0.003 -17"><span class='ocrx_word' id='word_1_317' title='bbox 2304 3018 2407 3072; x_wconf 87' lang='grc' dir='ltr'>λα’.</span> <span class='ocrx_word' id='word_1_318' title='bbox 2436 3018 2559 3070; x_wconf 87' lang='grc' dir='ltr'>Ὀτι</span> <span class='ocrx_word' id='word_1_319' title='bbox 2590 3016 2648 3069; x_wconf 88' lang='grc' dir='ltr'><strong><em>ού</em></strong></span> <span class='ocrx_word' id='word_1_320' title='bbox 2675 3016 2755 3069; x_wconf 87' lang='grc' dir='ltr'><strong><em>δεῖ</em></strong></span> <span class='ocrx_word' id='word_1_321' title='bbox 2783 3014 2918 3086; x_wconf 76' lang='grc' dir='ltr'>πρὸς</span> <span class='ocrx_word' id='word_1_322' title='bbox 2944 3013 3154 3076; x_wconf 79' lang='grc' dir='ltr'>πάντας</span> <span class='ocrx_word' id='word_1_323' title='bbox 3179 3014 3497 3083; x_wconf 74' lang='grc' dir='ltr'>αίρετικοὺς</span> <span class='ocrx_word' id='word_1_324' title='bbox 3524 3012 3781 3082; x_wconf 74' lang='grc' dir='ltr'>ἐπιγαμίαν</span> 
     </span>
    </p>
   </div>
   <div class='ocr_carea' id='block_1_58' title="bbox 546 3105 2074 3188">
    <p class='ocr_par' dir='ltr' id='par_1_58' title="bbox 546 3106 2074 3170">
     <span class='ocr_line' id='line_1_58' title="bbox 546 3106 2074 3170; baseline 0.001 -8"><span class='ocrx_word' id='word_1_325' title='bbox 546 3107 866 3163; x_wconf 84' lang='lat' dir='ltr'><strong><em>trimonium</em></strong></span> <span class='ocrx_word' id='word_1_326' title='bbox 913 3107 1262 3170; x_wconf 88' lang='lat' dir='ltr'><strong><em>contrahere,</em></strong></span> <span class='ocrx_word' id='word_1_327' title='bbox 1292 3106 1375 3160; x_wconf 78' lang='lat' dir='ltr'><strong><em>vel</em></strong></span> <span class='ocrx_word' id='word_1_328' title='bbox 1421 3107 1552 3160; x_wconf 86' lang='lat' dir='ltr'><strong><em>dare</em></strong></span> <span class='ocrx_word' id='word_1_329' title='bbox 1602 3106 1743 3162; x_wconf 91' lang='lat' dir='ltr'><strong><em>ﬁlios</em></strong></span> <span class='ocrx_word' id='word_1_330' title='bbox 1799 3115 1897 3161; x_wconf 84' lang='lat' dir='ltr'><strong><em>aut</em></strong></span> <span class='ocrx_word' id='word_1_331' title='bbox 1944 3107 2074 3163; x_wconf 82' lang='lat' dir='ltr'><strong><em>ﬁlias</em></strong></span> 
     </span>
    </p>
   </div>
   <div class='ocr_carea' id='block_1_59' title="bbox 2250 3105 3778 3188">
    <p class='ocr_par' dir='ltr' id='par_1_59' title="bbox 2250 3105 3778 3181">
     <span class='ocr_line' id='line_1_59' title="bbox 2250 3105 3778 3181; baseline -0.005 -17"><span class='ocrx_word' id='word_1_332' title='bbox 2250 3112 2430 3175; x_wconf 80' lang='grc' dir='ltr'>ποιεῖν,</span> <span class='ocrx_word' id='word_1_333' title='bbox 2466 3109 2499 3181; x_wconf 79' lang='grc' dir='ltr'>ἢ</span> <span class='ocrx_word' id='word_1_334' title='bbox 2547 3108 2748 3163; x_wconf 85' lang='grc' dir='ltr'>διδόναι</span> <span class='ocrx_word' id='word_1_335' title='bbox 2790 3108 2940 3170; x_wconf 79' lang='grc' dir='ltr'>υίοὺς</span> <span class='ocrx_word' id='word_1_336' title='bbox 2980 3107 3014 3177; x_wconf 74' lang='grc' dir='ltr'><strong>ἢ</strong></span> <span class='ocrx_word' id='word_1_337' title='bbox 3058 3107 3392 3175; x_wconf 80' lang='grc' dir='ltr'>θυγατέρας,</span> <span class='ocrx_word' id='word_1_338' title='bbox 3442 3105 3576 3159; x_wconf 81' lang='grc' dir='ltr'>ἀλλὰ</span> <span class='ocrx_word' id='word_1_339' title='bbox 3620 3105 3778 3176; x_wconf 78' lang='grc' dir='ltr'>μᾶλλον</span> 
     </span>
    </p>
   </div>
   <div class='ocr_carea' id='block_1_60' title="bbox 546 3197 2074 3275">
    <p class='ocr_par' dir='ltr' id='par_1_60' title="bbox 546 3197 2074 3269">
     <span class='ocr_line' id='line_1_60' title="bbox 546 3197 2074 3269; baseline 0.001 -18"><span class='ocrx_word' id='word_1_340' title='bbox 546 3197 641 3252; x_wconf 87' lang='lat' dir='ltr'><strong><em>sed</em></strong></span> <span class='ocrx_word' id='word_1_341' title='bbox 680 3197 854 3267; x_wconf 75' lang='lat' dir='ltr'><strong><em>magis</em></strong></span> <span class='ocrx_word' id='word_1_342' title='bbox 886 3197 1135 3267; x_wconf 82' lang='lat' dir='ltr'><strong><em>accipere</em></strong></span> <span class='ocrx_word' id='word_1_343' title='bbox 1191 3197 1239 3253; x_wconf 86' lang='lat' dir='ltr'><strong><em>si</em></strong></span> <span class='ocrx_word' id='word_1_344' title='bbox 1269 3213 1329 3253; x_wconf 87' lang='lat' dir='ltr'><strong><em>se</em></strong></span> <span class='ocrx_word' id='word_1_345' title='bbox 1360 3198 1703 3254; x_wconf 84' lang='lat' dir='ltr'><strong><em>Christianos</em></strong></span> <span class='ocrx_word' id='word_1_346' title='bbox 1750 3197 1963 3254; x_wconf 81' lang='lat' dir='ltr'><strong><em>futuros</em></strong></span> <span class='ocrx_word' id='word_1_347' title='bbox 1995 3212 2074 3269; x_wconf 77' lang='lat' dir='ltr'><strong><em>prt</em></strong></span> 
     </span>
    </p>
   </div>
   <div class='ocr_carea' id='block_1_61' title="bbox 2249 3197 3777 3275">
    <p class='ocr_par' dir='ltr' id='par_1_61' title="bbox 2249 3198 3777 3275">
     <span class='ocr_line' id='line_1_61' title="bbox 2249 3198 3777 3275; baseline -0.004 -19"><span class='ocrx_word' id='word_1_348' title='bbox 2249 3202 2557 3275; x_wconf 67' lang='grc' dir='ltr'>λαμϐάνειν,</span> <span class='ocrx_word' id='word_1_349' title='bbox 2608 3202 2662 3256; x_wconf 85' lang='grc' dir='ltr'><strong><em>εῐ</em></strong></span> <span class='ocrx_word' id='word_1_350' title='bbox 2708 3219 2771 3270; x_wconf 90' lang='grc' dir='ltr'><strong><em>γε</em></strong></span> <span class='ocrx_word' id='word_1_351' title='bbox 2824 3200 3249 3269; x_wconf 79' lang='grc' dir='ltr'>ἐπαγγέλλωντο</span> <span class='ocrx_word' id='word_1_352' title='bbox 3298 3198 3617 3271; x_wconf 76' lang='grc' dir='ltr'>Χριστιανοὶ</span> <span class='ocrx_word' id='word_1_353' title='bbox 3656 3199 3777 3267; x_wconf 75' lang='grc' dir='ltr'>γενέ-</span> 
     </span>
    </p>
   </div>
   <div class='ocr_carea' id='block_1_62' title="bbox 546 3286 2074 3351">
    <p class='ocr_par' dir='ltr' id='par_1_62' title="bbox 546 3286 827 3342">
     <span class='ocr_line' id='line_1_62' title="bbox 546 3286 827 3342; baseline 0 -2"><span class='ocrx_word' id='word_1_354' title='bbox 546 3286 827 3342; x_wconf 75' lang='lat' dir='ltr'><strong><em>ﬁteantur.</em></strong></span> 
     </span>
    </p>
   </div>
   <div class='ocr_carea' id='block_1_63' title="bbox 861 3286 2389 3351">
    <p class='ocr_par' dir='ltr' id='par_1_63' title="bbox 2239 3294 2389 3351">
     <span class='ocr_line' id='line_1_63' title="bbox 2239 3294 2389 3351; baseline 0.013 -2"><span class='ocrx_word' id='word_1_355' title='bbox 2239 3294 2389 3351; x_wconf 56' lang='grc' dir='ltr'>σθαμ</span> 
     </span>
    </p>
   </div>
   <div class='ocr_carea' id='block_1_64' title="bbox 829 3465 2357 3546">
    <p class='ocr_par' dir='ltr' id='par_1_64' title="bbox 829 3465 1841 3523">
     <span class='ocr_line' id='line_1_64' title="bbox 829 3465 1841 3523; baseline 0.001 -2"><span class='ocrx_word' id='word_1_356' title='bbox 829 3466 1059 3521; x_wconf 82' lang='lat' dir='ltr'><strong><em>Concilii</em></strong></span> <span class='ocrx_word' id='word_1_357' title='bbox 1089 3465 1530 3523; x_wconf 84' lang='lat' dir='ltr'><strong><em>Chalcedonensis</em></strong></span> <span class='ocrx_word' id='word_1_358' title='bbox 1551 3483 1721 3520; x_wconf 86' lang='lat' dir='ltr'><strong><em>canon</em></strong></span> <span class='ocrx_word' id='word_1_359' title='bbox 1752 3467 1841 3522; x_wconf 69' lang='lat' dir='ltr'><strong><em>ﬂ.</em></strong></span> 
     </span>
    </p>
   </div>
   <div class='ocr_carea' id='block_1_65' title="bbox 2019 3465 3547 3546">
    <p class='ocr_par' dir='ltr' id='par_1_65' title="bbox 2518 3477 3547 3546">
     <span class='ocr_line' id='line_1_65' title="bbox 2518 3477 3547 3546; baseline -0.001 -12"><span class='ocrx_word' id='word_1_360' title='bbox 2518 3478 2789 3534; x_wconf 82' lang='grc' dir='ltr'>Συνόδου</span> <span class='ocrx_word' id='word_1_361' title='bbox 2818 3477 3207 3546; x_wconf 75' lang='grc' dir='ltr'><strong><em>Χαλκηδόνος</em></strong></span> <span class='ocrx_word' id='word_1_362' title='bbox 3233 3478 3442 3532; x_wconf 75' lang='grc' dir='ltr'><em>κανὼν</em></span> <span class='ocrx_word' id='word_1_363' title='bbox 3470 3478 3547 3533; x_wconf 88' lang='grc' dir='ltr'>ιδ’.</span> 
     </span>
    </p>
   </div>
   <div class='ocr_carea' id='block_1_66' title="bbox 620 3559 2148 3645">
    <p class='ocr_par' dir='ltr' id='par_1_66' title="bbox 620 3559 2124 3630">
     <span class='ocr_line' id='line_1_66' title="bbox 620 3559 2124 3630; baseline 0.001 -17"><span class='ocrx_word' id='word_1_364' title='bbox 620 3559 706 3615; x_wconf 73' lang='grc'><strong><em>14.</em></strong></span> <span class='ocrx_word' id='word_1_365' title='bbox 760 3559 1030 3626; x_wconf 83' lang='lat' dir='ltr'><strong><em>Quoniam</em></strong></span> <span class='ocrx_word' id='word_1_366' title='bbox 1068 3560 1123 3613; x_wconf 90' lang='lat' dir='ltr'><strong><em>in</em></strong></span> <span class='ocrx_word' id='word_1_367' title='bbox 1147 3560 1429 3614; x_wconf 91' lang='lat' dir='ltr'><strong><em>nonnullis</em></strong></span> <span class='ocrx_word' id='word_1_368' title='bbox 1474 3561 1769 3630; x_wconf 83' lang='lat' dir='ltr'><strong><em>provinciis</em></strong></span> <span class='ocrx_word' id='word_1_369' title='bbox 1804 3575 2124 3617; x_wconf 73' lang='lat' dir='ltr'><strong><em>concessum</em></strong></span> 
     </span>
    </p>
   </div>
   <div class='ocr_carea' id='block_1_67' title="bbox 2255 3559 3783 3645">
    <p class='ocr_par' dir='ltr' id='par_1_67' title="bbox 2311 3571 3783 3645">
     <span class='ocr_line' id='line_1_67' title="bbox 2311 3571 3783 3645; baseline -0.003 -18"><span class='ocrx_word' id='word_1_370' title='bbox 2311 3573 2389 3627; x_wconf 79' lang='grc' dir='ltr'>ιδ’.</span> <span class='ocrx_word' id='word_1_371' title='bbox 2421 3572 2644 3645; x_wconf 84' lang='grc' dir='ltr'>Ἐπειδὴ</span> <span class='ocrx_word' id='word_1_372' title='bbox 2674 3572 2730 3627; x_wconf 76' lang='grc' dir='ltr'>ἐν</span> <span class='ocrx_word' id='word_1_373' title='bbox 2763 3590 2905 3627; x_wconf 88' lang='grc' dir='ltr'>τισιν</span> <span class='ocrx_word' id='word_1_374' title='bbox 2934 3572 3228 3644; x_wconf 74' lang='grc' dir='ltr'>ἐπαρχίαις</span> <span class='ocrx_word' id='word_1_375' title='bbox 3257 3571 3671 3643; x_wconf 78' lang='grc' dir='ltr'>συγκεχώρηται</span> <span class='ocrx_word' id='word_1_376' title='bbox 3696 3571 3783 3633; x_wconf 79' lang='grc' dir='ltr'>τοῖς</span> 
     </span>
    </p>
   </div>
   <div class='ocr_carea' id='block_1_68' title="bbox 545 3652 2073 3735">
    <p class='ocr_par' dir='ltr' id='par_1_68' title="bbox 545 3652 1525 3723">
     <span class='ocr_line' id='line_1_68' title="bbox 545 3652 1525 3723; baseline -0.002 -14"><span class='ocrx_word' id='word_1_377' title='bbox 545 3662 632 3710; x_wconf 86' lang='lat' dir='ltr'><strong><em>est</em></strong></span> <span class='ocrx_word' id='word_1_378' title='bbox 655 3653 973 3719; x_wconf 85' lang='lat' dir='ltr'><strong><em>lectoribus,</em></strong></span> <span class='ocrx_word' id='word_1_379' title='bbox 1012 3663 1117 3707; x_wconf 89' lang='lat' dir='ltr'><strong><em>etc.</em></strong></span> <span class='ocrx_word' id='word_1_380' title='bbox 1150 3660 1207 3705; x_wconf 87' lang='lat' dir='ltr'><strong><em>ut</em></strong></span> <span class='ocrx_word' id='word_1_381' title='bbox 1245 3667 1366 3723; x_wconf 79' lang='lat' dir='ltr'><strong><em>pag.</em></strong></span> <span class='ocrx_word' id='word_1_382' title='bbox 1401 3652 1525 3707; x_wconf 87' lang='lat'><strong>779.</strong></span> 
     </span>
    </p>
   </div>
   <div class='ocr_carea' id='block_1_69' title="bbox 1371 3652 2899 3735">
    <p class='ocr_par' dir='ltr' id='par_1_69' title="bbox 1401 3652 2899 3735">
     <span class='ocr_line' id='line_1_69' title="bbox 1401 3652 2899 3735; baseline 0.01 -31"><span class='ocrx_word' id='word_1_383' title='bbox 1401 3652 1525 3707; x_wconf 87' lang='lat'><strong>779.</strong></span> <span class='ocrx_word' id='word_1_384' title='bbox 2240 3665 2635 3735; x_wconf 76' lang='grc' dir='ltr'>ἀναγνώσταις,</span> <span class='ocrx_word' id='word_1_385' title='bbox 2671 3684 2725 3720; x_wconf 90' lang='grc' dir='ltr'><strong><em>κ.</em></strong></span> <span class='ocrx_word' id='word_1_386' title='bbox 2759 3685 2810 3721; x_wconf 92' lang='grc' dir='ltr'>τ.</span> <span class='ocrx_word' id='word_1_387' title='bbox 2848 3664 2899 3719; x_wconf 90' lang='grc' dir='ltr'><strong><em>λ.</em></strong></span> 
     </span>
    </p>
   </div>
   <div class='ocr_carea' id='block_1_70' title="bbox 822 3745 2350 3826">
    <p class='ocr_par' dir='ltr' id='par_1_70' title="bbox 822 3745 1841 3817">
     <span class='ocr_line' id='line_1_70' title="bbox 822 3745 1841 3817; baseline 0.003 -17"><span class='ocrx_word' id='word_1_388' title='bbox 822 3746 1050 3800; x_wconf 75' lang='lat' dir='ltr'><strong><em>Concilii</em></strong></span> <span class='ocrx_word' id='word_1_389' title='bbox 1082 3745 1518 3817; x_wconf 81' lang='lat' dir='ltr'><strong><em>Carthaginensis</em></strong></span> <span class='ocrx_word' id='word_1_390' title='bbox 1546 3763 1717 3801; x_wconf 89' lang='lat' dir='ltr'><strong><em>canon</em></strong></span> <span class='ocrx_word' id='word_1_391' title='bbox 1750 3747 1841 3804; x_wconf 73' lang='lat'><strong><em>2|.</em></strong></span> 
     </span>
    </p>
   </div>
   <div class='ocr_carea' id='block_1_71' title="bbox 2052 3745 3580 3826">
    <p class='ocr_par' dir='ltr' id='par_1_71' title="bbox 2496 3757 3580 3826">
     <span class='ocr_line' id='line_1_71' title="bbox 2496 3757 3580 3826; baseline 0 -14"><span class='ocrx_word' id='word_1_392' title='bbox 2496 3758 2764 3812; x_wconf 80' lang='grc' dir='ltr'>Συνόδου</span> <span class='ocrx_word' id='word_1_393' title='bbox 2792 3757 3213 3826; x_wconf 75' lang='grc' dir='ltr'><strong><em>Καρθαγέννης</em></strong></span> <span class='ocrx_word' id='word_1_394' title='bbox 3243 3758 3453 3813; x_wconf 73' lang='grc' dir='ltr'><em>κανὼν</em></span> <span class='ocrx_word' id='word_1_395' title='bbox 3478 3764 3580 3812; x_wconf 69' lang='lat' dir='ltr'><strong><em>na’.</em></strong></span> 
     </span>
    </p>
   </div>
   <div class='ocr_carea' id='block_1_72' title="bbox 626 3836 2154 3919">
    <p class='ocr_par' dir='ltr' id='par_1_72' title="bbox 626 3836 2130 3915">
     <span class='ocr_line' id='line_1_72' title="bbox 626 3836 2130 3915; baseline 0.003 -22"><span class='ocrx_word' id='word_1_396' title='bbox 626 3836 692 3893; x_wconf 87' lang='lat' dir='ltr'><strong><em>Ut</em></strong></span> <span class='ocrx_word' id='word_1_397' title='bbox 718 3839 819 3908; x_wconf 84' lang='lat' dir='ltr'><strong><em>lilii</em></strong></span> <span class='ocrx_word' id='word_1_398' title='bbox 861 3840 1171 3895; x_wconf 79' lang='lat' dir='ltr'><strong><em>clericorum</em></strong></span> <span class='ocrx_word' id='word_1_399' title='bbox 1205 3846 1260 3895; x_wconf 86' lang='lat' dir='ltr'><strong><em>in</em></strong></span> <span class='ocrx_word' id='word_1_400' title='bbox 1296 3842 1638 3896; x_wconf 85' lang='lat' dir='ltr'><strong><em>matrimonio</em></strong></span> <span class='ocrx_word' id='word_1_401' title='bbox 1691 3858 1795 3896; x_wconf 81' lang='lat' dir='ltr'><strong><em>non</em></strong></span> <span class='ocrx_word' id='word_1_402' title='bbox 1832 3841 2130 3915; x_wconf 77' lang='lat' dir='ltr'><strong><em>junguntur</em></strong></span> 
     </span>
    </p>
   </div>
   <div class='ocr_carea' id='block_1_73' title="bbox 2254 3836 3782 3919">
    <p class='ocr_par' dir='ltr' id='par_1_73' title="bbox 2310 3849 3782 3919">
     <span class='ocr_line' id='line_1_73' title="bbox 2310 3849 3782 3919; baseline -0.006 -11"><span class='ocrx_word' id='word_1_403' title='bbox 2310 3854 2489 3908; x_wconf 78' lang='grc' dir='ltr'>Ὥστε</span> <span class='ocrx_word' id='word_1_404' title='bbox 2529 3853 2601 3905; x_wconf 79' lang='grc' dir='ltr'>τὰ</span> <span class='ocrx_word' id='word_1_405' title='bbox 2633 3849 2816 3905; x_wconf 81' lang='grc' dir='ltr'><em>τέκνα</em></span> <span class='ocrx_word' id='word_1_406' title='bbox 2852 3849 2971 3904; x_wconf 77' lang='grc' dir='ltr'><strong><em>τῶν</em></strong></span> <span class='ocrx_word' id='word_1_407' title='bbox 3012 3850 3319 3919; x_wconf 79' lang='grc' dir='ltr'><strong><em>κληρικῶν</em></strong></span> <span class='ocrx_word' id='word_1_408' title='bbox 3357 3852 3431 3904; x_wconf 83' lang='grc' dir='ltr'><strong><em>ἐν</em></strong></span> <span class='ocrx_word' id='word_1_409' title='bbox 3468 3850 3782 3913; x_wconf 81' lang='grc' dir='ltr'>συνοικεσίῳ</span> 
     </span>
    </p>
   </div>
   <div class='ocr_carea' id='block_1_74' title="bbox 548 3928 3133 4021">
    <p class='ocr_par' dir='ltr' id='par_1_74' title="bbox 548 3928 3133 4021">
     <span class='ocr_line' id='line_1_74' title="bbox 548 3928 3133 4021; baseline 0.003 -31"><span class='ocrx_word' id='word_1_410' title='bbox 548 3928 832 4021; x_wconf 57' lang='grc' dir='ltr'>Ιιωνειὲρίει</span> <span class='ocrx_word' id='word_1_411' title='bbox 1000 4020 1005 4021; x_wconf 13' lang='lat'><em>7</em></span> <span class='ocrx_word' id='word_1_412' title='bbox 2233 3948 2321 4021; x_wconf 77' lang='grc' dir='ltr'><strong><em>μὴ</em></strong></span> <span class='ocrx_word' id='word_1_413' title='bbox 2347 3946 2765 4002; x_wconf 78' lang='grc' dir='ltr'>συνάπτεσθαι</span> <span class='ocrx_word' id='word_1_414' title='bbox 2794 3944 3133 4013; x_wconf 81' lang='grc' dir='ltr'>αίρετικοῖς.</span> 
     </span>
    </p>
   </div>
   <div class='ocr_carea' id='block_1_75' title="bbox 620 4019 2148 4107">
    <p class='ocr_par' dir='ltr' id='par_1_75' title="bbox 620 4019 2131 4096">
     <span class='ocr_line' id='line_1_75' title="bbox 620 4019 2131 4096; baseline 0.003 -20"><span class='ocrx_word' id='word_1_415' title='bbox 620 4019 933 4076; x_wconf 72' lang='grc' dir='ltr'>21.Ιιθιύῐη</span> <span class='ocrx_word' id='word_1_416' title='bbox 958 4020 1160 4092; x_wconf 86' lang='lat' dir='ltr'><strong><em>placuit</em></strong></span> <span class='ocrx_word' id='word_1_417' title='bbox 1188 4029 1246 4076; x_wconf 90' lang='lat' dir='ltr'><strong><em>nt</em></strong></span> <span class='ocrx_word' id='word_1_418' title='bbox 1282 4021 1379 4077; x_wconf 87' lang='lat' dir='ltr'><strong><em>ﬁlii</em></strong></span> <span class='ocrx_word' id='word_1_419' title='bbox 1424 4028 1744 4082; x_wconf 84' lang='lat' dir='ltr'><strong><em>clericorum</em></strong></span> <span class='ocrx_word' id='word_1_420' title='bbox 1812 4024 2131 4096; x_wconf 77' lang='lat' dir='ltr'><strong><em>gentilibus,</em></strong></span> 
     </span>
    </p>
   </div>
   <div class='ocr_carea' id='block_1_76' title="bbox 2252 4019 3780 4107">
    <p class='ocr_par' dir='ltr' id='par_1_76' title="bbox 2313 4034 3780 4107">
     <span class='ocr_line' id='line_1_76' title="bbox 2313 4034 3780 4107; baseline -0.007 -13"><span class='ocrx_word' id='word_1_421' title='bbox 2313 4046 2421 4094; x_wconf 86' lang='grc' dir='ltr'>κα⁹.</span> <span class='ocrx_word' id='word_1_422' title='bbox 2478 4036 2712 4107; x_wconf 79' lang='grc' dir='ltr'>Ὁμοίως</span> <span class='ocrx_word' id='word_1_423' title='bbox 2744 4036 2963 4107; x_wconf 72' lang='grc' dir='ltr'>ἤρεσεν,</span> <span class='ocrx_word' id='word_1_424' title='bbox 3002 4035 3143 4089; x_wconf 83' lang='grc' dir='ltr'>ὥστε</span> <span class='ocrx_word' id='word_1_425' title='bbox 3177 4036 3247 4089; x_wconf 82' lang='grc' dir='ltr'><strong><em>τά</em></strong></span> <span class='ocrx_word' id='word_1_426' title='bbox 3290 4036 3460 4090; x_wconf 83' lang='grc' dir='ltr'>τέκνα</span> <span class='ocrx_word' id='word_1_427' title='bbox 3496 4036 3600 4089; x_wconf 81' lang='grc' dir='ltr'><strong><em>τῶν</em></strong></span> <span class='ocrx_word' id='word_1_428' title='bbox 3635 4034 3780 4103; x_wconf 52' lang='lat' dir='ltr'><strong><em>nino-.-</em></strong></span> 
     </span>
    </p>
   </div>
   <div class='ocr_carea' id='block_1_77' title="bbox 551 4112 2079 4201">
    <p class='ocr_par' dir='ltr' id='par_1_77' title="bbox 551 4112 1829 4185">
     <span class='ocr_line' id='line_1_77' title="bbox 551 4112 1829 4185; baseline 0.002 -19"><span class='ocrx_word' id='word_1_429' title='bbox 551 4112 636 4168; x_wconf 76' lang='grc' dir='ltr'>νει</span> <span class='ocrx_word' id='word_1_430' title='bbox 662 4112 955 4180; x_wconf 78' lang='lat' dir='ltr'><strong><em>haereticis,</em></strong></span> <span class='ocrx_word' id='word_1_431' title='bbox 987 4114 1345 4168; x_wconf 86' lang='lat' dir='ltr'><strong><em>matrimonio</em></strong></span> <span class='ocrx_word' id='word_1_432' title='bbox 1378 4130 1485 4168; x_wconf 92' lang='lat' dir='ltr'><strong><em>non</em></strong></span> <span class='ocrx_word' id='word_1_433' title='bbox 1504 4120 1829 4185; x_wconf 64' lang='lat' dir='ltr'><strong><em>pingantur.</em></strong></span> 
     </span>
    </p>
   </div>
   <div class='ocr_carea' id='block_1_78' title="bbox 2250 4112 3778 4201">
    <p class='ocr_par' dir='ltr' id='par_1_78' title="bbox 2250 4127 3778 4201">
     <span class='ocr_line' id='line_1_78' title="bbox 2250 4127 3778 4201; baseline -0.006 -14"><span class='ocrx_word' id='word_1_434' title='bbox 2250 4132 2386 4195; x_wconf 78' lang='grc' dir='ltr'>κῶν,</span> <span class='ocrx_word' id='word_1_435' title='bbox 2436 4129 2670 4192; x_wconf 82' lang='grc' dir='ltr'>ὲθνικοῖς</span> <span class='ocrx_word' id='word_1_436' title='bbox 2716 4127 2749 4199; x_wconf 79' lang='grc' dir='ltr'>ἢ</span> <span class='ocrx_word' id='word_1_437' title='bbox 2798 4128 3102 4199; x_wconf 78' lang='grc' dir='ltr'>αἱρετικοῖς</span> <span class='ocrx_word' id='word_1_438' title='bbox 3141 4127 3400 4198; x_wconf 84' lang='grc' dir='ltr'>γαμικῶς</span> <span class='ocrx_word' id='word_1_439' title='bbox 3447 4128 3524 4201; x_wconf 79' lang='grc' dir='ltr'><strong><em>μὴ</em></strong></span> <span class='ocrx_word' id='word_1_440' title='bbox 3559 4130 3778 4181; x_wconf 76' lang='grc' dir='ltr'>συνάπτε-</span> 
     </span>
    </p>
   </div>
   <div class='ocr_carea' id='block_1_79' title="bbox 2243 4223 2389 4277">
    <p class='ocr_par' dir='ltr' id='par_1_79' title="bbox 2243 4223 2389 4277">
     <span class='ocr_line' id='line_1_79' title="bbox 2243 4223 2389 4277; baseline 0 0"><span class='ocrx_word' id='word_1_441' title='bbox 2243 4223 2389 4277; x_wconf 90' lang='grc' dir='ltr'>σθαι.</span> 
     </span>
    </p>
   </div>
   <div class='ocr_carea' id='block_1_80' title="bbox 761 4298 2289 4381">
    <p class='ocr_par' dir='ltr' id='par_1_80' title="bbox 761 4298 1917 4368">
     <span class='ocr_line' id='line_1_80' title="bbox 761 4298 1917 4368; baseline -0.003 -12"><span class='ocrx_word' id='word_1_442' title='bbox 761 4298 923 4368; x_wconf 79' lang='grc'><strong>397</strong></span> <span class='ocrx_word' id='word_1_443' title='bbox 958 4298 1184 4354; x_wconf 82' lang='lat' dir='ltr'><strong><em>Concilii</em></strong></span> <span class='ocrx_word' id='word_1_444' title='bbox 1212 4298 1515 4352; x_wconf 74' lang='lat' dir='ltr'><strong><em>tecumenici</em></strong></span> <span class='ocrx_word' id='word_1_445' title='bbox 1548 4314 1599 4353; x_wconf 77' lang='lat' dir='ltr'><strong><em>vr</em></strong></span> <span class='ocrx_word' id='word_1_446' title='bbox 1630 4315 1799 4353; x_wconf 86' lang='lat' dir='ltr'><strong><em>canon</em></strong></span> <span class='ocrx_word' id='word_1_447' title='bbox 1829 4298 1917 4354; x_wconf 74' lang='lat'><strong>72.</strong></span> 
     </span>
    </p>
   </div>
   <div class='ocr_carea' id='block_1_81' title="bbox 2143 4298 3671 4381">
    <p class='ocr_par' dir='ltr' id='par_1_81' title="bbox 2397 4308 3671 4381">
     <span class='ocr_line' id='line_1_81' title="bbox 2397 4308 3671 4381; baseline -0.005 -12"><span class='ocrx_word' id='word_1_448' title='bbox 2397 4314 2667 4369; x_wconf 77' lang='grc' dir='ltr'>Συνόδου</span> <span class='ocrx_word' id='word_1_449' title='bbox 2695 4309 3118 4381; x_wconf 76' lang='grc' dir='ltr'>οῑκουμενικῆς</span> <span class='ocrx_word' id='word_1_450' title='bbox 3144 4309 3327 4377; x_wconf 72' lang='grc' dir='ltr'>ἕκτης</span> <span class='ocrx_word' id='word_1_451' title='bbox 3357 4310 3560 4366; x_wconf 72' lang='grc' dir='ltr'><em>κανὼν</em></span> <span class='ocrx_word' id='word_1_452' title='bbox 3587 4308 3671 4380; x_wconf 76' lang='grc' dir='ltr'>οβ’.</span> 
     </span>
    </p>
   </div>
   <div class='ocr_carea' id='block_1_82' title="bbox 624 4390 2152 4476">
    <p class='ocr_par' dir='ltr' id='par_1_82' title="bbox 624 4390 2134 4449">
     <span class='ocr_line' id='line_1_82' title="bbox 624 4390 2134 4449; baseline 0.002 -3"><span class='ocrx_word' id='word_1_453' title='bbox 624 4392 717 4448; x_wconf 74' lang='grc'>72.</span> <span class='ocrx_word' id='word_1_454' title='bbox 748 4390 866 4445; x_wconf 82' lang='lat' dir='ltr'><strong><em>Non</em></strong></span> <span class='ocrx_word' id='word_1_455' title='bbox 911 4392 1077 4447; x_wconf 87' lang='lat' dir='ltr'><strong><em>licere</em></strong></span> <span class='ocrx_word' id='word_1_456' title='bbox 1109 4391 1289 4446; x_wconf 82' lang='lat' dir='ltr'><strong><em>virum</em></strong></span> <span class='ocrx_word' id='word_1_457' title='bbox 1336 4392 1706 4447; x_wconf 82' lang='lat' dir='ltr'><strong><em>orthodoxum</em></strong></span> <span class='ocrx_word' id='word_1_458' title='bbox 1743 4407 1867 4448; x_wconf 86' lang='lat' dir='ltr'><strong><em>cum</em></strong></span> <span class='ocrx_word' id='word_1_459' title='bbox 1902 4392 2134 4449; x_wconf 83' lang='lat' dir='ltr'><strong><em>muliere</em></strong></span> 
     </span>
    </p>
   </div>
   <div class='ocr_carea' id='block_1_83' title="bbox 2252 4390 3780 4476">
    <p class='ocr_par' dir='ltr' id='par_1_83' title="bbox 2315 4401 3780 4476">
     <span class='ocr_line' id='line_1_83' title="bbox 2315 4401 3780 4476; baseline -0.008 -15"><span class='ocrx_word' id='word_1_460' title='bbox 2315 4405 2412 4475; x_wconf 84' lang='grc' dir='ltr'>οβ’.</span> <span class='ocrx_word' id='word_1_461' title='bbox 2470 4406 2562 4476; x_wconf 86' lang='grc' dir='ltr'><strong><em>Μὴ</em></strong></span> <span class='ocrx_word' id='word_1_462' title='bbox 2612 4404 2813 4470; x_wconf 74' lang='grc' dir='ltr'>ἐξέστω</span> <span class='ocrx_word' id='word_1_463' title='bbox 2858 4403 3137 4475; x_wconf 81' lang='grc' dir='ltr'>ὀρθόδοξον</span> <span class='ocrx_word' id='word_1_464' title='bbox 3180 4401 3351 4473; x_wconf 75' lang='grc' dir='ltr'>ἄνδρα</span> <span class='ocrx_word' id='word_1_465' title='bbox 3404 4404 3643 4475; x_wconf 78' lang='grc' dir='ltr'>αίρετικῇ</span> <span class='ocrx_word' id='word_1_466' title='bbox 3688 4418 3780 4453; x_wconf 76' lang='grc' dir='ltr'>συν-</span> 
     </span>
    </p>
   </div>
   <div class='ocr_carea' id='block_1_84' title="bbox 552 4485 2080 4568">
    <p class='ocr_par' dir='ltr' id='par_1_84' title="bbox 552 4485 2080 4555">
     <span class='ocr_line' id='line_1_84' title="bbox 552 4485 2080 4555; baseline -0.003 -12"><span class='ocrx_word' id='word_1_467' title='bbox 552 4486 810 4543; x_wconf 71' lang='lat' dir='ltr'><strong><em>haeretica</em></strong></span> <span class='ocrx_word' id='word_1_468' title='bbox 857 4485 1140 4555; x_wconf 81' lang='lat' dir='ltr'><strong><em>conjungi,</em></strong></span> <span class='ocrx_word' id='word_1_469' title='bbox 1195 4501 1374 4555; x_wconf 89' lang='lat' dir='ltr'><strong><em>neque</em></strong></span> <span class='ocrx_word' id='word_1_470' title='bbox 1424 4500 1555 4541; x_wconf 84' lang='lat' dir='ltr'><strong><em>vero</em></strong></span> <span class='ocrx_word' id='word_1_471' title='bbox 1589 4485 1955 4541; x_wconf 84' lang='lat' dir='ltr'><strong><em>orthodoxam</em></strong></span> <span class='ocrx_word' id='word_1_472' title='bbox 2001 4502 2080 4541; x_wconf 72' lang='lat' dir='ltr'><strong><em>Cll]</em></strong></span> 
     </span>
    </p>
   </div>
   <div class='ocr_carea' id='block_1_85' title="bbox 2253 4485 3781 4568">
    <p class='ocr_par' dir='ltr' id='par_1_85' title="bbox 2253 4494 3781 4568">
     <span class='ocr_line' id='line_1_85' title="bbox 2253 4494 3781 4568; baseline -0.008 -14"><span class='ocrx_word' id='word_1_473' title='bbox 2253 4499 2507 4554; x_wconf 71' lang='grc' dir='ltr'>ἱπτεσθαι</span> <span class='ocrx_word' id='word_1_474' title='bbox 2540 4498 2780 4566; x_wconf 73' lang='grc' dir='ltr'>γυναικὶ,</span> <span class='ocrx_word' id='word_1_475' title='bbox 2816 4497 2952 4568; x_wconf 86' lang='grc' dir='ltr'>μήτε</span> <span class='ocrx_word' id='word_1_476' title='bbox 2986 4494 3090 4566; x_wconf 82' lang='grc' dir='ltr'><strong><em>μὴν</em></strong></span> <span class='ocrx_word' id='word_1_477' title='bbox 3124 4495 3386 4567; x_wconf 78' lang='grc' dir='ltr'>αἱρετικῷ</span> <span class='ocrx_word' id='word_1_478' title='bbox 3415 4495 3567 4566; x_wconf 72' lang='grc' dir='ltr'>ἀνδρὶ</span> <span class='ocrx_word' id='word_1_479' title='bbox 3592 4494 3781 4561; x_wconf 80' lang='grc' dir='ltr'>γυναῖκα</span> 
     </span>
    </p>
   </div>
   <div class='ocr_carea' id='block_1_86' title="bbox 558 4575 2086 4659">
    <p class='ocr_par' dir='ltr' id='par_1_86' title="bbox 558 4575 2086 4648">
     <span class='ocr_line' id='line_1_86' title="bbox 558 4575 2086 4648; baseline 0.001 -16"><span class='ocrx_word' id='word_1_480' title='bbox 558 4577 679 4632; x_wconf 74' lang='lat' dir='ltr'><strong><em>viro</em></strong></span> <span class='ocrx_word' id='word_1_481' title='bbox 714 4575 971 4631; x_wconf 80' lang='lat' dir='ltr'><strong><em>haeretico</em></strong></span> <span class='ocrx_word' id='word_1_482' title='bbox 998 4576 1261 4646; x_wconf 86' lang='lat' dir='ltr'><strong><em>copulari.</em></strong></span> <span class='ocrx_word' id='word_1_483' title='bbox 1300 4575 1407 4632; x_wconf 92' lang='lat' dir='ltr'><strong><em>Sed</em></strong></span> <span class='ocrx_word' id='word_1_484' title='bbox 1466 4578 1567 4632; x_wconf 87' lang='lat' dir='ltr'><strong><em>etsi</em></strong></span> <span class='ocrx_word' id='word_1_485' title='bbox 1601 4578 1732 4648; x_wconf 91' lang='lat' dir='ltr'><strong><em>quid</em></strong></span> <span class='ocrx_word' id='word_1_486' title='bbox 1765 4578 2036 4648; x_wconf 85' lang='lat' dir='ltr'><strong><em>ejusmodi</em></strong></span> <span class='ocrx_word' id='word_1_487' title='bbox 2067 4595 2086 4633; x_wconf 69' lang='grc' dir='ltr'><strong><em>ε</em></strong></span> 
     </span>
    </p>
   </div>
   <div class='ocr_carea' id='block_1_87' title="bbox 2252 4575 3780 4659">
    <p class='ocr_par' dir='ltr' id='par_1_87' title="bbox 2252 4583 3780 4659">
     <span class='ocr_line' id='line_1_87' title="bbox 2252 4583 3780 4659; baseline -0.007 -17"><span class='ocrx_word' id='word_1_488' title='bbox 2252 4589 2517 4659; x_wconf 73' lang='grc' dir='ltr'>Βρθόδοξον</span> <span class='ocrx_word' id='word_1_489' title='bbox 2551 4587 2877 4658; x_wconf 80' lang='grc' dir='ltr'>ζεύγνυσθαι</span> <span class='ocrx_word' id='word_1_490' title='bbox 2898 4603 2912 4618; x_wconf 73' lang='grc' dir='ltr'><strong>ο</strong></span> <span class='ocrx_word' id='word_1_491' title='bbox 2957 4587 3071 4640; x_wconf 78' lang='grc' dir='ltr'>ἀλλ’</span> <span class='ocrx_word' id='word_1_492' title='bbox 3112 4587 3160 4640; x_wconf 82' lang='grc' dir='ltr'><strong><em>εί</em></strong></span> <span class='ocrx_word' id='word_1_493' title='bbox 3193 4585 3286 4639; x_wconf 73' lang='grc' dir='ltr'><strong><em>καὶ</em></strong></span> <span class='ocrx_word' id='word_1_494' title='bbox 3320 4590 3465 4657; x_wconf 81' lang='grc' dir='ltr'>φανῇ</span> <span class='ocrx_word' id='word_1_495' title='bbox 3511 4605 3562 4639; x_wconf 88' lang='grc' dir='ltr'><strong><em>τι</em></strong></span> <span class='ocrx_word' id='word_1_496' title='bbox 3589 4583 3780 4639; x_wconf 76' lang='grc' dir='ltr'>τοιοῦτον</span> 
     </span>
    </p>
   </div>
   <div class='ocr_carea' id='block_1_88' title="bbox 554 4668 2082 4751">
    <p class='ocr_par' dir='ltr' id='par_1_88' title="bbox 554 4668 2082 4741">
     <span class='ocr_line' id='line_1_88' title="bbox 554 4668 2082 4741; baseline 0.001 -18"><span class='ocrx_word' id='word_1_497' title='bbox 554 4670 667 4724; x_wconf 91' lang='lat' dir='ltr'><strong><em>ullo</em></strong></span> <span class='ocrx_word' id='word_1_498' title='bbox 695 4685 762 4723; x_wconf 78' lang='lat' dir='ltr'><strong><em>ex</em></strong></span> <span class='ocrx_word' id='word_1_499' title='bbox 798 4668 1056 4723; x_wconf 88' lang='lat' dir='ltr'><strong><em>omnibus</em></strong></span> <span class='ocrx_word' id='word_1_500' title='bbox 1094 4668 1299 4722; x_wconf 81' lang='lat' dir='ltr'><strong><em>factum</em></strong></span> <span class='ocrx_word' id='word_1_501' title='bbox 1332 4671 1668 4739; x_wconf 80' lang='lat' dir='ltr'><strong><em>apparuerit,</em></strong></span> <span class='ocrx_word' id='word_1_502' title='bbox 1700 4670 1889 4727; x_wconf 87' lang='lat' dir='ltr'><strong><em>irritas</em></strong></span> <span class='ocrx_word' id='word_1_503' title='bbox 1919 4671 2082 4741; x_wconf 88' lang='lat' dir='ltr'><strong><em>nupti:</em></strong></span> 
     </span>
    </p>
   </div>
   <div class='ocr_carea' id='block_1_89' title="bbox 2252 4668 3780 4751">
    <p class='ocr_par' dir='ltr' id='par_1_89' title="bbox 2252 4676 3780 4751">
     <span class='ocr_line' id='line_1_89' title="bbox 2252 4676 3780 4751; baseline -0.007 -14"><span class='ocrx_word' id='word_1_504' title='bbox 2252 4684 2349 4738; x_wconf 74' lang='grc' dir='ltr'><strong><em>5πό</em></strong></span> <span class='ocrx_word' id='word_1_505' title='bbox 2375 4703 2519 4747; x_wconf 86' lang='grc' dir='ltr'>τινος</span> <span class='ocrx_word' id='word_1_506' title='bbox 2544 4683 2652 4736; x_wconf 85' lang='grc' dir='ltr'>τῶν</span> <span class='ocrx_word' id='word_1_507' title='bbox 2676 4683 2932 4737; x_wconf 79' lang='grc' dir='ltr'>ἁπάντων</span> <span class='ocrx_word' id='word_1_508' title='bbox 2962 4682 3265 4751; x_wconf 79' lang='grc' dir='ltr'>γινόμενον,</span> <span class='ocrx_word' id='word_1_509' title='bbox 3298 4681 3506 4751; x_wconf 79' lang='grc' dir='ltr'>ἄκυρον</span> <span class='ocrx_word' id='word_1_510' title='bbox 3537 4678 3620 4733; x_wconf 75' lang='grc' dir='ltr'>τὸν</span> <span class='ocrx_word' id='word_1_511' title='bbox 3641 4676 3780 4746; x_wconf 69' lang='grc' dir='ltr'>γάμον</span> 
     </span>
    </p>
   </div>
   <div class='ocr_carea' id='block_1_90' title="bbox 553 4759 2081 4848">
    <p class='ocr_par' dir='ltr' id='par_1_90' title="bbox 553 4759 2081 4835">
     <span class='ocr_line' id='line_1_90' title="bbox 553 4759 2081 4835; baseline 0.001 -17"><span class='ocrx_word' id='word_1_512' title='bbox 553 4763 897 4826; x_wconf 79' lang='lat' dir='ltr'><strong><em>existimare,</em></strong></span> <span class='ocrx_word' id='word_1_513' title='bbox 922 4770 977 4816; x_wconf 91' lang='lat' dir='ltr'><strong><em>et</em></strong></span> <span class='ocrx_word' id='word_1_514' title='bbox 1013 4759 1283 4816; x_wconf 75' lang='lat' dir='ltr'><strong><em>nefarium</em></strong></span> <span class='ocrx_word' id='word_1_515' title='bbox 1318 4761 1636 4833; x_wconf 86' lang='lat' dir='ltr'><strong><em>conjugium</em></strong></span> <span class='ocrx_word' id='word_1_516' title='bbox 1667 4764 1916 4819; x_wconf 83' lang='lat' dir='ltr'><strong><em>dissolvi.</em></strong></span> <span class='ocrx_word' id='word_1_517' title='bbox 1949 4761 2081 4835; x_wconf 79' lang='lat' dir='ltr'><strong><em>Neqt</em></strong></span> 
     </span>
    </p>
   </div>
   <div class='ocr_carea' id='block_1_91' title="bbox 2251 4759 3779 4848">
    <p class='ocr_par' dir='ltr' id='par_1_91' title="bbox 2251 4768 3779 4848">
     <span class='ocr_line' id='line_1_91' title="bbox 2251 4768 3779 4848; baseline -0.009 -17"><span class='ocrx_word' id='word_1_518' title='bbox 2251 4777 2514 4848; x_wconf 77' lang='grc' dir='ltr'>ἡγεῖσθαι,</span> <span class='ocrx_word' id='word_1_519' title='bbox 2547 4777 2641 4829; x_wconf 73' lang='grc' dir='ltr'><strong><em>καὶ</em></strong></span> <span class='ocrx_word' id='word_1_520' title='bbox 2666 4775 2728 4828; x_wconf 83' lang='grc' dir='ltr'><strong><em>τὸ</em></strong></span> <span class='ocrx_word' id='word_1_521' title='bbox 2757 4774 2995 4845; x_wconf 84' lang='grc' dir='ltr'>άθεσμον</span> <span class='ocrx_word' id='word_1_522' title='bbox 3020 4773 3333 4827; x_wconf 74' lang='grc' dir='ltr'>διαλύεσθαι</span> <span class='ocrx_word' id='word_1_523' title='bbox 3368 4773 3710 4825; x_wconf 77' lang='grc' dir='ltr'>συνο·κέσιον”</span> <span class='ocrx_word' id='word_1_524' title='bbox 3736 4768 3779 4818; x_wconf 70' lang='grc' dir='ltr'><strong><em>σὺ</em></strong></span> 
     </span>
    </p>
   </div>
   <div class='ocr_carea' id='block_1_92' title="bbox 552 4855 2080 4942">
    <p class='ocr_par' dir='ltr' id='par_1_92' title="bbox 552 4855 2080 4926">
     <span class='ocr_line' id='line_1_92' title="bbox 552 4855 2080 4926; baseline -0.001 -14"><span class='ocrx_word' id='word_1_525' title='bbox 552 4858 699 4912; x_wconf 87' lang='lat' dir='ltr'><strong><em>enim</em></strong></span> <span class='ocrx_word' id='word_1_526' title='bbox 753 4872 816 4910; x_wconf 83' lang='lat' dir='ltr'><strong><em>ea</em></strong></span> <span class='ocrx_word' id='word_1_527' title='bbox 851 4871 973 4926; x_wconf 65' lang='lat' dir='ltr'><strong><em>qua:</em></strong></span> <span class='ocrx_word' id='word_1_528' title='bbox 1021 4871 1128 4909; x_wconf 89' lang='lat' dir='ltr'><strong><em>non</em></strong></span> <span class='ocrx_word' id='word_1_529' title='bbox 1216 4864 1346 4910; x_wconf 91' lang='lat' dir='ltr'><strong><em>sunt</em></strong></span> <span class='ocrx_word' id='word_1_530' title='bbox 1400 4855 1679 4911; x_wconf 88' lang='lat' dir='ltr'><strong><em>miscenda</em></strong></span> <span class='ocrx_word' id='word_1_531' title='bbox 1740 4856 1982 4923; x_wconf 86' lang='lat' dir='ltr'><strong><em>misceri,</em></strong></span> <span class='ocrx_word' id='word_1_532' title='bbox 2039 4873 2080 4910; x_wconf 47' lang='lat' dir='ltr'><strong><em>ni</em></strong></span> 
     </span>
    </p>
   </div>
   <div class='ocr_carea' id='block_1_93' title="bbox 2253 4855 3781 4942">
    <p class='ocr_par' dir='ltr' id='par_1_93' title="bbox 2253 4862 3781 4942">
     <span class='ocr_line' id='line_1_93' title="bbox 2253 4862 3781 4942; baseline -0.009 -19"><span class='ocrx_word' id='word_1_533' title='bbox 2253 4871 2355 4941; x_wconf 83' lang='grc' dir='ltr'><strong><em>γὰρ</em></strong></span> <span class='ocrx_word' id='word_1_534' title='bbox 2376 4871 2481 4942; x_wconf 81' lang='grc' dir='ltr'>χρὴ</span> <span class='ocrx_word' id='word_1_535' title='bbox 2506 4870 2574 4923; x_wconf 80' lang='grc' dir='ltr'><strong><em>τά</em></strong></span> <span class='ocrx_word' id='word_1_536' title='bbox 2598 4870 2803 4938; x_wconf 79' lang='grc' dir='ltr'>ἄμικτα</span> <span class='ocrx_word' id='word_1_537' title='bbox 2829 4866 3105 4939; x_wconf 84' lang='grc' dir='ltr'>μιγνύναι,</span> <span class='ocrx_word' id='word_1_538' title='bbox 3135 4867 3255 4919; x_wconf 86' lang='grc' dir='ltr'>ούδὲ</span> <span class='ocrx_word' id='word_1_539' title='bbox 3282 4865 3361 4936; x_wconf 76' lang='grc' dir='ltr'>τῷ</span> <span class='ocrx_word' id='word_1_540' title='bbox 3390 4866 3639 4937; x_wconf 70' lang='grc' dir='ltr'>προϐάτῳ</span> <span class='ocrx_word' id='word_1_541' title='bbox 3654 4862 3781 4915; x_wconf 78' lang='grc' dir='ltr'>λύκον</span> 
     </span>
    </p>
   </div>
   <div class='ocr_carea' id='block_1_94' title="bbox 554 4949 2082 5031">
    <p class='ocr_par' dir='ltr' id='par_1_94' title="bbox 554 4949 2082 5019">
     <span class='ocr_line' id='line_1_94' title="bbox 554 4949 2082 5019; baseline 0.001 -16"><span class='ocrx_word' id='word_1_542' title='bbox 554 4965 710 5004; x_wconf 81' lang='lat' dir='ltr'><strong><em>ovem</em></strong></span> <span class='ocrx_word' id='word_1_543' title='bbox 743 4964 864 5003; x_wconf 89' lang='lat' dir='ltr'><strong><em>cum</em></strong></span> <span class='ocrx_word' id='word_1_544' title='bbox 905 4949 1052 5019; x_wconf 84' lang='lat' dir='ltr'><strong><em>lupo,</em></strong></span> <span class='ocrx_word' id='word_1_545' title='bbox 1083 4964 1183 5003; x_wconf 90' lang='lat' dir='ltr'><strong><em>nec</em></strong></span> <span class='ocrx_word' id='word_1_546' title='bbox 1210 4957 1557 5018; x_wconf 86' lang='lat' dir='ltr'><strong><em>peccatorum</em></strong></span> <span class='ocrx_word' id='word_1_547' title='bbox 1586 4958 1787 5004; x_wconf 86' lang='lat' dir='ltr'><strong><em>sortem</em></strong></span> <span class='ocrx_word' id='word_1_548' title='bbox 1821 4964 1945 5003; x_wconf 91' lang='lat' dir='ltr'><strong><em>cum</em></strong></span> <span class='ocrx_word' id='word_1_549' title='bbox 1973 4949 2082 5004; x_wconf 85' lang='lat' dir='ltr'><strong><em>Chr</em></strong></span> 
     </span>
    </p>
   </div>
   <div class='ocr_carea' id='block_1_95' title="bbox 2252 4949 3780 5031">
    <p class='ocr_par' dir='ltr' id='par_1_95' title="bbox 2252 4954 3780 5031">
     <span class='ocr_line' id='line_1_95' title="bbox 2252 4954 3780 5031; baseline -0.007 -17"><span class='ocrx_word' id='word_1_550' title='bbox 2252 4960 2679 5031; x_wconf 79' lang='grc' dir='ltr'>συμπλέκεσθαι,</span> <span class='ocrx_word' id='word_1_551' title='bbox 2731 4962 2826 5014; x_wconf 73' lang='grc' dir='ltr'><strong><em>καὶ</em></strong></span> <span class='ocrx_word' id='word_1_552' title='bbox 2872 4963 2938 5029; x_wconf 81' lang='grc' dir='ltr'><strong><em>τῇ</em></strong></span> <span class='ocrx_word' id='word_1_553' title='bbox 2969 4958 3062 5011; x_wconf 88' lang='grc' dir='ltr'><strong><em>τοῦ</em></strong></span> <span class='ocrx_word' id='word_1_554' title='bbox 3106 4957 3344 5030; x_wconf 84' lang='grc' dir='ltr'>Χριστοῦ</span> <span class='ocrx_word' id='word_1_555' title='bbox 3384 4958 3562 5028; x_wconf 79' lang='grc' dir='ltr'>μερίδι</span> <span class='ocrx_word' id='word_1_556' title='bbox 3595 4956 3675 5009; x_wconf 69' lang='grc' dir='ltr'><strong><em>τὸν</em></strong></span> <span class='ocrx_word' id='word_1_557' title='bbox 3700 4954 3780 5006; x_wconf 79' lang='grc' dir='ltr'>τῶν</span> 
     </span>
    </p>
   </div>
   <div class='ocr_carea' id='block_1_96' title="bbox 555 5040 2083 5123">
    <p class='ocr_par' dir='ltr' id='par_1_96' title="bbox 555 5040 2080 5113">
     <span class='ocr_line' id='line_1_96' title="bbox 555 5040 2080 5113; baseline 0.001 -18"><span class='ocrx_word' id='word_1_558' title='bbox 555 5042 622 5095; x_wconf 85' lang='lat' dir='ltr'><strong><em>sti</em></strong></span> <span class='ocrx_word' id='word_1_559' title='bbox 666 5055 819 5111; x_wconf 82' lang='lat' dir='ltr'><strong><em>parte</em></strong></span> <span class='ocrx_word' id='word_1_560' title='bbox 848 5041 1108 5112; x_wconf 82' lang='lat' dir='ltr'><strong><em>conjungi</em></strong></span> <span class='ocrx_word' id='word_1_561' title='bbox 1143 5049 1384 5111; x_wconf 86' lang='lat' dir='ltr'><strong><em>oportet.</em></strong></span> <span class='ocrx_word' id='word_1_562' title='bbox 1423 5040 1477 5094; x_wconf 91' lang='lat' dir='ltr'><strong><em>Si</em></strong></span> <span class='ocrx_word' id='word_1_563' title='bbox 1514 5040 1638 5110; x_wconf 84' lang='lat' dir='ltr'><strong><em>quis</em></strong></span> <span class='ocrx_word' id='word_1_564' title='bbox 1675 5049 1859 5096; x_wconf 86' lang='lat' dir='ltr'><strong><em>autem</em></strong></span> <span class='ocrx_word' id='word_1_565' title='bbox 1893 5059 1978 5109; x_wconf 92' lang='lat' dir='ltr'><strong><em>ea,</em></strong></span> <span class='ocrx_word' id='word_1_566' title='bbox 2010 5059 2080 5113; x_wconf 89' lang='lat' dir='ltr'><strong><em>qu</em></strong></span> 
     </span>
    </p>
   </div>
   <div class='ocr_carea' id='block_1_97' title="bbox 2250 5040 3778 5123">
    <p class='ocr_par' dir='ltr' id='par_1_97' title="bbox 2250 5044 3778 5123">
     <span class='ocr_line' id='line_1_97' title="bbox 2250 5044 3778 5123; baseline -0.008 -17"><span class='ocrx_word' id='word_1_567' title='bbox 2250 5052 2583 5123; x_wconf 77' lang='grc' dir='ltr'>ἁμαρτωλῶν</span> <span class='ocrx_word' id='word_1_568' title='bbox 2617 5052 2839 5123; x_wconf 84' lang='grc' dir='ltr'>κλῆρον.</span> <span class='ocrx_word' id='word_1_569' title='bbox 2868 5052 2932 5103; x_wconf 80' lang='grc' dir='ltr'><strong><em>Εἰ</em></strong></span> <span class='ocrx_word' id='word_1_570' title='bbox 2956 5050 3011 5102; x_wconf 83' lang='grc' dir='ltr'><strong><em>δὲ</em></strong></span> <span class='ocrx_word' id='word_1_571' title='bbox 3048 5050 3269 5120; x_wconf 73' lang='grc' dir='ltr'>παραϐῇ</span> <span class='ocrx_word' id='word_1_572' title='bbox 3304 5067 3389 5112; x_wconf 82' lang='grc' dir='ltr'><strong><em>τις</em></strong></span> <span class='ocrx_word' id='word_1_573' title='bbox 3419 5051 3485 5102; x_wconf 70' lang='grc' dir='ltr'><strong><em>τά</em></strong></span> <span class='ocrx_word' id='word_1_574' title='bbox 3514 5048 3636 5118; x_wconf 72' lang='grc' dir='ltr'>παρ’</span> <span class='ocrx_word' id='word_1_575' title='bbox 3658 5044 3778 5117; x_wconf 71' lang='grc' dir='ltr'>ἡμῶν</span> 
     </span>
    </p>
   </div>
   <div class='ocr_carea' id='block_1_98' title="bbox 554 5130 2082 5213">
    <p class='ocr_par' dir='ltr' id='par_1_98' title="bbox 554 5134 2082 5207">
     <span class='ocr_line' id='line_1_98' title="bbox 554 5134 2082 5207; baseline -0.003 -17"><span class='ocrx_word' id='word_1_576' title='bbox 554 5152 583 5190; x_wconf 88' lang='lat' dir='ltr'><strong><em>a</em></strong></span> <span class='ocrx_word' id='word_1_577' title='bbox 616 5135 775 5191; x_wconf 88' lang='lat' dir='ltr'><strong><em>nobis</em></strong></span> <span class='ocrx_word' id='word_1_578' title='bbox 825 5135 1041 5190; x_wconf 84' lang='lat' dir='ltr'><strong><em>decreta</em></strong></span> <span class='ocrx_word' id='word_1_579' title='bbox 1066 5144 1213 5199; x_wconf 76' lang='lat' dir='ltr'><strong><em>sunt,</em></strong></span> <span class='ocrx_word' id='word_1_580' title='bbox 1247 5144 1626 5204; x_wconf 82' lang='lat' dir='ltr'><strong><em>transgressus</em></strong></span> <span class='ocrx_word' id='word_1_581' title='bbox 1661 5134 1846 5198; x_wconf 87' lang='lat' dir='ltr'><strong><em>fuerit,</em></strong></span> <span class='ocrx_word' id='word_1_582' title='bbox 1882 5152 2082 5207; x_wconf 57' lang='lat' dir='ltr'><strong><em>segregi</em></strong></span> 
     </span>
    </p>
   </div>
   <div class='ocr_carea' id='block_1_99' title="bbox 2251 5130 3779 5213">
    <p class='ocr_par' dir='ltr' id='par_1_99' title="bbox 2251 5130 3779 5213">
     <span class='ocr_line' id='line_1_99' title="bbox 2251 5130 3779 5213; baseline -0.009 -18"><span class='ocrx_word' id='word_1_583' title='bbox 2251 5142 2550 5213; x_wconf 73' lang='grc' dir='ltr'>ὁρισθέντα,</span> <span class='ocrx_word' id='word_1_584' title='bbox 2584 5138 2927 5210; x_wconf 76' lang='grc' dir='ltr'>ἀφοριξὲσθω</span> <span class='ocrx_word' id='word_1_585' title='bbox 2950 5154 2963 5167; x_wconf 86' lang='lat'><strong>&#39;</strong></span> <span class='ocrx_word' id='word_1_586' title='bbox 2993 5140 3039 5191; x_wconf 79' lang='grc' dir='ltr'><strong><em>εί</em></strong></span> <span class='ocrx_word' id='word_1_587' title='bbox 3063 5137 3118 5190; x_wconf 84' lang='grc' dir='ltr'><em>δέ</em></span> <span class='ocrx_word' id='word_1_588' title='bbox 3138 5154 3283 5200; x_wconf 81' lang='grc' dir='ltr'>τινες</span> <span class='ocrx_word' id='word_1_589' title='bbox 3319 5136 3401 5189; x_wconf 77' lang='grc' dir='ltr'>ἔτι</span> <span class='ocrx_word' id='word_1_590' title='bbox 3438 5138 3495 5189; x_wconf 83' lang='grc' dir='ltr'>ἐν</span> <span class='ocrx_word' id='word_1_591' title='bbox 3514 5138 3575 5206; x_wconf 76' lang='grc' dir='ltr'>τῇ</span> <span class='ocrx_word' id='word_1_592' title='bbox 3596 5130 3779 5198; x_wconf 66' lang='grc' dir='ltr'>ἀπιστίᾳ</span> 
     </span>
    </p>
   </div>
   <div class='ocr_carea' id='block_1_100' title="bbox 557 5226 2085 5302">
    <p class='ocr_par' dir='ltr' id='par_1_100' title="bbox 557 5226 2085 5297">
     <span class='ocr_line' id='line_1_100' title="bbox 557 5226 2085 5297; baseline 0.001 -16"><span class='ocrx_word' id='word_1_593' title='bbox 557 5239 666 5282; x_wconf 88' lang='lat' dir='ltr'><strong><em>tur.</em></strong></span> <span class='ocrx_word' id='word_1_594' title='bbox 701 5226 758 5281; x_wconf 89' lang='lat' dir='ltr'><strong><em>Si</em></strong></span> <span class='ocrx_word' id='word_1_595' title='bbox 784 5238 966 5282; x_wconf 88' lang='lat' dir='ltr'><strong><em>autem</em></strong></span> <span class='ocrx_word' id='word_1_596' title='bbox 999 5228 1167 5297; x_wconf 85' lang='lat' dir='ltr'><strong><em>aliqui</em></strong></span> <span class='ocrx_word' id='word_1_597' title='bbox 1201 5228 1292 5297; x_wconf 84' lang='lat' dir='ltr'><strong><em>qui</em></strong></span> <span class='ocrx_word' id='word_1_598' title='bbox 1319 5228 1499 5281; x_wconf 84' lang='lat' dir='ltr'><strong><em>adhuc</em></strong></span> <span class='ocrx_word' id='word_1_599' title='bbox 1526 5235 1653 5280; x_wconf 87' lang='lat' dir='ltr'><strong><em>sunt</em></strong></span> <span class='ocrx_word' id='word_1_600' title='bbox 1684 5226 1953 5292; x_wconf 88' lang='lat' dir='ltr'><strong><em>inﬁdeles,</em></strong></span> <span class='ocrx_word' id='word_1_601' title='bbox 1987 5239 2040 5283; x_wconf 92' lang='lat' dir='ltr'><strong><em>et</em></strong></span> <span class='ocrx_word' id='word_1_602' title='bbox 2082 5231 2085 5282; x_wconf 79' lang='lat' dir='ltr'><strong><em>i</em></strong></span> 
     </span>
    </p>
   </div>
   <div class='ocr_carea' id='block_1_101' title="bbox 2248 5226 3776 5302">
    <p class='ocr_par' dir='ltr' id='par_1_101' title="bbox 2248 5228 3776 5302">
     <span class='ocr_line' id='line_1_101' title="bbox 2248 5228 3776 5302; baseline -0.018 0"><span class='ocrx_word' id='word_1_603' title='bbox 2248 5235 2622 5302; x_wconf 74' lang='grc' dir='ltr'>τυγχάνοντες,</span> <span class='ocrx_word' id='word_1_604' title='bbox 2676 5232 2770 5284; x_wconf 79' lang='grc' dir='ltr'>καὶ</span> <span class='ocrx_word' id='word_1_605' title='bbox 2807 5229 2960 5283; x_wconf 74' lang='grc' dir='ltr'>οὔπω</span> <span class='ocrx_word' id='word_1_606' title='bbox 2993 5234 3057 5301; x_wconf 82' lang='grc' dir='ltr'>τῇ</span> <span class='ocrx_word' id='word_1_607' title='bbox 3108 5231 3218 5284; x_wconf 81' lang='grc' dir='ltr'>τῶν</span> <span class='ocrx_word' id='word_1_608' title='bbox 3250 5228 3549 5301; x_wconf 75' lang='grc' dir='ltr'>ὀρθοόόξων</span> <span class='ocrx_word' id='word_1_609' title='bbox 3583 5229 3776 5295; x_wconf 73' lang='grc' dir='ltr'>ἐγκατα-</span> 
     </span>
    </p>
   </div>
   <div class='ocr_carea' id='block_1_102' title="bbox 556 5319 2084 5397">
    <p class='ocr_par' dir='ltr' id='par_1_102' title="bbox 556 5319 2075 5390">
     <span class='ocr_line' id='line_1_102' title="bbox 556 5319 2075 5390; baseline -0.002 -14"><span class='ocrx_word' id='word_1_610' title='bbox 556 5320 988 5377; x_wconf 82' lang='lat' dir='ltr'><strong><em>orthodoxorum</em></strong></span> <span class='ocrx_word' id='word_1_611' title='bbox 1033 5335 1249 5390; x_wconf 84' lang='lat' dir='ltr'><strong><em>gregem</em></strong></span> <span class='ocrx_word' id='word_1_612' title='bbox 1314 5319 1554 5372; x_wconf 89' lang='lat' dir='ltr'><strong><em>nondum</em></strong></span> <span class='ocrx_word' id='word_1_613' title='bbox 1604 5320 1756 5374; x_wconf 84' lang='lat' dir='ltr'><strong><em>relati</em></strong></span> <span class='ocrx_word' id='word_1_614' title='bbox 1808 5330 1959 5383; x_wconf 88' lang='lat' dir='ltr'><strong><em>sunt,</em></strong></span> <span class='ocrx_word' id='word_1_615' title='bbox 1994 5338 2075 5375; x_wconf 71' lang='grc' dir='ltr'>ειη</span> 
     </span>
    </p>
   </div>
   <div class='ocr_carea' id='block_1_103' title="bbox 2246 5319 3774 5397">
    <p class='ocr_par' dir='ltr' id='par_1_103' title="bbox 2246 5320 3774 5397">
     <span class='ocr_line' id='line_1_103' title="bbox 2246 5320 3774 5397; baseline -0.009 -18"><span class='ocrx_word' id='word_1_616' title='bbox 2246 5327 2489 5395; x_wconf 82' lang='grc' dir='ltr'>λεγέντες</span> <span class='ocrx_word' id='word_1_617' title='bbox 2507 5325 2731 5397; x_wconf 79' lang='grc' dir='ltr'>ποίμνῃ,</span> <span class='ocrx_word' id='word_1_618' title='bbox 2758 5325 3004 5394; x_wconf 79' lang='grc' dir='ltr'>ἀλλήλοις</span> <span class='ocrx_word' id='word_1_619' title='bbox 3027 5326 3188 5393; x_wconf 80' lang='grc' dir='ltr'>γάμῳ</span> <span class='ocrx_word' id='word_1_620' title='bbox 3210 5324 3427 5393; x_wconf 80' lang='grc' dir='ltr'>νομίμῳ</span> <span class='ocrx_word' id='word_1_621' title='bbox 3448 5320 3774 5392; x_wconf 69' lang='grc' dir='ltr'>ήρμόσθησαν,</span> 
     </span>
    </p>
   </div>
   <div class='ocr_carea' id='block_1_104' title="bbox 556 5410 2084 5489">
    <p class='ocr_par' dir='ltr' id='par_1_104' title="bbox 556 5412 2084 5486">
     <span class='ocr_line' id='line_1_104' title="bbox 556 5412 2084 5486; baseline -0.001 -15"><span class='ocrx_word' id='word_1_622' title='bbox 556 5418 698 5471; x_wconf 87' lang='lat' dir='ltr'><strong><em>inter</em></strong></span> <span class='ocrx_word' id='word_1_623' title='bbox 744 5431 803 5471; x_wconf 89' lang='lat' dir='ltr'><strong><em>se</em></strong></span> <span class='ocrx_word' id='word_1_624' title='bbox 857 5415 1105 5486; x_wconf 82' lang='lat' dir='ltr'><strong><em>legitimo</em></strong></span> <span class='ocrx_word' id='word_1_625' title='bbox 1165 5412 1518 5468; x_wconf 87' lang='lat' dir='ltr'><strong><em>matrimonio</em></strong></span> <span class='ocrx_word' id='word_1_626' title='bbox 1558 5413 1843 5483; x_wconf 84' lang='lat' dir='ltr'><strong><em>conjuncti</em></strong></span> <span class='ocrx_word' id='word_1_627' title='bbox 1879 5431 1893 5468; x_wconf 89' lang='lat'>:</span> <span class='ocrx_word' id='word_1_628' title='bbox 1937 5414 2084 5470; x_wconf 73' lang='lat' dir='ltr'><strong><em>duint</em></strong></span> 
     </span>
    </p>
   </div>
   <div class='ocr_carea' id='block_1_105' title="bbox 2245 5410 3773 5489">
    <p class='ocr_par' dir='ltr' id='par_1_105' title="bbox 2245 5410 3773 5489">
     <span class='ocr_line' id='line_1_105' title="bbox 2245 5410 3773 5489; baseline -0.009 -16"><span class='ocrx_word' id='word_1_629' title='bbox 2245 5416 2364 5473; x_wconf 74' lang='grc' dir='ltr'>εἶτα</span> <span class='ocrx_word' id='word_1_630' title='bbox 2408 5421 2436 5472; x_wconf 88' lang='grc' dir='ltr'>ὁ</span> <span class='ocrx_word' id='word_1_631' title='bbox 2472 5419 2568 5489; x_wconf 80' lang='grc' dir='ltr'>μὲν</span> <span class='ocrx_word' id='word_1_632' title='bbox 2596 5419 2656 5470; x_wconf 81' lang='grc' dir='ltr'>τὸ</span> <span class='ocrx_word' id='word_1_633' title='bbox 2682 5418 2848 5471; x_wconf 78' lang='grc' dir='ltr'>καλὸν</span> <span class='ocrx_word' id='word_1_634' title='bbox 2879 5415 3238 5485; x_wconf 76' lang='grc' dir='ltr'>ἐκλεξάμενος</span> <span class='ocrx_word' id='word_1_635' title='bbox 3270 5414 3346 5484; x_wconf 80' lang='grc' dir='ltr'>τῷ</span> <span class='ocrx_word' id='word_1_636' title='bbox 3387 5417 3525 5484; x_wconf 71' lang='grc' dir='ltr'>φωτὶ</span> <span class='ocrx_word' id='word_1_637' title='bbox 3553 5413 3644 5479; x_wconf 81' lang='grc' dir='ltr'><strong><em>τῆς</em></strong></span> <span class='ocrx_word' id='word_1_638' title='bbox 3668 5410 3773 5476; x_wconf 77' lang='grc' dir='ltr'><strong><em>ἁλη-</em></strong></span> 
     </span>
    </p>
   </div>
   <div class='ocr_carea' id='block_1_106' title="bbox 556 5504 2084 5581">
    <p class='ocr_par' dir='ltr' id='par_1_106' title="bbox 556 5506 2084 5579">
     <span class='ocr_line' id='line_1_106' title="bbox 556 5506 2084 5579; baseline -0.001 -17"><span class='ocrx_word' id='word_1_639' title='bbox 556 5510 646 5562; x_wconf 85' lang='lat' dir='ltr'><strong><em>hie</em></strong></span> <span class='ocrx_word' id='word_1_640' title='bbox 685 5508 908 5579; x_wconf 79' lang='lat' dir='ltr'><strong><em>quidem</em></strong></span> <span class='ocrx_word' id='word_1_641' title='bbox 947 5522 1014 5562; x_wconf 86' lang='lat' dir='ltr'><strong><em>eo</em></strong></span> <span class='ocrx_word' id='word_1_642' title='bbox 1054 5508 1200 5577; x_wconf 85' lang='lat' dir='ltr'><strong><em>quod</em></strong></span> <span class='ocrx_word' id='word_1_643' title='bbox 1246 5516 1330 5561; x_wconf 87' lang='lat' dir='ltr'><strong><em>est</em></strong></span> <span class='ocrx_word' id='word_1_644' title='bbox 1382 5506 1674 5562; x_wconf 91' lang='lat' dir='ltr'><strong><em>honestum</em></strong></span> <span class='ocrx_word' id='word_1_645' title='bbox 1726 5507 1919 5571; x_wconf 84' lang='lat' dir='ltr'><strong><em>electo,</em></strong></span> <span class='ocrx_word' id='word_1_646' title='bbox 1955 5510 2021 5562; x_wconf 77' lang='lat' dir='ltr'><strong><em>ad</em></strong></span> <span class='ocrx_word' id='word_1_647' title='bbox 2055 5509 2084 5561; x_wconf 78' lang='lat' dir='ltr'><strong>Il</strong></span> 
     </span>
    </p>
   </div>
   <div class='ocr_carea' id='block_1_107' title="bbox 2246 5504 3774 5581">
    <p class='ocr_par' dir='ltr' id='par_1_107' title="bbox 2246 5504 3774 5581">
     <span class='ocr_line' id='line_1_107' title="bbox 2246 5504 3774 5581; baseline -0.011 -16"><span class='ocrx_word' id='word_1_648' title='bbox 2246 5513 2389 5575; x_wconf 81' lang='grc' dir='ltr'>θείας</span> <span class='ocrx_word' id='word_1_649' title='bbox 2427 5510 2829 5581; x_wconf 53' lang='grc' dir='ltr'>προέδραμεν,</span> <span class='ocrx_word' id='word_1_650' title='bbox 2876 5507 2905 5558; x_wconf 89' lang='grc' dir='ltr'><strong>ὁ</strong></span> <span class='ocrx_word' id='word_1_651' title='bbox 2944 5506 3001 5559; x_wconf 87' lang='grc' dir='ltr'>δὲ</span> <span class='ocrx_word' id='word_1_652' title='bbox 3045 5504 3150 5558; x_wconf 75' lang='grc' dir='ltr'>ὑπὸ</span> <span class='ocrx_word' id='word_1_653' title='bbox 3177 5505 3272 5558; x_wconf 86' lang='grc' dir='ltr'><strong><em>τοῦ</em></strong></span> <span class='ocrx_word' id='word_1_654' title='bbox 3316 5506 3417 5574; x_wconf 85' lang='grc' dir='ltr'>τῆς</span> <span class='ocrx_word' id='word_1_655' title='bbox 3452 5507 3648 5572; x_wconf 81' lang='grc' dir='ltr'>πλάνης</span> <span class='ocrx_word' id='word_1_656' title='bbox 3671 5515 3774 5559; x_wconf 80' lang='grc' dir='ltr'>κατ-</span> 
     </span>
    </p>
   </div>
   <div class='ocr_carea' id='block_1_108' title="bbox 554 5589 2082 5674">
    <p class='ocr_par' dir='ltr' id='par_1_108' title="bbox 554 5601 2076 5667">
     <span class='ocr_line' id='line_1_108' title="bbox 554 5601 2076 5667; baseline -0.001 -12"><span class='ocrx_word' id='word_1_657' title='bbox 554 5620 673 5658; x_wconf 79' lang='lat' dir='ltr'><strong><em>eem</em></strong></span> <span class='ocrx_word' id='word_1_658' title='bbox 720 5603 962 5658; x_wconf 80' lang='lat' dir='ltr'><strong><em>veritatis</em></strong></span> <span class='ocrx_word' id='word_1_659' title='bbox 1002 5602 1325 5667; x_wconf 78' lang='lat' dir='ltr'><strong><em>accurrcrit,</em></strong></span> <span class='ocrx_word' id='word_1_660' title='bbox 1368 5601 1458 5656; x_wconf 88' lang='lat' dir='ltr'><strong><em>ille</em></strong></span> <span class='ocrx_word' id='word_1_661' title='bbox 1499 5616 1626 5656; x_wconf 85' lang='lat' dir='ltr'><strong><em>vero</em></strong></span> <span class='ocrx_word' id='word_1_662' title='bbox 1675 5602 1883 5655; x_wconf 86' lang='lat' dir='ltr'><strong><em>erroris</em></strong></span> <span class='ocrx_word' id='word_1_663' title='bbox 1919 5602 2076 5655; x_wconf 84' lang='lat' dir='ltr'><strong><em>vincn</em></strong></span> 
     </span>
    </p>
   </div>
   <div class='ocr_carea' id='block_1_109' title="bbox 2246 5589 3774 5674">
    <p class='ocr_par' dir='ltr' id='par_1_109' title="bbox 2246 5589 3774 5674">
     <span class='ocr_line' id='line_1_109' title="bbox 2246 5589 3774 5674; baseline -0.006 -16"><span class='ocrx_word' id='word_1_664' title='bbox 2246 5606 2439 5674; x_wconf 81' lang='grc' dir='ltr'>εσχὲθη</span> <span class='ocrx_word' id='word_1_665' title='bbox 2484 5601 2705 5672; x_wconf 84' lang='grc' dir='ltr'>δεσμοῦ,</span> <span class='ocrx_word' id='word_1_666' title='bbox 2738 5600 2812 5670; x_wconf 84' lang='grc' dir='ltr'>μὴ</span> <span class='ocrx_word' id='word_1_667' title='bbox 2852 5599 2985 5667; x_wconf 75' lang='grc' dir='ltr'>πρὸς</span> <span class='ocrx_word' id='word_1_668' title='bbox 3018 5599 3115 5661; x_wconf 72' lang='grc' dir='ltr'><strong><em>τὰς</em></strong></span> <span class='ocrx_word' id='word_1_669' title='bbox 3150 5597 3299 5661; x_wconf 82' lang='grc' dir='ltr'>θείας</span> <span class='ocrx_word' id='word_1_670' title='bbox 3329 5598 3569 5652; x_wconf 75' lang='grc' dir='ltr'>ἀτενίσαι</span> <span class='ocrx_word' id='word_1_671' title='bbox 3592 5589 3774 5649; x_wconf 52' lang='lat' dir='ltr'><strong><em>dum:</em></strong></span> 
     </span>
    </p>
   </div>
   <div class='ocr_carea' id='block_1_110' title="bbox 557 5684 2085 5765">
    <p class='ocr_par' dir='ltr' id='par_1_110' title="bbox 557 5684 2081 5759">
     <span class='ocr_line' id='line_1_110' title="bbox 557 5684 2081 5759; baseline 0 -13"><span class='ocrx_word' id='word_1_672' title='bbox 557 5684 811 5751; x_wconf 82' lang='lat' dir='ltr'><strong><em>detentus</em></strong></span> <span class='ocrx_word' id='word_1_673' title='bbox 848 5694 1038 5759; x_wconf 84' lang='lat' dir='ltr'><strong><em>fuerit,</em></strong></span> <span class='ocrx_word' id='word_1_674' title='bbox 1091 5695 1284 5750; x_wconf 84' lang='lat' dir='ltr'><strong><em>nolens</em></strong></span> <span class='ocrx_word' id='word_1_675' title='bbox 1318 5694 1536 5750; x_wconf 84' lang='lat' dir='ltr'><strong><em>divinos</em></strong></span> <span class='ocrx_word' id='word_1_676' title='bbox 1571 5694 1753 5749; x_wconf 83' lang='lat' dir='ltr'><strong><em>radios</em></strong></span> <span class='ocrx_word' id='word_1_677' title='bbox 1800 5693 1923 5748; x_wconf 78' lang='lat' dir='ltr'><strong><em>lixis</em></strong></span> <span class='ocrx_word' id='word_1_678' title='bbox 1961 5694 2081 5747; x_wconf 88' lang='lat' dir='ltr'><strong><em>ocul</em></strong></span> 
     </span>
    </p>
   </div>
   <div class='ocr_carea' id='block_1_111' title="bbox 2240 5684 3768 5765">
    <p class='ocr_par' dir='ltr' id='par_1_111' title="bbox 2245 5684 3768 5765">
     <span class='ocr_line' id='line_1_111' title="bbox 2245 5684 3768 5765; baseline -0.012 -18"><span class='ocrx_word' id='word_1_679' title='bbox 2245 5696 2515 5765; x_wconf 75' lang='grc' dir='ltr'>ἐλόμενος,</span> <span class='ocrx_word' id='word_1_680' title='bbox 2549 5693 2760 5745; x_wconf 65' lang='grc' dir='ltr'>εὐδοκεῖ</span> <span class='ocrx_word' id='word_1_681' title='bbox 2792 5690 2847 5741; x_wconf 82' lang='grc' dir='ltr'>δὲ</span> <span class='ocrx_word' id='word_1_682' title='bbox 2889 5688 2971 5757; x_wconf 77' lang='grc' dir='ltr'>τῷ</span> <span class='ocrx_word' id='word_1_683' title='bbox 2997 5688 3233 5758; x_wconf 77' lang='grc' dir='ltr'>πιστῷὴ</span> <span class='ocrx_word' id='word_1_684' title='bbox 3271 5689 3494 5751; x_wconf 78' lang='grc' dir='ltr'>ἄπιστος</span> <span class='ocrx_word' id='word_1_685' title='bbox 3531 5684 3768 5739; x_wconf 66' lang='grc' dir='ltr'>συνοικεῖν,</span> 
     </span>
    </p>
   </div>
   <div class='ocr_carea' id='block_1_112' title="bbox 559 5777 2087 5860">
    <p class='ocr_par' dir='ltr' id='par_1_112' title="bbox 559 5788 2087 5860">
     <span class='ocr_line' id='line_1_112' title="bbox 559 5788 2087 5860; baseline 0.001 -19"><span class='ocrx_word' id='word_1_686' title='bbox 559 5789 780 5856; x_wconf 80' lang='lat' dir='ltr'><strong><em>intueri,</em></strong></span> <span class='ocrx_word' id='word_1_687' title='bbox 818 5788 961 5845; x_wconf 83' lang='lat' dir='ltr'><strong><em>ﬁdeli</em></strong></span> <span class='ocrx_word' id='word_1_688' title='bbox 995 5803 1121 5844; x_wconf 83' lang='lat' dir='ltr'><strong><em>vero</em></strong></span> <span class='ocrx_word' id='word_1_689' title='bbox 1146 5789 1353 5844; x_wconf 87' lang='lat' dir='ltr'><strong><em>homini</em></strong></span> <span class='ocrx_word' id='word_1_690' title='bbox 1386 5790 1599 5860; x_wconf 75' lang='lat' dir='ltr'><strong><em>placeat</em></strong></span> <span class='ocrx_word' id='word_1_691' title='bbox 1642 5804 1765 5845; x_wconf 84' lang='lat' dir='ltr'><strong><em>cum</em></strong></span> <span class='ocrx_word' id='word_1_692' title='bbox 1800 5788 2001 5843; x_wconf 84' lang='lat' dir='ltr'><strong><em>inﬁdeli</em></strong></span> <span class='ocrx_word' id='word_1_693' title='bbox 2041 5804 2087 5843; x_wconf 76' lang='lat' dir='ltr'><strong><em>Ct</em></strong></span> 
     </span>
    </p>
   </div>
   <div class='ocr_carea' id='block_1_113' title="bbox 2240 5777 3768 5860">
    <p class='ocr_par' dir='ltr' id='par_1_113' title="bbox 2244 5777 3768 5858">
     <span class='ocr_line' id='line_1_113' title="bbox 2244 5777 3768 5858; baseline -0.007 -16"><span class='ocrx_word' id='word_1_694' title='bbox 2244 5789 2275 5857; x_wconf 71' lang='grc' dir='ltr'>ἢ</span> <span class='ocrx_word' id='word_1_695' title='bbox 2304 5789 2362 5841; x_wconf 75' lang='grc' dir='ltr'>τὸ</span> <span class='ocrx_word' id='word_1_696' title='bbox 2390 5786 2623 5858; x_wconf 77' lang='grc' dir='ltr'>ἔμπαλιν</span> <span class='ocrx_word' id='word_1_697' title='bbox 2654 5787 2678 5837; x_wconf 78' lang='grc' dir='ltr'>ὁ</span> <span class='ocrx_word' id='word_1_698' title='bbox 2705 5785 2927 5845; x_wconf 73' lang='grc' dir='ltr'>ἄπιστος</span> <span class='ocrx_word' id='word_1_699' title='bbox 2964 5784 3026 5852; x_wconf 76' lang='grc' dir='ltr'>τῇ</span> <span class='ocrx_word' id='word_1_700' title='bbox 3059 5785 3247 5853; x_wconf 56' lang='lat' dir='ltr'><strong><em>mnf],</em></strong></span> <span class='ocrx_word' id='word_1_701' title='bbox 3278 5782 3351 5852; x_wconf 76' lang='grc' dir='ltr'>μὴ</span> <span class='ocrx_word' id='word_1_702' title='bbox 3374 5777 3768 5851; x_wconf 67' lang='grc' dir='ltr'>χωριζέτθωααν.</span> 
     </span>
    </p>
   </div>
  </div>
