3870 6290
142 328 225 395 335
812 320 1214 383 SYNTAGMA
1250 320 1641 382 CANONUM.
1670 345 1738 359 ·-
1763 322 1911 385 TIT.
1951 325 2089 401 XII,
2126 324 2284 391 CAP.
2320 328 2555 389 X-XIV.

3235 328 3342 394 886

144 439 254 497 κατὰ
278 443 357 490 τὸν
388 432 519 488 θεῖον
554 430 874 486 ’Δπόστολον
900 448 914 463 ⁸
975 432 1285 505 Ἠγίασται
1324 433 1436 504 γὰρ
1465 438 1498 489 ό
1526 434 1662 489 ἄπι-

1795 436 2034 504 ηιιιιίιθτε,
2080 439 2163 495 vel
2210 450 2264 496 et
2307 450 2522 506 contra,
2555 454 2627 497 ne
2653 454 2686 497 a
2732 453 2793 498 se
2816 438 3049 497 invicem
3084 456 3341 513 separen-

140 549 258 597 στος
291 526 431 595 ἀνὴρ
472 526 538 580 ἐν
567 524 641 593 τῇ
680 525 939 593 γυναικί,
981 526 1079 581 καὶ
1123 527 1404 597 ἡγίασται
1445 529 1483 597 ἠ
1521 528 1658 583 am-

142 641 256 692 στος
280 618 417 693 γυνὴ
447 618 514 673 ὲν
537 612 616 687 τῷ
642 617 837 687 ἀνδρί.

201 812 249 865 '0
271 806 525 871 πολιτικὸς
551 806 737 876 νόμος,
768 809 818 861 εί
846 809 941 861 καὶ
979 808 1050 863 τὰ
1091 807 1327 878 μάλιστα
1358 807 1448 861 τὸν
1485 807 1663 879 γάμον

138 903 399 978 ὁριζόμενος
417 901 596 971 φησιν,
623 899 763 970 βιὸλ.
788 898 893 969 κγ’,
922 900 1025 955 τίτ.
1046 898 1111 971 β’,
1127 900 1267 955 διάτ.
1289 898 1359 966 α’,
1382 900 1465 954 ὅτι
1489 901 1666 970 γάμος

139 998 257 1051 ἐστὶν
278 993 452 1065 ἀνδρὸς
483 992 578 1047 καὶ
608 994 866 1061 γυναικὸς
902 993 1190 1062 συνάφεια,
1225 991 1319 1045 καὶ
1348 992 1667 1061 συγκλήρω-

140 1108 208 1153 an;
228 1088 385 1159 πάσης
405 1090 502 1158 τῆς
528 1088 695 1159 ζωῆς,
721 1088 867 1143 θείου
891 1106 951 1141 τε
975 1088 1069 1143 καὶ
1090 1087 1430 1159 ἀνθρωπίνου
1454 1086 1664 1141 δικαίου

139 1183 365 1247 κοινωνία,
399 1181 491 1235 καὶ
522 1181 665 1235 κατὰ
689 1181 877 1236 τοῦτον
906 1181 999 1235 τὸν
1047 1182 1172 1251 ὅρον
1216 1179 1321 1233 ἔδει
1354 1180 1479 1242 τοὺς
1504 1179 1667 1251 γάμῳ

139 1272 548 1343 συναπτομένους,
581 1272 959 1343 ὀμοθρήσκους
1007 1268 1181 1325 εἶναι’
1229 1271 1379 1341 ὅμως
1420 1264 1530 1323 οῐδε
1572 1271 1668 1324 καὶ

137 1360 307 1429 δέχεται
328 1359 521 1429 μεταξὺ
546 1359 828 1430 όρθοδόξου
852 1362 950 1414 καὶ
970 1359 1249 1431 αἱρετικοῦ
1284 1360 1463 1431 γάμον
1487 1376 1501 1391 ·
1533 1360 1669 1430 φησὶ

137 1454 220 1523 γὰρ
243 1452 369 1523 βιὸλ.
398 1450 445 1507 α’
471 1453 568 1507 τοῦ
599 1453 729 1508 κώδ.
757 1454 889 1517 τίτ..
907 1451 969 1519 ε’,
999 1453 1139 1508 διάτ.
1174 1452 1263 1524 ιβ’,
1288 1454 1369 1507 ὅτι
1392 1453 1670 1524 ἀμφισϐη-

138 1546 330 1601 τούντων
355 1546 461 1599 τῶν
492 1546 718 1614 γονέων,
762 1546 1219 1619 ἐπικρατέστερος
1249 1547 1397 1601 ἐστὶν
1433 1550 1461 1601 ὁ
1501 1547 1671 1602 θέλων

137 1640 185 1709 τῇ
210 1637 449 1709 όρθοδόξῳ
481 1638 668 1692 πίστει
716 1639 844 1702 τοὺς
873 1639 1068 1703 παῖδας
1111 1640 1485 1709 προσαγαγεῖν
1510 1654 1523 1669 °
1576 1639 1671 1693 καὶ

136 1730 241 1786 διάτ.
278 1727 340 1800 ιη’
381 1727 474 1783 τοῦ
509 1729 678 1783 αὐτοῦ
716 1730 823 1784 τίτ.
870 1730 954 1784 ὅτι
1001 1730 1097 1785 ἐὰν
1131 1730 1361 1801 θάτερος
1402 1730 1512 1783 τῶν
1548 1745 1672 1783 συν-

136 1822 379 1876 οικούντων
413 1821 694 1894 ὀρθόδοξος
725 1824 833 1893 εἴη,
866 1823 960 1877 καὶ
996 1825 1024 1877 ό
1062 1822 1219 1886 ἄλλος
1262 1822 1559 1893 αἱρετικὸς,
1591 1822 1673 1876 δεῖ

135 1914 335 1983 γίνεσθαι
353 1914 475 1979 τοὺς
509 1917 709 1980 παῖδας
737 1916 917 1970 αὐτῶν
949 1914 1283 1987 ὀρθοδόξους·
1316 1914 1411 1969 καὶ
1438 1914 1578 1985 βιῦλ.
1603 1913 1668 1982 ε’,

133 2004 214 2055 rit.
240 2002 298 2069 α’,
322 2003 454 2057 διά-τ.
476 2002 541 2069 ε’,
580 2005 675 2057 ἐὰν
703 2007 735 2075 ἠ
773 2005 984 2077 μνηστῇ
1012 2005 1345 2075 παραιτῆται
1371 2005 1461 2058 τον
1493 2005 1671 2074 γάμον

136 2096 203 2151 διὰ
225 2097 391 2161 τὸτῆς
424 2096 725 2168 θρησκείας
754 2098 1029 2170 διάφορον,
1078 2099 1126 2153 εί
1159 2099 1259 2169 μὲν
1308 2099 1527 2171 προῄδει
1575 2099 1673 2169 τὴν

136 2190 295 2253 αἰτίαν,
327 2191 359 2261 ἡ
384 2190 524 2263 γυνὴ
554 2191 587 2261 ἦ
617 2193 666 2245 οἱ
701 2195 879 2260 γονεῖς
905 2192 1075 2263 αὐτῆς
1119 2193 1437 2246 ὑπόκεινται
1473 2210 1487 2223 ’
1538 2194 1585 2245 εί
1616 2192 1673 2244 δὲ

133 2282 340 2353 ἠγνόουν,
368 2282 399 2353 ἦ
434 2286 579 2354 μετὰ
611 2284 673 2337 τὸ
698 2284 881 2339 λαϐεῖν
924 2286 1050 2349 τοὺς
1100 2285 1426 2358 ἀρραϐῶνας
1462 2286 1498 2357 ὴ
1527 2285 1675 2340 αἰτία

136 2370 315 2442 συνέϐη,
342 2372 401 2424 τὸ
430 2372 640 2428 ἁπλοῦν
670 2374 975 2429 ἀναδίδοται
997 2392 1009 2405 ο
1041 2375 1102 2429 το
1131 2376 1262 2430 αὐτὸ
1291 2378 1385 2430 καὶ
1414 2377 1505 2429 ἐπὶ
1544 2394 1679 2447 μνη-

134 2464 324 2533 στῆρος.
361 2463 422 2517 Ἠ
470 2464 532 2518 δὲ
582 2471 636 2531 ς’
674 2465 814 2520 διάτ.
852 2466 944 2521 τοῦ
983 2467 1026 2521 θ’
1065 2468 1167 2523 τίτ.
1203 2468 1297 2522 τοῦ
1327 2476 1377 2522 α’
1407 2468 1547 2539 βιϐλ.
1579 2468 1675 2522 τοῦ

134 2554 234 2609 κώδ.
266 2555 439 2625 φησὶν,
474 2556 563 2611 ὅτι
594 2557 920 2628 Χριστιανὸς
952 2559 1246 2631 λαμϐάνων
1279 2561 1546 2615 Ἰουδαίαν
1572 2578 1677 2629 γα-

136 2649 290 2720 μετὴν,
320 2650 353 2721 ἢ
387 2650 727 2724 Χριστιανὴν
754 2653 1031 2720 Ἰουδαῖος,
1062 2656 1154 2709 ἐπὶ
1189 2656 1405 2728 μοιχείᾳ
1438 2673 1678 2728 κατηγο-

137 2745 299 2813 ρεῖται.

187 2866 413 2923 ΚΕΦΑΛ.
461 2871 566 2923 1Δ’.
615 2900 685 2911 -
742 2873 882 2940 Περι
933 2870 1054 2925 τῶν
1107 2872 1176 2937 ἐξ
1229 2872 1538 2941 αἱρετικιῖηρ
1593 2875 1680 2939 εις

134 2957 441 3025 ὀρθοόοξίαν
466 2963 978 3033 ἐπιστρεφόντων,
1025 2966 1122 3020 καὶ
1155 2968 1205 3020 εὶ
1246 2966 1507 3021 δυνατὸν
1543 2969 1679 3021 τού-

134 3068 246 3117 τοιις
290 3054 686 3122 κληροῦσθαι,
728 3056 825 3111 καὶ
858 3057 1019 3123 τίνες
1044 3056 1243 3112 αὐτῶν
1273 3058 1680 3123 βαπτίζονται,

1764 537 1870 583 tur.
1911 527 1988 583 Ex
2030 529 2197 585 divini
2242 532 2386 587 enim
2419 532 2573 588 Pauli
2617 533 2885 589 sententia
2919 550 2932 588 :
2966 533 3341 605 Sanctiﬁcatus

1761 630 1841 674 est
1868 622 1946 675 vir
1968 622 2196 692 inﬁdelis
2230 625 2284 678 in
2329 625 2570 692 muliere,
2600 634 2651 681 et
2669 626 3014 696 sanctificata
3043 641 3117 683 est
3156 629 3343 683 mulier

1764 712 1994 781 inﬁdelis
2015 714 2069 768 in
2095 715 2287 771 viro”.

1839 806 2055 864 Textus.
2082 840 2154 849 —-
2190 809 2380 866 Civilis
2415 812 2497 867 lex
2536 811 2781 877 tametsi,
2815 826 2941 868 cum
2988 810 3346 867 exactissime

1766 901 1987 969 nuptias
2029 901 2239 967 deﬁnit,
2272 903 2434 969 dicat,
2469 903 2564 960 lib.
2613 920 2774 971 xuii,
2798 903 2886 960 tit.
2926 906 2981 970 3,
3028 904 3225 974 digest.
3263 904 3288 958 l
3328 922 3343 959 τ

1767 990 1979 1061 Nuptiae
2018 1003 2145 1049 sunt
2174 994 2491 1064 conjunctio
2530 995 2699 1051 maris
2737 1005 2792 1053 et
2836 995 3077 1061 feminae,
3112 1010 3345 1051 consor-

1768 1086 1903 1140 tium
1934 1086 2116 1141 omnis
2157 1088 2302 1151 vitm,
2343 1088 2515 1143 divini
2551 1097 2608 1145 et
2648 1089 2874 1144 humani
2919 1089 3064 1160 juris
3098 1102 3349 1144 commn-

1770 1179 2008 1233 nicatio:
2040 1180 2343 1235 secundum
2381 1196 2549 1250 quam
2581 1181 2953 1237 deﬁnitionem
2984 1196 3080 1237 eos
3111 1180 3203 1250 qui
3233 1196 3351 1233 ma-

1769 1272 2031 1328 trimonio
2081 1271 2509 1343 conjunguntur,
2565 1273 2810 1343 ejusdem
2885 1287 3010 1329 esse
3067 1272 3347 1342 religionis

1770 1372 2019 1434 oportet:
2070 1364 2320 1433 agnoscit
2359 1373 2537 1419 tamen
2585 1372 2750 1433 atque
2795 1362 3035 1419 admittit
3085 1363 3226 1417 inter
3253 1377 3349 1416 or-

1772 1455 2075 1519 thodoxnm
2127 1464 2293 1525 atque
2334 1455 2670 1521 lnereticum,
2719 1455 3152 1511 matrimonium.
3208 1453 3348 1509 Dicit

1773 1562 2009 1617 namque
2038 1546 2132 1603 lib.
2182 1547 2209 1601 ί
2240 1546 2399 1613 Cod.,
2442 1546 2526 1601 tit.
2563 1546 2619 1609 5,
2670 1556 2847 1601 const.
2894 1546 2985 1609 12,
3015 1546 3183 1616 quod,
3213 1544 3352 1598 Cum

1773 1649 2027 1711 parentes
2058 1639 2291 1708 litigant,
2344 1639 2526 1708 potior
2561 1641 2633 1693 sit
2670 1638 2763 1708 qui
2804 1638 3004 1693 liberos
3053 1637 3119 1692 ad
3161 1636 3355 1691 ortho-

1778 1735 1973 1786 doxam
2010 1732 2172 1786 (idem
2203 1730 2476 1786 adducere
2511 1730 2647 1784 vult.
2682 1729 2745 1784 Et
2793 1739 2968 1785 const.
3003 1728 3070 1783 l8
3104 1727 3353 1797 ejusdem

1775 1818 1856 1883 tit,
1885 1818 2053 1887 quod,
2085 1818 2140 1872 Si
2165 1818 2300 1873 alter
2323 1818 2615 1888 conjugum
2639 1818 2976 1873 orthodoxus
3006 1819 3099 1882 sit,
3130 1825 3188 1871 et
3217 1816 3355 1871 alter

1776 1910 2089 1975 haereticus,
2137 1911 2339 1966 liberos
2383 1910 2600 1964 illorum
2643 1910 2811 1980 398
2848 1910 3183 1964 orthodoxos
3238 1908 3355 1962 ﬁeri

1775 2008 2038 2071 oporteat.
2075 1999 2140 2053 Et
2168 2000 2268 2053 lib.
2303 2014 2354 2065 v,
2384 1999 2469 2053 tit.
2504 1997 2526 2050 i
2576 2007 2753 2053 const.
2792 1997 2825 2051 5
2867 2014 2880 2050 :
2914 1996 2971 2050 Si
3002 2011 3202 2066 sponsa
3233 2009 3357 2064 pro—

1779 2107 1897 2166 pter
1934 2094 2213 2163 religionis
2245 2094 2622 2149 diversitatem
2662 2092 2979 2163 conjugium
3026 2097 3264 2153 recuset,
3311 2086 3358 2143 si

1778 2188 1999 2258 quidem
2041 2185 2209 2259 [eam]
2256 2201 2371 2242 rem
2406 2187 2496 2241 illa
2528 2184 2823 2257 praescivit,
2847 2192 3103 2255 parentes
3124 2181 3248 2253 ejus
3276 2187 3359 2234 te~

1780 2290 1977 2337 nentur
1997 2296 2016 2335 :
2047 2281 2132 2337 sin
2170 2282 2463 2352 ignoravit,
2487 2291 2581 2336 aut
2612 2287 2903 2351 postquam
2932 2278 3129 2334 arrhas
3190 2275 3358 2346 cepit,

1784 2372 1893 2446 [ea]
1925 2388 2011 2428 res
2048 2372 2256 2438 incidit,
2284 2372 2540 2443 simplum
2565 2370 2830 2427 redditur.
2861 2365 3066 2442 [Quod]
3096 2367 3273 2438 ipsum
3309 2372 3363 2419 et

1780 2468 1835 2521 in
1867 2481 2071 2537 sponso
2112 2464 2395 2539 [obtinet.]
2431 2463 2620 2520 Const.
2662 2472 2845 2518 autem
2880 2461 2933 2527 6,
2990 2459 3072 2515 tit.
3110 2458 3165 2523 9,
3216 2456 3311 2511 lib.
3344 2470 3360 2509 ι

1781 2555 1918 2614 Cod.
1954 2556 2067 2611 ait:
2120 2556 2225 2623 Qui
2273 2554 2620 2613 Christianus
2660 2554 2907 2609 Judaaam
2961 2550 3042 2623 [in
3076 2548 3363 2605 matrimo-

1784 2648 1960 2722 nium]
1993 2650 2211 2721 accipit,
2248 2658 2344 2705 aut
2372 2649 2466 2721 qui
2514 2646 2737 2704 Iudaeus
2771 2644 3166 2709 Christianam,
3208 2639 3366 2697 adul-

1785 2742 1905 2800 terii
1937 2753 2250 2799 accusatur.

1852 2869 2007 2928 CAP.
2052 2869 2197 2926 XIV.
2231 2900 2298 2912 —
2336 2868 2413 2923 De
2460 2869 2721 2923 hareticis
2780 2866 2851 2920 ad
2907 2861 3286 2919 orthodoxiam
3313 2875 3369 2914 se

1786 2962 2227 3029 convertentibus,
2278 2969 2329 3017 et
2383 2970 2564 3015 utrum
2596 2960 2650 3012 hi
2674 2959 2728 3011 in
2759 2958 2958 3011 clerum
3011 2952 3222 3008 admitti
3250 2967 3370 3019 pos-

1788 3057 1917 3121 sint,
1973 3066 2023 3111 et
2070 3056 2287 3128 quinam
2317 3070 2381 3109 ex
2418 3056 2498 3109 his
2552 3052 2905 3121 baptizentur,
2929 3048 3020 3120 qui
3046 3056 3225 3102 autem
3252 3053 3372 3099 tan-

135 3141 211 3192 κιιὶ
236 3142 382 3207 τίνες
398 3119 613 3213 *μόνον
644 3151 931 3216 χρίονται,
978 3119 1074 3203 real
1108 3149 1195 3203 ὄτι
1223 3119 1423 3217 πράως
1449 3150 1542 3203 δεῖ
1561 3119 1679 3216 τοῖς

1795 3146 2064 3202 tummodo
2082 3119 2400 3216 angantur;
2430 3155 2480 3199 et
2536 3142 2677 3214 quod
2708 3148 2979 3194 mansuete
3014 3154 3135 3193 cum
3158 3136 3371 3192 licereli-

134 3236 408 3303 αἱρετικοῖς
444 3237 783 3306 κεχρῆσθαι
822 3240 919 3295 διὰ
951 3241 1017 3295 τὸ
1048 3242 1407 3311 ἐπιστρέψαι
1439 3244 1682 3311 αὐτούς.

378 3347 659 3402 Συνόδου
695 3349 943 3416 Νικαίας
979 3350 1179 3404 κανὼν
1211 3357 1281 3421 η’,
1317 3349 1400 3405 ιθ’.

188 3446 251 3519 η’.
277 3451 409 3523 Περὶ
438 3452 557 3506 τῶν
580 3452 959 3523 ὀνομαζόντων
991 3453 1093 3525 μὲν
1122 3455 1347 3521 ἑαυτοὺς
1374 3456 1688 3530 Καθαροὺς,

134 3554 181 3595 ιι.
195 3555 239 3597 τ.
262 3542 311 3598 λ.

190 3633 264 3689 ιϐ’.
301 3636 437 3708 Περὶ⁵
467 3638 582 3691 τῶν
609 3638 1105 3707 Παυλιανισάντων,
1137 3658 1191 3694 κ.
1218 3659 1269 3696 τ.
1302 3641 1351 3696 λ.

368 3750 647 3804 Συνόδου
679 3750 1032 3820 Λαοδικείας
1058 3761 1258 3808 κανων
1286 3754 1353 3821 ζ’,
1387 3762 1457 3827 η’.

190 3858 247 3925 ζ’.
268 3863 400 3935 Περὶ
429 3864 530 3918 τοῦ
557 3865 682 3929 τοὺς
706 3866 769 3919 ἐκ
791 3864 895 3919 τῶν
918 3865 1210 3938 αἱρέσεων,
1244 3869 1489 3923 τουτέστι
1514 3870 1695 3923 Ναυα-

1786 3243 1862 3297 cis
1892 3250 1970 3296 est
2010 3242 2289 3311 agendum,
2321 3240 2384 3293 ob
2425 3253 2567 3307 spem
2594 3234 2973 3291 conversionis.

2125 3349 2351 3408 Concilii
2382 3348 2433 3403 Ν
2440 3349 2592 3405 ἰεανιιί
2623 3362 2847 3402 canones
2868 3345 2921 3411 8,
2948 3343 3075 3400 507.

1862 3463 1915 3519 8.
1953 3462 2139 3518 Deliis
2171 3462 2263 3532 qui
2296 3476 2356 3517 se
2395 3459 2669 3522 catharos,
2703 3466 2834 3523 etc.,
2860 3464 2917 3508 ut
2951 3470 3073 3525 pag.
3104 3451 3193 3505 59.

1864 3645 2040 3705 £9.06:
2065 3644 2441 3708 Paulianistis,
2474 3652 2604 3709 etc.,
2630 3650 2687 3695 ut
2720 3656 2843 3711 pag.
2886 3638 3012 3695 559.

2137 3754 2363 3811 Concilii
2394 3751 2683 3807 Laudiceni
2710 3766 2881 3805 canon
2913 3749 2958 3815 7,
2991 3748 3044 3804 8.

1867 3869 1919 3923 7.
1952 3868 2060 3925 Eos
2085 3869 2177 3937 qui
2213 3882 2276 3920 cx
2302 3864 2627 3927 haeresibus,
2654 3864 2757 3918 hoc
2787 3870 2871 3918 est
2896 3859 3239 3927 Novatianis,
3264 3860 3378 3915 sive

135 3955 306 4009 τιανῶν
358 3957 479 4028 ἦτοι
515 3958 892 4013 Φωτεινιανῶν
930 3959 963 4031 ἢ
1014 3960 1679 4033 Τεσσαρεσκαιδεκατιτῶπ

1799 3963 2163 4028 Pliotinianis,
2188 3962 2270 4017 vel
2290 3957 2776 4016 Tessaradecatitis
2793 3963 3212 4020 convertuntur,
3244 3963 3378 4017 etc.,

136 4045 635 4119 ἐπιστρεφομένους,
670 4067 723 4104 κ.
754 4068 805 4104 τ.
832 4051 882 4105 λ.

193 4138 252 4209 η’.
291 4142 425 4214 Περὶ
473 4142 572 4196 τοῦ
619 4144 745 4208 τοὺς
776 4145 884 4197 ἀπὸ
928 4145 1025 4215 τῆς
1064 4145 1329 4216 αίρέσεως
1379 4146 1488 4199 τῶν
1540 4146 1696 4212 λεγο-

140 4232 290 4303 μένων
324 4238 561 4308 Φρυγῶν
594 4238 1045 4310 ἐπιστρέφοντας,
1076 4256 1130 4293 κ.
1156 4257 1207 4297 τ.
1235 4239 1284 4291 λ.

240 4347 513 4403 Συνόδου
550 4350 1245 4417 Κωνσταντινουπόλεως
1274 4348 1473 4404 κανὼν
1502 4348 1568 4414 ζ’.

193 4434 250 4501 ζ’.
288 4440 429 4505 Τοὺς
468 4441 931 4514 προστιθεμένους
970 4444 1037 4515 τῇ
1068 4442 1368 4514 όρθοδοξίᾳ,
1406 4461 1461 4498 κ.
1488 4462 1541 4501 τ.
1567 4442 1617 4499 λ.

233 4642 504 4697 Συνόδου
533 4640 957 4711 Καρθαγέννης
983 4642 1184 4697 κανὼν
1216 4641 1326 4714 μζ’,
1356 4643 1455 4711 νζἾ,
1484 4642 1590 4710 ξς·’.

194 4736 328 4804 Περὶ
354 4735 737 4791 Δονατιστῶν
766 4735 1017 4791 παιδίων
1038 4733 1156 4791 τῶν
1181 4737 1342 4805 παρὰ
1368 4739 1493 4805 τοῖς
1522 4742 1702 4795 Δονα-

138 4826 343 4893 τισταῖς
370 4827 851 4897 βαπτιζομένων.

200 4933 300 5005 μζ.
332 4937 595 5003 Ἤρεσεν,
632 4936 719 4991 ἶνα
750 4937 1118 5009 ἑρωτήσωμεν
1145 4939 1273 5002 τοὺς
1315 4939 1578 5010 ἀδελφοὺς
1608 4941 1703 4993 καὶ

142 5030 390 5099 συνιερεῖς
424 5026 587 5098 ἡμῶν
612 5026 851 5099 Σιρίκιον
886 5030 980 5084 καὶ
1018 5029 1429 5101 Σιμπλικιανὸν,
1468 5050 1522 5086 κ.
1565 5052 1615 5088 τ.
1649 5034 1701 5087 λ.

200 5227 377 5282 Ὥστε
401 5228 547 5294 τοὺς
562 5229 817 5299 μικροὺς
842 5232 999 5299 παρὰ
1030 5230 1155 5297 τοῖς
1185 5232 1568 5299 Δονατισταῖς
1591 5235 1703 5299 βα-

141 5319 532 5390 πτιζομένους,
562 5323 632 5376 ἐν
664 5321 738 5392 τῇ
759 5326 1050 5393 καθολικῇ
1087 5325 1410 5392 κληρικοὺς
1448 5344 1706 5395 χειροτο-

141 5409 374 5467 νεῖσθαι.

200 5502 292 5568 νζ.
332 5505 427 5558 Διὸ
473 5506 655 5579 ἐπειδὴ
706 5511 764 5561 ὲν
815 5510 885 5579 τῇ
934 5507 1193 5577 ἀνωτέρω
1241 5488 1442 5582 συνόδῳ
1490 5510 1706 5582 ὁρισθὲν

146 5593 427 5667 μέμνηται,
461 5616 515 5653 κ.
542 5618 592 5655 τ.
618 5601 667 5654 λ.

208 5774 250 5805 ’⁸
276 5774 293 5829 ι
324 5776 455 5831 Cor.
491 5794 586 5841 vn,
625 5778 708 5834 14.

1798 4067 1855 4113 ut
1890 4075 2015 4128 pag.
2045 4054 2175 4111 625.

1868 4152 1922 4208 8.
1959 4150 2067 4207 Eos
2099 4150 2192 4222 qui
2212 4151 2279 4205 ab
2302 4162 2493 4203 eorum
2536 4143 2746 4201 haeresi
2777 4142 2871 4214 qui
2914 4141 3159 4214 Phryges
3186 4138 3381 4195 dicun-

1799 4258 1907 4315 tur,
1938 4256 2069 4309 etc.,
2101 4255 2157 4298 ut
2184 4260 2307 4313 pag.
2342 4240 2465 4296 623.

1927 4354 2093 4428 399
2122 4350 2349 4409 Concilii
2380 4343 2961 4416 Constantinopolitani
2997 4358 3167 4397 canon
3197 4340 3252 4395 7.

1729 4476 1777 4533 υ
1871 4447 1928 4503 ’7.
2002 4447 2107 4501 Eos
2158 4443 2250 4515 qui
2324 4451 2485 4497 rectae
2534 4438 2659 4496 tidei
2711 4438 3070 4510 adjiciuntur,
3129 4443 3261 4503 etc.,
3323 4440 3382 4486 ut

1806 4558 1933 4614 pag.
1956 4537 2081 4593 623.

1943 4649 2168 4705 Concilii
2191 4643 2624 4716 Carthaginensis
2658 4656 2885 4697 canones
2914 4640 3004 4706 47,
3030 4638 3119 4703 57,
3150 4637 3243 4692 66.

1881 4743 1957 4798 De
1980 4742 2221 4813 parvulis
2246 4740 2335 4808 qui
2371 4737 2511 4806 apud
2546 4735 2863 4790 Donatistas
2894 4731 3156 4801 baptizati
3182 4738 3326 4784 sunt.

1874 4945 1964 4998 Π.
2000 4942 2075 4998 De
2102 4940 2401 4996 Donatistis
2435 4938 2661 5011 placuit,
2688 4945 2751 4992 ut
2778 4934 3135 4993 consulamus
3189 4930 3385 4987 fratres

1808 5046 1860 5089 et
1887 5032 2306 5090 consacerdotes
2340 5040 2555 5085 nostros
2582 5028 2839 5085 Siricium
2871 5035 2924 5082 et
2944 5022 3384 5109 Simplicianum,

1807 5137 1937 5190 etc.,
1970 5134 2025 5178 ut
2065 5140 2189 5193 pag.
2220 5122 2347 5179 595.

1870 5234 1936 5289 Ut
1958 5233 2167 5303 parvuli
2194 5233 2334 5303 apud
2368 5231 2680 5286 Donatista:
2742 5228 3000 5293 baptizati
3037 5228 3094 5283 in
3121 5224 3386 5281 catholica

1813 5328 2049 5384 Ecclesia
2082 5326 2259 5381 clerici
2281 5324 2610 5390 ordinentur,

1884 5510 1974 5567 57.
2018 5509 2168 5566 Unde
2207 5507 2467 5579 quoniam
2504 5504 3050 5587 superiori‘conctlio
3098 5508 3382 5565 statutumg

1813 5612 1945 5671 etc.,
1972 5612 2027 5656 ιιι
2059 5618 2175 5672 pag.
2216 5600 2340 5655 875.
