3980 6402
561 324 667 391 887

636 440 704 500 Ut
726 458 843 498 cum
876 442 1170 499 Donatistis
1201 442 1383 501 leniter
1413 455 1624 516 agatur.

631 623 721 679 66.
752 623 955 679 Deinde
999 626 1015 656 ¹
1069 626 1413 695 pertractatis
1455 636 1509 681 et
1549 626 1911 682 consideratis
1953 628 2128 681 omni-

562 717 683 781 bus,
704 733 826 787 quas
857 719 1072 774 utilitati
1102 719 1351 775 Ecclesiae
1377 721 1666 775 convenire
1692 718 1857 791 ᾧοο
1880 720 2135 775 videban-

560 816 671 869 tur,
694 818 967 863 annuente
982 818 1142 877 atque
1162 810 1487 866 admonente
1504 810 1708 880 Spiritu
1737 811 1850 875 Dei,
1873 812 2135 883 elegimus

559 914 684 952 cum
736 902 1051 956 memoratis
1083 902 1415 969 hominibus,
1462 904 1712 972 quamvis
1760 904 1828 959 de
1860 904 2130 962 Dominici

1716 330 1979 391 PHOTII
2012 331 2517 398 PATRIARCH/E
2557 338 2665 399 CP.
3693 346 3779 411 888

2163 448 2215 509 Δ
2307 453 2449 521 Περὶ
2498 454 2605 509 τοῦ
2644 455 2794 524 μετὰ
2843 453 2960 509 τῶν
3021 454 3394 511 Δονατιστῶν
3436 455 3627 524 πράως
3672 457 3779 514 δια·

2238 546 2601 614 πράξασθαι.

2310 638 2415 705 ξς’.
2440 642 2595 696 Μετὰ
2617 640 2790 697 ταῦτα
2808 641 3236 714 ψηλαφηθέντων
3257 644 3351 698 καὶ
3373 644 3779 715 κατανοηθέντων

2236 731 2474 798 πάντων,
2486 734 2594 788 τῶν
2605 736 2669 803 τῇ
2684 733 2851 803 ὲκκλη
2859 750 2947 787 σια
2954 736 3109 804 στικῇ
3125 752 3227 805 χρη
3236 752 3288 787 σι
3294 736 3487 804 μότητι
3504 736 3780 807 συντρέχειν

2234 824 2553 891 δοκούντων,
2568 826 2949 887 ἐπινεύσαντος
2964 827 3060 881 καὶ
3080 829 3439 899 ὲνηχήσαντος
3456 828 3548 882 τοῦ
3564 828 3781 899 Πνεῦμα-

2234 934 2325 981 τος
2345 919 2439 972 τοῦ
2466 918 2622 984 Θεοῦ,
2651 918 3025 990 ἐπελεξάμεθα
3046 921 3223 991 ἠπίως
3254 921 3345 974 καὶ
3374 923 3658 992 εἰρηνικῶς
3682 923 3781 976 δια-

558 993 805 1061 corporis
835 993 1038 1049 unitate
1069 994 1311 1064 inquieta
1339 995 1677 1051 dissensione
1705 996 1967 1065 praecisis,
1998 997 2133 1052 leni-

558 1094 641 1141 ter
671 1096 725 1142 et
753 1087 975 1157 paciﬁce
998 1103 1194 1157 agere;
1237 1098 1294 1142 ut
1319 1099 1583 1158 quantum
1619 1089 1672 1143 in
1697 1090 1854 1145 nobis
1884 1100 1987 1153 est,
2013 1107 2133 1147 om-

557 1179 720 1233 nibus
740 1179 831 1249 qui
855 1195 1042 1234 eorum
1085 1185 1473 1236 communione
1525 1189 1580 1236 et
1629 1182 1889 1237 societate
1936 1184 2129 1239 irretiti

556 1279 705 1335 sunt,
738 1285 830 1339 per
867 1273 1152 1327 universas
1202 1274 1514 1340 provincias
1558 1273 1855 1329 Africanas
1912 1276 2128 1346 penitus

553 1358 890 1424 innotescat,
929 1377 1090 1430 quam
1124 1364 1419 1419 miserabili
1452 1380 1636 1419 errore
1674 1366 1910 1422 devincti
1948 1378 2077 1423 sunt
2111 1388 2125 1424 :

553 1449 636 1507 Ne
662 1453 817 1522 forte,
853 1453 994 1509 sicut
1022 1456 1159 1509 dicit
1184 1455 1504 1524 Apostolus,
1535 1457 1691 1513 nobis
1727 1457 1780 1512 in
1819 1469 2113 1516 rnansuetu‘

2228 1472 2327 1539 τῆς
2362 1449 2631 1540 Ἀφρικῆς
2659 1449 2949 1541 ἐπαρχίας,
2985 1449 3103 1533 πῶς
3148 1468 3355 1541 ὲλεεινῇ
3390 1469 3569 1540 πλάνῃ
3598 1468 3783 1522 κατεδέ-

547 1544 675 1600 dine
707 1547 1125 1617 corripientibus
1149 1548 1364 1604 diversa
1390 1550 1705 1614 sentientes,
1739 1558 1824 1606 det
1849 1553 1962 1608 illis
1990 1554 2113 1609 Deut

2229 1563 2437 1633 θησαν*
2469 1564 2657 1630 Ἴσως,
2705 1563 2887 1627 καθὼς
2924 1562 3073 1631 λέγει
3114 1564 3142 1615 ό
3185 1561 3528 1626 Ἀπόστολος,
3570 1560 3713 1629 ἡμῶν
3736 1561 3782 1612 ὲν

546 1636 904 1703 paenitentiam
950 1636 1021 1691 ad
1052 1638 1463 1708 cognoscendam
1500 1642 1787 1707 veritatem,
1817 1650 1889 1696 ‘et
1936 1645 2113 1715 resipi~

2228 1655 2528 1726 ήμερότητι
2571 1656 2915 1722 συναγόντων
2947 1655 3071 1715 τοὺς
3099 1652 3166 1706 τὰ
3195 1652 3425 1723 διάφορα
3456 1650 3781 1721 φρονοῦντας,

543 1736 695 1781 scaut
734 1727 799 1781 de
835 1727 1037 1782 diaboli
1079 1728 1301 1798 laqueis,
1333 1731 1586 1799 captivati
1632 1732 1697 1785 ab
1728 1734 1840 1803 ipso
1869 1736 2113 1806 adipsiut

2227 1744 2402 1799 δώσει
2443 1745 2649 1811 αὐτοῖς
2691 1748 2725 1799 ό
2766 1744 2909 1811 Θεὸς
2943 1744 3260 1813 μετάνοιαν
3292 1743 3445 1811 πρὸς
3470 1741 3536 1795 τὸ
3565 1740 3783 1811 ἐπιγνῶ-

543 1815 862 1872 υοίαηιαίεηι
877 1818 920 1872 ἀ
1144 1794 1155 1798 -
1397 1794 1407 1799 -
1747 1794 1758 1803 '
1977 1794 1988 1806 '
2154 1794 2198 1852 Β
2354 1794 2828 1905 νεὴῖόύιῆθοοαιρ,
2866 1794 2969 1889 καί
3013 1794 3456 1905 ἀνασφήλωσιιθ
3489 1836 3545 1887 οί
3590 1794 3783 1886 ἐκιτῶιο

2223 1930 2331 1984 τοῦ
2358 1930 2642 1984 διαϐόλου
2666 1930 2911 2000 βρόχων
2935 1929 3516 2000 αἰχμαλωτισθέντες
3538 1924 3692 1992 αὺτῷ
3712 1928 3777 1990 εἰς

2225 2021 2293 2077 τὸ
2321 2020 2509 2075 αὑτοῦ
2536 2021 2787 2091 θέλημα.

2382 2114 2653 2169 Συνόδου
2677 2113 3097 2183 οίκουμενικῆς
3125 2112 3306 2179 ἕκτης
3335 2110 3537 2165 κανὼν
3565 2109 3662 2193 ιιξ.

2294 2223 2397 2293 ἱιεη
2424 2224 2564 2289 Τοὺς
2599 2224 3060 2295 προστιθεμένους
3087 2226 3154 2294 τῆ
3186 2221 3485 2295 όρθοδοξίᾳ,
3510 2238 3565 2276 ιι.
3592 2237 3638 2273 τ.
3664 2220 3708 2273 λ.

2235 1010 2543 1081 πράξασθαι
2604 1012 2741 1082 μετά
2790 1013 2899 1066 τῶν
2954 1014 3435 1085 μνημονευθέπων
3489 1013 3779 1083 ἀνθρώπων,

2233 1102 2335 1155 κᾶν
2363 1104 2411 1156 εί
2440 1103 2510 1156 τὰ
2561 1104 2792 1173 μάλιστα
2839 1107 2904 1157 ὲκ
2958 1105 3059 1174 τῆς
3110 1106 3204 1159 τοῦ
3237 1105 3517 1175 Κυριακοῦ
3562 1105 3781 1175 σώματος

2233 1194 2477 1259 ὲνώσεως
2498 1197 2857 1267 ἀνησυχὰστῳ
2885 1197 3121 1266 διχονοίᾳ
3150 1197 3517 1267 ἁποσχίζωσιν
3536 1214 3551 1229 ο
3582 1196 3663 1251 ἶνα
3682 1199 3781 1250 ὅσον

2230 1284 2290 1337 τὸ
2327 1287 2384 1338 ὲν
2429 1288 2582 1354 ἡμῖν,
2635 1288 2769 1339 πᾶσι
2822 1286 3048 1340 καθόλου
3079 1286 3298 1357 γνωσθῇ
3346 1289 3459 1347 τοῖς
3488 1287 3555 1356 τῇ
3591 1285 3783 1338 ἐκείνοιν

2230 1379 2485 1450 κοινωνίᾳ
2529 1380 2621 1433 καὶ
2657 1380 2875 1451 ἑταιρίᾳ
2913 1378 3329 1450 σαγηνευθεῖσιν
3370 1379 3475 1433 ἀνὰ
3510 1379 3679 1442 πάσας
3703 1379 3781 1442 τὰς

851 2096 1077 2152 Coucilii
1103 2097 1407 2152 wcumem’ci
1441 2113 1491 2153 vr
1514 2115 1680 2154 canon
1704 2099 1795 2156 95.

609 2205 697 2261 95.
746 2204 853 2262 Eos
886 2206 980 2276 qui
1010 2222 1074 2261 ex
1102 2206 1369 2263 haereticis
1408 2208 1474 2264 ad
1534 2220 1737 2265 rectam
1772 2210 1931 2265 ﬁdem
1963 2226 2123 2269 accc.

533 2297 688 2367 dunt,
711 2307 841 2368 etc.,
865 2308 920 2354 ut
942 2316 1062 2371 pag.
1090 2300 1215 2356 626.

996 2408 1192 2463 Basilii
1231 2425 1454 2465 canones
1490 2410 1540 2477 l,
1564 2412 1656 2469 47.

606 2501 657 2555 1.
714 2498 873 2568 Quod
928 2500 1093 2572 igitur
1145 2503 1212 2557 ad
1254 2502 1520 2559 Catharos
1573 2504 1824 2574 pertinet,
1878 2514 2006 2572 etc.,
2057 2514 2116 2559 ut

528 2611 655 2667 pag.
682 2595 812 2651 866.

598 2687 865 2758 Pepuzeni
903 2703 1036 2760 ergo
1069 2697 1219 2757 sunt,
1251 2698 1337 2745 etc
1367 2729 1384 2756 ,
1416 2699 1473 2743 ut
1496 2708 1618 2761 pag.
1650 2690 1773 2747 866.

597 2781 819 2838 Catbari
849 2792 977 2838 sunt
1001 2791 1056 2837 et
1082 2782 1207 2852 ipsi,
1234 2792 1363 2850 etc.,
1389 2794 1445 2837 ut
1480 2800 1601 2854 pag.
1633 2784 1759 2840 867.

597 2874 687 2928 49.
714 2874 1005 2930 Encratitae
1026 2885 1080 2930 et
1103 2874 1459 2946 Saccaphori,
1488 2888 1617 2941 etc.,
1644 2886 1700 2931 ut
1738 2876 1991 2948 pag.466.

601 2964 873 3033 Theophili
900 2981 965 3021 cz
992 2966 1214 3036 epistola
1234 2968 1302 3020 ad
1332 2968 1663 3039 dphyngium
1690 2970 2005 3041 episcopum.

2620 2423 2944 2478 Βασιλείου
2973 2420 3173 2475 κανὼν
3202 2419 3269 2485 α’,
3307 2419 3413 2489 μζ.

2313 2525 2383 2573 α’.
2444 2516 2518 2571 Τὸ
2572 2515 2672 2587 μὲν
2720 2510 2813 2569 οὖν
2866 2515 2995 2585 περὶ
3034 2516 3160 2578 τοὺς
3211 2513 3499 2584 Καθαροὺς
3548 2510 3777 2583 ζήτημα,

2223 2628 2277 2666 κ.
2310 2627 2359 2663 τ.
2394 2610 2444 2665 λ.

2294 2703 2359 2756 Ol
2390 2702 2567 2756 τοίνυν
2598 2703 2958 2773 Πεπουζηνοὶ,
2990 2720 3043 2756 κ.
3067 2719 3117 2755 τ.
3148 2703 3196 2754 λ.

2295 2795 2358 2848 Ol
2388 2795 2444 2847 δὲ
2476 2795 2721 2866 Καθαροὶ
2751 2796 2844 2850 καὶ
2868 2794 3043 2861 αὐτοὶ,
3070 2812 3124 2848 κ.
3145 2812 3196 2845 τ.
3220 2793 3269 2850 λ.

2297 2885 2404 2955 μθ’.
2458 2886 2807 2957 Ἐγκρατῖται
2845 2887 2940 2940 καὶ
2971 2886 3329 2957 Σακκοφόροι,
3364 2901 3419 2937 κ.
3444 2901 3494 2936 τ.
3518 2884 3568 2936 λ.

2296 2980 2591 3049 Θεοφίλου
2636 2980 2705 3032 ἐκ
2746 2978 2857 3049 τῆς
2903 2980 3049 3047 πρὸς
3092 2978 3411 3047 Ἀφύτγιον
3464 2975 3775 3029 ἐπίσκοποι·

2220 3072 2571 3142 ἐπιστολῆς.

2528 3167 2668 3236 Περὶ
2698 3166 2815 3221 τῶν
2843 3166 3181 3237 λεγομένων
3212 3164 3517 3235 Κιιθαρῶν.

2289 3259 2568 3330 Δεδήλωκέ
2604 3276 2693 3330 μοι
2720 3261 2752 3330 ἡ
2788 3259 2853 3329 σὴ
2883 3260 3157 3324 εὐλάϐεια,
3190 3258 3265 3322 ὥς
3295 3276 3437 3320 τινες
3466 3258 3572 3311 τῶν
3600 3256 3772 3325 ὄνομα·

916 3142 994 3198 De
1022 3144 1102 3199 Itis
1127 3147 1218 3215 qui
1233 3146 1478 3200 dicuntur
1498 3147 1739 3203 Cat/tari.
2151 3152 2198 3215 C

599 3236 905 3292 Declaravit
935 3238 1064 3292 mihi
1090 3248 1181 3292 tua
1212 3240 1386 3309 pietas
1407 3280 1422 3305 ,
1486 3240 1632 3309 quod
1662 3240 1883 3310 quidam
1912 3241 2108 3297 borum

528 3329 622 3401 qui
652 3344 711 3385 se
731 3327 1001 3386 Catbaros
1031 3330 1333 3394 nominant,
1371 3332 1559 3388 volunt
1589 3333 1655 3388 ad
1685 3332 1979 3389 Ecclesiam
2016 3348 2110 3387 ac-

2221 3327 2421 3416 ζόντων
2447 3327 2676 3415 ἑαυτοὺς
2709 3327 2999 3424 Καθαροὺς
3033 3353 3355 3423 προσελθεῖν
3401 3350 3675 3421 βούλονται
3714 3349 3768 3418 τῇ

528 3425 740 3481 cedere.
770 3424 1036 3492 Quoniam
1067 3439 1198 3494 ergo
1239 3440 1432 3495 magna
1472 3426 1735 3497 synodus,
1766 3442 1888 3497 qum
1915 3424 2108 3481 Nicaeae

2228 3444 2523 3515 Ἐκκλησία
2544 3460 2557 3475 ο
2591 3443 2778 3514 ἐπειδὴ
2801 3443 2981 3496 τοίνυν
3011 3446 3043 3512 ἡ
3084 3443 3295 3514 μεγάλη
3325 3442 3561 3506 σύνοδος,
3587 3442 3769 3510 ήγενο-

531 3513 713 3569 ltal)ita
751 3521 832 3569 est
882 3529 910 3568 a
951 3515 1157 3569 sanctis
1204 3512 1458 3571 Patribus
1503 3517 1737 3581 nostris,
1788 3516 2007 3581 statuit,
2049 3527 2107 3572 ut

2221 3535 2353 3605 μένη
2387 3512 2443 3588 ὲν
2469 3512 2674 3605 Νικαίᾳ
2700 3512 2852 3604 παρὰ
2876 3535 2985 3587 τῶν
3014 3512 3301 3605 μακαρίων
3333 3534 3593 3605 Πατέρων
3613 3531 3767 3605 ήμῶν,

527 3608 849 3663 ordinentur
880 3608 971 3679 qui
1001 3608 1264 3666 accedunt
1296 3648 1311 3674 ,
1346 3608 1482 3663 velis
1507 3609 1660 3679 juxta
1693 3610 1837 3664 hanc
1868 3609 2099 3665 formam

2221 3625 2409 3696 ὥρισεν
2456 3626 2595 3679 ὥστε
2646 3626 3071 3697 χειροτονεῖσθαι
3121 3625 3248 3689 τοὺς
3301 3626 3764 3697 προσερχομένους,

525 3710 621 3751 eos
668 3696 761 3768 qui
805 3698 871 3751 ad
924 3696 1225 3753 Ecclesiam
1265 3697 1525 3752 accedere
1568 3700 1757 3755 volunt
1804 3699 2100 3763 ordinare,

2221 3717 2440 3788 θέλησον
2470 3718 2611 3772 κατὰ
2634 3718 2724 3771 τὸν
2750 3718 2919 3771 τύπον
2940 3718 3128 3772 τοῦτον
3157 3719 3284 3780 τοὺς
3315 3718 3599 3782 ἐθέλοντας
3623 3733 3765 3788 προσ-

527 3786 573 3843 si
605 3787 824 3857 quidem
852 3787 963 3842 vita
988 3802 1177 3842 eorum
1209 3798 1359 3843 reCIa
1386 3798 1468 3842 cst
1492 3826 1508 3853 ,
1540 3797 1594 3842 ct
1633 3789 1768 3844 nihil
1802 3790 1881 3847 eis
1907 3792 2101 3846 adver-

526 3884 701 3931 satur.

594 3968 754 4041 ml
783 3968 1087 4024 Concilium
1121 3970 1376 4042 Cypriani
1420 3972 1783 4044 [temporibus
1818 3973 2098 4047 habitum]

524 4062 740 4128 statuit,
777 4070 834 4116 ut
875 4062 1190 4134 quicunque
1246 4065 1533 4121 haireticus
1582 4066 1649 4120 ad
1699 4076 1901 4122 rectam
1935 4068 2094 4123 tidem

522 4155 759 4221 devenit,
802 4156 1153 4227 baptizetur:
1196 4157 1579 4214 haereticorum
1619 4156 1949 4237 [lationem]
1977 4175 2085 4216 non

523 4259 648 4301 esse
685 4246 1019 4317 baptismum
1054 4247 1265 4303 dicens.

2210 3809 2468 3880 ἐρχεσθαι
2500 3813 2566 3881 τῇ
2600 3809 2899 3882 Ἐκκλησία
2932 3811 3278 3882 χειροτονεῖν,
3309 3811 3361 3862 εί
3391 3828 3455 3876 γε
3486 3811 3516 3863 ό
3545 3810 3653 3880 βίος
3683 3809 3763 3862 αὑ-

2208 3903 2317 3955 τῶν
2347 3902 2506 3973 ὀρθός
2540 3904 2677 3965 ἐστι,
2713 3903 2808 3956 καὶ
2839 3904 3004 3973 μηδὲν
3032 3902 3238 3956 τούτων
3273 3902 3596 3957 ἀντίκειται.

2293 3994 2357 4048 Ἦ
2381 3996 2522 4049 κατὰ
2549 3994 2862 4066 Κυπριανδν
2891 3994 3106 4059 σύνοδος
3133 3997 3311 4050 πάντα
3337 3995 3611 4067 αἱρετικὸν
3638 3992 3759 4063 ἐρχόο

2215 4106 2375 4161 μενον
2406 4092 2485 4154 εἰς
2512 4089 2823 4159 ὀρθοδοξίαν
2852 4089 3024 4159 ὁρίζει
3055 4088 3436 4160 βαπτίζεσθαι,
3468 4089 3691 4158 λέγουσα
3711 4084 3758 4137 τὸ

2208 4181 2317 4236 τῶν
2344 4181 2634 4253 αἱρετικῶν
2671 4180 2747 4253 μὴ
2779 4178 2918 4236 εἶναι
2950 4182 3256 4252 βάπτισμα.

594 4373 746 4428 CAP.
781 4374 899 4432 XV.
932 4408 1003 4417 —
1030 4374 1153 4430 Non
1183 4386 1420 4446 oportere
1454 4377 1517 4429 ab
1543 4379 1798 4446 episcopis
1826 4380 1904 4433 vel
1939 4379 2096 4434 cleri-

524 4470 599 4521 cis
630 4466 820 4523 donari
876 4486 929 4523 re
971 4470 1176 4537 aliqua,
1200 4460 1285 4525 ivel
1318 4457 1649 4525 heredes'aut
1677 4473 1960 4540 legatarios
2012 4474 2096 4527 in-

524 4562 675 4616 stitui
701 4562 993 4626 Ita’reticos,
1040 4563 1252 4616 etiamsi
1287 4564 1389 4616 sint
1424 4579 1602 4616 eorum
1629 4564 1931 4634 propinqui.

730 4652 951 4710 Cancilii
983 4654 1415 4725 Carthaginensis
1436 4674 1659 4713 canones
1700 4656 1788 4719 Ἡ,
1821 4657 1909 4714 81.

600 4747 665 4803 Ut
693 4748 918 4819 episcopi
948 4749 1024 4802 vel
1047 4749 1246 4816 clerici,
1273 4761 1403 4816 etc.,
1432 4762 1487 4805 ut
1516 4770 1633 4823 pag.
1672 4752 1793 4807 8‘27.

2280 4400 2529 4454 ΚΕΦΔΛ.
2564 4401 2663 4454 1Ε’.
2685 4431 2755 4441 -
2775 4401 2911 4471 Περὶ
2944 4402 3048 4457 τοῦ
3068 4403 3219 4472 μήτε
3247 4404 3614 4471 ἐπισκόπους
3628 4403 3752 4473 μήτε

2209 4491 2536 4561 κληρικοὺς
2582 4491 2913 4560 δωρεῖσθαι,
2973 4494 3010 4562 ἣ
3060 4495 3129 4548 ἑν
3170 4495 3423 4567 διαθήκῃ
3463 4496 3674 4550 διδόναι
3709 4510 3750 4545 τι

2207 4584 2541 4653 αἱρετικοῒς,
2571 4584 2689 4638 κᾶν
2711 4580 2863 4639 ὦσιν
2889 4586 3087 4640 αὐτῶν
3112 4588 3448 4657 συγγενεῖς.

2382 4675 2652 4729 Συνόδου
2686 4675 3105 4745 Καρθαγέννης
3133 4677 3334 4730 κανὼν
3364 4677 3467 4747 κβ,
3499 4676 3601 4731 πα’.

2280 4766 2457 4821 Ὥστε
2501 4765 2638 4833 τοὺς
2689 4767 3060 4834 ἐπισκόπους
3113 4768 3211 4822 καὶ
3258 4768 3391 4835 τοὺς
3441 4769 3745 4838 κληρικοὺς,

2207 4878 2260 4915 κ.
2296 4878 2348 4915 τ.
2378 4861 2429 4917 λ.

2278 4952 2381 5025 κβ’.
2420 4952 2603 5024 Μηδὲν
2632 4952 2720 5007 διὰ
2767 4951 2975 5025 δωρεάς
3023 4954 3134 5009 τῶν
3166 4954 3382 5009 οίκείων
3416 4956 3742 5029 πραγμάτων,

2203 5064 2259 5101 κ.
2292 5065 2343 5101 τ.
2374 5045 2423 5102 λ.

592 4933 683 4989 22.
712 4932 779 4989 Et
804 4944 864 4989 ut
885 4934 941 4989 in
964 4947 1059 4989 eos
1083 4933 1177 5003 qui
1207 4933 1482 4998 catholici,
1514 4942 1715 4999 etc.,ut
1751 4952 1873 5005 pag.
1910 4934 2035 4990 827.
2082 5016 2107 5025 ἡ

586 5141 661 5195 De
700 5108 956 5211 cpiscOpis
1006 5110 1099 5209 qui
1151 5138 1420 5193 hwretiros
1482 5136 1557 5191 vel
1606 5153 1839 5209 paganos
1872 5138 2097 5195 hwrcdes

517 5232 817 5286 instituunt.

586 5342 647 5397 8|
662 5382 676 5397 .
704 5342 836 5396 Item
861 5341 1062 5411 p.acuit
1084 5349 1143 5395 ut
1163 5341 1208 5397 si
1232 5341 1357 5411 quis
1375 5341 1663 5411 cpiscopus
1683 5340 1944 5408 haeredes,
1964 5353 2095 5413 etc.,

523 5449 576 5488 ιιι
608 5452 728 5506 pag.
762 5434 888 5488 89.7.

590 5529 733 5600 Lege
762 5544 884 5598 quae
910 5528 1163 5584 adnotata
1202 5538 1327 5601 sunt
1371 5528 1423 5582 in
1458 5543 1577 5597 cap.
1628 5528 1680 5593 8,
1709 5529 1789 5583 tit.
1839 5528 1905 5583 10
1956 5546 2095 5601 prae-

514 5624 685 5681 sentis
712 5624 916 5695 operis.

2276 5155 2415 5224 Περὶ
2459 5156 2808 5212 ἐπισκόπων
2851 5157 2971 5211 τῶν
3012 5159 3345 5229 αἱρετικοὺς
3388 5160 3426 5229 ἢ
3472 5160 3743 5224 Ἵίλληγας

2205 5248 2618 5316 κληρονόμους
2655 5252 3247 5319 καταλιμπανώντων.

2275 5362 2380 5411 πα’.
2457 5357 2687 5427 Ὁμοίως
2737 5358 2968 5432 ὡρίσθη,
3032 5362 3116 5415 ἵνα
3166 5364 3262 5418 ἐάν
3316 5381 3401 5426 τις
3458 5362 3733 5419 ἐπίσκοπος,

2197 5444 2563 5517 κληρονόμους
2593 5454 2895 5519 συγγενεῖς,
2929 5469 2981 5506 κ.
3012 5470 3061 5506 τ.
3089 5454 3136 5507 λ.

2275 5540 2570 5609 Ἀνάγνωοι
2620 5543 2690 5596 τά
2740 5546 3253 5616 παραγεγραμμένα
3315 5548 3373 5601 ἐν
3422 5546 3496 5619 τῷ
3545 5544 3587 5619 η’
3629 5556 3725 5609 15‘?-

2196 5628 2287 5683 τοῦ
2318 5628 2347 5683 ι’
2380 5632 2482 5685 τίτ.
2511 5632 2605 5686 τοῦ
2640 5634 2903 5706 παρόντος
2939 5637 3340 5708 συντάγματος.

590 5786 794 5841 ’Conc.
830 5783 1000 5840 Afric.
1028 5784 1117 5842 53.
1142 5776 1213 5832 ἰι
1244 5780 1384 5838 Tim.
1414 5797 1469 5849 ιι,
1503 5784 1591 5848 :25,
1618 5783 1701 5836 26.
