3980 6440
167 392 263 456 889

1008 393 1407 457 SYNTAGMA
1445 394 1834 459 CANONUM.
1860 421 1926 434 -
1954 397 2104 460 TIT.
2138 396 2309 471 XIII,
2341 396 2496 457 CAP.
2534 395 2590 457 Ι.

3343 389 3451 455 390

235 501 490 558 ΚΕΦΛΛ.
524 500 651 572 ις’.
682 533 752 545 -
775 504 917 574 Περί
943 508 1251 575 αἱρετικῶν
1276 513 1749 582 μετανοούντων.

1927 514 2079 570 CAP.
2115 512 2259 569 XVI.
2293 542 2364 558 -—
2397 512 2472 569 De
2500 511 2764 569 hwreticis
2791 511 2989 567 erroris
3027 509 3112 567 sui
3149 508 3447 579 pmnitenti'

638 688 957 743 Βασιλείου
990 688 1190 744 κανὼν
1223 698 1285 746 ε’.

231 776 291 834 ε’.
321 778 465 844 Τοὺς
495 779 558 834 δὲ
591 780 687 835 ἐπὶ
717 779 879 854 ἐξόδῳ
910 784 1326 853 μετανοοῦντας,
1361 803 1418 843 κ.
1454 805 1504 843 τ.
1537 788 1588 843 λ.

240 966 543 1037 ’Δνάγνωθι
581 969 654 1024 τὰ
686 971 1200 1043 παραγεγραμμένοι
1244 973 1304 1027 ἐν
1346 973 1425 1046 τῷ
1467 973 1544 1030 λθ¹
1579 974 1674 1030 τοῦ
1700 975 1750 1030 θ’

163 1056 259 1112 τίτ.
288 1056 384 1109 τοῦ
416 1056 699 1128 παρόντος
728 1060 1127 1129 συντάγματος.

227 1148 478 1203 ΚΕΦΑΛ.
521 1152 628 1204 ΙΖ¹.
661 1182 731 1193 -—
772 1151 905 1217 Πῶς
939 1151 1289 1208 ὲκδικοῦσιν
1332 1155 1389 1209 ol
1428 1155 1752 1211 ἐπίσκοποι

162 1240 294 1306 τοὺς
330 1240 708 1310 ἁρμόζοντας
740 1242 963 1311 αὐτοῖς,
994 1245 1220 1313 τόπους
1258 1247 1415 1317 παρὰ
1442 1249 1751 1318 αἱρετικῶν

164 1332 627 1402 κατεχομένους.

289 1426 571 1481 Συνόδου
607 1428 1026 1498 Καρθαγέννης
1052 1446 1253 1485 κανων
1297 1431 1417 1503 ριθ’,
1460 1432 1602 1504 ρκα’.

224 1516 357 1586 Περὶ
381 1518 497 1573 τοῦ
525 1518 641 1573 ἐάν
668 1537 803 1575 τινα
839 1519 1143 1586 διοίκησιν
1168 1522 1237 1587 ἐξ
1266 1523 1551 1592 αἱρέσεως
1576 1525 1746 1581 ἐλευ-

163 1607 380 1679 θερώσῃ
423 1610 796 1679 ἐπίσκοπος,
856 1612 956 1666 καί
999 1613 1100 1668 ἐπὶ
1142 1617 1404 1684 τριετίαν
1441 1616 1743 1687 κατάσχῃ,

159 1701 375 1770 μηδένα
415 1703 654 1772 ταύτην
681 1704 1017 1775 ἀναζητεῖν.

223 1794 339 1863 ριθ’.
390 1794 640 1865 Ὁμοίως
684 1797 899 1868 ἤρεσεν,
942 1797 1031 1853 ἵνα
1063 1798 1157 1853 ὲάν
1196 1816 1278 1862 τις
1313 1800 1450 1870 μετὰ
1496 1802 1623 1866 τοὺς
1652 1802 1743 1856 νό-

1860 605 1978 660 bus.

2399 692 2595 749 Basilii
2631 708 2801 747 canon
2839 693 2891 747 5.

1925 787 1978 847 5.
2048 785 2343 841 Haereticos
2399 784 2455 839 in
2509 784 2662 839 exitu
2709 782 3146 854 paenitentiam,
3180 789 3310 847 etc.,
3382 789 3443 834 ut

1850 891 1976 946 pag.
2009 873 2137 930 805.

1920 967 2059 1040 Lege
2091 982 2214 1038 qua:
2241 967 2294 1022 iu
2326 968 2608 1039 praesentis
2655 967 2837 1037 operis
2862 981 2985 1038 cap.
3016 967 3107 1032 ‘59,
3136 966 3219 1021 tit.
3253 964 3308 1032 9,
3339 963 3442 1019 ad-

1851 1067 2035 1115 notata
2072 1065 2219 1114 sunt.

1919 1148 2081 1221 402
2129 1146 2284 1204 CAP.
2326 1144 2493 1203 XVII.
2524 1178 2594 1187 —
2624 1148 2900 1215 Quomodo
2970 1147 3199 1218 episcopi
3266 1144 3441 1209 vindi-

1850 1252 1963 1297 cent
1988 1241 2306 1313 pertinentia
2331 1240 2401 1294 ad
2443 1257 2498 1295 se
2541 1240 2678 1307 loca,
2709 1258 2826 1312 qum
2876 1240 3111 1296 haeretici
3147 1254 3435 1308 occupave-

1850 1335 1957 1388 rint
1967 1377 1979 1391 .

2024 1424 2250 1483 Concilii
2279 1424 2713 1496 Carthaginensis
2739 1438 2962 1478 canones
2998 1422 3126 1486 “9,
3165 1420 3290 1475 121.

1922 1514 1990 1570 Ut
2037 1519 2084 1571 si
2126 1534 2286 1588 quam
2326 1519 2589 1572 dioecesim
2637 1517 2934 1585 episcopus,
2970 1511 3033 1566 ab
3069 1512 3256 1567 haeresi
3306 1510 3434 1565 libe-

1847 1624 1994 1674 rans,
2028 1612 2254 1665 triennio
2285 1610 2595 1682 possederit,
2636 1607 2811 1662 nullus
2847 1623 2965 1661 eam
2997 1613 3219 1675 repetat.

1918 1801 2040 1857 119.
2096 1801 2226 1855 Item
2257 1801 2277 1834 '
2308 1800 2528 1871 placuit,
2578 1807 2642 1853 ut
2703 1796 2916 1852 etiamsi
2966 1795 3255 1866 quisquam
3307 1801 3433 1865 post

164 1902 303 1956 μους,
332 1887 500 1942 τόπον
526 1888 659 1943 τινὰ
685 1890 823 1962 πρὸς
856 1890 954 1963 τὴν
984 1891 1280 1963 καθολικὴν
1311 1892 1539 1964 ἑνότητα
1572 1912 1740 1966 μετα-

1865 1908 1989 1962 eges
2035 1894 2270 1963 aliquem
2308 1893 2489 1947 locum
2522 1892 2588 1947 ad
2620 1890 2947 1947 catholicam
3000 1888 3262 1943 unitatem
3294 1902 3431 1941 con-

162 1977 372 2052 στρέψῃ,
411 1981 509 2034 καὶ
546 1981 711 2036 τοῦτο
749 1983 843 2037 ἐπὶ
878 1985 1118 2056 τριετίαν
1148 1985 1376 2057 μηδενὸς
1402 1987 1737 2058 ἀναζητοῦν-

160 2088 241 2136 τος
265 2072 555 2143 κατάσχοι,
584 2075 682 2128 τοῦ
714 2075 900 2130 λοιποῦ
935 2078 1064 2149 παρ’
1095 2078 1261 2132 αὐτοῦ
1294 2078 1368 2151 μὴ
1398 2080 1736 2153 ἀναζητηθῇ,

160 2160 243 2213 ἐὰν
276 2162 460 2231 μέντοι
508 2163 668 2229 ἐντὸς
708 2165 807 2236 τῆς
853 2167 1024 2237 αὐτῆς
1068 2169 1310 2240 τριετίας
1339 2171 1584 2243 ὑπῆρχεν
1614 2172 1736 2225 ἐπί-

162 2270 344 2319 σκοπος
389 2258 418 2310 ὁ
448 2256 693 2325 ὀφείλων
725 2258 1067 2331 ἀναζητῆσαι
1096 2261 1191 2316 καὶ
1221 2262 1494 2335 ἡσύχασεν
1519 2282 1533 2296 ·
1588 2266 1638 2319 εί
1679 2265 1738 2319 δὲ

162 2348 228 2420 μὴ
253 2344 337 2420 ἦν,
361 2353 812 2423 προκριματισθῇ
843 2353 901 2406 ὲν
925 2354 992 2424 τῇ
1025 2354 1251 2426 μάτρικι
1270 2373 1283 2387 ·
1313 2356 1429 2411 ἀλλ’
1460 2358 1548 2411 ὅτε
1579 2358 1608 2410 ὁ
1635 2375 1735 2429 χη-

165 2440 318 2512 ρεύων
349 2443 516 2505 τόπος
549 2443 695 2518 λάϐῃ
732 2445 1050 2513 ἐπίσκοπον,
1082 2448 1202 2515 ἐξὸν
1226 2450 1310 2520 εἴη
1341 2450 1490 2521 αὐτῷ
1522 2453 1617 2505 ἀπ’
1644 2452 1735 2506 αὐ-

159 2533 245 2603 τῆς
269 2535 362 2605 τῆς
390 2536 615 2610 ἡμέρας
640 2537 789 2601 ἐντὸς
823 2540 1064 2609 τριετίας
1095 2540 1460 2611 ἀναζητῆσαι,
1501 2541 1731 2613 Ὁμοίως

160 2623 207 2678 δὲ
225 2626 311 2680 καὶ
330 2626 426 2681 ἐὰν
451 2629 752 2695 ἐπίσκοπος
783 2632 847 2685 ὲκ
872 2631 983 2685 τῶν
1009 2631 1101 2686 τοῦ
1127 2633 1356 2687 Δονάτου
1390 2632 1572 2703 μερῶν
1594 2635 1731 2705 πρὸς

159 2715 244 2787 τὴν
270 2718 564 2790 καθολικὴν
603 2721 929 2795 ἐπιστρέψῃ,
980 2723 1053 2793 μὴ
1102 2725 1544 2797 προκριματισθῇ
1599 2726 1730 2798 περὶ

159 2808 238 2862 τοῦ
266 2814 689 2883 προορισθέντος
722 2816 912 2886 χρόνου
934 2850 951 2876 ,
1013 2816 1129 2870 ἀλλ’
1163 2815 1221 2882 ἐξ
1261 2811 1330 2889 ἦς
1360 2818 1571 2890 ἡμέρας
1624 2821 1725 2873 ἐπ-

159 2898 416 2973 έστρεψεν,
447 2905 625 2976 ἐχέτω
650 2905 898 2970 ἐξουσίαν
943 2907 1094 2970 ἐντὸς
1143 2907 1385 2978 τριετίας
1433 2908 1724 2979 ἀναζητεῖν

156 2992 265 3056 τοὺς
290 2994 484 3060 τόπους
524 2998 656 3061 τοὺς
689 3000 754 3069 τῇ
790 2997 956 3052 αὑτοῦ
985 2998 1287 3069 ἀνήκοντας
1320 2999 1580 3069 καθέδρᾳ.

217 3084 344 3152 Περὶ
372 3083 495 3140 τῶν
537 3087 932 3157 ἀμελούντων
965 3086 1088 3142 τῶν
1128 3088 1334 3156 αὐτοῖς
1373 3089 1723 3158 ἀνηκόντων

158 3175 321 3231 λαῶν.

1843 1988 2088 2049 verterit,
2126 2003 2359 2057 eumque
2408 2002 2507 2057 per
2560 1984 2856 2041 triennium
2909 1982 3125 2036 nemine
3154 1988 3431 2050 repetente

1841 2079 2149 2143 retinuerit,
2184 2080 2410 2134 ulterius
2450 2080 2519 2135 ab
2547 2093 2614 2133 eo
2659 2094 2768 2132 non
2810 2084 3108 2145 repetatur.
3157 2073 3213 2128 Si
3249 2082 3428 2127 tamen

1840 2186 1940 2242 per
1966 2172 2143 2241 ipsum
2170 2172 2464 2227 triennium
2496 2170 2906 2238 fuitepiscopus
2934 2168 3027 2236 qui
3062 2174 3244 2235 posset
3274 2180 3428 2234 repe-

1841 2272 1987 2329 tere,
2036 2271 2091 2318 et
2149 2264 2345 2328 tacuit,
2398 2261 2777 2332 prejudicium
2828 2259 3093 2329 patietur.
3148 2257 3201 2311 Si
3242 2266 3424 2310 autem

1837 2371 1947 2411 non
1980 2354 2107 2420 fuit,
2137 2370 2245 2410 non
2272 2354 2658 2425 praeiudieetur
2689 2352 2927 2415 matrici,
2963 2350 3057 2405 sed
3091 2348 3271 2410 liceat,
3300 2361 3425 2401 cum

1836 2450 1990 2507 locus
2033 2450 2303 2519 acceperit
2344 2448 2660 2519 episcOpum
2713 2460 2879 2516 quem
2920 2460 3032 2496 non
3072 2441 3322 2502 habebat,
3356 2454 3424 2494 ex

1840 2543 1959 2613 ipso
1985 2542 2072 2597 die
2103 2543 2243 2596 intra
2288 2539 2577 2594 triennium
2615 2545 2876 2607 repetere.
2916 2536 3159 2603 Itemque
3188 2530 3234 2586 si
3264 2529 3428 2585 fuerit

1834 2634 2124 2705 episcopus
2170 2634 2235 2688 ad
2289 2624 2617 2687 catholicam
2653 2644 2717 2682 ex
2756 2627 2948 2681 Donati
2999 2631 3154 2695 parte
3194 2638 3425 2678 conver-

1835 2742 1951 2792 sus,
2000 2741 2107 2781 non
2154 2727 2202 2781 ei
2238 2723 2553 2796 praajudieet
2582 2721 2913 2792 praﬁnitum
2945 2726 3183 2786 tempus,
3225 2714 3318 2769 sed
3354 2730 3419 2769 ex

1833 2833 1943 2888 quo
1973 2818 2060 2873 die
2086 2833 2380 2873 conversus
2409 2827 2513 2879 est,
2570 2815 2765 2870 habeat
2794 2828 2891 2883 per
2942 2811 3233 2864 triennium
3271 2816 3421 2876 pote-

1832 2917 2029 2966 statem
2083 2911 2355 2980 repetendi
2408 2911 2557 2977 loca,
2603 2924 2724 2979 quae
2747 2907 2813 2961 ad
2852 2906 3025 2975 ipsam
3070 2901 3416 2974 pertinebant

1832 3002 2169 3057 cathedram.

1900 3091 1979 3147 De
2010 3092 2093 3147 his
2128 3093 2217 3163 qui
2238 3092 2413 3162 plebes
2446 3092 2516 3147 ad
2548 3108 2603 3147 se
2634 3092 2955 3162 pertinentes
2995 3087 3290 3161 negligunt.

218 3274 345 3338 pxa'.
380 3270 617 3341 Ὁμοίως
640 3270 860 3344 ἧρεσεν,
916 3271 1005 3325 ἵνα
1026 3271 1223 3337 οἵτινες
1245 3272 1440 3345 δήποτε
1463 3274 1724 3345 ἀμελοῦσι
1752 3251 1759 3290 1

1910 3274 2033 3330 121.
2070 3276 2198 3329 Item
2227 3275 2431 3345 placuit
2464 3282 2522 3329 ut
2548 3275 2860 3347 quicunque
2886 3275 3165 3346 negligunt
3192 3273 3311 3328 loca
3349 3270 3420 3326 ad

159 3358 251 3412 τῶν
307 3362 487 3417 τόπων
545 3363 659 3419 τῶν
713 3364 1028 3437 ἀνηκόντων
1084 3368 1150 3439 τῇ
1209 3365 1391 3422 αὐτῶν
1446 3366 1718 3441 καθέδρᾳ,

160 3469 205 3509 κ.
227 3470 272 3506 τ.
302 3453 350 3510 λ.

191 3613 201 3629 ν
225 3544 604 3630 ’Δνάγνωθι-τὰ
629 3551 1144 3630 παραγεγραμμένοι
1164 3552 1222 3605 ὲν
1245 3552 1324 3625 τῷ
1351 3558 1382 3607 ι’
1401 3569 1527 3622 κεφ.
1550 3553 1643 3607 τοῦ
1668 3562 1718 3627 η’

157 3623 245 3668 τιτ.
270 3623 359 3671 τοῦ
382 3623 656 3694 παρόντος
687 3624 1087 3694 συντάγματος.

216 3706 451 3770 ΚΕΦΔΛ.
487 3713 598 3770 1Η¹.
637 3745 710 3756 —
753 3714 891 3784 Περὶ
916 3714 1036 3769 τῶν
1071 3714 1450 3786 πειρωμένων
1485 3717 1715 3774 ἀθετεῖν

159 3797 220 3853 τὰ
245 3801 308 3855 ἐν
342 3804 573 3876 Ἐφέσῳ
611 3806 971 3878 πραχθέντα.

462 3899 737 3954 Συνόδου
774 3899 1035 3968 Ἐφέσου
1062 3898 1266 3954 κανὼν
1296 3898 1373 3965 ς’.

219 3981 286 4046 ς’.
334 3985 569 4057 Ὁμοίως
612 3988 670 4041 δὲ
716 3990 812 4042 καὶ
861 3989 915 4041 εί
961 4006 1105 4054 τινες
1134 3989 1446 4061 βουληθεῖεν
1483 3992 1551 4045 τὰ
1586 3992 1715 4061 περὶ

160 4072 360 4130 ἑκάστου
386 4080 757 4151 πεπραγμένα
782 4083 839 4134 ἐν
857 4084 924 4153 τῇ
954 4080 1086 4153 ἁγίᾳ
1108 4083 1308 4153 συνόδῳ
1327 4087 1393 4154 τῇ
1417 4085 1476 4137 ὲν
1501 4084 1713 4155 Ἐφέσῳ

158 4162 424 4236 οἶῳδήποτε
449 4172 641 4243 τρόπῳ
672 4173 1097 4243 παρασαλεύειν,
1128 4175 1160 4243 ὴ
1185 4175 1314 4242 ἀγία
1340 4174 1556 4240 σύνοδος
1585 4175 1714 4248 ὥρι-

160 4270 255 4320 σεν,
298 4262 343 4314 εἰ
384 4263 482 4333 μὲν
527 4264 816 4320 ἐπίσκοποι
853 4261 965 4319 εἶεν
995 4266 1028 4337 ἢ
1065 4266 1340 4338 κληρικοὶ,
1380 4270 1476 4323 τοῦ
1507 4271 1709 4324 οἰκείου

161 4352 403 4418 παντελῶς
450 4358 783 4414 ἀποπίπτειν
825 4360 1072 4431 βαθμοῦ·
1130 4362 1179 4414 εί
1222 4362 1280 4415 δὲ
1318 4362 1518 4430 λα’ἰκοὶ,
1556 4364 1711 4419 ἀκοι-

161 4443 396 4511 νωνήτους
424 4452 736 4521 τυγχάνειν.

228 4532 505 4624 Ἀνάγνωοι
533 4544 604 4597 τὰ
635 4550 1146 4619 παραγεγραμμένοι
1171 4551 1230 4605 ὲν
1258 4550 1337 4622 τῷ
1362 4558 1409 4620 γ’
1439 4550 1533 4605 τοῦ
1566 4568 1709 4624 παρ-

159 4597 285 4667 όντος
309 4597 408 4664 τίτ,
685 4597 1222 4619 ⁷⁸θ⁷⁶’⁶⁸ή’τ’⁸““””“⁷
1269 4597 1332 4622 ’τ
1373 4597 1386 4620 ⁸
1449 4597 1530 4605 ’⁷⁷
1573 4597 1679 4624 ""t'
1743 4637 1787 4691 Β

1827 3384 1982 3426 suam
2016 3369 2331 3425 cathedram
2366 3368 2714 3440 pertinentia,
2742 3378 2871 3437 etc.,
2899 3378 2960 3425 ut
2991 3385 3112 3439 pag.
3140 3367 3269 3425 679.

1898 3552 2040 3634 Lege
2064 3567 2183 3635 qua:
2216 3530 2468 3607 adnotata
2501 3562 2632 3607 sunt
2668 3551 2721 3606 iu
2756 3551 2824 3606 10
2861 3567 2983 3622 cap.
3015 3549 3204 3606 tit..81
3277 3565 3418 3620 pra:-

1829 3636 2003 3680 sentts
2020 3638 2221 3692 operis.

1897 3713 2059 3786 5.03
2103 3712 2256 3769 CAP.
2292 3713 2479 3770 XVIII.
2505 3744 2575 3755 —
2607 3712 2683 3767 De
2731 3713 2798 3767 iis
2833 3728 2950 3783 quae
2985 3722 3107 3766 acta
3146 3711 3414 3783 Ephesina

1830 3807 2041 3863 abolere
2071 3808 2334 3861 nituntur.

2197 3898 2425 3954 Concilii
2468 3897 2722 3969 Epltesini
2760 3918 2939 3961 canon,
2981 3899 3035 3954 6.

1900 3994 1955 4048 6.
1999 3991 2498 4060 Similiterjautem
2534 4002 2589 4048 et
2629 3994 2674 4049 si
2718 3996 2809 4065 qui
2858 3995 3025 4048 velint
3073 4008 3156 4059 ea,
3192 4006 3313 4063 qua:
3345 3991 3413 4045 dc
3450 4038 3453 4041 .

1828 4083 2060 4155 singulis
2121 4099 2218 4154 per
2276 4096 2525 4140 sanetam
2582 4088 2852 4157 synodum
2891 4087 3219 4155 Ephesiuam
3260 4094 3408 4155 gesta

1826 4187 1977 4241 su-ut,
2026 4192 2359 4247 quocunque
2398 4178 2561 4233 modo
2599 4193 2821 4232 movere
2869 4195 2883 4231 :
2920 4186 3107 4232 sancta
3167 4176 3413 4247 synodus

1825 4267 1943 4338 ipsa
1966 4268 2231 4335 decrevit,
2259 4269 2304 4324 si
2334 4269 2554 4339 quidem
2578 4270 2817 4341 episcopi
2856 4269 3152 4323 aut'clerici
3182 4268 3404 4332 fuerint,

1821 4376 1918 4417 eos
1954 4363 2181 4417 omnino
2226 4378 2255 4416 a
2285 4364 2509 4434 proprio
2541 4364 2738 4419 cadere
2767 4366 2935 4435 gradu
2971 4382 2986 4418 :
3016 4364 3061 4419 si
3094 4378 3223 4420 vero
3256 4363 3406 4430 laici,

1827 4458 2335 4514 excommunicatos
2365 4475 2507 4513 esse.

1892 4547 2036 4620 Lege
2060 4565 2181 4620 quae
2216 4550 2272 4605 in
2307 4566 2427 4621 cap.
2449 4552 2483 4605 5
2508 4552 2791 4622 ρνωεεηιίε
2811 4552 2953 4608 tituli
2979 4554 3400 4609 suntaduotata.

163 4729 3367 4781 ._____________________________________

1423 4863 1827 4951 ΤΙΤΛΟΣ
1902 4859 2070 4951 II".

1527 5004 1689 5057 ΠΕΡΙ
1725 5004 2011 5061 ΛΛΙΚΩΝ.

1384 5199 1856 5282 TITULUS
1927 5204 2155 5283 XIII.

1566 5340 1652 5396 DE
1703 5340 1947 5402 LAICIS.

224 5446 451 5551 ΚΕΦῙΛΛ.
484 5463 561 5520 Λ’.
596 5496 664 5507 -
690 5468 827 5537 Περὶ
852 5468 959 5523 τοῦ
987 5470 1403 5529 ἀποκινεῖσθαι
1432 5477 1539 5531 τὸν
1568 5481 1722 5551 λαττ

1882 5480 2036 5537 CAP.
2073 5480 2116 5539 I.
2152 5511 2221 5524 —
2281 5481 2349 5537 Ut
2400 5482 2568 5537 laicus
2622 5482 2713 5552 qui
2750 5481 2805 5535 in
2861 5482 2985 5535 urbe
3031 5497 3265 5547 versans,
3297 5496 3389 5551 per

286 5546 383 5641 τῆς
414 5554 583 5625 ἁγίας
612 5536 951 5627 κοινωνίας,
985 5561 1082 5616 ἐπὶ
1106 5565 1262 5633 τρεῖς
1296 5569 1592 5639 Κυριακὰς
1633 5546 1722 5627 ἐν

1864 5592 1915 5630 es
1956 5575 2310 5631 hebdomadas
2363 5576 2432 5629 ad
2475 5575 2750 5629 ecclesiam
2805 5590 2908 5629 non
2965 5575 3287 5641 convenerit,
3352 5590 3383 5627 με

170 5628 666 5796 ῗῖαέῑῖᾳδιάγοντα,
716 5650 815 5706 καί
880 5652 967 5726 μὴ
1025 5628 1404 5715 συνελθόντα
1455 5661 1528 5732 τῇ
1568 5628 1699 5718 ’ἐκ-

227 5830 410 5904 'Conc.
442 5852 601 5911 Afric.
640 5871 686 5913 c.
724 5856 810 5914 86.

1811 5675 1994 5720 sancta
2025 5667 2386 5721 communione
2412 5674 2762 5720 removeatur.
