3870 6290
597 305 700 376 891
1764 333 2028 396 PHOTII
2055 332 2567 397 PATRIARCH/E
2592 336 2704 397 ep.
3710 345 3795 418 ιιι

951 443 1178 501 Concilii
1211 444 1553 502 Sardiceusis
1582 463 1750 502 canon
1781 447 1873 505 il.
2219 446 2273 506 A

2219 446 2273 506 A
2614 438 2889 503 Συνόδού
2911 441 3215 514 Σαρδικῆς
3241 444 3434 498 κανὼν
3462 444 3541 504 ια’.

669 536 759 593 il.
794 534 959 593 Osius
998 538 1289 607 episcopus
1321 538 1457 592 dixit
1488 555 1501 592 :
1539 536 1650 594 Hoc
1702 553 1922 610 quoque
1966 538 2194 594 deﬁnire

2364 536 2455 595 tu'.
2498 538 2686 603 Ὅσιος
2720 536 3018 600 ἐπίσκοπος
3067 529 3223 590 εἷπε·
3262 536 3369 590 Καὶ
3408 535 3627 595 τοῦτοδὲ
3658 544 3797 615 ὁρίσαι

597 627 879 695 debemus,
907 636 1040 694 etc.,
1070 639 1125 681 ιιι
1151 644 1272 699 pag.
1301 627 1426 683 606.

1320 627 1426 683 506.
2292 628 2602 700 ὀφείλομεν,
2636 646 2692 683 κ.
2719 645 2771 683 τ.
2796 630 2848 681 λ.

928 718 1469 775 ϐοησίίὶἱωειιιιιειιίοἰ
1494 734 1543 772 νι
1566 734 1737 772 canon
1766 718 1856 775 80.
2449 720 2727 776 Συνόὸου
2752 718 3174 790 οίκουμενικῆς
3204 717 3383 784 ἕκτης
3409 719 3592 772 κανὼν
3617 722 3679 778 π’.

670 811 760 869 80.
796 811 851 866 Si
883 810 1008 882 quis
1032 809 1343 882 episcOpus,
1370 811 1453 864 vel
1479 812 1775 882 presbyter,
1802 810 2188 880 veldiaconus,

2362 810 2439 867 π’.
2480 814 2549 867 Et
2582 830 2667 879 τις
2699 813 3018 878 ἐπίσκοπος,
3047 812 3081 883 ἢ
3116 810 3498 883 πρεσϐύτερος,
3529 813 3559 883 ἢ
3587 815 3796 887 διάκονος,

598 911 734 967 etc.,
764 914 823 957 ut
850 919 971 973 pag.
1010 902 1139 957 606.

1010 902 1139 957 606.
2291 921 2348 959 κ.
2384 922 2436 959 τ.
2466 907 2521 959 λ.

664 986 829 1069 404
868 996 1022 1053 CAP.
1064 996 1128 1053 ΙΙ.
1156 1030 1225 1045 -
1262 996 1342 1051 De
1377 997 1529 1052 laicis
1581 997 1811 1052 secundo
1864 998 1942 1054 vel
1986 998 2187 1070 pluria

2363 999 2611 1054 ΚΕΦΑΛ.
2644 999 2722 1054 B'.
2753 1029 2824 1040 —
2852 996 2991 1068 Περὶ
3011 995 3238 1053 λατκῶν
3265 996 3799 1070 δευτεροταμούντων,

597 1083 935 1150 nubentibus,
957 1084 1091 1140 etde
1125 1085 1335 1140 illicitis
1365 1087 1564 1155 nuptiis
1593 1095 1642 1139 et
1669 1086 1879 1153 copula.

2292 1090 2333 1160 ἢ
2357 1092 2893 1163 πολυταμούντων,
2945 1091 3044 1145 καὶ
3080 1090 3504 1160 κεκωλυμένων
3524 1092 3713 1162 γάμων,
3732 1099 3801 1151 καὶ

2288 1184 2530 1255 μίξεως.

947 1268 1327 1339 Apostolorum
1361 1285 1589 1325 canones
1644 1270 1730 1337 19,
1771 1270 1861 1326 48.

2646 1276 3026 1330 Ἀποστόλωι·
3056 1274 3258 1329 κανὼν
3291 1273 3376 1341 ιθ’,
3411 1272 3519 1345 μη’.

661 1356 727 1412 i9
752 1356 886 1437 [i8].
918 1357 1022 1425 Qui
1052 1360 1190 1413 duas
1212 1375 1431 1417 sorores
1462 1348 1743 1429 duxit,vel
1760 1363 2172 1430 consobrinam,

2360 1363 2443 1420 ιθ’.
2512 1365 2569 1419 '0
2614 1366 2708 1420 δύο
2760 1365 2994 1433 ἀδελφὰς
3041 1365 3314 1435 ἀγόμενος
3361 1364 3397 1436 ἦ
3446 1365 3720 1437 ἀδελφιδᾶς,
3758 1374 3799 1426 οὺ

595 1464 705 1503 non
749 1434 928 1528 p’dtr-st
960 1467 1081 1507 esse
1131 1453 1388 1508 clericus.

2287 1458 2512 1513 δύναται
2542 1454 2683 1511 εἷναι
2716 1457 3000 1528 κληρικός.

668 1542 737 1597 48
771 1524 908 1615 [i7].
936 1542 990 1598 Si
1037 1545 1160 1614 quis
1199 1544 1374 1601 laicus
1429 1560 1527 1601 sua
1580 1544 1752 1615 ejecta
1790 1561 1963 1602 uxore
2017 1547 2182 1603 aliam

2363 1550 2473 1624 μη’.
2518 1554 2583 1606 Εἴ
2624 1569 2709 1615 τις
2756 1524 2944 1615 λαίκὺς
2973 1551 3073 1621 τὴν
3121 1551 3318 1605 ἑαυτοῦ
3351 1552 3575 1620 γυναῖκα
3615 1554 3800 1609 ἐκϐαλὼν

596 1636 866 1706 acceperit
893 1637 971 1691 vel
1013 1637 1080 1691 ab
1136 1638 1245 1692 alio
1286 1638 1556 1703 solutam,
1594 1646 1939 1708 segregetur.

2286 1643 2477 1715 ἑτέραν
2507 1643 2682 1709 λάϐοι,
2715 1643 2748 1715 ἢ
2782 1643 2932 1715 παρὰ
2998 1643 3161 1697 ἄλλου
3211 1643 3627 1718 ἀπολελυμένην,
3662 1647 3803 1720 am.

2286 1735 2485 1801 ζέσθω.

880 1819 1108 1875 Concilii
1138 1819 1402 1891 Ancyrani
1425 1836 1653 1875 canones
1694 1820 1783 1889 i6,
1814 1822 1901 1876 17.
2217 1837 2261 1895 Β

2217 1837 2261 1895 Β
2546 1827 2818 1885 Συνόδου
2854 1829 3139 1899 Ἀγκύρας
3170 1828 3376 1884 κανὼν
3403 1835 3501 1895 ις’,
3534 1828 3611 1895 ιζ’.

670 1911 757 1967 16.
792 1912 866 1967 De
900 1914 968 1969 iis
992 1956 1005 1980 ,
1062 1914 1153 1984 qui
1187 1915 1415 1970 rationis
1456 1916 1698 1982 expertia
1750 1916 2007 1971 animalia
2045 1916 2181 1973 inie-

2363 1918 2461 1987 t<:'.
2489 1922 2625 1993 Περὶ
2649 1921 2759 1974 τῶν
2782 1920 3234 1992 ἀλογευσαμένων
3260 1920 3292 1991 ἦ
3328 1920 3425 1974 καὶ
3446 1921 3802 1989 άλογευομένων,

600 2013 726 2059 runt
754 2045 769 2067 ,
812 2006 895 2060 vel
932 2007 1124 2061 ineunt
1195 2006 1330 2078 (50).
1374 2006 1694 2077 Quicunque
1738 2009 2055 2079 priusquam
2094 2026 2128 2065 ν

2290 2012 2407 2067 ὅσοι
2457 2012 2589 2083 πρὶν
2633 2012 2968 2074 είκοσαετεϊς
2998 2008 3257 2078 γενέσθαι
3281 2008 3551 2079 ἥμαρτον,
3588 2010 3804 2063 πεντεκαί-

581 2094 730 2162 ·ιιὶιιιί
757 2095 976 2165 quidem
1005 2112 1179 2152 annos
1226 2100 1337 2152 nati
1375 2108 1601 2163 essent,
1648 2110 1979 2169 peccarunt,
2020 2118 2109 2173 pos

2289 2105 2424 2160 δεκοι
2461 2105 2640 2159 ἐτεσιν
2691 2103 3080 2168 ὑποπεσόντες,
3126 2102 3415 2166 κοινωνίας
3467 2102 3806 2171 τυγχανέτωσιν

597 2202 760 2256 quam
797 2188 1107 2258 quindecim
1137 2191 1295 2247 annis
1326 2192 1592 2248 substrati
1633 2209 1698 2249 ac
1742 2195 2014 2268 supplices
2058 2196 2125 2252 Ῑυι

2289 2199 2388 2269 τῆς
2438 2200 2517 2261 είς
2550 2197 2649 2259 τὰς
2693 2195 3039 2268 προσευχάς’
3092 2188 3213 2247 εἶτα
3261 2194 3322 2247 ἐν
3368 2195 3435 2264 τῇ
3471 2193 3699 2266 κοινωνίᾳ
3725 2194 3806 2247 δια-

595 2281 707 2334 lini
730 2322 745 2347 ,
768 2282 1209 2338 communionem
1240 2284 1306 2338 ad
1340 2301 1531 2355 preces
1558 2298 1945 2358 assequantur.
1974 2289 2123 2345 Deim

2296 2289 2616 2352 τελέσαντες
2645 2288 2740 2358 ἐτη
2775 2286 2957 2347 πέντε.
2989 2285 3111 2340 τότε
3174 2285 3271 2339 καὶ
3306 2284 3410 2355 τῆς
3443 2288 3721 2356 προσφορᾶς
3744 2287 3809 2353 ἐφ-

598 2377 653 2422 et
680 2386 803 2425 cum
839 2371 890 2425 in
923 2374 1310 2430 communione
1331 2377 1576 2447 quinque
1606 2378 1765 2433 annis
1794 2394 2126 2449 perseveravr

2294 2381 2661 2436 απτέσθωσαν
2677 2398 2689 2413 ·
2724 2379 3063 2447 ἐξεταζέσθω
3091 2378 3147 2431 δέ
3176 2376 3360 2431 αὐτῶν
3387 2378 3482 2432 καὶ
3505 2380 3532 2432 ό
3557 2379 3610 2430 ἐν
3631 2380 3686 2449 τῇ
3711 2379 3804 2431 ὑπο-

598 2463 738 2528 rint,
789 2464 1121 2521 oblationem
1157 2467 1448 2539 attingant.
1500 2469 1856 2527 Examinetur
1896 2483 2078 2529 autem
2125 2507 2126 2520 ι

2291 2472 2496 2528 πτώσει
2523 2472 2656 2544 βίος.
2685 2473 2780 2527 καὶ
2806 2470 2979 2536 οὕτως
3000 2471 3424 2542 τυγχανέτωσαν
3452 2469 3549 2537 τῆς
3571 2468 3807 2541 φιλανθρω-

596 2569 788 2609 eorum
833 2557 889 2611 in
935 2558 1307 2615 substratione
1345 2561 1496 2629 vita,
1550 2572 1605 2618 et
1654 2564 1725 2618 ita
1782 2566 2119 2621 humanitate

2292 2565 2423 2631 πίας
2451 2583 2466 2598 ο
2520 2568 2569 2620 εί
2619 2565 2677 2619 δέ
2725 2582 2871 2629 τινες
2920 2564 3245 2634 κατακόρως
3282 2565 3341 2617 ἐν
3375 2564 3485 2626 τοῖς
3515 2562 3806 2633 ἁμαρτήμασι

597 2657 1029 2719 consequantur.
1065 2650 1123 2705 Si
1156 2652 1251 2721 qui
1294 2662 1476 2707 autem
1528 2654 1776 2726 improbe
1834 2673 1900 2713 ac
1946 2659 2125 2730 maligl

2290 2657 2573 2726 γεγόνασι,
2604 2655 2705 2728 τὴν
2738 2655 2958 2728 μακρὰν
2982 2656 3257 2726 ἐχέτωσαν
3286 2654 3628 2708 ὑπόπτωσιν·
3658 2654 3748 2705 ὅσοι
3770 2653 3807 2707 δὲ

599 2738 653 2793 in
686 2742 924 2809 peccatis
962 2740 1209 2810 fuerunt,
1258 2743 1422 2817 longe
1462 2748 1886 2803 substrationem
1920 2750 2127 2805 habean

2290 2750 2391 2803 ὑπε
2402 2748 2628 2820 ρϐάντες
2647 2750 2746 2819 τὴν
2768 2747 2983 2819 ἠλικίαν
3006 2746 3232 2817 ταύτην,
3258 2744 3359 2799 καὶ
3379 2747 3630 2814 γυναῖκας
3648 2744 3808 2813 ἔχοντες

596 2831 925 2905 Quicunque
954 2843 1135 2890 autem
1204 2837 1345 2893 hanc
1380 2847 1593 2894 aetatem
1622 2842 1966 2911 transgressi,
1989 2852 2043 2898 et
2080 2844 2124 2898 h:

2290 2840 2745 2913 περιπεπτώκασι
2793 2839 2871 2910 τῷ
2916 2839 3315 2908 ἁμαρτήματι,
3371 2838 3531 2892 πέντε
3571 2836 3653 2890 καὶ
3683 2837 3808 2889 εἰκοσι

599 2924 789 2981 bentes
816 2942 1016 2982 uxores
1048 2968 1063 2992 ,
1097 2928 1150 2981 in
1185 2929 1291 2984 hoc
1322 2940 1600 3000 peccatqu
1633 2933 1961 2999 inciderunt,
1991 2934 2127 3005 vigit]

2293 2933 2469 2988 ἐτεσιν
2499 2932 2886 2995 ὑποπεσόντες,
2919 2929 3205 2994 κοινωνίας
3231 2930 3638 2999 τυγχανέτωσαν
3658 2930 3738 2994 τῆς
3754 2927 3809 2987 εἰς

598 3016 757 3072 annis
780 3018 1064 3084 sulistrali,
1099 3023 1546 3079 communionem
1568 3024 1632 3078 ad
1660 3040 1850 3094 preces
1874 3042 2126 3097 assequar

2294 3024 2392 3089 τὰς
2423 3024 2735 3094 προσευχάς
2763 3038 2778 3055 ο
2832 3019 2952 3075 εἶτα
2990 3020 3374 3084 ἐκτελέσαντες
3407 3019 3565 3074 πέντε
3590 3017 3675 3087 ἐτη
3697 3018 3739 3070 ἐν
3764 3020 3809 3085 τῇ

601 3119 712 3164 tur.
765 3108 975 3166 Deinde
997 3128 1121 3167 cum
1164 3113 1218 3167 in
1258 3129 1480 3183 prccqu
1509 3118 1894 3174 eummunione
1937 3120 2127 3191 quioqi

2294 3115 2551 3187 κοινωνίᾳ
2577 3115 2686 3168 τῶν
2716 3112 2911 3185 εὐχῶν,
2946 3112 3372 3184 τυγχανέτωσαν
3398 3111 3499 3181 τῆς
3525 3111 3807 3183 προσφορᾶς

599 3216 775 3257 annos
814 3205 1152 3275 peregerint,
1188 3180 1519 3262 oblationem
1566 3180 1968 3280 assequamur:
1995 3212 2053 3267 Si

2294 3212 2342 3265 εί
2368 3209 2426 3264 δέ
2454 3180 2600 3273 τινες
2626 3210 2722 3262 καὶ
2754 3180 3277 3278 γυναῖκαςέχοντες,
3310 3206 3409 3260 καὶ
3432 3180 3733 3277 ὑπερϐάντες
3749 3204 3811 3257 τὸν

600 3303 783 3349 autem
823 3304 879 3350 et
926 3297 1185 3352 mulieres
1225 3299 1485 3355 habentes
1511 3341 1528 3367 ,
1570 3309 1624 3355 et
1667 3302 2121 3373 quinquagesimi:

2295 3304 2732 3373 πεντηκονταετῆ
2767 3300 2959 3373 χρόνον
2990 3300 3265 3372 ἥμαρτον,
3316 3300 3413 3353 ἐπὶ
3457 3301 3523 3371 τῇ
3572 3296 3711 3369 ἐξόδῳ
3745 3296 3809 3349 τοῦ

602 3401 809 3441 annum
869 3390 1249 3459 transgressi,
1304 3402 1698 3462 peccaverunt,
1854 3394 1982 3450 vita:
2031 3395 2130 3451 exil

1854 3394 1982 3450 vita:
2031 3395 2184 3451 exitu
2296 3396 2414 3469 βίου
2443 3394 2862 3466 τυγχανέτωσαν
2891 3394 2989 3464 τῆς
3023 3391 3332 3456 κοινωνίας.

599 3482 1042 3537 communionem
1086 3494 1473 3554 assequuntur.

671 3572 757 3626 17.
803 3571 907 3629 Eos
932 3574 1022 3644 qui
1062 3576 1292 3629 rationis
1319 3576 1563 3646 expertia
1586 3577 1887 3633 animantia
1922 3579 2182 3647 inierunt,

2368 3584 2453 3652 ιζ’.
2493 3584 2633 3649 Τοὺς
2666 3580 3141 3653 ἀλογευσαμένους
3168 3580 3263 3635 καὶ
3289 3579 3529 3652 λεπροὺς
3555 3578 3710 3641 ὄντας,
3731 3578 3811 3650 ipsi

600 3671 655 3717 et
686 3662 778 3731 qui
806 3662 1004 3734 leprosi
1041 3676 1169 3719 sunt
1200 3665 1281 3719 vel
1320 3665 1546 3721 fuerunt
1568 3705 1583 3731 ,
1619 3666 1786 3737 jussit
1810 3678 1999 3724 sancta
2022 3686 2128 3743 synl

2291 3678 2679 3753 λεπρὼσαντας
2707 3677 2951 3741 τούτους,
2977 3674 3315 3747 προσέταξεν
3343 3674 3378 3746 ἡ
3410 3673 3537 3743 ἁγία
3561 3671 3742 3735 σύνοδος
3757 3672 3809 3731 εἰς

600 3756 703 3811 dus
734 3756 876 3811 inter
912 3757 1214 3811 hiemantes
1243 3773 1421 3813 orare.

2290 3773 2415 3836 τοὺς
2451 3770 2888 3843 χειμαζομένους
2926 3766 3201 3838 εὔχεσθαι.

652 3848 815 3921 Ᾱοδ
849 3849 1075 3904 Concilii
1112 3850 1583 3917 Neocwsariensis,
1609 3867 1833 3908 canones
1856 3854 1910 3922 τὶ,
1936 3856 1987 3919 '5,
2012 3856 2065 3920 4,
2094 3859 2146 3912 7.

2380 3862 2658 3918 Συνόδου
2688 3860 3153 3929 Νεοκαισαρείας
3190 3859 3396 3914 κανὼν
3435 3859 3500 3931 β’,
3532 3866 3597 3927 γ’,
3623 3857 3677 3924 δ’,
3700 3854 3748 3922 ζ’.

669 3941 724 3996 2.
757 3940 981 3998 Femina
1026 3942 1072 3999 si
1114 3943 1330 3999 duobus
1361 3942 1626 4001 fratribus
1668 3948 1935 4016 nupserit,
1958 3959 2088 4016 etc.,
2122 3960 2181 4005 ut

2123 3960 2181 4005 ut
2363 3954 2427 4029 β’.
2466 3955 2608 4027 Γυνὴ
2637 3956 2731 4008 ἐὰν
2759 3955 3009 4025 γήμηται
3038 3952 3134 4007 δύο
3160 3952 3434 4023 ἀδελφοῖς,
3465 3971 3518 4007 κ.
3539 3970 3587 4009 τ.
3608 3951 3651 4007 λ.

600 4050 722 4105 png.
759 4034 889 4089 802.

669 4124 723 4180 5.
779 4122 851 4180 De
883 4124 950 4179 iis
998 4124 1092 4195 qui
1140 4123 1196 4179 in
1239 4123 1475 4194 plurima
1520 4126 1869 4183 matrimonia
1908 4128 2179 4194 incidunt,

2357 4136 2426 4207 γ’.
2458 4135 2713 4209 Περὶτῶν
2730 4135 3005 4198 πλείστοις
3022 4134 3223 4203 γάμοις
3240 4133 3687 4203 περιπιπτόντων,
3704 4132 3727 4184 ὁ
3744 4129 3811 4199 μὲν

601 4226 813 4288 tempus
847 4217 1065 4288 quidem
1104 4218 1470 4289 praestitutum
1509 4234 1632 4276 esse
1681 4221 2031 4277 manifestum
2072 4239 2129 4278 es

2284 4231 2478 4301 χρόνος
2508 4230 2684 4301 σαφής
2725 4230 2753 4282 ό
2790 4228 3096 4300 ὡρισμένος
3121 4243 3134 4255 ·
3186 4229 3220 4296 ή
3252 4226 3310 4279 δέ
3347 4223 3649 4297 ἀναστροφή
3689 4222 3807 4290 καὶὴ

603 4308 708 4364 Sed
762 4310 1050 4367 conversio
1090 4318 1145 4367 et
1185 4312 1505 4384 paenitentia
1550 4327 1741 4369 eorum
1790 4322 2006 4385 tempus
2050 4330 2131 4369 eo:

1853 4330 2006 4385 mPUS
2050 4330 2183 4369 COll-
2293 4324 2474 4387 πίστις
2504 4324 2681 4377 αὐτῶν
2733 4321 3019 4391 συντέμνει
3046 4320 3137 4374 τὸν
3163 4318 3381 4391 χρόνον.

603 4402 789 4457 trahit.

671 4496 725 4551 4.
767 4495 822 4550 Si
851 4495 977 4567 quis
1009 4498 1361 4569 preposuerit
1381 4499 1771 4571 concupiscere
1803 4500 2082 4555 mulierem
2112 4501 2177 4554 ad

2355 4505 2415 4560 δ’.
2458 4507 2587 4560 Ἐὰν
2621 4506 2892 4579 πρόθηταί
2921 4524 3005 4570 τις
3039 4505 3393 4578 ἐπιθυμήσας
3422 4504 3682 4575 γυναικὸς,
3712 4516 3803 4567 συγ·

600 4588 979 4645 dormiendum
1015 4606 1141 4647 cum
1171 4592 1313 4663 ipsa,
1358 4591 1479 4663 ejus
1524 4602 1706 4648 autem
1750 4592 2079 4649 desiderium
2116 4609 2128 4647 :

2285 4600 2617 4668 καθευδῆσαι
2646 4601 2806 4670 αὐτῇ,
2861 4599 2934 4669 μὴ
2968 4598 3096 4669 ἔλθῃ
3136 4598 3193 4651 δέ
3226 4601 3308 4661 είς
3333 4598 3495 4668 ἔργον
3522 4595 3669 4650 αὐτοῦ
3696 4596 3721 4663 ἡ
3745 4594 3804 4644 ἐν·

532 4734 536 4739 _
598 4693 739 4749 opus
768 4695 876 4735 non
910 4681 1135 4748 venerit,
1170 4683 1386 4738 videtur
1415 4697 1537 4739 esse
1563 4699 1592 4739 a
1620 4684 1792 4754 gratia
1829 4684 2057 4739 liberatu

2287 4691 2543 4763 θύμησις,
2573 4692 2819 4760 φαίνεται
2853 4694 2934 4745 ὅτι
2959 4693 3063 4745 ὑπὸ
3090 4692 3190 4763 τῆς
3219 4692 3445 4762 χάριτος
3473 4688 3704 4763 spe-3:011.

670 4772 723 4827 7.
761 4771 1051 4846 Presbyter
1081 4776 1137 4830 in
1179 4777 1385 4846 nuptiis
1418 4776 1539 4848 ejus
1559 4780 1651 4847 qui
1676 4779 1814 4834 duas
1858 4794 2062 4835 uxores
2084 4781 2189 4837 du-

2358 4782 2425 4849 C'.
2470 4784 2849 4855 Πρεσὸύτερον
2881 4785 2961 4849 είς
3011 4784 3189 4856 γάμον
3215 4782 3573 4854 διγαμοῦντος
3598 4782 3661 4852 μὴ
3683 4778 3806 4833 ἐστιᾶ-

599 4864 694 4933 cit,
728 4880 797 4922 ne
814 4866 1152 4933 convivetur,
1175 4878 1306 4933 etc.,
1338 4879 1395 4925 ut
1432 4886 1558 4939 pag.
1599 4869 1725 4926 691.

2292 4872 2438 4940 σθαι,
2467 4890 2521 4926 κ.
2550 4890 2601 4927 τ.
2629 4874 2680 4928 λ.
3348 4883 3350 4885 ’

826 4973 1056 5029 Concilii
1083 4973 1373 5029 Laodiceni
1395 4992 1620 5030 canones
1650 4979 1698 5043 Ι,
1736 4978 1823 5045 10,
1850 4979 1940 5034 51.

2478 4983 2750 5038 Συνόδου
2782 4983 3131 5051 Λαοδικείας
3159 4984 3361 5039 κανὼν
3387 4984 3459 5047 u',
3492 4983 3542 5051 t',
3571 4983 3662 5037 λα’.

671 5064 1023 5137 1.0portcre
1091 5083 1158 5122 ex
1239 5070 1614 5125 ecclesiastico
1679 5086 1889 5128 canone
1941 5088 2038 5130 eos
2088 5074 2180 5147 qui

2360 5073 2429 5132 u'.
2460 5076 2598 5148 Περὶ
2625 5078 2720 5130 τοῦ
2751 5078 2861 5129 δεῖν
2890 5078 3032 5131 κατὰ
3057 5078 3148 5132 τὸν
3168 5078 3615 5150 ἐκκλησιαστικὸν
3636 5073 3799 5130 κανόνα.

600 5159 769 5215 libere
815 5169 869 5214 et
929 5160 1165 5231 legitime
1212 5163 1452 5217 secundo
1502 5165 1857 5222 matrimonio
1901 5167 2128 5238 conjunt

2284 5168 2410 5231 τοὺς
2436 5168 2760 5240 ἐλευθερίως
2792 5167 2888 5221 καὶ
2912 5168 3160 5239 νομίμως
3192 5170 3563 5240 συναφθέντας
3590 5167 3800 5235 δευτέρως

600 5260 746 5314 sunt,
773 5260 828 5306 et
856 5267 962 5306 non
992 5254 1132 5307 clam
1177 5269 1379 5309 uxores
1422 5255 1700 5311 duxerunt
1746 5273 1871 5313 eum
1920 5262 2120 5331 exiguu

2282 5262 2501 5332 γάμοις,
2543 5264 2617 5333 μή
2662 5261 3038 5333 λαθρογαμίαν
3070 5263 3417 5334 ποιήσαντες,
3450 5263 3619 5330 ὀλίγου
3659 5258 3802 5328 χρόνου

602 5351 818 5412 tempus
847 5342 1189 5414 praeterierit,
1244 5354 1298 5399 et
1338 5344 1681 5401 orationibus
1730 5356 1784 5402 et
1817 5347 2045 5419 jejuniis
2081 5364 2130 5405 v:

2284 5352 2645 5424 παρελθόντος
2681 5354 3058 5424 σχολασάντων
3105 5356 3227 5417 ταῖς
3269 5356 3590 5427 προσευχαῖς
3628 5354 3705 5403 καὶ
3730 5364 3798 5413 νη·

600 5435 862 5499 caverint,
891 5436 971 5490 eis
994 5450 1058 5491 ex
1092 5437 1248 5492 venia
1283 5436 1399 5492 dari
1431 5439 1900 5495 communionem.

2283 5445 2524 5510 στείαις,
2570 5446 2712 5499 κατὰ
2766 5445 3101 5518 συγγνώμην
3146 5445 3489 5501 ἀποδίδοσθαι
3531 5442 3690 5505 αὐτοῖς
3729 5437 3802 5505 τὴν

2284 5535 2569 5590 κοινωνίαν
2594 5536 2899 5611 ὼρίσαμεν.

671 5704 782 5783 (πο)
818 5684 941 5762 Ἡθο
970 5707 1200 5778 intelligi
1245 5717 1423 5779 potest
1462 5707 1530 5766 de
1567 5705 1651 5763 his
1682 5707 1775 5778 qni
1808 5710 1889 5765 vel
1924 5726 2048 5769 cum
2077 5715 2488 5785 pecoribus,vel
2537 5732 2686 5773 more
2750 5719 3020 5789 pecudum
3082 5734 3205 5775 cum
3275 5718 3569 5789 propinquo
3588 5708 3795 5781 sanguine

600 5788 744 5833 misti
777 5788 925 5836 sunt.
