3980 6402
178 343 269 408 893
991 345 1386 408 SYNTAGMA
1420 347 1811 410 CANONUM.
1843 376 1911 388 --
1935 352 2083 414 Tl'I‘.
2116 355 2289 431 XIII,
2330 357 2489 421 CAP.
2532 359 2615 421 II.

3300 366 3406 432 894

240 455 284 511 ι’.
321 454 447 528 Περὶ
489 455 579 510 τοῦ
615 455 691 529 μὴ
722 454 833 510 δεῖν
877 458 1006 521 τοὺς
1048 459 1147 531 τῆς
1193 461 1525 534 Ἐκκλησίας
1568 463 1719 517 ἀδια-

1900 466 1987 520 10.
2024 467 2143 522 Νοη
2172 481 2433 539 oportere
2454 485 2550 525 eos
2579 471 2669 541 qni
2698 481 2827 528 sunt
2848 471 3125 539 Ecclesia»,
3150 474 3405 533 indiscri-

179 549 334 620 φόρως
360 548 485 619 πρὸς
522 549 697 617 γάμου
729 550 1013 605 κοινωνίαν
1045 553 1339 609 συνάπτειν
1384 556 1455 609 τὰ
1504 556 1716 611 ἐαυτῶν

180 641 341 696 παιδία
366 642 676 712 αίρετικοῖς.

233 734 323 794 λα’.
362 735 479 788 Ὅτι
506 734 565 788 οὐ
593 734 673 788 δεῖ
706 736 843 808 πρὸς
873 739 1080 804 πάντας
1117 741 1447 812 αἱρετικοὺς.
1483 759 1539 798 κ.
1572 759 1623 797 τ.
1661 742 1712 799 λ.

406 919 670 975 Συνόδου
698 922 1087 992 Χαλκηδόνος
1118 923 1319 979 κανὼν
1351 924 1447 989 ις’.

234 1011 319 1078 ις’.
357 1012 623 1084 Παρθένον
648 1015 848 1088 ἑαυτὴν
878 1016 1193 1087 ἀναθεῖσαν,
1222 1035 1277 1074 κ.
1302 1035 1356 1073 τ.
1380 1017 1432 1072 λ.

226 1200 477 1258 Συνόδου
503 1200 920 1343 οῖκουμενικβῆς
940 1202 1127 1342 ιἕκτης·
1169 1202 1372 1259 κανὼν
1410 1203 1511 1275 νγ’,
1550 1204 1646 1271 νδ’,

798 1290 827 1326 ο
884 1313 899 1337 ,
979 1280 1048 1343 η’.

798 1280 899 1343 οβ’,
940 1280 1048 1344 w-

231 1362 321 1434 νγ⁹.
370 1363 584 1434 Ἐπειδὴ
612 1364 813 1436 μείζων
841 1367 873 1437 ἡ
904 1365 1047 1420 κατά
1074 1366 1293 1437 πνεῦμα
1320 1367 1589 1439 οἰκειότης
1619 1368 1720 1439 τῆς

173 1457 263 1511 τῶν
292 1456 549 1524 σωμάτων
579 1457 895 1527 συναφείας,
931 1456 1177 1527 ἔγνωμεν
1205 1458 1262 1512 δὲ
1289 1458 1347 1513 ἔν
1373 1476 1483 1513 τισι
1532 1460 1721 1520 τόποις

173 1550 300 1614 τινὰς
342 1551 404 1604 ἐκ
446 1548 543 1603 τοῦ
589 1549 748 1620 ἁγίου
794 1553 890 1605 καὶ
932 1551 1314 1622 σωτηριὼδους
1344 1552 1722 1624 βαπτίσματος

173 1643 342 1704 παῖδας
367 1642 814 1714 ἀναδεχομένους,
846 1645 986 1715 μετά
1015 1644 1171 1698 τοῦτο
1196 1648 1317 1710 ταῖς
1357 1646 1583 1700 ἐκείνων
1618 1664 1722 1716 μη-

173 1733 305 1806 τράσι
326 1733 679 1806 χηρευούσαις
706 1735 944 1807 γαμικὸν
977 1736 1442 1803 συναλλάσσοντας
1478 1740 1719 1793 συνοικέ-

1817 557 2062 613 minatim
2097 575 2229 615 suos
2260 560 2398 619 ﬁlios
2443 562 2716 619 luereticis
2766 565 3121 623 matrimonio
3172 567 3405 639 conjun-

1816 664 1962 720 gere.

1887 744 1978 799 3|.
2019 742 2174 812 Quod
2204 762 2312 802 non
2345 757 2560 819 oportet
2617 763 2743 805 cum
2777 749 2928 807 omni
2958 749 3238 819 haeretico,
3271 760 3402 817 etc.,

1814 846 1874 891 ut
1895 854 2019 909 pag.
2053 838 2182 895 883.

2087 928 2313 983 Concilii
2343 928 2790 987 Chalcedonensis
2821 949 2995 987 canon
3039 932 3127 988 16.

1891 1018 1976 1075 16.
2009 1019 2288 1092 Virginem
2323 1039 2445 1095 quae
2472 1040 2532 1081 se
2561 1025 2794 1097 Domino
2816 1025 2929 1083 Deo
2955 1025 3247 1092 dedicavit,
3272 1037 3406 1087 etc”

1819 1123 1878 1170 ut
1916 1132 2037 1185 pag.
2071 1117 2197 1173 734.

1904 1208 2133 1265 Concilii
2168 1211 2474 1267 recumenici
2499 1226 2553 1267 vt
2584 1228 2809 1267 canones
2842 1212 2933 1279 53,
2964 1212 3059 1279 54,
3101 1212 3191 1277 72,
3222 1212 3315 1267 98.

1897 1391 1987 1447 53.
2027 1391 2300 1458 Quoniam
2331 1392 2596 1463 spiritalis
2631 1393 2980 1449 necessitudo
3015 1408 3114 1448 seu
3171 1389 3408 1448 afﬁnitas

1822 1495 2117 1551 corporum
2181 1479 2576 1551 conjunctione
2622 1481 2799 1549 major
2847 1491 2966 1543 est.
3022 1481 3079 1536 in
3127 1480 3406 1535 nonnullis

1821 1585 2001 1630 autem
2034 1575 2170 1631 locis
2203 1574 2566 1645 cognovimus
2590 1574 2883 1644 quosdam,
2916 1574 3008 1644 qui
3035 1588 3098 1629 ex
3134 1582 3327 1628 sancto
3353 1581 3409 1627 et

1821 1666 2051 1722 salutari
2117 1666 2442 1736 baptismate
2508 1664 2755 1721 infantes
2818 1666 3159 1736 suscipiunt,
3220 1674 3407 1735 postea

1825 1774 2046 1829 quoque
2081 1774 2205 1813 cum
2234 1759 2507 1813 matribus
2533 1760 2751 1813 illorum
2784 1759 2963 1815 viduis
2995 1759 3405 1813 matrimonium

175 1842 287 1888 σιον,
336 1827 588 1898 ὁρίζομεν
638 1827 749 1881 ἀπὸ
798 1827 893 1882 τοῦ
941 1828 1207 1899 παρόντος
1261 1829 1429 1900 μηδὲν
1478 1830 1719 1885 τοιοῦτον

1837 1851 2176 1916 contrahere,
2239 1852 2533 1907 statuimus
2582 1861 2642 1907 ut
2697 1852 2751 1907 in
2802 1861 3081 1921 posterum
3132 1850 3266 1905 nihil
3315 1850 3410 1904 liat

175 1918 475 1991 πραχθῆναι,
540 1917 609 1974 Ei
635 1919 692 1974 δέ
724 1937 870 1984 τινες
901 1920 1040 1990 μετά
1086 1921 1177 1974 τὸν
1224 1923 1470 1993 παρόντα
1517 1923 1720 1978 κανόνα

173 2010 439 2082 φωραθεῖεν
489 2010 654 2067 τοῦτο
702 2010 1016 2080 ποιοῦντες,
1077 2013 1449 2085 πρωτοτύπως
1512 2016 1611 2086 μὲν
1668 2018 1719 2071 οἱ

173 2102 369 2156 τοιοῦτοι
412 2103 836 2173 ἀφιστάσθωσαν
882 2102 977 2157 τοῦ
1025 2105 1343 2176 παρανόμου
1368 2105 1558 2160 τούτου
1591 2125 1719 2162 συν-

172 2196 397 2261 οικεσίου,
427 2196 622 2250 ἔπειτα
652 2196 709 2250 δὲ
734 2195 828 2250 καὶ
861 2198 975 2261 τοῖς
1000 2196 1110 2251 τῶν
1141 2198 1514 2269 πορνευόντων
1543 2200 1718 2254 ἐπιτι-

174 2286 293 2359 μίοις
322 2288 797 2361 ύποόληθήτωσαν.

232 2381 311 2437 νδ’.
347 2385 456 2454 Τῆς
501 2382 657 2447 Θείας
711 2384 859 2455 ἡμᾶς
905 2381 1049 2438 οὕτω
1092 2379 1718 2458 σαφῶςέκδιδασκούσης

174 2475 381 2547 Γραφῆςο
403 2478 519 2530 Οὐκ
540 2476 868 2544 εὶσελεύσῃ
881 2476 1029 2544 πρὸς
1046 2475 1244 2531 πάντα
1256 2476 1715 2547 ausim-011pde

172 2571 677 2639 σου,ἁποκιι1ύψαι
699 2570 1146 2639 ἀσχημοσύνην
1174 2572 1384 2635 αὐτοῦ,
1412 2574 1441 2624 ό
1465 2571 1718 2643 θεοφιλὴς

173 2660 415 2726 Βισίλειος
429 2662 550 2716 τινὰ
578 2663 687 2717 τῶν
720 2662 1186 2735 ἀπηγορευμένων
1208 2664 1403 2734 γάμων
1425 2664 1485 2718 ἐν
1501 2667 1613 2728 τοῖς
1637 2666 1717 2718 οί-

172 2755 313 2818 κείοις
353 2756 570 2811 κανόσιν
632 2756 1091 2828 ἀπηριθμήσατο,
1143 2759 1320 2827 σιωπῇ
1362 2757 1431 2813 τὰ
1488 2757 1717 2813 πλεῖστα

173 2848 535 2920 παραδραμὼν,
568 2848 663 2903 καὶ
693 2849 813 2903 κατ’
837 2849 1123 2920 ἀμφότερα
1149 2851 1565 2915 κατασκευάσας
1588 2854 1720 2923 ἡμῖν

171 2937 219 2990 τὸ
237 2934 618 3010 ὠφέλιμον.Τδ
642 2940 749 3010 γὰρ
776 2939 883 2994 τῶν
911 2941 1153 3013 αἰσχρῶν
1178 2942 1485 3012 ὀνομασιῶν
1514 2943 1718 3013 πλῆθος

170 3031 635 3103 παραιτησάμενος,
662 3032 739 3096 ὠς
768 3033 835 3087 ἂν
867 3034 943 3105 μὴ
968 3033 1059 3086 τὸν
1082 3034 1238 3103 λόγον
1258 3037 1717 3109 καταρρυπαίνοι,

1831 1942 2126 2013 ejusmodi.
2161 1941 2217 1998 Si
2250 1943 2342 2013 qui
2377 1953 2562 1998 autem
2609 1953 2732 2015 post
2763 1952 3088 2015 praesentem
3142 1957 3353 1997 canone
3376 1960 3407 1994 ιι

1834 2038 1936 2091 hoc
1963 2036 2143 2091 facere
2178 2037 2503 2106 deprehensi
2537 2037 2766 2101 fuerint,
2794 2037 2828 2091 ii
2858 2038 3080 2106 quidem
3111 2035 3412 2107 4061)τὶ-

1831 2143 1921 2183 mo
1948 2129 2015 2182 ab
2044 2129 2146 2182 hoc
2188 2129 2376 2184 illicito
2417 2110 2771 2184 matrimonio
2809 2130 3101 2197 desistant,
3133 2130 3330 2186 deinde
3357 2139 3412 2186 et

1829 2219 2225 2276 fornicatornm
2256 2222 2433 2292 poenis
2463 2222 2855 2293 subjiciantur.

1902 2409 1990 2464 54.
2032 2408 2167 2463 Cum
2218 2408 2401 2464 divina
2448 2410 2729 2481 Scriptura
2775 2426 2876 2467 nos
2922 2421 3108 2482 aperte
3156 2412 3350 2469 doceat
3392 2430 3411 2469 :

1830 2499 1955 2557 Non
2003 2501 2315 2571 ingrediaris
2369 2503 2437 2555 ad
2489 2519 2694 2556 onmem
2742 2506 3183 2575 consanguineam
3236 2507 3413 2559 carnis

1840 2603 1946 2649 tua:
1979 2592 2049 2647 ad
2108 2592 2447 2648 revelandam
2501 2593 2616 2657 eius
2672 2595 3058 2664 turpitudinem
3101 2595 3141 2659 ⁸,
3193 2596 3415 2652 divinus

1831 2682 2069 2740 Basilius
2097 2684 2119 2716 ⁵
2161 2684 2456 2740 nonnullas
2513 2684 2815 2755 probibitas
2844 2687 3066 2755 nuptias
3092 2687 3144 2741 in
3175 2688 3290 2743 suis
3321 2703 3416 2742 ca-

1828 2774 2068 2830 nonibus
2094 2776 2465 2841 enumeravit,
2498 2775 2686 2831 multis
2735 2776 2958 2831 silentio
3010 2780 3323 2847 praeteritis,
3359 2790 3415 2836 et

1832 2864 1917 2920 his
1950 2866 2198 2935 utrisque
2225 2867 2386 2921 nobis
2406 2867 2698 2921 utilitatem
2732 2867 2935 2922 attulit.
2963 2866 3228 2938 Turpium
3263 2869 3414 2924 enim

1830 2958 2119 3012 nominum
2149 2959 2504 3015 multitudine
2534 2960 2768 3023 evitata,
2797 2975 2866 3015 ne
2892 2960 3073 3015 verbis
3108 2962 3414 3017 orationem

1830 3051 2116 3119 pollueret,
2152 3051 2501 3121 generalibus
2535 3052 2854 3107 nominibus
2887 3053 3232 3123 impuritatcs
3259 3068 3413 3108 com-

169 3122 484 3216 ede-Mitem
511 3126 751 3194 γενικοῖς
782 3125 953 3195 ὄνομα
982 3125 1083 3192 τῆς
1104 3126 1447 3198 ἀκαθαρσίας
1476 3128 1716 3191 διέλαϐε.

1837 3144 2022 3214 plexus
2057 3152 2161 3206 est,
2199 3159 2299 3214 per
2324 3160 2466 3213 quas
2510 3145 2723 3216 legibus
2754 3122 2975 3200 vetitas
3003 3147 3224 3216 nuptias
3258 3147 3418 3202 nobis

168 3213 223 3266 δι’
255 3207 323 3269 ὧν
366 3219 731 3289 περιεκτικῶς
773 3219 907 3289 ἡμῖν
950 3218 1078 3281 τοὺς
1128 3220 1480 3291 παρανόμους
1512 3222 1723 3294 γάμους

171 3306 438 3374 ὑπέδειξεν·
480 3309 675 3382 ἐπειδὴ
714 3312 780 3381 τῇ
814 3309 1041 3382 τοιαύτῃ
1082 3314 1284 3383 σιωπῇ,
1328 3312 1422 3366 καὶ
1457 3313 1536 3385 τῷ
1568 3315 1721 3369 ἀδια-

169 3398 362 3473 γνώστῳ
404 3402 503 3471 τῆς
552 3402 665 3455 τῶν
719 3402 976 3473 ἀθέσμων
1032 3402 1226 3472 γάμων
1293 3406 1721 3478 ἀπαγορεύσεως

167 3488 339 3561 ἑαυτὴν
368 3493 400 3563 ἡ
428 3492 592 3561 φύσις
624 3492 863 3563 συνέχεε,
914 3491 1229 3563 συνείδομεν
1275 3497 1610 3565 γυμνότερος)
1650 3496 1720 3550 τὰ

170 3584 275 3654 περὶ
297 3584 478 3638 τούτου
510 3584 797 3652 ἐκθέσθαι,
839 3584 1113 3656 ὁρίζοντες
1145 3587 1254 3641 ἀπὸ
1283 3586 1377 3640 τοῦ
1408 3586 1503 3640 νῦν
1535 3587 1626 3640 τόν
1652 3590 1718 3659 τῇ

167 3675 318 3749 οἰκείᾳ
362 3675 631 3749 ἐξαδέλφῃ
690 3679 827 3749 πρὸς
880 3679 1062 3749 γάμου
1118 3680 1405 3733 κοινωνίαν
1446 3681 1721 3735 συναπτό-

169 3784 324 3836 μενον,
369 3771 401 3842 ἢ
444 3770 663 3841 πατέρα
692 3770 788 3823 καὶ
821 3771 934 3825 υίδν
966 3772 1133 3843 μητρὶ
1158 3772 1252 3825 καὶ
1279 3772 1528 3842 θυγατρὶ,
1564 3772 1596 3843 ἢ
1628 3773 1721 3826 δύο

166 3862 328 3932 κόραις
362 3863 617 3934 ἀδελφαῖς
664 3865 876 3934 πατέρα
918 3864 1013 3917 καὶ
1052 3864 1189 3927 υἱὸν,
1232 3864 1265 3935 ἢ
1308 3864 1552 3933 ἀδελφοῖς
1595 3865 1720 3919 δυσὶ

168 3957 348 4026 μητέρα
381 3957 476 4012 καλ⁵
526 3958 828 4030 θυγατέρα,
865 3958 899 4029 ἦ
947 3958 1210 4029 ἀδελφοὺς
1248 3958 1341 4012 δύο
1374 3959 1527 4015 δυσὶν
1562 3961 1718 4014 ἀδελ-

167 4051 288 4117 φαῖς,
317 4053 415 4106 ὑπὸ
435 4054 525 4108 τὸν
559 4053 656 4123 τῆς
682 4053 975 4117 ἑπταετίας
1003 4052 1222 4107 πίπτειν
1245 4053 1465 4116 κανόνα,
1490 4055 1723 4123 ἀφιστα-

171 4140 322 4210 μένων
369 4145 551 4199 αύτῶν
610 4145 892 4218 προδήλως
944 4145 1041 4198 τοῦ
1090 4145 1411 4217 παρανόμου
1472 4164 1719 4202 συνοικε-

167 4231 281 4287 σίου.

222 4326 307 4397 οβ’.
342 4329 431 4401 Μὴ
472 4328 682 4396 ἐξέστω
729 4327 1012 4401 ὀρθόδοξον
1060 4329 1252 4401 ἄνδρα,
1300 4331 1550 4402 αίρετικῇ
1584 4345 1715 4384 συν-

167 4419 400 4480 άπτεσθαι
430 4426 672 4496 γυναικὶ,
703 4443 757 4480 κ.
783 4443 837 4481 τ.
865 4425 916 4480 λ.

1833 3237 1885 3290 in
1908 3252 2121 3290 summa
2147 3236 2406 3291 ostendit.
2424 3237 2694 3304 Quoniam
2711 3249 2893 3293 autem
2910 3249 3129 3308 propter
3145 3238 3414 3308 ejusmodi

1827 3328 2132 3392 silentium,
2163 3336 2219 3382 et
2253 3329 2397 3397 quod
2434 3344 2543 3383 non
2591 3330 2829 3384 discerni
2879 3340 3063 3399 posset
3099 3331 3415 3386 illiritarum

1828 3421 2142 3490 nuptiarum
2177 3419 2493 3488 prohibitio,
2520 3420 2754 3489 seipsam
2776 3431 2970 3475 natura
2999 3423 3244 3477 confudit
3272 3439 3286 3476 :
3312 3438 3417 3476 no-

1824 3512 1909 3567 bis
1942 3512 2117 3566 visum
2149 3518 2230 3565 est
2269 3526 2331 3566 ea
2372 3514 2535 3581 paulo
2566 3513 2813 3583 apertius
2843 3528 3141 3582 exponere,
3189 3515 3259 3569 ab
3302 3517 3409 3571 hoc

1826 3606 2082 3675 deinceps
2110 3614 2353 3675 tempore
2388 3605 2771 3667 decernentes,
2805 3615 2864 3661 ut
2902 3607 2995 3676 qui
3044 3623 3168 3663 cum
3228 3610 3410 3678 patrui

1826 3699 1912 3754 sui
1945 3699 2051 3752 filia
2098 3698 2434 3752 matrimonii
2487 3698 2806 3753 societatem
2858 3699 3077 3765 inierit;
3122 3701 3205 3754 vel
3257 3709 3414 3770 pater

1825 3802 1879 3846 et
1907 3792 2073 3855 filius,
2101 3791 2195 3861 qui
2231 3806 2356 3845 cum
2392 3798 2568 3844 matre
2604 3799 2658 3844 et
2689 3791 2831 3857 ﬁlia;
2876 3792 2960 3845 vel
3016 3808 3143 3847 cum
3194 3793 3412 3849 duabus

1825 3885 2022 3957 puellis
2076 3885 2360 3939 sororibus
2407 3893 2558 3954 pater
2591 3892 2645 3939 et
2690 3885 2864 3952 filius;
2901 3886 2986 3940 vel
3030 3902 3154 3942 cum
3200 3887 3415 3943 duobus

1829 3976 2092 4032 fratribus
2117 3985 2293 4029 mater
2319 3985 2374 4030 et
2404 3975 2537 4038 filia,
2566 3975 2649 4031 vel
2679 3974 2878 4033 fratres
2905 3978 3015 4033 duo
3039 3994 3163 4033 cum
3199 3980 3414 4035 duabus

1828 4067 2136 4133 sororibus,
2173 4067 2226 4121 in
2265 4067 2538 4138 septennii
2574 4084 2839 4124 canonem
2882 4069 3144 4131 incidant.
3190 4072 3256 4127 iis
3290 4088 3416 4143 pro-

1824 4159 1913 4213 cul
1936 4159 2103 4213 dubio
2128 4160 2395 4227 separatis
2423 4174 2454 4213 a
2489 4157 2700 4214 nefario
2732 4160 3094 4217 contubernio
3117 4164 3161 4216 ⁸.

1898 4345 1988 4401 72.
2019 4343 2137 4399 Non
2188 4342 2353 4400 licere
2396 4342 2574 4398 virum
2622 4343 2989 4399 orthodoxum
3027 4359 3152 4400 cum
3187 4343 3416 4400 muliere

1825 4437 2081 4494 bmretica
2107 4437 2390 4507 conjungi,
2419 4447 2549 4501 etc.,
2583 4445 2641 4491 ut
2664 4454 2788 4508 pag.
2822 4438 2953 4493 883.

223 4515 321 4586 ῑιτί.
367 4518 424 4576 ’0
469 4518 643 4590 ἑτέρῳ
698 4518 1126 4589 μνηστευθεῖσαν
1172 4520 1411 4587 γυναῖκα
1431 4560 1446 4585 ,
1493 4518 1575 4574 ἔτι
1623 4519 1718 4575 τοῦ

1894 4531 1983 4587 98.
2011 4529 2116 4598 Qui
2130 4530 2286 4585 alteri
2304 4530 2688 4601 desponsatam
2706 4530 2988 4585 mulierem
3007 4545 3072 4585 eo
3089 4530 3269 4586 adhuc
3290 4529 3415 4585 vivo

169 4612 621 4681 μνηστευσαμένου
650 4610 871 4676 ζῶντος,
898 4611 1035 4682 πρὸς
1064 4610 1245 4682 γάμου
1275 4612 1564 4665 κοινωνίαν
1587 4614 1719 4683 ἀγό-

169 4716 322 4770 μενος,
354 4703 430 4775 τῷ
456 4704 558 4774 τῆς
584 4704 830 4774 μοιχείας
855 4704 1164 4758 ὑποκείσθω
1191 4704 1522 4776 ἐγκλήματι.

302 4796 567 4851 Συνόδου
604 4794 714 4864 τῆς
746 4795 1016 4863 ἑνώσεως
1041 4795 1245 4851 κανὼν
1280 4794 1352 4864 α’,
1385 4794 1452 4869 β’,
1488 4795 1557 4865 Υ.

222 4884 284 4941 α’.
320 4888 585 4961 Τέταρτον
630 4889 807 4959 γάμον
840 4890 1028 4961 μηδενὶ
1063 4890 1388 4960 τολμᾶσθαι,
1429 4887 1547 4944 ἀλλ’
1579 4883 1719 4943 εἶναι

167 4976 441 5051 ἀπόϐλητον
472 4984 769 5049 παντελῶς,
816 4984 870 5037 εί
893 5001 977 5046 τις
1005 4984 1103 5037 ἐπὶ
1123 4983 1366 5037 τοιοῦτον
1390 4983 1567 5036 ἐλθεῖν
1593 5000 1720 5036 συν-

168 5072 372 5127 οικέσιον
416 5077 818 5150 προθυμηθείη,
870 5078 1049 5146 πάσης
1093 5077 1538 5148 ἀπεστερημένον
1577 5071 1719 5130 εἶναι

172 5168 414 5233 συνάξεως
448 5171 924 5243 ἐκκλησιαπικῆς.
975 5170 1069 5224 καὶ
1108 5170 1279 5238 αὐτῆς
1324 5171 1424 5240 τῆς
1465 5170 1599 5242 πρὸς
1628 5170 1720 5223 τὸν

171 5254 302 5323 ἅγιον
334 5264 458 5316 ναὸν
488 5266 694 5317 εἰσόδου
722 5265 1022 5334 ἀλλότριον,
1059 5263 1250 5335 μέχρις
1280 5262 1347 5317 ἂν
1372 5264 1619 5332 ἐπιμένοι
1644 5261 1723 5330 τῷ

173 5355 490 5424 συνοικεσίιει.
540 5351 711 5409 Τοῦτο
762 5357 871 5427 γὰρ
916 5356 1011 5409 καὶ
1060 5359 1172 5420 τοῖς
1205 5355 1312 5427 πρὸ
1342 5354 1501 5427 ἡμῶν
1545 5353 1722 5421 ἁγίοις

170 5440 295 5506 ἔδοξε
326 5447 582 5518 Πατράσι,
605 5451 699 5503 καλ⁸
728 5451 887 5520 ἡμεῖς
909 5451 965 5503 δὲ
996 5450 1093 5521 τὴν
1118 5448 1342 5521 γνώμην
1366 5447 1720 5519 ἐνδηλοτέραν

172 5538 444 5607 πἰιοῦντες,
478 5543 551 5606 ὡς
579 5543 855 5615 ἀλλότριον
878 5544 1038 5597 αὐτὸν
1069 5546 1167 5612 τῆς
1197 5541 1585 5614 Χριστιανικῆς
1617 5556 1717 5592 πο·

1824 4625 1912 4682 cui
1960 4624 2290 4694 desponsata
2325 4632 2425 4686 est,
2464 4621 2518 4676 in
2558 4623 2869 4692 nuptiarum
2900 4622 3049 4678 ducit
3074 4623 3410 4689 societatem,

1827 4716 2081 4772 adulterii
2117 4714 2336 4769 crimini
2360 4713 2706 4783 subjiciatur.

2137 4804 2362 4863 Concilii
2389 4805 2596 4858 umonis
2622 4820 2847 4860 canones
2884 4804 2935 4871 1,
2980 4804 3035 4866 2.
3066 4804 3119 4860 3.

1896 4896 2145 4971 4071.
2173 4895 2375 4952 Tribus
2435 4896 2641 4966 nuptiis
2703 4906 2927 4967 quartas
2964 4896 3198 4967 adjicere
3252 4909 3414 4949 nemo

1827 4998 2141 5060 prmsumat,
2179 4990 2273 5044 sed
2300 5004 2527 5059 prorsus
2560 4989 2630 5044 ab
2656 4988 2723 5044 iis
2751 4990 3042 5050 abstineat.
3069 5004 3133 5043 ac
3163 4988 3403 5043 recorde-

1828 5093 1915 5138 tur
1937 5098 1994 5138 se
2031 5099 2124 5153 per
2154 5082 2260 5138 tale
2284 5082 2498 5138 facinus
2540 5083 2607 5137 ab
2647 5082 2793 5135 omni
2836 5082 3114 5137 communi
3147 5080 3411 5137 ecclesia-

1825 5175 1982 5238 stica,
2016 5174 2127 5228 imo
2151 5174 2219 5228 ab
2243 5173 2392 5228 omni
2424 5173 2570 5228 aditu
2596 5174 2794 5228 domus
2819 5188 2991 5228 sacrm
3015 5173 3300 5227 exclusum
3329 5172 3403 5227 iri

1823 5282 1920 5338 per
1951 5281 2115 5321 omne
2141 5274 2358 5335 tempus
2379 5278 2491 5335 quo
2526 5264 2637 5319 isto
2679 5265 2807 5317 vitae
2838 5277 3035 5332 genere
3081 5271 3287 5316 utatur.
3318 5260 3413 5317 Sic

1818 5357 1965 5411 enim
2034 5356 2241 5411 sanctis
2289 5355 2443 5426 prius
2497 5355 2659 5409 etiam
2714 5369 2879 5425 quam
2942 5352 3123 5419 nobis,
3185 5353 3411 5423 placuit.

1820 5448 1992 5514 Quam
2015 5447 2234 5518 quidem
2282 5447 2607 5503 sententiam
2642 5444 2991 5500 dilucidaturi
3021 5445 3416 5501 confirmamus

1816 5541 2085 5610 ejusmodi
2113 5541 2328 5612 nuptias
2357 5539 2602 5596 moribus
2621 5537 2953 5595 Christianis
2979 5551 3304 5610 repugnare.

173 5628 353 5699 λιτείας
382 5640 828 5711 ἀποκηρύττομεν
847 5658 860 5670 ·
909 5641 1026 5694 ἀλλ’
1052 5639 1195 5695 οὓτω
1228 5639 1327 5710 μὲν
1355 5639 1483 5709 περὶ
1511 5636 1607 5691 τοῦ
1641 5638 1903 5708 τετάρτου
1938 5638 2141 5709 γάμου.

236 5788 254 5820 ⁵
290 5792 435 5849 Levit
480 5810 630 5866 xvm,
659 5800 752 5858 06.

827 5800 845 5830 "
878 5800 1014 5855 Cati.
1063 5798 1129 5853 88
1172 5807 1226 5855 et
1269 5797 1360 5854 68.
1436 5798 1455 5829 ⁸
1500 5797 1628 5853 Vide
1656 5812 1780 5852 can.
1810 5796 1881 5851 9.3
1922 5796 2104 5850 Basilii
2137 5796 2201 5850 ad
2237 5794 2579 5860 Ampliilocb.
