3980 6456
204 427 334 497 89Ί

1029 426 1427 487 SYNTAGMA
1463 422 1857 486 CANONUM.
1884 446 1952 457 --
1980 421 2134 483 ΤΙΤ.
2171 420 2344 494 XIII,
2379 419 2536 479 CAP.
2579 420 2662 480 II.

3367 419 3473 485 898

212 540 591 606 συνίστασθαι,
643 538 782 593 ὥστε
826 539 1093 610 μηδεμίαν
1123 541 1268 609 ἔχειν
1312 538 1556 609 πονηρὰν
1589 536 1789 601 αἰτίαν,

1900 548 2058 589 causa
2083 546 2247 604 prava
2272 529 2561 603 ηοιιωθ
2583 528 2783 593 subsit,
2800 535 3060 599 utraptus
3086 534 3473 603 autcorruptio

206 638 253 707 ἢ
296 635 347 702 ἐξ
373 634 646 704 ἁρπαγῆς,
682 632 714 702 ἢ
755 634 819 684 ὲκ
866 630 1331 702 προηγησαμένης
1369 628 1631 701 λαθραίου
1663 626 1793 697 φθο-

214 731 347 800 ρᾶς,
384 726 518 779 ἀλλὰ
556 723 801 794 νομίμως
833 723 929 777 καὶ
962 722 1366 794 καθαρεύοντας
1395 719 1502 772 τῶν
1536 718 1792 771 τοιούτων

210 815 583 886 μολυσμάτων
626 816 720 868 καὶ
763 814 863 882 τῆς
906 813 1171 883 πορνικῆς
1218 810 1591 879 ἀκαθαρσίας·
1627 808 1681 860 εῐ
1709 824 1793 870 τις

202 904 314 962 οὖν
340 907 446 961 τῶν
486 906 790 977 εἰρημένων
822 904 1240 974 καταφρονήσας
1280 902 1487 967 τύπων,
1520 901 1659 973 πρὸς
1687 917 1792 969 γα-

208 999 389 1068 μικὴν
429 996 647 1066 ὁμιλίαν
682 994 903 1062 πρώτην
934 994 967 1063 ἢ
998 992 1256 1062 δευτέραν
1301 991 1563 1057 συνέλθοι,
1606 990 1791 1043 τοῦτον

200 1090 246 1160 ἡ
287 1087 372 1141 τοῦ
402 1086 642 1158 Χριστοῦ
684 1083 976 1155 Ἐκκλησία
999 1085 1032 1154 ἡ
1055 1082 1292 1153 καθαρὰ,
1320 1082 1417 1136 καὶ
1443 1082 1645 1153 μηδένα
1670 1082 1793 1134 σπῖ-

200 1179 307 1231 λον
355 1178 554 1247 ἔχουσα
600 1176 872 1247 ἢρυτίδα,
907 1178 1021 1238 τοῖς
1073 1176 1363 1246 σωτηρίοις
1418 1173 1793 1227 ὑποϐάλλουσα

200 1270 497 1339 ἐτασμοίς,
530 1270 590 1322 ού
618 1269 746 1338 πρὶν
771 1268 850 1330 είς
873 1266 1173 1338 μετάληψιν
1200 1264 1561 1337 παραδέξεται
1589 1280 1793 1335 μυστη-

206 1362 368 1431 ρίων,
402 1361 435 1431 ἢ
464 1361 556 1415 τὸν
589 1359 894 1431 ὡρισμένον
932 1360 1025 1411 ἐπὶ
1067 1360 1134 1429 τῇ
1164 1358 1392 1429 πορνείᾳ
1417 1357 1607 1426 χρόνον
1634 1358 1793 1427 ἀκρι-

203 1451 328 1515 ϐῶς
375 1449 743 1522 ἐκπληρώσῃ·
800 1449 953 1521 εἰμὴ
1002 1449 1176 1521 άραή
1224 1448 1320 1502 τοῦ
1369 1449 1486 1520 βίου
1521 1447 1795 1518 ἀναγκαία

204 1545 534 1613 κατεπείγει
558 1542 925 1615 ἀναχώρησις,
954 1542 1203 1597 τουτέστι
1234 1542 1428 1614 μέχρις
1457 1541 1523 1597 ἂν
1549 1543 1611 1595 τὸ
1641 1541 1791 1595 ἕϐδο-

205 1651 319 1702 μον
358 1635 689 1705 ἐκπληρωθῇ
728 1634 877 1696 ἔτος·
923 1633 952 1686 ό
981 1631 1038 1686 δὲ
1065 1631 1279 1703 τολμῶν
1309 1632 1489 1703 ἱερεὺς
1519 1630 1671 1702 παρὰ
1701 1631 1793 1683 τὸν

201 1726 685 1796 διατετυπωμένον
714 1726 841 1795 ὅρον
874 1724 1228 1796 μεταλήψεως
1265 1723 1415 1788 θείας
1438 1724 1560 1777 τινὰ
1586 1723 1793 1778 τούτων

200 1815 464 1881 ἀξιῶσαι,
494 1816 623 1885 περὶ
645 1814 736 1868 τὸν
771 1816 899 1869 ίδιον
924 1814 1258 1868 κινδυνεύσει
1293 1810 1523 1885 βαθμὸν,
1551 1814 1791 1885 δηλονότι

1896 641 1991 695 per
2040 624 2441 680 seductionem.
2489 622 2756 691 Suprema
2781 636 3019 692 namque
3057 622 3143 677 lex
3175 624 3386 692 puritas
3416 634 3474 681 et

1892 717 2090 771 artium
2140 714 2571 770 meretriciarum
2635 714 2905 768 absentia.
2961 712 3017 767 Si
3053 714 3178 783 quis
3215 716 3380 785 igitur
3407 717 3476 772 iis

1893 824 2013 878 qua:
2036 809 2421 878 praemisimus,
2456 807 2653 877 spretis
2679 808 2883 876 primas
2906 816 3000 862 ant
3027 810 3297 864 secundas
3330 810 3476 864 cele-

1892 901 2015 955 brat
2046 903 2283 970 nuptias,
2320 915 2444 955 cum
2498 898 2741 954 Ecclesia
2773 898 2977 954 Christi
3008 905 3165 968 ﬁpura
3195 909 3250 954 et
3279 900 3476 955 imma-

1893 994 2069 1049 culata
2093 993 2405 1047 salutariter
2430 992 2761 1061 experietur,
2799 1006 2900 1047 nec
2924 991 3076 1061 prius
3104 992 3172 1047 ad
3213 994 3472 1060 mysteria
3562 1044 3565 1045 ν

1893 1084 2163 1149 admittet,
2218 1099 2382 1154 quam
2433 1082 2852 1139 fornicationem
2894 1098 3050 1137 suam
3095 1085 3351 1153 expiarit,
3407 1083 3477 1139 ad

1893 1177 2189 1246 septimum
2254 1190 2480 1229 annum.
2545 1174 2842 1245 Presbyter
2901 1187 3082 1230 autem
3136 1176 3231 1245 qui
3282 1184 3474 1230 contra

1893 1268 2185 1323 terminum
2237 1267 2718 1337 redintegrationis
2755 1267 2989 1338 aliquem
3033 1270 3086 1321 in
3117 1276 3318 1323 emtum
3349 1267 3471 1334 pio-

1895 1376 2014 1414 rum
2078 1361 2363 1430 receperit,
2417 1375 2541 1413 cum
2562 1374 2663 1413 suo
2708 1360 2881 1428 ipsius
2928 1358 3171 1429 periculo
3217 1360 3271 1411 id
3322 1358 3473 1415 facit.

1891 1450 2028 1505 Nam
2074 1451 2237 1506 homo
2284 1451 2357 1505 ita
2393 1459 2644 1520 receptus
2683 1450 2748 1504 de
2769 1459 2911 1505 statu
2952 1450 3140 1519 gratia:
3192 1450 3478 1519 dejicietur

1894 1559 1988 1613 per
2030 1543 2392 1613 septennium.
2447 1543 2573 1597 Haec
2618 1557 2786 1612 porro
2834 1543 3089 1599 scandala
3130 1559 3321 1598 eorum
3371 1543 3465 1612 qui

1893 1635 2197 1705 antiquitus
2219 1635 2371 1705 regni
2398 1634 2640 1691 habenas
2667 1635 2940 1699 tenebant,
2960 1651 3097 1706 opus
3122 1646 3297 1691 erant.
3315 1633 3469 1689 Nunc

1892 1738 2073 1780 autem
2095 1724 2295 1790 Patris,
2316 1734 2370 1779 et
2388 1725 2532 1790 Filii,
2556 1733 2611 1781 et
2636 1724 2873 1795 Spiritus
2893 1727 3066 1782 sancti
3099 1727 3473 1783 benevolentia

1891 1826 1948 1871 et
1974 1818 2167 1886 gratia,
2225 1830 2441 1871 necnon
2489 1818 2850 1872 sanctissima:
2883 1817 3124 1888 Deiparze
3174 1827 3228 1873 et
3282 1819 3465 1891 magni

203 1906 309 1960 τοῦ
336 1907 662 1973 ἀξιωθέντος
693 1908 843 1978 παρὰ
871 1905 960 1961 τὸν
989 1905 1293 1976 ὡρισμένον
1322 1905 1492 1960 τύπον
1520 1906 1617 1975 τῆς
1641 1905 1789 1972 θείας

1900 1906 2229 1960 exercituum
2260 1906 2416 1962 ducis
2447 1907 2653 1962 auxilio
2691 1908 3003 1964 sacerdotes
3039 1909 3316 1965 solitarius
3350 1912 3476 1966 inde

201 2001 500 2062 κοινωνίας
529 1998 691 2053 πάλιν
718 2000 796 2063 εἰς
834 1999 893 2052 τὸ
925 1996 1286 2069 ἀκοινώνητον
1340 1997 1795 2069 περιισταμένου,

1909 2012 1941 2050 a
1963 1998 2256 2067 nonaginta
2286 1999 2446 2053 annis
2473 1999 2543 2053 ob
2572 2014 2794 2055 causam
2827 2015 2990 2070 quam
3020 2003 3477 2056 commemoravi-

206 2086 381 2159 μέχρι
418 2090 518 2160 τῆς
550 2088 995 2160 συμπληρώσεως
1024 2088 1117 2142 τοῦ
1171 2086 1402 2159 ἑϐδόμου
1437 2089 1589 2153 ἔτους
1614 2106 1628 2120 ⁸
1659 2088 1797 2142 ἀλλὰ

1900 2104 2022 2144 mus
2073 2104 2296 2159 regnum
2360 2089 2632 2159 placidum
2695 2091 3085 2159 imperaturum
3161 2100 3477 2148 uestrorum

201 2178 285 2231 τὰ
312 2180 585 2235 σκάνδαλα
609 2180 763 2252 δῆλον
790 2180 962 2235 ταῦτα
995 2181 1094 2252 μὲν
1123 2180 1196 2244 ὠς
1226 2180 1523 2252 δεδήλωται
1554 2181 1660 2233 ὑπὸ
1687 2180 1795 2233 τῶν

1900 2176 2077 2233 Basilii
2103 2188 2155 2232 et
2173 2177 2517 2234 Constantini
2552 2179 2840 2249 conjunxit
2884 2181 2938 2235 in
2978 2198 3257 2253 unamque
3287 2186 3476 2239 catho-

202 2268 388 2322 πάλαι
431 2270 865 2340 βασιλευσάντων
916 2269 1289 2341 ἐπράχθησαν.
1328 2267 1445 2323 Νῦν
1492 2269 1549 2322 δὲ
1590 2272 1658 2341 τῇ
1695 2267 1792 2321 τοῦ

1900 2269 2057 2324 licam
2082 2279 2135 2323 et
2156 2271 2508 2339 apostolicam
2535 2271 2834 2327 Ecclesiam
2865 2277 3218 2330 coadunavit.
3249 2274 3476 2346 Oportet

202 2362 429 2433 Πατρὸς
474 2364 568 2417 καὶ
599 2362 730 2416 Υίοῦ
772 2362 869 2416 καὶ
896 2362 1054 2431 ἁγίου
1090 2360 1407 2431 Πνεύματος
1444 2358 1662 2431 εύδοκίᾳ
1700 2361 1793 2415 καὶ

1900 2360 2067 2431 igitur
2113 2362 2369 2418 maximis
2402 2363 2679 2433 {laudibus
2730 2365 2909 2421 eﬂ‘erri
2960 2384 3054 2424 eos
3084 2370 3177 2440 qui
3204 2369 3308 2424 boc
3339 2385 3480 2441 opus

200 2456 417 2526 χάριτι,
449 2456 541 2509 καί⁸
570 2458 689 2519 ταῖς
730 2456 825 2524 τῆς
856 2455 1135 2523 πανάγνου
1166 2455 1260 2507 καὶ
1300 2452 1649 2523 θεομήτορος,
1700 2456 1795 2508 καὶ

1900 2455 2143 2509 divinum
2169 2464 2223 2510 et
2248 2457 2524 2512 excelsum
2558 2468 2960 2529 perpetrarunt.

200 2552 333 2612 ταῖς
374 2548 469 2601 τοῦ
526 2548 761 2619 μεγάλου
799 2546 1239 2617 ἀρχιστρατήγου
1280 2544 1619 2616 πρεσϐείαις,
1655 2549 1780 2611 τοὺς
1815 2548 1916 2618 ἤδη
1958 2548 2062 2619 πρὸ
2091 2549 2413 2619 ἐνενήκοντα
2468 2551 2674 2621 χρόνων
2739 2552 2927 2606 ἕνεκεν
2984 2554 3082 2624 τῆς
3116 2555 3481 2627 προδηλωθεί-

200 2658 311 2712 an;
362 2641 541 2705 αἰτίας
591 2642 685 2695 καί⁸
734 2641 985 2712 ἀφορμῆς
1029 2639 1444 2711 ἀπορραγέντας
1516 2639 1685 2710 ἱερεῖς
1723 2642 1817 2694 καὶ
1858 2641 2219 2711 μονάζοντας,
2256 2643 2289 2712 ἡ
2358 2643 2707 2712 παγγάληνος
2746 2645 2990 2716 βασιλεία
3029 2647 3138 2701 τῶν
3172 2648 3482 2718 θεοστεφῶν

204 2732 484 2805 βασιλέων
511 2733 669 2804 ἡμῶν
699 2732 981 2785 Βασιλείου
1012 2732 1106 2786 καὶ
1133 2729 1545 2785 Κωνσταντίνου
1578 2730 1781 2801 συνῆψέ
1822 2750 1880 2785 τε
1912 2735 2006 2786 καὶ
2039 2733 2337 2804 συνήνωσε,
2375 2735 2470 2787 καὶ
2538 2734 2666 2805 μίαν
2731 2735 3024 2807 καθολικὴν
3055 2738 3151 2789 καὶ
3195 2738 3484 2792 ἀποστολιο

202 2826 314 2897 κὴν
361 2824 688 2895 Ἐκκλησίαν
707 2822 1001 2894 εἰργάσατο
1020 2837 1034 2851 °
1065 2822 1187 2876 ὅθεν
1212 2820 1389 2894 χρεὼν
1416 2820 1895 2892 ἀνακηρύττεσθαι
1956 2840 2016 2876 τε
2045 2825 2139 2877 καὶ
2203 2823 2601 2894 μεγαλύνεσθαι
2663 2826 2790 2891 τοὺς
2847 2825 3087 2882 τοιοῦτον
3109 2828 3351 2898 θεοφιλὲς
3380 2841 3482 2894 καὶ

201 2918 495 2987 ἀξιόλογον
517 2916 678 2989 ἔργον
705 2915 1155 2987 πεπληρωκότας.
3292 2988 3301 2998 ,

205 3035 540 3094 Βασιλείου
573 3033 773 3105 κανὼν
800 3031 864 3093 δ’,
894 3037 981 3100 ιη’,
1013 3036 1119 3098 κγ’,
1152 3027 1251 3105 κδ’,
1303 3034 1415 3105 μα’,
1447 3033 1511 3095 ν’,
1546 3032 1648 3097 νγ,
1689 3024 1789 3094 ξς,

1906 3029 2105 3085 Basilii
2152 3048 2377 3087 canones
2391 3103 2415 3105 η
2428 3032 2485 3105 tl,
2508 3032 2604 3105 ‘18,
2636 3032 2729 3098 25,
2750 3034 2861 3105 724,
2895 3035 2984 3101 41,
3022 3034 3113 3104 50,
3143 3038 3232 3105 55,
3263 3039 3354 3103 67,
3386 3040 3478 3102 68.

642 3104 743 3174 ξη’,
774 3108 866 3167 σε’,
897 3099 1002 3166 ος¹,
1033 3107 1136 3169 οη’,
1166 3099 1262 3165 00',
1295 3099 1369 3154 π’.

2390 3103 2474 3169 75,
2506 3103 2592 3169 76,
2622 3104 2712 3169 78,
2748 3104 2834 3171 79,
2868 3106 2958 3161 80.

278 3200 349 3253 δ’.
382 3198 519 3267 Περί
541 3195 826 3267 τριγάμων
855 3192 948 3245 καὶ
974 3192 1326 3262 πολυγάμων,
1362 3190 1453 3243 τὸν
1483 3189 1643 3244 αὐτὸν
1664 3187 1787 3259 ὥρι-

1960 3192 2126 3264 410
2145 3195 2199 3249 4.
2218 3193 2291 3248 De
2312 3196 2553 3262 trigamis
2576 3204 2630 3250 et
2646 3197 2833 3266 polyga
2844 3200 2945 3250 tuis
2959 3198 3478 3257 detiniereeumdent

208 3310 314 3346 σαν
378 3290 601 3355 κανόνα,
657 3287 716 3340 δν
769 3288 860 3340 καὶ
910 3286 1005 3337 ἐπὶ
1052 3282 1159 3337 τῶν
1198 3283 1444 3355 διγάμων
1481 3282 1790 3350 ἀναλόγωςο

1904 3298 2190 3344 canonem,
2218 3298 2377 3353 quem
2404 3285 2543 3338 etde
2564 3284 2818 3355 digamis,
2846 3296 3060 3342 servata
3089 3292 3476 3359 proportione:

205 3383 462 3438 ἐνιαυτὸν
494 3380 593 3452 μὲν
616 3382 724 3450 γὰρ
756 3378 849 3431 ἐπὶ
871 3377 979 3431 τῶν
1002 3377 1272 3447 διγάμων,
1298 3375 1449 3429 ἄλλοι
1476 3374 1532 3427 δὲ
1560 3373 1653 3427 δύο
1673 3373 1790 3443 ἐτησ

1902 3390 2107 3430 annum
2150 3376 2401 3430 videlicet
2430 3376 2484 3430 in
2517 3378 2766 3447 digamis,
2811 3380 2902 3433 alii
2936 3395 3065 3435 vero
3097 3383 3237 3437 duos
3273 3399 3469 3441 annos.

206 3477 341 3539 τοὺς
387 3473 444 3526 δὲ
491 3472 829 3544 τριγάμους,
866 3471 923 3522 ὲν
960 3469 1108 3539 τρισὶ
1147 3468 1244 3521 καὶ
1280 3467 1504 3536 τέτρασι
1535 3463 1794 3526 πολλάκις

206 3567 393 3619 ἐτεσιν
437 3564 815 3635 ἀφορίζουσιν.
847 3559 1201 3629 Ὀνομάζουσι
1242 3558 1300 3611 δὲ
1339 3557 1400 3610 τὸ
1428 3555 1668 3610 τοιοῦτον
1697 3555 1791 3608 οῦ-

207 3660 337 3711 κέτι
370 3659 568 3726 γάμον,
619 3654 755 3708 ἀλλὰ
802 3652 1165 3721 πολυγαμίαν,
1205 3651 1404 3722 μᾶλλον
1444 3650 1501 3703 δὲ
1534 3648 1792 3719 πορνείαν

205 3750 632 3820 κεκολασμένην
649 3764 663 3779 ο
680 3748 759 3800 διὸ
780 3748 873 3800 καί
893 3748 920 3798 ὁ
938 3745 1141 3815 Κύριος
1162 3749 1225 3815 τῇ
1252 3744 1603 3815 Σαμαρείτιδι
1632 3745 1792 3796 πέντε

206 3845 417 3915 ἄνδρας
446 3842 801 3914 διαμειψάσῃ,
830 3842 932 3893 Ὃν
952 3838 1089 3904 νῦν,
1126 3838 1312 3908 φησὶν,
1336 3838 1516 3906 ἔχεις,
1542 3840 1651 3893 οὐκ
1671 3837 1793 3889 ἐστι

205 3952 334 3993 σου
356 3936 540 4005 ἀνήρ·
564 3935 639 3999 ὡς
667 3935 849 3987 οὐκέτι
875 3932 1037 3998 ἀξίων
1054 3931 1237 3989 ,ὄντων
1258 3931 1366 3984 τῶν
1388 3928 1793 4000 ύπερεκπεσόν-

208 4048 324 4084 των
355 4029 450 4083 τοῦ
488 4028 692 4101 μέτρου
732 4026 833 4097 τῆς
857 4023 1138 4095 διγαμίας,
1168 4023 1245 4094 τῷ
1274 4021 1368 4077 τοῦ
1404 4022 1593 4091 ἀνδρὸς
1618 4020 1652 4091 ἢ
1685 4022 1784 4090 τῆς

208 4121 475 4191 γυναικὸς
501 4118 782 4174 καλεῖσθαι
812 4118 1164 4189 προσρήματι
1182 4132 1198 4147 ο
1242 4112 1534 4185 συνήθειαν
1563 4113 1619 4167 δὲ
1660 4128 1790 4165 κατ-

210 4215 486 4284 σλάϐομεν
522 4212 615 4266 ἐπὶ
644 4212 752 4265 τῶν
772 4210 1076 4281 τριγάμων,
1109 4206 1431 4269 πενταετίας
1464 4202 1789 4275 ἁφορισμὸν,

209 4309 315 4362 οὐκ
362 4308 470 4361 ἀπὸ
511 4301 895 4371 κανόνος,ἀλλ’
946 4301 1053 4355 ἀπὸ
1085 4301 1183 4370 τῆς
1237 4298 1344 4351 τῶν
1388 4295 1790 4367 προειληφότων

213 4399 541 4456 ἀκόλουθον.
579 4398 668 4463 Δεῖ
719 4396 777 4449 δὲ
822 4395 898 4465 μὴ
941 4393 1118 4463 πάντη
1151 4390 1345 4453 αὐτοὺς
1370 4389 1656 4459 ἀπείργειν
1691 4388 1793 4455 τῆς

223 4490 592 4560 Ἐκκλησίας,
644 4487 760 4542 ἀλλ’
803 4486 1119 4555 ἀκροάσεως
1159 4483 1359 4545 αὐτοὺς
1402 4479 1588 4545 ἀξιοῦν
1615 4482 1672 4533 ἐν
1699 4479 1793 4533 δύο

212 4602 322 4639 που
354 4583 532 4635 ἔτεσιν
564 4582 597 4652 ἢ
632 4580 778 4651 τρισί
806 4595 820 4609 ·
850 4579 944 4632 καὶ
993 4576 1131 4648 μετὰ
1159 4574 1334 4628 ταῦτα
1361 4572 1675 4644 ἐπιτρέπειν
1700 4589 1792 4624 συ-

214 4676 446 4745 στήκειν
493 4674 614 4743 μὲν,
652 4676 751 4742 τῆς
794 4669 850 4722 δὲ
890 4666 1178 4721 κοινωνίας
1206 4663 1301 4718 τοῦ
1335 4660 1539 4731 ἀγαθοῦ
1586 4662 1790 4731 άπέχε-

213 4766 381 4820 σθαι·
414 4764 509 4817 καλ⁸
535 4760 704 4824 οὕτως
737 4757 1177 4828 ἐπιδειξαμένους
1214 4755 1426 4825 καρπόν
1471 4769 1592 4805 τινα
1625 4769 1788 4822 μετα·

211 4856 388 4917 νοίας.
414 4851 784 4922 ἁποκαθιστᾷν
811 4849 889 4920 τῷ
909 4849 1059 4919 τόπῳ
1082 4848 1178 4918 τῆς
1208 4844 1510 4907 κοινωνίας.

287 4954 384 5018 ιη’.
417 4947 552 5016 Περὶ
580 4944 687 4998 τῶν
711 4941 1056 4996 ἐκπεσουσῶν
1083 4939 1387 5010 παρθένων,
1418 4954 1472 4991 κ.
1500 4952 1550 4990 τ.
1587 4936 1639 4991 λ.

284 5046 400 5108 κγ’.
435 5038 572 5109 Περὶ
605 5036 661 5089 δὲ
694 5035 803 5087 τῶν
832 5034 923 5087 δύο
953 5033 1186 5100 ἀδελφὰς
1215 5029 1537 5099 γαμούντων
1567 5030 1599 5099 ἢ
1637 5028 1791 5081 ἁδελ-

214 5136 339 5204 φοϊς
358 5132 482 5185 δυσὶ
521 5128 903 5200 γαμουμένων,
923 5123 1274 5178 ὲπιστολίδιον
1305 5125 1438 5195 ἡμῖν
1468 5120 1793 5192 ἐκπεφώνη-

186 5276 191 5279 .
215 5245 334 5291 ται,
354 5219 416 5279 οὗ
442 5225 503 5278 τὸ
523 5223 855 5292 ἀντίγραφον
882 5218 1277 5288 άπεστείλαμέν
1305 5235 1397 5271 σου
1424 5219 1489 5288 τῇ
1515 5216 1789 5285 εύλαϐεΞᾳο

214 5322 241 5372 ὁ
270 5320 332 5373 δὲ
366 5315 598 5387 ἀδελφοῦ
653 5316 783 5367 ίδίου
813 5314 1046 5383 γυναῖκα
1079 5308 1281 5376 λαϐὼν,
1308 5311 1368 5361 ού
1412 5308 1677 5378 πρότερον
1704 5308 1791 5360 δε-

216 5412 483 5482 χθήσεται
517 5408 649 5479 πρὶν
668 5407 969 5477 ἀποστῆναι
999 5404 1191 5474 αὐτῆς.

285 5504 391 5557 κδ’.
425 5502 616 5573 Χήραν
641 5501 739 5569 τὴν
762 5498 1154 5566 καταλεγεῖσαν
1185 5498 1263 5558 είς
1297 5497 1388 5548 τὸν
1420 5493 1653 5563 ἀριθμὸν
1682 5493 1790 5545 τῶν

222 5597 427 5668 χηρῶν,
460 5594 704 5647 τουτέστι
733 5592 830 5661 τὴν
850 5589 1271 5659 διακονουμένην
1295 5588 1397 5641 ὑπὸ
1430 5588 1524 5657 τῆς
1563 5584 1790 5655 Ἐκκλης

226 5690 365 5755 σίας,
390 5688 604 5759 ἔκρινεν
632 5689 660 5740 ό
696 5683 1017 5748 Ἀπόστολος
1037 5682 1391 5755 γαμουμένην
1410 5680 1755 5752 παρορᾶσθαι
1774 5696 1785 5708 '

292 5864 716 5932 'Joa11.1v,18.
793 5865 814 5897 ⁸
842 5862 862 5918 1
894 5862 1037 5918 Tim.
1070 5880 1123 5930 v,
1154 5862 1239 5931 ll,
1283 5861 1367 5917 12.

1907 3467 2193 3538 Trigamos
2228 3480 2409 3524 autem
2452 3471 2648 3537 tribus,
2678 3483 2733 3527 et
2766 3487 2908 3543 saepe
2938 3487 3175 3544 quatuor
3208 3479 3368 3532 annis
3398 3493 3480 3533 sc-

1903 3571 2150 3631 gregant.
2185 3561 2243 3615 Id
2276 3572 2459 3617 antem
2483 3578 2591 3617 non
2621 3565 2856 3635 amplius
2886 3568 3224 3639 conjuginm,
3260 3571 3355 3625 sed
3381 3587 3478 3640 po-

1901 3655 2189 3726 lygamiam
2216 3655 2513 3725 appellant,
2552 3656 2635 3711 vel
2683 3659 2865 3727 potius
2913 3661 3248 3715 moderatam
3301 3661 3475 3717 forni-

1899 3747 2192 3802 cationem.
2244 3751 2587 3819 Quapropter
2655 3758 2710 3805 et
2774 3749 3038 3807 Dominus
3092 3752 3469 3821 Samaritanaa,

1898 3854 2020 3910 qua:
2070 3839 2293 3894 maritos
2344 3840 2584 3909 quinque
2634 3856 2730 3910 per
2774 3844 2922 3896 vices
2970 3844 3253 3912 habuerat,
3305 3844 3473 3910 Quem

1901 3944 2059 3990 nunc,
2112 3928 2309 3999 inquit,
2357 3929 2534 3995 habes,
2604 3932 2830 3985 maritus
2885 3948 2989 3985 non
3039 3943 3114 3987 est
3144 3935 3162 3965 ⁷
3209 3951 3223 3987 :
3270 3939 3472 4007 quippe

1899 4025 2044 4096 quod
2073 4026 2110 4080 ii
2138 4028 2229 4095 qui
2257 4027 2505 4098 digamite
2530 4044 2783 4083 mensura
2812 4030 3153 4096 exciderunt,
3181 4030 3332 4101 digni
3357 4049 3466 4088 non

1899 4120 2011 4174 sint
2045 4119 2140 4190 qui
2169 4120 2251 4174 vel
2286 4120 2467 4174 mariti
2508 4121 2591 4175 vel
2627 4121 2813 4176 uxoris
2844 4122 3066 4177 nomine
3109 4124 3469 4192 appellentur.

1898 4208 2019 4264 Jam
2087 4227 2219 4267 vero
2280 4213 2677 4269 consuetudine
2740 4216 3055 4283 accepimus
3110 4215 3164 4268 in
3226 4217 3473 4286 trigamis

1900 4299 2261 4370 quinquennii
2298 4304 2752 4372 segregationem,
2797 4319 2903 4358 11011
2943 4319 2973 4357 a
3005 4304 3329 4369 canonibtts,
3377 4307 3472 4361 sed

1899 4404 1995 4445 eos
2028 4392 2121 4461 qui
2152 4393 2868 4462 praecesseruntsequendo.
2904 4393 3130 4464 Oportet
3161 4409 3342 4451 autem
3376 4412 3474 4453 eos

1900 4499 2009 4539 non
2048 4485 2270 4538 omnino
2300 4500 2487 4539 arcere
2527 4484 2596 4539 ab
2626 4482 2888 4549 Ecclesia,
2933 4486 3027 4541 sed
3072 4486 3353 4543 auditione
3389 4488 3473 4544 di-

1896 4572 2052 4643 gnari
2096 4572 2308 4628 duobus
2345 4573 2426 4627 vel
2479 4572 2653 4627 tribus
2693 4574 2883 4628 annis:
2949 4589 3013 4629 ac
3069 4576 3296 4644 posthac
3338 4576 3470 4646 ipsis

1898 4663 2232 4732 permittere,
2278 4672 2336 4717 ut
2377 4663 2679 4717 consistant
2714 4663 2955 4733 quidem,
3001 4666 3309 4722 abstineant
3340 4682 3470 4722 vero

1898 4767 1929 4806 a
1975 4752 2102 4806 boni
2136 4754 2542 4815 communione,
2585 4763 2639 4808 et
2690 4755 2792 4819 sic,
2840 4756 3082 4812 exhibito
3134 4759 3469 4827 paenitentiae

1899 4844 2083 4913 aliquo
2106 4844 2306 4907 fructu,
2334 4845 2741 4900 communionis
2766 4846 2886 4901 loco
2917 4850 3226 4903 restituere.

1974 4936 2060 4990 l8.
2099 4935 2173 4990 De
2204 4936 2368 5005 lapsis
2392 4937 2715 5006 virginibus,
2740 4945 2871 5005 etc.,
2907 4947 2963 4991 ut
2988 4955 3110 5009 pag.
3142 4939 3266 4995 858.

1970 5028 2060 5083 25.
2094 5026 2167 5082 De
2197 5030 2263 5082 iis
2306 5036 2487 5083 autem
2535 5030 2627 5099 qui
2677 5030 2814 5085 duas
2864 5045 3083 5086 sorores
3128 5046 3328 5086 uxores
3371 5031 3468 5086 du-

1898 5129 2051 5184 cunt,
2084 5120 2164 5173 vel
2207 5120 2272 5175 de
2299 5122 2392 5189 giis
2438 5137 2556 5191 qua:
2598 5121 2813 5177 duobus
2845 5121 3108 5177 fratribus
3159 5122 3387 5187 nubunt,
3434 5140 3466 5180 a

1897 5211 2055 5266 nobis
2103 5211 2246 5266 edita
2286 5222 2371 5267 est
2411 5214 2666 5283 epistola,
2718 5213 2876 5283 cujus
2910 5215 3158 5268 misimus
3188 5216 3467 5283 exemplar

1898 5313 2002 5358 tua:
2029 5304 2235 5374 pictati.
2264 5305 2365 5371 Qui
2391 5316 2569 5360 autent
2598 5306 2681 5361 sui
2710 5305 2895 5361 fratris
2922 5320 3142 5359 uxorem
3168 5307 3461 5376 acceperit,

1896 5412 2001 5451 nou
2036 5398 2186 5466 prius
2212 5398 2546 5463 admittetur,
2577 5414 2739 5468 quam
2774 5399 2843 5452 ab
2872 5413 2931 5452 ea
2977 5398 3283 5453 recesserit.

1963 5488 2121 5560 411
2152 5490 2241 5545 24.
2295 5489 2543 5555 Viduam,
2595 5507 2715 5558 quae
2753 5491 2806 5544 in
2860 5491 3142 5545 viduarum
3176 5507 3461 5545 numerum

1897 5582 2063 5635 relata
2092 5595 2193 5647 est,
2250 5584 2353 5637 hoc
2382 5593 2484 5650 est,
2525 5599 2645 5653 quae
2673 5584 2741 5638 ab
2776 5583 3016 5638 Ecclesia
3048 5584 3227 5648 alitur,
3256 5582 3464 5651 judica-

1897 5676 1969 5729 vit
2018 5676 2309 5747 Apostolus
2358 5680 2650 5732 nubentem
2706 5676 2979 5732 contemni
3031 5676 3228 5732 debere
3255 5683 3297 5731 ⁸.
3338 5673 3465 5731 Viro
