3870 6290
537 315 645 381 899

1667 307 1928 369 PHOTII
1962 308 2469 371 PATRIARCHIE
2503 309 2614 371 CP.

3660 323 3744 387 900

540 430 729 479 autem
771 419 941 477 viduo
984 433 1070 475 rex
1106 415 1358 489 imposita
1403 429 1511 471 non
1543 426 1646 482 est,
1676 416 1770 470 sed
1804 415 1896 470 tali
1927 415 2128 470 sutlieit

2263 416 2385 488 ,νδρὶ
2430 416 2487 470 δὲ
2522 414 2881 487 χηρεύσαντι,
2912 415 3089 480 οὐδεὶς
3133 415 3401 472 ἐπίκειται
3450 420 3614 492 νόμος,
3654 430 3735 486 ἀλλ

542 529 703 587 pinna
754 514 1121 586 digamorum.
1163 513 1334 566 Porro
1383 508 1547 564 vidua
1595 508 1879 577 sexaginta
1943 523 2120 563 annos

543 617 695 671 nata,
739 606 787 662 si
838 619 1033 661 rursus
1078 618 1184 658 una
1228 617 1353 658 cum
1407 602 1527 655 viro
1578 599 1824 654 habitare
1870 598 2125 662 voluerit,

545 698 676 754 boni
724 697 1117 753 communione
1168 709 1276 749 non
1320 692 1657 764 dignabitur,
1694 692 1870 747 donec
1908 693 1977 747 ab
2020 692 2129 746 im-

544 790 798 862 puritatis
830 789 965 845 vitio
998 787 1291 843 destiterit.
1345 785 1454 841 Sed
1483 786 1529 840 si
1559 795 1687 839 ante
1721 784 2010 855 sexaginta
2036 798 2128 839 an-

547 898 651 939 nos
681 897 807 937 eam
870 880 1310 951 ascripserimus,
1341 887 1529 933 nostra
1571 885 1674 939 est,
1723 890 1831 931 non
1882 876 2130 934 mulieris

545 973 729 1043 culpa.

616 1063 707 1118 41.
748 1060 881 1129 Quae
909 1061 963 1116 in
999 1059 1263 1115 viduitate
1292 1060 1455 1114 habet
1502 1059 1588 1113 sui
1628 1065 1974 1129 potestatem,
2019 1073 2127 1113 una

546 1170 675 1213 cum
725 1155 846 1209 viro
908 1153 1160 1208 habitare
1203 1159 1384 1221 potest
1432 1151 1554 1206 sine
1591 1150 2036 1221 reprehensione,
2080 1152 2130 1206 si

546 1262 710 1305 nerito
733 1254 817 1302 est
859 1246 954 1317 qui
996 1246 1317 1315 coniugium
1374 1245 1613 1309 divellat,
1664 1260 1789 1299 cum
1836 1244 2130 1313 Apostolus

544 1340 728 1396 dicat:
763 1336 825 1393 Si
864 1348 1102 1392 mortuus
1143 1338 1212 1391 sit
1271 1337 1518 1403 maritus,
1570 1336 1736 1390 libera
1773 1344 1849 1390 est
1878 1344 1936 1388 ιιι
1967 1333 2130 1388 nubat

547 1432 637 1487 cui
664 1429 828 1493 velit;
861 1439 1070 1484 tantum
1097 1430 1153 1483 in
1185 1428 1411 1483 Domino
1437 1429 1483 1481 '.

617 1524 709 1580 50.
744 1522 1037 1594 Trigamiaa
1069 1522 1153 1577 lex
1187 1537 1297 1575 non
1327 1530 1429 1575 est.
1471 1520 1654 1586 Quare
1702 1519 1815 1589 lege
1846 1518 2134 1574 matrimo-

548 1615 702 1670 nium
739 1616 964 1670 tertium
994 1629 1105 1669 non
1135 1615 1501 1669 contrahitur.
1530 1614 1609 1667 Ac
1637 1613 1765 1667 talia
1794 1613 2040 1683 quidem,
2072 1621 2132 1667 ut

550 1707 812 1765 Ecclesiae
840 1708 1276 1779 inquinamenta,
1328 1708 1613 1762 habemus.
1645 1705 1751 1760 Sed
1794 1706 2127 1761 condemna-

2232 508 2414 562 ίκανδν
2433 507 2509 579 τῷ
2529 507 2757 579 τοιούτῳ
2788 508 2850 562 τὸ
2874 507 2983 562 τῶν
3010 507 3255 580 διγάμων
3279 510 3558 581 ἐπιτίμιον.
3574 518 3629 573 Ἠ
3644 522 3746 587 μέν.

2226 615 2312 652 τοι
2360 600 2506 670 χήρα
2548 599 2942 670 ὲξηκονταετὴς
2973 603 3251 669 γεγονυῖα,
3281 602 3377 656 ἐὰν
3406 603 3581 675 ἕληται
3616 610 3750 663 πάλιν

2227 690 2389 763 ἀνδρὶ
2420 695 2713 759 συνοικεῖν,
2742 692 2802 746 ού
2849 692 3321 765 καταξιωθήσεται
3350 698 3449 766 τῆς
3472 698 3559 751 τοῦ
3587 688 3751 769 ἀγαθοῦ

2229 782 2540 847 κοινωνίας,
2577 783 2680 848 ἕως
2711 783 2779 838 ἀν
2806 783 2902 837 τοῦ
2931 784 3141 849 πάθους
3169 788 3268 853 τῆς
3294 786 3619 859 ἀκαθαρσίας
3642 794 3754 849 ma.

2230 890 2423 946 σηται’
2451 876 2548 930 ὲάν
2577 876 2762 948 μέντοι
2813 877 2918 948 πρὸ
2944 877 3212 949 ἑξήκοντα
3239 878 3376 933 ἐτῶν
3407 881 3753 956 ἀριθμήσωμεν

2229 968 2422 1040 αὐτὴν,
2461 969 2735 1041 ἡμέτερον
2759 969 2821 1024 τὸ
2849 968 3017 1042 ἐγκλη
3026 988 3102 1042 μα
3135 971 3196 1024 οὐ
3218 972 3314 1025 τοῦ
3332 973 3574 1036 γυναίου.

2304 1058 2415 1131 μα’.
2455 1060 2522 1113 Ἦ
2556 1060 2613 1113 ὲν
2637 1062 2705 1132 τῇ
2730 1060 2925 1133 χηρείᾳ
2953 1061 3205 1127 ἐξουσίαν
3233 1062 3435 1133 ἑαυτῆς
3460 1062 3640 1135 ἔχουσα
3662 1086 3758 1124 συν-

2229 1151 2400 1202 οικεῖν
2420 1150 2574 1220 ἀνδρὶ
2599 1151 2953 1222 ἀνέγκλητος,
2975 1154 3027 1205 εἰ
3051 1152 3241 1224 μηδείς
3266 1155 3415 1208 ἐστιν
3434 1156 3699 1213 όϐιασπῶν
3714 1164 3760 1219 ιδ

2234 1240 2570 1294 συνοικέσιον
2588 1255 2603 1271 ⁶
2629 1240 2723 1295 τοῦ
2761 1242 3080 1297 Ἀποστόλου
3104 1244 3372 1309 είπόντος·
3409 1245 3545 1301 Ἐὰν
3568 1249 3630 1304 δὲ
3650 1252 3760 1309 ἀπο.

2232 1335 2387 1404 θάνῃ
2417 1340 2449 1391 ό
2486 1335 2665 1405 ἀνὴρ,
2693 1335 2981 1408 ἐλευθέρα
3007 1339 3181 1393 ἐστίν
3197 1330 3247 1406 ᾧ
3270 1339 3430 1396 θέλει
3456 1347 3757 1417 γαμηθῆναι.

2224 1428 2421 1499 μόνον
2448 1428 2519 1481 ἐν
2547 1430 2761 1499 Κυρίῳ.
3020 1422 3031 1433 Χ

2302 1528 2368 1577 ν’.
2401 1522 2712 1594 Τριγαμίας
2739 1522 2904 1593 νόμος
2932 1522 3035 1577 οὑκ
3075 1524 3247 1589 ἔστιν,
3283 1523 3431 1579 ὥστε
3459 1525 3602 1597 νόμῳ
3621 1530 3762 1601 τρίτος

2232 1614 2412 1685 γάμος
2439 1615 2540 1667 οὐκ
2564 1614 2776 1683 ἄγεται·
2800 1616 2869 1669 τά
2892 1616 3076 1687 μέντοι
3102 1616 3355 1683 τοιαῦτα,
3380 1616 3457 1682 ὡς
3484 1619 3762 1692 ρυπάσματα

2233 1706 2334 1777 τῆς
2389 1706 2714 1777 Ἑκκλησίας
2761 1706 3009 1779 ὁρῶμενο
3057 1710 3351 1781 δημοσίαις
3393 1710 3453 1764 δὲ
3499 1714 3763 1781 καταδίκαις

549 1798 793 1855 tionibus
826 1800 1060 1870 publicis
1096 1814 1207 1853 non
1232 1799 1560 1871 subjieimus
1598 1810 1656 1854 ut
1677 1799 1856 1853 soluta
1885 1797 2122 1853 fornica-

2263 1801 2321 1870 ὒχ
2351 1800 2745 1872 ὁποϐἀλλομεν,
2790 1802 2868 1867 ὡς
2923 1804 3021 1875 τῆς
3048 1804 3344 1876 ἀνειμένης
3388 1806 3629 1877 πορνείας
3648 1811 3764 1882 clpe.

553 1892 701 1947 tione
726 1893 900 1962 magis
925 1892 1194 1963 eligenda.

623 1982 716 2037 55.
780 1982 957 2038 Vidua
1008 1983 1206 2037 ancilla
1251 1982 1485 2038 fortasse
1545 1996 1654 2036 non
1698 1981 1930 2035 multum
1980 1980 2132 2050 lapsa

550 2086 659 2144 est,
692 2091 815 2147 quae
844 2076 1115 2130 secundas
1143 2075 1364 2144 nuptias
1393 2089 1490 2144 per
1529 2084 1716 2144 raptus
1748 2073 1985 2143 speciem
2015 2072 2132 2127 ele-

549 2168 648 2238 git.
697 2166 1064 2233 Quamobrem
1115 2167 1187 2221 ob
1234 2167 1285 2220 id
1333 2164 1635 2220 incusanda
1697 2180 1802 2219 non
1859 2172 1965 2219 est.
2016 2161 2135 2217 Non

558 2261 704 2316 enim
735 2269 1032 2331 praetextus
1058 2259 1397 2329 judicantur,
1445 2256 1542 2311 sed
1568 2256 1842 2311 voluntas.
1872 2254 2022 2309 Illam
2047 2269 2139 2309 au-

553 2360 684 2417 tem,
716 2358 775 2404 ut
803 2350 1148 2420 perSpieuum
1177 2357 1281 2413 est,
1310 2356 1493 2402 manet
1521 2347 1771 2418 digamia:
1806 2361 1991 2417 poena.

629 2445 721 2499 67.
761 2443 898 2499 Cum
936 2457 1124 2499 sorore
1145 2445 1346 2509 coitus,
1385 2440 1668 2498 homicida:
1701 2450 1915 2512 tempus
1944 2441 2000 2494 in
2031 2453 2143 2509 μω-

554 2536 783 2592 nitentia
817 2535 1073 2606 explebit.

623 2629 713 2685 68.
762 2627 1119 2698 Cognationis
1165 2630 1221 2680 in
1263 2624 1522 2681 humanis
1587 2623 1796 2695 nuptiis
1851 2623 2139 2694 prohibita:

552 2724 888 2793 coniunctio,
923 2722 968 2777 si
999 2724 1052 2777 in
1084 2721 1322 2793 peccatis
1350 2720 1807 2791 deprehendatur,
1853 2717 2135 2773 adultero-

553 2831 676 2870 rum
706 2829 897 2883 pamas
928 2813 1152 2867 subibit.

623 2904 788 2977 512
809 2903 896 2958 75.
936 2903 1039 2971 Qui
1065 2917 1192 2958 cum
1234 2916 1332 2956 sua
1356 2916 1422 2955 ex
1457 2911 1609 2971 patre
1630 2899 1715 2955 vel
1735 2915 1801 2955 ex
1833 2907 2005 2955 matre
2052 2915 2144 2956 su-

554 3014 680 3054 rore
714 3000 952 3068 pollutus
980 3004 1086 3063 est,
1124 3004 1256 3058 etc.,
1285 3005 1342 3048 ut
1375 3011 1496 3065 pag.
1538 2994 1662 3050 806.

628 3089 717 3145 76.
759 3089 958 3144 Eadem
997 3099 1081 3145 est
1108 3089 1245 3144 ratio
1273 3090 1341 3144 de
1386 3089 1451 3143 iis
1495 3102 1714 3158 quoque
1738 3087 1831 3157 qui
1868 3103 2000 3143 suas
2034 3103 2139 3143 nu-
2178 3122 2185 3127 -

556 3198 654 3239 rus
691 3182 991 3253 accipiunt.

629 3274 716 3330 78.
756 3274 956 3329 Eadem
988 3284 1169 3330 autem
1205 3273 1376 3328 forma
1409 3273 1728 3328 observetur
1757 3283 1813 3329 et
1837 3273 1891 3327 in
1918 3289 2013 3329 eos
2037 3274 2130 3344 qui

556 3382 781 3424 sorores
813 3368 950 3421 duas
984 3368 1035 3420 in
1072 3365 1491 3422 tnatrimonium
1518 3364 1746 3433 ducunt,
1778 3366 1881 3421 etsi
1906 3365 2137 3421 diversis

555 3458 915 3527 temporibus.

627 3574 721 3629 79.
754 3574 856 3641 Qui
888 3582 1069 3627 autem
1114 3573 1167 3627 in
1209 3588 1341 3629 suas
1376 3586 1640 3627 novercas
1670 3571 1971 3637 insaniunt,
2012 3584 2141 3629 sunt

552 3668 735 3723 eidem
779 3667 978 3722 canoni
1013 3666 1260 3730 obnoxii,
1312 3665 1402 3721 cui
1438 3675 1492 3719 et
1528 3664 1586 3733 ii,
1619 3666 1713 3736 qui
1765 3666 2045 3722 insaniunt
2080 3667 2138 3722 in

553 3776 687 3816 suas
717 3774 953 3814 SOI'OI'CS.

630 3854 720 3908 80.
790 3852 1160 3923 Polygamiam
1208 3848 1400 3905 Patres
1439 3849 1656 3906 silentio
1710 3850 2139 3921 praetermisere,

557 3954 623 4001 ut
646 3945 967 4009 belluinam,
1002 3958 1341 4014 prorsusque
1375 3944 1444 3997 ab
1471 3944 1750 3997 hominum
1780 3960 1977 4014 genere
2005 3946 2141 4001 alie-

564 4054 715 4095 nam.
752 4036 825 4091 Ea
871 4046 1053 4091 autem
1089 4036 1247 4090 nobis
1292 4035 1505 4090 videtur
1543 4044 1825 4105 peccatum
1861 4052 1982 4091 esse
2027 4038 2139 4092 for-

563 4132 840 4189 nicatione
913 4128 1113 4200 majus.
1173 4128 1515 4199 Quapropter
1562 4138 1991 4184 consentaneum
2053 4141 2138 4184 est

555 4241 657 4283 eos
695 4223 889 4292 subjici
938 4222 1266 4284 canonihus,
1316 4230 1375 4277 ut
1419 4223 1625 4277 scilicet
1663 4231 1949 4292 postquam
1995 4234 2142 4273 anno

556 4315 829 4384 ﬂeverint,
854 4326 907 4372 et
942 4316 1118 4371 tribus
1144 4316 1408 4371 substrati
1441 4314 1666 4382 fuerint,
1696 4313 1778 4370 sic
1818 4312 2132 4382 suscipian-

560 4418 674 4465 tur.

560 4499 817 4572 Ejusdem
848 4514 912 4553 ex
950 4496 1273 4572 epistola‘ad
1311 4496 1607 4572 Diodorum
1640 4494 1950 4572 Tarsensem
1983 4498 2048 4551 de
2076 4499 2141 4551 iis

631 4574 719 4641 qui
745 4572 876 4623 duas
926 4586 1129 4623 sorores
1164 4568 1384 4634 ducunt,
1416 4566 1491 4621 vel
1518 4566 1594 4641 _de
1627 4567 1836 4635 feminis
1871 4584 1987 4638 qum
2022 4572 2153 4622 duo-

634 4639 727 4694 bus
760 4641 1015 4709 fratribus
1039 4640 1377 4693 matrimonio
1407 4639 1823 4708 conjunguutur.

633 4732 914 4788 Venerunt
944 4734 1100 4789 nobis
1127 4733 1321 4787 litterae
1348 4731 1568 4785 nomine
1599 4730 1820 4784 Diodori
1858 4732 2155 4803 inscriptae,

559 4814 701 4870 elc.,
731 4820 785 4857 ιιι
816 4822 941 4876 pag.
982 4804 1110 4861 455.

639 4897 911 4969 Theophili
972 4896 1353 4965 archiepiscopi
1404 4893 1762 4949 Alexandrini
1793 4894 1865 4948 ad
1917 4895 2160 4966 Agatho-

560 4986 678 5025 ιιειη
689 5008 704 5023 .

634 5061 907 5116 Maximus
943 5059 1142 5115 asserit
1189 5074 1249 5114 se
1294 5056 1549 5113 Ecclesiae
1595 5057 1737 5128 leges
1807 5059 2148 5126 ignorantem

565 5153 757 5209 illicito
804 5151 1155 5207 matrimonio
1194 5149 1547 5220 conjunctum
1579 5165 1737 5215 esse,
1780 5160 1835 5205 et
1875 5151 2001 5221 quia
2047 5152 2151 5208 hoc

563 5262 690 5302 cum
732 5246 872 5299 male
905 5245 1067 5300 habet
1100 5246 1243 5314 quod
1270 5259 1376 5297 non
1412 5253 1560 5299 recte
1591 5255 1643 5298 et
1672 5259 1738 5297 ex
1773 5245 1964 5299 ordine
1990 5256 2147 5316 agat,

567 5338 857 5395 aliirmavit
882 5377 897 5401 ,
943 5337 1037 5407 qui
1066 5347 1255 5392 contra
1291 5337 1434 5408 leges
1473 5335 1598 5391 fecit
1629 5353 1723 5407 per
1758 5337 2150 5408 ignorantiam,

569 5451 625 5490 se
657 5434 725 5488 ab
760 5433 943 5487 illicita
980 5432 1102 5487 vitae
1144 5433 1406 5489 societate
1441 5449 1507 5487 cx
1553 5447 1822 5487 consensu
1870 5433 2152 5487 abstentu—

570 5544 687 5583 rum
716 5568 732 5594 ,
785 5527 874 5580 illa
916 5527 1080 5581 etiam
1125 5526 1228 5583 hoc
1258 5527 1491 5583 volente.
1541 5527 1596 5580 Si
1628 5543 1757 5595 ergo
1797 5527 2150 5594 probaveris,

569 5622 713 5693 quod
746 5620 848 5675 hoc
876 5635 938 5675 ex
975 5635 1245 5676 consensu
1279 5618 1499 5684 faciant,
1538 5629 1591 5674 et
1625 5634 1731 5672 non
1776 5616 1988 5684 fallant,
2022 5617 2153 5687 quia

638 5782 661 5815 ⁸
694 5779 860 5836 lCor.
888 5795 983 5845 vn,
1017 5777 1105 5835 59.

2234 1912 2471 1966 τωτερα.

2308 1994 2409 2055 νγθ.
2453 1988 2517 2041 Ἠ
2550 1987 2696 2060 χήρα
2734 1986 2895 2059 δούλη
2934 1989 2996 2042 ού
3024 1989 3167 2060 μέγα
3200 2005 3253 2043 τι
3289 1989 3564 2059 ἔπταισεν,
3588 1992 3768 2065 ἑλομένη

2234 2077 2489 2151 δεύτερον
2525 2081 2704 2150 γάμον
2749 2079 2807 2132 ὲν
2856 2081 3097 2152 σχήματι
3151 2082 3449 2153 ἁρπαγῆςο
3490 2083 3618 2138 ὥστε
3657 2088 3769 2141 οὐδὲν

2237 2169 2431 2225 τούτου
2462 2171 2650 2225 ἕνεκεν
2681 2173 3035 2243 ἐγκαλεῖσθαι
3066 2174 3171 2246 χρή
3193 2189 3208 2204 °
3237 2176 3300 2229 ού
3339 2176 3443 2246 γὰρ
3469 2176 3534 2230 τὰ
3565 2179 3769 2249 σχήματα

2240 2263 2521 2333 κρίνεται,
2555 2264 2671 2318 ἀλλ’
2704 2268 2735 2335 ἡ
2768 2266 3120 2338 προαίρεσις·
3147 2266 3309 2338 δῆλον
3344 2268 3403 2323 δὲ
3429 2269 3589 2324 ὅτιτὸ
3609 2272 3693 2342 τῆς
3714 2273 3772 2325 δι-

2241 2356 2448 2427 γαμίας
2480 2357 2665 2424 μένειν
2694 2358 2863 2429 αὐτὴν
2886 2360 3183 2431 ἐπιτίμιον.

2315 2447 2412 2513 εἶ’.
2469 2448 2535 2503 Ἠ
2565 2449 2922 2523 ἀδελφομιξία
2950 2452 3042 2506 τὸν
3068 2451 3162 2506 τοῦ
3186 2453 3397 2523 φονέως
3426 2455 3606 2526 χρόνον
3624 2456 3775 2528 ἐξομο.

2242 2540 2559 2611 λογήσεται.

2318 2630 2418 2703 ξη’.
2465 2633 2529 2686 Ἥ
2553 2634 2653 2705 τῆς
2684 2634 3063 2708 ἀπειρημένης
3093 2636 3419 2704 συγγενείας
3437 2637 3515 2701 είς
3542 2636 3775 2708 γάμονὰνσ

2244 2720 2483 2794 θρώπων
2518 2724 2799 2794 σύστασις,
2841 2730 2890 2782 εί
2925 2728 3204 2800 φωραθείη
3251 2732 3313 2783 ὲν
3345 2730 3683 2803 ἁμαρτήμασι
3706 2748 3775 2801 γε·

2244 2816 2541 2888 γενημένη,
2570 2819 2639 2872 τά
2663 2820 2772 2873 τῶν
2802 2820 3007 2891 μοιχῶν
3036 2821 3287 2892 ἐπιτίμια
3312 2820 3546 2887 δέξεται.

2319 2908 2413 2963 σε’.
2463 2910 2522 2965 '0
2563 2911 2768 2983 ἀδελφῇ
2804 2912 2912 2985 ίδξᾳ
2941 2913 3005 2967 ὲκ
3050 2914 3257 2986 πατρὸς
3283 2913 3319 2986 ἢ
3352 2915 3419 2969 ὲκ
3450 2914 3641 2987 μητρὸς
3670 2932 3778 2989 συμ-

2251 2999 2521 3071 μιανθεὶς,
2550 3018 2606 3056 κ.
2632 3018 2685 3057 τ.
2712 3001 2764 3057 λ.

2318 3097 2427 3155 ος¹.
2480 3091 2539 3145 '0
2571 3093 2735 3157 αὐτὸς
2777 3093 2947 3161 τύπος
2990 3096 3087 3150 καὶ
3125 3097 3256 3170 περὶ
3306 3096 3420 3151 τῶν
3469 3095 3566 3161 τὰς
3604 3095 3775 3168 νύμφας

2248 3182 2459 3236 ἑαυτῶν
2496 3182 2903 3255 λαμϐανόντων.

2320 3273 2419 3347 οη’.
2475 3276 2534 3330 '0
2564 3278 2725 3342 αὐτὸς
2752 3279 2809 3332 δὲ
2832 3279 3105 3351 κρατείτω
3130 3280 3305 3347 τύπος
3349 3283 3445 3336 καὶ
3473 3284 3561 3338 ἐπὶ
3590 3284 3684 3339 τῶν
3710 3284 3777 3340 δύο

2249 3366 2488 3437 ἀδελφὰς
2531 3370 2918 3442 λαμϐανόντων
2962 3374 3043 3437 εἰς
3092 3375 3451 3441 συωικέσιον,
3486 3377 3534 3429 εί
3558 3377 3642 3431 καὶ⁵
3673 3378 3777 3430 κατὰ

2249 3462 2541 3534 διαφόρους
2566 3466 2812 3535 χρόνους.

2324 3554 2419 3610 σθ’.
2462 3557 2525 3609 Ol
2548 3556 2603 3610 δὲ
2625 3559 2746 3620 ταῖς
2770 3560 3040 3630 μητρυαῖς
3062 3557 3271 3612 ἑαυτῶν
3296 3560 3702 3631 ὲπιμαινόμενοι,
3722 3560 3778 3631 τῷ

2251 3646 2402 3714 αὐτῷ
2427 3648 2746 3703 ὑπόκεινται
2773 3651 2981 3717 κανόνι,
3019 3644 3063 3719 ᾧ
3092 3654 3187 3705 καὶ
3213 3652 3263 3705 οί
3294 3655 3420 3717 ταῖς
3444 3653 3643 3708 ἑαυτῶν
3665 3652 3778 3708 ἁδελ-

2254 3743 2384 3811 φαῖς
2420 3743 2857 3813 ὲπιμαινόμενοι.

2324 3838 2399 3886 π’.
2440 3833 2551 3905 Τὴν
2579 3834 2636 3888 δὲ
2676 3834 3025 3906 πολυγαμίαν
3049 3836 3100 3890 οί
3132 3837 3383 3910 Πατὲρες
3421 3834 3776 3910 ἁπεσιὼπησαν,

2251 3919 2327 3984 ὡς
2352 3920 2621 3993 κτηνώδη,
2646 3923 2741 3975 καὶ
2769 3923 3050 3988 παντελῶς
3077 3925 3371 3997 ἀλλοτρίαν
3393 3926 3489 3980 τοῦ
3513 3926 3680 3996 γένους
3698 3925 3777 3978 τῶν

2252 4013 2586 4085 ἀνθρώπων*
2637 4016 2769 4087 ήμῖν
2805 4015 2862 4070 δὲ
2905 4017 3259 4087 παρίσταται,
3292 4018 3462 4073 πλέον
3496 4035 3547 4072 τι
3577 4020 3777 4089 πορνείας

2253 4100 2395 4157 εἶναι
2423 4105 2485 4157 τὸ
2509 4106 2843 4178 ἁμάρτημα·
2865 4108 3110 4179 δηλονότι
3133 4112 3386 4167 ἐνιαυτὸν
3417 4110 3775 4192 προσλιλαύσανο

2253 4214 2384 4261 τας,
2422 4198 2517 4251 καὶ
2564 4200 2623 4252 ὲν
2668 4200 2848 4271 τρισὶν
2889 4203 3363 4273 ἀκροασαμένους,
3412 4206 3508 4259 καὶ
3550 4207 3603 4259 ἐν
3643 4204 3777 4278 τρισὶν

2256 4290 2654 4360 ὑποπεσόντας,
2680 4292 2824 4348 οὕτω
2851 4295 3075 4360 δεκτοὺς
3102 4292 3265 4352 εἶναι.

2264 4475 2375 4531 Τοῦ
2403 4477 2591 4533 αὐτοῦ
2618 4477 2687 4532 ἐκ
2712 4478 2826 4547 τῆς
2857 4477 3007 4547 πρὸς
3048 4479 3344 4548 Διόδωρον
3374 4478 3682 4549 ἐπιστολῆς
3701 4480 3778 4532 τὸν

2338 4550 2587 4622 Ταρσοῦ,
2627 4552 2779 4622 κατὰ
2806 4550 2926 4603 τῶν
2957 4551 3366 4622 δύογάδενίςρὰς
3394 4553 3725 4622 γαμούντων,
3750 4549 3773 4615 ἡ

2327 4618 2611 4688 ἀδελφοῖς
2641 4620 2785 4676 δυσὶ
2819 4621 3234 4693 γαμουμένων.

2340 4710 2597 4780 Ἀφίκετο
2624 4713 2778 4782 ήμῐνι
2816 4715 3146 4785 γράμματα,
3177 4714 3277 4784 τὴν
3302 4714 3609 4786 ἐπιγραφὴν
3631 4712 3776 4782 ἔχοντα

2257 4799 2547 4871 Διοδώρου,
2579 4818 2636 4856 κ.
2665 4819 2717 4855 τ.
2754 4803 2806 4858 λ.

2259 4895 2553 4963 Θεοφίλου
2582 4895 3061 4963 ἀρχιεπισκόπου
3102 4896 3557 4965 Ἀλεξανδρείας
3574 4937 3588 4962 ,
3615 4895 3673 4949 ἐκ
3698 4890 3777 4959 τῆς

2622 4968 2771 5034 πρὸς
2809 4966 3083 5037 Ἀγάθιον
3111 4967 3467 5037 ἐπιστολῆς.

2342 5056 2579 5126 Ἀγνοῶν
2620 5059 2745 5121 τοὺς
2790 5058 2891 5128 τῆς
2962 5060 3290 5131 Ἐκκλησίας
3318 5062 3513 5130 νόμους
3558 5058 3775 5125 Μάξιμος.

2257 5152 2628 5227 διισχυρίσατο
2668 5157 2968 5228 παρανόμῳ
3019 5157 3323 5228 συμϐιώσει
3382 5155 3663 5226 συνῆφθαι⁵
3709 5151 3775 5203 καὶ

2258 5247 2447 5318 ἐπειδὴ
2474 5248 2694 5319 θορυϐεῖ
2726 5250 2890 5303 αὑτὸν
2914 5250 2974 5303 τὸ
3004 5250 3309 5304 ἀσύνακτον
3336 5246 3497 5315 εἶναι,
3520 5245 3775 5302 διεϐεϐαιώ-

2261 5357 2410 5404 σατο,
2435 5340 2622 5411 ἐπειδὴ
2646 5341 2837 5411 ἀγνοίᾳ
2878 5342 2939 5395 τὸ
2970 5344 3286 5414 παράνομον
3312 5342 3552 5412 ἔδρασεν,
3588 5341 3643 5392 ὲκ
3674 5354 3775 5404 συμ-

2260 5433 2462 5502 φωνίας
2500 5434 2801 5505 ἀπέχεσθαι
2832 5435 2932 5503 τῆς
2959 5437 3276 5507 παρανόμου
3317 5434 3649 5505 συμϐιώσεως
3668 5429 3774 5480 ἐκεί·

2260 5543 2356 5594 νης
2384 5525 2684 5596 ἀγαπώσης
2729 5527 2825 5580 καὶ
2854 5528 3011 5580 τοῦτο
3029 5545 3043 5559 ο
3093 5529 3188 5580 ἐὰν
3218 5529 3393 5582 τοίνυν
3420 5527 3692 5598 δοκιμάςῃς
3715 5520 3775 5573 ὅτι

2260 5622 2417 5672 τοῦτο
2462 5618 2708 5675 ποιοῦσιν
2758 5622 2824 5674 ὲκ
2874 5620 3214 5691 συμφωνίας,
3258 5620 3352 5674 καὶ
3398 5622 3474 5692 μὴ
3522 5616 3770 5676 ἀπατῶσιν,
