3980 6398
176 373 274 440 901

983 376 1383 437 SYNTAGMA
1422 375 1805 437 CANONUM.
1836 402 1904 412 -
1931 377 2083 440 ΤΙΤ.
2116 377 2258 454 XII,
2297 378 2456 440 CAP.
2496 369 2552 442 ῘΙ
2563 382 2614 442 Ι.

3319 384 3426 449 902

172 485 360 558 ἐπειδὴ
391 484 655 555 δεκαέτης
697 483 814 539 ἐστὶ
841 485 1050 556 χρόνος,
1098 488 1148 539 εί
1184 488 1408 551 σκοπεῖς
1443 487 1579 558 μετά
1606 505 1744 540 κατε
1772 543 1773 548 η

1865 497 1928 541 :st
1974 497 2187 556 tempus
2237 488 2575 556 decennale;
2626 490 2672 547 si
2734 491 3048 548 consideres
3097 508 3194 551 eos
3231 495 3428 554 debere

172 579 488 652 ηχουμένων
518 578 713 640 αὐτοὺς
766 578 1096 646 συνάγεσθαι
1137 581 1298 644 τέως,
1328 578 1503 643 οὕτως
1545 579 1751 650 διοίκη-

173 687 291 725 σον·
335 672 386 723 εί
424 669 481 722 δὲ
520 671 750 740 συνορᾷς
792 671 874 723 ὅτι
914 671 1193 741 ἀπατῆσαι
1237 670 1614 742 βεβούληνται,
1651 671 1749 724 καὶ

167 765 339 817 δεῖται
362 764 432 816 τά
458 765 579 816 κατ’
609 764 806 826 αὑτοὺς
839 763 918 816 ἔτι
954 763 1222 833 στύψεως,
1247 764 1384 835 ὅπερ
1421 765 1594 828 ὁΘεὸς
1621 764 1752 816 ὑπο-

168 854 357 908 ϐάλλει
394 871 500 919 σοι,
531 853 691 907 τοῦτο
725 855 975 925 ποίησον,
1007 855 1283 926 πανταχοῦ
1313 855 1449 928 πρὸς
1476 856 1538 909 τὸ
1557 857 1751 926 ἐπέχον

165 950 570 1020 ὀδηγούμενος·
622 950 716 1003 ἐπὶ
757 949 867 1022 γὰρ
920 949 1031 1003 τῶν
1070 949 1252 1004 τόπων
1309 950 1612 1020 τυγχάνων,
1651 947 1752 1013 τάς

166 1041 398 1112 γνώμας
431 1041 610 1095 αὐτῶν
645 1041 843 1112 μᾶλλον
874 1041 1076 1095 εἰδέναι
1109 1040 1359 1095 δύνασαι.

252 1133 314 1185 Ὀ
347 1133 625 1196 πολιτικὸς
663 1133 822 1202 νόμος
855 1132 916 1186 οὑ
944 1131 1159 1197 κολάζει
1193 1131 1289 1203 τὴν
1325 1130 1753 1200 δευτερογαμίαν

163 1224 202 1293 ἢ
234 1224 607 1295 πολυγαμίαν,
646 1224 920 1279 ἔκπτωσιν
947 1225 1005 1278 δὲ
1044 1225 1252 1295 κερδῶν
1283 1224 1479 1293 ἐπάγει
1511 1225 1623 1286 τοῖς
1655 1239 1750 1290 γο-

166 1315 320 1368 νεῦσι
365 1314 884 1386 δευτερογαμοῦσιν,
937 1315 1182 1369 ὑπόντων
1225 1315 1408 1377 αὐτοῖς
1447 1313 1654 1365 παίδων
1689 1313 1754 1364 ὲκ

165 1407 263 1461 τοῦ
300 1410 573 1480 προτέρου
605 1410 936 1463 συνοικεσίου
959 1427 972 1440 ·
1001 1411 1130 1480 περὶ
1150 1409 1209 1461 δὲ
1237 1401 1311 1461 ὧν
1341 1408 1399 1460 ὲν
1425 1407 1618 1461 πλάτει
1640 1406 1755 1460 δια·

166 1501 442 1573 λαμὸάνει
475 1505 503 1556 ὁ
533 1500 573 1556 θ’
604 1503 710 1557 τίτ.
759 1503 852 1556 τοῦ
882 1500 923 1556 ε’
963 1501 1106 1574 βιϐλ.
1139 1500 1232 1556 τοῦ
1265 1499 1397 1555 κώδ.
1435 1500 1530 1555 xui
1557 1502 1589 1570 ἡ
1626 1500 1755 1570 περὶ

165 1596 368 1665 γάμων
396 1595 584 1667 Νεαρά
602 1612 615 1625 ·
641 1592 777 1649 Ἡδὲ
805 1596 944 1668 γυνὴ
976 1595 1113 1667 πρὸς
1143 1595 1355 1657 τούτοις
1383 1593 1754 1661 ἀναγκάζεται

171 1689 358 1756 μεῖναι
386 1689 478 1742 τὸν
518 1688 784 1757 πένθιμον
812 1687 1026 1759 χρόνον,
1060 1687 1338 1740 τουτέστιν
1367 1685 1631 1748 ἐνιαυτὸν,
1665 1683 1755 1738 διὰ

165 1778 266 1847 τὴν
319 1778 584 1850 σύγχυσιν
634 1779 732 1851 τῆς
760 1779 957 1849 γονῆς·
999 1779 1137 1849 ὅπερ
1167 1777 1260 1832 ἐπὶ
1297 1780 1392 1830 τοῦ
1434 1776 1627 1847 ἀνδρὸς
1655 1777 1756 1828 οὐκ

1851 579 2058 633 versari
2091 595 2214 634 cum
2247 583 2649 638 catecltuntenis
2670 623 2684 647 .
2718 600 2864 639 nunc
2909 601 3004 642 eos
3034 587 3114 641 sic
3147 589 3424 657 dispessa.

1855 669 1950 724 Sin
1984 680 2169 726 autem
2209 675 2357 728 vides
2387 676 2528 743 quod
2559 675 2810 746 decipere
2837 679 3005 744 velit,
3049 689 3103 734 et
3133 681 3428 736 acerbitate

1853 761 2034 816 adhuc
2070 762 2123 816 in
2156 780 2221 818 eo
2250 780 2388 833 opus
2435 766 2525 830 sit,
2583 767 2668 821 fac
2710 769 2762 824 id
2801 771 2944 839 quod
2991 772 3132 827 Deus
3160 772 3253 826 tibi
3294 789 3426 844 sug-

1852 854 2120 922 gesserit;
2164 855 2214 908 id
2247 870 2460 925 semper
2491 873 2723 928 sequens
2766 861 2914 931 quod
2956 863 3010 918 in
3051 879 3156 918 usu
3181 874 3264 919 est
3288 866 3428 921 vim-

1857 959 1963 1013 que
2008 945 2238 1000 obtinet.
2278 946 2413 1001 Nam
2473 963 2597 1004 cum
2663 951 2730 1007 iis
2800 954 2878 1009 sis
2923 954 2976 1009 in
3035 956 3202 1021 locis,
3239 971 3428 1012 eorum

1730 1070 1752 1091 .
1852 1050 2064 1095 mentes
2093 1041 2286 1096 melius
2318 1044 2465 1098 nullo
2489 1059 2820 1115 cognoscere
2848 1058 3023 1118 potes.

1927 1131 2144 1188 Temtus.
2169 1133 2331 1206 413
2385 1136 2571 1194 Civilis
2602 1139 2686 1194 lex
2720 1141 2916 1197 iterum
2968 1145 3234 1214 sapiusve
3269 1160 3427 1216 repe-

1855 1223 1980 1280 titas
1999 1240 2108 1280 non
2151 1227 2304 1294 punit
2332 1229 2568 1298 nuptias.
2591 1228 2863 1305 [Interim]
2902 1243 3081 1290 tamen
3106 1238 3427 1306 parentibus

1853 1317 1949 1386 qui
1979 1319 2362 1387 superstitibus
2395 1335 2460 1374 ex
2485 1323 2668 1391 priore
2711 1327 2950 1396 conjuge
2997 1328 3184 1383 hberis
3210 1330 3429 1399 nuptias

1856 1415 2053 1471 terant,
2105 1407 2381 1463 lucrorum
2421 1413 2772 1469 amissionem
2825 1417 3051 1472 inducit.
3112 1418 3186 1473 De
3217 1419 3419 1485 quibus

1857 1498 1962 1553 late
1991 1509 2186 1555 tractat
2213 1501 2362 1566 tit.9,
2396 1503 2490 1558 lib.
2517 1504 2571 1563 5.
2605 1503 2760 1572 Cod.,
2795 1519 2848 1563 et
2868 1509 3084 1564 Novella
3107 1511 3174 1566 de
3204 1514 3430 1582 nuptiis.

1856 1592 1936 1646 Ad
1977 1593 2088 1648 hare
2107 1610 2234 1648 vero
2262 1596 2459 1652 mulier
2488 1607 2713 1668 prOpter
2741 1603 3174 1658 commistionem
3201 1606 3429 1674 sangui-

1859 1684 1966 1748 nis,
2028 1702 2231 1740 annum
2296 1689 2580 1760 lugubrem
2612 1703 2929 1762 exspectare
2979 1696 3192 1764 cogitur
3233 1715 3247 1751 :
3285 1699 3428 1765 quod

1859 1775 1910 1829 in
1934 1776 2067 1831 viris
2094 1779 2270 1835 locum
2303 1798 2410 1836 non
2442 1784 2624 1839 habet.
2651 1783 2784 1852 Quae
2811 1787 2996 1857 itaque
3041 1800 3163 1857 post
3196 1800 3428 1845 mortem

167 1849 607 1942 ἑστι.ίΓαμοῦσα
636 1849 817 1926 τοίνυν
841 1871 946 1943 πρὸ
977 1889 1042 1924 συ
1053 1869 1432 1941 μπληρώσεως
1454 1868 1548 1922 τοῦ
1574 1869 1754 1921 ἐνιαυ-

1865 1865 1957 1919 viri
1988 1876 2115 1922 ante
2141 1870 2471 1938 completum
2523 1887 2722 1927 annum
2775 1875 2954 1941 nubit,
2989 1877 3208 1933 infamis
3257 1880 3435 1934 reddi-

166 1963 264 2018 τοῦ
307 1965 450 2033 μετά
487 1965 718 2020 θάνατον
747 1963 842 2018 τοῦ
872 1964 1085 2036 ἀνδρὸς,
1108 1963 1424 2033 ἀτιμοῦται,
1455 1963 1548 2015 xui
1569 1961 1630 2013 οὐ
1660 1959 1751 2013 δύ-

165 2074 329 2108 ναται
361 2055 524 2109 πλέον
546 2053 640 2108 τοῦ
671 2055 856 2126 τρίτου
882 2055 984 2124 τῆς
1008 2053 1193 2116 οὐσίας
1227 2054 1394 2122 αὑτῆς
1427 2052 1630 2108 διδόναι
1673 2049 1751 2121 τῷ

165 2148 408 2219 δευτέρῳ
439 2148 613 2219 ἀνδρὶ,
657 2148 690 2218 ἢ
722 2149 780 2201 ἐν
802 2147 1036 2218 διαθήκῃ
1079 2146 1402 2200 καταλιπεῖν
1423 2163 1437 2177 ο
1478 2146 1572 2200 καὶ
1610 2145 1749 2215 αὐτὴ

164 2239 324 2294 οὐδὲν
369 2240 480 2304 ἔξει
526 2239 633 2293 ἀπὸ
684 2237 1051 2310 κληρονομίας
1096 2238 1130 2308 ἢ
1170 2237 1431 2308 ληγάτου,
1474 2237 1507 2307 ἢ
1561 2238 1747 2290 mortis

166 2347 338 2385 causa
365 2331 574 2403 δωρεᾶς
593 2345 609 2360 °
650 2331 785 2384 ἀλλὰ
816 2330 990 2386 ταῦτα
1017 2330 1389 2399 λαμϐάνουσιν
1413 2330 1464 2382 οἱ
1494 2329 1753 2400 κληρονό-

169 2441 263 2492 μοι
300 2422 399 2476 τοῦ
447 2423 871 2486 καταλιπόντος⁸
912 2421 1011 2476 xui
1043 2422 1096 2476 εἴ
1133 2439 1188 2475 τι
1222 2421 1514 2474 κατέλιπεν
1552 2422 1690 2492 αὐτῇ
1726 2423 1754 2474 ὁ

169 2515 392 2587 πρῶτος
442 2517 605 2588 ἀνὴρ,
657 2516 996 2587 λαμσάνουσι
1057 2516 1198 2568 κατὰ
1249 2514 1457 2585 βαθμὸν
1504 2514 1574 2567 τά
1622 2513 1755 2566 δέκα

169 2611 469 2680 πρόσωπα,
520 2610 762 2672 ἀνιόντες
807 2610 901 2661 xui
950 2606 1232 2668 κατιόντες
1262 2606 1356 2658 xui
1401 2606 1464 2658 ἐκ
1497 2605 1752 2673 πλαγίου,

171 2703 338 2772 μέχρι
368 2701 623 2772 δευτέρου
648 2699 879 2771 βαθμοῦο
902 2699 962 2767 ἐξ
988 2698 1269 2753 ἀδιαθέτου
1294 2697 1621 2770 κληρονομεῖ
1646 2695 1755 2749 τῶν

172 2793 459 2862 συγγενῶν
488 2794 658 2863 αὐτῆς
681 2794 844 2864 μέχρι
869 2792 1033 2863 μόνου
1056 2791 1243 2864 τρίτου
1271 2789 1501 2861 βαθμοῦ,
1531 2791 1626 2844 καὶ
1654 2790 1755 2843 πά-

170 2902 268 2958 σης
294 2884 459 2950 ἀξίας
489 2888 781 2957 στερεῖται,
811 2885 907 2938 καὶ
931 2884 1038 2938 τῶν
1065 2884 1173 2937 ἀπὸ
1196 2881 1290 2936 τοῦ
1318 2883 1535 2956 πρώτου
1564 2882 1755 2954 ἀνδρὸς

172 2981 250 3042 είς
280 2969 458 3048 αὑτὴν
496 2978 758 3032 ἐλθόντων
792 2977 1063 3049 προφάσει
1107 2991 1356 3046 sponson,
1384 2975 1418 3045 ἢ
1452 2974 1594 3027 κατὰ
1634 2973 1756 3044 βού-

171 3071 334 3141 λησιν
362 3070 458 3123 τοῦ
508 3070 962 3140 τελευτήσαντοςο
1008 3068 1234 3139 μηδενὸς
1287 3067 1398 3120 τῶν
1451 3067 1756 3138 εἰρημένων

170 3162 306 3215 δέκα
334 3159 645 3232 προσώπων
665 3159 1079 3230 εὑρισκομένου,
1111 3159 1264 3230 χώρα
1292 3159 1369 3228 τῷ
1393 3159 1600 3229 φίσκῳ·
1633 3158 1756 3210 οὔτε

169 3252 270 3321 τῆς
308 3251 449 3322 πρὸς
473 3253 655 3321 γάμου
689 3252 897 3322 δωρεᾶς
927 3250 1215 3304 ἀπολαύει.
1246 3250 1311 3303 Ei
1336 3251 1393 3304 δὲ
1431 3253 1528 3305 xui
1559 3250 1758 3322 κληρο-

169 3345 344 3416 νόμος
368 3345 619 3416 ὲγράφη,
658 3345 708 3397 εί
740 3344 838 3415 μὲν
869 3343 1091 3415 μερικὴ,
1133 3342 1192 3396 τὸ
1223 3344 1388 3413 μέρος
1416 3342 1585 3413 αὐτῆς
1612 3343 1764 3415 παρὰ

168 3441 285 3503 τοῖς
324 3437 800 3510 συγκληρονόμοις
833 3437 984 3508 μένει
1006 3453 1019 3467 ·
1061 3438 1110 3490 εἰ
1137 3436 1193 3489 δὲ
1230 3436 1366 3508 μόνη
1395 3436 1611 3506 ἐγράφη
1631 3477 1646 3500 ,
1678 3437 1760 3499 εἰς

169 3530 298 3593 τοὺς
360 3527 422 3593 ἐξ
466 3527 750 3582 ἀδιαθέτου
791 3529 820 3580 ὁ
866 3526 1070 3598 κλῆρος
1100 3525 1355 3597 ἔρχεταιο
1389 3527 1422 3596 ἡ
1460 3526 1518 3578 δὲ
1565 3525 1760 3595 ἀτιμία

170 3620 388 3686 λύεται,
425 3620 665 3691 δεήσεως
696 3618 828 3689 παρ’
862 3619 1033 3689 αὐτῆς
1060 3618 1137 3688 τῷ
1170 3618 1379 3688 βασιλεί
1408 3616 1762 3687 προσαγομέ-

171 3733 292 3787 νης,
329 3716 428 3769 xui
463 3713 917 3784 φιλοτιμουμένου
949 3713 1140 3766 τοῦτο’
1183 3712 1390 3764 παίδων
1428 3711 1486 3763 δὲ
1529 3711 1664 3781 αὐτῇ
1695 3711 1762 3762 ὲκ

170 3804 265 3859 τοῦ
320 3805 591 3875 προτέρου
633 3802 973 3856 συνοικεσίου
1010 3802 1277 3869 ὑπόντων,
1315 3802 1415 3855 οὐκ
1447 3801 1623 3865 ἄλλως
1658 3802 1760 3871 τῆς

171 3896 440 3967 τοιαύτης
468 3895 718 3963 τεύξεται
744 3894 1078 3965 φιλοτιμίας,
1103 3895 1199 3947 xui
1225 3893 1335 3949 τῶν
1362 3893 1539 3948 ἄλλων
1559 3894 1760 3948 ποινῶν

173 3989 267 4044 καὶ
317 3987 424 4059 τῆς
459 3986 688 4057 ἀτιμίας
728 3985 1208 4057 ἀπαλλαγήσεται,
1255 3988 1306 4039 εἰ
1346 3985 1424 4058 μὴ
1452 3986 1554 4056 τῆς
1594 3984 1760 4057 οὔσης

175 4081 320 4152 αὐτῇ
350 4079 540 4142 οὐσίας
567 4080 626 4132 ὲν
667 4077 748 4150 τῷ
774 4078 1217 4149 δευτερογαμεῖν,
1243 4079 1358 4143 τοῖς
1385 4076 1547 4132 παισὶ
1582 4078 1764 4152 δωρή-

180 4188 342 4225 σεται
370 4172 514 4224 κατά
556 4169 756 4242 χρῆσιν
790 4170 888 4224 xui
933 4170 1272 4236 δεσποτείαν,
1305 4168 1381 4234 ὡς
1421 4169 1564 4240 βιϐλ.
1595 4177 1637 4223 ε’
1663 4171 1760 4226 τοῦ

179 4263 340 4328 κώδ.,
367 4263 473 4316 τίτ.
518 4259 584 4326 θ’,
617 4261 754 4316 διάτ.
791 4258 839 4315 α’
869 4261 964 4315 καὶ
997 4260 1062 4332 β’,
1109 4262 1205 4317 καὶ
1228 4263 1289 4316 ὲν
1315 4266 1382 4334 τῇ
1415 4265 1542 4335 περὶ
1568 4263 1762 4334 γάμων

176 4354 582 4427 Νεαρᾷ·Ἔστι
607 4355 666 4409 δὲ
707 4356 802 4408 καὶ
851 4354 1150 4420 ἀκινδύνως
1183 4356 1280 4408 xui
1327 4357 1578 4427 ἀζημίως
1609 4357 1764 4420 ἐντὸς

176 4449 268 4503 τοῦ
310 4447 576 4518 πενθίμου
614 4448 810 4518 χρόνου
851 4451 1074 4519 γαμεῖν,
1115 4447 1394 4502 τουτέστιν
1427 4448 1535 4502 ἀπὸ
1567 4449 1759 4502 κελεύ-

1856 1969 1947 2012 tur
1976 1978 1988 2012 :
2023 1960 2198 2031 deque
2220 1963 2455 2033 amplius
2491 1967 2686 2021 triente
2717 1968 3036 2023 substantize
3055 1984 3166 2024 sua:
3190 1972 3433 2027 secundo

1857 2050 2053 2105 marito
2071 2052 2207 2106 dona
2219 2057 2446 2117 re,autin
2465 2066 2597 2112 testa
2607 2069 2785 2114 mento
2797 2062 3096 2129 relinquere
3111 2076 3217 2115 non
3233 2070 3432 2132 potest.

1858 2140 1998 2206 Quin
2027 2142 2143 2211 ipsa
2165 2143 2328 2198 etiam
2358 2159 2423 2198 ex
2459 2145 2795 2214 haareditate,
2827 2150 3137 2220 autlegato,
3171 2162 3266 2207 aut
3288 2169 3435 2207 mor-

1862 2233 1931 2286 tis
1965 2247 2132 2288 causa
2159 2235 2453 2290 donatione
2488 2236 2562 2290 nil
2593 2241 2950 2308 consequitur
2980 2258 2994 2294 :
3024 2243 3116 2296 sed
3167 2244 3280 2299 haec
3311 2245 3434 2314 ejus

1860 2323 1953 2390 qui
1983 2324 2200 2393 reliquit
2244 2325 2484 2382 lueredes
2505 2327 2750 2396 capiunt.
2802 2328 2868 2384 Et
2901 2331 2945 2386 si
2974 2332 3104 2402 quid
3134 2333 3236 2402 ipsi
3286 2335 3434 2404 prior

1861 2414 2094 2470 maritus
2136 2415 2450 2495 reliquerit,
2483 2420 2705 2488 capiunt
2731 2418 2909 2494 [illud]
2945 2424 3210 2492 gradatim
3243 2427 3428 2480 decem

1861 2521 2126 2574 personat,
2186 2508 2290 2563 hoc
2342 2519 2426 2564 est
2457 2511 2812 2568 ascendentes
2841 2525 2894 2568 et
2914 2515 3329 2582 descendentes;
3376 2526 3435 2572 et

1860 2612 1926 2651 ex
1961 2607 2269 2654 transverso
2297 2616 2468 2671 usque
2497 2602 2563 2656 ad
2597 2606 2895 2658 secundum
2929 2609 3180 2676 gradum.
3211 2608 3295 2663 Ab
3347 2609 3434 2663 in-

1860 2699 2061 2745 testato
2109 2707 2238 2746 Vero
2281 2695 2527 2762 cognatis
2575 2694 2748 2764 ipsius
2809 2697 2874 2750 ad
2915 2699 3129 2752 tertium
3177 2700 3438 2754 duntaxat

1864 2799 2039 2854 usque
2065 2785 2293 2857 gradum
2327 2786 2590 2843 succedit.
2640 2786 2929 2860 [Denique]
2965 2789 3126 2843 etiam
3152 2791 3300 2844 onmi
3354 2793 3438 2845 di-

1862 2877 2085 2946 gnitate,
2127 2890 2355 2946 quieque
2411 2892 2442 2930 a
2483 2877 2664 2952 priore
2715 2879 2911 2933 marito
2977 2877 3108 2952 [vel]
3149 2881 3439 2937 occasione

1866 2970 2207 3039 sponsalium
2263 2951 2576 3037 munerum;
2627 2972 2707 3025 vel
2738 2951 3289 3044 [ipsius]morientis
3342 2989 3440 3029 vo-

1870 3061 2080 3114 lentate
2102 3062 2166 3114 ad
2189 3061 2337 3114 illam
2370 3061 2736 3132 pervenerint,
2766 3064 3030 3134 privatur.
3059 3063 3210 3130 Quod
3241 3067 3286 3120 si
3315 3065 3440 3119 nul.

1865 3152 1948 3206 lus
1973 3153 2243 3206 dictarum
2272 3153 2458 3208 decem
2504 3170 2864 3224 personarum
2898 3155 3228 3221 inveniatur,
3285 3157 3440 3213 locus

1868 3243 1972 3316 [tit]
2013 3245 2165 3300 tisco.
2192 3243 2380 3316 Neque
2413 3245 2590 3320 [vero]
2620 3247 2914 3302 donatione
2945 3258 3165 3319 propter
3217 3251 3441 3320 nuptias

1863 3336 2084 3390 fruitur.
2105 3337 2283 3404 Atque
2312 3336 2359 3389 si
2390 3337 2564 3390 haeres
2595 3338 2762 3390 etiam
2793 3338 2994 3405 scripta
3025 3336 3214 3405 fuerit,
3241 3340 3284 3394 si
3311 3339 3442 3408 qui-

1867 3429 1990 3484 dem
2021 3437 2282 3499 exparte,
2315 3429 2435 3498 ejus
2482 3429 2661 3497 portio
2701 3429 2842 3498 apud
2876 3431 3186 3486 coltzeredes
3217 3439 3439 3487 manet:

1866 3523 1954 3576 sin
1979 3536 2044 3576 ex
2075 3535 2220 3586 asse,
2246 3521 2311 3575 ad
2349 3519 2745 3592 [successores]
2773 3522 2840 3575 ab
2871 3521 3128 3577 intestato
3156 3523 3444 3579 haereditas

1865 3609 2008 3664 abit.
2032 3607 2301 3663 Caeterum
2333 3608 2558 3662 infamia
2584 3608 2853 3674 aboletur,
2884 3609 2927 3662 si
2973 3610 3087 3678 ipsa
3127 3608 3444 3679 imperatori

1869 3719 2058 3775 preces
2082 3703 2299 3768 oﬂ‘erat,
2359 3703 2559 3772 illeque
2612 3702 2758 3757 istud
2795 3703 3078 3772 largiatur.
3138 3704 3208 3756 At
3237 3703 3278 3757 si
3339 3703 3444 3772 ipsi

1869 3801 2025 3857 liberi
2051 3816 2117 3855 ex
2144 3800 2326 3871 priore
2359 3799 2709 3854 matrimonio
2731 3799 3032 3870 supersint,
3055 3813 3162 3853 non
3194 3798 3352 3852 aliter
3381 3814 3444 3852 ea

1869 3890 2204 3960 benignitate
2262 3890 2522 3960 potietur,
2575 3905 2674 3945 nec
2725 3889 2847 3944 aliis
2878 3890 3054 3961 poenis
3085 3898 3179 3943 aut
3219 3887 3442 3942 infantia

1867 3982 2209 4050 liberabitur,
2273 3997 2434 4053 quam
2497 3984 2542 4038 si
2593 3982 2876 4037 semissem
2935 3982 3257 4036 substantiae
3308 3995 3442 4044 suae,

1869 4092 1996 4131 nam
2035 4093 2161 4132 cum
2207 4076 2430 4147 nuptias
2472 4076 2690 4130 iteraret
2724 4075 2932 4140 habuit,
2980 4071 3079 4146 [et]
3125 4072 3443 4128 usust‘ructtt

1817 4226 1820 4228 .
1867 4177 1920 4225 et.
1950 4167 2178 4222 dominii
2213 4166 2378 4240 [iure]
2405 4166 2513 4222 illis
2545 4167 2748 4221 donet:
2784 4165 2950 4237 414
2980 4165 3440 4234 quemadmodum

1866 4261 1962 4315 lib.
1983 4261 2036 4316 5.
2056 4258 2190 4316 Cod.
2225 4260 2307 4313 tit.
2330 4260 2383 4326 9,
2413 4259 2635 4314 οοιιει.1
2669 4267 2723 4312 et
2743 4257 2798 4322 2,
2830 4266 2884 4312 et
2903 4257 3114 4311 novella
3140 4257 3205 4311 de
3235 4256 3442 4326 nuptiis

1867 4350 2145 4424 traditur.]
2179 4353 2449 4406 interdum
2484 4358 2662 4404 tamen
2698 4349 2840 4404 citra
2869 4347 3168 4417 periculum
3193 4356 3248 4402 et
3286 4349 3442 4401 dam-

1865 4463 1996 4502 num
2042 4447 2180 4501 intra
2219 4459 2423 4498 annum
2472 4443 2755 4513 lugubrem
2788 4441 3001 4496 'nubit:
3058 4455 3126 4494 ex
3179 4439 3440 4511 principis

181 4554 353 4603 σεως’
386 4541 479 4592 xui
520 4540 610 4593 ὅτε
651 4542 708 4593 ὲν
735 4539 814 4611 τῷ
845 4540 1095 4610 πενθίμῳ
1121 4540 1297 4611 χρόνῳ
1322 4541 1478 4613 τέκῃ,
1508 4542 1584 4606 ώς
1615 4542 1756 4613 βιὸλ.

1867 4536 2322 4607 videlicetjussu,
2355 4535 2646 4604 etquando
2681 4534 2732 4587 in
2760 4533 2976 4604 lugubri
3012 4548 3158 4588 anno
3195 4533 3438 4604 peperit:

182 4628 227 4698 γ’
251 4631 367 4683 τῶν
411 4631 581 4696 διατ.,
624 4631 731 4687 τίτ.
765 4631 832 4702 β’,
866 4631 1003 4686 διάτ.
1036 4629 1088 4699 ι’,
1115 4637 1216 4685 tu“
1245 4633 1372 4704 περὶ
1405 4633 1461 4686 δὲ
1493 4634 1770 4705 ἀθεμίτων

1868 4637 1927 4684 ut
1960 4629 2054 4683 lib.
2085 4628 2138 4682 5.
2175 4628 2317 4697 Dig.,
2345 4626 2427 4680 tit.
2482 4625 2536 4689 2,
2567 4625 2762 4694 digest.
2803 4623 2888 4689 l0,
2934 4623 2976 4678 ll
3017 4621 3314 4696 [docetur.]
3369 4623 3442 4676 De

182 4723 272 4775 xui
312 4721 710 4792 κεκωλυμένων
762 4724 978 4793 γάμων,
1031 4723 1392 4794 διαλαμϐάνει
1434 4727 1462 4778 ὁ
1507 4724 1550 4778 ε’
1581 4729 1676 4780 xui
1715 4730 1769 4791 ς’

184 4818 274 4868 xui
313 4814 343 4865 ὁ
369 4812 413 4878 ζ’
444 4814 550 4868 τίτ.
583 4815 676 4868 τοῦ
709 4812 748 4867 ε’
770 4816 909 4885 βιὸλ.
930 4814 1026 4869 τοῦ
1047 4814 1201 4885 κώδ.,
1233 4817 1325 4872 καὶ
1353 4815 1496 4887 βιὸλ.
1531 4817 1637 4888 κγ’,
1660 4820 1766 4874 τίτ.

184 4905 246 4976 β’,
277 4907 425 4963 διάη.
454 4905 558 4977 λη’,
589 4905 688 4974 να’,
720 4905 813 4973 νε’,
845 4905 941 4972 ξζῖ
1727 4921 1730 4924 ·

251 5001 507 5055 ΚΕΦιιΛ.
552 5001 624 5055 I".
656 5031 726 5043 ——
754 5003 895 5070 Περὶ
928 5002 1050 5055 τῶν
1098 5001 1498 5058 ὑπονοουσῶν
1539 5004 1762 5059 ἀποθα-

183 5093 315 5148 νεῖν
344 5093 486 5161 τοὺς
526 5093 749 5163 ἄνδρας
778 5093 976 5149 αὐτῶν
999 5095 1626 5165 ἀπολιμπτινομένους,
1667 5095 1766 5150 καὶ

188 5187 530 5258 γαμουσῶν.

333 5281 602 5335 Συνόδου
629 5281 1044 5351 οἱκουμενικῆς
1072 5280 1252 5349 ἕκτης
1279 5279 1480 5334 κανὼν
1512 5278 1618 5349 ἥγ’.

262 5373 371 5444 ια’.
427 5375 493 5428 Ἦ
531 5375 980 5445 ἀναχωρήσαντος
1017 5375 1111 5427 τοῦ
1161 5374 1352 5444 ἀνδρὸς
1376 5374 1472 5427 xui
1524 5374 1764 5443 ἀφανοῦς

194 5464 365 5530 ὄντος,
399 5465 503 5536 πρὸ
538 5465 632 5518 τοῦ
681 5465 968 5537 πεισθῆναι
1015 5466 1144 5536 περὶ
1176 5466 1269 5518 τοῦ
1313 5463 1540 5518 θανάτου
1569 5467 1761 5531 αὑτοῦ,

199 5561 367 5630 ἑτέρῳ
394 5559 715 5614 συνοικοῦσα
754 5561 1040 5629 μοιχᾶταιο
1078 5559 1339 5622 ὡσαύτως
1375 5560 1468 5611 xui
1499 5556 1765 5627 στρατιώ-

197 5655 334 5718 τιδες
365 5654 422 5707 αἱ
462 5654 567 5707 τῶν
596 5651 806 5723 ἀνδρῶν
839 5651 1062 5720 ἀφανῶν
1096 5650 1264 5705 ὄντων
1303 5651 1656 5722 γαμηθεῖσαι,
1689 5649 1766 5720 τῷ

273 5834 314 5866 ὀ
351 5830 429 5887 Ex
457 5829 623 5889 Basil.
656 5846 777 5889 can.
807 5831 895 5899 51,
932 5829 1018 5896 56,
1054 5831 1135 5886 46.

1865 4720 2072 4776 illicitis
2108 4734 2272 4790 porro
2302 4727 2359 4772 et
2411 4718 2714 4773 interdictis
2739 4718 2945 4788 nuptiis
2987 4726 3222 4773 tractant
3262 4717 3348 4771 tit.
3383 4717 3438 4782 5,

1866 4816 1920 4879 6,
1953 4813 2005 4880 7,
2040 4813 2132 4868 lib.
2179 4810 2216 4866 V
2245 4811 2404 4878 Cod.,
2449 4820 2503 4866 et
2531 4810 2624 4866 lib.
2665 4810 2758 4877 25,
2796 4809 2954 4877 ιὶι.2,
2983 4811 3178 4884 digest.
3224 4809 3317 4876 58,
3347 4810 3437 4873 5i,

1864 4908 1955 4974 55,
1991 4907 2080 4962 67.

1937 5001 2090 5057 CAP.
2127 4999 2216 5055 III.
2256 5032 2325 5042 --
2352 5003 2430 5054 He
2459 4999 2703 5071 feminis,
2735 5015 2851 5070 quae
2879 5000 3018 5054 viros
3045 5014 3168 5053 suos
3205 4997 3440 5052 absentes

1867 5093 2056 5147 abiisse
2079 5102 2323 5163 putantes
2351 5093 2572 5146 nubunt.

2149 5278 2374 5334 Consilii
2420 5280 2725 5333 azcumenici
2763 5293 2816 5332 vt
2857 5294 3026 5332 canon
3068 5275 3159 5332 95.

1942 5371 2032 5426 93.
2077 5371 2226 5427 Uvor
2251 5376 2292 5410 ¹ο
2325 5372 2424 5426 viri
2458 5373 2548 5442 qui
2583 5371 2809 5427 secessit
2835 5382 2886 5424 et
2920 5386 3026 5424 non
3070 5377 3312 5440 apparet,
3345 5384 3442 5422 an-

1871 5473 2090 5534 tequam
2120 5465 2185 5516 de
2217 5465 2334 5532 ejus
2363 5475 2536 5518 morte
2561 5463 2762 5517 certior
2795 5461 2932 5516 facta
2965 5462 3054 5526 sit,
3091 5461 3248 5516 alteri
3279 5461 3444 5514 coha-

1873 5557 2052 5611 bitans
2101 5556 2461 5611 adulteratur.
2508 5557 2776 5611 Similiter
2822 5569 2879 5611 et
2937 5556 3168 5610 militum
3223 5568 3442 5616 uxores,

1873 5665 1993 5717 qu;e
2023 5665 2132 5704 non
2163 5650 2546 5720 apparentibus
2579 5649 2786 5704 maritis
2823 5657 3154 5719 nupserunt,
3194 5646 3248 5701 in
3292 5659 3445 5699 catu-
