3870 6290
572 342 681 407 903

573 550 796 613 propter
835 539 1020 594 mariti
1062 537 1578 609 peregrinationem,
1632 532 1866 588 reditum
1912 546 2023 585 non
2069 547 2165 586 cx-

571 640 842 704 spectant.
891 630 997 686 Sed
1040 645 1129 683 res
1179 630 1268 682 hic
1293 625 1512 697 quidem
1560 624 1802 694 aliquam
1824 624 2037 677 veniam
2072 622 2168 677 ha-

574 725 684 790 bet,
721 724 867 794 quod
899 723 972 778 sit
998 720 1174 791 major
1203 719 1322 789 ejus
1353 719 1544 773 mortis
1563 717 1830 787 suspicio.
1858 715 1934 770 Ea
1962 726 2164 782 autem,

570 832 694 887 qua:
747 816 825 870 illi
876 815 968 885 qui
1022 814 1091 868 ad
1150 821 1363 882 tempus
1405 818 1523 866 erat
1577 810 1645 864 ab
1692 824 1864 864 uxore
1919 810 2163 873 relictus,

571 911 757 981 nupsit
800 926 897 981 per
926 908 1292 981 ignorantiam
1322 946 1337 971 ,
1387 904 1584 959 deinde
1623 904 1851 958 dimissa
1895 912 1980 958 est
2019 903 2161 973 quod

572 1005 720 1073 prior
751 1001 818 1057 ad
858 1004 1031 1071 ipsum
1059 997 1310 1063 redierit,
1348 1007 1433 1052 est
1464 995 1686 1067 quidem
1728 994 2028 1060 fornicata,
2068 994 2163 1050 sed

569 1112 667 1166 per
699 1095 1111 1166 ignorantiam;
1159 1106 1192 1146 a
1233 1089 1588 1146 matrimonio
1635 1102 1767 1158 ergo
1805 1102 1915 1143 non
1958 1088 2165 1142 arcebi-

568 1196 678 1253 tur,
713 1185 917 1241 rectius
949 1194 1153 1252 autem,
1198 1183 1244 1239 si
1275 1183 1359 1238 sic
1388 1180 1677 1236 manserit.
1723 1179 1818 1234 Sin
1845 1187 2028 1234 autem
2052 1181 2158 1234 mi-

567 1280 646 1334 les
691 1278 972 1347 aliquanto
1024 1284 1148 1347 post
1207 1284 1453 1345 tempore
1508 1273 1754 1338 redierit,
1811 1273 1970 1342 cujus
2024 1287 2162 1327 uxor

566 1380 790 1440 propter
816 1370 1033 1440 longam
1066 1368 1212 1423 illius
1241 1366 1549 1421 absentiam
1581 1365 1739 1420 alteri
1771 1364 1890 1420 viro
1926 1365 2159 1435 conjun-

563 1473 653 1514 cta
681 1468 784 1525 est,
846 1460 891 1515 is
920 1460 965 1514 si
1000 1460 1148 1523 velit,
1184 1457 1463 1529 propriam
1508 1471 1733 1510 uxorem
1772 1455 2022 1525 recipiat,
2054 1455 2157 1525 ipsi

567 1554 724 1607 venia
757 1562 976 1623 propter
1018 1552 1385 1622 ignorantiam
1413 1550 1559 1614 data,
1597 1548 1759 1619 eique
1791 1548 1885 1619 qui
1918 1548 2064 1602 illam
2100 1548 2155 1603 in

563 1644 819 1701 secundis
845 1644 1051 1713 nuptiis
1083 1644 1307 1697 domum
1342 1642 1521 1697 duxit.

860 1735 1025 1810 415
1065 1735 1259 1789 Basilii
1286 1751 1512 1789 canones
1537 1734 1628 1801 31,
1659 1732 1748 1797 36,
1772 1731 1866 1787 46.

630 1829 724 1885 31.
754 1830 924 1900 Cujus
959 1829 1043 1883 vir
1088 1828 1367 1896 discessit,
1417 1842 1520 1882 nec
1554 1836 1858 1897 comparet,
1891 1839 1955 1880 ea
1991 1835 2131 1879 ante.

2325 1827 2429 1886 λα’.
2480 1830 2543 1884 Ἦ
2577 1832 3037 1903 ἀναχωρήσαντος
3085 1834 3179 1888 τοῦ
3431 1800 3544 1887 ’καὶ
3585 1834 3767 1903 ἀφανοῦς

559 1936 725 1991 quam
754 1921 822 1977 de
849 1921 970 1992 ejus
1005 1929 1181 1975 morte
1209 1920 1414 1976 certior
1443 1919 1589 1975 facta
1614 1920 1706 1983 sit,
1737 1933 1845 1973 una
1866 1932 1991 1973 cum
2026 1916 2137 1971 alio

561 2013 819 2068 habitans
849 2012 1173 2067 moechatur.

628 2105 722 2162 56.
760 2103 995 2159 Militum
1029 2118 1252 2167 uxores,
1283 2116 1409 2174 quae
1450 2101 1669 2157 maritis
1701 2100 1819 2157 suis
1852 2116 1960 2157 non
1990 2114 2145 2157 com-

560 2197 902 2269 parentibus,
935 2204 1266 2267 nupserunt,
1300 2195 1498 2251 rationi
1536 2195 1713 2250 eidem
1746 2194 2139 2265 subjiciuntur,

559 2293 647 2348 cui
692 2301 747 2347 et
792 2291 919 2354 illae,
971 2305 1113 2369 quae
1141 2290 1212 2345 ob
1253 2289 1753 2361 peregrinationem
1800 2288 2149 2353 maritorum,

561 2386 796 2441 reditum
856 2398 967 2439 non
1017 2390 1445 2454 exspectavere:
1497 2381 1593 2436 sed
1656 2389 1839 2436 tamen
1893 2395 1982 2436 res
2006 2395 2146 2434 non-

560 2477 766 2532 nullam
812 2476 903 2531 hic
939 2476 1157 2532 veniam
1190 2475 1452 2541 admittit,
1486 2473 1633 2545 quod
1653 2473 1831 2545 major
1859 2473 1931 2530 sit
1961 2474 2152 2530 mortis

559 2566 829 2638 suspicio.

631 2671 721 2726 46.
763 2672 896 2739 Qua:
929 2671 1051 2726 viro
1099 2669 1166 2726 ad
1202 2678 1420 2738 tempus
1451 2667 1521 2723 ab
1567 2681 1743 2723 uxore
1766 2665 2030 2722 derelicto
2057 2666 2145 2722 in—

560 2765 741 2819 sciens
771 2765 974 2834 nupsit,
1007 2766 1055 2819 si
1085 2763 1281 2819 deinde
1330 2760 1558 2816 dimissa
1589 2768 1693 2824 est,
1722 2759 1866 2829 quod
1895 2760 2044 2830 prior
2078 2760 2145 2814 ad

567 2855 748 2925 ipsum
782 2870 1007 2911 reversa
1049 2855 1142 2920 sit,
1201 2854 1471 2909 fornicata
1498 2852 1720 2921 quidem
1751 2860 1854 2915 est,
1900 2852 1994 2907 sed
2038 2852 2144 2905 im-

561 2948 823 3018 prudens.
864 2949 907 3000 A
952 2945 1304 3001 matrimonio
1352 2959 1484 3015 ergo
1531 2958 1640 2999 non
1678 2944 1977 3011 arcebitur,
2041 2946 2135 3001 sed

561 3040 761 3096 melius
798 3048 882 3094 est
907 3039 954 3095 si
982 3040 1063 3095 sic
1094 3046 1437 3110 permaneat.

666 3142 799 3210 Quae
848 3142 914 3197 de
984 3140 1227 3211 repudiis
1256 3141 1477 3195 disserit
1500 3139 1707 3195 novella
1739 3139 1863 3203 117,
1917 3139 1994 3194 ait
2031 3157 2045 3195 :
2081 3140 2137 3194 Si
2172 3148 2214 3205 (ζ

562 3234 743 3299 miles,
825 3231 1115 3295 scholaris,
1188 3230 1506 3296 fmdcratus,
1566 3231 1776 3286 aliusve
1828 3228 2147 3305 [quispiam]

561 3325 871 3381 armatusin
891 3324 1327 3394 expeditionibus
1356 3323 1537 3395 degat,
1600 3332 1954 3394 quotcunque
1985 3326 2147 3379 annis

563 3415 873 3490 [abfuerit,]
941 3418 1116 3487 ipsum
1151 3416 1272 3486 ejus
1329 3431 1467 3471 uxor
1535 3424 1870 3485 exspectato,
1931 3416 2147 3471 tametsi

563 3510 743 3564 nullas
796 3510 865 3563 ab
917 3509 1037 3577 ipso
1086 3506 1297 3563 litteras
1356 3507 1608 3577 accipiat.
1657 3505 1812 3573 Quod
1858 3506 1903 3561 si
1968 3506 2146 3577 ipsum

567 3601 872 3655 decessisse
930 3600 1188 3666 audierit,
1238 3614 1305 3653 ne
1358 3598 1560 3669 Iadhuc
1614 3597 1858 3671 quidem]
1914 3599 2144 3667 nubito,

567 3689 673 3744 nisi
725 3688 878 3759 prius
932 3687 1065 3760 [vel]
1119 3703 1214 3759 per
1256 3704 1335 3755 se,
1380 3689 1465 3743 vel
1526 3703 1621 3758 per
1680 3695 1931 3757 parentes
1964 3703 2140 3753 suos,

560 3783 800 3838 aliumve
870 3782 972 3837 llde
1028 3781 1250 3851 dignum
1324 3782 1594 3852 primores
1643 3790 1698 3835 et
1777 3779 2144 3837 chartularios

565 3874 804 3941 numeri,
853 3873 908 3928 in
936 3888 1046 3943 quo
1103 3872 1216 3945 ille]
1257 3874 1488 3928 militare
1512 3871 1720 3946 [solet],
1787 3882 1839 3927 et
1860 3873 2139 3928 tribunum

562 3965 928 4036 interrogarit,
966 3980 1034 4019 an
1096 3980 1283 4020 revera
1325 3974 1574 4020 mortuus
1604 3965 1697 4029 sit,
1736 3973 1789 4019 et
1822 3966 1900 4018 illi
1940 3980 2143 4036 propo-

560 4056 684 4113 sitis
733 4055 1100 4112 sacrosanctis
1140 4054 1448 4125 Evangeliis
1499 4056 1675 4125 ipsum
1709 4064 1981 4109 mortuum
2021 4070 2146 4111 esse

560 4148 615 4203 in
701 4148 1067 4203 instrumento
1144 4147 1518 4217 deposuerint.
1576 4144 1700 4218 [Ea]
1769 4154 1959 4200 autem
2020 4154 2149 4202 acta

560 4241 759 4296 mulier
791 4240 991 4310 capito,
1025 4254 1090 4294 ac
1132 4240 1256 4295 dein
1290 4238 1517 4312 [adhuc]
1554 4254 1757 4293 annum
1805 4248 2143 4308 exspectato,

562 4345 791 4402 tumque
821 4328 1108 4405 [denique]
1142 4331 1380 4402 legitime
1426 4331 1636 4385 nubito.
1671 4328 1726 4384 Si
1774 4346 1906 4385 vero
1950 4342 2145 4386 contra

560 4424 666 4478 hoc
699 4399 1477 4493 prazscriptum—nupserit,et
1529 4422 1666 4491 ipsa,
1719 4429 1774 4475 et
1827 4421 1918 4490 qui
1967 4421 2143 4489 ipsam.

2259 4399 2346 4452 mi.
2382 4401 2607 4455 δλαόὼν
2644 4404 2832 4474 αὐτὴν,
2861 4406 2938 4468 ώς
2974 4406 3150 4475 μοιχοὶ
3176 4403 3564 4475 τιμωροῦνται.

555 4490 735 4579 duxit,
758 4525 815 4569 ut
842 4490 1098 4580 adulteri,
1123 4490 1445 4584 puniuntur.
1484 4490 1623 4568 Atsi
1654 4514 1747 4583 qui
1774 4513 2143 4582 deposuerunt

2259 4493 2612 4565 καταθέμενοι
2640 4495 2891 4566 δειχθῶσι
2916 4497 3274 4567 ψευσάμενοι,
3306 4498 3604 4566 ἀποστρατε

560 4608 772 4664 mentiti
813 4622 933 4663 esse
978 4607 1305 4677 probentur,
1326 4607 1516 4660 militia
1536 4607 1842 4677 privamur,
1871 4615 1926 4659 et
1952 4605 2139 4659 decem

562 4703 829 4757 librarum
863 4698 1030 4772 [auri]
1068 4699 1290 4753 multam
1332 4701 1463 4753 dant
1486 4698 1608 4771 [illi]
1671 4714 1832 4768 quem
1864 4707 2140 4752 mortuum

555 4811 680 4851 esse
733 4796 1010 4859 dixerunt,
1067 4799 1231 4863 atque
1269 4790 1366 4865 [is]
1420 4794 1464 4848 si
1516 4796 1665 4857 velit,
1718 4792 1883 4864 416
1917 4807 2139 4847 uxorem

556 4902 714 4943 suam
746 4885 1040 4957 recipiendi
1068 4884 1379 4939 facultatem
1413 4884 1593 4938 habet.
1629 4881 1685 4936 Si
1718 4882 1984 4937 scholaris
2001 4890 2137 4945 erat,

556 4995 587 5035 a
630 4978 962 5050 primoribus
1014 4976 1215 5033 scholae
1262 4984 1316 5030 et
1375 4974 1624 5030 actuario
1668 4974 1817 5029 dicta
1865 4972 2138 5044 depositio

558 5076 649 5131 liat
698 5093 711 5128 :
769 5074 852 5129 sin
902 5072 1229 5136 foederatus,
1261 5072 1329 5125 ab
1349 5070 1520 5140 ipsius
1573 5068 1814 5139 Optione.

624 5166 776 5223 CAP.
801 5165 892 5221 ιγ.
922 5194 993 5207 —-
1014 5166 1091 5219 De
1125 5166 1193 5219 iis
1215 5165 1302 5234 qui
1336 5163 1620 5217 divortium
1651 5161 1876 5230 faciunt.

1016 5252 1394 5323 Apostolorum
1420 5267 1588 5303 canon
1622 5250 1676 5304 5.

623 5342 679 5399 5.
728 5342 1053 5415 Episcopus,
1085 5341 1169 5396 vel
1192 5340 1477 5411 presbyter
1508 5338 1591 5393 vel
1618 5338 1897 5405 diaconus,
1915 5347 2047 5402 etc.,
2078 5347 2136 5391 ut

553 5454 676 5509 pag.
707 5437 832 5493 7'58.

906 5528 1131 5584 Concilii
1168 5526 1492 5598 Gangrensis
1524 5539 1693 5578 canon
1730 5522 1815 5576 14.

625 5623 714 5678 14.
738 5622 795 5677 Si
820 5637 928 5692 qua
961 5620 1155 5675 mulier
1192 5620 1453 5691 relinquit
1493 5618 1778 5683 maritum,
1809 5625 1863 5670 et
1888 5614 2006 5669 vult
2049 5628 2135 5670 rc-

551 5714 765 5783 cedere,
797 5714 1209 5770 matrimonium
1230 5714 1556 5780 abhorrens,
1592 5712 1665 5768 sit
1689 5709 2005 5766 anathema.

1743 331 2007 393 ΡΗΟΤΙῙ
2046 332 2554 394 ΡΑΤΒΙΑΒΟΗᾸΞ
2591 333 2701 396 CP.

572 454 697 509 dem
750 448 1027 506 rationein
1081 446 1367 513 incidunt;
1417 442 1878 517 quemadmodum
1940 449 1996 497 et
2044 458 2146 513 qua

2269 444 2419 514 αὐτῷ
2454 445 2772 499 ὑπόκεινται
2798 446 2962 519 λόγῳ,
2996 440 3151 519 ᾧπερ
3185 446 3278 500 καὶ
3310 449 3363 502 αἱ
3391 448 3472 505 διὰ
3496 451 3580 523 τὴν
3604 458 3760 530 ἀποδτθ-
3850 494 3851 499 η

3674 349 3757 411 901

3808 432 3856 848 λ

3784 848 3821 1017 l

3815 1401 3856 1667 l

3844 1705 3856 2038 1

3839 2216 3856 2489 l

3720 2859 3777 2910 λρο

3720 2859 3855 3230 7

3854 3162 3855 3197 l

3670 3230 3703 3273 ις

3670 3319 3692 3355 ν

3670 3411 3690 3445 v

3602 3691 3785 3964 ζ,

3578 4054 3770 4330 έΙ

3566 4330 3795 4639 :3

3634 4639 3818 4788 1‘

3632 4788 3687 4820 νν.
3854 4818 3855 4847 ι

3632 4788 3845 5068 ει

2269 537 2400 605 μίαν
2434 538 2524 591 τοῦ
2553 539 2744 611 ἀνδρὸς
2772 542 2846 611 μὴ
2877 541 3239 611 ἀναμείνασαι
3269 540 3363 612 τὴν
3390 543 3634 601 ἐπάνοδον·
3658 552 3764 623 πλὴν

2265 627 2379 698 ἔχει
2424 630 2547 682 τινὰ
2592 630 2921 702 συγγνώμην
2962 632 3025 684 τὸ
3076 633 3308 702 πρᾶγμα
3358 634 3588 700 ἐνταῦθα,
3628 639 3701 694 διὰ
3720 645 3764 695 si
3828 686 3831 689 η

2268 721 2469 791 μᾶλλον
2512 725 2649 794 πρὸς
2694 724 2921 778 θάνατον
2956 719 3097 779 εἶναι
3132 724 3230 795 τὴν
3274 725 3545 780 ὑπόνοιαν*
3584 732 3689 800 ἡδέ
3708 736 3767 805 τῷ
3816 732 3831 805 j

2264 815 2674 884 καταλειφθέντι
2707 816 2845 887 πρὸς
2875 818 3065 888 καιρὸν
3098 817 3247 887 παρά
3269 820 3366 889 τῆς
3397 822 3632 885 γυναικὸς
3656 830 3765 881 κατά

2262 905 2486 975 ἄγνοιαν
2512 912 2833 980 γημαμένη,
2859 906 2979 964 εἶτα
3000 911 3288 980 ἀφεθεῖσα,
3323 912 3407 965 διὰ
3433 912 3490 965 τὸ
3515 915 3768 974 ἐπανελθεῖν

2262 1001 2400 1072 πρὸς
2430 1002 2592 1056 αὐτὸν
2619 1004 2715 1073 τὴν
2747 1004 3042 1076 προτέραν,
3077 1004 3377 1076 ἐπόρνευσε
3406 1005 3517 1075 μὲν,
3542 1008 3593 1060 ὲν
3621 1009 3768 1083 ἀγνοίᾳ

2260 1091 2352 1158 δὲ,
2403 1093 2584 1163 γάμου
2632 1093 2763 1163 γοῦν
2809 1096 2911 1149 οὐκ
2957 1097 3337 1167 είρχθήσεται·
3388 1097 3592 1152 κάλλιον
3622 1100 3669 1154 δὲ
3700 1104 3768 1159 ἐὰν

2264 1184 2421 1255 μείνῃ
2454 1184 2646 1250 οὓτως.
2670 1187 2734 1240 El
2762 1187 2818 1240 δέ
2843 1204 2906 1256 γε
2929 1188 2957 1240 ὁ
2984 1188 3322 1259 στρατιώτης
3351 1189 3613 1244 ἐπανέλθοι
3629 1195 3764 1266 χρόνῳ

2259 1277 2413 1342 ποτὲ,
2449 1272 2511 1333 οὗ
2550 1279 2583 1348 ὴ
2622 1279 2759 1351 γυνὴ
2790 1279 2880 1334 διὰ
2904 1280 3001 1353 τὴν
3030 1282 3124 1334 ἐπὶ
3150 1282 3282 1335 πολὺ
3309 1282 3513 1335 ἐκείνου
3545 1284 3768 1358 ἀπόλειψιν

2259 1369 2431 1441 ἑτέρῳ
2458 1370 2708 1441 συνήφθη
2749 1373 2924 1445 ἀνδρὶ,
2957 1366 3113 1438 οὗτος
3150 1377 3198 1427 εί
3228 1376 3583 1446 προαιρεῖται,
3606 1377 3688 1448 τὴν
3710 1382 3767 1432 oi-

2258 1463 2413 1515 κείαν
2461 1462 2617 1527 αὖθις
2663 1465 2987 1520 ἀπολαϐἐτω
3020 1469 3277 1537 γυναῖκα,
3326 1465 3633 1537 συγγνώμης
3664 1470 3766 1542 αὐτῇ

2257 1552 2351 1605 ἐπὶ
2392 1555 2458 1623 τῇ
2491 1554 2685 1625 ἀγνοίᾳ
2720 1556 3026 1629 διδομένης,
3063 1558 3160 1611 καὶ
3192 1557 3271 1628 τῷ
3299 1556 3500 1629 ταύτην
3528 1559 3767 1614 εἰσοικισα-

2259 1643 2405 1715 μένῳ
2431 1646 2574 1700 κατά
2607 1646 2860 1719 δεύτερον
2890 1650 3066 1720 γάμον
3096 1651 3272 1721 ἀνδρί.

2552 1742 2882 1796 Βασίλειον
2910 1742 3111 1797 κανὼν
3138 1742 3243 1809 λα’,
3275 1741 3389 1808 λς’,
3431 1742 3539 1814 μς’.

2252 1918 2428 1987 ὄντος,
2482 1922 2589 1993 πρὸ
2622 1923 2718 1976 τοῦ
2768 1926 3061 1995 πεισθῆναι
3102 1927 3232 1998 περὶ
3275 1926 3372 1981 τοῦ
3402 1925 3615 1980 Θανάτου
3643 1929 3768 1981 αὑτοῦ

2254 2010 2428 2082 ἑτέρῳ
2461 2015 2854 2082 συνοικήσασα,
2884 2018 3163 2085 μοιχᾶται.

2326 2101 2437 2168 λς’.
2480 2105 2875 2176 Στρατιώτιδες
2918 2109 2971 2161 αί
3002 2107 3111 2161 τῶν
3153 2106 3369 2178 ἀνδρῶν
3404 2106 3610 2176 ἀφανῶν
3644 2107 3769 2161 ὅντων

2252 2192 2611 2264 γαμηθεῖσαι,
2636 2195 2715 2266 τῷ
2741 2196 2892 2267 αὐτῷ
2925 2196 3247 2251 ὑπόκεινται
3281 2197 3450 2268 λόγῳ,
3479 2189 3618 2268 ᾧπερ
3639 2198 3715 2250 καὶ
3730 2197 3769 2249 al

2250 2284 2344 2339 διά
2372 2284 2471 2357 τὴν
2508 2286 2822 2357 ἀποδημίαν
2858 2287 2965 2341 τῶν
3000 2288 3209 2359 ἀνδρῶν
3242 2288 3320 2359 μὴ
3356 2288 3684 2356 ἀναμείνασαι
3704 2287 3771 2356 τὴν

2254 2375 2514 2431 ἐπάνοδον
2533 2393 2547 2408 ο
2577 2377 2721 2449 πλὴν
2754 2377 2868 2447 ἔχει
2896 2377 3020 2432 τινὰ
3047 2379 3385 2450 συγγνώμην
3410 2379 3470 2432 τὸ
3487 2380 3690 2451 πρᾶγμα
3709 2380 3771 2431 ἐν-

2252 2468 2462 2535 ταῦθα,
2512 2469 2603 2524 διὰ
2628 2470 2690 2524 τὸ
2719 2469 2924 2542 μᾶλλον
2959 2470 3095 2542 πρὸς
3123 2471 3356 2527 θάνατον
3400 2468 3534 2526 εἶναι
3562 2473 3648 2545 τὴν
3673 2473 3771 2527 ὑπό-

2255 2574 2426 2612 νοιαν.

2334 2649 2455 2722 μς’.
2510 2652 2575 2707 Ἡ
2616 2654 2673 2708 δὲ
2718 2655 2798 2727 τῷ
2838 2655 3257 2726 καταλειφθέντι
3296 2655 3436 2727 πρὸς
3468 2655 3639 2727 καιρὸν
3663 2654 3775 2725 παρὰ

2254 2744 2636 2814 τῆςὶγυναικὸς
2662 2749 2803 2803 κατά
2831 2750 3056 2818 ἄγνοιαν
3078 2750 3400 2821 γημαμένη,
3431 2744 3546 2802 εἶτα
3570 2746 3774 2816 ἀφεθεῖσα

2253 2836 2342 2891 διὰ
2385 2838 2447 2890 τὸ
2480 2839 2795 2895 ἐπανελθεῖν
2836 2842 2975 2914 πρὸς
3009 2844 3172 2897 αὐτὸν
3203 2843 3305 2913 τὴν
3344 2842 3623 2914 προτέραν,
3651 2839 3777 2910 £1069-

2254 2947 2411 2985 νευσε
2445 2932 2564 3002 μὲν,
2594 2935 2652 2986 ἐν
2675 2935 2867 3003 ἀγνοία
2885 2936 2973 2989 δέ·
3004 2937 3187 3007 γάμου
3216 2932 3314 2990 οὖν
3343 2937 3446 2990 οὐκ
3465 2932 3837 3007 είρχθήσεταιοι
3854 2932 3855 2963 δ

2256 3022 2475 3076 κάλλιον
2504 3024 2562 3077 δὲ
2593 3027 2689 3081 ἐὰν
2720 3029 2879 3101 μείνῃ
2905 3028 3098 3092 οὕτως.

2332 3113 2396 3165 Ἦ
2431 3117 2556 3187 περὶ
2583 3118 2881 3187 ρεπουδίων
2908 3120 3269 3191 διαλεγομένη
3321 3118 3399 3191 ρδ¹
3429 3119 3607 3191 Νεαρὰ
3631 3133 3720 3191 φης

2261 3205 2335 3267 ώς
2370 3208 2466 3261 ἐὰν
2505 3211 2865 3284 στρατιώτης,
2915 3214 2947 3285 ἢ
2987 3214 3297 3286 σχολάριος,
3346 3216 3380 3285 ἢ
3420 3212 3703 3283 φοιδεράτος

2254 3295 2429 3361 ἄλλως
2444 3296 2688 3365 ἔνοπλος,
2706 3302 2763 3353 ἐν
2788 3302 3053 3376 ὲξπεδίτῳ
3074 3304 3252 3373 διάγει
3269 3303 3620 3374 ὁσουσδήποτε
3646 3305 3692 3355 ἐν

2260 3387 2409 3453 τοὺς,
2464 3391 2811 3460 περιμενέτω
2848 3394 3014 3449 αὑτὸν
3057 3396 3090 3467 η
3143 3394 3309 3448 αὐτοῦ
3345 3394 3576 3465 γαμετὴ,
3606 3391 3690 3446 κᾶν

2256 3478 2563 3549 γράμματα
2614 3481 2646 3552 ἢ
2688 3484 2982 3555 ἀπόκρισιν
3035 3483 3253 3550 ἐδέξατο
3300 3486 3433 3555 παρ’
3464 3483 3645 3538 αὐτοῦ·

2257 3570 2481 3624 ἀκούσει
2517 3573 2680 3627 αὐτὸν
2710 3576 3059 3647 τελευτῆσαι,
3097 3578 3171 3649 μὴ
3206 3579 3478 3651 γαμείτω,
3510 3577 3555 3629 εί
3586 3574 3651 3646 μὴ

2254 3679 2412 3733 τερον
2468 3665 2536 3718 δι’
2591 3666 2815 3737 ἑαυτῆς,
2868 3668 2901 3740 ἢ
2953 3670 3063 3724 τῶν
3092 3671 3298 3740 γονέων
3348 3670 3540 3741 αὐτῆς,
3580 3668 3608 3739 ἢ

2256 3753 2573 3821 ἀξιοπίστου
2598 3760 2725 3824 τοὺς
2755 3761 2987 3831 πριόρας
3009 3762 3102 3815 τοῦ
3128 3762 3391 3834 ἀριθμοῦ,
3426 3764 3519 3816 καὶ
3542 3762 3627 3815 τοὺ

2253 3844 2572 3918 του).αρίους
2602 3849 2659 3901 ἐν
2687 3843 2731 3917 ᾧ
2756 3851 3131 3921 στρατεύεται,
3158 3853 3252 3905 καὶ
3276 3850 3557 3924 τριϐοὖνον
3581 3850 3602 3901 ἐ

2253 3936 2302 3987 εί
2325 3939 2389 4007 τῇ
2423 3938 2650 4012 ἀληθείᾳ
2674 3941 2995 4015 ἐτελεύτησε
3015 3960 3032 3976 ο
3062 3946 3305 3997 κάκεῖνοι
3332 3944 3444 3998 τῶν
3467 3943 3625 4011 ἁγίων

2253 4026 2452 4094 γελίων
2488 4032 2869 4102 προκειμένων
2901 4035 3245 4091 κατάθωνται
3278 4037 3446 4090 αὐτὸν
3477 4034 3615 4087 τελεν

2254 4118 2348 4172 καὶ
2374 4120 2473 4191 τὴν
2504 4124 2705 4195 πρᾶξιν
2734 4127 2767 4197 ἡ
2798 4128 2936 4198 γυνὴ
2964 4127 3314 4199 λαμϐανέτω,
3350 4128 3445 4181 καὶ
3477 4124 3608 4198 μετά

2241 4210 2370 4267 ιδεῖν
2401 4216 2612 4285 μενέτω
2645 4220 2915 4287 ἐνιαυτὸν,
2969 4222 3065 4274 καὶ
3097 4223 3218 4274 τότε
3265 4221 3515 4290 νομίμως
3546 4235 3578 4286 Υ

2240 4305 2302 4360 ,εἰ
2331 4305 2389 4358 δέ
2426 4311 2577 4379 παρά
2611 4310 2820 4381 ταύτην
2847 4312 2945 4382 τὴν
2977 4312 3242 4379 διάστιξιν
3273 4313 3537 4383 γαμήσει,
3567 4316 3621 4369 κα

2246 4585 2342 4638 καὶ
2369 4585 2501 4641 δέκα
2529 4587 2729 4656 λιτρῶν
2758 4589 2949 4660 ποινὴν
2978 4588 3210 4641 διδόασιν
3240 4583 3285 4657 ᾦ
3314 4583 3469 4641 εἷπον
3502 4589 3576 4641 ἀπ

2244 4678 2339 4730 καὶ
2370 4678 2483 4748 ἕχει
2515 4680 2725 4745 ἄδειαν,
2758 4683 2805 4733 εί
2834 4681 3098 4751 βούλοιτο,
3129 4683 3226 4751 τὴν
3250 4682 3388 4734 ἰδίαν
3413 4676 3633 4733 ἀναλαὸε

2247 4772 2444 4840 μετήν.
2470 4769 2533 4822 Ei
2578 4771 2634 4825 δὲ
2676 4774 2962 4844 σχολάριος
3015 4769 3106 4845 ἦν,
3138 4775 3290 4843 παρὰ
3322 4771 3435 4825 τῶν
3466 4758 3687 4842 πρώτωνῖ

2245 4862 2442 4932 σχολῆς
2469 4865 2561 4916 καὶ
2586 4865 2680 4917 τοῦ
2707 4867 3032 4937 ἀκτουαρίου
3057 4870 3088 4937 ἡ
3121 4867 3378 4936 λεχθεῖσα
3397 4863 3616 4934 γινέσθω
3636 4856 3699 4914 καὶ

2247 4954 2397 5019 θεσις
2417 4972 2431 4987 ⁸
2464 4958 2512 5010 εί
2541 4958 2598 5012 δὲ
2634 4958 2978 5029 φοιδεράτος,
3017 4959 3167 5030 παρὰ
3188 4958 3281 5011 τοῦ
3312 4958 3554 5018 ὀπτίονος
3586 4953 3671 5006 aii:

2311 5141 2563 5196 ΚΕΦΑΛ.
2596 5143 2671 5197 A'.
2706 5171 2775 5184 —
2803 5142 2941 5211 Περὶ
2969 5140 3089 5195 τῶν
3114 5138 3628 5210 ὃιαζευγνυμένων.

2675 5236 3063 5291 Ἀποστόλων
3087 5234 3287 5288 κανὼν
3310 5240 3377 5287 ε’.

2310 5325 2373 5383 ε’.
2410 5325 2762 5392 Ἐπίσκοπος,
2788 5326 2820 5397 ἢ
2847 5326 3237 5399 πρεσὸύτερος,
3264 5324 3296 5394 ἦ
3321 5324 3580 5385 διάκονος,
3596 5336 3642 5371 κ.
3665 5333 3703 5370 τ.
3720 5311 3756 5363 λ-

2575 5512 2847 5568 Συνόδου
2879 5512 3150 5583 Γάγιῃρας
3185 5510 3385 5566 κανὼν
3416 5510 3496 5563 ιδ’.

2313 5604 2396 5658 ιδ.
2438 5603 2507 5658 Εἴ
2553 5622 2637 5668 τις
2688 5608 2826 5677 γυνὴ
2886 5607 3288 5675 καταλιμπάνει
3348 5604 3436 5656 τὸν
3478 5598 3645 5667 ἄνδρα,
3687 5590 3779 5677 κάλ

2238 5698 2545 5768 ἀναχωρεῖν
2576 5698 2753 5753 ἐθέλοι
2784 5700 3180 5771 βδελυττομένη
3214 5698 3302 5753 τὸν
3332 5698 3524 5768 γάμον,
3556 5688 3755 5756 ἀνάθεμα

2240 5794 2402 5848 ἔστω.
