3980 6398
18 475 116 695 ι

179 695 274 739 ,ιυι

18 695 274 919 ιε

73 919 278 1159 \

180 1159 352 1376 ii

194 1376 341 1657 Eli

180 1711 208 1746 ε

180 1711 303 2020 ᾗ

283 1988 303 2020 ’1

175 2020 262 2172 Ἰ

244 2454 250 2504 l

175 2527 249 2594 ἀγ

178 2636 250 2689 μο

175 2708 250 2761 τῶ

175 2803 250 2855 at).

175 2913 248 2947 κα

174 2992 250 3061 τῆ

179 3099 249 3152 με

247 3277 250 3304 l

183 393 287 460 9θὸ

416 498 686 556 Evr-660v
719 498 1138 569 Καρθαγέννης
1165 498 1366 554 κανὼν
1402 495 1503 569 ρβ’.

249 589 384 658 Περὶ
418 587 538 642 τῶν
581 586 725 653 τοὺς
771 587 994 655 ἄνδρας
1023 588 1062 657 ἢ
1112 590 1218 654 τὰς
1267 588 1556 659 γυναῖκας
1598 587 1750 642 ἁπο-

179 685 451 739 λυόντωγ
484 683 585 736 ἵνα
609 681 800 746 οὕτως
820 681 1124 750 μείνωσιν.

250 773 347 843 ρβ’.
384 774 619 844 Ἤρεσεν
649 772 792 826 ὥστε
821 774 963 827 κατά
986 774 1086 844 τὴν
1111 773 1476 843 εὐαγγελικὴν
1503 772 1596 826 καὶ
1619 773 1755 825 ἀπο-

274 867 431 935 λικὴν
461 866 794 936 ἐπιστήμην,
843 867 981 936 μήτε
1025 867 1054 919 6
1095 865 1204 919 ἀπὸ
1247 865 1504 933 γυναικὸς
1550 865 1754 929 ὲαθεὶς,

262 976 319 1012 τε
355 960 388 1029 ἡ
424 957 535 1012 ἀπὺ
563 959 758 1030 ἀνδρὸς
787 957 1212 1029 καταλειφθεῖσα
1242 958 1413 1029 ἑτέρῳ
1450 956 1718 1028 συζευχθῇ
1738 1000 1754 1024 ,

278 1052 354 1122 ῗῆ
407 1050 582 1114 οὕτως
635 1052 911 1122 μείνωσιν,
961 1052 995 1121 ἦ
1036 1052 1248 1113 ἑαυτοῖς
1299 1048 1754 1118 καταλλαγῶσιν·

320 1164 349 1213 ρ
380 1144 475 1196 ἐὰν
513 1145 996 1215 καταφρονήσωσι,
1029 1143 1166 1216 πρδς
1199 1142 1486 1213 μετάνοιαν
1514 1159 1757 1196 κατανα-

358 1234 520 1287 ῶσινο
555 1234 612 1286 ὲν
651 1226 696 1301 ᾧ
732 1235 1050 1304 πράγματι,
1095 1233 1259 1302 νόμον
1290 1232 1570 1302 βασιλικὸν
1600 1233 1760 1287 ὲκτε-

320 1344 338 1378 ι
375 1324 552 1396 χρεών
579 1327 730 1379 ἐστιν
757 1325 1000 1395 αἰτῆσαι.

317 1416 590 1474 Συνόδου
617 1414 1045 1487 οῑκουμενικῆς
1072 1414 1251 1486 ἕκτης
1281 1414 1482 1470 κανὼν
1509 1413 1618 1480 πξ.

344 1550 359 1564 .
407 1509 471 1562 Ἦ
498 1510 587 1563 τὸν
619 1510 792 1582 ἄνδρα
823 1508 1196 1564 καταλιποῦσα
1234 1509 1481 1580 μοιχαλίς
1511 1509 1680 1576 ἐστιν,
1710 1508 1762 1563 εί

341 1601 462 1654 λλον
487 1597 642 1673 ἦλθε,
674 1602 818 1656 κατὰ
857 1602 948 1656 τὸν
983 1601 1128 1673 ἱερὸν
1155 1601 1250 1656 καὶ
1280 1602 1424 1656 θεῖον
1457 1602 1758 1670 Βασίλειον,

303 1694 370 1764 ἧς
407 1693 674 1766 Ἱερεμίου
704 1695 1044 1766 προφητείας
1071 1695 1272 1765 ἄριστα
1298 1694 1457 1749 τοῦτο
1495 1695 1762 1761 ἀναλεξά-

316 1803 365 1848 ν,
389 1786 472 1838 ὄτι
497 1786 622 1840 Εὰν
648 1785 890 1855 γένηται
911 1784 1063 1855 γυνὴ
1086 1785 1262 1854 ἀνδρὶ
1285 1786 1484 1854 ἑτέρῳ,
1503 1789 1615 1841 οὐκ
1636 1788 1761 1840 ἐπι-

263 2061 280 2113 l
311 2061 574 2127 ἀσεϐήςι
595 2063 644 2114 εί
671 2058 764 2116 οὖν
795 2064 937 2133 φανῇ
965 2062 1056 2116 τοῦ
1085 2062 1284 2134 ἀνδρὸς
1305 2064 1516 2131 ἀλόγως
1546 2063 1762 2132 ἀναχωο

240 2152 420 2226 idaea,
471 2154 499 2205 6
540 2152 639 2223 μὲν
665 2154 996 2225 συγγνώμης
1045 2155 1192 2220 ἄξιός
1224 2158 1394 2220 ἐστιν,
1431 2156 1547 2227 ἡδὲ
1580 2158 1760 2209 ἐπιτι-

229 2245 324 2300 ίων
346 2262 360 2276 ⁸
415 2247 450 2317 ἡ
485 2247 542 2300 δὲ
577 2246 872 2317 συγγνώμη
917 2245 1092 2319 τούτῳ
1120 2248 1255 2319 πρὸς
1297 2250 1357 2302 τὸ
1384 2250 1662 2302 κοινωνεῖν
1690 2249 1757 2319 τῇ

237 2338 494 2410 ἰκκλησίᾳ
537 2338 858 2410 δοθήσεται·
902 2339 930 2391 6
965 2341 1155 2408 μέντοι
1189 2339 1621 2411 καταλιμπάνων
1660 2339 1760 2412 τὴν

244 2436 430 2506 μίμως
483 2434 851 2504 συναφθεῖσαν
896 2434 1044 2506 αὐτῷ
1095 2437 1365 2504 γυναῖκα,
1418 2437 1513 2490 καὶ
1565 2433 1762 2507 ὲτᾶραν

175 2527 470 2597 ἀγόμενος,
516 2527 659 2581 κατά
699 2526 913 2598 τὴντοῦ
947 2527 1152 2599 Κυρίου
1191 2529 1486 2598 ἀπόφασιν,
1537 2529 1616 2601 τῷ
1661 2531 1763 2601 τῆς

178 2619 430 2689 μοιχείας
486 2619 776 2675 ὑπόκειται
800 2620 1031 2692 κρίματι
1051 2637 1066 2652 ο
1093 2623 1472 2676 κεκανόνισται
1520 2623 1576 2677 δὲ
1609 2623 1765 2695 παρὰ

175 2708 288 2761 τῶν
330 2709 590 2779 Πατέρων
631 2711 808 2782 ἡμῶν,
842 2713 969 2774 τοὺς
1006 2710 1284 2775 τοιούτους
1316 2713 1562 2767 ἐνιαυτὸν
1590 2731 1762 2785 προσ-

175 2803 412 2864 κλαίειν.
465 2803 668 2858 διετίαν
698 2804 1100 2874 ἐπακροᾶσθαι,
1132 2807 1374 2876 τριετίαν
1407 2807 1761 2872 ὑποπίπτειν,

175 2898 274 2948 καὶ
296 2896 376 2967 τῷ
419 2895 635 2966 ὲὸδόμῳ
679 2897 1034 2950 συνίστασθαι
1062 2899 1176 2962 τοῖς
1210 2902 1444 2964 πιστοῖς,
1495 2899 1592 2954 καὶ
1614 2898 1762 2954 οὕτω

174 2992 276 3061 τῆς
333 2993 650 3062 προσφορᾶς
703 2990 1117 3059 καταξιοῦσθαι,
1165 2993 1262 3048 ἐὰν
1312 2993 1454 3065 μετὰ
1504 2993 1760 3067 δακρύων

179 3085 618 3153 μετανοήσουσιν.

440 3175 759 3230 Βασιλεία)
796 3174 1000 3231 κανὼν
1032 3175 1098 3243 θ’,
1133 3175 1230 3243 λε’,
1266 3184 1380 3250 μην,
1413 3177 1509 3245 oC'.

247 3265 316 3320 θ’.
361 3267 424 3319 Ἦ
452 3267 508 3320 δὲ
536 3268 628 3321 τοῦ
656 3269 862 3340 Κυρίου
890 3270 1186 3339 ἀπόφασις,
1219 3274 1359 3327 κατά
1394 3273 1494 3344 μὲν
1530 3272 1631 3345 τὴν
1657 3273 1759 3344 τῆς

176 3358 393 3422 ἑννοίας
422 3358 762 3428 ἀκολουθίαν,
795 3361 854 3428 ἐξ
883 3363 998 3418 ίσου
1021 3365 1118 3418 καὶ¹
1147 3365 1370 3436 ἀνδράσι
1396 3366 1490 3420 καὶ⁵
1510 3367 1758 3435 γυναιξιν

173 3452 412 3522 ἁρμόζει
436 3453 681 3525 περὶτοῦ
724 3456 797 3527 μὴ
830 3456 1031 3522 ἐξεῖναι
1062 3459 1241 3528 γάμου
1273 3459 1588 3525 ἐξίστασθαι
1616 3477 1758 3531 παρ-

173 3547 335 3610 εκτὸς
381 3548 544 3616 λόγου
603 3551 892 3617 πορνείας·
941 3552 975 3622 ἡ
1027 3551 1085 3605 δὲ
1131 3551 1390 3621 συνήθεια
1438 3554 1538 3623 οὐχ
1583 3553 1758 3619 οὕτως

173 3639 291 3708 ἔχει
309 3659 322 3669 ”
350 3639 464 3693 ἀλλ’
486 3641 579 3694 ἐπὶ
608 3641 706 3711 μὲν
735 3642 843 3695 τῶν
867 3643 1164 3711 γυναικῶν,
1197 3645 1400 3714 πολλὴν
1429 3645 1758 3717 εὑρίσκομεν

171 3732 276 3802 τὴν
307 3731 717 3802 ἀκριϐολογίαν,
746 3733 841 3787 τοῦ
877 3734 978 3805 μὲν
1020 3735 1344 3788 Ἀποστόλου
1372 3736 1643 3806 λέγοντος,
1675 3739 1759 3793 ὅτι

187 3824 254 3876 '0
272 3823 744 3893 κολλώμενοςτῇ
765 3827 956 3896 πόρνῃ
970 3825 1041 3880 ἓν
1060 3826 1230 3896 σῶμά
1249 3828 1402 3882 ἐστι’
1423 3829 1515 3883 τοῦ
1527 3829 1584 3883 δὲ
1599 3829 1665 3883 Ἱε
1675 3847 1761 3901 ρε-

178 3914 330 3983 μίου,
359 3916 443 3968 ὅτι
474 3915 607 3970 Ἐὰν
627 3914 866 3985 γένηται
895 3917 1051 3986 γυνὴ
1074 3918 1246 3987 ἀνδρὶ
1273 3919 1473 3988 ἑτέρῳ,
1505 3921 1759 3976 οὐκέπι-

173 4006 434 4074 στρέψει
473 4007 620 4074 πρὸς
648 4007 756 4062 τὸν
776 4008 968 4076 ἄνδρα
991 4009 1202 4078 αὐτῆς,
1226 4011 1388 4066 ἀλλὰ
1404 4013 1756 4084 μιαινομένη

168 4099 592 4167 μιανθήσεται·
615 4101 707 4153 καὶ
723 4101 884 4156 πάλιν
898 4118 911 4133 ’
931 4103 992 4155 '0
1016 4101 1173 4171 ἔχων
1185 4104 1531 4173 μοιχαλίδα,
1555 4107 1760 4176 ἄφρων

173 4192 528 4260 καὶάσεόής
548 4209 562 4224 ·
591 4194 626 4265 ἡ
665 4193 722 4247 δὲ
754 4194 1012 4265 συνήθεια
1032 4233 1049 4260 ,
1082 4196 1176 4250 καὶ
1226 4197 1617 4267 μοιχεύσαντας
1667 4199 1759 4254 ἄν·

173 4284 334 4356 δρας,
362 4286 459 4336 καὶ
490 4286 549 4338 ὲν
577 4285 853 4356 πορνείαις
874 4286 1054 4353 ὄντας,
1079 4289 1402 4357 κατέχεσθαι
1431 4290 1536 4343 ὑπὸ
1564 4307 1757 4360 γυναι-

175 4377 294 4428 κῶν
332 4378 699 4446 προστάσσευ
735 4377 875 4432 ὥστε
910 4379 944 4449 ἡ
968 4377 1044 4449 τῷ
1069 4378 1349 4452 ἀφειμένῳ
1385 4382 1540 4454 ἀνδρὶ
1581 4400 1758 4437 συνοι-

176 4467 352 4520 κοῦσα
372 4508 386 4532 ,
413 4469 512 4520 οὐκ
539 4465 655 4522 οἴδα
675 4471 724 4522 εί
749 4469 972 4524 δύναται
996 4471 1243 4541 μοιχαλὶς
1271 4474 1630 4544 χρηματίζειν
1650 4491 1664 4505 ⁸
1694 4475 1755 4528 τὸ

960 389 1362 454 SYNTAGMA
1399 384 1795 452 CANONUM.
1819 413 1889 427 —
1913 388 2067 452 TIT.
2100 385 2273 463 XIII,
2315 385 2471 448 CAP.
2513 382 2614 446 IV.

1778 504 1823 558 A

1787 3207 1832 3272 C

3317 381 3425 448 906

2113 494 2340 552 Coneilii
2379 491 2812 564 Carthaginensis
2834 507 3005 548 canon
3039 490 3162 550 ιθε.

1934 587 2010 643 De
2038 589 2119 641 his
2168 589 2259 657 qui
2310 601 2524 654 uxores,
2553 597 2647 641 aut
2695 603 2811 658 qua:
2847 587 2989 643 viros
3021 587 3323 657 dimittunt,
3369 599 3432 644 ut

1856 679 1933 731 sic
1965 686 2234 731 maneant.

1931 769 2051 822 102.
2088 768 2300 824 Placuit
2323 769 2395 835 “,
2427 779 2486 824 ut
2508 769 2807 826 secundum
2832 770 3200 841 evangelicam
3225 779 3278 826 et
3301 786 3438 840 apo-

1859 859 2110 916 stolicam
2166 860 2535 931 disciplinam,
2580 876 2756 932 neque
2813 863 3074 918 dimissus
3125 866 3194 917 ab
3241 878 3435 928 uxore,

1859 967 2038 1023 neque
2085 953 2310 1009 dimissa
2361 969 2390 1007 a
2439 954 2659 1020 marito,
2711 955 2865 1010 alteri
2897 955 3302 1026 conjungatur;
3341 957 3438 1012 sed

1858 1045 1933 1100 ita
1966 1054 2242 1111 maneant,
2281 1054 2374 1100 aut
2423 1046 2642 1103 sibimet
2689 1049 3152 1105 reconcilientur:
3207 1049 3353 1119 quod
3386 1047 3436 1103 si

1859 1139 2310 1207 contempserint,
2355 1137 2424 1192 ad
2462 1140 2836 1208 pmnitentiam
2891 1139 3210 1211 redigantur
3256 1141 3322 1195 ’⁸.
3376 1138 3438 1195 In

1861 1242 1968 1296 qua
2019 1242 2187 1282 causa
2235 1227 2409 1296 legem
2448 1228 2788 1299 imperialem
2851 1230 2966 1300 (5t)
3000 1230 3296 1301 petendum
3353 1240 3440 1287 est

1861 1319 2220 1389 promulgari.

2161 1408 2386 1464 Consilii
2414 1409 2718 1466 aeeumenici
2751 1427 2802 1467 v1
2841 1429 3010 1468 canon
3037 1413 3129 1470 87.

1934 1503 2023 1559 87.
2058 1502 2191 1570 Qua:
2219 1504 2262 1536 ¹⁸
2297 1505 2556 1559 maritum
2583 1505 2823 1575 reliquit,
2871 1517 2953 1562 est
2979 1508 3247 1575 adultera,
3275 1508 3321 1564 si
3346 1523 3438 1566 ve-

1863 1596 2004 1651 nerit
2030 1597 2098 1651 ad
2133 1596 2320 1661 alium,
2353 1605 2415 1652 ut
2457 1599 2576 1653 vult
2607 1613 2762 1654 sacer
2811 1607 2867 1654 et
2907 1600 3125 1656 divinus
3176 1600 3436 1666 Basilius,

1863 1687 1956 1756 qui
2023 1702 2090 1742 ex
2136 1686 2371 1744 Ieremia
2425 1690 2689 1760 propheta
2738 1690 2846 1746 hoc
2899 1693 3105 1761 Optime
3169 1694 3438 1766 collegit:

1868 1778 2020 1843 Quod
2043 1778 2087 1832 si
2121 1779 2216 1833 alii
2241 1781 2351 1834 viro
2375 1796 2512 1834 uxor
2539 1782 2722 1851 fuerit,
2766 1783 2835 1836 ad
2861 1785 3115 1838 maritum
3145 1802 3299 1839 suum
3333 1804 3444 1842 non

279 1878 431 1947 δέψει
452 1879 603 1948 πρὸς
621 1851 729 1934 τὸν
757 1851 948 1949 ἄνδρα
977 1851 1212 1947 αὐτῆς,
1407 1880 1758 1949 μιαινομένη

1872 1882 2210 1938 ronvertetur,
2267 1874 2357 1928 sed
2403 1875 2610 1944 polluta
2664 1877 2930 1945 polluetur
2963 1878 3028 1934 ".
3080 1879 3148 1934 Et
3209 1896 3440 1938 rursus:

283 1969 574 2037 νθήσεται
591 1985 605 1999 ’
629 1969 723 2024 καὶ
745 1969 927 2023 πάλινο
952 1969 1012 2022 '0
1031 1968 1186 2040 ἔχων
1202 1968 1546 2038 μοιχαλίδα,
1559 1970 1758 2039 ἄφρων

1872 1962 1972 2028 Qui
2011 1973 2189 2019 autem
2232 1967 2426 2021 detinet
2483 1967 2806 2036 adulteram,
2861 1980 2939 2024 est
2973 1971 3221 2042 insipiens
3258 1983 3306 2027 et
3341 1975 3444 2027 int-

1862 2057 1981 2125 pius
2018 2057 2080 2112 ¹⁵.
2141 2057 2198 2113 Si
2249 2073 2380 2130 ergo
2416 2070 2612 2129 przeter
2663 2063 2931 2118 rationem
2973 2079 3004 2117 a
3050 2065 3247 2119 marito
3276 2065 3444 2137 417

1863 2151 2160 2206 recessisse
2204 2151 2322 2206 visa
2370 2152 2462 2216 sit,
2513 2153 2604 2208 ille
2631 2155 2850 2224 quidem
2907 2157 3064 2212 venia
3105 2159 3303 2230 dignus
3333 2169 3441 2226 est,

1865 2243 1980 2299 lucc
2025 2257 2152 2299 vero
2209 2259 2390 2314 poena.
2427 2246 2506 2301 Illi
2559 2258 2741 2303 autem
2769 2249 2924 2305 venia
2969 2251 3210 2316 dabitur,
3247 2261 3309 2306 ut
3337 2253 3443 2307 Ec-

1863 2337 2042 2393 clesiae
2081 2341 2467 2394 communicet.
2500 2339 2604 2395 Sed
2629 2341 2677 2396 ei
2710 2342 2806 2408 qui
2854 2341 3096 2413 legitime
3125 2343 3228 2400 sibi
3257 2343 3445 2400 datam

1864 2445 2092 2487 uxorem
2143 2431 2427 2503 relinquit,
2480 2441 2534 2490 et
2563 2434 2724 2489 aliam
2765 2435 2938 2502 ducit,
2993 2452 3025 2492 e
3065 2436 3280 2492 Domini
3313 2453 3446 2494 sen-

1872 2524 2044 2578 tentia
2079 2523 2125 2556 ¹⁸
2150 2533 2232 2580 est
2260 2525 2513 2580 adulterii
2550 2526 2759 2592 Judicio
2786 2528 3077 2586 obnoxius.
3109 2532 3150 2585 Α
3187 2530 3445 2588 Patrihus

1864 2615 2010 2670 enim
2044 2617 2246 2672 nostris
2273 2627 2537 2674 statutum
2568 2630 2671 2688 est,
2705 2629 2766 2676 ut
2793 2622 2887 2692 qui
2921 2632 3051 2678 sunt
3073 2623 3346 2693 ejusmodi
3375 2625 3440 2693 ",

1866 2723 2071 2765 annum
2111 2709 2366 2777 deﬂeant,
2393 2712 2620 2768 biennio
2652 2714 2900 2783 audiant,
2939 2717 3175 2773 triennio
3199 2717 3448 2774 subster-

1866 2809 2092 2868 nantur,
2127 2811 2182 2858 et
2211 2802 2446 2872 septimo
2469 2818 2598 2858 cum
2641 2803 2897 2862 ﬁdelibus
2929 2806 3259 2876 consistant,
3289 2815 3344 2862 et
3363 2804 3446 2862 sic

1864 2892 2141 2952 oblatione
2167 2893 2322 2966 digni
2355 2894 2682 2952 habeantur.

2206 3178 2400 3234 Basilii
2422 3196 2646 3236 canones
2669 3181 2722 3247 9,
2752 3182 2844 3247 35,
2867 3181 2956 3248 48,
2998 3182 3090 3237 77.

1939 3267 1992 3326 9.
2035 3269 2211 3340 IEque
2242 3272 2376 3327 viris
2403 3282 2457 3328 et
2489 3273 2815 3328 mulieribus
2849 3276 3108 3329 convenit
3138 3276 3444 3331 secundum

1868 3362 2152 3417 sententiae
2185 3363 2628 3420 consecutionem
2659 3365 2808 3435 quod
2846 3379 2877 3420 a
2913 3364 3144 3421 Domino
3191 3383 3442 3437 pronun-

1869 3455 2064 3510 tiatum
2103 3464 2205 3522 est,
2261 3472 2371 3511 non
2419 3457 2586 3513 licere
2651 3471 2682 3511 a
2733 3458 3090 3514 matrimonio
3140 3459 3445 3526 discedere,

1873 3548 1977 3603 nisi
2019 3548 2093 3604 ob
2143 3547 2588 3604 fornicationem.
2625 3550 2982 3606 Consuetudo
3012 3563 3190 3607 autem
3225 3568 3331 3606 non
3365 3554 3448 3608 sic

1870 3656 1930 3696 se
1973 3641 2153 3707 habet,
2202 3642 2295 3696 sed
2341 3641 2663 3697 mulieribus
2713 3643 2936 3712 quidem
2978 3645 3144 3697 multa
3194 3655 3447 3699 accurate

1869 3732 2149 3788 observari
2192 3734 2670 3803 deprehendimus,
2718 3751 2840 3789 cum
2891 3736 3186 3806 Apostolus
3222 3737 3445 3806 quidem

1869 3825 2054 3879 dicat:
2094 3824 2248 3890 Quod
2293 3826 2383 3895 qui
2427 3827 2658 3880 adltwret
2704 3828 2988 3894 meretrici,
3025 3827 3086 3897 ﬁt
3118 3844 3282 3880 unum
3326 3843 3448 3881 cor-

1872 3931 1969 3983 pus
2005 3915 2086 3982 “;
2123 3913 2391 3972 Jeremias
2413 3931 2575 3972 vero:
2613 3915 2766 3982 Quod
2811 3918 2858 3971 si
2897 3918 3054 3986 fuerit
3090 3917 3279 3971 mulier
3304 3935 3445 3984 cum,

1871 4010 1980 4063 alio
2006 4009 2141 4073 viro,
2186 4025 2292 4062 non
2313 4018 2597 4064 revertetur
2628 4010 2696 4062 ad
2722 4010 2892 4063 virum
2917 4025 3094 4072 suum,
3125 4010 3215 4063 sed
3238 4009 3446 4079 polluta

1867 4100 2132 4170 polluetur
2164 4102 2239 4168 ";
2271 4111 2326 4155 et
2360 4100 2596 4155 iterum:
2635 4099 2739 4166 Qui
2766 4100 2919 4154 habet
2950 4100 3272 4165 adulteram,
3309 4102 3447 4153 stul-

1870 4203 1954 4247 tus
1983 4204 2059 4248 est
2089 4203 2135 4248 et
2166 4193 2360 4263 impius
2391 4193 2459 4247 ³ο.
2496 4193 2851 4248 Consuetudo
2881 4203 3062 4247 autem
3093 4193 3255 4246 etiam
3288 4192 3444 4246 adul-

1869 4295 2016 4344 teros
2051 4288 2197 4342 viros
2235 4296 2290 4342 et
2322 4287 2375 4342 in
2413 4285 2870 4342 fornicationibus
2907 4296 3190 4342 versantes
3213 4286 3370 4353 jubet
3411 4300 3441 4338 a

1869 4381 2192 4436 mulieribus
2229 4379 2476 4435 retineri.
2524 4377 2709 4445 Quare
2751 4394 2873 4448 quae
2904 4393 3012 4433 una
3042 4394 3166 4434 cum
3203 4378 3322 4432 viro
3361 4378 3447 4432 di-

1871 4473 2043 4528 misso
2071 4472 2300 4538 habitat,
2348 4471 2534 4526 nescio
2572 4486 2641 4524 an
2675 4472 2850 4540 possit
2883 4471 3134 4526 adultera
3161 4471 3444 4541 appellari.

175 4563 288 4629 γάρ
336 4561 588 4631 ἔγκλημα
640 4561 893 4628 ἐνταῦθα,
940 4562 1040 4633 τῆς
1070 4563 1422 4635 ἀπολυσάσης
1460 4565 1550 4619 τὸν
1593 4566 1758 4638 ἄνδρα

1872 4563 2084 4621 Crimen
2128 4563 2275 4618 enim
2340 4563 2429 4617 hic
2478 4563 2697 4632 attingit
2740 4562 3048 4630 mulierem,
3096 4578 3218 4634 qua:
3265 4563 3444 4618 virum

173 4653 438 4718 ἅπτεται,
469 4654 610 4708 κατά
645 4654 804 4709 ποίαν
837 4657 1017 4710 αἰτίαν
1047 4657 1260 4729 ἀπέστη
1288 4658 1382 4710 τοῦ
1414 4659 1614 4728 γάμου”
1645 4657 1757 4710 εἴτε

174 4750 288 4815 γὰρ
316 4746 630 4816 τυπτομένη
670 4747 743 4816 μὴ
784 4748 1024 4819 φέρουσα
1056 4748 1157 4812 τὰς
1197 4749 1431 4821 πληγὰς,
1466 4750 1758 4819 ὑπομένειν

175 4836 350 4905 ἐχρῆν
376 4836 596 4904 μᾶλλον,
626 4837 659 4908 ἢ
687 4836 1068 4910 διαζευχθῆναι
1100 4839 1194 4894 τοῦ
1216 4841 1614 4906 συνοικοῦντος*
1647 4841 1757 4895 εἴτε

173 4932 276 4995 τὴν
302 4930 382 4990 εἰς
407 4929 477 4980 τὰ
509 4929 768 4999 χρήματα
797 4929 1002 5001 ζημίαν
1035 4932 1108 5004 μὴ
1145 4933 1416 5005 φέρουσα,
1459 4935 1578 4988 οὐδὲ
1616 4933 1754 5007 αὕτη

175 5021 205 5090 ὴ
245 5020 518 5089 πρόφασις
541 5021 817 5091 ἀξιόλογος
838 5038 852 5053 °
885 5025 934 5076 εί
959 5023 1016 5076 δὲ
1045 5025 1134 5082 διὰ
1160 5027 1220 5079 τὸ
1249 5029 1306 5082 ὲν
1337 5031 1564 5100 πορνείᾳ
1595 5027 1758 5081 αὑτὸν

177 5111 300 5181 ζῇν,
335 5112 436 5163 οὐκ
455 5110 687 5181 ἔσχομεν
717 5113 876 5166 τοῦτο
899 5116 956 5168 ὲν
985 5116 1050 5186 τῇ
1086 5115 1345 5189 συνηθείᾳ
1377 5121 1440 5186 τῇ
1470 5118 1762 5188 ἐκκλησια-

179 5205 343 5273 στικῇ
395 5204 454 5255 τὸ
509 5206 915 5276 παρατήρημα·
976 5206 1112 5260 ἀλλὰ
1163 5208 1257 5262 καὶ
1302 5204 1529 5262 ἀπίστου
1566 5209 1762 5279 ἀνδρὸς

177 5295 513 5365 χωρίζεσθαι
556 5297 618 5349 οὐ
651 5297 1002 5369 προσετάχθη
1036 5299 1199 5369 γυνὴ,
1232 5298 1368 5353 ἀλλὰ
1423 5302 1762 5371 παραμένειν

177 5389 263 5442 διὰ
313 5391 376 5441 το
416 5388 611 5459 ἄδηλον
656 5392 755 5461 τῆς
801 5391 1082 5458 ὲκόάσεως
1105 5409 1118 5422 °
1144 5393 1204 5448 Τί
1221 5394 1330 5463 γὰρ
1351 5388 1537 5459 οἶδας,
1565 5395 1758 5463 γύναι,

1865 4656 2095 4720 dimisit,
2127 4668 2363 4725 quanam
2395 4653 2463 4709 de
2504 4668 2673 4708 causa
2721 4668 2753 4708 a
2803 4654 3057 4726 coniugio
3104 4655 3443 4710 discesserit.

1867 4749 1997 4805 Sive
2035 4749 2181 4803 enim
2219 4762 2480 4818 percussa
2512 4747 2700 4817 plagas
2741 4761 2848 4801 non
2887 4747 3050 4814 ferat,
3089 4747 3231 4802 ferre
3265 4749 3443 4803 satius

1866 4851 1985 4896 erat
2036 4855 2201 4910 quam
2252 4855 2283 4894 a
2318 4839 2552 4910 conjuge
2581 4840 2868 4909 separari:
2915 4840 3030 4896 sive
3075 4841 3335 4895 damnum
3388 4841 3444 4893 in

1868 4935 2114 5004 pecuniis
2142 4947 2248 4988 non
2275 4932 2436 4996 ferat,
2470 4948 2539 4987 ne
2565 4932 2677 4988 haec
2699 4933 2918 5002 quidem
2949 4933 3096 5003 justa
3124 4934 3442 4988 excusatio:

1867 5026 1956 5082 sin
1989 5033 2194 5091 autem,
2237 5023 2502 5094 quoniam
2527 5023 2647 5095 ipse
2676 5026 2809 5080 vivit
2833 5026 2886 5089 in
2918 5025 3294 5087 fornicatione.
3336 5041 3446 5080 non

1868 5119 2132 5173 habemus
2156 5119 2298 5172 hanc
2324 5117 2378 5171 in
2405 5118 2780 5173 ecclesiastica
2821 5119 3218 5173 consuetudine
3257 5118 3449 5172 obser-

1868 5212 2164 5274 vationem,
2205 5210 2316 5263 imo
2350 5224 2480 5265 vero
2526 5211 2595 5264 ab
2644 5210 2846 5266 inﬁdeli
2887 5212 3004 5264 viro
3036 5226 3142 5264 non
3171 5211 3327 5280 jussa
3360 5221 3446 5267 est

1871 5301 2065 5355 mulier
2088 5302 2355 5370 separari,
2393 5302 2486 5357 sed
2526 5314 2746 5372 propter
2769 5312 3021 5357 eventum
3057 5304 3324 5358 incertum
3361 5321 3448 5358 rc-

1869 5405 2109 5446 manerc.
2142 5390 2283 5456 Quid
2305 5391 2566 5453 enimsic,
2594 5392 2803 5458 mulier,
2837 5408 2906 5444 an
2935 5391 3104 5445 virum
3138 5393 3343 5446 salvum
3370 5394 3445 5450 sis

177 5482 224 5532 sl
247 5479 359 5532 τὸν
381 5479 571 5549 ἄνδρα
594 5479 815 5548 σώσεις
825 5499 846 5548 ;
865 5482 1006 5537 ὥστε
1033 5487 1068 5556 ἡ
1099 5484 1494 5549 καταλιποῦσα,
1513 5483 1758 5554 μοιχαλὶς

1872 5489 2078 5556 factura
2099 5487 2141 5516 ἰ
2168 5484 2190 5538 ?
2231 5483 2436 5552 Quare,
2462 5499 2585 5555 quae
2615 5484 2859 5554 reliquit,
2892 5495 2976 5539 est
2999 5484 3265 5549 adultera,
3300 5485 3344 5540 si
3375 5486 3444 5540 ad

251 5597 293 5665 ιδ
331 5594 476 5649 Cone
506 5593 725 5650 Milevit.
774 5611 833 5659 ιι,
899 5611 1019 5665 cap.
1057 5596 1133 5664 7.;
1183 5597 1353 5654 Afric.
1413 5599 1480 5654 69
1551 5615 1603 5654 c.

181 5664 225 5697 "
263 5663 465 5718 Jerem.
509 5681 591 5730 ιιι,
623 5668 674 5720 1.
757 5667 798 5697 ⁸⁵
832 5663 990 5722 Prov.
1021 5663 1175 5734 XVlll,
1215 5670 1285 5723 22

1707 5599 1749 5629 ¹¹
1785 5598 1970 5654 Μιιιιι.
2019 5615 2069 5663 v,
2112 5599 2215 5667 52;
2259 5599 2432 5657 lCor.
2472 5616 2568 5662 vn,
2619 5599 2705 5660 10,
2758 5600 2843 5654 Η.

1433 5671 1477 5701 ’⁸
1514 5669 1779 5732 ΜοιιιιιΑν,
1812 5673 1902 5725 52.
1994 5672 2033 5702 ⁸⁷
2094 5671 2229 5726 (Jan.
2281 5668 2370 5725 57.
2431 5671 2834 5741 Basiliihlugui.

183 5735 223 5768 "
244 5735 450 5791 δίει-ειη.
483 5751 566 5802 ιιι,
598 5736 648 5792 i.
726 5737 771 5770 "
795 5735 955 5792 Prov.
987 5754 1142 5805 xvut,
1173 5740 1263 5794 22.
1341 5743 1381 5773 ²¹
1421 5741 1434 5796 1
1465 5743 1590 5796 Cor.
1627 5758 1720 5808 vn,
1760 5743 1843 5798 lli.

2972 5602 3014 5633 ³³
3062 5599 3197 5655 Can.
3250 5600 3302 5661 9,
3350 5593 3440 5648 ‘2‘:

2961 5673 3001 5703 ’⁸
3029 5672 3045 5726 l
3077 5671 3202 5725 Cor.
3247 5685 3318 5734 vt,
3355 5666 3439 5721 16·

253 5848 378 5920 (51)
420 5845 551 5915 Qua
582 5863 690 5904 non
724 5849 922 5920 legitur
951 5857 1084 5909 tune
1126 5853 1429 5924 impetrata.
1470 5853 1604 5911 Vide
1647 5858 1876 5928 August.
1909 5873 2075 5914 scrm.
2111 5857 2198 5925 69,
2230 5858 2372 5912 inter
2399 5853 2467 5910 50
2523 5854 2673 5911 hom.

481 5942 755 6003 PATBUL.
811 5943 927 6005 GR.
964 5949 1122 6009 CIV.

3005 5947 3085 6008 29
