3870 6290
598 459 768 515 alium
815 458 994 512 virum
1038 454 1287 512 accessit.
1320 452 1424 520 Qui
1467 461 1649 507 autem
1691 448 1909 504 relictus
1950 456 2056 511 est,
2097 446 2180 502 di-

600 567 741 625 gnus
770 561 855 608 est
886 549 1065 615 venia,
1117 556 1173 603 et
1206 561 1329 619 qua;
1374 560 1485 601 una
1512 557 1638 601 cum
1690 557 1758 598 eo
1796 541 2029 607 habitat,
2067 554 2177 595 non

599 644 1019 701 condemnatur.
1055 640 1223 713 418
1250 638 1357 695 Sed
1399 638 1446 694 si
1485 636 1589 703 vir,
1636 635 1731 705 qui
1760 636 1829 693 ab
1852 650 2030 692 uxore
2074 634 2184 690 dis-

602 740 788 804 cessit,
822 736 1057 792 accessit
1095 735 1165 790 ad
1214 732 1401 797 aliam,
1432 739 1517 786 est
1542 738 1600 785 et
1638 729 1751 800 ipse
1779 730 2012 796 adulter,
2045 727 2175 800 quia

603 831 734 887 facit
770 839 828 885 ut
875 830 993 900 ipsa
1041 827 1373 883 adulterium
1409 824 1749 889 committat;
1797 830 1852 877 et
1905 837 2027 892 qua
2068 837 2174 877 una

603 936 730 977 cum
784 921 905 991 ipso
946 919 1178 983 habitat,
1220 925 1307 974 est
1354 916 1627 982 adultera,
1661 914 1791 986 quia
1821 914 2059 970 alienum
2090 912 2175 967 vi-

602 1027 725 1067 rum
763 1012 829 1065 ad
860 1026 919 1066 se
949 1008 1210 1066 traduxit.

674 1104 764 1158 55.
805 1102 866 1157 in
896 1102 1095 1158 marito
1134 1102 1203 1157 ab
1238 1114 1413 1158 uxore
1462 1098 1724 1157 derelicto
1774 1096 2172 1171 consideranda

602 1194 977 1252 derelictionis
1022 1208 1231 1251 causa:
1284 1207 1350 1250 ac
1389 1193 1438 1250 si
1478 1207 1601 1248 eam
1646 1197 1847 1263 praeter
1904 1190 2175 1244 rationem

603 1286 896 1345 secessisse
919 1287 1248 1352 constiterit,
1278 1285 1371 1341 ille
1390 1284 1609 1356 quidem
1635 1283 1834 1354 dignus
1858 1281 2035 1347 venia,
2059 1281 2176 1335 hinc

604 1393 735 1434 vero
803 1377 997 1432 multa.
1028 1375 1202 1433 Venia
1237 1374 1421 1433 autem
1446 1376 1518 1444 ei,
1555 1385 1614 1431 ut
1638 1371 1898 1430 Ecclesia:
1925 1386 2177 1429 commu-

603 1471 769 1538 nicet,
792 1468 1030 1526 dabitur.

672 1582 763 1641 48.
796 1582 929 1650 Quae
956 1599 987 1638 a
1016 1583 1212 1638 marito
1259 1581 1443 1639 relicta
1476 1588 1582 1649 est,
1628 1593 1751 1635 mea
1780 1578 2001 1650 quidem
2050 1591 2181 1634 sen-

602 1678 793 1744 tentia,
827 1692 1049 1731 manere
1082 1675 1258 1740 debet,
1290 1674 1347 1729 Si
1395 1673 1543 1731 enim
1593 1671 1860 1728 Dominus
1903 1672 2040 1727 dixit
2074 1668 2177 1727 :Si

603 1770 719 1840 quis
754 1767 1017 1839 relinquat
1048 1783 1285 1831 uxorem,
1330 1774 1544 1835 excepta
1584 1763 1951 1833 fornicationis
1986 1780 2172 1829 causa,

603 1861 735 1931 facit
773 1876 889 1915 eam
930 1860 1187 1914 mwchari
1212 1859 1379 1913 “:ex
1426 1872 1490 1913 eo
1536 1855 1683 1928 quod
1722 1870 1841 1911 eam
1872 1854 2176 1910 adulteram

600 1961 782 2017 vocet,
807 1950 1080 2021 praeclusit
1129 1951 1179 2005 ei
1234 1948 1677 2020 coniunctionem
1709 1962 1831 2004 cum
1868 1947 1997 2002 alio.
2025 1945 2175 2014 Quo-

606 2044 771 2099 modo
801 2043 947 2097 enim
980 2040 1156 2113 possit
1179 2041 1264 2095 vir
1290 2039 1509 2111 quidem
1531 2053 1656 2096 esse
1682 2054 1830 2106 reus,
1863 2046 1926 2093 ut
1957 2037 2176 2094 adulte-

607 2137 675 2191 rii
716 2150 901 2201 causa,
956 2135 1155 2190 mulier
1193 2148 1324 2190 vero
1373 2133 1667 2204 inculpata,
1705 2148 1825 2203 quae
1851 2132 2097 2186 adultera
2144 2144 2176 2185 a

606 2228 840 2285 Domino
880 2227 952 2283 ob
984 2224 1425 2299 coniunctionem
1469 2240 1595 2283 cum
1634 2225 1744 2282 alio
1765 2223 2034 2296 appellata
2056 2222 2178 2279 est?

677 2501 769 2559 77.
811 2500 917 2569 Qui
961 2500 1224 2571 relinquit
1256 2500 1497 2573 legitime
1544 2500 1649 2558 sibi
1698 2500 2008 2572 copulatam
2060 2516 2178 2557 mu-

610 2592 817 2657 lierem,
849 2604 903 2647 et
944 2592 1104 2646 aliam
1153 2593 1326 2655 ducit,
1352 2607 1423 2646 ex
1457 2590 1674 2646 Domini
1715 2593 1981 2647 sententia
2021 2592 2179 2648 adul-

609 2684 731 2739 terii
775 2684 1066 2755 subjicitur
1114 2684 1343 2754 judicio.
1408 2681 1514 2738 Sed
1546 2690 1808 2738 statutum
1845 2691 1926 2738 est
1948 2681 2177 2739 Patrum

542 2804 548 2809 ο
610 2785 923 2833 nostrorum
976 2777 1303 2842 cauonibus,
1348 2788 1407 2830 ut
1454 2776 1491 2830 ii
1538 2790 1683 2831 anno
1726 2770 1911 2841 ileant,
1958 2774 2180 2831 biennio

611 2869 859 2935 audiant,
891 2868 1128 2924 triennio
1157 2869 1593 2936 substernantur,
1622 2868 1854 2938 septimo
1876 2868 2181 2923 consistant

611 2978 735 3017 cum
766 2960 1036 3028 ﬁdelibus,
1071 2969 1125 3016 et
1151 2963 1225 3015 ita
1266 2961 1544 3016 oblatione
1581 2961 1728 3032 digni
1765 2961 2097 3029 habeantur,
2132 2961 2178 3017 si

610 3069 736 3109 cum
771 3053 1030 3124 lacrymis
1068 3053 1445 3124 ptenitentiam
1471 3054 1703 3125 egerint.

686 3213 903 3270 Toxlus.
945 3214 1022 3271 De
1077 3214 1444 3286 disjunctione
1473 3216 1945 3274 matrimoniorum
1987 3218 2176 3273 multis

611 3307 746 3366 locis
794 3309 971 3373 civilis
993 3308 1161 3381 419
1215 3310 1300 3364 lex
1340 3311 1579 3377 disserit,
1612 3312 1852 3369 maxime
1902 3322 2083 3367 autem
2123 3314 2179 3366 in

620 3402 717 3458 lib.
745 3417 873 3469 xxv,
917 3402 1000 3458 tit.
1032 3402 1090 3469 2,
1120 3410 1173 3457 et
1205 3402 1298 3457 lib.
1323 3419 1375 3469 ν,
1408 3405 1528 3459 cod.
1564 3404 1650 3458 tit.
1682 3403 1747 3458 i7
1775 3413 1831 3461 et
1861 3402 2083 3459 Novella
2113 3404 2182 3459 de

612 3492 1143 3565 nuptiis.Peri‘ectius
1161 3502 1342 3549 autem
1359 3491 1578 3549 Novella
1600 3492 1944 3566 inlutquae]
1959 3508 2181 3564 expres-

612 3600 673 3642 se
709 3599 907 3640 causas
931 3584 1157 3654 exponit
1189 3584 1261 3640 ob
1288 3600 1427 3655 quas
1450 3584 1592 3658 [aut]
1636 3584 1865 3639 maritus
1908 3593 2003 3639 aut
2042 3595 2181 3639 uxor

614 3678 902 3748 repudium
948 3678 1163 3733 mittere
1190 3679 1419 3748 possint.
1446 3681 1622 3747 Atque
1652 3676 1908 3748 [maritus
1930 3675 2177 3750 quidem]

614 3769 799 3824 dotem
839 3768 1103 3830 lucratur,
1138 3766 1258 3836 ejus
1305 3765 1606 3820 dominium
1642 3765 1828 3820 liberis
1864 3779 1931 3820 ex
1960 3779 2027 3819 eo
2056 3778 2181 3818 ma-

614 3858 876 3914 trimonio
930 3858 1314 3928 superstitibus
1334 3867 1669 3925 servaturos,
1702 3858 1746 3913 si
1778 3856 1923 3929 [cum
1958 3855 2177 3931 mulier]

616 3953 831 4022 aliquos
890 3951 1250 4021 imperatoria:
1312 3952 1615 4022 majestatis
1682 3952 1931 4009 insidiari
1994 3953 2179 4017 sciret,

618 4042 723 4116 [id]
757 4043 956 4099 marito
1016 4058 1117 4100 suo
1157 4058 1268 4099 non
1322 4043 1755 4101 manifestaverit
1785 4062 1799 4099 :
1827 4046 1973 4101 illam
2039 4044 2183 4118 [ma-

1774 332 2035 394 PHOTH
2076 328 2579 392 PATRIARCHE
2596 328 2713 392 (ΞΡ.

2207 452 2253 511 Α
2282 446 2330 499 εί
2358 446 2445 500 ἐπ’
2498 444 2660 502 ἄλλον
2694 438 2858 515 ἦλθεν
2905 441 3107 513 ἄνδραο
3139 442 3170 497 6
3212 440 3274 497 δὲ
3300 443 3641 517 καταλειφθεὶς
3670 468 3771 527 συγ.

2280 538 2557 610 γνωστδς’,
2600 538 2697 595 καὶ
2726 539 2760 609 ἡ
2792 535 3115 591 συνοικοῦσα
3144 535 3225 607 τῷ
3248 537 3466 609 τοιούτῳ
3488 540 3547 595 οὐ
3567 550 3775 620 κατακρίι

2279 646 2431 683 νεται
2452 645 2467 660 ·
2498 630 2547 682 εί
2579 627 2763 699 μέντοι
2790 628 2819 681 6
2848 625 2989 697 ἀνὴρ
3020 626 3049 679 6
3078 625 3323 689 ἀποστὰς
3352 627 3445 697 τῆς
3470 633 3686 698 γυναικὸς
3707 638 3773 691 ἐπ’

2279 719 2447 790 ἀλλην
2469 714 2627 791 ἦλθε,
2648 718 2744 772 καὶ
2766 715 2930 780 αὐτὸς
2961 714 3145 788 μοιχός
3160 730 3175 746 ⁶
3205 715 3339 770 διότι
3363 719 3498 771 ποιεῖ
3523 720 3666 792 αὐτὴν
3690 742 3777 795 μοι.

2279 811 2574 883 χευθῆναι,
2609 810 2703 877 καὶ
2727 812 2761 881 ἠ
2810 808 3132 863 συνοικοῦσα
3187 807 3336 880 αὐτῷ
3386 810 3632 879 μοιχαλὶς,
3676 814 3777 871 διότι

2280 904 2564 975 ἀλλότριον
2588 902 2759 975 ἄνδρα
2786 902 2925 975 πρὸς
2956 900 3157 973 ἑαυτὴν
3188 900 3527 974 μετέστησεν,

2350 1086 2446 1143 λε’.
2498 1088 2622 1142 Ἐπὶ
2670 1087 2729 1141 δὲ
2775 1085 2868 1140 τοῦ
2900 1082 3360 1155 καταλειφθέντος
3398 1085 3577 1159 ἀνδρὸς
3602 1087 3781 1162 ὑπὸτῆς

2279 1182 2555 1254 γυναικὸς,
2580 1183 2679 1251 τὴν
2702 1180 2879 1236 αίτίαν
2902 1179 3008 1251 χρὴ
3033 1179 3258 1234 σκοπεῖν
3276 1177 3377 1250 τῆς
3399 1179 3779 1252 ἐγκαταλείψεωῆ

2280 1276 2387 1331 κᾶν
2432 1276 2575 1345 φανῇ
2623 1274 2835 1343 ἀλόγως
2868 1272 3299 1343 ἁναχωρήσασα,
3325 1272 3357 1325 6
3394 1270 3492 1341 μὲν
3521 1274 3782 1345 συγγνώμης

2280 1368 2429 1422 ἐστὶν
2465 1366 2634 1434 ἄξιος,
2677 1367 2713 1436 ἠ
2744 1363 2802 1418 δὲ
2847 1363 3129 1435 ἐπιτιμίου
3150 1379 3163 1393 ·
3198 1364 3233 1435 ἡ
3265 1362 3324 1416 δὲ
3356 1361 3632 1435 συγγνώμη
3657 1367 3782 1437 τούτῳ

2281 1460 2507 1530 πρὸςτδ
2533 1460 2811 1514 κοινωνεῖν
2836 1460 2903 1529 τῇ
2948 1454 3245 1528 Ἐκκλησία
3273 1455 3569 1527 δοθήσεται.

2353 1572 2465 1647 μη’.
2518 1572 2584 1627 Ἦ
2625 1572 2682 1626 δὲ
2737 1569 3232 1642 ὲγκαταλειφθεϊσα
3279 1568 3433 1638 παρᾶ
3474 1567 3562 1622 τοῦ
3608 1570 3779 1640 ανδρδς,

2281 1667 2422 1723 κατὰ
2441 1666 2542 1739 τὴν
2566 1664 2708 1738 ἐμὴν
2728 1664 2956 1736 γνώμην
2978 1664 3160 1735 μένειν
3181 1662 3387 1732 ὀφείλει
3408 1662 3608 1733 ἄγαμος
3626 1678 3638 1692 ο
3658 1664 3697 1716 εἰ
3712 1664 3785 1734 γὰρ

2281 1761 2309 1813 6
2346 1759 2553 1829 Κύριος
2591 1753 2774 1811 είπεψ
2833 1755 2981 1810 Ἐάν
3009 1772 3099 1822 τις
3130 1754 3436 1823 καταλίπῃ
3471 1752 3695 1823 γυναῖκα
3716 1755 3784 1808 ἐκ·

2280 1849 2387 1917 τὸς
2430 1849 2618 1920 λόγου
2667 1847 2972 1917 πορνείας,
3016 1845 3175 1902 ποιεῖ
3207 1843 3407 1915 αὐτὴν
3444 1843 3786 1916 μοιχευθῆναι,

2287 1945 2353 1997 ὲκ
2405 1941 2501 1996 τοῦ
2562 1941 2842 2014 μοιχαλίδα
2911 1940 3082 2013 αὐτὴν
3148 1937 3422 2010 ὀνομάσαι
3444 1975 3463 2005 ,
3538 1937 3789 1991 ἀπέκλεισεν

2289 2035 2459 2107 αὐτὴν
2488 2035 2588 2105 τῆς
2619 2035 2758 2106 πρὸς
2817 2034 3008 2105 ἓτερον
3066 2032 3355 2095 κοινωνίας
3377 2045 3394 2062 ο
3456 2029 3569 2094 πῶς
3610 2028 3699 2102 γὰρ
3726 2030 3791 2083 δύ-

2294 2143 2451 2181 ναται
2476 2127 2506 2179 6
2533 2125 2632 2198 μὲν
2653 2124 2790 2197 ἀνὴρ
2813 2122 3110 2188 ὑπεύθυνος
3128 2119 3269 2177 εἷναι
3291 2120 3373 2186 ὡς
3403 2118 3632 2192 μοιχείας
3651 2120 3790 2180 αἴτιος,

2292 2219 2327 2289 ἠ
2362 2217 2421 2272 δὲ
2451 2216 2590 2288 γυνὴ
2638 2214 2968 2286 ἀνέγκλητος
3014 2210 3178 2281 εἶναι,
3227 2214 3263 2284 ἡ
3309 2210 3555 2285 μοιχαλὶς
3583 2211 3709 2283 παρὰ
3727 2208 3791 2262 τοῦ

2290 2308 2497 2378 Κυρίου
2538 2306 2627 2360 διὰ
2652 2308 2752 2377 τὴν
2778 2304 2915 2375 πρὸς
2945 2304 3134 2376 ἕτερον
3163 2302 3337 2375 ἄνδρα
3365 2301 3637 2357 κοινωνίαν
3671 2315 3792 2370 προσ·

2292 2399 2655 2471 αγορευθείσα
2670 2416 2686 2465 ;

2363 2488 2458 2554 ος.
2523 2489 2580 2544 '0
2631 2490 2813 2561 μέντοι
2866 2486 3297 2559 καταλιμπάνων
3322 2487 3427 2561 τὴν
3465 2485 3688 2557 νομίμοις
3709 2502 3794 2537 σνν-

2292 2582 2559 2654 αφθεῖσαν
2585 2581 2734 2653 αὐτῷ
2762 2584 3025 2652 γυναῖκα,
3060 2583 3154 2635 καὶ
3182 2581 3381 2651 ἑτέραν
3408 2578 3674 2650 ἀγόμενος,
3697 2575 3797 2631 κατὰ

2291 2676 2391 2747 τὴν
2419 2674 2514 2729 τοῦ
2541 2675 2746 2747 Κυρίου
2767 2673 3064 2743 ἀπόφασιν,
3089 2673 3166 2745 τῷ
3189 2674 3289 2744 τῆς
3316 2671 3558 2744 μοιχείας
3578 2670 3797 2722 ὑπόκειται

2250 2801 2257 2806 -
2292 2765 2520 2838 κρίματι
2539 2781 2554 2797 ο
2587 2764 2968 2819 κεκανόνισται
2991 2762 3047 2815 δὲ
3076 2762 3227 2833 παρὰ
3257 2760 3369 2813 τῶν
3405 2756 3649 2828 Πατέρων
3668 2754 3796 2825 ἡμῶν,

2291 2859 2421 2922 τοὺς
2465 2856 2743 2919 τοιούτους
2802 2853 3047 2909 ἐνιαυτὸν
3104 2850 3489 2924 προσκλαίειν,
3528 2846 3703 2901 διετίαν
3732 2846 3798 2896 tt:-

2290 2949 2618 3023 ακροᾶσθαι,
2642 2947 2880 3019 τριετίαν
2911 2947 3260 3011 ὑποπίπτειν,
3289 2944 3372 3014 τῷ
3391 2942 3595 3013 ἑσδόμῳ
3612 2938 3799 2993 συνίστα·

2294 3042 2418 3097 σθαι
2441 3045 2553 3106 τοῖς
2574 3043 2807 3108 πιστοῖς,
2831 3040 2924 3093 καὶ
2951 3038 3096 3092 οὕτω
3117 3038 3215 3109 τῆς
3239 3036 3559 3107 προσφορᾶς
3580 3030 3801 3096 καταξιοῦο

2206 3162 2259 3225 C
2291 3133 2435 3199 σθαι,
2468 3132 2563 3187 ἐὰν
2593 3132 2737 3225 μετα
2758 3129 3012 3225 δακρύων
3046 3129 3477 3225 μετανοήσωσιν.

2363 3226 2504 3298 Περὶ
2525 3221 2853 3289 διαξεύξεως
2876 3221 3078 3293 γάμου,
3110 3222 3169 3275 ὲν
3197 3219 3419 3282 πολλοῖς
3446 3218 3626 3279 τόποις
3652 3216 3676 3269 6
3698 3213 3802 3265 πολι-

2290 3317 2441 3382 τικὸς
2485 3317 2790 3385 διαλέγεται
2837 3315 3003 3384 νόμος
3032 3313 3168 3384 (3i),
3201 3312 3298 3366 καὶ
3340 3312 3573 3383 μάλιστα
3604 3305 3718 3379 βιύλ.
3752 3299 3803 3356 κε’

2287 3407 2393 3464 τίτ.
2423 3405 2487 3478 β’,
2520 3407 2613 3461 καὶ
2643 3406 2783 3477 βισλ.
2807 3404 2848 3458 ε’
2871 3404 2963 3458 τοῦ
2994 3404 3148 3470 κώδ,
3183 3402 3289 3456 τίτ.
3326 3402 3417 3467 ιζ’,
3448 3401 3541 3456 καὶ
3564 3403 3618 3454 ὲν
3646 3395 3803 3468 τῇτερὶ

2292 3500 2486 3571 γάμων
2519 3499 2740 3570 Νεαρᾷ⁸
2771 3497 3100 3567 τελειότερον
3124 3496 3180 3550 δὲ
3208 3497 3241 3566 ὴ
3298 3491 3400 3566 ριζ⁹
3448 3494 3651 3563 Νεαρα,
3678 3488 3803 3560 ῥητῶς

2289 3593 2611 3665 ὲκτιθεμένη
2634 3593 2733 3656 τὰς
2756 3591 2933 3655 αἰτίας
2958 3591 3076 3646 καθ’
3100 3591 3166 3653 ἃς
3196 3592 3224 3643 6
3246 3589 3392 3662 ἀνὴρ
3418 3587 3505 3659 iii)
3534 3586 3659 3655 γυνὴ
3686 3584 3801 3635 δύνο-

2289 3702 2383 3739 ται
2442 3683 2726 3757 ῥεπουδίου
2776 3682 3151 3752 στελλομένου,
3186 3680 3433 3749 εὐλόγως
3478 3678 3627 3731 λῦσαι
3647 3676 3719 3728 τὸν
3735 3674 3801 3739 γά-

2299 3795 2428 3851 μον’
2482 3778 2592 3833 εἰσὶ
2633 3778 2690 3832 δὲ
2722 3778 2892 3832 αἰτίαι
2921 3777 3041 3833 καθ’
3074 3776 3141 3839 ἃς
3178 3778 3207 3830 6
3229 3776 3374 3847 ἀνὴρ
3403 3773 3633 3842 εὐλόγως
3657 3770 3806 3824 στέλλει

2296 3870 2602 3944 ρεπούδιον,
2629 3871 2723 3924 καὶ
2734 3870 2846 3942 ’τὴν
2875 3872 3079 3942 προῖκα
3105 3869 3405 3940 κερδαίνει,
3437 3868 3535 3939 τὴν
3558 3865 3805 3919 δεσποτείαν

2294 3966 2467 4036 αὐτῆς
2500 3965 2780 4035 φυλάττων
2808 3966 2921 4028 τοῖς
2949 3965 3013 4017 ἐκ
3040 3962 3132 4017 τοῦ
3157 3962 3329 4017 αὑτοῦ
3368 3964 3551 4033 γάμου
3576 3960 3731 4013 παισὶν
3755 3958 3807 4007 εῖ-

2296 4076 2404 4131 περ
2432 4059 2590 4123 εἰσὶν,
2620 4057 2716 4111 ἐὰν
2759 4056 2967 4111 σύνοιδέ
3004 4045 3158 4120 τινας
3190 4046 3641 4116 ἐπιϐουλεύοντας
3664 4054 3719 4121 τῇ
3747 4048 3810 4117 βι-

2211 1816 2253 1872 Β

612 4135 780 4207 ritus]
810 4136 878 4192 de
906 4135 1175 4193 adulterio
1220 4138 1561 4193 accusaverit
1592 4180 1608 4204 ,
1647 4147 1702 4194 et
1747 4139 2048 4195 convicerit
2083 4157 2097 4194 :
2135 4140 2180 4195 si

620 4240 949 4297 quocunque
979 4228 1143 4283 modo
1171 4229 1293 4283 vitae
1343 4230 1525 4283 mariti
1575 4230 1803 4287 insidias
1836 4231 2187 4287 collocaverit

2297 4151 2496 4223 σιλείᾳ,
2526 4151 2623 4205 κα)⁸
2650 4149 2729 4221 τῷ
2771 4149 2885 4220 ίδίῳ
2916 4149 2992 4219 μὴ
3021 4146 3318 4221 φανερώσῃ
3357 4146 3516 4217 ἀνδρί
3534 4162 3551 4180 ο
3578 4147 3663 4199 ἐὰν
3689 4138 3811 4204 αὐτῆς

2297 4244 2431 4315 περὶ
2458 4242 2703 4313 μοιχείας
2734 4243 3016 4313 κατηγορῇ
3041 4241 3136 4295 καὶ
3159 4240 3425 4312 ἀποδείξῃ
3442 4256 3457 4270 ο
3485 4237 3578 4292 ἐὰν
3597 4237 3649 4289 ἐν
3674 4232 3811 4301 οἱῳδῦ

621 4316 863 4370 autaliis
891 4316 945 4372 id
982 4315 1313 4390 [agentibus]
1342 4322 1563 4375 conscia
1592 4320 1668 4374 illi
1716 4336 1823 4377 non
1868 4324 2180 4378 manifesta-

2298 4354 2431 4391 ποτε
2454 4336 2642 4407 τρόπῳ
2669 4337 2735 4406 τῇ
2760 4332 2873 4407 ζωῇ
2906 4334 2997 4388 τοῦ
3030 4333 3221 4405 ἀνδρὸς
3249 4330 3633 4401 ἐπιϐουλεύσῃ,
3651 4328 3679 4398 ἢ
3700 4324 3811 4379 τοῦτο

618 4407 759 4461 verit
791 4406 872 4463 :si
905 4406 1061 4482 [una]
1097 4424 1223 4465 cum
1269 4413 1544 4468 extraneis
1574 4413 1706 4468 viris
1731 4415 1949 4471 nolente
1986 4419 2180 4473 marito

2300 4406 2505 4498 ἑτέροις
2555 4406 3027 4495 συγγινώσκουσα,
3070 4424 3144 4495 μὴ
3193 4423 3494 4496 φανερὼσῃ
3552 4419 3706 4488 αὐτῷ’
3746 4416 3810 4467 ἐὰν

618 4498 781 4568 agitet
811 4498 1081 4569 convivia,
1108 4510 1203 4557 aut
1246 4516 1372 4559 cum
1413 4500 1506 4577 [iis
1536 4503 1617 4578 se]
1652 4506 1795 4561 lavet
1832 4524 1846 4561 :
1878 4509 1926 4563 si
1964 4510 2180 4567 nolente

2295 4519 2573 4585 ὲξωτικοῖς
2594 4516 2821 4586 ἀνδράσι
2847 4514 3253 4587 συμποσιὰζῃῆ
3286 4513 3614 4584 συλλούηται
3636 4508 3698 4581 μὴ
3722 4506 3812 4576 βου·

619 4593 824 4647 marito
854 4602 1009 4648 extra
1036 4593 1180 4650 aedes
1213 4607 1449 4662 maneat,
1490 4612 1597 4653 non
1633 4597 1861 4673 [tamen]
1896 4603 2036 4670 apud
2056 4618 2180 4659 suos

2290 4607 2517 4677 λομένου
2549 4605 2645 4660 τοῦ
2674 4604 2900 4677 ἀνδρός·
2938 4605 3034 4661 ἐὰν
3069 4606 3142 4675 μὴ
3177 4603 3515 4674 βουλομένου
3552 4600 3714 4660 αὐτοῦ,
3738 4593 3812 4657 ἔξω

619 4694 897 4752 parentes,
959 4696 1111 4742 extra
1140 4704 1304 4759 quam
1350 4692 1397 4747 si
1435 4691 1550 4762 ipse
1591 4695 1725 4748 citra
1771 4694 1944 4752 dictas
1992 4712 2180 4754 causas

2290 4698 2386 4753 τοῦ
2432 4697 2583 4753 οίκου
2649 4697 2807 4770 μείνῃ
2852 4697 3005 4768 παρὰ
3035 4698 3149 4759 τοῖς
3195 4695 3451 4764 γονεῦσιν
3475 4693 3663 4762 αὐτῆς·
3686 4690 3725 4742 εί
3760 4685 3812 4756 μὴ

618 4774 796 4867 ipsam
847 4779 1136 4848 expulerit.
1197 4780 1389 4838 Mulier
1416 4793 1600 4840 autem
1653 4787 1818 4843 mittit
1878 4790 2180 4858 repudium,

2293 4794 2456 4858 αὐτὸς
2485 4793 2656 4867 χωρὶς
2683 4794 2793 4848 τῶν
2819 4792 3125 4864 εἰρημένων
3158 4789 3349 4844 αίτιῶν
3389 4788 3565 4859 αὐτὴν
3592 4785 3761 4851 ἐξωθῇ·
3787 4781 3808 4845 ἡ

620 4866 1575 4945 donatimiemquepmpternuptias,
1617 4877 1738 4949 ejus
1780 4880 2081 4936 dominium
2121 4898 2180 4936 ex

2291 4886 2347 4939 δὲ
2368 4887 2504 4957 γυνὴ
2532 4866 2739 4940 στέλλει
2763 4884 3063 4957 ρεπούδιον,
3090 4882 3187 4938 καὶ
3212 4882 3311 4955 τὴν
3336 4880 3451 4954 πρὸ
3470 4880 3643 4952 γάμου
3657 4874 3812 4947 δωρεὰν

620 4972 686 5013 eo
714 4961 1062 5017 matrimonio
1088 4967 1477 5034 superstitibus
1515 4969 1702 5027 liberis
1742 4981 2045 5039 servatura,
2104 4975 2180 5027 lu-

2296 4978 2607 5047 κερδαίνει,
2650 4980 2750 5050 τὴν
2788 4975 3108 5032 δεσποτείαν
3150 4974 3503 5046 φυλάττουσα
3531 4974 3637 5035 τοῖς
3664 4970 3717 5022 ὲκ
3746 4960 3809 5014 τοῦ

580 5096 589 5103 ¹
691 5135 736 5165 ²¹
758 5134 947 5193 Matth.
983 5154 1033 5205 ν,
1064 5141 1153 5196 32.

694 5293 803 5364 (32l
824 5294 992 5367 Leges
1010 5300 1217 5376 civiles,
1240 5301 1307 5376 ad
1329 5300 1619 5376 divortium
1648 5305 1791 5376 quod
1816 5308 2185 5375 attinet,haud

626 5380 753 5451 raro
789 5376 1122 5451 repugnasse
1150 5371 1259 5451 iuri
1286 5371 1689 5451 ecclesiastico,
1724 5377 1840 5431 imo
1870 5391 1922 5432 et
1954 5371 2185 5451 evange-

625 5436 750 5520 lico,
780 5436 951 5494 nimis
974 5440 1079 5495 heu
1127 5436 1469 5520 capior-iitum
1502 5456 1607 5501 est.
1631 5436 1934 5520 Cieteroqui
1968 5465 2065 5520 pro
2091 5436 2192 5506 ῗιυ-

623 5518 799 5591 ctrina
824 5520 884 5591 et
893 5520 1182 5591 constante
1209 5515 1500 5591 traditione
1532 5515 1898 5591 ecclesiastica
1925 5515 2190 5591 legantur,

621 5581 927 5662 compendii
960 5583 1167 5662 gratia,
1206 5600 1326 5662 qua;
1367 5587 1529 5662 docte
1553 5589 1867 5662 scribuntur
1902 5581 2192 5662 ininsigni

623 5662 784 5714 opere
808 5666 822 5729 ξ
861 5650 1137 5729 Tradition
1161 5650 1474 5729 ou'_lt_istoire
1496 5658 1793 5729 dcl’Eglise
1820 5676 1913 5713 sur
1940 5662 1986 5715 le
2016 5650 2193 5717 sacre-

626 5718 856 5801 mau‘tﬂdu
888 5723 1147 5801 mai-iuge,
1170 5724 1321 5801 t._ll|,
1352 5742 1413 5801 ρ,
1450 5728 1577 5794 164,
1613 5718 1767 5799 δυ’ψι.
1813 5734 2194 5801 praecipueque

629 5802 683 5857 p.
718 5788 856 5855 224,
893 5788 1418 5854 νειυιίΝιιῑίαηὶόιιί
1446 5814 1513 5855 ex
1542 5788 1772 5857 orat.'5i
1802 5788 1956 5858 εἰσιν
1980 5788 2195 5873 ἱμιὶιίεηι

2294 5327 2469 5385 omnes
2496 5314 2558 5365 ob
2582 5329 2771 5368 causas
2794 5314 3026 5368 libellum
3047 5315 3139 5369 dat
3158 5317 3397 5385 repudii:
3421 5327 3477 5370 at
3501 5315 3811 5385 Christusttmt

2295 5382 2356 5435 ob
2395 5399 2595 5436 omnem
2631 5400 2868 5446 causam,
2903 5386 2993 5439 sed
3024 5382 3261 5455 separari
3289 5398 3499 5440 tantum
3530 5386 3590 5437 ab
3623 5382 3813 5455 aduiltm

2292 5466 2458 5528 uxore
2501 5456 2904 5528 permittitgg’o
2930 5457 3028 5527 μὲν
3073 5452 3233 5528 νόμος
3282 5459 3428 5511 κατὰ
3480 5456 3651 5528 πᾶσαν
3679 5452 3813 5528 attigi

2291 5522 2352 5598 τδ
2394 5524 2733 5598 ’ἀποστάσιον
2776 5522 2984 5591 δίδωσι,
3014 5522 3247 5598 Χριστὸς
3279 5528 3325 5581 δ’
3362 5528 3429 5581 ού
3492 5525 3642 5598 κατὰ-
3679 5522 3814 5597 πᾶσαν

2293 5593 2493 5669 αἰτίαν,
2544 5595 2686 5669 αλλὰ
2729 5599 3014 5669 συγχωρεῖ
3046 5593 3146 5666 μὲν
3196 5602 3352 5669 μόνον
3391 5595 3701 5669 χωρίζεσθαι
3742 5593 3814 5653 τῆς

2296 5663 2521 5737 πορνης.
2543 5661 2689 5737 Idem
2728 5661 2879 5722 inl'ra'
2901 5661 3292 5726 d'icetitlunt'ad
3324 5661 3542 5737 eaquae
3570 5665 3632 5719 de
3654 5675 3813 5719 concu-

2295 5732 2484 5791 binatu
2510 5732 2824 5793 referuntur
2849 5754 2913 5797 ex
2943 5737 3167 5808 legibus.
