3980 6420
234 409 333 474 909

1020 408 1423 474 SYNTAGMA
1460 407 1848 471 CANONUM.
1876 432 1943 442 -
1970 402 2117 468 TIT.
2156 395 2328 464 XIII.
2368 393 2525 455 CAP.
2564 388 2666 451 IV.

3377 396 3485 464 910

233 519 394 576 αὐτοῦ
410 518 592 590 γάμου
606 518 825 586 παισὶν,
857 518 1016 592 εἴπερ
1040 521 1198 588 εἰσιν,
1223 520 1319 575 ἐάν
1338 539 1390 575 τι
1420 521 1561 576 κατᾶ
1588 520 1689 592 τῆς
1711 520 1806 591 βα-
1832 571 1836 579 ,

1932 513 2116 569 :ratur,
2153 505 2198 557 si
2233 510 2425 559 eontra
2472 504 2813 573 majestatem
2851 503 3259 575 imperatoriam
3294 506 3483 579 [mari—

231 613 434 676 σιλείας
463 611 855 684 βουλεύσηται·
902 612 936 683 ἢ
975 615 1133 668 τοῦτο
1175 612 1431 677 συνειδὼς
1466 615 1693 689 ἑτέροις,
1728 611 1804 685 μὴ

229 705 523 778 φανερὼσῃ
558 707 623 777 τῇ
656 705 905 778 βασιλείᾳ
936 706 1002 759 δι’
1048 705 1244 761 ἑαυτοῦ
1276 706 1311 777 ἢ
1354 706 1423 760 δι’
1456 705 1674 777 ἑτέρου*
1707 705 1805 759 ἐὰν

228 798 526 868 ιίῳδήποτε
551 798 740 869 τρόπῳ
756 800 823 870 τῇ
851 798 964 869 ζωῇ
990 797 1158 870 αὐτῆς
1179 798 1564 869 ἐπιϐουλεύσῃ,
1588 796 1621 868 ἦ
1648 794 1807 849 τοῦτο

231 887 488 951 συνειδὼς
530 887 760 959 ἑτέροις,
812 888 887 958 μὴ
917 888 1208 961 φανερώσῃ
1242 888 1379 960 αὐτῇ
1411 889 1503 941 καὶ
1530 886 1806 956 σπουδάσῃ

230 980 373 1032 κατὰ
402 980 529 1044 τοὺς
562 978 760 1051 νόμους
789 980 1113 1051 ἐκδικῆσαι·
1141 980 1237 1034 ἐὰν
1268 984 1336 1051 τῇ
1370 978 1693 1050 σωφροσύνῃ
1715 977 1808 1029 αύ-

228 1071 327 1139 si];
356 1072 439 1132 εἰς
472 1070 535 1123 τὸ
569 1071 919 1143 μοιχευθῆναι
959 1071 1237 1144 σπουδάσῃ
1260 1069 1669 1125 ὲπιϐουλεῦσαν
1712 1065 1807 1121 ὲάν

230 1162 623 1233 κατηγορήσας
656 1163 828 1233 αὐτῆς
857 1166 885 1217 ὁ
915 1164 1054 1235 ἀνὴρ
1086 1162 1215 1234 περὶ
1245 1162 1489 1233 μοιχείας
1509 1199 1525 1226 ,
1561 1159 1636 1232 μὴ
1664 1160 1805 1214 ἀπο-

229 1254 377 1327 δείξῃ
394 1274 409 1286 ’
444 1259 537 1311 ἐπὶ
562 1256 753 1312 τούτου
774 1257 833 1312 δὲ
857 1258 919 1311 ού
948 1258 1108 1329 μόνον
1130 1258 1229 1328 τὴν
1257 1256 1364 1328 πρὸ
1396 1256 1573 1326 γάμου
1599 1251 1807 1325 δωρεὰν

228 1348 259 1401 ὁ
285 1349 430 1420 ἀνὴρ
485 1348 812 1420 ζημιοῦται,
854 1348 991 1405 ἀλλὰ
1038 1348 1136 1403 καὶ
1169 1348 1357 1420 ἕτερον
1398 1346 1578 1418 τρίτον
1613 1343 1806 1414 αὐτῆς,

234 1444 295 1496 Ex
341 1441 441 1511 τῆς
474 1440 639 1511 ἄλλης
686 1440 851 1495 αὑτοῦ
882 1426 1234 1512 περιουσίας’
1271 1439 1365 1493 καὶ
1409 1437 1509 1501 τὰς
1538 1435 1809 1507 τιμωρίας

242 1530 305 1599 ξφ
318 1531 550 1593 ίσταται,
567 1529 633 1592 ἃς
651 1529 872 1600 ἔμελλεν
886 1531 919 1601 ἡ
932 1530 1066 1599 γυνὴ
1084 1527 1558 1598 καταδικαζομένη
1584 1526 1811 1595 ὑφίστα-

240 1622 400 1677 σθαι·
460 1622 557 1675 ἐὰν
612 1621 776 1693 ἑτέρᾳ
814 1625 1034 1695 συνοικῇ
1080 1625 1140 1676 ἐν
1180 1623 1257 1693 τῷ
1311 1620 1460 1692 αὐτῷ
1496 1619 1631 1691 οἴκῳ
1669 1618 1702 1690 ἢ
1741 1622 1809 1692 τῇ

241 1715 378 1787 αὐτῇ
404 1714 577 1781 πόλει,
601 1715 697 1769 καὶ
719 1714 852 1788 παρ’
883 1716 1073 1787 αὐτῆς,
1091 1717 1125 1787 ἢ
1145 1716 1210 1771 δι’
1228 1716 1413 1785 ἑτέρου
1434 1711 1804 1785 ὑπομνησθεὶς

236 1805 314 1877 μὴ
344 1806 636 1875 ἀπόσχοιτο
659 1820 674 1836 °
721 1807 818 1861 καὶ
844 1808 936 1861 ἐπὶ
964 1806 1152 1861 τούτου
1186 1809 1244 1861 δὲ
1291 1806 1479 1876 ἕτερον
1517 1805 1681 1877 μέρος
1711 1804 1811 1875 τῆς

1913 589 2021 663 tus]
2050 591 2335 647 consilium
2374 592 2695 662 captaverit,
2719 592 2805 647 vel
2846 593 2969 662 ejus
3010 597 3283 662 conscius,
3313 598 3484 667 maje-

1912 683 2043 740 stati
2083 700 2195 739 non
2225 684 2660 741 manifesmverit
2699 700 2796 755 per
2834 686 3013 756 ipsum
3038 688 3121 743 vel
3151 703 3247 757 per
3271 689 3436 745 alium
3470 710 3485 746 :

1912 777 2078 851 ωο
2102 777 2148 834 si
2171 777 2415 848 quolibet
2448 778 2873 835 modo‘maritus
2899 780 3087 835 uxoris
3109 781 3234 835 vitae
3260 784 3489 839 insidias

1913 873 2182 942 posuerit,
2206 882 2300 929 aut
2320 872 2443 929 aliis
2466 872 2535 929 de
2556 872 2661 929 hoc
2687 874 3129 930 consultantibus
3154 876 3334 931 sciens
3361 892 3491 945 pru-

1917 968 2164 1037 densque
2189 982 2298 1025 non
2327 966 2760 1024 manifestaverit
2792 968 2921 1041 ipsi.
2956 984 3056 1023 nec
3080 970 3382 1025 secundum
3418 971 3494 1023 lu-

1916 1074 2015 1132 ges
2043 1059 2323 1118 vindicare
2351 1059 2623 1116 studuerit
2660 1078 2674 1114 :
2706 1061 2753 1117 si
2801 1062 3043 1117 castitati
3080 1061 3275 1132 ipsius,
3305 1073 3361 1115 ut
3397 1063 3488 1114 ad-

1916 1154 2115 1210 ulterio
2147 1153 2443 1224 polluatur,
2491 1152 2741 1208 insidiari
2788 1153 3075 1209 tentaverit
3115 1169 3128 1207 :
3164 1153 3210 1209 si
3240 1154 3493 1221 maritus,

1917 1246 2014 1302 ubi
2046 1262 2271 1302 uxorem
2297 1246 2365 1302 de
2394 1245 2668 1302 adulterio
2704 1247 3064 1312 accusaverit,
3100 1244 3356 1319 [crimen]
3383 1262 3493 1302 non

1915 1339 2252 1410 probaverit.
2282 1338 2380 1395 His
2406 1354 2538 1395 vero
2570 1339 2639 1396 de
2662 1337 2892 1413 [causis]
2915 1329 3147 1395 maritus
3178 1354 3288 1394 non
3317 1339 3497 1395 solum

1917 1431 2217 1488 donatione
2265 1439 2484 1503 propter
2516 1434 2739 1502 nuptias
2781 1433 3066 1500 multatur,
3099 1448 3287 1488 verum
3332 1432 3496 1488 etiam

1919 1524 2152 1580 alterum
2182 1522 2303 1594 ejus
2328 1524 2585 1579 trientem
2612 1539 2677 1579 ex
2702 1522 2825 1580 aliis
2862 1523 2979 1579 suis
3012 1523 3169 1579 benis
3202 1522 3425 1596 [amittit
3458 1519 3495 1593 :]

1926 1615 2096 1689 [cum]
2127 1625 2181 1672 et
2216 1631 2409 1687 poenas
2439 1617 2691 1683 sustinet,
2721 1631 2859 1687 quas
2885 1617 3083 1673 mulier
3113 1620 3371 1671 damnata
3402 1630 3498 1671 su-

1923 1718 2175 1765 stentura
2209 1710 2424 1765 fuisset.
2456 1707 2517 1763 Si
2553 1706 2829 1781 [maritus]
2853 1709 3009 1765 alteri
3036 1709 3092 1765 in
3124 1709 3311 1764 eadem
3341 1710 3502 1763 domo

1922 1802 2184 1859 eademve
2214 1802 2431 1858 civitate
2458 1803 2758 1869 cohabitct,
2781 1810 2836 1858 et
2869 1802 2938 1857 ab
2966 1816 3134 1858 uxore
3164 1812 3256 1857 aut
3292 1801 3361 1857 ab
3392 1802 3501 1855 alio

235 1898 343 1970 πρὸ
386 1898 565 1970 γάμου
603 1899 811 1970 δωρεᾶς
848 1899 1144 1971 κερδαίνει,
1174 1900 1272 1954 καὶ
1308 1898 1473 1953 αὑτοῦ
1500 1898 1598 1969 τὴν
1624 1898 1810 1951 δεσπο-

1932 1896 2239 1953 admonitus
2279 1912 2392 1951 non
2437 1897 2710 1952 abstineat
2755 1912 2771 1950 :
2821 1896 2983 1952 etiam
3040 1895 3110 1951 de
3145 1895 3249 1950 bac
3288 1892 3501 1966 [causa]

233 1989 390 2044 τείαν
431 1990 772 2059 φυλάττουσα
814 1993 928 2055 τοῖς
970 1991 1067 2044 ἐπὶ
1099 1991 1278 2062 γάμου
1322 1990 1545 2045 παισίνο
1582 1989 1679 2042 ἐὰν
1716 1984 1813 2042 οὖν

235 2084 393 2154 παρὰ
410 2083 609 2148 ταύτας
628 2083 726 2148 τὰς
741 2083 922 2149 αἰτίας
944 2084 1045 2156 άνὴ
1054 2102 1083 2155 ρ
1106 2083 1291 2157 στείλῃ
1316 2081 1620 2155 ῥεπούδιον,
1646 2082 1815 2135 άπόλ-

233 2174 319 2228 λει
362 2175 460 2246 τὴν
490 2176 698 2247 δωρεάν
737 2176 831 2231 καὶ
860 2176 988 2231 ἄλλο
1012 2176 1197 2248 τρίτον
1224 2174 1414 2244 αὐτῆς·
1447 2174 1496 2227 εί
1528 2174 1584 2227 δὲ
1617 2173 1814 2247 ή⁹γυνὴ

242 2264 433 2338 στείλῃ
480 2264 673 2333 ἄλογον
719 2265 1021 2335 ῥεπούδιον,
1061 2264 1284 2320 άπόλλει
1326 2265 1429 2335 τὴν
1457 2265 1690 2337 προῖκα,
1722 2266 1819 2318 καὶ

240 2357 381 2429 πρὸς
429 2355 643 2423 τούτοις
700 2358 1044 2431 μοναστηρίῳ
1101 2357 1429 2430 ἐμϐάλλεται
1490 2359 1672 2411 πᾶσαν
1717 2357 1818 2429 τὴν

236 2450 388 2522 ζωὴν
430 2451 623 2522 αὐτῆς,
656 2454 751 2507 καὶ
793 2452 865 2506 τὰ
910 2453 1214 2524 πράγματα
1242 2453 1413 2521 αὐτῆς
1449 2451 1814 2523 διαιροῦνταιο

238 2542 336 2596 καὶ
359 2542 410 2595 οἰ
470 2541 571 2609 μὲν
626 2541 813 2607 παῖδες
867 2543 1233 2614 λαμϐάνουσιν
1261 2541 1488 2612 ούγγίας
1535 2540 1606 2613 η’,
1657 2540 1718 2594 τὸ
1752 2540 1815 2594 δὲ

239 2633 609 2703 μοναστηριον
649 2632 877 2702 ούγγίας
898 2629 940 2686 δ’
962 2647 976 2662 ’
1012 2633 1063 2685 εί
1094 2632 1150 2686 δὲ
1180 2631 1283 2685 οὐκ
1310 2632 1418 2685 εἰσὶ
1459 2630 1647 2693 παῖδες
1679 2628 1817 2683 ἀλλὰ

218 2725 421 2789 γονεῖς
466 2723 547 2794 μὴ
600 2722 1015 2786 συναινέσαντες
1060 2721 1141 2792 τῷ
1180 2720 1468 2793 ρεπουδίφ,
1525 2720 1682 2773 αὐτοὶ
1720 2718 1820 2791 μὲν

236 2812 607 2885 λαμϐάνουσιν
649 2815 876 2884 ούγγίας
902 2811 966 2880 δ’,
1000 2813 1062 2867 τὸ
1099 2812 1157 2867 δὲ
1203 2814 1565 2885 μοναστήριον
1594 2811 1823 2881 οὐγγίας

236 2905 324 2977 η’⁹
360 2910 410 2959 εί
437 2907 491 2960 δὲ
531 2906 845 2979 συνῄνεσαν,
878 2907 1005 2978 ὃλην
1032 2906 1131 2980 τῂν
1154 2907 1342 2961 ούσίαν
1371 2906 1431 2960 τὸ
1458 2906 1821 2977 μοναστήριον

238 2999 311 3053 λα
320 2996 509 3069 μὸἀνει
529 3016 543 3031 ·
561 2999 784 3054 δυνατὸν
802 3000 860 3053 δὲ
877 2998 1049 3054 ταῦτα
1068 2998 1246 3068 λέγειν
1263 2998 1353 3052 καὶ
1370 2999 1463 3052 ἐπὶ
1480 2996 1673 3068 ἀνδρὸς
1695 2996 1821 3049 ἁλό-

237 3110 363 3161 γως
400 3091 902 3168 ρεπουδιατεύοντος
932 3091 996 3145 ὲκ
1033 3091 1133 3161 τῆς
1162 3088 1262 3163 ριζ¹
1285 3091 1523 3161 Νεαρᾶς,
1554 3087 1824 3159 λεγούσης

240 3187 375 3250 τσας
400 3181 541 3240 εἷναι
556 3184 655 3250 τὰς
673 3184 862 3249 ποινὰς
881 3186 988 3239 τῶν
1017 3185 1226 3253 ἀλόγων
1256 3184 1554 3255 ρεπουδίων
1571 3199 1588 3216 θ
1611 3181 1708 3235 καὶ
1732 3180 1825 3235 τὸν

238 3277 419 3345 ἄνδρα
462 3276 662 3347 ὁμοίως
704 3276 1024 3331 ὑποκεῖσθαι
1069 3278 1185 3336 τοῖς
1228 3274 1371 3328 κατὰ
1415 3272 1675 3344 γυναικὸς
1703 3273 1821 3344 δρι-

239 3372 456 3425 σθεῐσιν
475 3387 492 3404 ο
538 3369 787 3443 ἀζημίως
815 3368 1092 3424 διαλύεται
1120 3368 1317 3439 γάμος,
1369 3367 1466 3423 ἐὰν
1492 3369 1522 3422 ὁ
1556 3366 1693 3439 ἀνὴρ
1726 3366 1823 3420 ἐπὶ

238 3463 491 3534 τριετίαν
526 3462 665 3534 μετὰ
707 3462 805 3534 τὴν
838 3462 1012 3533 ἀρχὴν
1057 3461 1153 3515 τοῦ
1182 3460 1363 3531 γάμου
1414 3460 1490 3531 μὴ
1521 3459 1722 3531 δυνηθῇ
1752 3460 1823 3531 τῇ

237 3559 466 3627 γαμετῇ
496 3557 873 3626 συγγενέσθαι,
916 3556 1010 3609 καὶ
1032 3554 1122 3609 διὰ
1155 3554 1219 3608 τὺ
1255 3554 1510 3623 μονάσαι,
1544 3553 1639 3607 καὶ
1665 3552 1762 3606 ἐὰν
1796 3553 1826 3604 ὁ

238 3646 392 3717 ἀνὴρ
438 3645 782 3716 αἰχμάλωτος
829 3644 1072 3716 γένηται,
1121 3644 1218 3700 καὶ
1261 3642 1459 3716 ἄδηλον
1516 3645 1677 3716 μείνῃ
1731 3642 1826 3697 ἐπὶ

239 3737 578 3792 πενταετίαν
607 3736 656 3791 εί
683 3737 750 3809 ζῇ
763 3776 778 3793 .

323 4010 401 4065 Τὸ
442 4010 502 4066 δὲ
549 4011 690 4068 κατὰ
724 4012 1034 4068 σαναίνεσιν
1074 4013 1212 4085 πρὸς
1251 4015 1312 4068 τὸ
1369 4013 1828 4085 συμφωνούμενον

242 4104 405 4160 λύσιν
430 4106 524 4161 τὸν
559 4106 757 4178 γάμον,
786 4108 971 4178 ιῐρητο
1007 4106 1107 4178 μὲν
1145 4106 1371 4178 πρώην·
1405 4106 1644 4179 ἀνῃρέθη
1671 4108 1729 4161 δὲ
1761 4107 1827 4161 ἐκ

242 4201 354 4269 τῆς
382 4199 679 4269 εἰρημένης
706 4197 806 4271 ριέ
834 4198 1071 4269 Νεαρᾶς,
1089 4198 1245 4262 αὖθις
1269 4199 1326 4252 δὲ
1354 4199 1702 4268 άνεκαινίσθη
1724 4199 1830 4253 ὑπὸ

257 4290 644 4345 ἰουστινιανοῦ
680 4291 774 4346 τοῦ
805 4291 1103 4362 βασιλέως’
1149 4291 1246 4345 καὶ
1279 4292 1376 4363 τὴν
1406 4291 1672 4363 ἄπροικον
1724 4309 1825 4361 γα-

249 4379 429 4453 μετήν
456 4384 484 4435 ὁ
512 4381 651 4453 ἀνὴρ
679 4382 886 4451 ἀλόγως
938 4382 1467 4453 ὲκὸάλλων,1δίδωσιν
1484 4382 1621 4454 αὐτῇ
1655 4381 1717 4436 τὸ
1736 4382 1830 4436 τέ-

245 4490 454 4545 ταρτον
496 4473 598 4544 τῆς
640 4474 804 4529 αὐτοῦ
842 4474 1159 4546 περιουσίας
1204 4474 1304 4545 τῆς
1357 4474 1631 4545 καθαρᾶςο
1673 4476 1722 4528 εί
1772 4474 1831 4528 δὲ

248 4566 441 4637 συμϐῇ
491 4567 683 4630 παῖδας
731 4562 871 4620 εἶναι
918 4566 1170 4631 πλείονας
1196 4569 1304 4621 τῶν
1331 4566 1520 4638 τριῶν,
1555 4567 1616 4620 ού
1651 4567 1711 4620 τὸ
1737 4565 1827 4620 τέ-
1862 4596 1905 4651 D

244 4668 456 4733 τάρτον
500 4661 635 4715 ἀλλὰ
681 4662 869 4727 παιδὸς
914 4662 1031 4725 ἐνὸς
1080 4661 1371 4729 ἀναλογίαν
1396 4659 1719 4743 ἱλαμσάνειο
1766 4660 1827 4713 ού

246 4751 482 4805 δύναται
524 4750 582 4803 δὲ
632 4750 694 4803 τὸ
733 4751 1007 4820 διδόμενον
1056 4752 1215 4821 αὐτῇ,
1264 4750 1613 4821 ὑπερϐαίνειν
1641 4751 1742 4814 τὰς
1784 4747 1827 4821 ρ’

246 4843 354 4898 τοῦ
388 4841 589 4913 χρυσοῦ
616 4842 803 4914 λίτρας
820 4857 833 4869 ·
857 4843 954 4913 οὐχ
981 4843 1262 4896 ὑπόκειται
1279 4840 1336 4894 δὲ
1361 4842 1569 4903 τούτοις
1589 4842 1623 4911 ή
1648 4840 1833 4912 ἄπροι-

248 4954 356 4998 κος
423 4939 595 5005 γυνὴ,
648 4935 858 5005 ἀλόγως
902 4934 995 4989 τοῦ
1026 4934 1215 5006 ἀνδρὸς
1249 4933 1642 5006 ἀναχωροῦσα,
1675 4934 1752 4998 ὡς
1797 4935 1830 5005 ἡ

248 5029 398 5101 αὐτὴ
431 5026 529 5100 ριζ*
562 5027 767 5099 Νεαρά.

337 5205 604 5261 Τοσοῦτον
622 5206 679 5262 δὲ
698 5208 974 5273 ἀκώλυτός
1014 5209 1162 5263 ἐστιν
1189 5210 1222 5280 ἡ
1258 5208 1367 5262 τῶν
1424 5208 1618 5278 γάμων
1648 5207 1835 5262 διάλυ-

253 5317 371 5365 σις,
411 5301 493 5354 ὅτι
521 5301 732 5372 εἴρηται
778 5301 919 5371 pun.
958 5302 1063 5372 με’,
1095 5302 1200 5355 τίτ.
1236 5307 1317 5368 α’,
1341 5301 1481 5356 διάτ.
1514 5308 1574 5355 ιε’
1596 5342 1611 5366 ,
1643 5301 1718 5366 ὡς
1740 5302 1836 5358 ὲάν

251 5406 345 5452 τις
371 5389 480 5443 τῶν
510 5390 898 5444 συνοικούντων
948 5390 1184 5462 ὁμολογῇ
1241 5391 1452 5463 ποινὴν,
1480 5392 1545 5445 ὲκ
1569 5392 1663 5443 τοῦ
1702 5393 1836 5462 παρ’

254 5486 445 5539 αἰτίαν
510 5484 673 5539 αὑτοῦ
730 5484 956 5555 λυθῆναι
1012 5485 1105 5539 τὸν
1156 5484 1353 5555 γάμον,
1387 5484 1487 5536 οὐκ
1545 5482 1780 5555 ἔρρωται
1817 5497 1832 5513 ⁸

253 5578 422 5648 ἀρκεῖ
449 5578 615 5648 γὰρὴ
652 5576 728 5649 τῷ
749 5578 901 5648 νόμῳ
944 5577 1037 5631 ἐπὶ
1068 5577 1177 5630 τῶν
1229 5575 1489 5630 τοιούτων
1556 5576 1834 5647 ὡρισμένη

256 5670 422 5739 ποινή
454 5685 469 5700 ο
506 5670 554 5722 εί
600 5668 674 5740 μὴ
704 5670 810 5740 άρα
846 5670 995 5740 καὶὴ
1040 5669 1376 5740 ἐπερώτησις
1413 5667 1686 5737 τοσαύτην
1743 5684 1838 5720 πε-

265 5763 439 5833 ριέχει
463 5777 478 5791 °
506 5762 599 5815 καὶ
627 5761 766 5816 διάτ.
820 5760 921 5832 ρλδ¹
953 5761 1047 5815 τοῦ
1086 5760 1252 5814 αὐτοῦ
1298 5762 1405 5815 τίτ.
1441 5762 1522 5814 ὅτι
1568 5761 1627 5813 ού
1660 5760 1838 5825 καλῶς

264 5852 532 5916 ἐπερωτῶ
583 5871 704 5911 τινα
754 5854 944 5926 ποινὴν
971 5856 1034 5910 ὲκ
1066 5854 1157 5909 τοῦ
1205 5855 1280 5927 μὴ
1311 5854 1626 5926 γαμηθῆναί
1696 5871 1786 5927 μοι
1820 5872 1833 5885 ·

1922 1990 2180 2045 trientem
2230 1988 2545 2046 donationis
2595 1997 2722 2053 ante
2774 1989 2995 2062 nuptias
3045 1988 3276 2043 alterum
3319 1986 3504 2061 [uxor]

1924 2083 2195 2149 lucratur,
2217 2082 2564 2139 donationem
2586 2083 2706 2153 ejus
2730 2082 3069 2138 matrimonii
3098 2082 3289 2138 liberis
3318 2097 3507 2137 serva-

1926 2182 2071 2229 tura.
2103 2174 2159 2229 Si
2206 2175 2377 2247 igitur
2404 2183 2557 2231 extra
2585 2178 2684 2231 bas
2714 2158 2914 2232 causas
2956 2175 3190 2229 maritus
3222 2174 3508 2244 repudium

1929 2266 2164 2333 miserit,
2188 2266 2540 2322 donationem
2572 2267 2820 2340 [propter
2844 2264 3090 2337 nuptias]
3115 2264 3345 2337 ejusque
3372 2265 3509 2319 alte-

1928 2375 2052 2419 rum
2075 2360 2326 2416 trientem
2349 2360 2546 2433 perdit.
2573 2360 2670 2416 Sin
2685 2351 2889 2417 mulier
2910 2362 3047 2417 citra
3065 2361 3333 2415 rationem
3359 2374 3488 2428 repn

1905 2450 2077 2510 'dium
2103 2454 2305 2515 mittat.
2329 2458 2510 2510 dotem
2564 2456 2745 2526 perdit
2773 2464 2828 2510 et
2875 2455 3100 2524 insuper
3135 2469 3233 2525 per
3282 2470 3499 2509 onmem

1929 2548 2099 2603 vitam
2131 2562 2286 2603 suam
2321 2547 2376 2601 in
2423 2547 2818 2603 monasterium
2873 2547 3192 2616 conjicitur,
3243 2546 3499 2617 bonaque

1927 2639 2045 2709 ejus
2078 2638 2198 2711 [ita]
2242 2638 2580 2702 dividuntur,
2633 2648 2690 2692 ut
2733 2637 2889 2692 liberi
2928 2648 3055 2692 octo
3113 2637 3325 2702 uncias,
3385 2652 3504 2692 mo-

1927 2732 2229 2787 nasterium
2265 2746 2395 2786 vero
2449 2740 2688 2802 quatuor
2731 2730 2929 2800 capiat.
2969 2729 3041 2785 At
3087 2730 3135 2785 si
3180 2730 3334 2785 liberi
3394 2744 3504 2786 non

1925 2824 2150 2892 fuerint,
2184 2835 2437 2895 parentes
2489 2833 2672 2879 autem
2720 2823 2902 2897 [sint,]
2954 2824 3048 2894 qui
3106 2824 3336 2894 repudio
3391 2840 3503 2878 non

1929 2918 2334 2981 consenserint,
2395 2916 2472 2971 illi
2535 2916 2730 2973 uncias
2788 2927 3046 2988 quatuor,
3102 2916 3504 2971 monasterium

1934 3021 2057 3067 octo
2103 3010 2267 3080 capit.
2330 3008 2429 3064 Sin
2457 3022 2589 3064 vero
2641 3010 3046 3072 consenserint,
3107 3008 3507 3063 monasterium

1935 3104 2243 3159 universam
2295 3102 2665 3159 substantiam
2729 3102 2981 3173 percipit.
3023 3101 3265 3157 Possunt
3321 3111 3508 3157 autem

1934 3197 2048 3250 inec
2078 3195 2245 3249 etiam
2280 3196 2346 3249 de
2388 3195 2506 3249 viro
2553 3194 2686 3248 citra
2738 3208 2958 3249 causam
3008 3194 3328 3264 repudiante
3376 3197 3508 3255 dici.

1938 3286 2147 3361 [idque]
2178 3303 2243 3341 ex
2291 3284 2516 3341 Novella
2550 3284 2675 3349 117,
2710 3300 2831 3355 quae
2874 3299 3063 3356 poenas
3094 3286 3507 3341 temerariorum

1937 3379 2291 3449 repudiorum
2319 3378 2580 3448 aequales,
2613 3386 2667 3432 et
2685 3377 2863 3432 virum
2890 3380 3110 3433 statutis
3137 3378 3191 3431 in
3221 3379 3506 3433 mulierem

1928 3462 2163 3540 [pomis]
2196 3481 2263 3519 ex
2285 3479 2444 3536 atque
2479 3465 2779 3520 obnoxium
2804 3480 2946 3529 esse,
2999 3465 3154 3520 dicit.
3210 3465 3505 3526 Caeterum.

1937 3559 2056 3614 sine
2085 3559 2285 3613 damno
2319 3557 2555 3615 solvitur
2582 3558 2995 3613 matrimonium
3026 3598 3041 3622 ,
3073 3558 3118 3613 si
3151 3559 3381 3614 maritus
3413 3575 3510 3628 per

1936 3650 2232 3706 triennium
2304 3660 2425 3720 post
2449 3651 2640 3705 initum
2707 3650 3118 3704 matrimonium
3171 3666 3293 3703 cum
3340 3667 3507 3704 uxore

1936 3742 2083 3799 coire
2106 3756 2213 3796 non
2228 3742 2484 3811 potuerit,
2518 3750 2735 3813 propter
2755 3741 2919 3795 vitam
2938 3741 3295 3796 monasticam
3319 3742 3508 3806 etiam,

1936 3845 1989 3890 et
2015 3835 2058 3890 si
2079 3834 2309 3889 maritus
2326 3833 2393 3887 ab
2430 3833 2683 3889 hostibus
2705 3843 2896 3903 captus
2928 3832 3112 3898 fuerit,
3168 3847 3231 3886 ac
3260 3842 3328 3883 an
3358 3824 3502 3879 vivat

1938 3927 2005 3982 ad
2034 3926 2470 3998 quinquennium
2498 3926 2799 3997 ignoretur.

2014 4018 2229 4074 Textus.
2256 4019 2408 4085 Quod
2432 4032 2594 4087 porro
2618 4033 2885 4074 consensu
2908 4015 3066 4090 42],
3091 4016 3350 4087 coniuges
3372 4016 3512 4070 inter

1941 4125 1999 4166 se
2018 4110 2428 4165 matrimonium
2452 4110 2707 4164 dirimere
2727 4108 2979 4181 [possint]
3002 4109 3206 4163 dictum
3228 4106 3329 4162 fuit
3354 4106 3509 4174 olim,

1938 4203 2257 4273 abrogatum
2310 4211 2491 4257 autem
2531 4207 2616 4256 est
2662 4216 2761 4270 per
2803 4201 3000 4257 dictam
3060 4200 3161 4254 H7
3204 4198 3511 4262 Novellano,

1941 4295 2036 4351 sed
2065 4294 2410 4364 postmodum
2446 4302 2767 4349 renovatum
2800 4295 2866 4349 ab
2909 4294 3239 4364 imperatore
3266 4291 3513 4350 Justino.

1940 4385 2109 4441 Plane
2145 4386 2239 4455 qui
2270 4388 2500 4441 maritus
2541 4385 2839 4440 indotatam
2888 4400 3113 4440 uxorem
3155 4384 3291 4439 citra
3346 4386 3517 4439 ratio-

1942 4493 2065 4533 nem
2095 4478 2264 4549 ejieit,
2300 4479 2396 4532 dat
2435 4478 2511 4531 illi
2551 4492 2703 4547 purae
2736 4477 3057 4531 substantiae
3089 4492 3199 4532 sua
3238 4477 3516 4548 quadran-

1940 4578 2069 4624 tem.
2095 4568 2163 4622 At
2198 4567 2244 4623 si
2279 4568 2421 4623 forte
2452 4568 2635 4638 plures
2658 4568 2836 4623 tribus
2873 4567 3027 4623 liberi
3070 4567 3198 4630 sint,
3229 4584 3337 4623 non
3380 4585 3517 4639 qua-

1938 4661 2211 4723 drantem,
2238 4661 2331 4715 sed
2386 4659 2547 4715 unius
2579 4659 2875 4715 liberorum
2904 4660 3211 4731 portionem
3248 4658 3389 4733 [illa]
3422 4676 3516 4715 ac-

1933 4756 2083 4823 cipit.
2132 4753 2250 4807 Non
2297 4763 2473 4824 potest
2510 4762 2716 4817 autem,
2750 4754 2896 4823 quod
2942 4752 3018 4807 illi
3070 4754 3251 4819 datur,
3286 4764 3510 4808 centun.

1934 4847 2052 4900 auri
2077 4845 2245 4900 libras
2277 4845 2556 4900 excedere.
2590 4842 2732 4903 Huic
2764 4842 3018 4916 [irationi]
3054 4855 3238 4899 tamen
3268 4859 3391 4914 quae
3411 4845 3511 4899 do-

1933 4947 2041 4993 tem
2074 4952 2179 4990 non
2221 4936 2404 4990 intulit
2442 4936 2654 5001 mulier,
2693 4936 2739 4990 si
2765 4936 2899 4991 citra
2938 4938 3208 4992 rationem
3242 4951 3272 4990 a
3296 4950 3381 4989 ma
3403 4937 3514 4990 rito

1934 5027 2169 5083 divertat
2199 5026 2496 5098 (quomodo
2525 5028 2712 5083 eadem
2735 5027 2836 5081 117
2867 5026 3085 5084 Novella
3125 5026 3364 5100 [tradit])
3392 5044 3501 5082 non

1934 5128 2018 5175 est
2050 5118 2306 5174 obnoxia.

2013 5210 2228 5267 Temtus.
2260 5209 2452 5281 Usque
2485 5211 2621 5268 adeo
2657 5220 2841 5267 autem
2885 5213 3354 5268 matrimoniorum
3401 5214 3513 5269 dis-

1938 5305 2141 5359 solutio
2180 5304 2432 5374 impediri
2480 5305 2689 5373 nequit,
2745 5316 2805 5361 ut
2862 5305 2955 5361 lib.
3010 5323 3133 5371 XLV,
3190 5310 3274 5361 tit.
3320 5308 3397 5371 1,
3431 5310 3515 5361 di-

1937 5408 2075 5466 gest.
2100 5398 2163 5452 19
2200 5398 2415 5453 dicatur
2456 5415 2469 5453 :
2504 5397 2656 5464 Quod
2694 5399 2740 5455 si
2765 5398 2889 5469 quis
2946 5400 3239 5471 conjugum
3290 5414 3508 5471 poenam

1938 5490 2317 5559 Spoponderit,
2343 5490 2386 5545 si
2406 5490 2561 5560 culpa
2579 5507 2676 5547 sua
2695 5491 2990 5547 divortium
3022 5493 3135 5556 ﬁat,
3166 5492 3514 5565 [promissio]

1938 5598 2045 5637 non
2101 5584 2259 5638 valet.
2293 5583 2501 5639 Suﬂicit
2536 5585 2679 5639 enim
2711 5587 2765 5640 in
2787 5585 2986 5641 talibus
3012 5601 3042 5640 a
3073 5587 3189 5657 lege
3214 5585 3514 5642 constituta

1938 5688 2097 5741 poena
2135 5674 2273 5729 :nisi
2314 5675 2357 5730 si
2404 5674 2686 5745 stipulatio
2722 5678 3058 5732 tantumdem
3090 5678 3515 5748 comprehendat

1939 5773 1992 5817 ct
2014 5765 2257 5833 ejusdem
2308 5766 2389 5821 tit.
2443 5767 2641 5836 digest.
2675 5766 2939 5824 134.Non
2996 5776 3141 5822 recte
3187 5768 3406 5840 stipulor
3448 5772 3517 5824 ab

1940 5855 2121 5925 aliqua
2160 5872 2399 5926 pmnam,
2433 5856 2630 5913 similii
2662 5873 2770 5914 non
2811 5859 3000 5924 nubat,
3035 5873 3207 5926 neque
3230 5859 3356 5916 item
3395 5875 3516 5929 quae
