3870 6290
541 350 637 419 911

1694 355 1958 420 ΡΗΟΤΙῙ
1986 356 2487 421 PATRIARCH/E
2524 358 2632 421 (ΣΡ.

3634 373 3717 440 9ῐῖ

543 460 680 519 mihi
705 459 817 533 jam
845 466 1009 533 nupta
1026 468 1131 529 est,
1157 460 1226 519 ab
1246 476 1315 537 ea
1343 476 1560 534 pmnam
1587 462 1834 534 stipulari
1865 478 2114 535 possum,

2229 465 2342 520 abre
2374 466 2480 539 μὴν
2501 466 2601 538 τὴν
2630 465 2731 539 ήδη
2763 465 3105 539 γαμηθεῐσάν
3141 485 3251 539 μοι,
3277 470 3454 542 ποινὴν
3481 474 3715 548 ἐπερωτᾷν

545 553 594 610 si
646 552 944 614 divortium
1000 551 1211 610 fecerit.
1249 555 1451 611 Eadem
1482 554 1645 610 etiam
1674 555 1743 611 de
1798 555 2028 611 muliere
2080 570 2114 611 a

2229 554 2469 625 Βύναμαι,
2527 555 2625 609 ἐὰν
2653 554 2787 628 λύσῃ
2842 557 2934 611 τὸν
2979 559 3160 629 γάμον
3194 575 3209 589 ·
3241 559 3309 614 τὰ
3330 562 3463 616 αὐτὰ
3488 543 3581 620 καὶ.
3618 543 3720 645 πέρι

546 646 745 700 marito
803 645 1098 715 stipulante
1152 644 1520 718 [intelligenda
1555 645 1702 719 sunt]
1740 656 1794 703 et
1839 648 1936 703 lib.
1993 663 2110 715 vm,

2214 648 2471 715 γυναικὸς
2496 648 2857 721 ἐπερωτώσης
2897 650 2989 704 τὸν
3029 651 3198 723 ἄνδρα
3222 666 3237 681 ο
3273 655 3364 706 καὶ
3418 655 3544 725 βιϐλ.
3563 669 3603 732 η’
3646 669 3720 720 τοῦ

544 737 670 791 cod.
704 739 789 792 tit.
820 739 910 803 58,
942 746 1119 793 const.
1158 738 1214 793 2.
1258 737 1498 793 Invalide
1522 739 1645 809 quis
1694 740 2011 809 paciscitur,
2044 755 2115 797 ne

2229 738 2372 805 ιιώδ..
2401 740 2509 796 τίτ.
2538 742 2621 813 λη’
2640 783 2654 807 ,
2685 741 2824 796 διάτ.
2855 740 2902 811 β’
2927 783 2941 807 ,
2976 744 3057 797 ὃτι
3095 744 3389 813 ἀνισχύρως
3418 765 3491 811 τις
3512 757 3725 811 πακτεὺει

547 829 654 884 sibi
709 830 1001 885 divortium
1037 829 1217 885 facere
1252 844 1359 884 non
1394 830 1552 885 liceat
1585 848 1598 884 :
1627 839 1680 887 et
1702 846 1824 902 qua:
1868 847 2029 903 paena
2055 832 2112 888 in

548 922 654 977 hac
681 922 1033 994 stipulatione
1066 922 1359 979 constituta
1383 933 1485 987 est,
1522 924 1675 979 irrita
1705 934 1811 981 est.

617 1011 772 1068 CAP.
806 1011 871 1067 V.
899 1044 969 1055 -—-
1000 1012 1078 1069 De
1106 1014 1475 1084 fornicatione,
1520 1014 1800 1083 adulterio,
1831 1024 2012 1086 stupro
2066 1022 2119 1072 et

548 1100 903 1157 masculorum
926 1104 1222 1160 concubitu.

1000 1194 1368 1263 Apostolorum
1392 1211 1561 1251 canon
1589 1196 1677 1253 61.

617 1286 705 1346 60.
766 1284 822 1342 Si
861 1285 1122 1342 adversus
1156 1286 1368 1343 ﬁdelem
1410 1288 1896 1358 aliqua‘accusatio
1921 1288 2114 1345 inten-

2219 831 2295 904 μὴ
2325 831 2522 897 ἐξεῖναι
2552 833 2702 904 αὑτῷ
2722 833 2881 889 λῦσαι
2924 835 3015 887 τὸν
3053 834 3252 906 γάμον,
3284 839 3375 890 καὶ
3401 838 3500 891 οὐκ
3534 842 3728 913 ἐρρωται

2219 926 2252 996 ὴ
2291 925 2387 979 ἐπὶ
2423 925 2596 996 τούτῳ
2633 928 3043 999 ἐπερωτηθείσα
3076 929 3256 999 ποινή.

2289 1017 2554 1074 ΚΕΦΑΛ¹.
2592 1019 2653 1073 Ε.
2676 1050 2747 1060 —
2766 1020 2905 1089 Περὶ
2944 1021 3248 1088 πορνείας,
3271 1022 3367 1077 καὶ
3380 1026 3639 1095 μοιχείας,
3653 1034 3729 1087 και

2218 1109 2466 1179 φθορᾶς,
2494 1110 2594 1165 καὶ
2618 1110 3085 1179 ἀρῤενοκοιτίας.

2632 1201 3009 1256 Ἀποστόλων
3033 1201 3234 1257 κανὼν
3262 1201 3360 1270 ξα’.

2295 1294 2342 1357 ξ’
2363 1293 2432 1348 Εἴ
2451 1310 2536 1357 τις
2554 1294 2857 1366 κατηγορία
2872 1295 3095 1368 γένηται
3107 1297 3248 1351 κατὰ
3273 1296 3460 1351 πιστοῦ
3472 1303 3689 1369 πορνεῖας
3708 1306 3732 1376 η

544 1380 724 1448 datur,
769 1388 833 1436 ut
888 1378 1288 1446 fornicationis,
1348 1379 1431 1435 vel
1456 1380 1729 1449 adulterii,
1764 1382 1848 1438 vel
1888 1382 2119 1453 alicujus

2229 1385 2468 1457 μοιχείας
2494 1386 2528 1458 ἢ
2560 1387 2725 1459 ἄλλης
2755 1389 2898 1453 τινος
2929 1390 3385 1462 άπηγορευμένης
3409 1394 3651 1464 πράξεως,
3666 1399 3734 1451 καὶ

544 1472 687 1528 alius
717 1473 1002 1543 prohibitae
1023 1471 1281 1541 actionis,
1303 1480 1358 1529 et
1382 1473 1667 1532 convictus
1695 1472 1883 1544 fuerit,
1914 1474 1984 1532 ad
2011 1475 2123 1532 cle-

544 1580 666 1621 rum
688 1574 798 1618 non
828 1558 1197 1630 provehatur..

824 1655 987 1728 522
1021 1656 1242 1712 Concilii
1255 1657 1534 1731 Ἀπί-ειναηὶ
1557 1674 1725 1716 canon
1746 1659 1837 1717 20.

618 1747 711 1805 20.
753 1747 810 1804 Si
857 1748 1090 1820 alicujus
1126 1766 1266 1805 uxor
1299 1752 1602 1807 adulterata
1641 1752 1845 1820 fuerit,
1878 1751 1963 1807 vel
1988 1750 2114 1822 quis

549 1852 667 1892 eam
700 1839 1122 1906 adulteravcrit,
1152 1850 1367 1911 oportet
1417 1858 1541 1898 eum
1587 1843 1643 1897 in
1690 1854 1896 1913 septem
1953 1841 2113 1897 annis

546 1928 693 1999 quod
719 1928 1016 2001 perfectum
1044 1935 1127 1985 est
1148 1931 1387 2003 assequi,
1411 1946 1506 2003 per
1528 1931 1727 2003 gradus
1742 1930 1835 2003 qui
1852 1945 1920 1988 eo
1939 1930 2116 1988 dedu-

549 2030 704 2076 cunt.

854 2110 1082 2167 Concilii
1100 2110 1548 2170 Neocazsariensis
1560 2127 1728 2166 canon
1755 2110 1810 2166 8.

617 2198 670 2254 8.
709 2198 768 2255 Si
802 2199 1036 2270 alicujus
1074 2214 1236 2266 uxor,
1277 2209 1409 2265 etc.,
1444 2208 1499 2252 ut
1533 2215 1655 2271 pag.
1696 2198 1836 2254 555.

707 2291 934 2347 Concilii
961 2292 1264 2346 mcumenici
1294 2306 1345 2347 νι
1383 2307 1605 2345 canones
1633 2290 1725 2357 86,
1752 2290 1843 2356 87,
1871 2289 1961 2347 98.

617 2383 706 2439 86.
728 2386 835 2440 Eos
852 2384 945 2455 qui
969 2384 1036 2439 ad
1058 2384 1361 2439 animarum
1385 2383 1592 2453 lapsus,
1616 2390 1749 2450 etc.,
1772 2390 1830 2437 ut
1862 2381 2118 2452 pag.751.

617 2476 707 2530 87.
759 2476 892 2543 Quae
949 2476 1208 2532 maritum
1239 2474 1461 2545 reliquit
1502 2482 1588 2531 est
1624 2472 1874 2529 adultera
1900 2485 2033 2539 etc.,
2058 2481 2123 2527 ut

494 2632 495 2635 η
545 2586 667 2641 pag.
692 2568 818 2626 906.

474 2974 507 2987 Ἦ

616 2664 706 2721 98.
774 2661 877 2730 Qui
935 2661 1092 2719 alteri
1148 2660 1477 2733 desponsam
1543 2660 1848 2729 mulierem,
1874 2665 2007 2729 etc.,
2054 2674 2115 2721 ut

544 2775 669 2830 pag.
704 2755 832 2812 894.

546 2869 743 2926 Basilii
771 2882 995 2925 canones
1025 2867 1297 2936 7,18,2l,
1331 2864 1531 2936 22,25,
1568 2866 1660 2933 26,
1687 2866 1778 2934 50,
1797 2866 1887 2934 δι,
1906 2865 1998 2934 '57,
2028 2865 2117 2931 39,

1062 2940 1157 3003 49,
1183 2939 1275 3006 58,
1302 2939 1391 3003 59,
1417 2938 1507 3005 62,
1536 2938 1626 2994 77.

2221 1476 2528 1550 ἐλεγχθείη,
2568 1480 2649 1543 είς
2676 1479 2877 1552 κλῆρον
2906 1479 2981 1554 μὴ
3002 1481 3350 1553 προαγέσθω.

2541 1657 2812 1714 Συνόδου
2848 1658 3139 1729 Ἀγκύρας
3160 1659 3367 1714 κανὼν
3394 1667 3462 1715 κ’.

2295 1756 2365 1806 κ’.
2418 1749 2544 1805 Ἐάν
2575 1768 2722 1814 τινος
2745 1750 2881 1823 γυνὴ
2919 1751 3195 1823 μοιχευθῇ,
3239 1754 3272 1824 ἢ
3315 1754 3567 1827 μοιχεύσῃ
3590 1773 3673 1821 τις,
3696 1758 3738 1809 ἐν

2221 1840 2362 1894 ἑπτὰ
2400 1842 2545 1895 ἔτεσι
2576 1841 2657 1895 δεῖ
2683 1842 2845 1897 αὐτὸν
2886 1840 2981 1897 τοῦ
3024 1841 3231 1897 τελείου
3260 1848 3465 1916 τυχεῖν,
3494 1847 3622 1900 κατὰ
3645 1850 3739 1912 τοὺς

2221 1929 2464 2003 βαθμοὺς
2494 1932 2621 1996 τοὺς
2649 1931 3012 2003 προάγοντας.

2448 2113 2722 2175 Συνόδου
2744 2116 3214 2186 Νεοκαισαρείας
3261 2117 3467 2173 κανὼν
3489 2117 3559 2189 η’.

2294 2214 2368 2279 η’.
2390 2206 2533 2281 Γυνή
2559 2225 2704 2273 τινος
2726 2211 3071 2281 μοιχευθεῖσα
3100 2211 3290 2266 λαϊκοῦ
3321 2212 3493 2280 ὄντος,
3514 2230 3566 2267 κ.
3591 2229 3635 2270 τ.
3652 2213 3693 2268 λ.

2221 2298 2493 2355 Συνόδου
2509 2300 2925 2369 οίκουμενικῆς
2950 2301 3130 2370 ἕκτης
3156 2303 3360 2356 κανὼν
3376 2311 3503 2371 πς’,
3528 2306 3637 2371 πζ’,
3662 2310 3743 2376 [ιη’.

2295 2397 2419 2456 πς’.
2443 2391 2582 2455 Τοὺς
2607 2391 2700 2445 ἐπὶ
2730 2391 2916 2463 ψυχῶν
2932 2392 3146 2466 ὀλίσθῳ,
3187 2411 3244 2452 κ.
3276 2412 3332 2449 τ.
3354 2396 3409 2454 λ.

2301 2482 2418 2547 πῖ.
2458 2483 2527 2545 Ἠ
2577 2483 2670 2537 τὸν
2710 2483 2883 2557 ἄνδρα
2926 2485 3300 2541 καταλιποῦσα
3334 2487 3575 2559 μοιχαλίς
3617 2490 3746 2549 ἐστιν,

2224 2587 2281 2626 κ.
2308 2569 2427 2627 τ.λ.

2297 2666 2389 2735 κη’
2428 2662 2490 2720 '0
2514 2662 2688 2738 ἑτέρῳ
2719 2663 3149 2737 μνηστευθεῖσαν
3178 2667 3442 2736 γυναῖκα,
3477 2684 3534 2723 κ.
3554 2684 3602 2722 τ.
3628 2666 3673 2723 λ.

2229 2870 2553 2946 Βασιλείαν
2847 2868 3056 2946 thuuf,
3092 2872 3212 2946 xa',
3247 2872 3534 2946 νκβᾏᾼκί,
3565 2872 3751 2938 εις-’,λῇ

2463 2918 2573 3008 si.
2596 2918 3010 3015 ῖξλῖδοπμδττ
3040 2918 3169 3015 ξιξ
3197 2918 3322 3009 sev":
3351 2918 3573 3015 érToé'l

622 3032 679 3089 7.
706 3031 1071 3089 Masculorum
1098 3040 1152 3088 et
1177 3031 1493 3087 animalium
1526 3039 1893 3102 corruptores,
1928 3037 1983 3085 et
2025 3028 2119 3084 bo-

2298 3034 2369 3099 C’.
2399 3033 2837 3107 Ἀῤῥενοφθόροι,
2869 3011 2966 3090 οιαὶ
2994 3011 3317 3104 ζωοιρθόροι,
3346 3011 3444 3089 καὶ
3476 3034 3659 3104 φονεῖς,
3685 3036 3756 3088 καὶ

551 3121 786 3186 ιιιίςίιίαξ,
815 3130 869 3176 et
895 3121 1143 3188 venetlci,
1196 3129 1252 3175 et
1276 3119 1529 3189 adulteri,
1562 3130 1618 3176 et
1655 3120 1978 3186 idololatric,
2024 3135 2115 3175 ea-

551 3215 674 3269 dem
695 3214 1148 3268 condemnatione
1170 3212 1319 3284 digni
1350 3213 1639 3268 habentur.
1667 3211 1846 3279 Quare
1871 3226 2036 3283 quam
2063 3212 2116 3265 in

553 3306 678 3362 aliis
703 3305 872 3360 babes
903 3304 1158 3373 formam,
1195 3304 1251 3359 in
1279 3304 1349 3360 iis
1381 3319 1603 3375 quoque
1639 3319 1817 3361 serva.
1858 3304 1900 3358 li
1933 3314 2116 3358 autem

551 3399 647 3468 qui
716 3398 935 3465 triginta
978 3411 1154 3453 annos
1210 3397 1585 3469 paenitentiam
1625 3405 1851 3469 egerunt
1900 3404 2122 3466 propter

552 3492 977 3558 immunditiam,
1006 3506 1173 3562 quam
1221 3491 1279 3546 in
1322 3490 1630 3563 ignorantia
1676 3490 1942 3556 fecerunt,
1986 3488 2120 3560 quin

552 3584 851 3655 recipiendi
900 3586 1029 3651 sint,
1068 3598 1137 3639 ne
1180 3583 1431 3640 dubitare
1470 3583 1691 3654 quidem
1733 3597 1837 3639 nos
1884 3589 2118 3653 oportet.

551 3677 687 3733 Nam
724 3693 821 3733 eos
848 3678 1009 3733 venia
1051 3677 1243 3748 dignos
1272 3676 1433 3732 elﬁcit
1460 3686 1515 3733 et
1543 3676 1833 3748 ignoratio,
1860 3684 1915 3732 et
1952 3691 2123 3747 spon-

552 3782 713 3825 tanea
749 3768 1046 3835 confessio,
1077 3777 1132 3824 et
1154 3770 1417 3839 temporis
1435 3780 1582 3824 tanta
1611 3767 1961 3824 diuturnitas.
1986 3766 2123 3824 Fere

550 3860 700 3913 enim
741 3868 910 3913 totam
965 3858 1205 3915 hominis
1244 3866 1459 3913 :etatem
1508 3858 1724 3913 Satanae
1752 3858 1932 3914 traditi
1967 3867 2118 3921 sunt,

556 3958 614 4004 ιιι
646 3949 863 4004 discant
891 3963 1000 4004 non
1020 3963 1208 4020 gerere
1236 3964 1297 4005 se
1320 3949 1573 4018 turpiter.
1604 3948 1969 4015 Quamobrem
1991 3947 2123 4017 jube

552 4058 648 4099 eos
682 4042 888 4113 absque
927 4040 1189 4097 dilatione
1220 4042 1444 4111 suscipi,
1491 4042 1727 4097 maxime
1771 4040 1817 4096 si
1853 4041 2123 4111 lacrymas

466 4150 477 4159 '
553 4135 778 4201 habent,
805 4148 929 4206 quae
973 4142 1122 4189 tuam
1167 4134 1510 4189 clementiam
1556 4132 1799 4202 flectant,
1846 4140 1902 4189 et
1956 4133 2122 4187 vitam

552 4227 852 4285 ostendunt
873 4224 1353 4283 commiseratione
1376 4225 1618 4297 dignam.

623 4412 787 4486 523
816 4411 905 4468 18.
939 4410 1015 4468 De
1040 4411 1345 4483 virginibus
1369 4408 1558 4481 lapsis,
1588 4417 1717 4472 etc.,
1749 4415 1807 4461 ut
1843 4422 1965 4477 pag.
1996 4404 2125 4460 858.

625 4507 718 4561 21.
764 4504 822 4559 Si
843 4505 928 4560 vir
962 4520 1073 4560 una
1118 4520 1244 4560 cum
1275 4518 1445 4559 uxore
1486 4503 1761 4567 habitans,
1794 4509 1982 4571 postea
2011 4513 2130 4553 ma-

556 4598 821 4654 trimonio
864 4612 973 4653 non
1015 4604 1328 4662 contentus,
1370 4597 1423 4651 in
1469 4594 1885 4651 fornicationem
1920 4592 2128 4646 incide-

556 4691 663 4753 rit;
703 4689 1090 4745 fornicatorem
1142 4703 1268 4744 eum
1309 4687 1644 4758 judicamus,
1692 4687 1981 4757 ipsumque
2010 4683 2129 4737 Iona

559 4779 684 4851 gius
732 4778 1090 4849 producimus
1133 4777 1188 4833 in
1234 4776 1506 4847 impositis
1545 4776 1763 4847 poenis:
1815 4772 1909 4829 sed
1944 4780 2125 4825 tamen

2226 3127 2532 3196 φαρμακοὶ,
2562 3125 2659 3180 καὶ
2698 3127 2897 3197 μοιχοὶ,
2934 3128 3029 3181 καὶ
3071 3126 3482 3197 εἰδωλολάτραι,
3505 3128 3597 3197 τῆς
3623 3128 3757 3192 αὑτῆς

2226 3212 2526 3287 καταδίκης
2559 3218 2697 3271 εἰσὶν
2715 3217 3007 3288 ἠξιωμένοι
3031 3234 3047 3250 ο
3082 3217 3224 3274 ὥστε
3283 3218 3346 3272 ὃν
3376 3220 3521 3290 ἔχεις
3551 3220 3636 3272 ἐπὶ
3675 3219 3757 3269 τῶν

2226 3309 2401 3365 ἄλλων
2421 3308 2613 3375 τύπον,
2641 3309 2737 3363 καὶ
2763 3312 2857 3364 ἐπὶ
2876 3310 3083 3365 τούτων
3132 3310 3377 3381 φύλαξον
3407 3328 3424 3344 ⁸
3459 3313 3583 3375 τοὺς
3627 3312 3675 3364 δέ
3715 3313 3758 3362 ἐν

2227 3404 2522 3475 τριάκοντα
2567 3402 2714 3458 ἔτεσι
2742 3406 3181 3476 μετανοήσαντας
3210 3405 3306 3459 ἐπὶ
3361 3407 3433 3477 τῇ
3489 3404 3757 3474 ἀκαθαρσίᾳ

2228 3495 2296 3565 ἢν
2321 3497 2377 3550 ἐν
2404 3495 2596 3566 ἀγνοίᾳ
2623 3493 2884 3565 ἔπραξαν,
2906 3495 3015 3548 οὐδ’
3040 3495 3411 3566 ἀμφιδάλλειν
3457 3494 3600 3565 ἡμᾶς
3630 3508 3760 3561 προσ-

2229 3585 2364 3657 ῆκεν
2389 3586 2469 3649 εἰς
2493 3584 2554 3639 τὸ
2588 3585 2997 3656 παραδέξασθαι
3020 3608 3035 3622 ·
3056 3587 3092 3658 ἧ
3112 3603 3171 3639 τε
3204 3587 3315 3658 γὰρ
3336 3587 3535 3655 ἄγνοια
3562 3582 3763 3652 συγγνώ-

2234 3694 2343 3748 μης
2374 3677 2572 3742 αὐτοὺς
2629 3676 2813 3742 ἀξίους
2848 3679 3014 3742 ποιεῖ,
3058 3676 3241 3731 καὶτὸ
3272 3677 3526 3731 ἑκούσιον
3570 3675 3657 3745 τῆς
3694 3672 3758 3735 ἐξ·

2232 3768 2600 3841 αγορεύσεως,
2658 3772 2751 3824 καὶ
2776 3772 2809 3840 ἡ
2860 3769 3167 3840 παράτασις
3197 3770 3229 3839 ἡ
3260 3771 3318 3823 ἐν
3363 3768 3603 3840 τοσούτῳ
3622 3768 3762 3839 χρόνῳ

2226 3861 2491 3933 γενομένη
2517 3877 2534 3895 ο
2582 3862 2769 3932 σχεδὸν
2796 3861 2904 3933 γάρ
2963 3861 3091 3933 ὃλην
3120 3861 3312 3930 γενεὰν
3337 3862 3623 3933 ἀνθρώπου
3653 3874 3760 3928 παρ-

2227 3952 2488 4023 εδόθησαν
2541 3952 2620 4023 τῷ
2674 3953 2909 4025 Σατανᾷ,
2962 3954 3050 4008 ἴνα
3107 3952 3449 4007 παιδευθῶσι
3508 3951 3581 4023 μὴ
3628 3952 3760 4019 ἀσχη-

2234 4047 2413 4115 μονεῖν
2441 4060 2458 4076 ·
2527 4043 2672 4099 ὥστε
2720 4044 2976 4098 κέλευσον
3023 4044 3221 4108 αὐτοὺς
3265 4044 3374 4115 ήδη
3422 4043 3760 4115 ἀνυπερθέτως

2227 4136 2506 4206 δεχθῆναι,
2575 4135 2807 4207 μάλιστα
2852 4137 2902 4190 εί
2958 4136 3053 4191 καὶ
3118 4136 3333 4207 δάκρυα
3396 4137 3579 4206 ἔχουσι
3625 4134 3763 4188 δυσωο

2232 4227 2442 4281 ποῦντά
2465 4242 2559 4279 σου
2588 4225 2688 4296 τὴν
2713 4226 3137 4297 εὐσπλαγχνίαν,
3183 4227 3282 4281 καὶ
3311 4226 3433 4298 βίον
3465 4225 3763 4280 ἐπιδείκνυν-

2156 4337 2203 4395 ι)
2228 4335 2320 4373 ται
2348 4319 2498 4386 ἄξιον
2524 4317 2886 4389 συμπαθείας.

2306 4416 2396 4483 ιη’.
2432 4410 2569 4481 Περὶ
2598 4409 2707 4464 τῶν
2728 4410 3074 4464 ἐκπεσουσῶν
3096 4408 3402 4481 παρθένων,
3436 4427 3494 4464 κ.
3520 4426 3571 4465 τ.
3606 4407 3652 4462 λ.

2292 4508 2401 4559 ua’.
2416 4500 2478 4554 El
2497 4499 2637 4571 ἀνὴρ
2653 4498 2870 4567 γυναικὶ
2886 4499 3171 4566 συνοικῶν,
3188 4498 3409 4554 ἐπειδὰν
3432 4499 3509 4570 μὴ
3524 4494 3763 4569 ἀρκεσθεὶς

2226 4592 2305 4663 τῷ
2334 4592 2501 4663 γάμῳ
2532 4592 2611 4655 εἰς
2634 4590 2890 4662 πορνείαν
2927 4591 3164 4662 ἐμπέσῃ,
3198 4591 3399 4661 πόρνον
3426 4591 3671 4661 κρίνομεν
3690 4587 3762 4637 τὸν

2228 4682 2471 4736 τοιοῦτον
2506 4696 2521 4712 ·
2572 4683 2669 4734 καὶ
2699 4681 2881 4733 πλεῖον
2928 4680 3092 4734 αὑτὸν
3143 4681 3554 4752 παρατείνομεν
3595 4681 3647 4732 ἐν
3678 4678 3764 4736 τοῖς

2229 4775 2526 4844 ἐπιτιμίοις
2602 4773 2704 4826 ὀὐ
2784 4773 2965 4843 μέντοι
3038 4772 3232 4843 ἔχομεν
3300 4774 3508 4827 κανόνα
3569 4771 3642 4841 τῷ
3689 4770 3765 4836 τῆς

558 4884 823 4926 canonem
866 4884 997 4943 non
1027 4870 1317 4934 habemus,
1344 4868 1438 4940 qui
1465 4883 1593 4923 eum
1634 4864 1884 4921 adulterii
1911 4860 2119 4918 crimini

2234 4866 2483 4936 μοιχείας
2550 4864 2714 4919 αὑτὸν
2778 4866 3082 4933 ὑπαγαγεῖν
3150 4865 3464 4937 ἐγκλήματι
3490 4905 3508 4933 ,
3568 4866 3654 4919 ἐὰν
3706 4862 3765 4921 εἱς

557 4961 838 5031 subjiciat,
890 4961 937 5015 si
982 4962 1036 5016 in
1085 4960 1321 5015 solutam
1367 4975 1399 5014 a
1447 4958 1799 5032 matrimonio
1843 4964 2119 5027 peccatum

2230 4957 2519 5028 ἐλευθέραν
2544 4956 2723 5026 γάμου
2752 4958 2785 5027 ὴ
2821 4957 3064 5027 ἁμαρτία
3093 4958 3317 5029 γένηται
3351 4976 3363 4987 ·
3392 4959 3577 5027 διότιὴ
3589 4969 3767 5026 μοιχα·

560 5054 913 5108 commissum
962 5052 1068 5108 sit:
1100 5060 1386 5123 prOpterea
1411 5050 1560 5121 quod
1602 5049 1847 5104 adultera
1884 5045 2119 5116 quidem,

2229 5052 2332 5117 λίς
2345 5048 2846 5120 μὲνμιαινομένη,
2886 5051 3020 5120 φησι
3046 5050 3415 5116 ιανθήσεται,
3438 5049 3536 5102 καὶ
3550 5050 3643 5102 οὐκ
3665 5049 3769 5099 ἀνα-

557 5146 763 5216 inquit,
808 5143 1030 5200 Polluta
1077 5145 1346 5216 polluetur
1377 5151 1434 5198 et
1487 5141 1556 5197 ad
1588 5142 1766 5196 virum
1799 5154 1962 5196 suum
2019 5152 2119 5191 non

2232 5143 2451 5214 στρέψει
2507 5142 2642 5214 πρὸς
2690 5144 2780 5195 τὸν
2839 5142 3009 5213 ἄνδρα
3061 5143 3256 5213 αὐτῆς,
3310 5146 3406 5197 καὶ
3438 5143 3504 5197 '0
3538 5140 3770 5205 κατέχων

558 5246 858 5293 revertetur
889 5238 975 5305 ¹³;
1006 5246 1080 5304 et,
1119 5236 1223 5304 Qui
1251 5236 1549 5290 adulteram
1576 5232 1795 5297 detinet,
1822 5231 2017 5286 stultus
2045 5237 2119 5285 est

2229 5234 2549 5307 μοιχαλίδα
2569 5234 2775 5302 ἄφρων
2795 5234 2895 5289 καί
2921 5233 3178 5302 ἀσεϐής·
3210 5238 3238 5289 ὁ
3267 5237 3450 5306 μέντοι
3484 5235 3770 5306 πορνεύσας,

555 5341 607 5385 et
636 5330 830 5394 impius
861 5328 908 5359 ’δ
939 5346 953 5383 :
994 5328 1087 5384 sed
1115 5327 1209 5398 qui
1252 5326 1556 5381 fornicatus
1585 5332 1689 5389 cst,
1724 5339 1833 5378 non
1863 5321 2119 5377 exclude-

2236 5328 2336 5382 οὐκ
2384 5326 2871 5397 άποκλεισθήσεται
2911 5328 3011 5398 τῆς
3036 5327 3174 5396 πρὸς
3194 5327 3294 5399 τὴν
3346 5331 3582 5396 γυναῖκα
3638 5319 3771 5375 αὐτοῦ

557 5432 648 5477 tur
683 5422 982 5493 quominus
1011 5436 1136 5477 cum
1167 5434 1341 5475 uxore
1368 5419 1596 5474 habitet.
1621 5417 1804 5484 Quare
1835 5432 1974 5472 uxor
2005 5417 2119 5486 qui-

2240 5422 2604 5491 συνοικήσεως
2630 5435 2644 5449 ⁸
2672 5420 2814 5473 ὥστε
2849 5421 2883 5490 ἡ
2938 5419 3038 5491 μὲν
3057 5420 3196 5490 γυνὴ
3252 5419 3359 5474 άπὸ
3413 5416 3661 5488 πορνείας
3701 5414 3774 5463 ἐτι-

560 5518 685 5574 dem
716 5533 748 5573 a
783 5516 1146 5573 fornicatione
1179 5524 1535 5575 revertentem
1581 5514 1761 5569 virum
1786 5528 1946 5569 suum
1977 5511 2119 5567 exci-

2236 5512 2452 5567 ανιόντα
2481 5509 2573 5563 τὸν
2600 5507 2771 5581 ἄνδρα
2794 5508 2964 5579 αὐτῆς
2988 5508 3374 5581 παραδέξεται,
3396 5509 3427 5561 ὁ
3453 5509 3512 5560 δὲ
3540 5506 3668 5576 ἀνὴρ
3691 5501 3773 5570 τὴν

560 5610 705 5683 plet:
738 5609 823 5667 vir
850 5624 982 5666 vero
1000 5609 1261 5680 pollutam
1293 5624 1324 5663 e
1356 5608 1475 5664 suis
1492 5607 1703 5663 aedibus
1726 5606 1925 5677 ejiciet.
1950 5604 2119 5675 Atque

2239 5601 2587 5672 μιανθεῖσαν,
2641 5599 2752 5655 τῶν
2796 5600 2962 5655 οίκων
3012 5600 3210 5655 ἐαυτοῦ
3277 5595 3591 5669 ἀποπέμψει
3619 5610 3633 5627 ·
3691 5591 3769 5644 καὶ

626 5762 673 5798 ³³
700 5760 903 5819 Jerem.
936 5778 1018 5830 ιιι,
1053 5763 1103 5817 1.
1198 5763 1243 5796 ’⁸
1271 5762 1527 5820 Proverb.
1565 5777 1718 5829 xvm,
1747 5761 1835 5815 2‘2.
