3980 6440
259 441 358 508 913

1061 452 1459 519 SYNTAGMA
1496 453 1880 517 CANONUM.
1908 477 1977 490 --
2006 454 2155 517 ΤΙΤ.
2193 453 2366 529 XIII,
2389 454 2548 517 CAP.
2580 455 2649 518 V.

3381 452 3490 520 9M

255 560 460 612 τούτων
510 556 568 612 δὲ
617 556 832 631 όλόγος
862 560 923 616 οὐ
987 562 1193 636 ῥᾴδιος,
1231 567 1268 637 ἡ
1296 564 1354 621 δὲ
1396 567 1653 641 συνήθεια
1684 566 1824 622 οὕτω

1941 569 2124 621 horum
2148 565 2371 637 quidem
2404 565 2545 622 ratio
2572 578 2682 621 non
2707 561 2907 631 facilis,
2932 562 3028 621 sed
3052 566 3387 624 consuetudo
3410 571 3493 624 sic

253 656 599 722 κεκράτηκεν

317 742 426 813 κβ’.
444 744 581 808 Τοὺς
592 743 652 810 ἐξ
670 745 924 817 ἁρπαγῆς
938 747 1157 820 ἔχοντας
1168 751 1451 821 γυναῖκας,
1463 750 1513 805 εί
1526 749 1625 821 μὲν
1646 748 1827 814 ἄλλοις

248 840 849 910 προμεμνηστευμένας
891 838 1002 897 εἷεν
1046 843 1413 919 ἀφῃρημένοι,
1458 844 1518 898 οὐ
1564 844 1828 917 πρότερον

248 929 354 999 χρὴ
389 930 814 1002 παραδέχεσθαι,
849 935 1037 1008 πρὶνῆ
1090 937 1383 1007 ἀφελέσθαι
1412 936 1584 1000 αὐτὰς
1624 936 1825 999 αὐτῶν.

249 1020 345 1074 καὶ
397 1020 485 1073 ἐπ’
539 1020 761 1094 ἐξουσίᾳ
816 1025 926 1079 τῶν
973 1025 1035 1092 ἐξ
1086 1027 1265 1097 ἀρχῆς
1332 1027 1828 1099 μνηστευσαμένων

250 1116 497 1184 ποιῆσαι,
529 1115 641 1171 εἴτε
672 1116 950 1188 βούλοιντο
972 1121 1157 1176 λαϐεῖν
1176 1124 1368 1189 αὐτὰς,
1419 1125 1530 1179 εῐτε
1584 1126 1829 1198 ἀποστῆ·

248 1222 339 1258 ναι
369 1221 385 1237 ⁸
421 1208 470 1259 εί
499 1207 556 1261 δὲ
591 1209 959 1279 σχολάζουσάν
980 1230 1063 1278 τις
1105 1213 1285 1281 λάϐοι,
1336 1216 1695 1289 ἀφαιρεῖσθαι
1732 1218 1830 1290 μὲν

247 1298 328 1351 δεῖ
376 1301 472 1352 καὶ
527 1302 640 1365 τοῖς
670 1303 890 1367 οἰκείοις
930 1305 1308 1379 ἀποκαθιστᾷν
1339 1324 1354 1339 ⁸
1391 1310 1709 1382 ἐπιτρέπειν
1771 1310 1831 1365 δὲ

246 1391 314 1459 τῇ
345 1389 543 1461 γνώμῃ
577 1393 687 1447 τῶν
714 1395 955 1462 οίκείων,
992 1397 1104 1451 εἴτε
1142 1402 1325 1468 γονεῖς
1372 1395 1503 1467 εἶεν,
1539 1402 1650 1456 εἴτε
1677 1401 1832 1457 ἀδελ-

249 1481 364 1549 φοὶ,
418 1480 531 1535 εἴτε
580 1484 877 1540 οίτινεσοῡν
961 1490 1306 1560 προεστῶτες
1344 1491 1445 1563 τῆς
1482 1493 1651 1564 κόρης
1678 1507 1696 1523 ⁸
1728 1492 1832 1549 κᾶν

250 1574 352 1644 μὲν
377 1574 609 1630 ἕλωνται
667 1579 816 1650 αὑτῷ
852 1582 1211 1651 παραδοῦναι,
1240 1585 1496 1641 ἵστασθαι
1545 1586 1611 1641 τὸ
1660 1604 1833 1642 συνοι-

248 1669 435 1724 κέσιον
474 1685 489 1701 ⁸
538 1671 635 1725 ἐὰν
661 1673 717 1728 δὲ
748 1674 1075 1743 ἁνανεύωσι,
1113 1679 1189 1751 μὴ
1212 1680 1501 1750 βιάζεσθαι
1531 1697 1547 1715 ⁸
1586 1682 1678 1738 τὸν
1704 1681 1833 1754 μέν·

244 1777 331 1814 τοι
400 1763 466 1816 ἐκ
525 1762 792 1837 διαφορᾶς
847 1768 959 1822 εἴτε
1008 1768 1275 1842 λαθραίας
1343 1773 1456 1828 εἴτε
1524 1773 1833 1846 βιαιοτέρας

246 1853 490 1919 γυναῖκα
515 1852 735 1925 ἔχοντα,
761 1858 976 1930 ἀνάγκη
1006 1860 1067 1913 τὸ
1116 1862 1217 1933 τῆς
1242 1864 1500 1936 πορνείας
1529 1865 1831 1935 ἐπιγνῶναι

244 1943 564 2017 ἐπιτίμιον*
628 1948 745 2003 ἐστι
794 1950 850 2004 δὲ
915 1953 975 2006 ἐν
1021 1953 1316 2025 τέσσαρσιν
1385 1958 1666 2031 ὡρισμένη
1714 1964 1830 2026 τοῖς

244 2038 610 2110 πορνεύουσιν
638 2043 671 2113 ἡ
702 2042 1023 2116 ἐπιτίμησις
1048 2062 1063 2077 ⁸
1106 2046 1214 2119 χρὴ
1240 2048 1318 2119 τῷ
1371 2050 1577 2122 πρώτῳ
1623 2053 1823 2109 ἐκϐάλ-

241 2127 435 2184 λεσθαι
456 2130 566 2185 τῶν
600 2134 939 2205 προσευχῶν,
977 2136 1073 2191 καὶ
1103 2139 1437 2209 προσκλαίεν
1496 2144 1693 2209 αὐτοὺς
1755 2148 1822 2219 τῇ

243 2221 392 2295 θύρᾳ
438 2225 537 2295 τῆς
583 2226 924 2298 ἐκκλησίας·
990 2229 1070 2302 τῷ
1134 2230 1371 2305 δευτέρῳ
1423 2232 1681 2306 δεχθῆναι
1743 2239 1824 2303 είς

240 2315 525 2388 ἀκρόασιν
552 2334 566 2349 ·
591 2319 669 2391 τῷ
700 2319 872 2392 τρίτῳ
904 2321 984 2386 είς
1009 2323 1297 2393 μετάνοιαν
1328 2340 1342 2354 ⁸
1372 2325 1450 2397 τῷ
1467 2328 1711 2401 τετάρτῳ
1743 2330 1827 2396 είς

242 2406 510 2461 σύστασιν
533 2410 673 2481 μετὰ
710 2412 803 2466 τοῦ
835 2412 989 2480 λαοῦ,
1017 2415 1395 2486 ἀπεχομένους
1434 2419 1537 2489 τῆς
1584 2437 1825 2492 προσφορ

242 2499 368 2568 ρᾶς,
433 2494 553 2554 εἶτα
597 2501 795 2568 αὐτοὺς
841 2505 1238 2578 ἐπιτρέπεσθαι
1267 2505 1367 2581 τὴν
1391 2509 1680 2566 κοινωνίαν
1728 2510 1824 2568 τοῦ

238 2588 475 2658 ἀγαθοῦ.
959 2613 962 2616 ’

311 2690 416 2740 κε’.
464 2684 525 2740 Ὀ
562 2685 662 2758 τὴν
682 2685 1087 2766 διεφθαρμένην
1107 2693 1196 2765 ὑφ’
1219 2695 1414 2751 ἑαυτοῦ
1460 2696 1544 2764 εἰς
1588 2699 1825 2769 γυναῖκα

235 2775 508 2846 κατέχων,
526 2777 587 2832 τὺ
609 2778 706 2849 μὲν
731 2781 826 2836 ἐπὶ
844 2785 911 2855 τῇ
932 2784 1108 2859 φθορᾷ
1130 2787 1409 2859 ἐπιτίμιον
1431 2790 1820 2863 ὑποστήσεται,

232 2873 341 2944 τὴν
371 2874 430 2928 δέ
455 2878 689 2944 γυναῖκα
713 2876 859 2950 ἔχειν
886 2884 1396 2957 συγχωρηθήσεται.

310 2967 434 3029 κς⁹.
474 2966 543 3022 Ἦ
564 2970 793 3042 πορνεία
815 2972 994 3043 γάμος
1018 2975 1118 3030 οὐκ
1142 2975 1313 3043 ἔστιν,
1341 2978 1458 3034 ἀλλ’
1483 2980 1605 3035 οὐδὲ
1639 2981 1821 3056 γάμου

234 3055 388 3126 ἀρχή
421 3071 436 3085 ⁸
493 3056 637 3113 ὥστε
681 3061 777 3115 ἐὰν
906 3062 1135 3119 δυνατὸν
1198 3069 1329 3133 τοὺς
1374 3071 1515 3126 κατά
1562 3055 1821 3146 πορνείαν

235 3151 685 3222 συναπτομένους
735 3156 1093 3229 χωρίζεσθαι,
1130 3159 1292 3214 τοῦτο
1344 3166 1639 3235 κράτιστον
1668 3184 1685 3202 ·
1722 3167 1821 3224 ἐὰν

1925 654 2229 811 ωέἒίηὸιιί
2258 757 2325 799 ex
2356 751 2513 815 raptu
2544 742 2805 801 mulieres
2828 742 3053 813 habent,
3076 744 3344 816 siquidem
3371 748 3494 805 aliis

1920 832 2033 903 jam
2080 831 2384 905 desponsas
2433 836 2795 906 abripuerint,
2836 845 2966 893 ante
3009 837 3331 895 admittendi
3383 856 3493 897 non

1926 930 2075 987 sunt,
2110 938 2273 993 quam
2313 924 2383 980 ab
2410 925 2492 981 eis
2520 926 2715 981 ablatae
2744 926 2857 981 sint
2895 935 2950 982 et
2976 942 3169 983 eorum
3198 929 3398 999 quibus
3427 930 3498 985 ab

1927 1012 2085 1069 initio
2115 1014 2396 1085 desponsa:
2425 1026 2602 1082 erant,
2638 1018 2894 1088 potestati
2918 1019 3165 1087 redditae,
3197 1033 3380 1077 utrum
3404 1036 3500 1078 eas

1928 1104 2097 1160 velint
2123 1107 2371 1177 accipere
2420 1123 2492 1163 an
2519 1109 2807 1166 desistere.
2848 1109 2906 1166 Si
2934 1113 3056 1181 Quis
3084 1122 3266 1168 autem
3299 1129 3500 1170 vacan-

1929 1202 2036 1251 tem
2088 1200 2378 1270 aceeperit,
2431 1200 2649 1258 auferre
2694 1203 2916 1273 quidem
2992 1214 3232 1275 oportet,
3274 1208 3503 1276 suisque

1930 1289 2236 1356 restituere,
2292 1301 2346 1347 et
2394 1293 2639 1363 ipsorum
2685 1295 2954 1351 voluntati
2989 1298 3327 1367 permittere,
3390 1300 3503 1352 sive

1930 1380 2042 1437 sint
2073 1390 2345 1451 parentes,
2389 1384 2504 1440 sive
2543 1384 2764 1452 fratres,
2813 1387 2929 1441 sive
2975 1388 3154 1457 quivis
3182 1390 3271 1444 alii
3311 1390 3505 1459 puclla:

1929 1473 2337 1530 moderatores:
2367 1490 2433 1531 ac
2466 1475 2514 1531 si
2545 1477 2596 1532 ei
2626 1477 2845 1548 quidem
2874 1477 3089 1534 tradere
3115 1480 3301 1544 velint,
3344 1497 3503 1550 opor-

1931 1573 2007 1620 tet
2060 1565 2467 1622 matrimonium
2510 1569 2838 1625 constituere
2885 1588 2900 1625 :
2951 1570 3037 1626 sin
3075 1579 3255 1626 autem
3309 1587 3506 1625 renue-

1928 1658 2059 1725 rint,
2108 1673 2453 1730 nequaquam
2484 1660 2595 1715 vim
2642 1660 2866 1716 inferre.
2901 1660 3038 1717 Eum
3086 1672 3266 1718 autem
3304 1663 3397 1729 qui
3441 1679 3507 1716 vx

1931 1759 2146 1822 stupro,
2190 1752 2307 1808 sive
2350 1752 2544 1809 latenti
2571 1753 2688 1811 sive
2727 1753 2991 1820 violento,
3041 1730 3269 1810 uxorem
3321 1753 3506 1816 habet,

1933 1859 2154 1901 necesse
2203 1854 2287 1901 est
2338 1843 2716 1903 fornicationis
2766 1862 2984 1917 poenam
3039 1860 3359 1917 agnoscere.
3410 1843 3506 1900 Est

1862 1916 1904 1976 Β
1933 1946 2114 1992 autem
2172 1938 2227 1992 in
2271 1947 2511 2009 quatuor
2568 1939 2729 1997 annis
2772 1916 3049 2010 praefinita
3084 1916 3508 1994 ifornicantibus

1934 2042 2114 2097 poena.
2143 2026 2368 2098 Oportet
2411 2043 2510 2085 eos
2542 2044 2688 2086 anno
2717 2031 2896 2101 primo
2931 2046 2962 2087 a
2988 2030 3243 2101 precibus
3282 2029 3503 2099 expelli,

1933 2127 1988 2173 et
2016 2118 2145 2174 ﬂere
2175 2118 2244 2174 ad
2278 2118 2427 2175 fores
2457 2120 2707 2177 ecclesiae
2735 2139 2750 2177 :
2780 2123 3022 2178 secundo
3055 2123 3122 2178 ad
3166 2122 3507 2179 auditionem

1930 2210 2165 2279 admitti,
2210 2214 2372 2267 tertio
2418 2211 2487 2267 ad
2537 2214 2916 2283 ptenitentiam
2945 2231 2959 2269 :
2988 2213 3156 2287 424
3186 2224 3385 2286 quarto
3437 2214 3509 2271 ad

1932 2302 2187 2359 standum
2212 2319 2321 2361 una
2342 2318 2467 2359 cum
2490 2305 2711 2376 populo,
2738 2304 3075 2363 abstinentes
3104 2307 3174 2362 ab
3194 2307 3502 2365 oblatione:

1931 2393 2131 2451 deinde
2159 2395 2241 2455 eis
2268 2397 2505 2468 permitti
2541 2397 2672 2455 boni
2700 2396 3167 2457 communionem.

1999 2698 2091 2756 25.
2120 2696 2225 2766 Qui
2258 2711 2290 2754 a
2319 2711 2380 2755 se
2398 2705 2698 2769 stupratam
2755 2710 2861 2768 pro
2904 2711 3079 2755 uxore
3107 2695 3338 2764 detinet,
3380 2706 3501 2755 stu-

1928 2793 2013 2866 pri
2040 2791 2263 2863 quidem
2292 2804 2512 2863 pmnam
2544 2789 2777 2859 subibit,
2807 2789 2904 2848 sed
2930 2790 2981 2848 ei
3006 2790 3197 2848 licebit
3217 2806 3335 2847 eam
3359 2805 3500 2847 uxo—

1928 2901 2044 2943 rem
2068 2884 2290 2953 habere.

2000 2976 2091 3032 26.
2139 2956 2457 3032 Fornicatie
2508 2975 2923 3033 matrimonium
2975 2991 3083 3032 non
3129 2978 3245 3042 'est,
3292 2975 3388 3032 sed
3434 2992 3504 3032 ne

1929 3066 2276 3124 matrimonii
2314 3066 2537 3139 quidem
2576 3066 2823 3124 initium.
2865 3067 3048 3135 Quare
3076 3068 3120 3124 si
3152 3067 3267 3123 fieri
3302 3077 3503 3138 potest,

1930 3168 1993 3215 ut
2013 3160 2105 3231 qui
2129 3174 2225 3231 per
2247 3158 2667 3216 fornicationem
2693 3159 2974 3231 conjuncti
2992 3168 3140 3227 sunt,
3155 3168 3501 3230 separentur,

231 3244 293 3297 δὲ
322 3247 632 3315 στέργωσιν
680 3250 745 3305 ἐκ
779 3253 983 3318 παντὸς
1015 3256 1222 3325 τρόπου
1252 3257 1315 3312 τὸ
1351 3261 1704 3328 συνοικέσιον,
1757 3263 1821 3317 τὸ

1941 3251 1982 3306 κει
2032 3250 2253 3322 quidem
2306 3252 2573 3322 optimum
2623 3259 2726 3307 est.
2780 3251 2878 3306 Sin
2923 3261 3101 3307 autem
3147 3252 3228 3307 eis
3278 3252 3504 3306 omnino

234 3335 346 3429 μὲν
396 3337 499 3408 τῆς
555 3342 814 3412 πορνείας
869 3346 1147 3419 ἐπιτίμιον
1201 3352 1651 3425 γνωριζέτωσαν,
1685 3354 1817 3429 ἀφι-

232 3426 489 3485 έσθωσαν
521 3430 579 3485 δὲ
603 3432 689 3486 ἵνα
719 3433 794 3507 μὴ
822 3436 1004 3507 χεῖρόν
1034 3454 1091 3493 τι
1110 3438 1360 3512 γένηται.

304 3613 384 3673 λ’.
412 3615 550 3688 Περὶ
577 3617 688 3672 τῶν
718 3619 1096 3691 ἁρπαζόντων,
1124 3625 1324 3681 κανόνα
1355 3628 1454 3700 μὲν
1469 3628 1698 3687 παλαιὸν
1721 3632 1823 3691 οὐκ

229 3706 461 3779 ἔχομεν,
497 3709 633 3764 ίδίαν
652 3710 708 3765 δὲ
733 3712 959 3786 γνώμην
991 3716 1399 3789 ἐποιησάμεθα,
1422 3722 1548 3793 τρία
1571 3723 1668 3796 ἐτη
1724 3727 1820 3782 καὶ

229 3801 446 3866 αὐτοὺς
475 3804 732 3870 καὶτοὺς
779 3807 1232 3879 συναρπάζοντας
1276 3812 1484 3882 αὐτοῖς,
1541 3814 1649 3885 ἔξω
1709 3819 1822 3876 τῶν

228 3893 421 3963 εὐχῶν
485 3894 737 3963 γίνεσθαι
775 3908 803 3930 ⁸
866 3899 929 3954 τὺ
983 3900 1041 3954 δὲ
1114 3901 1190 3974 μὴ
1252 3902 1442 3974 βιαίως
1501 3908 1818 3981 γενόμενον,

225 3982 535 4077 ἀνεύθυνόν
590 3988 739 4042 ἐστιν
797 3989 928 4045 ὅταν
981 3992 1059 4063 μὴ
1099 3993 1277 4064 φθορὰ
1331 3993 1391 4068 ᾖ,
1451 3999 1588 4073 μηδὲ
1642 4001 1819 4077 κλοπὴ

225 4076 524 4148 ἡγουμένη
577 4079 671 4133 τοῦ
721 4082 1049 4153 πράγματος
1081 4101 1096 4115 ⁸
1146 4088 1474 4153 αὐτεξουσία
1525 4092 1583 4146 δὲ
1612 4095 1647 4165 ἠ
1676 4076 1820 4167 χήρα

224 4171 333 4227 καὶ
360 4171 453 4227 ἐπ’
482 4172 623 4246 αὐτῇ
656 4177 716 4229 τὸ
760 4177 1126 4253 ἀκολουθῆσαι
1148 4198 1163 4215 ο
1192 4181 1335 4238 ὥστε
1376 4186 1487 4241 τῶν
1519 4190 1820 4261 σχημάτων

231 4262 370 4335 ἡμῖν
400 4263 463 4317 οὐ
498 4266 862 4336 φροντιστέον.

288 4445 407 4502 ’λδ’.
438 4446 553 4514 Τάς
584 4449 958 4521 μοιχευθείσας
982 4455 1075 4509 καὶ
1095 4454 1556 4530 ἐξαγορευούσας,
1589 4480 1645 4518 κ.
1676 4481 1728 4521 τ.
1766 4464 1817 4522 λ.

301 4537 409 4604 λζ’.
427 4542 583 4598 Μετά
612 4543 671 4596 τὸ
697 4544 1056 4619 ἀφαιρεθῆναι
1075 4548 1174 4622 τὴν
1193 4553 1478 4624 ἀλλοτρίαν
1497 4556 1525 4609 ό
1545 4557 1820 4628 γαμήσας,

226 4632 331 4685 ἐπὶ
370 4632 471 4703 μὲν
496 4636 563 4706 τῇ
593 4635 787 4711 πρώτῃ
820 4615 1054 4711 μοιχείᾳ,
1108 4615 1509 4716 ἐγκληθήσεται
1533 4615 1570 4680 ⁸.
1758 4615 1818 4706 δέ
1856 4615 1899 4673 D

234 4729 298 4798 τῇ
338 4725 591 4799 δευτέρα,
621 4728 915 4794 ἀνεύθυνος
946 4731 1123 4790 ἔσται.

302 4814 411 4873 λθ’.
453 4819 520 4873 Ἡ
540 4819 619 4892 τῷ
641 4821 814 4895 μοιχῷ
844 4823 1084 4891 συζῶσα,
1117 4826 1370 4899 μοιχαλίς-
1388 4829 1504 4886 ἐστι
1532 4831 1709 4887 πάντα
1737 4832 1827 4888 τὸν

228 4908 457 4979 χρόνον.

308 5000 425 5073 μθ’.
455 5003 521 5056 Ai
556 5003 694 5075 πρὸς
721 5006 967 5080 ἀνάγκην
982 5010 1273 5082 γενόμεναι
1296 5011 1515 5083 φθοραὶ,
1543 5013 1826 5070 ἀνεύθυνοι

228 5096 487 5151 εστωσαν
521 5114 535 5128 ⁸
592 5098 734 5153 ὥστε
766 5103 861 5157 καὶ
899 5106 933 5175 ἡ
985 5104 1147 5174 δούλη
1178 5107 1228 5159 εί
1276 5105 1506 5179 ἐϐιάσθη
1530 5106 1686 5180 παρὰ
1731 5106 1825 5162 τοῦ

228 5187 445 5243 οἰκείου
474 5189 756 5258 δεσπότου,
784 5196 1076 5261 ἀνεύθυνός
1107 5198 1277 5253 ἐστιν.

297 5285 407 5350 νη’.
452 5280 510 5334 '0
532 5282 846 5353 μοιχεύσας,
870 5285 928 5338 ἐν
955 5286 1087 5341 δέκα
1103 5287 1199 5340 καὶ
1226 5288 1384 5343 πέντε
1404 5287 1579 5345 ἐτεσιν
1601 5291 1829 5346 ἀκοινώ-

232 5386 398 5441 νητος
432 5369 584 5424 ἔσται
619 5372 727 5427 τῶν
752 5375 1128 5443 ἀγιασμάτων,
1149 5377 1208 5429 ἐν
1236 5378 1502 5449 τέσσαρσι
1531 5379 1631 5450 μὲν
1660 5397 1823 5451 προσο

230 5464 450 5519 κλαίων
482 5464 685 5531 ἐτεσιν,
714 5470 773 5520 ἐν
802 5470 965 5522 πέντε
994 5469 1050 5522 δὲ
1104 5469 1480 5541 ἀκροώμενος,
1510 5472 1570 5525 ἐν
1587 5472 1824 5545 τέσσαρ-

232 5575 326 5612 σιν
363 5557 712 5625 ὑποπίπτων,
740 5562 799 5617 ἐν
846 5561 966 5615 δυσὶ
1014 5562 1305 5627 συνεστὼς,
1336 5562 1467 5617 άνευ
1515 5562 1823 5627 κοινωνίας.

301 5649 408 5706 νθ¹.
424 5651 483 5706 Ὀ
506 5653 703 5725 πόρνος
719 5655 777 5709 ἐν
809 5653 948 5708 ἐπτά
971 5652 1148 5710 ἔτεσιν
1166 5653 1526 5726 ἀκοινώνητος
1548 5655 1699 5710 ἔσται
1717 5655 1827 5711 τῶν

234 5744 629 5813 ἁγιασμάτων,
659 5746 752 5801 δύο
784 5748 1152 5820 προεκλαίων,
1187 5749 1283 5803 καὶ
1313 5748 1408 5803 δύο
1450 5748 1824 5821 ἀκροώμενος,

234 5837 339 5890 καῖ’¹
388 5836 487 5890 δύο
536 5838 882 5906 ὑποπίπτων,
919 5840 1013 5895 καὶ
1056 5840 1138 5893 ἐνὶ
1178 5839 1451 5910 συνεστώς
1486 5859 1500 5873 ⁸
1542 5842 1700 5914 μόνον
1749 5841 1827 5914 τῷ

237 5930 417 6001 ὀγδόῳ
441 5930 757 6001 δεχθήσεται
780 5932 861 5997 είς
880 5932 1187 5991 κοινωνίαν.

1930 3343 2143 3415 placeat
2190 3343 2524 3414 coniugium,
2574 3340 2952 3398 fornicationis
3008 3340 3228 3412 quidem
3285 3356 3503 3411 poenam

1931 3445 2275 3508 agnoscant;
2321 3435 2416 3491 sed
2448 3435 2676 3491 minime
2713 3442 3058 3505 separentur,
3091 3447 3160 3489 ne
3198 3434 3326 3504 quid
3354 3433 3504 3488 (lete-

1930 3531 2048 3587 rius
2078 3505 2314 3587 a‘ccidat.
2668 3522 2690 3547 ί

2002 3622 2092 3679 50.
2126 3620 2203 3676 De
2250 3621 2321 3676 iis
2368 3620 2463 3691 qui
2510 3618 2749 3691 rapiunt,
2794 3632 3060 3675 canonem
3105 3615 3325 3689 quidem
3358 3616 3503 3673 auti-

1931 3729 2100 3786 quum
2142 3728 2252 3768 non
2283 3712 2563 3780 habemus,
2599 3713 2693 3767 sed
2726 3711 3005 3780 propriam
3027 3713 3353 3765 sententiam
3378 3725 3504 3780 pro-

1933 3806 2185 3872 ferimus,
2236 3814 2296 3861 ιιι
2319 3814 2373 3860 et
2414 3805 2515 3875 ipsi
2560 3814 2613 3859 et
2641 3804 2735 3874 qui
2768 3818 2876 3858 una
2922 3818 3049 3858 cum
3079 3803 3214 3872 ipsis
3264 3802 3503 3874 rapiunt,

1932 3900 2107 3957 tribus
2129 3898 2290 3954 annis
2311 3897 2421 3953 sint
2441 3906 2596 3952 extra
2617 3910 2828 3967 preces.
2853 3894 3011 3962 Quod
3032 3906 3214 3951 autem
3240 3895 3506 3951 violenter

1932 4009 2042 4051 non
2081 3994 2173 4058 sit,
2213 4005 2388 4063 poena:
2419 3989 2554 4044 nulli
2586 3988 2883 4044 obnoxium
2912 3995 3015 4054 est,
3045 3988 3091 4043 si
3118 4003 3218 4044 nec
3250 3998 3501 4060 stuprum

1931 4103 2034 4145 nee
2078 4086 2291 4143 furtum
2335 4099 2452 4141 rem
2483 4083 2841 4155 praecesserit.
2885 4082 2982 4137 Est
3008 4094 3188 4137 autem
3220 4082 3380 4137 vidua
3420 4080 3507 4135 sui

1926 4180 2090 4253 juris,
2116 4188 2169 4235 et
2207 4176 2470 4250 sequendi
2506 4185 2747 4245 potestas
2778 4189 2943 4245 penes
2977 4175 3153 4245 ipsam
3186 4185 3292 4230 est.
3322 4173 3502 4239 Quare

1929 4268 2346 4326 simulationum
2387 4279 2453 4321 ac
2486 4272 2848 4329 praetextuum
2879 4278 3013 4320 cura
3045 4263 3193 4318 nulla
3221 4263 3376 4317 nobis
3406 4262 3506 4317 lia-

1928 4362 2104 4420 benda
2135 4370 2241 4419 est.

1998 4456 2090 4513 54.
2127 4454 2375 4511 Mulieres
2396 4450 2964 4522 adulterio'pollutas,
2982 4459 3115 4515 etc.,
3145 4457 3203 4502 ut
3227 4464 3347 4519 pag.
3375 4447 3500 4504 806.

2001 4549 2090 4604 57.
2118 4546 2220 4614 Qui
2248 4546 2424 4601 aliena
2448 4545 2551 4601 sibi
2581 4543 2759 4599 ablata
2786 4556 3009 4597 uxorem
3033 4540 3212 4604 duxit,
3247 4539 3302 4593 in
3331 4539 3505 4609 prima

1928 4643 2149 4714 quidem
2176 4638 2430 4695 adulterii
2456 4639 2665 4695 crimen
2688 4635 3001 4701 sustinebit,
3032 4635 3085 4691 in
3108 4634 3350 4691 secunda
3376 4648 3506 4688 vero

1927 4752 2055 4793 reus
2089 4750 2196 4789 non
2238 4742 2452 4803 agetur.

1994 4829 2086 4885 '59.
2120 4828 2254 4894 Quae
2297 4825 2428 4881 vivit
2477 4838 2601 4881 cum
2651 4824 2921 4890 adultero,
2954 4822 3199 4879 adultera
3231 4830 3314 4877 cst
3350 4819 3503 4875 omni

1928 4932 2191 4992 tempore.

1996 5014 2086 5069 49.
2131 5014 2333 5083 Stupra
2392 5026 2516 5083 quae
2564 5025 2663 5082 per
2693 5009 2802 5064 vim
2869 5006 3202 5072 inferuntur,
3255 5020 3364 5060 non
3393 5004 3504 5059 sint

1925 5106 2262 5162 accusationi
2295 5104 2557 5159 obnoxia.
2588 5102 2767 5170 Quare
2794 5102 2961 5157 etiam
2999 5116 3180 5171 serva,
3203 5100 3249 5156 si
3283 5100 3366 5154 vis
3387 5099 3436 5153 ei
3469 5114 3499 5151 a

1927 5199 2152 5271 proprio
2176 5197 2310 5253 hero
2340 5196 2493 5251 illata
2525 5196 2615 5263 sit,
2647 5196 2817 5252 libera
2850 5205 2933 5251 est
2962 5210 2993 5249 a
3024 5195 3204 5264 culpa.

1997 5292 2088 5347 58.
2127 5289 2233 5359 Qui
2268 5290 2576 5346 moechatus
2607 5298 2710 5354 est,
2740 5303 2835 5359 per
2859 5286 3176 5357 quindecim
3204 5300 3380 5341 annos
3412 5299 3501 5341 sa-

1926 5389 2339 5437 cramentorum
2380 5394 2488 5433 non
2540 5378 2646 5433 erit
2704 5376 2979 5447 particeps
3013 5394 3028 5431 :
3062 5387 3297 5444 quatuor
3343 5376 3502 5429 annis

1926 5473 2095 5537 ﬂens,“
2132 5471 2378 5542 quinque
2420 5470 2671 5534 audiens,
2728 5476 2965 5538 quatuor
3023 5466 3353 5533 substratus,
3408 5480 3501 5535 per

1926 5564 2065 5620 duos
2101 5563 2410 5618 consistens
2442 5561 2561 5616 sine
2588 5559 2992 5615 communione.

1997 5656 2159 5729 425
2182 5657 2270 5711 59.
2292 5655 2611 5709 Fornicator
2628 5664 2830 5722 septem
2854 5653 3013 5707 anuis
3031 5658 3500 5709 sacramentorum

1930 5764 2038 5801 non
2063 5748 2167 5801 erit
2196 5746 2490 5816 particeps,
2517 5745 2733 5799 duobus
2754 5744 2913 5809 ﬂens,
2939 5744 3227 5798 ettluobus
3252 5741 3502 5806 audiens,

1928 5849 1980 5894 et
2035 5838 2249 5893 duobus
2302 5836 2631 5901 substratus,
2677 5842 2731 5889 et
2762 5848 2872 5888 uno
2899 5834 3209 5889 consistens
3240 5847 3255 5885 ι
3287 5835 3497 5883 tantum

1930 5943 2121 5987 octavo
2151 5930 2217 5984 ad
2247 5928 2689 5985 communionem
2722 5926 3063 5985 admittetur.
