3870 6290
497 381 601 445 915

1617 370 1877 431 ΡΗΟΤῘῙ
1915 369 2062 430 ΡΛΤῙ

2176 369 2419 431 ιιιοΗΑι
2451 370 2561 432 cp.
3412 414 3419 417 .
3588 384 3667 449 916

560 481 651 535 62.
692 479 796 548 Qui
840 481 1231 554 turpitudinem
1262 481 1315 536 in
1357 479 1600 536 maribus
1636 482 1888 549 patravit,
1924 492 2060 537 tem-

2233 480 2330 553 ξβο.
2387 483 2445 538 σο
2476 483 2580 556 τὴν
2617 481 3006 556 ἀσχημοσύνην
3031 485 3091 539 ἐν
3117 484 3230 550 τοῖς
3282 483 3481 559 άρρεσιν
3517 493 3673 550 ἐπιδει-

489 590 590 646 pus
618 576 766 633 illius
796 576 890 648 qui
936 575 1190 633 adulterii
1227 574 1406 632 scelus
1436 573 1675 638 admisit,
1704 575 1753 630 ei
1782 575 2062 646 dispensa-

488 670 540 727 bi
547 678 654 726 tur.

556 763 649 820 77.
687 762 793 832 Qui
829 761 1261 833 relinquit,etc.,
1286 769 1345 815 ιιι
1368 776 1492 833 pag.
1525 758 1650 816 907.

899 853 1143 926 Gregorii
1182 852 1413 924 Νεμεσεηὶ
1434 870 1551 921 cap.
1584 854 1636 909 '5.

555 946 760 1003 Eorum
794 956 976 1003 autem
1005 960 1127 1017 quae
1157 947 1224 1002 ad
1252 947 1606 1018 cupiditatem
1639 945 2058 1016 etvoluptatem

486 1042 625 1097 ilunt
653 1049 1025 1113 peccatorum,
1061 1049 1168 1097 etc.
1191 1081 1207 1107 ,
1237 1051 1297 1096 ut
1328 1056 1450 1113 pag.
1476 1041 1602 1098 807.

556 1132 773 1187 Textus.
822 1132 896 1187 De
919 1140 1133 1203 stupro,
1158 1133 1446 1197 adulterio,
1479 1141 1643 1203 atque
1682 1132 2052 1202 'pzedicatione

486 1232 681 1279 tractat
731 1223 818 1279 lex
870 1224 925 1280 in
963 1223 1059 1280 lib.
1102 1240 1157 1280 Ix
1209 1226 1331 1281 cod.
1396 1227 1479 1281 tit.
1536 1227 1590 1290 9.
1627 1234 1679 1282 et
1712 1226 1805 1286 lib.
1853 1243 2059 1296 vaIII,

488 1317 648 1374 titulo
669 1317 724 1385 5,
767 1316 897 1374 talia
935 1318 1383 1389 delinquentibus
1404 1334 1626 1391 poenam
1660 1320 1930 1377 inducens
1963 1337 2061 1377 ca-

484 1409 728 1479 pitalem.
768 1410 872 1468 Ubi
902 1408 1114 1483 [etiam]
1142 1410 1368 1476 dicitur,
1416 1411 1561 1482 quod
1580 1412 1834 1467 adulterii
1896 1428 2061 1467 accu-

484 1502 629 1557 satio
661 1516 773 1557 non
799 1502 976 1557 solum
999 1502 1071 1557 ob
1088 1510 1390 1571 stupratam
1422 1501 1719 1571 legitimam
1746 1503 2057 1574 coniugem,

483 1608 671 1649 verum
689 1594 853 1649 etiam
872 1593 939 1650 de
962 1593 1199 1648 instabili
1222 1602 1388 1662 atque
1413 1592 1692 1663 iliegitimo
1712 1593 2060 1650 matrimonio

483 1694 539 1739 et
581 1684 954 1755 sponsalibus,
981 1691 1036 1738 et
1065 1684 1133 1739 de
1167 1684 1533 1739 concubinatu
1564 1684 1902 1740 instituatur.

556 1775 776 1832 Textus.
805 1774 1045 1832 Proinde
1074 1776 1367 1833 fornicatio
1398 1792 1506 1832 non
1556 1777 1810 1832 laudatur
1836 1778 2054 1849 quidem

484 1884 517 1925 ιι
546 1868 694 1925 civili
729 1870 882 1941 lege,
913 1884 1091 1940 neque
1121 1878 1303 1926 tamen
1351 1870 1691 1939 prohibetur.
1728 1870 1942 1927 Etenim
1970 1873 2053 1927 di-

482 1964 629 2017 citur
653 1962 748 2017 lib.
774 1977 873 2029 xu,
906 1964 992 2017 tit.
1020 1961 1075 2029 5,
1102 1962 1213 2033 dig.
1244 1961 1319 2019 ιι
1350 1961 1507 2028 Quod
1540 1963 1813 2018 meretrici
1870 1964 2054 2033 datur,

483 2068 594 2111 non
627 2053 890 2110 redditur.
935 2053 1072 2109 Cum
1125 2053 1271 2109 enim
1309 2052 1569 2108 meretrix
1616 2053 1709 2121 sit,
1763 2069 1870 2110 non
1904 2063 2059 2126 turpe

482 2156 566 2203 est
593 2147 764 2217 ipsam
792 2145 1061 2216 accipere,
1104 2144 1320 2200 tametsi
1367 2145 1711 2200 meretricem
1739 2159 1863 2201 esse
1890 2151 2052 2216 turpe

484 2234 577 2289 sit.
610 2232 677 2289 Et
702 2234 798 2289 lib.
829 2249 1021 2300 xxxIx,
1059 2234 1144 2288 tit.
1173 2233 1227 2302 5,
1258 2234 1454 2304 digest.
1505 2232 1561 2301 6,
1596 2234 1742 2303 quod
1784 2234 1950 2290 etiam
1987 2237 2059 2291 ob

484 2329 831 2386 inhonestam
861 2340 1086 2385 causam
1106 2337 1257 2385 recte
1280 2327 1536 2395 donetur,
1567 2328 1733 2386 veluti
1766 2328 1861 2403 [si]
1881 2345 2060 2386 mere-

483 2421 608 2476 trici
645 2419 947 2494 [quippiam
992 2418 1175 2492 detur]
1212 2427 1417 2492 :atque
1470 2419 1575 2493 [id]
1631 2430 1811 2476 ratum
1854 2421 1948 2478 sit.
1994 2420 2062 2479 Et

481 2514 579 2570 lib.
615 2530 784 2579 vau,
817 2516 901 2567 tit.
923 2513 977 2580 2,
1006 2512 1201 2582 digest.
1249 2511 1337 2567 59.
1381 2512 1485 2579 Qui
1530 2513 1765 2568 alienam
1804 2516 2058 2571 ancillam

485 2606 828 2662 meretricem
886 2605 1086 2674 rapuit,
1122 2613 1216 2659 aut
1264 2604 1504 2670 celavit,
1578 2618 1758 2674 neque
1797 2613 2058 2675 tanquam

486 2698 804 2770 plagiarius,
829 2712 1011 2768 neque
1045 2705 1307 2768 tanquam
1346 2695 1434 2751 iur
1479 2704 1720 2751 tenetur.
1748 2694 1870 2752 Non
1911 2699 2057 2752 enim

486 2790 637 2859 furti,
681 2790 777 2847 sed
820 2789 1063 2845 libidinis
1118 2803 1282 2845 causa
1332 2787 1385 2843 id
1436 2787 1584 2843 fecit.
1648 2786 1787 2847 Nam
1838 2790 1886 2847 si
1934 2790 2059 2860 quis

485 2883 632 2939 fores
683 2880 989 2937 meretricis
1037 2878 1333 2950 cﬂregerit,
1366 2888 1421 2936 et
1463 2878 1557 2934 alii
1600 2878 1839 2950 ingressi
1871 2924 1887 2947 ,
1948 2897 2057 2936 non

484 2969 718 3045 [autem]
762 2970 833 3026 ab
883 2970 1004 3040 ipso
1052 2968 1285 3034 inducti,
1322 2984 1411 3024 res
1441 2968 1563 3040 ejus
1594 2966 1761 3024 iurati
1800 2966 2006 3025 fuerint
2042 2990 2055 3025 :

486 3062 580 3136 [is]
628 3076 741 3117 non
783 3070 998 3117 tenetur
1037 3067 1297 3130 tanquam
1342 3058 1452 3114 fur.

559 3153 778 3209 Textus.
822 3152 963 3209 Dicit
1004 3167 1134 3209 vero
1180 3152 1342 3208 etiam
1384 3152 1479 3209 lib.
1516 3166 1723 3208 xxxvnI
1798 3152 1943 3209 tituli

2005 3153 2136 3253 8:0

2164 574 2450 644 κνύμενος,
2480 576 2571 631 τὸν
2590 577 2783 648 χρόνον
2806 576 2900 632 τοῦ
2920 577 2979 634 ὲν
2999 580 3065 651 τῇ
3090 577 3301 651 μοιχείᾳ
3310 587 3674 657 παρανομοῦντος

2164 669 2681 741 οίκονομηθήσεται.

2234 759 2330 826 οξ.
2377 759 2437 817 '0
2468 761 2656 834 μέντοι
2703 761 3150 834 καταλιμπάνων,
3185 780 3240 819 κ.
3277 781 3326 819 τ.
3344 765 3392 822 λ.

2306 884 2311 889 ε
2519 854 2856 924 Γρηγορίω
2885 852 3144 923 Νύσσης
3173 872 3305 926 κεφ.
3326 855 3390 926 γ’.

2237 946 2359 1003 Τῶν
2387 946 2447 1002 δὲ
2488 946 2557 1001 δι’
2583 946 2881 1018 ἐπιθυμίαν
2924 964 2985 1001 τε
3054 950 3150 1001 καὶ
3196 949 3382 1021 ἡδονὴν
3439 957 3684 1026 γινομένων

2163 1041 2581 1114 ἁμαρτημάτων
2612 1039 2837 1113 τοιαύτη
2876 1039 3026 1094 εστὶν
3050 1041 3084 1111 ἡ
3118 1040 3398 1111 διαίρεσις,
3424 1060 3477 1099 κ.
3512 1063 3557 1101 τ.
3588 1049 3630 1104 λ.

2233 1137 2544 1205 Κειμενον.
2561 1132 2700 1205 Περὶ
2721 1133 2927 1207 φθορᾶς
2957 1134 3051 1189 καὶ
3067 1136 3312 1205 μοιχείας
3327 1137 3413 1191 καὶ
3427 1138 3688 1211 ἀρρενοκοι.

2161 1230 2285 1295 τίας
2303 1229 2698 1301 διαλαμϐάνειδ
2721 1229 2902 1300 νόμος,
2930 1228 3071 1300 βισλ.
3094 1229 3141 1282 θ’
3158 1228 3252 1283 τοῦ
3278 1231 3428 1299 κώδ.,
3449 1233 3604 1300 τίτ.θ¹,
3619 1239 3691 1291 καὶ

2165 1322 2306 1395 βιὸλ.
2344 1320 2457 1393 μη’,
2478 1322 2591 1376 τίτ.
2624 1327 2673 1374 ε’
2691 1361 2705 1387 ,
2735 1320 3040 1393 κεφαλικὴν
3059 1323 3172 1385 τοῖς
3194 1320 3365 1375 ταῦτα
3394 1323 3691 1395 πλημμελοῖμ

2164 1432 2250 1470 σιν
2273 1414 2496 1483 ἐπάγων
2522 1410 2813 1483 τιμωρίαν·
2851 1410 2983 1465 ἔνθα
3011 1411 3226 1483 εἴρηται
3274 1412 3357 1465 ὄτι
3383 1414 3441 1465 τὸ
3475 1417 3691 1484 μοιχικδν,

2160 1507 2222 1561 ού
2258 1507 2421 1578 μόνον
2458 1504 2550 1558 ἐπὶ
2572 1503 2748 1575 φθορᾷ
2782 1504 3014 1575 νομίμου
3045 1503 3293 1574 γαμετῆς
3320 1507 3560 1568 κινεῖται,
3590 1506 3694 1561 ἀλλὰ

2161 1600 2256 1655 καὶ
2288 1598 2383 1651 ἐπὶ
2441 1596 2745 1652 ἀσυστάτου
2782 1595 2877 1650 καὶ
2937 1594 3201 1666 ἀθεμίτου
3249 1595 3426 1667 γάμου
3474 1598 3559 1651 καὶ
3599 1617 3696 1672 μνη.

2164 1691 2347 1754 στείας
2376 1688 2472 1744 καὶ
2496 1686 2880 1759 παλλακισμοῦ

2226 1784 2532 1854 Κειμενον.
2573 1780 2640 1835 Ἦ
2669 1781 2851 1855 μέντοι
2899 1778 3127 1850 πορνεία
3170 1779 3271 1833 οὐκ
3297 1779 3579 1834 ἐπαινεῖται
3624 1782 3697 1853 μὲν

2173 1877 2323 1950 παρά
2340 1874 2419 1947 τῷ
2447 1871 2709 1943 πολιτικῷ
2731 1872 2905 1943 νόμῳ,
2926 1872 3028 1925 οὐκ
3046 1870 3421 1943 ἀπηγόρευται
3448 1872 3521 1925 δέ’
3548 1874 3702 1942 ἀμέλει

2170 1971 2391 2042 εἴρηται
2440 1966 2585 2038 βισλ.
2612 1965 2701 2037 ιβ’,
2741 1964 2849 2021 τίτ.
2872 1968 2935 2032 ε’,
2979 1964 3118 2019 διάτ.
3152 1964 3194 2017 δ’
3219 2003 3235 2030 ,
3278 1964 3363 2018 ὃτι
3394 1966 3453 2018 τὸ
3476 1964 3702 2035 διδόμενον

2170 2064 2368 2137 πόρνῃ,
2419 2061 2519 2115 οὐκ
2571 2058 2881 2115 ἀποδίδοται
2914 2072 2930 2090 ·
2993 2055 3183 2127 ἐπειδὴ
3235 2054 3347 2126 γάρ
3388 2056 3498 2112 ἔστι
3545 2057 3703 2130 πόρνη,

2171 2158 2272 2211 οὐκ
2304 2156 2453 2210 ἐστιν
2486 2152 2710 2225 αἰσχρὸν
2737 2150 2799 2204 τὸ
2824 2149 3009 2203 λαϐεῖν
3059 2148 3251 2218 αὐτὴν,
3290 2149 3340 2201 ει
3386 2148 3478 2202 καὶ
3524 2150 3704 2219 αἰσχρόν

2173 2249 2291 2301 ἐστι
2328 2245 2390 2300 τὸ
2414 2239 2555 2299 εἶναι
2581 2241 2753 2313 αὐτὴν
2777 2240 2984 2312 πόρνην
3018 2253 3034 2269 ⁸
3093 2239 3186 2293 καὶ
3221 2238 3363 2309 stet.
3391 2237 3492 2302 λθ’,
3526 2239 3618 2293 τίτ.
3642 2240 3705 2303 ε’,

2171 2339 2315 2396 διάτ.
2351 2337 2407 2403 ς’
2437 2379 2453 2404 ,
2486 2336 2568 2391 δτι
2594 2334 2688 2389 καὶ
2721 2333 2811 2386 διὰ
2842 2331 3078 2402 ἄσεμνον
3104 2329 3285 2385 αἰτίαν
3310 2328 3514 2399 γίνεται
3563 2330 3707 2392 καλῶς

2168 2432 2371 2506 δωρεὰ,
2398 2425 2510 2485 οἷον
2534 2429 2615 2492 είς
2639 2427 2867 2499 πόρνην,
2904 2424 2998 2478 καὶ
3026 2422 3283 2495 ἔρρωται·
3317 2423 3414 2477 καὶ
3446 2420 3576 2492 pro).
3619 2421 3703 2491 μζ’,

2171 2528 2277 2585 τίτ.
2311 2527 2355 2598 β’
2384 2526 2524 2581 διάτ.
2548 2522 2623 2576 λθ⁹
2662 2563 2678 2588 ,
2718 2521 2799 2573 ὅτι
2849 2520 2878 2575 ὁ
2908 2515 3171 2589 ἁρπάζων
3203 2516 3236 2587 ἢ
3273 2514 3625 2586 ἀποκρύπτων
3642 2514 3713 2567 άλ-

2172 2618 2393 2691 λοτρίαν
2443 2615 2638 2685 δούλην
2672 2612 2879 2683 πόρνην
2905 2607 3092 2673 οὖσαν,
3142 2604 3269 2660 οὔτε
3304 2605 3383 2669 ὼς
3436 2602 3713 2674 ἀνδραποδι.

2170 2713 2323 2783 στὴς,
2380 2706 2505 2763 οὔτε
2535 2705 2612 2769 ὡς
2653 2702 2895 2772 κλέπτης
2946 2697 3194 2767 ἐνέχεται
3234 2710 3249 2726 ⁸
3295 2694 3359 2749 οὐ
3387 2695 3501 2765 γὰρ
3522 2693 3711 2761 κλοπῆς,

2175 2804 2291 2859 ἀλλ’
2321 2800 2517 2873 ἡδονῆς
2554 2794 2715 2868 χάριν
2753 2792 2979 2864 ἐποίησε
3010 2788 3169 2844 τοῦτο
3194 2804 3212 2823 ο
3264 2788 3319 2841 εί
3350 2787 3459 2859 γὰρ
3486 2788 3574 2841 καὶ
3596 2784 3716 2855 θυρὶς

2171 2897 2269 2959 δας
2291 2911 2373 2957 τις
2394 2892 2605 2955 κλάσει,
2628 2888 2723 2943 καὶ
2754 2884 3088 2946 εἰσελθόντες
3116 2883 3299 2952 ἕτεροι
3334 2880 3412 2951 μὴ
3434 2880 3557 2950 παρ’
3581 2877 3713 2931 αὑτοῦ

2174 2986 2525 3059 εἰσαχθέντες
2585 2981 2845 3050 κλέψουσι
2910 2977 2980 3035 τά
3028 2975 3341 3050 πράγματα
3405 2973 3593 3044 αὐτῆς,
3642 2969 3720 3024 οὐκ

2173 3078 2423 3147 ἐνέχεται
2452 3072 2529 3137 ὡς
2554 3071 2817 3141 κλέπτης.

2245 3175 2551 3239 Κειμενον.
2582 3165 2746 3234 Λέγει
2778 3163 2835 3217 δὲ
2868 3163 2963 3217 καὶ
2994 3160 3135 3233 βιϐλ.
3166 3160 3251 3231 λη’
3276 3202 3293 3225 ,
3326 3159 3434 3213 τίτ.
3470 3154 3518 3228 η’
3546 3196 3561 3220 ,
3592 3156 3661 3210 ὅτι
3682 3153 3719 3206 οι

485 3248 631 3320 quod
664 3247 830 3325 426
859 3248 1023 3317 vulgo
1053 3246 1269 3318 quaesiti
1319 3260 1430 3301 non
1488 3245 1652 3301 modo
1708 3247 1908 3311 matri,
1966 3246 2061 3301 sed

2176 3256 2552 3330 πορνογεννείς
2572 3254 2633 3307 ού
2662 3250 2824 3323 μόνον
2844 3253 2941 3322 τῆς
2961 3249 3189 3322 μητρὸς,
3212 3249 3354 3305 ἀλλά
3370 3248 3463 3301 καὶ
3488 3246 3591 3302 τῶν
3610 3244 3720 3299 κατὰ

483 3344 647 3400 etiam
683 3341 930 3412 cognatis
954 3340 1185 3397 materni
1214 3339 1426 3412 generis
1443 3339 1767 3405 succedant,
1795 3348 1850 3394 et
1881 3338 2060 3412 [ipsis]

484 3436 553 3491 ab
588 3436 674 3490 his
698 3433 1045 3491 succedatur.
1077 3431 1314 3488 lllustris
1346 3441 1529 3487 autem
1574 3430 1819 3504 [mulier]
1848 3449 1968 3502 qua:
2000 3434 2063 3485 li-

486 3533 649 3585 heros
687 3528 961 3600 legitimos
995 3536 1050 3583 et
1076 3526 1295 3597 spurius
1323 3525 1487 3580 habet
1514 3543 1529 3578 :
1560 3540 1667 3579 non
1716 3534 1893 3595 potest
1936 3542 2064 3595 spu-

481 3619 602 3687 riis,
641 3635 818 3689 neque
860 3618 1004 3673 inter
1043 3617 1221 3682 vivos,
1260 3632 1437 3687 neque
1464 3631 1590 3671 cum
1621 3616 1872 3684 moritur,
1908 3618 2064 3687 quid-

482 3727 649 3782 quam
701 3710 1049 3780 suppeditare
1082 3726 1095 3763 :
1127 3708 1404 3779 quomodo
1444 3708 1543 3762 lib.
1604 3723 1675 3772 vI,
1722 3707 1787 3764 ϐ.
1839 3710 1924 3764 tit.
1971 3710 2062 3775 57,

483 3814 664 3860 const.
695 3804 749 3859 5.
803 3800 1075 3875 [tradit.]
1123 3800 1289 3856 Plane
1330 3800 1494 3870 vulgo
1542 3809 1840 3868 conceptus
1889 3816 2064 3871 neque

486 3906 698 3967 patrem
729 3896 929 3950 habere
963 3894 1162 3950 dicitur
1189 3892 1683 3963 :quemadmodum
1706 3893 1801 3948 lib.
1828 3909 1865 3957 I,
1897 3893 1975 3948 tit.
2010 3894 2062 3956 5,

484 3991 596 4061 dig.
628 3989 719 4044 25.
773 3988 941 4043 Porro
989 3985 1393 4043 concubinatus
1439 3986 1716 4056 legitimus
1746 3996 1860 4050 est,
1891 3996 1944 4041 et
1969 4003 2064 4042 eas

486 4085 606 4139 sine
633 4082 865 4139 crimine
890 4080 1226 4137 concubinas
1268 4080 1468 4135 habere
1494 4096 1809 4150 possumus,
1846 4081 1897 4135 in
1927 4096 2064 4150 quas

382 4192 389 4207 η
487 4179 671 4234 illicita
702 4190 813 4233 non
851 4176 1313 4232 committuntur:
1345 4173 1508 4229 veluti
1540 4172 1644 4247 [ﬁt]
1678 4173 1730 4229 in
1757 4174 2062 4229 concubina

488 4273 677 4338 patris,
709 4270 790 4324 vel
815 4271 900 4323 avi
926 4278 1022 4323 aut
1052 4269 1103 4322 in
1134 4267 1242 4322 lilia
1273 4268 1589 4323 sororiszut
1616 4267 1705 4321 lib.
1742 4282 1867 4330 xxv,
1901 4266 1987 4321 tit.
2010 4266 2062 4328 7,

485 4377 533 4420 el
571 4364 667 4419 lib.
697 4378 853 4427 χχιιι,
891 4363 977 4417 tit.
1007 4362 1063 4427 2,
1096 4362 1290 4432 digest.
1326 4361 1414 4425 55,
1452 4370 1505 4415 et
1536 4360 1629 4415 lib.
1663 4376 1849 4424 XLVIII,
1886 4360 1968 4415 tit.
2007 4359 2061 4424 5,

487 4456 683 4527 digest.
733 4456 793 4510 11
858 4454 1123 4527 [ducenL]
1181 4453 1236 4508 In
1292 4455 1660 4509 concubinatu
1711 4464 1891 4507 autem
1940 4467 2063 4507 esse

2181 3349 2394 3422 μητέρα
2418 3345 2694 3417 συγγενῶν
2731 3342 3149 3414 κληρονομοῦσι,
3184 3342 3282 3394 καὶ
3306 3341 3401 3394 ὑπ’
3426 3337 3597 3394 αὐτῶν
3619 3334 3722 3403 κλη-

2183 3441 2517 3515 ρονομοῦντα
2533 3454 2570 3494 ι’
2599 3441 2634 3510 ἡ
2654 3438 2710 3491 δὲ
2744 3436 3051 3507 ίλλουστρία
3066 3434 3335 3504 νομίμους
3356 3432 3550 3503 ἔχουσα
3564 3429 3723 3489 παῖδας

2178 3533 2576 3605 πορνογεννεϊς,
2632 3528 2783 3583 οὐδὲν
2828 3526 3050 3582 δύναται
3081 3525 3395 3594 παρασχεῖν
3429 3523 3540 3585 τοῖς
3562 3533 3723 3589 πορνο-

2175 3626 2444 3696 γεννέσιν,
2480 3622 2605 3678 οὗτε
2649 3621 2822 3687 ζῶσα,
2864 3617 2989 3673 οὔτε
3025 3616 3364 3681 τελευτῶσα,
3392 3613 3471 3678 ὡς
3524 3611 3648 3683 βιὸλ.
3685 3604 3727 3672 ς’

2177 3717 2271 3772 τοῦ
2305 3716 2462 3782 κώδ.,
2493 3715 2600 3769 τίτ.
2636 3712 2734 3779 νζ,
2765 3712 2907 3767 διάτ.
2929 3709 2969 3764 ε’
2999 3726 3014 3741 ·
3053 3711 3082 3763 ὁ
3105 3708 3161 3763 δὲ
3183 3708 3296 3763 ἀπὸ
3327 3706 3608 3779 πορνείας,
3626 3702 3726 3756 οὒτε

2175 3812 2397 3882 λέγεται
2423 3807 2569 3880 ἔχειν
2598 3805 2837 3876 πατέρα,
2865 3803 2941 3866 ὡς
2967 3801 3109 3874 βιϐλ.
3138 3798 3209 3866 α’,
3249 3799 3363 3855 τίτ.
3400 3795 3509 3866 κγ’·
3548 3797 3577 3850 ό
3612 3795 3720 3865 μέν·

2176 3922 2259 3959 τοι
2290 3900 2668 3971 παλλακισμὸς
2706 3895 2939 3968 νόμιμός
2960 3896 3101 3957 ἐστι,
3133 3892 3404 3955 κάκείνας
3429 3891 3572 3961 ἔχειν
3594 3886 3727 3941 δυνάο

2181 3996 2321 4069 μεθα
2349 3992 2631 4055 παλλακὰς
2656 3989 2786 4044 ἄνευ
2829 3985 3173 4056 ἐγκλήματος
3200 4022 3216 4047 ,
3241 3983 3385 4053 πρὸς
3410 3981 3479 4045 ἃς
3504 3981 3563 4035 οὐ
3580 3979 3728 4046 πλημ-

2182 4068 2425 4161 μελεῖται
2484 4083 2765 4153 ἀθέμιτον,
2819 4075 2933 4134 οἷον
2976 4078 3079 4147 τὴν
3130 4073 3424 4145 παλλακὴν
3480 4071 3572 4124 τοὸ
3618 4068 3726 4161 ibim

2179 4159 2386 4245 πατρὸς
2417 4172 2451 4241 ἢ
2488 4170 2737 4232 πάππου,
2772 4166 2806 4238 ἧ
2840 4167 2941 4234 τὴν
2974 4164 3251 4233 θυγατέρα
3298 4164 3404 4234 τῆς
3437 4162 3571 4223 ιδίας
3605 4159 3724 4212 ἀδελ·

2182 4268 2308 4337 φῆς,
2331 4266 2405 4328 ὡς
2438 4261 2579 4333 βιὸλ.
2613 4267 2689 4314 κε’
2723 4299 2739 4325 ,
2779 4258 2886 4312 τίτ.
2916 4258 2957 4321 ζ’
2985 4297 3000 4322 ,
3031 4256 3127 4309 καλ⁸
3164 4255 3307 4326 βιὸλ.
3371 4253 3462 4322 κγ’
3490 4293 3505 4319 ,
3537 4251 3633 4306 τίτ.
3662 4245 3729 4319 β’.

2176 4360 2321 4413 διάτ.
2350 4362 2421 4409 νε¹
2449 4396 2465 4423 ,
2496 4353 2590 4407 καὶ
2628 4350 2767 4423 βιόλ.
2808 4355 2925 4421 μη’,
2958 4348 3065 4402 τίτ.
3112 4346 3183 4413 α’,
3239 4346 3387 4402 διάτ.
3427 4352 3493 4400 ια’
3516 4362 3532 4378 ⁸
3565 4342 3733 4397 παλλα-

2178 4448 2434 4504 κεύὸνται
2462 4446 2519 4500 δὲ
2554 4446 2611 4498 αἱ
2641 4441 2999 4512 ἀπελεύθεροι
3046 4440 3145 4494 καὶ
3178 4441 3435 4509 εὐγενεῖς
3462 4438 3653 4508 ἄσημοι
3674 4449 3685 4460 ’
3712 4433 3734 4484 ό

488 4559 719 4619 possunt
751 4550 1051 4613 libertinae,
1096 4558 1150 4603 et
1182 4549 1431 4618 ingenua:
1462 4549 1696 4602 obscuro
1732 4548 1851 4600 loco
1898 4556 2059 4600 natae.

2176 4544 2283 4615 γὰρ
2347 4537 2549 4609 εὐγενῆ
2606 4537 2701 4593 καὶ
2744 4534 2951 4605 σεμνὴν
3013 4532 3523 4604 παλλακευόμενος,
3577 4528 3735 4600 χρῄζει

486 4643 589 4709 Qui
638 4658 766 4696 vero
814 4642 1102 4713 ingenuam
1146 4640 1476 4713 [eamdem]
1523 4642 1920 4709 honestumque
2010 4639 2063 4691 in

488 4733 858 4791 concubinatu
893 4732 1074 4796 habet,
1092 4734 1552 4788 contestationem
1581 4747 1744 4800 super
1766 4718 1868 4784 hoc
1890 4729 2068 4782 facere

489 4828 685 4878 debet:
719 4824 959 4894 alioquin
1012 4840 1236 4878 uxorem
1269 4826 1445 4894 ipsam
1481 4824 1684 4887 habet;
1737 4822 1821 4876 vel
1872 4821 1917 4876 si
1965 4821 2069 4877 hoc

492 4925 728 4983 recusat,
769 4929 1021 4987 stuprum
1052 4933 1177 4971 cum
1212 4931 1275 4971 ea
1303 4915 1618 4977 committit,
1660 4930 1784 4966 nam
1812 4913 2071 4967 cencubi.

494 5020 650 5067 natus
690 5023 889 5066 nomen
908 5025 937 5065 a
964 5009 1172 5081 legibus
1193 5008 1532 5079 agnoscitur;
1559 5006 1700 5060 unde
1720 5005 1816 5060 lib.
1844 5021 1918 5071 v1,
1944 5006 2066 5060 cod.

491 5102 573 5156 tit.
600 5102 689 5168 57,
723 5108 900 5158 const.
931 5102 984 5166 5,
1021 5102 1245 5166 dicitur,
1273 5100 1419 5170 quod
1449 5096 1695 5170 [mulier]
1730 5098 1917 5163 libera,
1948 5112 2072 5167 quae

493 5195 733 5266 legitime
764 5210 888 5253 cum
930 5195 1154 5250 homine
1214 5194 1387 5248 libero
1451 5192 1507 5246 in
1558 5190 1927 5246 concubinatu
1963 5198 2069 5251 est.

495 5287 741 5362 [liberos]
780 5304 847 5344 ex
884 5289 977 5344 illa
1008 5286 1410 5345 consuetudine
1436 5292 1618 5349 natus,
1651 5299 1775 5339 curn
1815 5282 2072 5351 legitimis

494 5380 682 5437 lrberis
723 5381 967 5436 ltmrcdes
1026 5380 1278 5434 habitura
1321 5378 1411 5435 sit.
1474 5375 1757 5442 Breviter,
1804 5376 2071 5445 permulta

498 5471 609 5545 [de]
642 5475 1080 5531 concubinarum
1116 5473 1324 5537 liberis,
1360 5471 1477 5527 sive
1508 5470 1807 5539 illegitimis
1832 5477 1885 5524 ct
1918 5479 2074 5521 natu-

496 5564 702 5620 ralibus
728 5564 812 5618 lex
848 5565 900 5618 in
918 5565 1041 5619 cod.
1070 5573 1124 5619 et
1144 5562 1386 5618 Novellis
1417 5560 1824 5635 complectitur,
1853 5558 2073 5623 docens,

495 5660 720 5726 quinam
750 5656 875 5729 [illi]
905 5657 1039 5725 sint,
1090 5668 1143 5712 et
1181 5656 1459 5727 quomodo
1494 5654 1634 5726 patri
1669 5653 1893 5722 legitimi
1936 5653 2072 5717 ﬁeri,

495 5763 548 5805 ct
577 5752 799 5820 quando
832 5766 894 5806 ac
927 5761 1194 5821 quantum
1234 5766 1301 5806 ex
1336 5750 1577 5820 paternis
1611 5747 1769 5803 bonis
1798 5746 2077 5816 percipere

500 5854 730 5911 νοεειιιι.

2173 4636 2302 4706 περὶ
2339 4631 2530 4686 τούτου
2559 4632 2732 4683 ποιεῖν
2780 4625 3172 4698 ὲκμαρτύριον,
3213 4625 3342 4677 ἐπεὶ
3399 4624 3637 4694 γαμετὴν
3660 4619 3735 4672 αὑ·

2174 4730 2272 4801 τὴν
2299 4728 2414 4799 ἔχει
2448 4740 2462 4755 ·
2530 4723 2624 4778 καὶ
2673 4723 2706 4792 ἣ
2765 4720 2925 4775 τοῦτο
2974 4717 3446 4791 παραιτούμενος,
3516 4716 3737 4783 ἀθέμιτον

2173 4826 2309 4895 πρὸς
2339 4821 2509 4893 αὐτὴν
2539 4817 2871 4890 πλημμελεῖ,
2896 4817 2958 4870 οὐ
3004 4815 3111 4888 μὴν
3138 4816 3233 4869 καὶ
3262 4816 3541 4885 μοιχείαν,
3580 4807 3736 4877 ἐπειδὴ

2172 4916 2232 4969 τὸ
2257 4914 2357 4985 τῆς
2386 4909 2672 4979 παλλακῆς
2701 4909 2869 4979 ὄνομα
2905 4908 3017 4970 τοῖς
3048 4906 3236 4977 νόμοις
3287 4905 3566 4973 ἔγνωσται
3595 4918 3608 4931 ·
3638 4898 3737 4953 ὅθεν

2173 5009 2390 5079 εἴρηται
2424 5003 2565 5075 βιδλ.
2601 5009 2653 5067 ς’
2685 5000 2782 5055 τοῦ
2816 4998 2978 5066 κώδ.,
3014 5000 3123 5055 τίτ.
3150 4994 3229 5063 νζ¹
3250 5039 3265 5064 ,
3320 4997 3469 5052 διάτ.
3502 5000 3545 5048 ε’
3568 5035 3583 5059 ,
3607 4994 3677 5046 ὅτι
3710 4989 3765 5057 ἠέ

2175 5099 2438 5171 ἐλευθέρα
2466 5098 2715 5168 νομίμως
2750 5094 3023 5165 ἐλευθέρῳ
3046 5091 3522 5157 παλλακευθεὴα,
3557 5088 3672 5149 τοὺς
3688 5085 3738 5136 ἐκ

2175 5194 2272 5265 τῆς
2301 5191 2558 5261 τοιαύτης
2584 5186 2883 5257 συναφείας
2912 5184 3227 5257 τεχθέντας,
3245 5183 3362 5247 ἕξει
3394 5179 3740 5252 κληρονόμους

2181 5286 2318 5359 μετὰ
2341 5285 2450 5339 τῶν
2482 5282 2730 5355 νομίμων
2761 5279 2970 5334 παίδων
3002 5295 3018 5312 ⁸
3050 5278 3145 5333 καὶ
3170 5276 3364 5339 ἁπλῶς
3395 5276 3573 5329 εἰπεῖν
3598 5266 3742 5325 πολλὰ

2179 5380 2310 5451 περὶ
2338 5378 2446 5431 τῶν
2482 5376 2593 5430 ἀπὸ
2616 5372 2911 5428 παλλακῶν
2961 5370 3324 5441 τικτομένων,
3372 5368 3545 5438 ἤγουν
3596 5361 3741 5415 νόθων

2179 5472 2271 5525 καὶ
2321 5468 2591 5540 φυσικῶν,
2620 5468 2650 5520 ό
2709 5466 2869 5538 νόμος
2900 5466 2958 5519 ὲν
2986 5463 3064 5535 τῷ
3088 5462 3220 5519 κώδ.
3250 5460 3350 5515 καὶ
3373 5462 3502 5523 ταῖς
3528 5455 3745 5527 Νεαρίῖς

2176 5561 2555 5633 διαλαμϐάνει,
2579 5557 2849 5612 διδάσκων
2880 5556 3025 5620 τίνες
3057 5555 3185 5621 εἰσὶ,
3222 5552 3317 5609 καὶ
3343 5555 3471 5617 πῶς
3516 5550 3742 5604 δύνανται

2178 5654 2431 5725 γενέσθαι
2488 5652 2566 5724 τῷ
2618 5653 2788 5723 πατρὶ
2828 5651 3063 5721 γνήσιοι,
3125 5649 3220 5703 καὶ
3274 5647 3412 5701 πότε
3472 5644 3568 5700 καὶ
3599 5640 3744 5697 πόσον

2178 5749 2434 5805 δύνανται
2462 5747 2647 5805 λαϐεῖν
2672 5746 2781 5803 τῶν
2806 5744 2904 5800 τοῦ
2934 5744 3149 5817 ,πατρὸς
3182 5742 3556 5815 πραγμάτων.
