3980 6396
160 400 250 467 917
327 470 331 474 ,
784 390 1184 457 SYNTAGMA
1218 384 1608 452 CANONUM.
1629 410 1698 423 —
1722 385 1870 447 TIT.
1903 382 2076 459 x111,
2111 382 2269 444 CAP.
2330 379 2503 444 v1-—
2529 339 2725 445 vmf
3284 371 3391 440 913

216 513 514 586 Κειμενον.
560 508 670 566 Καὶ
704 508 892 573 δούλας
918 507 977 563 δὲ
1023 506 1159 571 ιδίας
1183 504 1457 577 δυνάμεθα
1508 501 1710 557 παλλα-

1889 497 2107 555 Textus.
2156 495 2390 552 Proinde
2425 503 2481 551 et
2528 493 2759 550 ancillas
2784 501 3002 550 nostras
3049 491 3106 548 in
3134 491 3390 548 concubi-

158 577 419 665 κεύεσθαι·
436 605 651 676 εἴρηται
676 601 784 675 γὰρ
814 599 955 673 βιϐλ.
989 605 1065 665 ς’,
1086 596 1190 652 τίτ.
1214 594 1292 662 ς’,
1315 595 1454 650 διάτ.
1477 595 1541 659 δ’,
1562 593 1643 646 ὅτι
1675 593 1708 664 ἡ

1816 596 1940 643 natu
1999 587 2200 642 habere
2238 598 2551 655 possumus.
2604 579 2812 636 Dicitur
2870 593 3107 650 namque
3158 577 3255 633 lib.
3309 592 3387 641 γι,

161 701 229 774 τῷ
258 666 949 770 δεσπότῃ-μέχριτελευτῆς
966 691 1131 748 αὐτοῦ
1158 687 1615 754 παλλακευθεκα,
1637 685 1710 757 μὴ

1816 677 1895 732 tit.
1934 676 1990 740 4,
2029 684 2210 732 const.
2238 675 2436 744 i,quaa
2469 669 2712 745 [ancilla]
2737 669 2945 725 domini
2976 668 3062 724 sui
3090 666 3389 737 legitimam

159 760 331 866 ἑίοντα
355 760 1238 862 γαμετὴν-νόμιμον,γὰρπάζεται
1275 779 1415 854 μετὰ
1444 780 1554 834 τῶν
1581 779 1709 835 παί-

1816 783 2036 824 uxorem
2066 782 2176 823 non
2217 765 2497 830 habentis,
2538 779 2711 833 usque
2739 763 2807 817 ad
2847 769 3077 816 mortem
3110 760 3229 831 ejus
3255 774 3391 814 con—

158 849 249 940 διὺν
270 849 542 954 αῠτῖἠςιεις
558 849 882 949 εὐγένειαν,
909 849 1005 931 καὶ
1030 849 1300 944 λαμϐάνει
1324 870 1384 925 τὸ
1419 867 1708 923 πεκούλιον

1816 861 2009 917 cubina
2047 860 2213 915 fuerit
2237 901 2253 927 ,
2316 855 2488 932 [eam]
2518 871 2641 912 cum
2673 852 2860 910 liberis
2888 853 3005 909 suis
3045 853 3101 906 in
3142 849 3394 922 ingenui-

158 978 277 1047 ὅπερ
329 941 476 1046 elisi!
520 941 579 1028 εν
747 941 1002 1040 τελευτᾷν
1052 941 1143 1020 τδν
1175 965 1444 1033 δεσπότην
1480 960 1618 1033 πρὸς
1650 959 1710 1014 τδ

1816 961 1977 1009 tatem
1998 951 2137 1021 rapi,
2166 960 2221 1006 et
2248 965 2414 1021 supra
2435 947 2734 1019 legitimam
2764 944 3068 1015 portionem
3094 941 3391 1013 peculium,

166 1031 619 1135 idpipovnpé'rpov
644 1078 660 1094 ·
686 1031 803 1116 ’καὶ
852 1031 961 1115 οὐκ·
997 1057 1178 1129 ἔχουσι
1221 1054 1344 1111 κατ’
1370 1031 1545 1124 αὐτῆς
1602 1069 1710 1105 πα-

1816 1040 1956 1113 quod
1984 1038 2145 1112 427
2181 1052 2307 1093 cum
2349 1035 2609 1092 dominus
2638 1041 2944 1089 moreretur
2975 1031 3250 1095 habebat,
3299 1044 3393 1085 ca-

158 1125 660 1229 τροινικὺν“δὶκαιον
704 1155 752 1207 oi
786 1152 998 1219 παῖδες,
1097 1151 1146 1203 οἱ
1175 1147 1526 1221 κληρονόμοι,
1582 1144 1616 1217 ἢ
1661 1145 1709 1198 oi

1816 1149 1938 1205 pere
1974 1150 1989 1188 :
2034 1146 2209 1202 neque
2237 1130 2474 1195 liberos,
2502 1136 2597 1183 aut
2637 1125 2918 1189 haeredes,
2974 1132 3071 1179 aut
3126 1132 3392 1193 cognatos

160 1212 421 1317 σὺγγενεῖς
444 1244 538 1300 τοῦ
565 1212 995 1313 τελευτήσαντος
1020 1212 1062 1274 θ’
1094 1238 1189 1294 καὶ
1470 1212 1565 1288 τοῦ
1604 1212 1710 1285 ἀὒ-

1816 1223 2052 1281 defuncti
2078 1223 2136 1278 in
2165 1222 2312 1277 illam
2350 1218 2442 1289 jus
2479 1226 2799 1291 patronatus
2825 1216 3045 1273 habere.
3085 1212 3152 1268 Et
3181 1214 3279 1268 lib.
3310 1226 3391 1266 vu

159 1304 237 1392 τοὺ
457 1336 562 1391 τιτ.
597 1341 679 1400 ιε’,
714 1304 855 1388 διᾶτ.
885 1339 934 1404 γ’
965 1330 1151 1402 φησὶν,
1184 1304 1267 1383 ὅτι
1287 1329 1316 1384 ὁ
1340 1325 1536 1397 δούλην
1571 1322 1709 1377 παλ-

1816 1316 2058 1388 ejusdem
2089 1312 2213 1369 cod.
2243 1312 2326 1367 tit.
2360 1310 2450 1380 15,
2496 1317 2675 1366 const.
2724 1310 2784 1375 '5,
2835 1307 2957 1364 ait:
2992 1305 3096 1374 Qui
3137 1304 3395 1359 ancillam

158 1432 311 1505 λακὴν
364 1397 527 1503 μέχρι
571 1397 831 1500 τελευτῆς
883 1397 1155 1498 έσκληκὼς,
1194 1423 1417 1479 δύναται
1482 1417 1708 1491 περιὼν,

1816 1407 1877 1462 ad
1928 1412 2158 1459 mortem
2215 1416 2392 1473 usque
2442 1401 2502 1455 in
2550 1399 2918 1457 concubinatu
2968 1397 3184 1453 habet:
3222 1400 3399 1465 potest

157 1490 282 1596 ὅπερ
319 1490 494 1577 έόέλὲὶ
533 1523 706 1576 ποιεῖν
753 1490 842 1573 ιὲἑν
897 1490 1059 1590 minii,
1093 1490 1330 1578 καὶτοῖς
1354 1513 1428 1577 ὡς
1456 1490 1604 1575 eliso;
1652 1509 1710 1583 ἐξ

1816 1498 1940 1555 dum
1970 1497 2126 1561 vivit,
2162 1496 2230 1551 de
2254 1496 2367 1559 illa,
2396 1503 2450 1550 et
2488 1494 2581 1565 qui
2611 1492 2751 1549 forte
2788 1507 2857 1548 ex
2897 1492 3014 1562 ipsa
3054 1490 3165 1544 nati
3211 1495 3395 1552 erunt,

158 1579 309 1687 uitii;
358 1615 620 1687 τεχθεῖσι,
658 1613 753 1669 καὶ
804 1613 862 1666 ὲν
905 1579 1193 1682 τελευταίᾳ
1250 1606 1498 1680 βουλήσει
1539 1582 1704 1658 καταὲ

1816 1588 1959 1660 quod
1988 1588 2166 1645 visum
2201 1586 2385 1651 fuerit,
2418 1595 2685 1651 statuere,
2720 1594 2775 1639 et
2817 1583 2872 1637 in
2900 1581 3093 1636 ultima
3114 1579 3399 1635 voluntate

156 1669 455 1777 iisiis...”
476 1669 644 1777 ἀλλιρ,
699 1702 943 1776 “me;
994 1699 1074 1772 τῷ
1112 1669 1432 1772 κληρονόμῷ
1471 1712 1486 1729 ο
1550 1695 1600 1749 ει
1653 1693 1710 1748 δὲ

1816 1679 2144 1735 nominatim
2177 1678 2270 1733 alii
2299 1675 2500 1732 haaredi
2542 1675 2874 1745 relinquere.
2916 1670 3026 1727 Sed
3065 1671 3112 1726 si
3156 1669 3399 1724 moriens

155 1762 451 1869 τελευτήσει
487 1762 655 1869 μηδὲν
714 1762 939 1859 εἰῖπιξυν,⁷
962 1762 1368 1865 ἀναρπάξονται
1397 1762 1477 1853 εἰς
1506 1786 1710 1841 ἐλευθε-

1816 1771 1949 1827 nihil
1972 1770 2191 1831 dixerit.
2222 1770 2279 1825 in
2309 1768 2615 1824 libertatem
2645 1764 2823 1840 [illa],
2856 1771 2911 1820 et
2942 1764 3037 1833 qui
3070 1762 3210 1817 forte
3234 1776 3301 1815 ex
3331 1772 3397 1814 ea

1916 1857 1982 1869 ..
2082 1858 2093 1869 .
2148 1868 2152 1869 ν
2273 1857 2284 1868 .
2329 1857 2341 1868 .
2432 1864 2441 1869 _
2612 1855 2628 1869 .
2802 1851 2887 1869 Α,
2939 1847 3169 1869 ,μη
3205 1845 3361 1869 Ls-.-

315 1845 409 1942 καὶ
434 1845 450 1852 ν
471 1845 646 1951 utiuti);
870 1845 1166 1956 -τεγθέννῖιες
1193 1845 1211 1916 ἶ
1258 1879 1430 1937 ταῦτα
1456 1845 1515 1934 ἓν
1545 1871 1589 1949 ᾧ
1641 1878 1710 1951 μὴ

1818 1860 1928 1915 nali
1956 1857 2181 1926 fuerint,
2208 1857 2516 1926 eripiuntur
2547 1872 2562 1910 :
2598 1851 2897 1911 dummodo
2939 1847 3171 1924 [tamen]
3200 1845 3396 1903 dcl‘nn-

1816 1960 1938 2009 ctus
1960 1950 2272 2021 ‘legitimam
2304 1961 2535 2003 uxorem
2582 1961 2690 2001 non
2738 1943 3012 2000 habuerit.
3048 1939 3264 1995 Etenim
3302 1935 3397 2008 qui

1817 2059 2043 2102 uxorem
2071 2043 2254 2109 habet,
2290 2055 2468 2113 neque
2508 2039 2738 2095 liberam
2767 2078 2783 2105 ,
2837 2049 3016 2106 neque
3068 2046 3281 2090 servam
3342 2030 3399 2084 in

1818 2136 2187 2196 concubinatu
2218 2133 2421 2189 habere
2460 2138 2656 2203 potest.
2690 2129 2859 2186 Plane
2886 2124 3139 2182 adulterii
3170 2136 3402 2179 accusa-

1815 2230 1893 2285 tio
1930 2228 2001 2283 ob
2052 2233 2360 2296 stupratam
2414 2221 2777 2281 concubinam
2820 2218 2985 2274 etiam
3041 2215 3395 2271 instituitur:

1817 2319 2091 2392 quomodo
2125 2317 2219 2372 lib.
2257 2330 2449 2380 xum,
2477 2314 2558 2368 tit.
2592 2312 2648 2379 5,
2694 2311 2887 2380 digest.
2922 2308 2990 2362 12
3010 2304 3111 2379 [et]
3169 2305 3237 2359 15
3285 2302 3397 2374 [do-

1816 2410 1986 2485 cent].
2023 2409 2292 2465 Caeternm
2325 2406 2631 2464 concubina
2660 2414 2781 2471 est,
2826 2416 2950 2472 qua:
2994 2399 3232 2470 legitime
3272 2410 3395 2451 cum

1730 2562 1733 2581 ι
1817 2506 2001 2578 aliquo
2030 2506 2149 2561 sine
2190 2501 2397 2574 nuptiis
2446 2498 2584 2555 vivit
2618 2505 2718 2553 :ct
2773 2509 2899 2566 quae
2943 2493 3127 2548 minus
3168 2490 3399 2544 honesta

1817 2605 1923 2663 est,
1953 2596 2130 2667 pellex
2178 2600 2447 2651 vocatur:
2478 2597 2540 2647 ut
2569 2590 2663 2647 lib.
2695 2603 2763 2661 ιιι,
2806 2586 2894 2642 tit.
2928 2583 3020 2653 16,
3063 2582 3257 2654 digest.
3296 2579 3399 2633 141

160 1887 263 1959 ρίαν

154 1974 292 2046 ἔσχεν
317 1978 345 2030 ό
369 1975 700 2047 τελευτήσας
757 1976 987 2047 νόμιμον
1022 1974 1269 2044 γαμετήν
1296 1989 1311 2004 ·
1341 1974 1370 2027 ὁ
1418 1970 1524 2045 γὰρ
1556 1970 1710 2040 νόμι-

155 2085 245 2139 μον
293 2068 428 2141 ἔχων
470 2068 737 2141 γαμετὴν,
797 2067 921 2125 οὔτε
973 2067 1287 2139 ἐλευθέραν,
1344 2064 1466 2121 οὔτε
1515 2064 1711 2135 δούλην

148 2156 354 2211 δύναται
414 2158 899 2213 παλλακεύεσθαι·
957 2158 1019 2212 τὸ
1072 2158 1130 2212 δὲ
1178 2156 1427 2228 μοιχικὸν
1476 2156 1709 2210 κινεῖται

150 2250 238 2301 καὶ
274 2251 396 2321 περὶ
426 2252 633 2324 φθορᾶς
695 2251 1001 2323 παλλακῆς,
1026 2249 1103 2314 ὡς
1133 2250 1272 2324 βιόλ.
1302 2249 1392 2321 μη⁹
1430 2292 1445 2316 ,
1480 2247 1584 2303 τίτ.
1622 2254 1664 2301 ε’
1693 2286 1710 2314 ,

146 2343 280 2399 διάτ.
314 2344 405 2416 ιβ’,
438 2344 507 2414 ιγ’
532 2361 549 2378 ·
581 2344 832 2417 παλλακὴ
860 2344 916 2398 δέ
937 2345 1083 2397 ἐστιν
1117 2345 1150 2414 η
1185 2342 1430 2413 νομίμως
1462 2340 1570 2395 τινὶ
1621 2355 1713 2393 συ-

148 2436 288 2500 ζῶσα
313 2441 481 2511 χωρὶς
503 2439 685 2511 γάμου
720 2457 735 2472 ο
773 2439 805 2509 ἡ
835 2439 891 2491 δὲ
943 2431 1109 2511 ἧττον
1168 2434 1491 2507 τιμιωτέρα,
1529 2431 1707 2504 παρά-

148 2548 305 2597 κοιτις
325 2531 567 2602 λέγεται,
595 2532 672 2597 ὡς
710 2531 852 2603 βιὸλ.
880 2538 922 2587 ν’
948 2571 963 2599 ,
996 2530 1098 2586 ait.
1138 2529 1205 2602 ιβ’
1230 2571 1246 2598 ,
1285 2528 1424 2584 διάτ.
1462 2528 1604 2600 ρμδ’.

1820 2684 2128 2761 [traditur].

212 2763 455 2818 KEMA-
489 2762 585 2832 Ci".
614 2793 688 2808 -—
725 2763 863 2819 Ἐὰν
879 2763 1270 2836 ιτυνὴμαιθιοῦ
1287 2762 1601 2836 μοιχευθῇο
1890 2780 2043 2840 CAP.
2075 2779 2167 2836 v1.
2193 2807 2266 2822 -
2291 2775 2434 2845 Quid
2473 2774 2520 2830 si
2549 2771 2675 2828 laici
2703 2786 2838 2825 uxor
2868 2768 2967 2840 ﬂat
2999 2764 3264 2822 adultera.

462 2856 735 2913 Συνόδου
768 2858 1058 2928 Ἀγκύρας
1080 2856 1280 2913 κανὼν
1307 2855 1380 2912 κό
2189 2869 2417 2928 Consilii
2451 2864 2725 2928 Ancyrani
2756 2877 2929 2919 canon
2952 2859 3042 2915 20.

1025 2878 1058 2925 ς
1080 2864 1280 2913 κανὼν
1307 2864 1380 2912 κ’·
2189 2869 2417 2925 Consilii
2451 2864 2725 2925 Ancurani

462 2859 735 2913 Συνόδου
768 2859 1058 2928 Ἀγκύρας
1080 2859 1280 2913 κανὼν
1307 2859 1380 2912 κ’.

214 2958 279 3008 κ’.
313 2952 592 3019 Ἐἀντινος
614 2953 751 3025 γυνὴ
774 2952 1033 3025 μοιχευθῇ
1050 2952 1084 3024 ἢ
1102 2950 1364 3025 μοιχεύσῃ
1381 2967 1487 3020 τις,
1507 2966 1564 3008 κ.
1582 2967 1634 3008 τ.
1658 2949 1710 3007 λ.

2189 2869 2417 2928 Consilii
2451 2864 2725 2938 Ancyrani
2756 2877 2929 2919 canon
2952 2859 3042 2915 20.

1891 2967 1984 3024 20.
2044 2967 2105 3024 Si
2156 2964 2394 3036 alicujus
2449 2976 2590 3018 uxor
2632 2957 2934 3015 adulterata
2966 2952 3153 3020 fuerit,
3180 2958 3399 3015 etc.,ut

362 3136 633 3193 Συνόδου
668 3136 1142 3206 Νεοκαισαρείας
1169 3135 1369 3192 κανὼν
1390 3135 1461 3208 η’.

1817 3079 1940 3135 pag.
1964 3061 2092 3118 9ll.

2120 3150 2344 3209 Consilii
2373 3143 2820 3204 Neocaesariemis
2854 3155 3027 3198 canon
3048 3138 3083 3195 8

362 3180 628 3193 ..νην-ι-
668 3180 920 3194 ..ννηων
938 3180 1133 3206 ..ρης
1169 3180 1353 3192 ...ω-η
1396 3180 1461 3208 .,.

206 3246 275 3318 η’.
307 3246 451 3320 Γυνή
485 3263 629 3311 τινος
681 3246 1027 3318 μοιχευθεῖσα
1052 3244 1245 3300 λαῖκοῦ
1286 3246 1459 3313 δντος,
1479 3263 1536 3300 κ.
1573 3262 1624 3300 τ.
1656 3244 1707 3299 λ.

2120 3180 2344 3209 υυιιυιιη
2373 3180 2417 3204 1.1
2431 3180 2648 3204 ruywoul
2663 3180 2820 3201 ῑῡικσσ
2854 3180 3027 3198 νυηνη
3048 3180 3105 3196 νο

1887 3267 1940 3322 8.
1975 3266 2033 3322 Si
2062 3263 2296 3335 alicujus
2320 3274 2479 3325 uxor,
2507 3267 2639 3324 etc.,
2667 3263 2727 3311 ut
2749 3270 2873 3327 pag.
2909 3251 3037 3310 555.

228 3338 533 3408 Ἀνὰγνωθι
579 3340 649 3392 τὰ
680 3339 1111 3413 παραγραφὲντα
1144 3340 1201 3393 ὲν
1228 3338 1307 3410 τῷ
1332 3337 1410 3410 λβ¹
1454 3354 1580 3409 κεφ.
1616 3335 1710 3391 τοῦ

139 3416 185 3463 α’
212 3412 317 3465 τίτ.
354 3410 451 3464 τοῦ
479 3410 747 3482 παρόντος
776 3412 1179 3481 συντάγματος.

1884 3358 2026 3429 Lege
2053 3372 2176 3427 quae
2228 3354 2484 3410 adnotata
2513 3356 2642 3407 sunt
2668 3348 2725 3403 in
2772 3361 2894 3418 cap.
2922 3343 3014 3409 32,
3067 3342 3152 3406 tit.
3182 3341 3236 3408 1,
3264 3354 3403 3410 prae-

1820 3430 1991 3487 scntls
2022 3429 2222 3499 operis.
2872 3470 2873 3473 η

205 3521 450 3576 ΚΕΦΑΛ.
486 3524 562 3577 Z’.
590 3551 660 3566 --
684 3522 821 3590 Περὶ
851 3520 1096 3592 φθορᾶς,
1136 3518 1447 3592 καὶγὰμου
1490 3518 1705 3589 χήρας,

1889 3538 2043 3593 CAP.
2083 3534 2196 3590 VII.
2251 3562 2324 3575 υ-
2390 3530 2463 3585 De
2496 3536 2702 3599 stupro,
2732 3534 2782 3582 et
2812 3524 2878 3582 de
2920 3521 3093 3579 uidua:
3127 3519 3325 3592 nuptiis
3353 3528 3406 3573 et

136 3612 230 3668 καὶ
250 3614 341 3680 τίς
368 3613 608 3685 λέγεται
645 3613 824 3683 χήρα.

503 3710 829 3764 Βασιλεῖου
859 3709 1062 3763 κανὼν
1100 3706 1166 3778 ιη’
1190 3751 1205 3775 ,
1237 3706 1337 3765 κδ’.

1818 3646 2060 3703 quamam
2079 3629 2294 3683 dicatur
2316 3624 2500 3680 vidua.

2245 3718 2439 3774 Basilii
2473 3730 2700 3774 canones
2758 3712 2848 3778 18,
2877 3710 2949 3765 24

1190 3751 1205 3775 ι
1237 3730 1302 3763 κο
1322 3748 1337 3765 ο
2245 3730 2437 3774 Basim
2473 3730 2700 3774 οαηοηεδ
2758 3730 2848 3775 διδ,
2877 3730 2969 3768 Ζᾶο

503 3731 829 3764 ϋασινιειου
859 3731 1062 3763 κανων·
1100 3731 1153 3778 ιη
1190 3751 1205 3775 ν
1237 3731 1302 3763 κο
1322 3748 1337 3765 ο

205 3808 297 3874 ιη’.
330 3802 469 3874 Περὶ
486 3802 593 3857 τῶν
626 3790 976 3857 ἐκπεσουσῶν
999 3802 1305 3873 παρθένων,
1335 3818 1390 3858 κ.
1416 3817 1466 3855 τ.
1503 3820 1552 3855 Α.

201 3895 304 3950 κδ’.
331 3895 523 3968 Χήραν
553 3894 652 3969 τὴν
684 3896 1103 3968 καταλεγεῖσαν,
1137 3912 1191 3949 κ.
1224 3912 1277 3949 τ.
1309 3893 1361 3949 λ.

2245 3731 2437 3774 Bastm
2473 3731 2700 3774 canones
2758 3731 2848 3780 ae,
2878 3731 2969 3768 κει.

1895 3817 1982 3873 18.
2023 3814 2099 3870 De
2126 3813 2293 3885 lapsis
2319 3800 2646 3882 virginibus,
2669 3817 2804 3872 etc.,
2834 3814 2893 3861 ut
2913 3821 3037 3877 pag.
3069 3802 3199 3859 858.

1888 3909 1983 3966 24.
2010 3908 2243 3963 Viduam
2282 3920 2405 3969 quin
2436 3905 2493 3961 in
2524 3903 2817 3959 viduarum
2844 3912 3154 3965 numerum,
3185 3911 3199 3951 ι

288 3935 304 3950 .
331 3895 523 3968 Χήραν
553 3894 652 3969 τὴν
684 3896 1103 3968 καταλεγεῖσαν,
1137 3912 1191 3949 κ.
1224 3912 1277 3949 τ.
1309 3893 1361 3949 λ.

1888 3909 1983 3966 24.
2010 3908 2243 3963 Viduam
2282 3920 2405 3977 qua:
2436 3905 2493 3961 in
2524 3903 2817 3959 viduarum
2844 3912 3154 3965 numerum,
3185 3904 3316 3961 etc.,
3349 3903 3407 3947 ut

1818 4018 1941 4075 pag.
1973 3999 2102 4058 898.

201 4099 458 4155 ΚΕΦΛΛ.
487 4096 581 4156 Η⁹.
613 4129 681 4141 ι·-
715 4098 857 4169 Περι
896 4097 1017 4155 τῶν
1056 4098 1157 4154 ἐπὶ
1204 4098 1371 4171 γάμῳ
1427 4099 1710 4170 γυναῖκας

1893 4108 2062 4182 528
2080 4104 2232 4162 CAP.
2259 4104 2475 4162 Vlll.-—
2496 4102 2573 4159 De
2604 4103 2670 4157 iis
2692 4101 2782 4169 qui
2798 4099 3128 4155 matrimonii
3141 4114 3303 4153 causa
3324 4112 3411 4149 ra-

136 4190 534 4259 ιὶρπιιζόντων,
570 4192 609 4261 ἢ
643 4191 1034 4263 βιαζομένων,
1096 4192 1136 4263 ἣ
1176 4193 1542 4264 φθειρόντων
1570 4210 1710 4263 παρ-

1821 4204 2031 4273 puerint
2064 4200 2331 4268 mulieres,
2352 4199 2433 4256 vel
2448 4197 2732 4254 violentum
2754 4205 2998 4265 stuprum
3020 4191 3307 4264 virginibus
3329 4193 3407 4244 in-

136 4285 365 4350 θένους,
397 4284 645 4353 καὶπερὶ
678 4286 1061 4354 συνιστόρων
1084 4282 1303 4340 αὐτῶν.

1826 4296 2003 4367 ferunt
2027 4305 2076 4351 et
2103 4296 2167 4353 de
2189 4294 2414 4350 consciis
2438 4294 2698 4363 ipsorum.

571 4396 960 4452 Ἀποστόλων
988 4396 1192 4451 κανὼν
1213 4394 1310 4465 ξς.

215 4484 287 4513 :H
334 4487 404 4513 vr
420 4505 504 4513 -.ρ
528 4505 599 4513 _..
615 4488 795 4513 -nz-.-..
824 4490 961 4513 2.--...L
976 4506 1190 4513 ___.__-_.
1220 4489 1549 4513 o-_-.r...--.--
1574 4486 1690 4513 1-..-

2265 4401 2641 4473 Apostolorum
2669 4416 2839 4455 canon
2868 4396 2958 4455 67.

1904 4498 1969 4513 Δ-
1993 4496 2106 4513 rnn1
2170 4496 2226 4513 ΠΟ
2270 4497 2377 4513 -,__!-
2423 4494 2506 4513 --!_
2534 4493 2686 4513 ,2_-_-
2730 4506 2836 4513 ..-μ
2870 4492 2958 4513 ,ΙΑ-

210 4484 308 4553 ξξ.
334 4487 404 4541 Εῐ
420 4505 504 4552 τις
526 4488 796 4560 παρθένον
820 4490 1191 4562 ἀμνήστευτον
1219 4489 1549 4562 βιασάμενος
1574 4486 1710 4562 ἔχει,

1900 4498 1969 4556 67
1993 4496 2131 4573 [66].
2170 4496 2227 4552 Si
2259 4497 2384 4566 quis
2423 4493 2692 4564 virginem
2730 4506 2841 4546 non
2866 4492 3219 4561 deponsatam
3250 4483 3301 4540 vi
3334 4483 3414 4537 al-

136 4597 187 4634 κ.
221 4600 272 4635 τ.
307 4581 360 4637 λ.
1746 4573 1795 4633 Ῑ)
1822 4592 1934 4650 lata
1964 4592 2147 4656 habet,
2176 4599 2303 4653 etc.,
2337 4596 2395 4642 ut
2419 4602 2541 4657 pag.
2579 4585 2702 4641 786.

376 4673 637 4709 Fam-A8,...
675 4677 972 4709 Ἀμυςιηηη
1016 4678 1217 4709 ..η-..λιν
1245 4675 1312 4709 ...θ
1379 4674 1458 4709 υεν
2109 4683 2338 4709 11---:13
2372 4680 2629 4709 A...........:
2663 4696 2702 4709 ι..

369 4673 637 4730 Σνυνόδου
675 4677 972 4747 Ἀγκύρας
1015 4678 1217 4732 κανὼν
1245 4675 1312 4732 ια’
1329 4718 1345 4743 ,
1379 4674 1480 4732 κε’.

2109 4683 2338 4739 Consilii
2358 4680 2629 4752 Ansyrani
2659 4695 2886 4735 canones
2916 4677 3004 4746 18,
3033 4677 3126 4734 23.

197 4772 290 4822 ια’.
322 4767 437 4832 Τὰς
467 4770 898 4840 μνηστευθείσας
923 4770 1115 4843 κόρας,
1146 4788 1201 4827 κ.
1227 4789 1280 4827 τ.
1311 4774 1361 4828 λ.

1895 4779 1986 4836 18.
2025 4778 2391 4847 Desponsatas
2430 4774 2553 4830 aliis
2582 4772 2814 4845 puellas,
2848 4781 2954 4828 etc.
2996 4782 3055 4826 ut
3097 4786 3221 4843 pag.
3254 4768 3379 4824 786.

200 4867 307 4915 κε’.
337 4861 841 4934 Μνηστευσάμενός
875 4882 961 4929 τις
991 4865 1184 4937 κόρην,
1207 4882 1261 4921 κ.
1291 4884 1343 4922 τ.
1375 4868 1427 4923 λ.

1891 4872 1985 4927 25.
2037 4869 2272 4938 Quidam
2325 4867 2415 4925 cui
2442 4876 2561 4925 erat
2596 4866 2776 4941 puella
2808 4865 3158 4937 desponsata,
3183 4872 3316 4931 etc.,
3352 4871 3411 4917 ut

415 5050 686 5106 Συνόδου
713 5052 1101 5121 Χαλκηδόνος
1131 5052 1334 5109 κανὼν
1364 5053 1466 5121 κζ’.

1823 4964 2097 5039 pag.786.

2130 5053 2363 5110 Consilii
2398 5051 2839 5111 Chalcedonensis
2859 5068 3027 5108 sanan
3059 5050 3150 5106 27.

202 5143 310 5207 κζ’.
336 5141 479 5205 Τοὺς
517 5140 864 5214 ἁρπάζοντας
891 5146 1181 5213 γυναῖκας,
1211 5162 1267 5201 κ.
1298 5163 1351 5200 τ.
1376 5144 1427 5202 λ.

1893 5149 1982 5205 27.
2007 5148 2116 5204 Eos
2142 5149 2232 5218 qui
2248 5149 2469 5205 nomine
2490 5148 2729 5221 coniugii
2750 5147 3009 5203 mulieres
3025 5146 3260 5215 rapiunt,
3280 5155 3408 5209 eis...

1826 5254 1885 5298 ut
1906 5259 2027 5315 pag.
2068 5241 2193 5298 750.

276 5347 552 5405 Συνόδου
575 5347 995 5420 οὶκουμενικῆς
1036 5348 1214 5419 ἕκτης
1240 5350 1441 5405 κανὼν
1467 5349 1568 5423 ιβ’.

2153 5354 2377 5411 Consilii
2400 5355 2704 5412 wsumenisi
2726 5371 2775 5410 γι
2798 5368 2965 5409 canon
3001 5351 3091 5407 92.

206 5465 312 5538 ῑιβν.
341 5464 485 5529 Τοὺς
516 5464 1178 5537 ἁρπάζονταςγυναϊκας,
1204 5483 1259 5520 κ.
1288 5484 1341 5520 τ.
1381 5465 1432 5522 λ.

1896 5467 1985 5522 92.
2020 5466 2130 5523 Eos
2148 5466 2242 5539 qui
2272 5466 2494 5522 nomine
2522 5463 2856 5521 matrimonii
2884 5462 3143 5518 mulieres
3167 5460 3409 5532 rapiunt,

1826 5570 1954 5627 etc.,
1998 5570 2056 5614 ιιι
2086 5577 2210 5633 pag.
2246 5561 2371 5615 786.

452 5666 776 5722 Βασιλείω
799 5665 1001 5723 κανὼν
1029 5666 1120 5739 κβ¹
1139 5708 1154 5734 ,
1184 5666 1229 5722 λ’
1252 5708 1266 5734 ,
1296 5666 1399 5738 νγ¹.

2201 5668 2393 5724 Basilii
2423 5683 2646 5739 canones
2676 5664 2768 5731 22,
2800 5666 2891 5731 50,
2932 5665 3023 5721 5'5.

210 5760 312 5832 n_3'.
342 5758 485 5825 Τοὺς
513 5758 572 5825 ἐξ
599 5759 858 5831 ἁρπαγῆς
885 5760 1106 5833 ἔχοντας
1130 5762 1419 5831 γυναῖκας,
1451 5779 1505 5816 κ.
1548 5779 1598 5815 τ.
1631 5761 1685 5814 λ.

1897 5758 1988 5815 22.
2078 5759 2182 5828 Qui
2260 5776 2323 5817 ex
2364 5768 2520 5831 raptu
2599 5758 2855 5815 mulieres
2908 5756 3125 5823 habent,
3172 5763 3299 5820 etc.,
3349 5758 3408 5807 at

1829 5870 1948 5923 pag.
1981 5852 2106 5908 9M.
