3870 6290
541 382 647 447 919
1707 382 1967 446 PHOTII
2016 385 2521 449 PATBIARCllAl
2552 385 2662 446 (ΖΡ.
3637 398 3719 463 920

614 498 705 558 30.
742 498 818 558 De
845 500 912 561 iis
934 501 1270 574 quirapiunt
1297 514 1563 557 canonem
1589 501 1807 572 quidem
1840 501 2126 573 antiquum

2198 550 2205 565 ,
2302 499 2367 557 λ’.
2391 502 2529 573 Περὶ
2547 501 2657 556 τῶν
2687 498 3068 572 ἁρπαζόντων,
3098 497 3299 555 κανόνα
3322 497 3417 573 μιν
3438 502 3635 562 παλαιὸν
3650 513 3726 567 οὐκ

540 610 651 652 non
683 595 970 665 habemus,
1013 604 1144 662 εις..
1174 606 1233 650 ut
1257 612 1380 667 pag.
1415 594 1541 651 9M.

1186 606 1233 650 ut
1257 612 1380 667 pag.
1415 594 1541 651 9M.
2232 593 2451 667 ἔχομεν,
2486 612 2543 650 κ.
2576 612 2631 649 τ.
2660 592 2714 649 λ.

612 685 702 743 53.
721 684 896 743 Vidua
931 687 1130 744 ancilla
1160 686 1417 752 fortasse,
1454 695 1584 752 etc.,
1610 694 1667 739 ut
1698 702 1821 767 pag.
1861 682 1987 742 899.

1611 694 1667 739 ut
1698 702 1821 767 pag.
1861 682 1987 742 899.
2304 696 2406 759 νγ’.
2451 688 2517 743 Ἦ
2536 688 2680 761 χήρα
2698 686 2881 760 δούλη,
2913 704 2972 742 ιι.
2998 704 3051 743 τ.
3084 686 3139 743 λ.

619 779 762 852 Lege
808 796 932 852 quae
985 789 1249 836 annotata
1275 787 1406 836 sunt
1459 778 1515 835 in
1542 777 1763 835 σοι).ὅὲ
1822 778 1941 833 ιίι1
1993 791 2134 849 pra:-

2305 779 2603 851 Ἀνάγδωθι
2665 780 2733 835 τὰ
2782 778 3298 852 παραγεγραμμένα
3339 780 3395 835 ἐν
3448 778 3521 854 τῷ
3562 779 3602 836 λ’
3639 800 3732 855 ne.

544 872 719 927 semis
749 874 955 943 operis.

2233 873 2328 928 τοῦ
2352 874 2397 927 θ’
2434 873 2541 928 τίτ.
2576 870 2770 928 τούτου
2806 870 2902 926 τοῦ
2937 871 3338 943 συντάγματος.

614 962 782 1036 429
813 962 967 1019 CAP.
994 962 1087 1019 IX.
1119 994 1191 1006 ——
1259 964 1337 1020 De
1390 965 1457 1019 iis
1518 965 1609 1036 qui
1644 972 1835 1036 prwter
1855 971 2135 1035 parentum

2304 965 2558 1021 ΚΕΦΑΛ.
2592 963 2672 1021 Θ’.
2704 992 2776 1005 --
2826 963 2969 1032 Περί
3033 961 3154 1017 τῶν
3207 962 3366 1031 παρὰ
3388 961 3603 1033 γνώμην
3650 969 3738 1021 τῶν

546 1066 639 1111 aut
669 1056 1004 1112 dominorum
1028 1059 1339 1112 sententiam
1375 1059 1599 1112 nubunt.

2235 1056 2470 1112 οίκείων
2496 1055 2719 1127 γονέων
2753 1055 2792 1124 ἢ
2827 1053 3141 1110 δεσποτῶν
3166 1055 3521 1124 γαμούντων.

933 1147 1126 1203 Basilii
1155 1165 1380 1204 canones
1410 1150 1500 1214 58,
1536 1149 1628 1214 40,
1650 1149 1743 1204 42.

2559 1149 2889 1204 ΒασιλείΟυ
2918 1147 3124 1203 κανὼν
3149 1147 3252 1218 λη’,
3281 1152 3354 1216 μ’,
3385 1146 3486 1217 μβ’.

617 1239 710 1297 38.
744 1239 964 1307 Puellae,
997 1256 1118 1311 quae
1164 1252 1361 1312 praiter
1392 1242 1560 1311 patris
1590 1240 1921 1297 sententiam
1968 1254 2135 1297 secu-

2306 1241 2410 1313 λη’.
2434 1241 2501 1296 Δί
2534 1242 2698 1314 κόραι
2726 1241 2785 1296 αί
2830 1241 2983 1313 παρὰ
3015 1238 3245 1311 γνώμην
3274 1238 3481 1312 Πατρὸς
3507 1238 3744 1313 ἀκολουθή-

548 1334 621 1384 ιω
661 1339 811 1396 sunt,
860 1329 1241 1386 fornicamur:
1298 1333 1665 1389 reconciliatis
1714 1340 1896 1386 autem
1936 1348 2076 1403 parci

2238 1350 2421 1401 σασαι,
2482 1332 2808 1405 πορνεύουσι
2835 1349 2850 1365 ·
2882 1331 3279 1401 διαλλαγέντων
3327 1329 3383 1383 δὲ
3434 1330 3535 1384 τῶν
3572 1333 3743 1399 γονέων,

548 1418 700 1475 tibus
733 1420 946 1475 videtur
986 1435 1073 1475 res
1104 1420 1406 1476 remedium
1452 1422 1740 1492 accipere;
1800 1434 1915 1476 non
1950 1429 2076 1476 tam:

2235 1430 2385 1485 δοκεῖ
2424 1428 2720 1501 θεραπείαν
2770 1428 3067 1501 λαμϐάνειν
3106 1426 3167 1479 τὸ
3197 1424 3465 1495 γεγονός·
3498 1424 3587 1477 οὐκ
3626 1426 3745 1491 εὐθὺς

551 1514 738 1567 statim
773 1513 827 1566 in
859 1512 1303 1568 communionem
1352 1512 1742 1581 restituuntur,
1772 1512 1870 1570 sed
1899 1512 2079 1569 trienn

2239 1521 2295 1575 δέ
2318 1522 2396 1586 εἰς
2425 1522 2523 1593 τὴν
2556 1522 2843 1575 κοινωνίαν
2892 1518 3382 1583 άποκαθίστανται,
3403 1515 3511 1569 ἀλλ’
3540 1518 3744 1590 ἐπιτιμη-

550 1604 872 1675 punientur.

2240 1614 2497 1686 θήσονται
2532 1615 2659 1687 τρία
2704 1614 2822 1685 ἐτη.

624 1692 715 1749 40.
754 1694 887 1761 Quae
940 1705 1135 1765 praeter
1162 1695 1280 1752 heri
1328 1696 1655 1753 sententiam
1695 1711 1755 1753 se
1792 1696 1913 1753 viro
1954 1697 2139 1764 tradit,

2315 1714 2390 1779 μ’.
2441 1709 2505 1762 Ἦ
2536 1708 2687 1779 παρὰ
2719 1706 2947 1780 γνώμην
2987 1705 3082 1761 τοῦ
3107 1703 3371 1759 δεσπότου
3403 1702 3550 1774 ἀνδρὶ
3599 1702 3750 1774 ἑαυτὴν

554 1783 826 1843 fornicata
856 1797 972 1855 est;
1016 1804 1138 1858 quae
1172 1804 1298 1844 vero
1346 1798 1538 1860 postea
1569 1790 1923 1847 matrimonio
1962 1790 2082 1845 libei

2243 1801 2551 1869 ἐκδιδοῦσα,
2587 1802 2918 1875 ἐπόρνευσεν
2949 1814 2964 1830 ·
2992 1800 3101 1873 ἡδὲ
3133 1798 3276 1870 μετὰ
3302 1797 3474 1852 ταῦτα
3519 1799 3751 1868 πεπαρῤη-

556 1892 658 1933 usa
684 1888 789 1943 est,
816 1881 1040 1949 nupsit:
1074 1896 1244 1950 quare
1278 1881 1409 1936 illud
1449 1882 1671 1952 quidem
1701 1881 1996 1939 fornicatio
2018 1894 2084 1937 eat

2246 1860 2719 1967 σιασμένιιίγάμιξ)
2745 1860 3093 1967 χρησαμένη,
3122 1860 3374 1964 ἐγήματο
3396 1908 3410 1921 ⁶
3448 1889 3578 1943 ὥστε

558 1972 667 2027 hoc
708 1989 838 2029 vero
891 1974 1329 2029 matrimonium.
1376 1974 1513 2030 Nam
1564 1985 1721 2046 pacta
1765 1990 1983 2041 eorum,
2040 1992 2086 2047 qi

2249 1984 2351 2055 μὲν
2378 1986 2621 2056 πορνεία,
2650 1983 2811 2039 τοῦτο
2840 1985 2896 2040 δέ
2930 1986 3108 2055 γάμος
3140 2000 3155 2016 ·
3186 1985 3243 2039 αἱ
3263 1983 3374 2055 γὰρ
3423 1981 3656 2053 συνθῆκαι
3680 1982 3756 2035 τῶν

557 2074 691 2121 sunt
727 2065 783 2120 in
807 2065 1034 2121 alterius
1059 2074 1347 2136 potestate,
1379 2066 1516 2121 nihil
1550 2067 1752 2123 habent
1784 2067 1945 2123 ﬁrmi.

1784 2067 1945 2123 Πΐωίο
2244 2077 2605 2143 ὑπεξουσίων,
2641 2077 2795 2132 οὐδὲν
2828 2077 3013 2149 έχουσι
3052 2076 3292 2147 βέϐαιον.

635 2159 729 2215 42.
759 2159 1106 2214 Matrimonia
1151 2160 1269 2215 sine
1299 2160 1370 2216 iis
1418 2158 1514 2230 qui
1545 2168 1869 2232 potestatem
1915 2161 2141 2226 habent,

2320 2170 2429 2242 μβ’.
2477 2170 2541 2225 Ol
2596 2169 2728 2225 ἄνευ
2779 2170 2889 2224 τῶν
2937 2169 3286 2242 κρατούντων
3331 2166 3519 2238 γάμοι,
3572 2164 3760 2235 πορνεῑσί

558 2249 964 2308 fornicationes
1004 2260 1153 2309 sunt.
1188 2251 1377 2323 Neque
1400 2266 1532 2323 ergo
1573 2252 1789 2307 vivente
1828 2263 2002 2323 patre,
2045 2269 2086 2306 ιιι

2246 2262 2386 2317 είσιν
2418 2276 2433 2292 ⁸
2496 2260 2620 2315 οὕτε
2665 2256 2759 2317 οὖν
2812 2261 3020 2333 πατρὸς
3079 2259 3305 2326 ζῶντος,
3369 2258 3492 2313 οὗτε
3541 2260 3762 2324 δεσπότου,

560 2360 673 2417 que
722 2346 879 2412 hero,
920 2345 1015 2415 qui
1066 2344 1406 2401 conveniunt
1450 2352 1608 2400 extra
1654 2344 2082 2415 reprehensione

2247 2354 2300 2408 οί
2348 2354 2619 2419 συνιόντες
2668 2352 2951 2410 ἀνεύθυνοί
2983 2354 3120 2407 είσιν
3152 2371 3166 2386 θ
3198 2352 3344 2407 ὥστε
3390 2338 3499 2407 ἐὰν]
3528 2350 3762 2404 ἐπινεύσω·

560 2448 712 2507 sunt,
770 2440 1234 2511 quemadmodum
1301 2440 1348 2496 si
1402 2448 1653 2496 annuant
1720 2441 2088 2497 cohabitatiou

2252 2464 2336 2501 σιν
2400 2447 2450 2502 οί
2502 2446 2682 2518 κύριοι
2730 2447 2828 2520 τὴν
2876 2446 3232 2519 συνοίκησιν,
3296 2446 3423 2501 τότε
3487 2444 3768 2514 λαμϐάνειό

561 2547 703 2604 quos
734 2548 900 2602 penes
932 2532 1091 2600 hujus
1120 2531 1199 2587 rei
1227 2542 1312 2589 est
1338 2531 1649 2600 arbitrium,
1676 2538 1807 2588 tunc
1825 2533 2089 2590 firmitate;

1262 2542 1312 2587 st
1338 2531 1649 2600 arbitrium,
1676 2538 1807 2588 tunc
1825 2533 2141 2590 firmitatem
2251 2540 2428 2612 γάμος
2458 2539 2519 2593 τὸ
2548 2539 2790 2612 βέϐαιον.

561 2626 807 2699 conjugii
837 2625 1034 2697 accipit
1063 2626 1422 2682 cohabitatio.

636 2713 855 2771 Tactus.
893 2714 1027 2782 Quae
1069 2715 1237 2787 quive
1296 2716 1349 2770 in
1404 2714 1629 2772 alterius
1681 2722 1951 2787 potestate
1988 2725 2144 2781 sunt,

2334 2719 2399 2777 Ἦ
2423 2720 2715 2788 ὑπεξουσία
2735 2721 2769 2793 ἢ
2789 2722 2818 2776 ό
2839 2719 3178 2789 ύπεξούσιος,
3207 2718 3271 2774 οὐ
3306 2717 3557 2773 δύνανται
3583 2716 3772 2785 νομίμως

563 2824 677 2866 non
706 2818 937 2882 possunt
959 2810 1199 2882 legitimo
1225 2809 1635 2865 matrimonium
1658 2810 2004 2875 contrahere,
2035 2827 2091 2867 nc

2254 2815 2476 2885 γαμεῖν,
2547 2814 2623 2885 μὴ
2673 2814 3046 2877 ωναινοῦντος
3088 2811 3183 2867 τοῦ
3216 2811 3439 2884 ἔχοντος
3484 2810 3662 2872 αὐτοὺς
3701 2809 3774 2861 ὑπ-

562 2903 947 2959 consentiente
996 2917 1064 2958 eo
1092 2903 1187 2973 qui
1244 2901 1370 2959 illos
1419 2902 1474 2957 in
1522 2909 1795 2972 potestate
1848 2903 2090 2960 habetzl

2252 2905 2549 2972 εξουσίους,
2570 2905 2646 2971 ὡς
2679 2905 2821 2977 βιδλ.
2846 2905 2888 2959 ε’
2912 2905 3007 2959 τοῦ
3033 2905 3189 2971 κώδ.,
3208 2906 3319 2959 τίτ.
3348 2904 3415 2972 δ’,
3448 2904 3540 2957 καί⁵
3566 2896 3773 2972 βιύλ.η¹,

565 2994 662 3050 lib.
696 2995 881 3050 vcod.
918 2994 1002 3052 tit.
1046 2994 1102 3059 4,
1133 3004 1187 3050 et
1241 2994 1341 3049 lib.
1380 3008 1541 3057 um,
1584 2994 1667 3049 tit.
1719 2995 1754 3050 2
1802 2993 2093 3069 [traditur]

2252 2998 2361 3051 τίτ.
2391 2995 2435 3067 β’
2467 3013 2481 3027 ·
2518 2998 2567 3050 εί
2599 2995 2673 3067 μὴ
2695 2997 2982 3065 γεγονυῖαν
3012 2994 3110 3066 τὴν
3153 2993 3439 3064 θυγατέρα
3467 2997 3542 3044 κε’
3571 2988 3779 3044 ἐνιαυτῶν

566 3094 723 3142 extra
773 3102 937 3158 quam
972 3086 1020 3143 si
1050 3084 1220 3160 [quis]
1254 3086 1419 3143 [illam
1458 3084 1651 3159 viginti
1682 3087 1927 3159 quinque
1972 3103 2094 3143 anni

2257 3088 2557 3159 ὑπερέθετο
2606 3085 2793 3152 ζεῦξαι
2818 3102 2832 3117 °
2872 3087 2993 3140 τότε
3026 3086 3137 3157 γὰρ
3169 3084 3374 3155 ἐαυτὴν
3402 3082 3654 3150 ἐλευθέρῳ
3694 3078 3779 3143 ζεῦ·

568 3186 755 3231 natam
820 3175 901 3249 [in
954 3175 1393 3251 matrimonium]
1445 3177 1662 3233 elocare
1715 3177 1946 3234 differat.
1998 3178 2096 3236 Τιιι

2256 3179 2343 3247 ξαι
2380 3180 2625 3246 δύναται,
2689 3180 2766 3243 ὡς
2825 3179 2860 3251 ἡ
2915 3180 3047 3254 περὶ
3090 3179 3203 3233 τῶν
3242 3178 3343 3232 ἐπὶ
3413 3176 3595 3246 κλήρῳ
3638 3174 3782 3242 ἀχαρι-

567 3269 718 3325 cnim
757 3266 896 3342 [illa]
927 3269 1110 3326 libera:
1134 3270 1471 3328 conditionis
1500 3270 1710 3326 homini
1741 3271 1980 3341 seipsum
2007 3271 2147 3345 [ma-
2254 3274 2418 3328 στιῶν
2444 3272 2547 3346 (ιβ’.

570 3358 853 3434 trimonio]
881 3360 1113 3443 iungere
1160 3370 1342 3435 potest
1375 3379 1391 3419 :
1424 3362 1887 3435 quemadmodum
1917 3379 2041 3436 quae
2075 3363 2145 3423 de
2209 3364 2598 3439 ingratitudiue
2646 3364 2928 3423 haeredum
2991 3358 3250 3437 [spectat]
3310 3358 3535 3417 Novella
3583 3352 3788 3428 “Sldo-

568 3450 702 3527 cet].

639 3564 797 3621 CAP.
834 3562 878 3620 Χ
901 3565 1068 3621 -ὒε
1097 3566 1309 3637 feminis
1347 3582 1467 3636 quae
1490 3574 1674 3637 partus
1702 3582 1826 3623 suos
1856 3566 2162 3623 interimunt

2334 3567 2874 3641 ΚΕΦΔΛ.ιῙ’.-11ερί
2893 3565 3326 3640 πορνευουσῶν
3346 3562 3449 3620 καί
3472 3554 3789 3631 ἀναιρουσῶν

571 3670 642 3712 ea;
674 3656 1030 3729 fornicatione
1054 3668 1348 3727 conceptos.

1169 3668 1348 3727 :eptos.
2262 3664 2338 3720 τὰ
2360 3664 2697 3735 τικτόμενα.

935 3769 1159 3828 Concilii
1200 3769 1473 3841 Ancyrani
1504 3784 1675 3824 canon
1713 3767 1804 3825 21.

2545 3778 2819 3834 Συνόδου
2882 3777 3176 3847 Ἀγκύρας
3218 3774 3431 3831 κανὼν
3459 3779 3564 3830 καθ.

644 3866 739 3920 21.
777 3863 852 3919 De
883 3862 1228 3927 mulieribus,
1264 3876 1386 3931 qua:
1419 3872 1547 3916 sunt
1580 3860 1863 3917 fornicatae
1884 3898 1899 3927 ,
1930 3872 1985 3916 et
2015 3859 2159 3917 fetus

2330 3878 2436 3927 κα’.
2455 3870 2591 3942 Περὶ¹
2602 3871 2709 3924 τῶν
2722 3869 2995 3939 γυναικῶν
3012 3868 3120 3923 τῶν
3138 3871 3474 3940 ἐκπορνευου
3482 3867 3584 3920 σῶν
3594 3863 3676 3918 καὶ
3689 3862 3792 3915 ἀναι-

574 3960 631 4015 in
672 3966 827 4011 utero
872 3956 1181 4025 perimunt,
1224 3962 1281 4009 et
1334 3953 1542 4009 fetuum
1586 3954 1879 4009 necatoriis
1916 3954 2102 4009 medic:

2264 3965 2471 4038 ρουσῶν
2522 3963 2593 4017 τά
2649 3962 2985 4033 γεννώμενα,
3018 3962 3116 4016 καὶ
3167 3959 3594 4023 σπουδαζουσῶν
3641 3955 3792 4025 φθόρα

575 4051 779 4107 mentis
807 4048 1074 4105 faciendis
1104 4048 1235 4101 dant
1289 4062 1539 4117 Operam,
1577 4047 1725 4116 prior
1755 4045 1972 4116 quidem
2001 4047 2103 4120 43

2263 4060 2459 4123 ποιεῖν,
2497 4058 2526 4111 ό
2579 4056 2679 4126 μὲν
2718 4055 2984 4127 πρότερος
3013 4054 3135 4127 ὄρος
3169 4054 3365 4125 μέχρις
3389 4052 3569 4119 ἐξόδου
3616 4045 3791 4106 ἐκώλυε,

576 4142 821 4198 deiinitio
867 4154 1043 4210 usque
1087 4139 1156 4197 ad
1202 4140 1325 4195 vitae
1357 4138 1565 4194 exitum
1612 4137 1972 4207 prohibebat,
2026 4151 2080 4193 et

2267 4147 2359 4201 καὶ
2389 4145 2565 4216 τούτῳ
2612 4145 2951 4199 συντίθενται
2975 4160 2991 4176 ο
3021 4142 3542 4213 φιλανθρωπότερον
3574 4139 3627 4192 δέ
3666 4154 3708 4189 τι
3733 4134 3795 4187 εὖ·

577 4236 800 4307 quidam
835 4234 1232 4290 assentiuntur.
1270 4230 1376 4286 Sed
1408 4231 1748 4286 humanitate
1785 4240 1965 4285 tamen
2004 4240 2105 4285 utei

2270 4236 2475 4309 ρόντες,
2502 4235 2782 4307 ὡρίσαμεν
2832 4235 3059 4305 δεκαετῆ
3115 4233 3309 4305 χρόνον
3360 4232 3510 4288 κατὰ
3551 4231 3666 4293 τοὺς
3730 4226 3794 4297 βει-

578 4338 696 4395 tes,
745 4327 1091 4384 decrevimus
1114 4364 1129 4391 ,
1166 4333 1226 4380 ut
1264 4324 1592 4381 decennium
1632 4338 1727 4395 per
1753 4324 1955 4394 gradus
1983 4326 2106 4396 praei

1792 4324 1955 4380 radus
1983 4323 2163 4396 pmll-
2270 4331 2442 4404 Θμοὺς
2468 4330 2595 4396 τοὺς
2624 4328 2964 4402 ὡρισμένους
2999 4326 3315 4399 πληρῶσαι.

580 4421 726 4479 ultos
747 4420 1027 4492 impleant.

900 4528 1127 4586 Concilii
1162 4530 1466 4584 aecumem‘ci
1495 4546 1545 4585 vt
1567 4544 1736 4585 canon
1755 4528 1848 4585 91.
2198 4534 2245 4591 D
2378 4534 2428 4588 L‘

2198 4534 2245 4591 D
2378 4531 2648 4588 Συνόδου
2699 4528 3121 4601 οίκουμενικῆς
3166 4527 3354 4599 ἕκτης
3384 4523 3585 4582 κανὼν
3619 4527 3692 4590 L,a'

650 4623 743 4680 91.
778 4621 887 4680 Eas
921 4639 1045 4695 qua:
1095 4623 1230 4679 dant
1259 4623 1603 4679 abortionem
1639 4621 1897 4678 facientia
1928 4622 2169 4680 medica-

2344 4630 2454 4694 1ια’.
2488 4624 2599 4687 Τάς
2628 4622 2697 4678 τὰ
2727 4621 3106 4694 άμὸλωθρίδια
3138 4620 3391 4683 διδούσας
3430 4620 3700 4689 φάρμακα,
3735 4608 3800 4661 καὶ

584 4727 788 4781 menta,
842 4731 895 4772 et
958 4732 1074 4787 qua!
1136 4715 1281 4772 fctus
1319 4715 1575 4771 necantia
1633 4730 1844 4771 venena
1870 4715 2112 4786 accipiun

2272 4715 2371 4778 τὰς
2406 4713 2703 4785 δεχομένας
2748 4712 2820 4766 τὰ
2877 4712 3254 4783 ἐμϐρυοκτόνα
3297 4710 3627 4782 δηλητήρια,
3649 4704 3715 4774 τῷ
3737 4698 3800 4753 τοῦ

586 4812 877 4869 homicida!
900 4812 1082 4884 poenis
1117 4810 1462 4880 subjicitnus.

2272 4806 2481 4878 φονέως
2513 4806 2774 4877 ἐπιτιμίῳ
2802 4803 3311 4873 καθυποόάλλομεν.

1002 4921 1197 4977 Basilii
1214 4936 1438 4975 canones
1485 4918 1541 4985 2,
1574 4918 1628 4986 8,
1666 4918 1754 4975 59..

2624 4914 2950 4970 Βασιλείου
2990 4913 3191 4969 κανὼν
3207 4911 3274 4985 β’,
3299 4911 3373 4984 η’,
3404 4913 3505 4983 νβ’.

658 5016 714 5070 2.
751 5014 883 5083 Quae
899 5014 968 5071 de
991 5013 1261 5070 industria
1291 5010 1458 5066 fetum
1490 5010 1757 5079 corrupit,
1799 5008 1964 5065 caedis
1985 5024 2173 5080 poenas

2347 5009 2413 5081 β’.
2469 5009 2537 5064 Ἦ
2589 5010 2860 5083 φθείρασα
2908 5010 3027 5062 κατ’
3079 5008 3455 5079 ἐπιτήδευσιν,
3485 5004 3638 5075 φόνου
3689 4999 3801 5065 δίκην

591 5107 717 5163 luit.
766 5079 841 5161 lie
875 5105 1111 5161 formato
1140 5113 1324 5159 autem
1359 5110 1457 5157 aut
1492 5100 1720 5157 informi
1768 5079 2025 5158 subtilius
2062 5118 2119 5158 ιι(

2276 5079 2468 5174 ὑπέχει
2501 5119 2516 5135 ο
2540 5079 2895 5175 ἀκριόολογία
2936 5102 3046 5172 γὰρ
3079 5100 3588 5171 ἐκμεμορφωμένου
3621 5096 3703 5149 καὶ
3739 5095 3804 5143 όν·

596 5200 952 5270 inquirimus.
986 5196 1085 5251 Hic
1116 5195 1263 5249 cnim
1308 5209 1415 5248 non
1458 5192 1510 5246 id
1542 5191 1703 5246 modo
1735 5193 1882 5261 quod
1929 5195 2124 5250 nascitt

2285 5194 2648 5260 εξεικονίστου
2678 5194 2808 5263 παρ’
2838 5194 2968 5262 ἡμῖν
2995 5191 3095 5245 οὐκ
3116 5190 3282 5244 ἐστιν·
3316 5188 3559 5244 ἐνταῦθα
3580 5186 3675 5254 γὰρ
3703 5178 3805 5233 ἐκδι-

596 5309 720 5347 rum
751 5299 888 5355 erat,
931 5290 1262 5352 vindicatur,
1301 5284 1398 5341 sed
1433 5285 1596 5345 etiam
1645 5284 1735 5343 illa
1760 5286 2040 5357 ipsa.qua3
2069 5289 2124 5342 sif

2279 5292 2456 5344 κεῖται
2476 5288 2538 5342 ού
2581 5287 2740 5358 μόνον
2766 5286 2827 5339 τὸ
2856 5284 3274 5355 γεννησόμενον,
3312 5282 3463 5351 ἀλλὰ
3513 5279 3605 5334 καὶ
3646 5274 3757 5341 αὑτὴ
3784 5271 3804 5337 ἡ

596 5384 826 5441 insidias
871 5382 1105 5454 paravit,
1138 5379 1399 5451 quoniam
1446 5389 1506 5431 ιιι
1546 5377 1843 5448 plurimum
1902 5379 2124 5437 itttereui

2282 5383 2450 5453 ἐαυτῇ
2482 5378 2947 5433 ἐπιϐουλεύσασιν
2982 5376 3117 5430 διότι
3136 5375 3212 5439 ὡς
3248 5373 3343 5429 ἐπὶ
3379 5374 3519 5427 πολὺ
3563 5362 3807 5431 ἐναποθνή·

597 5480 655 5534 in
682 5475 953 5548 ejusmodi
985 5470 1217 5542 inceptis
1264 5468 1543 5523 mulieres.
1586 5466 1704 5524 lluc
1738 5458 1919 5523 autem
1967 5471 2125 5525 acced

2284 5490 2475 5528 σκουσι
2504 5474 2624 5537 ταῖς
2662 5470 2941 5533 τοιαύταις
2993 5467 3404 5539 ἐπιχειρήσεσιν
3462 5466 3518 5519 ai
3564 5462 3807 5531 γυναῖκες·

598 5582 654 5627 et
685 5569 825 5626 fetus
876 5565 1150 5629 interitus,
1178 5563 1355 5618 credes
1403 5561 1595 5627 altera,
1644 5561 1837 5616 saltem
1889 5563 1936 5618 si
1964 5564 2126 5619 consil

2284 5569 2541 5640 πρόσεστι
2582 5565 2641 5619 δὲ
2680 5563 2854 5634 τούτῳ
2894 5563 2990 5616 καὶ
3035 5563 3068 5632 ἡ
3126 5559 3300 5631 φθορὰ
3323 5558 3424 5612 τοῦ
3466 5549 3812 5640 ἐμϐρύουλτε·

598 5680 790 5722 eorum
819 5662 912 5734 qui
945 5662 1060 5716 haec
1085 5658 1307 5723 audent,
1333 5656 1475 5712 ratio
1503 5656 1788 5711 habeatur.
1827 5654 2051 5733 Oportet
2081 5673 2126 5712 at

2283 5637 2375 5729 ρος
2414 5660 2574 5731 φόνος
2602 5659 2745 5713 κατά
2777 5674 2840 5726 γε
2856 5655 2953 5728 τὴν
2983 5654 3227 5707 ἐπίνοιαν
3256 5650 3363 5705 τῶν
3399 5649 3572 5703 ταῦτα
3614 5637 3809 5712 τολμῶν·

600 5767 712 5813 tem
746 5733 857 5811 non
888 5753 956 5810 ad
992 5752 1203 5809 obitum
1234 5763 1411 5820 usque
1457 5748 1831 5819 pmnitentiam
1868 5765 2057 5804 earum
2084 5766 2128 5805 e:

2282 5771 2390 5808 των
2426 5770 2439 5785 ·
2474 5752 2556 5807 δεῖ
2586 5751 2773 5823 μέντοι
2827 5748 2902 5817 μὴ
2942 5746 3104 5818 μέχρι
3145 5745 3242 5814 τῆς
3281 5741 3468 5809 ἐξόδου
3519 5733 3810 5823 παρατείνειν

604 5846 852 5917 tendere,
899 5843 997 5905 sed
1042 5844 1232 5901 decem
1279 5839 1499 5913 quidem
1544 5856 1812 5897 annorum
1864 5856 2132 5899 mensura:

2284 5844 2466 5901 αὐτῶν
2501 5821 2600 5915 τὴν
2657 5839 3065 5915 ἐξομολόγησιν,
3098 5836 3235 5892 ἀλλὰ
3294 5832 3552 5905 δέχεσθαι
3605 5828 3693 5902 μὲν
3730 5821 3810 5876 τῶν
