  <div class='ocr_page' id='page_1' title='image "/cluster/home/n/w/nwhite01/storage/ocr_20150623/104/hvd.32044018872853/466.png"; bbox 0 0 3980 6444; ppageno 0'>
   <div class='ocr_carea' id='block_1_1' title="bbox 185 413 278 483">
    <p class='ocr_par' dir='ltr' id='par_1_1' title="bbox 185 413 278 483">
     <span class='ocr_line' id='line_1_1' title="bbox 185 413 278 483; baseline 0 0"><span class='ocrx_word' id='word_1_1' title='bbox 185 413 278 483; x_wconf 71' lang='grc'><strong>921</strong></span> 
     </span>
    </p>
   </div>
   <div class='ocr_carea' id='block_1_2' title="bbox 960 416 2699 501">
    <p class='ocr_par' dir='ltr' id='par_1_2' title="bbox 960 416 2699 501">
     <span class='ocr_line' id='line_1_2' title="bbox 960 416 2699 501; baseline 0.003 -22"><span class='ocrx_word' id='word_1_2' title='bbox 960 416 1363 481; x_wconf 80' lang='lat' dir='ltr'><strong>SYNTAGMA</strong></span> <span class='ocrx_word' id='word_1_3' title='bbox 1397 416 1787 486; x_wconf 82' lang='lat' dir='ltr'><strong>CANONUM.</strong></span> <span class='ocrx_word' id='word_1_4' title='bbox 1813 447 1883 460; x_wconf 84' lang='grc'><strong>·-</strong></span> <span class='ocrx_word' id='word_1_5' title='bbox 1905 420 2056 485; x_wconf 86' lang='grc' dir='ltr'><strong>ΤΙΤ.</strong></span> <span class='ocrx_word' id='word_1_6' title='bbox 2093 419 2261 501; x_wconf 80' lang='lat' dir='ltr'><strong>XIII,</strong></span> <span class='ocrx_word' id='word_1_7' title='bbox 2300 422 2458 487; x_wconf 80' lang='lat' dir='ltr'><strong>CAP.</strong></span> <span class='ocrx_word' id='word_1_8' title='bbox 2495 423 2598 500; x_wconf 81' lang='lat' dir='ltr'><strong>1X,</strong></span> <span class='ocrx_word' id='word_1_9' title='bbox 2622 423 2699 485; x_wconf 86' lang='lat' dir='ltr'><strong>X.</strong></span> 
     </span>
    </p>
   </div>
   <div class='ocr_carea' id='block_1_3' title="bbox 3336 425 3442 490">
    <p class='ocr_par' dir='ltr' id='par_1_3' title="bbox 3336 425 3442 490">
     <span class='ocr_line' id='line_1_3' title="bbox 3336 425 3442 490; baseline 0 0"><span class='ocrx_word' id='word_1_10' title='bbox 3336 425 3442 490; x_wconf 76' lang='lat'><strong>922</strong></span> 
     </span>
    </p>
   </div>
   <div class='ocr_carea' id='block_1_4' title="bbox 184 496 1772 611">
    <p class='ocr_par' dir='ltr' id='par_1_4' title="bbox 184 526 1763 608">
     <span class='ocr_line' id='line_1_4' title="bbox 184 526 1763 608; baseline 0.001 -21"><span class='ocrx_word' id='word_1_11' title='bbox 184 533 308 593; x_wconf 80' lang='grc' dir='ltr'><strong>δέκα</strong></span> <span class='ocrx_word' id='word_1_12' title='bbox 354 526 501 586; x_wconf 61' lang='grc' dir='ltr'><strong>ἑτῶν</strong></span> <span class='ocrx_word' id='word_1_13' title='bbox 537 527 606 585; x_wconf 63' lang='lat' dir='ltr'><strong>ce</strong></span> <span class='ocrx_word' id='word_1_14' title='bbox 652 526 849 603; x_wconf 77' lang='grc' dir='ltr'><strong>μέτρον</strong></span> <span class='ocrx_word' id='word_1_15' title='bbox 874 545 889 564; x_wconf 79' lang='grc' dir='ltr'><strong>ο</strong></span> <span class='ocrx_word' id='word_1_16' title='bbox 919 530 1124 603; x_wconf 79' lang='grc' dir='ltr'><strong>ὁρίζειν</strong></span> <span class='ocrx_word' id='word_1_17' title='bbox 1162 533 1220 587; x_wconf 82' lang='grc' dir='ltr'><strong>δὲ</strong></span> <span class='ocrx_word' id='word_1_18' title='bbox 1261 532 1339 606; x_wconf 83' lang='grc' dir='ltr'><strong>μὴ</strong></span> <span class='ocrx_word' id='word_1_19' title='bbox 1382 534 1581 608; x_wconf 84' lang='grc' dir='ltr'><strong>χρόνῳ,</strong></span> <span class='ocrx_word' id='word_1_20' title='bbox 1626 533 1763 590; x_wconf 88' lang='grc' dir='ltr'><strong>ἀλλά</strong></span> 
     </span>
    </p>
   </div>
   <div class='ocr_carea' id='block_1_5' title="bbox 1880 496 3449 611">
    <p class='ocr_par' dir='ltr' id='par_1_5' title="bbox 1880 535 3441 611">
     <span class='ocr_line' id='line_1_5' title="bbox 1880 535 3441 611; baseline 0.004 -21"><span class='ocrx_word' id='word_1_21' title='bbox 1880 535 2180 606; x_wconf 68' lang='lat' dir='ltr'><strong>accipiant,</strong></span> <span class='ocrx_word' id='word_1_22' title='bbox 2224 537 2520 594; x_wconf 86' lang='lat' dir='ltr'><strong>deliniatur</strong></span> <span class='ocrx_word' id='word_1_23' title='bbox 2551 547 2732 594; x_wconf 88' lang='lat' dir='ltr'><strong>autem</strong></span> <span class='ocrx_word' id='word_1_24' title='bbox 2772 535 2990 598; x_wconf 96' lang='lat' dir='ltr'><strong>curatio</strong></span> <span class='ocrx_word' id='word_1_25' title='bbox 3030 552 3142 597; x_wconf 83' lang='lat' dir='ltr'><strong>non</strong></span> <span class='ocrx_word' id='word_1_26' title='bbox 3176 547 3441 611; x_wconf 89' lang='lat' dir='ltr'><strong>tempore,</strong></span> 
     </span>
    </p>
   </div>
   <div class='ocr_carea' id='block_1_6' title="bbox 187 621 1299 697">
    <p class='ocr_par' dir='ltr' id='par_1_6' title="bbox 187 621 1299 697">
     <span class='ocr_line' id='line_1_6' title="bbox 187 621 1299 697; baseline 0.001 -19"><span class='ocrx_word' id='word_1_27' title='bbox 187 624 368 697; x_wconf 80' lang='grc' dir='ltr'><strong>τρόπῳ</strong></span> <span class='ocrx_word' id='word_1_28' title='bbox 386 622 493 692; x_wconf 82' lang='grc' dir='ltr'><strong>τῆς</strong></span> <span class='ocrx_word' id='word_1_29' title='bbox 525 621 826 693; x_wconf 80' lang='grc' dir='ltr'><strong>μετανοίας</strong></span> <span class='ocrx_word' id='word_1_30' title='bbox 850 621 949 694; x_wconf 79' lang='grc' dir='ltr'><strong>τὴν</strong></span> <span class='ocrx_word' id='word_1_31' title='bbox 980 622 1299 695; x_wconf 79' lang='grc' dir='ltr'><strong>θεραπείαν.</strong></span> 
     </span>
    </p>
   </div>
   <div class='ocr_carea' id='block_1_7' title="bbox 248 714 1771 789">
    <p class='ocr_par' dir='ltr' id='par_1_7' title="bbox 248 714 1771 789">
     <span class='ocr_line' id='line_1_7' title="bbox 248 714 1771 789; baseline 0 -18"><span class='ocrx_word' id='word_1_32' title='bbox 248 722 320 789; x_wconf 86' lang='grc' dir='ltr'><strong>η’.</strong></span> <span class='ocrx_word' id='word_1_33' title='bbox 339 716 398 771; x_wconf 90' lang='lat'><strong>&#39;0</strong></span> <span class='ocrx_word' id='word_1_34' title='bbox 422 714 589 787; x_wconf 81' lang='grc' dir='ltr'><strong>ἀξίνῃ</strong></span> <span class='ocrx_word' id='word_1_35' title='bbox 612 717 763 787; x_wconf 89' lang='grc' dir='ltr'><strong>παρά</strong></span> <span class='ocrx_word' id='word_1_36' title='bbox 781 716 871 769; x_wconf 82' lang='grc' dir='ltr'><strong>τὸν</strong></span> <span class='ocrx_word' id='word_1_37' title='bbox 897 715 1067 787; x_wconf 79' lang='grc' dir='ltr'><strong>θυμὸν</strong></span> <span class='ocrx_word' id='word_1_38' title='bbox 1097 718 1237 771; x_wconf 83' lang='grc' dir='ltr'><strong>κατὰ</strong></span> <span class='ocrx_word' id='word_1_39' title='bbox 1252 717 1351 788; x_wconf 81' lang='grc' dir='ltr'><strong>τῆς</strong></span> <span class='ocrx_word' id='word_1_40' title='bbox 1373 715 1569 771; x_wconf 79' lang='grc' dir='ltr'><strong>ἑαυτοῦ</strong></span> <span class='ocrx_word' id='word_1_41' title='bbox 1596 734 1771 789; x_wconf 84' lang='grc' dir='ltr'><strong>γαμε-</strong></span> 
     </span>
    </p>
   </div>
   <div class='ocr_carea' id='block_1_8' title="bbox 187 806 1759 881">
    <p class='ocr_par' dir='ltr' id='par_1_8' title="bbox 187 806 1759 881">
     <span class='ocr_line' id='line_1_8' title="bbox 187 806 1759 881; baseline 0 -20"><span class='ocrx_word' id='word_1_42' title='bbox 187 809 280 881; x_wconf 79' lang='grc' dir='ltr'><strong>τῆς</strong></span> <span class='ocrx_word' id='word_1_43' title='bbox 321 807 699 880; x_wconf 83' lang='grc' dir='ltr'><strong>χρησάμενος,</strong></span> <span class='ocrx_word' id='word_1_44' title='bbox 727 806 920 876; x_wconf 89' lang='grc' dir='ltr'><strong>φονεύς</strong></span> <span class='ocrx_word' id='word_1_45' title='bbox 948 808 1095 861; x_wconf 80' lang='grc' dir='ltr'><strong>ἐστιν</strong></span> <span class='ocrx_word' id='word_1_46' title='bbox 1126 823 1140 838; x_wconf 84' lang='grc'><strong><em>⁸</em></strong></span> <span class='ocrx_word' id='word_1_47' title='bbox 1166 807 1346 871; x_wconf 84' lang='grc' dir='ltr'><strong>καλῶς</strong></span> <span class='ocrx_word' id='word_1_48' title='bbox 1416 807 1472 860; x_wconf 86' lang='grc' dir='ltr'><strong>δέ</strong></span> <span class='ocrx_word' id='word_1_49' title='bbox 1520 824 1588 878; x_wconf 86' lang='grc' dir='ltr'><strong>με</strong></span> <span class='ocrx_word' id='word_1_50' title='bbox 1648 808 1759 862; x_wconf 75' lang='grc' dir='ltr'><strong>ὑπ‹</strong></span> 
     </span>
    </p>
   </div>
   <div class='ocr_carea' id='block_1_9' title="bbox 193 897 1773 972">
    <p class='ocr_par' dir='ltr' id='par_1_9' title="bbox 193 897 1773 972">
     <span class='ocr_line' id='line_1_9' title="bbox 193 897 1773 972; baseline 0.001 -20"><span class='ocrx_word' id='word_1_51' title='bbox 193 902 426 971; x_wconf 82' lang='grc' dir='ltr'><strong>μένησας</strong></span> <span class='ocrx_word' id='word_1_52' title='bbox 446 900 542 951; x_wconf 73' lang='grc' dir='ltr'><strong>καὶ</strong></span> <span class='ocrx_word' id='word_1_53' title='bbox 588 897 757 963; x_wconf 81' lang='grc' dir='ltr'><strong>ἀξίως</strong></span> <span class='ocrx_word' id='word_1_54' title='bbox 782 898 882 968; x_wconf 82' lang='grc' dir='ltr'><strong>τῆς</strong></span> <span class='ocrx_word' id='word_1_55' title='bbox 910 897 1105 952; x_wconf 80' lang='grc' dir='ltr'><strong>ἑαυτοῦ</strong></span> <span class='ocrx_word' id='word_1_56' title='bbox 1131 898 1417 967; x_wconf 86' lang='grc' dir='ltr'><strong>συνέσεως,</strong></span> <span class='ocrx_word' id='word_1_57' title='bbox 1438 900 1611 953; x_wconf 77' lang='grc' dir='ltr'><strong>εἰπεῖν</strong></span> <span class='ocrx_word' id='word_1_58' title='bbox 1644 901 1773 972; x_wconf 82' lang='grc' dir='ltr'><strong>περὶ</strong></span> 
     </span>
    </p>
   </div>
   <div class='ocr_carea' id='block_1_10' title="bbox 189 992 1773 1065">
    <p class='ocr_par' dir='ltr' id='par_1_10' title="bbox 189 992 1773 1065">
     <span class='ocr_line' id='line_1_10' title="bbox 189 992 1773 1065; baseline 0 -18"><span class='ocrx_word' id='word_1_59' title='bbox 189 994 383 1047; x_wconf 82' lang='grc' dir='ltr'><strong>τούτων</strong></span> <span class='ocrx_word' id='word_1_60' title='bbox 416 992 767 1065; x_wconf 78' lang='grc' dir='ltr'><strong>πλατύτερον</strong></span> <span class='ocrx_word' id='word_1_61' title='bbox 800 1009 815 1025; x_wconf 74' lang='grc'><strong><em>⁸</em></strong></span> <span class='ocrx_word' id='word_1_62' title='bbox 849 993 987 1047; x_wconf 82' lang='grc' dir='ltr'><strong>διότι</strong></span> <span class='ocrx_word' id='word_1_63' title='bbox 1035 993 1229 1048; x_wconf 71' lang='grc' dir='ltr'><strong>πολλαὶ</strong></span> <span class='ocrx_word' id='word_1_64' title='bbox 1257 994 1316 1047; x_wconf 81' lang='grc' dir='ltr'><strong>ὲν</strong></span> <span class='ocrx_word' id='word_1_65' title='bbox 1341 996 1453 1057; x_wconf 89' lang='grc' dir='ltr'><strong>τοῖς</strong></span> <span class='ocrx_word' id='word_1_66' title='bbox 1503 993 1773 1059; x_wconf 79' lang='grc' dir='ltr'><strong>ἑκουσίοις</strong></span> 
     </span>
    </p>
   </div>
   <div class='ocr_carea' id='block_1_11' title="bbox 190 1084 1773 1160">
    <p class='ocr_par' dir='ltr' id='par_1_11' title="bbox 190 1084 1773 1160">
     <span class='ocr_line' id='line_1_11' title="bbox 190 1084 1773 1160; baseline -0.001 -20"><span class='ocrx_word' id='word_1_67' title='bbox 190 1087 276 1140; x_wconf 77' lang='grc' dir='ltr'><strong>καὶ</strong></span> <span class='ocrx_word' id='word_1_68' title='bbox 302 1087 413 1148; x_wconf 88' lang='grc' dir='ltr'><strong>τοῖς</strong></span> <span class='ocrx_word' id='word_1_69' title='bbox 445 1086 731 1150; x_wconf 87' lang='grc' dir='ltr'><strong>ἀκουσίοις</strong></span> <span class='ocrx_word' id='word_1_70' title='bbox 766 1085 1019 1156; x_wconf 84' lang='grc' dir='ltr'><strong>διαφοραί</strong></span> <span class='ocrx_word' id='word_1_71' title='bbox 1039 1104 1054 1120; x_wconf 80' lang='grc' dir='ltr'><strong>ο</strong></span> <span class='ocrx_word' id='word_1_72' title='bbox 1086 1084 1345 1141; x_wconf 84' lang='grc' dir='ltr'><strong>ἀκούσιον</strong></span> <span class='ocrx_word' id='word_1_73' title='bbox 1391 1086 1492 1157; x_wconf 83' lang='grc' dir='ltr'><strong>μὲν</strong></span> <span class='ocrx_word' id='word_1_74' title='bbox 1524 1086 1633 1160; x_wconf 84' lang='grc' dir='ltr'><strong>γάρ</strong></span> <span class='ocrx_word' id='word_1_75' title='bbox 1656 1089 1773 1141; x_wconf 76' lang='grc' dir='ltr'><strong>ἐστι</strong></span> 
     </span>
    </p>
   </div>
   <div class='ocr_carea' id='block_1_12' title="bbox 194 1178 1772 1251">
    <p class='ocr_par' dir='ltr' id='par_1_12' title="bbox 194 1178 1772 1251">
     <span class='ocr_line' id='line_1_12' title="bbox 194 1178 1772 1251; baseline 0.001 -18"><span class='ocrx_word' id='word_1_76' title='bbox 194 1178 461 1243; x_wconf 82' lang='grc' dir='ltr'><strong>παντελῶς</strong></span> <span class='ocrx_word' id='word_1_77' title='bbox 494 1178 597 1233; x_wconf 81' lang='grc' dir='ltr'><strong>καὶ</strong></span> <span class='ocrx_word' id='word_1_78' title='bbox 638 1179 830 1251; x_wconf 76' lang='grc' dir='ltr'><strong>πόρρω</strong></span> <span class='ocrx_word' id='word_1_79' title='bbox 856 1179 953 1233; x_wconf 83' lang='grc' dir='ltr'><strong>τοῦ</strong></span> <span class='ocrx_word' id='word_1_80' title='bbox 984 1178 1378 1250; x_wconf 81' lang='grc' dir='ltr'><strong>κατάρξαντος,</strong></span> <span class='ocrx_word' id='word_1_81' title='bbox 1403 1179 1463 1233; x_wconf 87' lang='grc' dir='ltr'><strong>τὸ</strong></span> <span class='ocrx_word' id='word_1_82' title='bbox 1491 1180 1772 1235; x_wconf 86' lang='grc' dir='ltr'><strong>ἀκοντίσαι</strong></span> 
     </span>
    </p>
   </div>
   <div class='ocr_carea' id='block_1_13' title="bbox 191 1269 1770 1342">
    <p class='ocr_par' dir='ltr' id='par_1_13' title="bbox 191 1269 1770 1342">
     <span class='ocr_line' id='line_1_13' title="bbox 191 1269 1770 1342; baseline 0.003 -21"><span class='ocrx_word' id='word_1_83' title='bbox 191 1269 325 1323; x_wconf 89' lang='grc' dir='ltr'><strong>λίθον</strong></span> <span class='ocrx_word' id='word_1_84' title='bbox 375 1270 471 1322; x_wconf 80' lang='grc' dir='ltr'><strong>ἐπὶ</strong></span> <span class='ocrx_word' id='word_1_85' title='bbox 530 1270 742 1341; x_wconf 80' lang='grc' dir='ltr'><strong>κύναῆ</strong></span> <span class='ocrx_word' id='word_1_86' title='bbox 790 1269 1028 1340; x_wconf 80' lang='grc' dir='ltr'><strong>δένδρον,</strong></span> <span class='ocrx_word' id='word_1_87' title='bbox 1057 1272 1153 1324; x_wconf 66' lang='grc' dir='ltr'><strong>καὶ⁵</strong></span> <span class='ocrx_word' id='word_1_88' title='bbox 1208 1269 1495 1342; x_wconf 85' lang='grc' dir='ltr'><strong>ἀνθρώπου</strong></span> <span class='ocrx_word' id='word_1_89' title='bbox 1536 1273 1718 1342; x_wconf 87' lang='grc' dir='ltr'><strong>τυχεῖν</strong></span> <span class='ocrx_word' id='word_1_90' title='bbox 1752 1288 1770 1305; x_wconf 77' lang='grc' dir='ltr'><strong>ο</strong></span> 
     </span>
    </p>
   </div>
   <div class='ocr_carea' id='block_1_14' title="bbox 192 1358 1763 1436">
    <p class='ocr_par' dir='ltr' id='par_1_14' title="bbox 192 1358 1763 1436">
     <span class='ocr_line' id='line_1_14' title="bbox 192 1358 1763 1436; baseline 0.002 -21"><span class='ocrx_word' id='word_1_91' title='bbox 192 1364 221 1433; x_wconf 81' lang='grc' dir='ltr'>ἠ</span> <span class='ocrx_word' id='word_1_92' title='bbox 246 1362 339 1431; x_wconf 82' lang='grc' dir='ltr'><strong>μὲν</strong></span> <span class='ocrx_word' id='word_1_93' title='bbox 366 1363 476 1433; x_wconf 76' lang='grc' dir='ltr'><strong>γὰρ</strong></span> <span class='ocrx_word' id='word_1_94' title='bbox 504 1362 658 1434; x_wconf 79' lang='grc' dir='ltr'><strong>ὁρμὴ</strong></span> <span class='ocrx_word' id='word_1_95' title='bbox 693 1358 840 1434; x_wconf 80' lang='grc' dir='ltr'><strong>ἦντὸ</strong></span> <span class='ocrx_word' id='word_1_96' title='bbox 867 1362 1053 1434; x_wconf 88' lang='grc' dir='ltr'><strong>θηρίον</strong></span> <span class='ocrx_word' id='word_1_97' title='bbox 1080 1362 1412 1434; x_wconf 88' lang='grc' dir='ltr'><strong>ἀμύνασθαι,</strong></span> <span class='ocrx_word' id='word_1_98' title='bbox 1436 1363 1469 1434; x_wconf 80' lang='grc' dir='ltr'>ἢ</span> <span class='ocrx_word' id='word_1_99' title='bbox 1497 1365 1588 1417; x_wconf 83' lang='grc' dir='ltr'><strong>τὸν</strong></span> <span class='ocrx_word' id='word_1_100' title='bbox 1623 1382 1763 1436; x_wconf 89' lang='grc' dir='ltr'><strong>καρ-</strong></span> 
     </span>
    </p>
   </div>
   <div class='ocr_carea' id='block_1_15' title="bbox 192 1453 1769 1528">
    <p class='ocr_par' dir='ltr' id='par_1_15' title="bbox 192 1453 1769 1528">
     <span class='ocr_line' id='line_1_15' title="bbox 192 1453 1769 1528; baseline 0.004 -22"><span class='ocrx_word' id='word_1_101' title='bbox 192 1453 284 1507; x_wconf 80' lang='grc' dir='ltr'><strong>πὸν</strong></span> <span class='ocrx_word' id='word_1_102' title='bbox 340 1458 713 1508; x_wconf 84' lang='grc' dir='ltr'><strong>κατασείσαι’</strong></span> <span class='ocrx_word' id='word_1_103' title='bbox 763 1454 939 1526; x_wconf 77' lang='grc' dir='ltr'><strong>ὑπέϐη</strong></span> <span class='ocrx_word' id='word_1_104' title='bbox 995 1455 1051 1508; x_wconf 86' lang='grc' dir='ltr'><strong>δὲ</strong></span> <span class='ocrx_word' id='word_1_105' title='bbox 1100 1456 1423 1526; x_wconf 86' lang='grc' dir='ltr'><strong>αὐτομάτως</strong></span> <span class='ocrx_word' id='word_1_106' title='bbox 1466 1458 1533 1528; x_wconf 77' lang='grc' dir='ltr'><strong>τῇ</strong></span> <span class='ocrx_word' id='word_1_107' title='bbox 1588 1457 1769 1527; x_wconf 81' lang='grc' dir='ltr'><strong>πληγῇ</strong></span> 
     </span>
    </p>
   </div>
   <div class='ocr_carea' id='block_1_16' title="bbox 193 1545 1772 1618">
    <p class='ocr_par' dir='ltr' id='par_1_16' title="bbox 193 1545 1772 1618">
     <span class='ocr_line' id='line_1_16' title="bbox 193 1545 1772 1618; baseline 0.001 -19"><span class='ocrx_word' id='word_1_108' title='bbox 193 1545 322 1599; x_wconf 82' lang='grc' dir='ltr'><strong>κατά</strong></span> <span class='ocrx_word' id='word_1_109' title='bbox 380 1546 627 1614; x_wconf 87' lang='grc' dir='ltr'><strong>πάροδον</strong></span> <span class='ocrx_word' id='word_1_110' title='bbox 702 1547 730 1600; x_wconf 90' lang='lat'><strong>6</strong></span> <span class='ocrx_word' id='word_1_111' title='bbox 795 1546 1132 1618; x_wconf 81' lang='grc' dir='ltr'><strong>παραπεσὼν</strong></span> <span class='ocrx_word' id='word_1_112' title='bbox 1160 1564 1176 1579; x_wconf 78' lang='grc'><strong><em>⁸</em></strong></span> <span class='ocrx_word' id='word_1_113' title='bbox 1237 1547 1379 1601; x_wconf 84' lang='grc' dir='ltr'><strong>ὥστε</strong></span> <span class='ocrx_word' id='word_1_114' title='bbox 1431 1548 1493 1602; x_wconf 84' lang='grc' dir='ltr'><strong>τὸ</strong></span> <span class='ocrx_word' id='word_1_115' title='bbox 1532 1549 1772 1602; x_wconf 84' lang='grc' dir='ltr'><strong>τοιοῦτον</strong></span> 
     </span>
    </p>
   </div>
   <div class='ocr_carea' id='block_1_17' title="bbox 192 1637 1772 1713">
    <p class='ocr_par' dir='ltr' id='par_1_17' title="bbox 192 1637 1772 1713">
     <span class='ocr_line' id='line_1_17' title="bbox 192 1637 1772 1713; baseline 0.003 -23"><span class='ocrx_word' id='word_1_116' title='bbox 192 1637 432 1692; x_wconf 83' lang='grc' dir='ltr'><strong>ἀκούσιον</strong></span> <span class='ocrx_word' id='word_1_117' title='bbox 465 1654 482 1669; x_wconf 75' lang='grc' dir='ltr'><strong>ο</strong></span> <span class='ocrx_word' id='word_1_118' title='bbox 506 1638 774 1693; x_wconf 86' lang='grc' dir='ltr'><strong>ἀκούσιον</strong></span> <span class='ocrx_word' id='word_1_119' title='bbox 816 1640 1022 1710; x_wconf 88' lang='grc' dir='ltr'><strong>μέντοι,</strong></span> <span class='ocrx_word' id='word_1_120' title='bbox 1084 1639 1179 1694; x_wconf 79' lang='grc' dir='ltr'><strong>καὶ</strong></span> <span class='ocrx_word' id='word_1_121' title='bbox 1223 1641 1276 1695; x_wconf 83' lang='grc' dir='ltr'><strong>εί</strong></span> <span class='ocrx_word' id='word_1_122' title='bbox 1303 1658 1389 1706; x_wconf 90' lang='grc' dir='ltr'><strong>τις</strong></span> <span class='ocrx_word' id='word_1_123' title='bbox 1448 1640 1772 1713; x_wconf 84' lang='grc' dir='ltr'><strong>βουλόμενος</strong></span> 
     </span>
    </p>
   </div>
   <div class='ocr_carea' id='block_1_18' title="bbox 193 1730 1768 1807">
    <p class='ocr_par' dir='ltr' id='par_1_18' title="bbox 193 1730 1768 1807">
     <span class='ocr_line' id='line_1_18' title="bbox 193 1730 1768 1807; baseline 0.004 -23"><span class='ocrx_word' id='word_1_124' title='bbox 193 1730 501 1801; x_wconf 68' lang='grc' dir='ltr'><strong>ἐπιστρέψαι</strong></span> <span class='ocrx_word' id='word_1_125' title='bbox 528 1733 679 1796; x_wconf 72' lang='grc' dir='ltr'><strong>τινὰ,</strong></span> <span class='ocrx_word' id='word_1_126' title='bbox 696 1734 884 1803; x_wconf 82' lang='grc' dir='ltr'><strong>ίμάντι</strong></span> <span class='ocrx_word' id='word_1_127' title='bbox 908 1734 941 1805; x_wconf 70' lang='grc' dir='ltr'>ἢ</span> <span class='ocrx_word' id='word_1_128' title='bbox 970 1735 1149 1806; x_wconf 74' lang='grc' dir='ltr'><strong>ῥάϐδῳ</strong></span> <span class='ocrx_word' id='word_1_129' title='bbox 1181 1737 1254 1807; x_wconf 80' lang='grc' dir='ltr'><strong>μὴ</strong></span> <span class='ocrx_word' id='word_1_130' title='bbox 1277 1735 1529 1807; x_wconf 84' lang='grc' dir='ltr'><strong>σκληρῶς</strong></span> <span class='ocrx_word' id='word_1_131' title='bbox 1555 1733 1768 1803; x_wconf 82' lang='grc' dir='ltr'><strong>τύπτοι,</strong></span> 
     </span>
    </p>
   </div>
   <div class='ocr_carea' id='block_1_19' title="bbox 192 1822 1771 1901">
    <p class='ocr_par' dir='ltr' id='par_1_19' title="bbox 192 1822 1771 1901">
     <span class='ocr_line' id='line_1_19' title="bbox 192 1822 1771 1901; baseline 0.005 -26"><span class='ocrx_word' id='word_1_132' title='bbox 192 1822 437 1877; x_wconf 80' lang='grc' dir='ltr'><strong>ἀποθάνοι</strong></span> <span class='ocrx_word' id='word_1_133' title='bbox 481 1823 541 1876; x_wconf 78' lang='grc' dir='ltr'><strong>δὲ</strong></span> <span class='ocrx_word' id='word_1_134' title='bbox 603 1826 635 1879; x_wconf 94' lang='lat'><strong>6</strong></span> <span class='ocrx_word' id='word_1_135' title='bbox 685 1826 1025 1896; x_wconf 80' lang='grc' dir='ltr'><strong>τυπτόμενος</strong></span> <span class='ocrx_word' id='word_1_136' title='bbox 1066 1844 1080 1860; x_wconf 75' lang='grc' dir='ltr'><strong>ο</strong></span> <span class='ocrx_word' id='word_1_137' title='bbox 1136 1831 1168 1894; x_wconf 85' lang='grc' dir='ltr'>ἡ</span> <span class='ocrx_word' id='word_1_138' title='bbox 1209 1829 1322 1900; x_wconf 86' lang='grc' dir='ltr'><strong>γὰρ</strong></span> <span class='ocrx_word' id='word_1_139' title='bbox 1366 1829 1627 1901; x_wconf 83' lang='grc' dir='ltr'><strong>πρόθεσις</strong></span> <span class='ocrx_word' id='word_1_140' title='bbox 1685 1831 1771 1883; x_wconf 84' lang='grc' dir='ltr'><strong>ὲν-</strong></span> 
     </span>
    </p>
   </div>
   <div class='ocr_carea' id='block_1_20' title="bbox 1869 628 2545 699">
    <p class='ocr_par' dir='ltr' id='par_1_20' title="bbox 1869 628 2545 699">
     <span class='ocr_line' id='line_1_20' title="bbox 1869 628 2545 699; baseline 0.006 -16"><span class='ocrx_word' id='word_1_141' title='bbox 1869 628 1967 684; x_wconf 87' lang='lat' dir='ltr'><strong>sed</strong></span> <span class='ocrx_word' id='word_1_142' title='bbox 1995 631 2329 699; x_wconf 64' lang='lat' dir='ltr'><strong>poenitentiae</strong></span> <span class='ocrx_word' id='word_1_143' title='bbox 2358 631 2545 687; x_wconf 92' lang='lat' dir='ltr'><strong>modo.</strong></span> 
     </span>
    </p>
   </div>
   <div class='ocr_carea' id='block_1_21' title="bbox 1939 719 3441 787">
    <p class='ocr_par' dir='ltr' id='par_1_21' title="bbox 1939 719 3441 787">
     <span class='ocr_line' id='line_1_21' title="bbox 1939 719 3441 787; baseline 0.003 -13"><span class='ocrx_word' id='word_1_144' title='bbox 1939 719 1993 776; x_wconf 91' lang='lat'><strong>8.</strong></span> <span class='ocrx_word' id='word_1_145' title='bbox 2026 719 2127 787; x_wconf 86' lang='lat' dir='ltr'><strong>Qui</strong></span> <span class='ocrx_word' id='word_1_146' title='bbox 2160 722 2231 777; x_wconf 88' lang='lat' dir='ltr'><strong>ob</strong></span> <span class='ocrx_word' id='word_1_147' title='bbox 2278 721 2621 777; x_wconf 80' lang='lat' dir='ltr'><strong>iracundiam</strong></span> <span class='ocrx_word' id='word_1_148' title='bbox 2674 723 2856 779; x_wconf 90' lang='lat' dir='ltr'><strong>securi</strong></span> <span class='ocrx_word' id='word_1_149' title='bbox 2905 723 3171 782; x_wconf 86' lang='lat' dir='ltr'><strong>adversus</strong></span> <span class='ocrx_word' id='word_1_150' title='bbox 3214 739 3441 781; x_wconf 81' lang='lat' dir='ltr'><strong>uxorem</strong></span> 
     </span>
    </p>
   </div>
   <div class='ocr_carea' id='block_1_22' title="bbox 1871 813 3442 878">
    <p class='ocr_par' dir='ltr' id='par_1_22' title="bbox 1871 813 3442 878">
     <span class='ocr_line' id='line_1_22' title="bbox 1871 813 3442 878; baseline 0.004 -12"><span class='ocrx_word' id='word_1_151' title='bbox 1871 825 2027 866; x_wconf 88' lang='lat' dir='ltr'><strong>suam</strong></span> <span class='ocrx_word' id='word_1_152' title='bbox 2056 828 2187 868; x_wconf 89' lang='lat' dir='ltr'><strong>usus</strong></span> <span class='ocrx_word' id='word_1_153' title='bbox 2216 822 2321 878; x_wconf 91' lang='lat' dir='ltr'><strong>est,</strong></span> <span class='ocrx_word' id='word_1_154' title='bbox 2348 821 2432 867; x_wconf 89' lang='lat' dir='ltr'><strong>est</strong></span> <span class='ocrx_word' id='word_1_155' title='bbox 2464 813 2762 870; x_wconf 84' lang='lat' dir='ltr'><strong>homicida.</strong></span> <span class='ocrx_word' id='word_1_156' title='bbox 2800 814 2965 872; x_wconf 80' lang='lat' dir='ltr'><strong>Recte</strong></span> <span class='ocrx_word' id='word_1_157' title='bbox 3000 824 3184 872; x_wconf 92' lang='lat' dir='ltr'><strong>autem</strong></span> <span class='ocrx_word' id='word_1_158' title='bbox 3217 832 3303 872; x_wconf 90' lang='lat' dir='ltr'><strong>me</strong></span> <span class='ocrx_word' id='word_1_159' title='bbox 3343 820 3442 872; x_wconf 89' lang='lat' dir='ltr'><strong>ad-</strong></span> 
     </span>
    </p>
   </div>
   <div class='ocr_carea' id='block_1_23' title="bbox 1872 894 3444 978">
    <p class='ocr_par' dir='ltr' id='par_1_23' title="bbox 1872 894 3444 978">
     <span class='ocr_line' id='line_1_23' title="bbox 1872 894 3444 978; baseline 0.004 -20"><span class='ocrx_word' id='word_1_160' title='bbox 1872 904 2155 970; x_wconf 90' lang='lat' dir='ltr'><strong>monuisti,</strong></span> <span class='ocrx_word' id='word_1_161' title='bbox 2187 915 2243 959; x_wconf 92' lang='lat' dir='ltr'><strong>et</strong></span> <span class='ocrx_word' id='word_1_162' title='bbox 2278 905 2356 960; x_wconf 91' lang='lat' dir='ltr'><strong>uti</strong></span> <span class='ocrx_word' id='word_1_163' title='bbox 2408 913 2559 961; x_wconf 92' lang='lat' dir='ltr'><strong>tuam</strong></span> <span class='ocrx_word' id='word_1_164' title='bbox 2594 908 2919 978; x_wconf 85' lang='lat' dir='ltr'><strong>sapientiam</strong></span> <span class='ocrx_word' id='word_1_165' title='bbox 2955 894 3159 975; x_wconf 85' lang='lat' dir='ltr'><strong>decuit,</strong></span> <span class='ocrx_word' id='word_1_166' title='bbox 3186 910 3444 966; x_wconf 82' lang='lat' dir='ltr'><strong>utfusius</strong></span> 
     </span>
    </p>
   </div>
   <div class='ocr_carea' id='block_1_24' title="bbox 1871 994 3444 1068">
    <p class='ocr_par' dir='ltr' id='par_1_24' title="bbox 1871 994 3444 1068">
     <span class='ocr_line' id='line_1_24' title="bbox 1871 994 3444 1068; baseline 0.004 -20"><span class='ocrx_word' id='word_1_167' title='bbox 1871 994 1939 1048; x_wconf 88' lang='lat' dir='ltr'><strong>de</strong></span> <span class='ocrx_word' id='word_1_168' title='bbox 1970 994 2055 1049; x_wconf 87' lang='lat' dir='ltr'><strong>his</strong></span> <span class='ocrx_word' id='word_1_169' title='bbox 2079 995 2344 1062; x_wconf 85' lang='lat' dir='ltr'><strong>dicerem,</strong></span> <span class='ocrx_word' id='word_1_170' title='bbox 2375 1005 2666 1068; x_wconf 82' lang='lat' dir='ltr'><strong>propterea</strong></span> <span class='ocrx_word' id='word_1_171' title='bbox 2698 998 2844 1068; x_wconf 91' lang='lat' dir='ltr'><strong>quod</strong></span> <span class='ocrx_word' id='word_1_172' title='bbox 2888 999 3057 1054; x_wconf 89' lang='lat' dir='ltr'><strong>multa</strong></span> <span class='ocrx_word' id='word_1_173' title='bbox 3104 1001 3158 1054; x_wconf 89' lang='lat' dir='ltr'><strong>in</strong></span> <span class='ocrx_word' id='word_1_174' title='bbox 3188 1001 3444 1054; x_wconf 83' lang='lat' dir='ltr'><strong>volunta-</strong></span> 
     </span>
    </p>
   </div>
   <div class='ocr_carea' id='block_1_25' title="bbox 1872 1085 3448 1149">
    <p class='ocr_par' dir='ltr' id='par_1_25' title="bbox 1872 1085 3448 1149">
     <span class='ocr_line' id='line_1_25' title="bbox 1872 1085 3448 1149; baseline 0.005 -10"><span class='ocrx_word' id='word_1_175' title='bbox 1872 1086 1971 1140; x_wconf 84' lang='lat' dir='ltr'><strong>riis</strong></span> <span class='ocrx_word' id='word_1_176' title='bbox 1999 1097 2052 1140; x_wconf 93' lang='lat' dir='ltr'><strong>et</strong></span> <span class='ocrx_word' id='word_1_177' title='bbox 2077 1085 2458 1144; x_wconf 89' lang='lat' dir='ltr'><strong>iuvoluntariis</strong></span> <span class='ocrx_word' id='word_1_178' title='bbox 2511 1088 2853 1146; x_wconf 85' lang='lat' dir='ltr'><strong>discrimina.</strong></span> <span class='ocrx_word' id='word_1_179' title='bbox 2890 1090 2981 1147; x_wconf 88' lang='lat' dir='ltr'><strong>Est</strong></span> <span class='ocrx_word' id='word_1_180' title='bbox 3019 1094 3164 1147; x_wconf 89' lang='lat' dir='ltr'><strong>enim</strong></span> <span class='ocrx_word' id='word_1_181' title='bbox 3197 1093 3448 1149; x_wconf 85' lang='lat' dir='ltr'><strong>involuu-</strong></span> 
     </span>
    </p>
   </div>
   <div class='ocr_carea' id='block_1_26' title="bbox 1873 1177 3441 1255">
    <p class='ocr_par' dir='ltr' id='par_1_26' title="bbox 1873 1177 3441 1255">
     <span class='ocr_line' id='line_1_26' title="bbox 1873 1177 3441 1255; baseline 0.004 -23"><span class='ocrx_word' id='word_1_182' title='bbox 1873 1177 2071 1232; x_wconf 88' lang='lat' dir='ltr'><strong>tarium</strong></span> <span class='ocrx_word' id='word_1_183' title='bbox 2099 1177 2346 1245; x_wconf 88' lang='lat' dir='ltr'><strong>omnino,</strong></span> <span class='ocrx_word' id='word_1_184' title='bbox 2375 1188 2430 1234; x_wconf 91' lang='lat' dir='ltr'><strong>et</strong></span> <span class='ocrx_word' id='word_1_185' title='bbox 2452 1180 2611 1251; x_wconf 77' lang='lat' dir='ltr'><strong>longe</strong></span> <span class='ocrx_word' id='word_1_186' title='bbox 2635 1197 2665 1236; x_wconf 92' lang='lat' dir='ltr'><strong>a</strong></span> <span class='ocrx_word' id='word_1_187' title='bbox 2690 1183 2921 1238; x_wconf 84' lang='lat' dir='ltr'><strong>consilio</strong></span> <span class='ocrx_word' id='word_1_188' title='bbox 2949 1185 3074 1253; x_wconf 86' lang='lat' dir='ltr'><strong>ejus</strong></span> <span class='ocrx_word' id='word_1_189' title='bbox 3103 1186 3193 1255; x_wconf 87' lang='lat' dir='ltr'><strong>qui</strong></span> <span class='ocrx_word' id='word_1_190' title='bbox 3219 1186 3441 1255; x_wconf 80' lang='lat' dir='ltr'><strong>incepit,</strong></span> 
     </span>
    </p>
   </div>
   <div class='ocr_carea' id='block_1_27' title="bbox 1872 1270 3443 1343">
    <p class='ocr_par' dir='ltr' id='par_1_27' title="bbox 1872 1270 3443 1343">
     <span class='ocr_line' id='line_1_27' title="bbox 1872 1270 3443 1343; baseline 0.004 -19"><span class='ocrx_word' id='word_1_191' title='bbox 1872 1279 2168 1332; x_wconf 90' lang='lat' dir='ltr'><strong>remotum,</strong></span> <span class='ocrx_word' id='word_1_192' title='bbox 2197 1270 2327 1325; x_wconf 90' lang='lat' dir='ltr'><strong>dum</strong></span> <span class='ocrx_word' id='word_1_193' title='bbox 2357 1271 2493 1341; x_wconf 89' lang='lat' dir='ltr'><strong>lapis</strong></span> <span class='ocrx_word' id='word_1_194' title='bbox 2518 1273 2724 1342; x_wconf 87' lang='lat' dir='ltr'><strong>jacitur</strong></span> <span class='ocrx_word' id='word_1_195' title='bbox 2749 1274 2802 1328; x_wconf 94' lang='lat' dir='ltr'><strong>in</strong></span> <span class='ocrx_word' id='word_1_196' title='bbox 2827 1290 3018 1330; x_wconf 90' lang='lat' dir='ltr'><strong>canem</strong></span> <span class='ocrx_word' id='word_1_197' title='bbox 3051 1285 3145 1330; x_wconf 86' lang='lat' dir='ltr'><strong>aut</strong></span> <span class='ocrx_word' id='word_1_198' title='bbox 3174 1278 3443 1343; x_wconf 80' lang='lat' dir='ltr'><strong>arborem,</strong></span> 
     </span>
    </p>
   </div>
   <div class='ocr_carea' id='block_1_28' title="bbox 1871 1361 3443 1435">
    <p class='ocr_par' dir='ltr' id='par_1_28' title="bbox 1871 1361 3443 1435">
     <span class='ocr_line' id='line_1_28' title="bbox 1871 1361 3443 1435; baseline 0.003 -20"><span class='ocrx_word' id='word_1_199' title='bbox 1871 1361 2149 1416; x_wconf 88' lang='lat' dir='ltr'><strong>hominem</strong></span> <span class='ocrx_word' id='word_1_200' title='bbox 2184 1362 2473 1433; x_wconf 82' lang='lat' dir='ltr'><strong>attingere.</strong></span> <span class='ocrx_word' id='word_1_201' title='bbox 2518 1363 2867 1435; x_wconf 89' lang='lat' dir='ltr'><strong>Propositum</strong></span> <span class='ocrx_word' id='word_1_202' title='bbox 2903 1370 3050 1422; x_wconf 91' lang='lat' dir='ltr'><strong>enim</strong></span> <span class='ocrx_word' id='word_1_203' title='bbox 3087 1367 3188 1423; x_wconf 78' lang='lat' dir='ltr'><strong>l‘uit</strong></span> <span class='ocrx_word' id='word_1_204' title='bbox 3218 1369 3443 1423; x_wconf 87' lang='lat' dir='ltr'><strong>bestiam</strong></span> 
     </span>
    </p>
   </div>
   <div class='ocr_carea' id='block_1_29' title="bbox 1870 1451 3450 1521">
    <p class='ocr_par' dir='ltr' id='par_1_29' title="bbox 1870 1451 3450 1521">
     <span class='ocr_line' id='line_1_29' title="bbox 1870 1451 3450 1521; baseline 0.005 -17"><span class='ocrx_word' id='word_1_205' title='bbox 1870 1451 2192 1521; x_wconf 86' lang='lat' dir='ltr'><strong>propulsare</strong></span> <span class='ocrx_word' id='word_1_206' title='bbox 2228 1462 2323 1508; x_wconf 89' lang='lat' dir='ltr'><strong>aut</strong></span> <span class='ocrx_word' id='word_1_207' title='bbox 2365 1452 2603 1509; x_wconf 77' lang='lat' dir='ltr'><strong>fructum</strong></span> <span class='ocrx_word' id='word_1_208' title='bbox 2643 1467 2936 1513; x_wconf 82' lang='lat' dir='ltr'><strong>excutere:</strong></span> <span class='ocrx_word' id='word_1_209' title='bbox 2985 1460 3078 1513; x_wconf 91' lang='lat' dir='ltr'><strong>sed</strong></span> <span class='ocrx_word' id='word_1_210' title='bbox 3122 1460 3288 1513; x_wconf 91' lang='lat' dir='ltr'><strong>ictum</strong></span> <span class='ocrx_word' id='word_1_211' title='bbox 3336 1458 3450 1512; x_wconf 82' lang='lat' dir='ltr'><strong>for-</strong></span> 
     </span>
    </p>
   </div>
   <div class='ocr_carea' id='block_1_30' title="bbox 1872 1543 3449 1620">
    <p class='ocr_par' dir='ltr' id='par_1_30' title="bbox 1872 1543 3449 1620">
     <span class='ocr_line' id='line_1_30' title="bbox 1872 1543 3449 1620; baseline 0.005 -23"><span class='ocrx_word' id='word_1_212' title='bbox 1872 1544 2010 1598; x_wconf 92' lang='lat' dir='ltr'><strong>tuito</strong></span> <span class='ocrx_word' id='word_1_213' title='bbox 2056 1543 2226 1599; x_wconf 89' lang='lat' dir='ltr'><strong>subiit</strong></span> <span class='ocrx_word' id='word_1_214' title='bbox 2269 1545 2363 1615; x_wconf 89' lang='lat' dir='ltr'><strong>qui</strong></span> <span class='ocrx_word' id='word_1_215' title='bbox 2396 1546 2672 1603; x_wconf 88' lang='lat' dir='ltr'><strong>transiens</strong></span> <span class='ocrx_word' id='word_1_216' title='bbox 2722 1550 2984 1616; x_wconf 86' lang='lat' dir='ltr'><strong>occurrit,</strong></span> <span class='ocrx_word' id='word_1_217' title='bbox 3016 1565 3187 1620; x_wconf 88' lang='lat' dir='ltr'><strong>quare</strong></span> <span class='ocrx_word' id='word_1_218' title='bbox 3227 1552 3329 1606; x_wconf 88' lang='lat' dir='ltr'><strong>hoc</strong></span> <span class='ocrx_word' id='word_1_219' title='bbox 3364 1552 3449 1605; x_wconf 88' lang='lat' dir='ltr'><strong>in-</strong></span> 
     </span>
    </p>
   </div>
   <div class='ocr_carea' id='block_1_31' title="bbox 1870 1636 3447 1712">
    <p class='ocr_par' dir='ltr' id='par_1_31' title="bbox 1870 1636 3447 1712">
     <span class='ocr_line' id='line_1_31' title="bbox 1870 1636 3447 1712; baseline 0.004 -21"><span class='ocrx_word' id='word_1_220' title='bbox 1870 1636 2241 1691; x_wconf 79' lang='lat' dir='ltr'><strong>voluntarium</strong></span> <span class='ocrx_word' id='word_1_221' title='bbox 2296 1645 2399 1692; x_wconf 90' lang='lat' dir='ltr'><strong>est.</strong></span> <span class='ocrx_word' id='word_1_222' title='bbox 2437 1637 2503 1693; x_wconf 89' lang='lat' dir='ltr'><strong>Et</strong></span> <span class='ocrx_word' id='word_1_223' title='bbox 2551 1638 2691 1695; x_wconf 87' lang='lat' dir='ltr'><strong>illud</strong></span> <span class='ocrx_word' id='word_1_224' title='bbox 2741 1657 2962 1712; x_wconf 91' lang='lat' dir='ltr'><strong>quoque</strong></span> <span class='ocrx_word' id='word_1_225' title='bbox 3015 1642 3447 1698; x_wconf 89' lang='lat' dir='ltr'><strong>involuntarinm</strong></span> 
     </span>
    </p>
   </div>
   <div class='ocr_carea' id='block_1_32' title="bbox 1870 1728 3448 1806">
    <p class='ocr_par' dir='ltr' id='par_1_32' title="bbox 1870 1728 3448 1806">
     <span class='ocr_line' id='line_1_32' title="bbox 1870 1728 3448 1806; baseline 0.006 -22"><span class='ocrx_word' id='word_1_226' title='bbox 1870 1738 1974 1796; x_wconf 91' lang='lat' dir='ltr'><strong>est,</strong></span> <span class='ocrx_word' id='word_1_227' title='bbox 2002 1729 2046 1785; x_wconf 88' lang='lat' dir='ltr'><strong>si</strong></span> <span class='ocrx_word' id='word_1_228' title='bbox 2070 1730 2196 1799; x_wconf 90' lang='lat' dir='ltr'><strong>quis</strong></span> <span class='ocrx_word' id='word_1_229' title='bbox 2222 1728 2411 1786; x_wconf 92' lang='lat' dir='ltr'><strong>volens</strong></span> <span class='ocrx_word' id='word_1_230' title='bbox 2438 1730 2674 1803; x_wconf 88' lang='lat' dir='ltr'><strong>aliquem</strong></span> <span class='ocrx_word' id='word_1_231' title='bbox 2705 1736 2996 1805; x_wconf 78' lang='lat' dir='ltr'><strong>castigare,</strong></span> <span class='ocrx_word' id='word_1_232' title='bbox 3034 1737 3152 1791; x_wconf 90' lang='lat' dir='ltr'><strong>loro</strong></span> <span class='ocrx_word' id='word_1_233' title='bbox 3181 1738 3263 1792; x_wconf 85' lang='lat' dir='ltr'><strong>vel</strong></span> <span class='ocrx_word' id='word_1_234' title='bbox 3296 1739 3448 1806; x_wconf 82' lang='lat' dir='ltr'><strong>virga</strong></span> 
     </span>
    </p>
   </div>
   <div class='ocr_carea' id='block_1_33' title="bbox 1872 1821 3447 1900">
    <p class='ocr_par' dir='ltr' id='par_1_33' title="bbox 1872 1821 3447 1900">
     <span class='ocr_line' id='line_1_33' title="bbox 1872 1821 3447 1900; baseline 0.008 -26"><span class='ocrx_word' id='word_1_235' title='bbox 1872 1835 1980 1875; x_wconf 88' lang='lat' dir='ltr'><strong>non</strong></span> <span class='ocrx_word' id='word_1_236' title='bbox 2014 1821 2147 1875; x_wconf 92' lang='lat' dir='ltr'><strong>dura</strong></span> <span class='ocrx_word' id='word_1_237' title='bbox 2196 1837 2323 1877; x_wconf 90' lang='lat' dir='ltr'><strong>eum</strong></span> <span class='ocrx_word' id='word_1_238' title='bbox 2359 1824 2652 1891; x_wconf 86' lang='lat' dir='ltr'><strong>percutiat,</strong></span> <span class='ocrx_word' id='word_1_239' title='bbox 2685 1828 2954 1882; x_wconf 91' lang='lat' dir='ltr'><strong>moriatur</strong></span> <span class='ocrx_word' id='word_1_240' title='bbox 2987 1839 3169 1884; x_wconf 88' lang='lat' dir='ltr'><strong>autem</strong></span> <span class='ocrx_word' id='word_1_241' title='bbox 3202 1831 3291 1898; x_wconf 88' lang='lat' dir='ltr'><strong>qui</strong></span> <span class='ocrx_word' id='word_1_242' title='bbox 3322 1846 3447 1900; x_wconf 87' lang='lat' dir='ltr'><strong>per-</strong></span> 
     </span>
    </p>
   </div>
   <div class='ocr_carea' id='block_1_34' title="bbox 192 1888 1772 1995">
    <p class='ocr_par' dir='ltr' id='par_1_34' title="bbox 192 1888 1763 1995">
     <span class='ocr_line' id='line_1_34' title="bbox 192 1888 1763 1995; baseline 0.006 -28"><span class='ocrx_word' id='word_1_243' title='bbox 192 1914 348 1968; x_wconf 81' lang='grc' dir='ltr'><strong>ταῦθα</strong></span> <span class='ocrx_word' id='word_1_244' title='bbox 377 1917 694 1983; x_wconf 87' lang='grc' dir='ltr'><strong>σκοπεῖται,</strong></span> <span class='ocrx_word' id='word_1_245' title='bbox 718 1919 799 1972; x_wconf 85' lang='grc' dir='ltr'><strong>ὄτι</strong></span> <span class='ocrx_word' id='word_1_246' title='bbox 830 1888 1123 1989; x_wconf 79' lang='grc' dir='ltr'><strong>βελτιῶσαι</strong></span> <span class='ocrx_word' id='word_1_247' title='bbox 1155 1888 1423 1990; x_wconf 44' lang='grc' dir='ltr'><strong>ηδὀύλετο</strong></span> <span class='ocrx_word' id='word_1_248' title='bbox 1442 1922 1535 1976; x_wconf 85' lang='grc' dir='ltr'><strong>τὸν</strong></span> <span class='ocrx_word' id='word_1_249' title='bbox 1583 1888 1763 1995; x_wconf 73' lang='grc' dir='ltr'><strong>ἀμαρ-</strong></span> 
     </span>
    </p>
   </div>
   <div class='ocr_carea' id='block_1_35' title="bbox 1880 1888 3449 1995">
    <p class='ocr_par' dir='ltr' id='par_1_35' title="bbox 1880 1911 3449 1986">
     <span class='ocr_line' id='line_1_35' title="bbox 1880 1911 3449 1986; baseline 0.006 -20"><span class='ocrx_word' id='word_1_250' title='bbox 1880 1925 2071 1966; x_wconf 86' lang='lat' dir='ltr'><strong>eussus</strong></span> <span class='ocrx_word' id='word_1_251' title='bbox 2095 1920 2202 1970; x_wconf 92' lang='lat' dir='ltr'><strong>est.</strong></span> <span class='ocrx_word' id='word_1_252' title='bbox 2232 1911 2392 1985; x_wconf 63' lang='lat'><strong>431</strong></span> <span class='ocrx_word' id='word_1_253' title='bbox 2445 1914 2789 1986; x_wconf 79' lang='lat' dir='ltr'><strong>Propositum</strong></span> <span class='ocrx_word' id='word_1_254' title='bbox 2818 1918 2960 1973; x_wconf 89' lang='lat' dir='ltr'><strong>enim</strong></span> <span class='ocrx_word' id='word_1_255' title='bbox 2999 1921 3087 1976; x_wconf 88' lang='lat' dir='ltr'><strong>hic</strong></span> <span class='ocrx_word' id='word_1_256' title='bbox 3135 1923 3449 1976; x_wconf 87' lang='lat' dir='ltr'><strong>considera-</strong></span> 
     </span>
    </p>
   </div>
   <div class='ocr_carea' id='block_1_36' title="bbox 190 2006 1763 2078">
    <p class='ocr_par' dir='ltr' id='par_1_36' title="bbox 190 2006 1763 2078">
     <span class='ocr_line' id='line_1_36' title="bbox 190 2006 1763 2078; baseline 0.007 -19"><span class='ocrx_word' id='word_1_257' title='bbox 190 2006 423 2073; x_wconf 82' lang='grc' dir='ltr'><strong>τάνοντα,</strong></span> <span class='ocrx_word' id='word_1_258' title='bbox 467 2008 574 2062; x_wconf 84' lang='grc' dir='ltr'><strong>οὐκ</strong></span> <span class='ocrx_word' id='word_1_259' title='bbox 622 2010 865 2064; x_wconf 59' lang='grc' dir='ltr'><strong>ἀνελεῖν</strong></span> <span class='ocrx_word' id='word_1_260' title='bbox 898 2015 957 2067; x_wconf 83' lang='grc' dir='ltr'><strong>ὲν</strong></span> <span class='ocrx_word' id='word_1_261' title='bbox 1002 2014 1116 2076; x_wconf 87' lang='grc' dir='ltr'><strong>τοῖς</strong></span> <span class='ocrx_word' id='word_1_262' title='bbox 1162 2013 1438 2078; x_wconf 84' lang='grc' dir='ltr'><strong>ἀκουσίοις</strong></span> <span class='ocrx_word' id='word_1_263' title='bbox 1492 2015 1612 2069; x_wconf 77' lang='grc' dir='ltr'><strong>ἐστὶ</strong></span> <span class='ocrx_word' id='word_1_264' title='bbox 1657 2016 1763 2070; x_wconf 85' lang='grc' dir='ltr'><strong>κά-</strong></span> 
     </span>
    </p>
   </div>
   <div class='ocr_carea' id='block_1_37' title="bbox 192 2100 1763 2179">
    <p class='ocr_par' dir='ltr' id='par_1_37' title="bbox 192 2100 1763 2179">
     <span class='ocr_line' id='line_1_37' title="bbox 192 2100 1763 2179; baseline 0.006 -28"><span class='ocrx_word' id='word_1_265' title='bbox 192 2102 344 2164; x_wconf 86' lang='grc' dir='ltr'><strong>κεῖνο,</strong></span> <span class='ocrx_word' id='word_1_266' title='bbox 380 2100 442 2154; x_wconf 82' lang='grc' dir='ltr'><strong>τὸ</strong></span> <span class='ocrx_word' id='word_1_267' title='bbox 490 2101 845 2175; x_wconf 84' lang='grc' dir='ltr'><strong>ἀμυνόμενόν</strong></span> <span class='ocrx_word' id='word_1_268' title='bbox 890 2121 1017 2159; x_wconf 89' lang='grc' dir='ltr'><strong>τινα</strong></span> <span class='ocrx_word' id='word_1_269' title='bbox 1047 2106 1105 2159; x_wconf 81' lang='grc' dir='ltr'><strong>ὲν</strong></span> <span class='ocrx_word' id='word_1_270' title='bbox 1134 2106 1300 2179; x_wconf 77' lang='grc' dir='ltr'><strong>μάχῃ,</strong></span> <span class='ocrx_word' id='word_1_271' title='bbox 1341 2106 1561 2179; x_wconf 82' lang='grc' dir='ltr'><strong>ξύλῳ,ἢ</strong></span> <span class='ocrx_word' id='word_1_272' title='bbox 1596 2108 1763 2178; x_wconf 72' lang='grc' dir='ltr'><strong>χειρὶ,</strong></span> 
     </span>
    </p>
   </div>
   <div class='ocr_carea' id='block_1_38' title="bbox 191 2191 1762 2271">
    <p class='ocr_par' dir='ltr' id='par_1_38' title="bbox 191 2191 1762 2271">
     <span class='ocr_line' id='line_1_38' title="bbox 191 2191 1762 2271; baseline 0.008 -27"><span class='ocrx_word' id='word_1_273' title='bbox 191 2191 411 2262; x_wconf 82' lang='grc' dir='ltr'><strong>ἀφειδῶς</strong></span> <span class='ocrx_word' id='word_1_274' title='bbox 443 2197 540 2249; x_wconf 76' lang='grc' dir='ltr'><strong>ἐπὶ</strong></span> <span class='ocrx_word' id='word_1_275' title='bbox 572 2197 647 2252; x_wconf 78' lang='grc' dir='ltr'><strong>τὰ</strong></span> <span class='ocrx_word' id='word_1_276' title='bbox 688 2197 881 2271; x_wconf 89' lang='grc' dir='ltr'><strong>καίρια</strong></span> <span class='ocrx_word' id='word_1_277' title='bbox 915 2198 1017 2271; x_wconf 83' lang='grc' dir='ltr'><strong>τὴν</strong></span> <span class='ocrx_word' id='word_1_278' title='bbox 1066 2200 1282 2271; x_wconf 85' lang='grc' dir='ltr'><strong>πληγὴν</strong></span> <span class='ocrx_word' id='word_1_279' title='bbox 1329 2204 1575 2270; x_wconf 80' lang='grc' dir='ltr'><strong>ἐνεγκεῖν</strong></span> <span class='ocrx_word' id='word_1_280' title='bbox 1616 2202 1762 2257; x_wconf 81' lang='grc' dir='ltr'><strong>ὥστε</strong></span> 
     </span>
    </p>
   </div>
   <div class='ocr_carea' id='block_1_39' title="bbox 192 2287 1763 2364">
    <p class='ocr_par' dir='ltr' id='par_1_39' title="bbox 192 2287 1763 2364">
     <span class='ocr_line' id='line_1_39' title="bbox 192 2287 1763 2364; baseline 0.009 -25"><span class='ocrx_word' id='word_1_281' title='bbox 192 2287 425 2342; x_wconf 88' lang='grc' dir='ltr'><strong>κακῶσαι</strong></span> <span class='ocrx_word' id='word_1_282' title='bbox 457 2291 653 2358; x_wconf 81' lang='grc' dir='ltr'><strong>αὑτὸν,</strong></span> <span class='ocrx_word' id='word_1_283' title='bbox 693 2293 791 2364; x_wconf 78' lang='grc' dir='ltr'><strong>οὐχ</strong></span> <span class='ocrx_word' id='word_1_284' title='bbox 830 2291 972 2347; x_wconf 83' lang='grc' dir='ltr'><strong>ὥστε</strong></span> <span class='ocrx_word' id='word_1_285' title='bbox 1017 2295 1300 2360; x_wconf 83' lang='grc' dir='ltr'><strong>παντελῶς</strong></span> <span class='ocrx_word' id='word_1_286' title='bbox 1352 2296 1598 2350; x_wconf 81' lang='grc' dir='ltr'><strong>ἀνελεῖν·</strong></span> <span class='ocrx_word' id='word_1_287' title='bbox 1626 2297 1763 2353; x_wconf 83' lang='grc' dir='ltr'><strong>ἀλλὰ</strong></span> 
     </span>
    </p>
   </div>
   <div class='ocr_carea' id='block_1_40' title="bbox 192 2380 1764 2460">
    <p class='ocr_par' dir='ltr' id='par_1_40' title="bbox 192 2380 1764 2460">
     <span class='ocr_line' id='line_1_40' title="bbox 192 2380 1764 2460; baseline 0.006 -27"><span class='ocrx_word' id='word_1_288' title='bbox 192 2380 333 2434; x_wconf 79' lang='grc' dir='ltr'><strong>τοῦτο</strong></span> <span class='ocrx_word' id='word_1_289' title='bbox 356 2381 456 2454; x_wconf 68' lang='grc' dir='ltr'><strong>ἢδη</strong></span> <span class='ocrx_word' id='word_1_290' title='bbox 491 2385 855 2455; x_wconf 77' lang='grc' dir='ltr'><strong>προσεγγίζει</strong></span> <span class='ocrx_word' id='word_1_291' title='bbox 906 2384 986 2456; x_wconf 83' lang='grc' dir='ltr'><strong>τῷ</strong></span> <span class='ocrx_word' id='word_1_292' title='bbox 1020 2387 1252 2458; x_wconf 78' lang='grc' dir='ltr'><strong>ἑκουσίῳ</strong></span> <span class='ocrx_word' id='word_1_293' title='bbox 1279 2403 1293 2418; x_wconf 82' lang='grc'>⁶</span> <span class='ocrx_word' id='word_1_294' title='bbox 1328 2390 1356 2441; x_wconf 91' lang='lat'><strong>6</strong></span> <span class='ocrx_word' id='word_1_295' title='bbox 1386 2390 1495 2459; x_wconf 76' lang='grc' dir='ltr'><strong>γὰρ</strong></span> <span class='ocrx_word' id='word_1_296' title='bbox 1523 2390 1764 2460; x_wconf 88' lang='grc' dir='ltr'><strong>τοσούτῳ</strong></span> 
     </span>
    </p>
   </div>
   <div class='ocr_carea' id='block_1_41' title="bbox 194 2472 1755 2551">
    <p class='ocr_par' dir='ltr' id='par_1_41' title="bbox 194 2472 1755 2551">
     <span class='ocr_line' id='line_1_41' title="bbox 194 2472 1755 2551; baseline -0.004 -10"><span class='ocrx_word' id='word_1_297' title='bbox 194 2472 520 2543; x_wconf 79' lang='grc' dir='ltr'><strong>χρησάμενος</strong></span> <span class='ocrx_word' id='word_1_298' title='bbox 542 2477 766 2546; x_wconf 80' lang='grc' dir='ltr'><strong>ὀργάνῳ</strong></span> <span class='ocrx_word' id='word_1_299' title='bbox 796 2477 933 2548; x_wconf 82' lang='grc' dir='ltr'><strong>πρὸς</strong></span> <span class='ocrx_word' id='word_1_300' title='bbox 964 2478 1198 2549; x_wconf 79' lang='grc' dir='ltr'><strong>ἄμυναν,</strong></span> <span class='ocrx_word' id='word_1_301' title='bbox 1227 2480 1259 2550; x_wconf 82' lang='grc' dir='ltr'>ἢ</span> <span class='ocrx_word' id='word_1_302' title='bbox 1289 2480 1318 2532; x_wconf 88' lang='lat'><strong>6</strong></span> <span class='ocrx_word' id='word_1_303' title='bbox 1348 2481 1422 2551; x_wconf 79' lang='grc' dir='ltr'><strong>μὴ</strong></span> <span class='ocrx_word' id='word_1_304' title='bbox 1450 2480 1755 2551; x_wconf 82' lang='grc' dir='ltr'><strong>πεφεισμέ-</strong></span> 
     </span>
    </p>
   </div>
   <div class='ocr_carea' id='block_1_42' title="bbox 196 2566 1766 2643">
    <p class='ocr_par' dir='ltr' id='par_1_42' title="bbox 196 2566 1766 2643">
     <span class='ocr_line' id='line_1_42' title="bbox 196 2566 1766 2643; baseline 0.006 -28"><span class='ocrx_word' id='word_1_305' title='bbox 196 2580 289 2626; x_wconf 84' lang='grc' dir='ltr'><strong>νως</strong></span> <span class='ocrx_word' id='word_1_306' title='bbox 307 2566 401 2637; x_wconf 80' lang='grc' dir='ltr'><strong>τὴν</strong></span> <span class='ocrx_word' id='word_1_307' title='bbox 418 2567 643 2639; x_wconf 83' lang='grc' dir='ltr'><strong>πληγὴν</strong></span> <span class='ocrx_word' id='word_1_308' title='bbox 677 2567 994 2639; x_wconf 75' lang='grc' dir='ltr'><strong>ἐπαγαγὼν,</strong></span> <span class='ocrx_word' id='word_1_309' title='bbox 1022 2570 1183 2642; x_wconf 83' lang='grc' dir='ltr'><strong>δῆλός</strong></span> <span class='ocrx_word' id='word_1_310' title='bbox 1216 2573 1332 2625; x_wconf 74' lang='grc' dir='ltr'><strong>ἐστι</strong></span> <span class='ocrx_word' id='word_1_311' title='bbox 1364 2571 1451 2625; x_wconf 78' lang='grc' dir='ltr'><strong>διὰ</strong></span> <span class='ocrx_word' id='word_1_312' title='bbox 1477 2572 1538 2625; x_wconf 78' lang='grc' dir='ltr'><strong>τὸ</strong></span> <span class='ocrx_word' id='word_1_313' title='bbox 1560 2588 1766 2643; x_wconf 82' lang='grc' dir='ltr'><strong>κεκρα-</strong></span> 
     </span>
    </p>
   </div>
   <div class='ocr_carea' id='block_1_43' title="bbox 194 2653 1762 2730">
    <p class='ocr_par' dir='ltr' id='par_1_43' title="bbox 194 2653 1762 2730">
     <span class='ocr_line' id='line_1_43' title="bbox 194 2653 1762 2730; baseline 0.004 -25"><span class='ocrx_word' id='word_1_314' title='bbox 194 2653 375 2724; x_wconf 83' lang='grc' dir='ltr'><strong>τῆσθαι</strong></span> <span class='ocrx_word' id='word_1_315' title='bbox 426 2657 535 2710; x_wconf 80' lang='grc' dir='ltr'><strong>ὑπὸ</strong></span> <span class='ocrx_word' id='word_1_316' title='bbox 578 2657 680 2711; x_wconf 82' lang='grc' dir='ltr'><strong>τοῦ</strong></span> <span class='ocrx_word' id='word_1_317' title='bbox 732 2658 941 2723; x_wconf 81' lang='grc' dir='ltr'><strong>πάθους</strong></span> <span class='ocrx_word' id='word_1_318' title='bbox 990 2659 1225 2730; x_wconf 83' lang='grc' dir='ltr'><strong>ἀφειδῶς</strong></span> <span class='ocrx_word' id='word_1_319' title='bbox 1280 2660 1374 2713; x_wconf 79' lang='grc' dir='ltr'><strong>τού</strong></span> <span class='ocrx_word' id='word_1_320' title='bbox 1419 2660 1710 2730; x_wconf 83' lang='grc' dir='ltr'><strong>ἀνθρώπου</strong></span> <span class='ocrx_word' id='word_1_321' title='bbox 1748 2676 1762 2693; x_wconf 79' lang='grc' dir='ltr'><strong>ο</strong></span> 
     </span>
    </p>
   </div>
   <div class='ocr_carea' id='block_1_44' title="bbox 196 2744 1767 2822">
    <p class='ocr_par' dir='ltr' id='par_1_44' title="bbox 196 2744 1767 2822">
     <span class='ocr_line' id='line_1_44' title="bbox 196 2744 1767 2822; baseline 0.004 -25"><span class='ocrx_word' id='word_1_322' title='bbox 196 2744 378 2813; x_wconf 81' lang='grc' dir='ltr'><strong>ὁμοίως</strong></span> <span class='ocrx_word' id='word_1_323' title='bbox 399 2750 493 2801; x_wconf 75' lang='grc' dir='ltr'><strong>καὶ</strong></span> <span class='ocrx_word' id='word_1_324' title='bbox 515 2751 544 2802; x_wconf 97' lang='lat'><strong>6</strong></span> <span class='ocrx_word' id='word_1_325' title='bbox 576 2749 724 2821; x_wconf 81' lang='grc' dir='ltr'><strong>ξύλῳ</strong></span> <span class='ocrx_word' id='word_1_326' title='bbox 763 2749 923 2822; x_wconf 88' lang='grc' dir='ltr'><strong>βαρεῖ</strong></span> <span class='ocrx_word' id='word_1_327' title='bbox 952 2752 1046 2804; x_wconf 75' lang='grc' dir='ltr'><strong>καὶ</strong></span> <span class='ocrx_word' id='word_1_328' title='bbox 1080 2753 1107 2805; x_wconf 92' lang='lat'><strong>6</strong></span> <span class='ocrx_word' id='word_1_329' title='bbox 1140 2750 1273 2821; x_wconf 83' lang='grc' dir='ltr'><strong>λίθῳ</strong></span> <span class='ocrx_word' id='word_1_330' title='bbox 1301 2750 1507 2821; x_wconf 75' lang='grc' dir='ltr'><strong>μείζονι</strong></span> <span class='ocrx_word' id='word_1_331' title='bbox 1545 2750 1644 2821; x_wconf 76' lang='grc' dir='ltr'><strong>τῆς</strong></span> <span class='ocrx_word' id='word_1_332' title='bbox 1672 2751 1767 2804; x_wconf 88' lang='grc' dir='ltr'><strong>δυ-</strong></span> 
     </span>
    </p>
   </div>
   <div class='ocr_carea' id='block_1_45' title="bbox 195 2837 1769 2915">
    <p class='ocr_par' dir='ltr' id='par_1_45' title="bbox 195 2837 1769 2915">
     <span class='ocr_line' id='line_1_45' title="bbox 195 2837 1769 2915; baseline 0.005 -26"><span class='ocrx_word' id='word_1_333' title='bbox 195 2837 396 2908; x_wconf 82' lang='grc' dir='ltr'><strong>νάμεως</strong></span> <span class='ocrx_word' id='word_1_334' title='bbox 424 2839 525 2910; x_wconf 82' lang='grc' dir='ltr'><strong>τῆς</strong></span> <span class='ocrx_word' id='word_1_335' title='bbox 569 2841 926 2914; x_wconf 85' lang='grc' dir='ltr'><strong>ἀνθρωπίνης</strong></span> <span class='ocrx_word' id='word_1_336' title='bbox 953 2842 1318 2915; x_wconf 82' lang='grc' dir='ltr'><strong>χρησάμενος,</strong></span> <span class='ocrx_word' id='word_1_337' title='bbox 1342 2846 1453 2908; x_wconf 87' lang='grc' dir='ltr'><strong>τοῖς</strong></span> <span class='ocrx_word' id='word_1_338' title='bbox 1490 2842 1769 2909; x_wconf 86' lang='grc' dir='ltr'><strong>ἀκουσίοις</strong></span> 
     </span>
    </p>
   </div>
   <div class='ocr_carea' id='block_1_46' title="bbox 198 2930 1767 3009">
    <p class='ocr_par' dir='ltr' id='par_1_46' title="bbox 198 2930 1767 3009">
     <span class='ocr_line' id='line_1_46' title="bbox 198 2930 1767 3009; baseline 0.006 -28"><span class='ocrx_word' id='word_1_339' title='bbox 198 2930 581 3004; x_wconf 78' lang='grc' dir='ltr'><strong>ὲναριθμεῖται,</strong></span> <span class='ocrx_word' id='word_1_340' title='bbox 616 2935 749 2991; x_wconf 80' lang='grc' dir='ltr'><strong>ἄλλο</strong></span> <span class='ocrx_word' id='word_1_341' title='bbox 808 2937 907 3009; x_wconf 89' lang='grc' dir='ltr'><strong>μέν</strong></span> <span class='ocrx_word' id='word_1_342' title='bbox 953 2955 1006 2992; x_wconf 90' lang='grc' dir='ltr'><strong>τι</strong></span> <span class='ocrx_word' id='word_1_343' title='bbox 1031 2937 1416 3009; x_wconf 88' lang='grc' dir='ltr'><strong>προελόμενος,</strong></span> <span class='ocrx_word' id='word_1_344' title='bbox 1445 2937 1573 2992; x_wconf 79' lang='grc' dir='ltr'><strong>ἄλλο</strong></span> <span class='ocrx_word' id='word_1_345' title='bbox 1610 2937 1667 2991; x_wconf 77' lang='grc' dir='ltr'><strong>δέ</strong></span> <span class='ocrx_word' id='word_1_346' title='bbox 1713 2954 1767 2991; x_wconf 92' lang='grc' dir='ltr'><strong>τι</strong></span> 
     </span>
    </p>
   </div>
   <div class='ocr_carea' id='block_1_47' title="bbox 200 3028 1768 3104">
    <p class='ocr_par' dir='ltr' id='par_1_47' title="bbox 200 3028 1768 3104">
     <span class='ocr_line' id='line_1_47' title="bbox 200 3028 1768 3104; baseline 0.008 -28"><span class='ocrx_word' id='word_1_347' title='bbox 200 3028 410 3095; x_wconf 76' lang='grc' dir='ltr'><strong>ποιήσας</strong></span> <span class='ocrx_word' id='word_1_348' title='bbox 439 3043 453 3056; x_wconf 92' lang='grc'><strong>·</strong></span> <span class='ocrx_word' id='word_1_349' title='bbox 483 3029 592 3082; x_wconf 76' lang='grc' dir='ltr'><strong>ὑπὸ</strong></span> <span class='ocrx_word' id='word_1_350' title='bbox 642 3028 752 3101; x_wconf 85' lang='grc' dir='ltr'><strong>γὰρ</strong></span> <span class='ocrx_word' id='word_1_351' title='bbox 802 3030 896 3084; x_wconf 81' lang='grc' dir='ltr'><strong>τοῦ</strong></span> <span class='ocrx_word' id='word_1_352' title='bbox 920 3031 1093 3103; x_wconf 81' lang='grc' dir='ltr'><strong>θυμοῦ</strong></span> <span class='ocrx_word' id='word_1_353' title='bbox 1122 3029 1379 3102; x_wconf 82' lang='grc' dir='ltr'><strong>τοιαύτην</strong></span> <span class='ocrx_word' id='word_1_354' title='bbox 1418 3033 1618 3104; x_wconf 68' lang='grc' dir='ltr'><strong>Ιίινεγκε</strong></span> <span class='ocrx_word' id='word_1_355' title='bbox 1666 3032 1768 3101; x_wconf 80' lang='grc' dir='ltr'><strong>τὴν</strong></span> 
     </span>
    </p>
   </div>
   <div class='ocr_carea' id='block_1_48' title="bbox 123 3117 1763 3198">
    <p class='ocr_par' dir='ltr' id='par_1_48' title="bbox 123 3117 1763 3198">
     <span class='ocr_line' id='line_1_48' title="bbox 123 3117 1763 3198; baseline 0.007 -31"><span class='ocrx_word' id='word_1_356' title='bbox 123 3118 133 3126; x_wconf 89' lang='grc'><strong>’</strong></span> <span class='ocrx_word' id='word_1_357' title='bbox 203 3117 430 3189; x_wconf 80' lang='grc' dir='ltr'><strong>πληγήν·</strong></span> <span class='ocrx_word' id='word_1_358' title='bbox 466 3121 611 3177; x_wconf 85' lang='grc' dir='ltr'><strong>ὥστε</strong></span> <span class='ocrx_word' id='word_1_359' title='bbox 669 3124 913 3179; x_wconf 81' lang='grc' dir='ltr'><strong>ἀνελθεῖν</strong></span> <span class='ocrx_word' id='word_1_360' title='bbox 973 3125 1066 3180; x_wconf 84' lang='grc' dir='ltr'><strong>τὸν</strong></span> <span class='ocrx_word' id='word_1_361' title='bbox 1119 3124 1397 3198; x_wconf 84' lang='grc' dir='ltr'><strong>πληγέντα</strong></span> <span class='ocrx_word' id='word_1_362' title='bbox 1428 3165 1444 3192; x_wconf 97' lang='grc'><strong>,</strong></span> <span class='ocrx_word' id='word_1_363' title='bbox 1499 3122 1681 3178; x_wconf 90' lang='grc' dir='ltr'><strong>καίτοι</strong></span> <span class='ocrx_word' id='word_1_364' title='bbox 1726 3124 1763 3197; x_wconf 78' lang='grc' dir='ltr'><strong>ἠ</strong></span> 
     </span>
    </p>
   </div>
   <div class='ocr_carea' id='block_1_49' title="bbox 203 3212 1843 3308">
    <p class='ocr_par' dir='ltr' id='par_1_49' title="bbox 203 3212 1843 3308">
     <span class='ocr_line' id='line_1_49' title="bbox 203 3212 1843 3308; baseline 0.008 -46"><span class='ocrx_word' id='word_1_365' title='bbox 203 3213 383 3308; x_wconf 68' lang='grc' dir='ltr'><strong>σπονδῃ</strong></span> <span class='ocrx_word' id='word_1_366' title='bbox 428 3212 496 3289; x_wconf 80' lang='grc' dir='ltr'><strong>ἦν</strong></span> <span class='ocrx_word' id='word_1_367' title='bbox 558 3217 715 3288; x_wconf 89' lang='grc' dir='ltr'><strong>αύτῷ</strong></span> <span class='ocrx_word' id='word_1_368' title='bbox 773 3218 1062 3289; x_wconf 77' lang='grc' dir='ltr'><strong>συντρίψαι</strong></span> <span class='ocrx_word' id='word_1_369' title='bbox 1126 3219 1322 3291; x_wconf 82' lang='grc' dir='ltr'><strong>τυχὸν,</strong></span> <span class='ocrx_word' id='word_1_370' title='bbox 1382 3219 1503 3291; x_wconf 76' lang='grc' dir='ltr'><strong>οὐχὶ</strong></span> <span class='ocrx_word' id='word_1_371' title='bbox 1555 3218 1613 3273; x_wconf 81' lang='grc' dir='ltr'><strong>δὲ</strong></span> <span class='ocrx_word' id='word_1_372' title='bbox 1672 3218 1770 3276; x_wconf 63' lang='grc' dir='ltr'><strong>καλΙ</strong></span> <span class='ocrx_word' id='word_1_373' title='bbox 1800 3248 1843 3308; x_wconf 78' lang='lat' dir='ltr'><strong>c</strong></span> 
     </span>
    </p>
   </div>
   <div class='ocr_carea' id='block_1_50' title="bbox 204 3303 1759 3381">
    <p class='ocr_par' dir='ltr' id='par_1_50' title="bbox 204 3303 1759 3381">
     <span class='ocr_line' id='line_1_50' title="bbox 204 3303 1759 3381; baseline 0.014 -29"><span class='ocrx_word' id='word_1_374' title='bbox 204 3303 460 3369; x_wconf 82' lang='grc' dir='ltr'><strong>παντελῶς</strong></span> <span class='ocrx_word' id='word_1_375' title='bbox 510 3307 829 3363; x_wconf 89' lang='grc' dir='ltr'><strong>θανατῶσαι</strong></span> <span class='ocrx_word' id='word_1_376' title='bbox 857 3325 871 3340; x_wconf 91' lang='grc'>·</span> <span class='ocrx_word' id='word_1_377' title='bbox 904 3311 932 3363; x_wconf 93' lang='lat'><strong>6</strong></span> <span class='ocrx_word' id='word_1_378' title='bbox 970 3309 1154 3381; x_wconf 81' lang='grc' dir='ltr'><strong>μέντοι</strong></span> <span class='ocrx_word' id='word_1_379' title='bbox 1205 3309 1349 3379; x_wconf 80' lang='grc' dir='ltr'><strong>ξίφει</strong></span> <span class='ocrx_word' id='word_1_380' title='bbox 1387 3310 1759 3380; x_wconf 77' lang='grc' dir='ltr'><strong>χρησάμενος.</strong></span> 
     </span>
    </p>
   </div>
   <div class='ocr_carea' id='block_1_51' title="bbox 206 3393 1773 3473">
    <p class='ocr_par' dir='ltr' id='par_1_51' title="bbox 206 3393 1773 3473">
     <span class='ocr_line' id='line_1_51' title="bbox 206 3393 1773 3473; baseline 0.004 -25"><span class='ocrx_word' id='word_1_381' title='bbox 206 3393 235 3464; x_wconf 80' lang='grc' dir='ltr'>ἢ</span> <span class='ocrx_word' id='word_1_382' title='bbox 274 3393 514 3466; x_wconf 81' lang='grc' dir='ltr'><strong>ᾡτινιοῦν</strong></span> <span class='ocrx_word' id='word_1_383' title='bbox 560 3401 815 3473; x_wconf 82' lang='grc' dir='ltr'><strong>τοιούτῳ,</strong></span> <span class='ocrx_word' id='word_1_384' title='bbox 833 3401 1088 3473; x_wconf 81' lang='grc' dir='ltr'><strong>οὐδεμίαν</strong></span> <span class='ocrx_word' id='word_1_385' title='bbox 1111 3399 1224 3472; x_wconf 79' lang='grc' dir='ltr'><strong>ἔχει</strong></span> <span class='ocrx_word' id='word_1_386' title='bbox 1261 3401 1592 3473; x_wconf 87' lang='grc' dir='ltr'><strong>παραίτησιν</strong></span> <span class='ocrx_word' id='word_1_387' title='bbox 1622 3416 1640 3435; x_wconf 77' lang='grc' dir='ltr'><strong><em>ο</em></strong></span> <span class='ocrx_word' id='word_1_388' title='bbox 1676 3401 1773 3455; x_wconf 70' lang='grc' dir='ltr'><strong>καὶ</strong></span> 
     </span>
    </p>
   </div>
   <div class='ocr_carea' id='block_1_52' title="bbox 209 3486 1772 3565">
    <p class='ocr_par' dir='ltr' id='par_1_52' title="bbox 209 3486 1772 3565">
     <span class='ocr_line' id='line_1_52' title="bbox 209 3486 1772 3565; baseline 0.003 -24"><span class='ocrx_word' id='word_1_389' title='bbox 209 3486 422 3556; x_wconf 81' lang='grc' dir='ltr'><strong>μάλιστα</strong></span> <span class='ocrx_word' id='word_1_390' title='bbox 449 3492 477 3544; x_wconf 93' lang='lat'><strong>6</strong></span> <span class='ocrx_word' id='word_1_391' title='bbox 513 3491 617 3564; x_wconf 82' lang='grc' dir='ltr'><strong>τὴν</strong></span> <span class='ocrx_word' id='word_1_392' title='bbox 653 3494 840 3565; x_wconf 80' lang='grc' dir='ltr'><strong>ἀξίνην</strong></span> <span class='ocrx_word' id='word_1_393' title='bbox 868 3493 1163 3558; x_wconf 86' lang='grc' dir='ltr'><strong>ἀκοντίσας</strong></span> <span class='ocrx_word' id='word_1_394' title='bbox 1198 3509 1214 3525; x_wconf 87' lang='grc'><strong>·</strong></span> <span class='ocrx_word' id='word_1_395' title='bbox 1242 3492 1339 3547; x_wconf 71' lang='grc' dir='ltr'><strong>καὶ</strong></span> <span class='ocrx_word' id='word_1_396' title='bbox 1380 3493 1488 3564; x_wconf 82' lang='grc' dir='ltr'><strong>γάρ</strong></span> <span class='ocrx_word' id='word_1_397' title='bbox 1511 3493 1631 3547; x_wconf 76' lang='grc' dir='ltr'><strong>οὐδὲ</strong></span> <span class='ocrx_word' id='word_1_398' title='bbox 1663 3493 1772 3547; x_wconf 87' lang='grc' dir='ltr'><strong>ἀπὸ</strong></span> 
     </span>
    </p>
   </div>
   <div class='ocr_carea' id='block_1_53' title="bbox 206 3576 1776 3658">
    <p class='ocr_par' dir='ltr' id='par_1_53' title="bbox 206 3576 1776 3658">
     <span class='ocr_line' id='line_1_53' title="bbox 206 3576 1776 3658; baseline 0.017 -26"><span class='ocrx_word' id='word_1_399' title='bbox 206 3581 371 3650; x_wconf 81' lang='grc' dir='ltr'><strong>χειρὸς</strong></span> <span class='ocrx_word' id='word_1_400' title='bbox 403 3584 659 3652; x_wconf 84' lang='grc' dir='ltr'><strong>φαίνεται</strong></span> <span class='ocrx_word' id='word_1_401' title='bbox 681 3586 906 3655; x_wconf 81' lang='grc' dir='ltr'><strong>πλήξας,</strong></span> <span class='ocrx_word' id='word_1_402' title='bbox 933 3576 1075 3640; x_wconf 68' lang='grc' dir='ltr'><strong>ὥστε</strong></span> <span class='ocrx_word' id='word_1_403' title='bbox 1108 3588 1170 3641; x_wconf 80' lang='grc' dir='ltr'><strong>τδ</strong></span> <span class='ocrx_word' id='word_1_404' title='bbox 1202 3586 1403 3658; x_wconf 81' lang='grc' dir='ltr'><strong>μέτρον</strong></span> <span class='ocrx_word' id='word_1_405' title='bbox 1432 3587 1532 3657; x_wconf 79' lang='grc' dir='ltr'><strong>τῆς</strong></span> <span class='ocrx_word' id='word_1_406' title='bbox 1560 3586 1776 3657; x_wconf 79' lang='grc' dir='ltr'><strong>πληγῆς</strong></span> 
     </span>
    </p>
   </div>
   <div class='ocr_carea' id='block_1_54' title="bbox 211 3671 1774 3750">
    <p class='ocr_par' dir='ltr' id='par_1_54' title="bbox 211 3671 1774 3750">
     <span class='ocr_line' id='line_1_54' title="bbox 211 3671 1774 3750; baseline 0.006 -28"><span class='ocrx_word' id='word_1_407' title='bbox 211 3671 286 3724; x_wconf 73' lang='grc' dir='ltr'><strong>ἐπ’</strong></span> <span class='ocrx_word' id='word_1_408' title='bbox 312 3675 454 3747; x_wconf 83' lang='grc' dir='ltr'><strong>αὐτῷ</strong></span> <span class='ocrx_word' id='word_1_409' title='bbox 484 3673 653 3743; x_wconf 84' lang='grc' dir='ltr'><strong>εἶναι,</strong></span> <span class='ocrx_word' id='word_1_410' title='bbox 681 3678 794 3731; x_wconf 81' lang='grc' dir='ltr'><strong>ἀλλ’</strong></span> <span class='ocrx_word' id='word_1_411' title='bbox 824 3678 1113 3749; x_wconf 68' lang='grc' dir='ltr'><strong>ἡκόντισεν</strong></span> <span class='ocrx_word' id='word_1_412' title='bbox 1152 3693 1168 3708; x_wconf 78' lang='grc'><strong>⁸</strong></span> <span class='ocrx_word' id='word_1_413' title='bbox 1203 3678 1345 3732; x_wconf 82' lang='grc' dir='ltr'><strong>ὥστε</strong></span> <span class='ocrx_word' id='word_1_414' title='bbox 1384 3681 1479 3733; x_wconf 69' lang='grc' dir='ltr'><strong>καὶ</strong></span> <span class='ocrx_word' id='word_1_415' title='bbox 1506 3679 1584 3750; x_wconf 79' lang='grc' dir='ltr'><strong>τῷ</strong></span> <span class='ocrx_word' id='word_1_416' title='bbox 1617 3679 1774 3750; x_wconf 83' lang='grc' dir='ltr'><strong>βάρει</strong></span> 
     </span>
    </p>
   </div>
   <div class='ocr_carea' id='block_1_55' title="bbox 208 3762 1769 3843">
    <p class='ocr_par' dir='ltr' id='par_1_55' title="bbox 208 3762 1769 3843">
     <span class='ocr_line' id='line_1_55' title="bbox 208 3762 1769 3843; baseline 0.006 -28"><span class='ocrx_word' id='word_1_417' title='bbox 208 3762 289 3817; x_wconf 85' lang='grc' dir='ltr'><strong>τοῦ</strong></span> <span class='ocrx_word' id='word_1_418' title='bbox 315 3766 550 3841; x_wconf 87' lang='grc' dir='ltr'><strong>σιδήρου,</strong></span> <span class='ocrx_word' id='word_1_419' title='bbox 582 3771 681 3825; x_wconf 74' lang='grc' dir='ltr'><strong>καὶ</strong></span> <span class='ocrx_word' id='word_1_420' title='bbox 704 3774 768 3842; x_wconf 82' lang='grc' dir='ltr'><strong>τῇ</strong></span> <span class='ocrx_word' id='word_1_421' title='bbox 795 3772 972 3842; x_wconf 81' lang='grc' dir='ltr'><strong>ἀκμῇ,</strong></span> <span class='ocrx_word' id='word_1_422' title='bbox 996 3771 1091 3824; x_wconf 73' lang='grc' dir='ltr'><strong>καὶ</strong></span> <span class='ocrx_word' id='word_1_423' title='bbox 1116 3774 1180 3843; x_wconf 80' lang='grc' dir='ltr'><strong>τῇ</strong></span> <span class='ocrx_word' id='word_1_424' title='bbox 1211 3771 1299 3824; x_wconf 75' lang='grc' dir='ltr'><strong>διὰ</strong></span> <span class='ocrx_word' id='word_1_425' title='bbox 1319 3772 1574 3825; x_wconf 83' lang='grc' dir='ltr'><strong>πλείστου</strong></span> <span class='ocrx_word' id='word_1_426' title='bbox 1609 3772 1769 3843; x_wconf 80' lang='grc' dir='ltr'><strong>φορᾷ,</strong></span> 
     </span>
    </p>
   </div>
   <div class='ocr_carea' id='block_1_56' title="bbox 210 3853 1776 3932">
    <p class='ocr_par' dir='ltr' id='par_1_56' title="bbox 210 3853 1776 3932">
     <span class='ocr_line' id='line_1_56' title="bbox 210 3853 1776 3932; baseline 0.004 -26"><span class='ocrx_word' id='word_1_427' title='bbox 210 3853 437 3927; x_wconf 78' lang='grc' dir='ltr'><strong>ὀλεθρίαν</strong></span> <span class='ocrx_word' id='word_1_428' title='bbox 485 3861 806 3932; x_wconf 77' lang='grc' dir='ltr'><strong>ἀναγκαίως</strong></span> <span class='ocrx_word' id='word_1_429' title='bbox 857 3864 959 3932; x_wconf 80' lang='grc' dir='ltr'><strong>τὴν</strong></span> <span class='ocrx_word' id='word_1_430' title='bbox 1010 3862 1229 3932; x_wconf 81' lang='grc' dir='ltr'><strong>πληγὴν</strong></span> <span class='ocrx_word' id='word_1_431' title='bbox 1276 3859 1529 3930; x_wconf 78' lang='grc' dir='ltr'><strong>γενέσθαι</strong></span> <span class='ocrx_word' id='word_1_432' title='bbox 1563 3875 1578 3891; x_wconf 84' lang='lat'><strong><em>°</em></strong></span> <span class='ocrx_word' id='word_1_433' title='bbox 1619 3860 1776 3914; x_wconf 81' lang='grc' dir='ltr'><strong>ἐκού-</strong></span> 
     </span>
    </p>
   </div>
   <div class='ocr_carea' id='block_1_57' title="bbox 213 3949 1773 4023">
    <p class='ocr_par' dir='ltr' id='par_1_57' title="bbox 213 3949 1773 4023">
     <span class='ocr_line' id='line_1_57' title="bbox 213 3949 1773 4023; baseline 0.003 -23"><span class='ocrx_word' id='word_1_434' title='bbox 213 3961 312 4001; x_wconf 85' lang='grc' dir='ltr'><strong>σιον</strong></span> <span class='ocrx_word' id='word_1_435' title='bbox 342 3949 397 4003; x_wconf 77' lang='grc' dir='ltr'><strong>δὲ</strong></span> <span class='ocrx_word' id='word_1_436' title='bbox 429 3952 589 4007; x_wconf 83' lang='grc' dir='ltr'><strong>πάλιν</strong></span> <span class='ocrx_word' id='word_1_437' title='bbox 645 3952 948 4020; x_wconf 88' lang='grc' dir='ltr'><strong>παντελῶς,</strong></span> <span class='ocrx_word' id='word_1_438' title='bbox 986 3955 1083 4007; x_wconf 77' lang='grc' dir='ltr'><strong>καὶ</strong></span> <span class='ocrx_word' id='word_1_439' title='bbox 1131 3953 1390 4022; x_wconf 72' lang='grc' dir='ltr'><strong>οὐδεμίαν</strong></span> <span class='ocrx_word' id='word_1_440' title='bbox 1443 3951 1773 4023; x_wconf 79' lang='grc' dir='ltr'><strong>ἀμφιὸολίαν</strong></span> 
     </span>
    </p>
   </div>
   <div class='ocr_carea' id='block_1_58' title="bbox 213 4036 1773 4117">
    <p class='ocr_par' dir='ltr' id='par_1_58' title="bbox 213 4036 1773 4117">
     <span class='ocr_line' id='line_1_58' title="bbox 213 4036 1773 4117; baseline 0.004 -28"><span class='ocrx_word' id='word_1_441' title='bbox 213 4036 339 4109; x_wconf 81' lang='grc' dir='ltr'><strong>ἔχον,</strong></span> <span class='ocrx_word' id='word_1_442' title='bbox 366 4038 473 4096; x_wconf 82' lang='grc' dir='ltr'><strong>οἷόν</strong></span> <span class='ocrx_word' id='word_1_443' title='bbox 494 4045 613 4098; x_wconf 79' lang='grc' dir='ltr'><strong>ἐστι</strong></span> <span class='ocrx_word' id='word_1_444' title='bbox 642 4046 703 4099; x_wconf 85' lang='grc' dir='ltr'><strong>τὸ</strong></span> <span class='ocrx_word' id='word_1_445' title='bbox 726 4046 836 4099; x_wconf 89' lang='grc' dir='ltr'><strong>τῶν</strong></span> <span class='ocrx_word' id='word_1_446' title='bbox 869 4043 1082 4117; x_wconf 80' lang='grc' dir='ltr'><strong>λῃστῶν</strong></span> <span class='ocrx_word' id='word_1_447' title='bbox 1109 4043 1204 4098; x_wconf 71' lang='grc' dir='ltr'><strong>καὶ</strong></span> <span class='ocrx_word' id='word_1_448' title='bbox 1228 4043 1288 4097; x_wconf 81' lang='grc' dir='ltr'><strong>τὺ</strong></span> <span class='ocrx_word' id='word_1_449' title='bbox 1321 4043 1428 4097; x_wconf 90' lang='grc' dir='ltr'><strong>τῶν</strong></span> <span class='ocrx_word' id='word_1_450' title='bbox 1458 4042 1773 4111; x_wconf 81' lang='grc' dir='ltr'><strong>πολεμικῶν</strong></span> 
     </span>
    </p>
   </div>
   <div class='ocr_carea' id='block_1_59' title="bbox 213 4130 1772 4209">
    <p class='ocr_par' dir='ltr' id='par_1_59' title="bbox 213 4130 1772 4209">
     <span class='ocr_line' id='line_1_59' title="bbox 213 4130 1772 4209; baseline -0.002 -17"><span class='ocrx_word' id='word_1_451' title='bbox 213 4130 397 4199; x_wconf 56' lang='grc' dir='ltr'><strong>ὲ(ιιὸδων</strong></span> <span class='ocrx_word' id='word_1_452' title='bbox 427 4151 439 4164; x_wconf 91' lang='grc'><strong>·</strong></span> <span class='ocrx_word' id='word_1_453' title='bbox 473 4130 622 4192; x_wconf 78' lang='grc' dir='ltr'><strong>οὗτοι</strong></span> <span class='ocrx_word' id='word_1_454' title='bbox 656 4139 751 4207; x_wconf 83' lang='grc' dir='ltr'><strong>μὲν</strong></span> <span class='ocrx_word' id='word_1_455' title='bbox 781 4137 890 4209; x_wconf 83' lang='grc' dir='ltr'><strong>γὰρ</strong></span> <span class='ocrx_word' id='word_1_456' title='bbox 933 4137 1022 4190; x_wconf 84' lang='grc' dir='ltr'><strong>διὰ</strong></span> <span class='ocrx_word' id='word_1_457' title='bbox 1048 4137 1312 4209; x_wconf 83' lang='grc' dir='ltr'><strong>χρήματα</strong></span> <span class='ocrx_word' id='word_1_458' title='bbox 1352 4135 1772 4207; x_wconf 82' lang='grc' dir='ltr'><strong>ἀναιρούσι,τὸν</strong></span> 
     </span>
    </p>
   </div>
   <div class='ocr_carea' id='block_1_60' title="bbox 214 4220 1771 4301">
    <p class='ocr_par' dir='ltr' id='par_1_60' title="bbox 214 4220 1771 4301">
     <span class='ocr_line' id='line_1_60' title="bbox 214 4220 1771 4301; baseline 0.004 -25"><span class='ocrx_word' id='word_1_459' title='bbox 214 4220 411 4295; x_wconf 71' lang='grc' dir='ltr'><strong>ἔλεγχον</strong></span> <span class='ocrx_word' id='word_1_460' title='bbox 459 4228 865 4301; x_wconf 73' lang='grc' dir='ltr'><strong>ἀποφεύγοντες</strong></span> <span class='ocrx_word' id='word_1_461' title='bbox 901 4246 915 4261; x_wconf 77' lang='grc'><strong><em>⁸</em></strong></span> <span class='ocrx_word' id='word_1_462' title='bbox 946 4230 1087 4284; x_wconf 79' lang='grc' dir='ltr'><strong>οἵτε</strong></span> <span class='ocrx_word' id='word_1_463' title='bbox 1122 4231 1180 4284; x_wconf 81' lang='grc' dir='ltr'><strong>ἐν</strong></span> <span class='ocrx_word' id='word_1_464' title='bbox 1220 4232 1332 4293; x_wconf 82' lang='grc' dir='ltr'><strong>τοῖς</strong></span> <span class='ocrx_word' id='word_1_465' title='bbox 1389 4229 1647 4300; x_wconf 82' lang='grc' dir='ltr'><strong>πολέμοις</strong></span> <span class='ocrx_word' id='word_1_466' title='bbox 1677 4228 1771 4283; x_wconf 75' lang='grc' dir='ltr'><strong>ἐπὶ</strong></span> 
     </span>
    </p>
   </div>
   <div class='ocr_carea' id='block_1_61' title="bbox 215 4317 1768 4397">
    <p class='ocr_par' dir='ltr' id='par_1_61' title="bbox 215 4317 1768 4397">
     <span class='ocr_line' id='line_1_61' title="bbox 215 4317 1768 4397; baseline 0.005 -29"><span class='ocrx_word' id='word_1_467' title='bbox 215 4317 387 4385; x_wconf 78' lang='grc' dir='ltr'><strong>φόνους</strong></span> <span class='ocrx_word' id='word_1_468' title='bbox 447 4322 720 4396; x_wconf 75' lang='grc' dir='ltr'><strong>ἔρχονται,</strong></span> <span class='ocrx_word' id='word_1_469' title='bbox 753 4324 878 4379; x_wconf 74' lang='grc' dir='ltr'><strong>οὔτε</strong></span> <span class='ocrx_word' id='word_1_470' title='bbox 932 4323 1341 4397; x_wconf 78' lang='grc' dir='ltr'><strong>φοϐῆσαι,ούτε</strong></span> <span class='ocrx_word' id='word_1_471' title='bbox 1390 4325 1768 4396; x_wconf 84' lang='grc' dir='ltr'><strong>σωφρονῆσαι,</strong></span> 
     </span>
    </p>
   </div>
   <div class='ocr_carea' id='block_1_62' title="bbox 217 4406 1770 4488">
    <p class='ocr_par' dir='ltr' id='par_1_62' title="bbox 217 4406 1770 4488">
     <span class='ocr_line' id='line_1_62' title="bbox 217 4406 1770 4488; baseline 0.001 -22"><span class='ocrx_word' id='word_1_472' title='bbox 217 4406 315 4462; x_wconf 81' lang='grc' dir='ltr'><strong>ἀλλ’</strong></span> <span class='ocrx_word' id='word_1_473' title='bbox 355 4415 557 4470; x_wconf 87' lang='grc' dir='ltr'><strong>ἀνελεῖν</strong></span> <span class='ocrx_word' id='word_1_474' title='bbox 609 4419 735 4482; x_wconf 75' lang='grc' dir='ltr'><strong>τοὺς</strong></span> <span class='ocrx_word' id='word_1_475' title='bbox 785 4418 1229 4488; x_wconf 80' lang='grc' dir='ltr'><strong>ἐναντιουμένους</strong></span> <span class='ocrx_word' id='word_1_476' title='bbox 1273 4418 1338 4469; x_wconf 78' lang='grc' dir='ltr'><strong>ὲκ</strong></span> <span class='ocrx_word' id='word_1_477' title='bbox 1392 4415 1484 4469; x_wconf 82' lang='grc' dir='ltr'><strong>τοῦ</strong></span> <span class='ocrx_word' id='word_1_478' title='bbox 1535 4415 1770 4486; x_wconf 78' lang='grc' dir='ltr'><strong>φανεροῦ</strong></span> 
     </span>
    </p>
   </div>
   <div class='ocr_carea' id='block_1_63' title="bbox 217 4507 1772 4580">
    <p class='ocr_par' dir='ltr' id='par_1_63' title="bbox 217 4507 1772 4580">
     <span class='ocr_line' id='line_1_63' title="bbox 217 4507 1772 4580; baseline 0.004 -24"><span class='ocrx_word' id='word_1_479' title='bbox 217 4507 615 4579; x_wconf 84' lang='grc' dir='ltr'><strong>προαιρούμενοι</strong></span> <span class='ocrx_word' id='word_1_480' title='bbox 646 4528 659 4541; x_wconf 92' lang='grc'><strong>·</strong></span> <span class='ocrx_word' id='word_1_481' title='bbox 692 4510 787 4563; x_wconf 73' lang='grc' dir='ltr'><strong>καὶ</strong></span> <span class='ocrx_word' id='word_1_482' title='bbox 829 4511 1008 4580; x_wconf 82' lang='grc' dir='ltr'><strong>μέντοι</strong></span> <span class='ocrx_word' id='word_1_483' title='bbox 1033 4509 1136 4563; x_wconf 77' lang='grc' dir='ltr'><strong>κᾶν</strong></span> <span class='ocrx_word' id='word_1_484' title='bbox 1168 4508 1236 4561; x_wconf 87' lang='grc' dir='ltr'><strong>δι’</strong></span> <span class='ocrx_word' id='word_1_485' title='bbox 1263 4509 1432 4579; x_wconf 85' lang='grc' dir='ltr'><strong>ἄλλην</strong></span> <span class='ocrx_word' id='word_1_486' title='bbox 1452 4509 1573 4562; x_wconf 73' lang='grc' dir='ltr'><strong>τινὰ</strong></span> <span class='ocrx_word' id='word_1_487' title='bbox 1592 4508 1772 4562; x_wconf 74' lang='grc' dir='ltr'><strong>αἰτίαν</strong></span> 
     </span>
    </p>
   </div>
   <div class='ocr_carea' id='block_1_64' title="bbox 1877 2002 3451 2077">
    <p class='ocr_par' dir='ltr' id='par_1_64' title="bbox 1877 2002 3451 2077">
     <span class='ocr_line' id='line_1_64' title="bbox 1877 2002 3451 2077; baseline 0.008 -22"><span class='ocrx_word' id='word_1_488' title='bbox 1877 2007 1984 2067; x_wconf 88' lang='lat' dir='ltr'><strong>tur,</strong></span> <span class='ocrx_word' id='word_1_489' title='bbox 2028 2002 2158 2071; x_wconf 90' lang='lat' dir='ltr'><strong>quia</strong></span> <span class='ocrx_word' id='word_1_490' title='bbox 2208 2013 2527 2073; x_wconf 86' lang='lat' dir='ltr'><strong>peccantem</strong></span> <span class='ocrx_word' id='word_1_491' title='bbox 2573 2009 2847 2077; x_wconf 80' lang='lat' dir='ltr'><strong>corrigere</strong></span> <span class='ocrx_word' id='word_1_492' title='bbox 2886 2011 3081 2077; x_wconf 88' lang='lat' dir='ltr'><strong>voluit,</strong></span> <span class='ocrx_word' id='word_1_493' title='bbox 3127 2027 3237 2067; x_wconf 91' lang='lat' dir='ltr'><strong>non</strong></span> <span class='ocrx_word' id='word_1_494' title='bbox 3265 2013 3451 2068; x_wconf 55' lang='lat' dir='ltr'><strong>interi-</strong></span> 
     </span>
    </p>
   </div>
   <div class='ocr_carea' id='block_1_65' title="bbox 1874 2094 3450 2166">
    <p class='ocr_par' dir='ltr' id='par_1_65' title="bbox 1874 2094 3450 2166">
     <span class='ocr_line' id='line_1_65' title="bbox 1874 2094 3450 2166; baseline 0.006 -16"><span class='ocrx_word' id='word_1_495' title='bbox 1874 2109 2045 2150; x_wconf 88' lang='lat' dir='ltr'><strong>mere.</strong></span> <span class='ocrx_word' id='word_1_496' title='bbox 2090 2094 2432 2151; x_wconf 77' lang='lat' dir='ltr'><strong>Recensetur</strong></span> <span class='ocrx_word' id='word_1_497' title='bbox 2472 2106 2527 2154; x_wconf 90' lang='lat' dir='ltr'><strong>et</strong></span> <span class='ocrx_word' id='word_1_498' title='bbox 2561 2098 2692 2154; x_wconf 89' lang='lat' dir='ltr'><strong>illud</strong></span> <span class='ocrx_word' id='word_1_499' title='bbox 2726 2101 2869 2157; x_wconf 86' lang='lat' dir='ltr'><strong>inter</strong></span> <span class='ocrx_word' id='word_1_500' title='bbox 2901 2102 3290 2166; x_wconf 85' lang='lat' dir='ltr'><strong>involuntaria,</strong></span> <span class='ocrx_word' id='word_1_501' title='bbox 3325 2120 3450 2160; x_wconf 91' lang='lat' dir='ltr'><strong>cum</strong></span> 
     </span>
    </p>
   </div>
   <div class='ocr_carea' id='block_1_66' title="bbox 1871 2188 3449 2268">
    <p class='ocr_par' dir='ltr' id='par_1_66' title="bbox 1871 2188 3449 2268">
     <span class='ocr_line' id='line_1_66' title="bbox 1871 2188 3449 2268; baseline 0.007 -26"><span class='ocrx_word' id='word_1_502' title='bbox 1871 2188 1995 2258; x_wconf 93' lang='lat' dir='ltr'><strong>quis</strong></span> <span class='ocrx_word' id='word_1_503' title='bbox 2028 2188 2082 2243; x_wconf 92' lang='lat' dir='ltr'><strong>in</strong></span> <span class='ocrx_word' id='word_1_504' title='bbox 2124 2204 2310 2260; x_wconf 81' lang='lat' dir='ltr'><strong>pugna</strong></span> <span class='ocrx_word' id='word_1_505' title='bbox 2350 2191 2588 2262; x_wconf 90' lang='lat' dir='ltr'><strong>aliquem</strong></span> <span class='ocrx_word' id='word_1_506' title='bbox 2626 2193 2777 2264; x_wconf 82' lang='lat' dir='ltr'><strong>ligno</strong></span> <span class='ocrx_word' id='word_1_507' title='bbox 2832 2193 2913 2249; x_wconf 90' lang='lat' dir='ltr'><strong>vel</strong></span> <span class='ocrx_word' id='word_1_508' title='bbox 2958 2212 3123 2251; x_wconf 87' lang='lat' dir='ltr'><strong>manu</strong></span> <span class='ocrx_word' id='word_1_509' title='bbox 3162 2198 3449 2268; x_wconf 70' lang='lat' dir='ltr'><strong>repellens,</strong></span> 
     </span>
    </p>
   </div>
   <div class='ocr_carea' id='block_1_67' title="bbox 1874 2278 3450 2354">
    <p class='ocr_par' dir='ltr' id='par_1_67' title="bbox 1874 2278 3450 2354">
     <span class='ocr_line' id='line_1_67' title="bbox 1874 2278 3450 2354; baseline 0.006 -24"><span class='ocrx_word' id='word_1_510' title='bbox 1874 2292 1986 2331; x_wconf 88' lang='lat' dir='ltr'><strong>non</strong></span> <span class='ocrx_word' id='word_1_511' title='bbox 2035 2293 2197 2348; x_wconf 88' lang='lat' dir='ltr'><strong>parce</strong></span> <span class='ocrx_word' id='word_1_512' title='bbox 2229 2278 2284 2333; x_wconf 90' lang='lat' dir='ltr'><strong>in</strong></span> <span class='ocrx_word' id='word_1_513' title='bbox 2336 2279 2642 2349; x_wconf 68' lang='lat' dir='ltr'><strong>praecipuas</strong></span> <span class='ocrx_word' id='word_1_514' title='bbox 2678 2290 2859 2349; x_wconf 89' lang='lat' dir='ltr'><strong>partes</strong></span> <span class='ocrx_word' id='word_1_515' title='bbox 2909 2281 3075 2336; x_wconf 88' lang='lat' dir='ltr'><strong>ictum</strong></span> <span class='ocrx_word' id='word_1_516' title='bbox 3122 2291 3359 2354; x_wconf 79' lang='lat' dir='ltr'><strong>torquet,</strong></span> <span class='ocrx_word' id='word_1_517' title='bbox 3396 2294 3450 2339; x_wconf 87' lang='lat' dir='ltr'><strong>ut</strong></span> 
     </span>
    </p>
   </div>
   <div class='ocr_carea' id='block_1_68' title="bbox 1873 2371 3453 2439">
    <p class='ocr_par' dir='ltr' id='par_1_68' title="bbox 1873 2371 3453 2439">
     <span class='ocr_line' id='line_1_68' title="bbox 1873 2371 3453 2439; baseline 0.005 -14"><span class='ocrx_word' id='word_1_518' title='bbox 1873 2385 1999 2425; x_wconf 90' lang='lat' dir='ltr'><strong>eum</strong></span> <span class='ocrx_word' id='word_1_519' title='bbox 2052 2371 2232 2439; x_wconf 72' lang='lat' dir='ltr'><strong>laedat,</strong></span> <span class='ocrx_word' id='word_1_520' title='bbox 2284 2387 2394 2427; x_wconf 88' lang='lat' dir='ltr'><strong>non</strong></span> <span class='ocrx_word' id='word_1_521' title='bbox 2448 2382 2510 2427; x_wconf 90' lang='lat' dir='ltr'><strong>ut</strong></span> <span class='ocrx_word' id='word_1_522' title='bbox 2560 2374 2790 2428; x_wconf 89' lang='lat' dir='ltr'><strong>omnino</strong></span> <span class='ocrx_word' id='word_1_523' title='bbox 2843 2374 3155 2431; x_wconf 79' lang='lat' dir='ltr'><strong>interﬁciat.</strong></span> <span class='ocrx_word' id='word_1_524' title='bbox 3185 2377 3290 2432; x_wconf 90' lang='lat' dir='ltr'><strong>Sed</strong></span> <span class='ocrx_word' id='word_1_525' title='bbox 3346 2378 3453 2433; x_wconf 81' lang='lat' dir='ltr'><strong>huc</strong></span> 
     </span>
    </p>
   </div>
   <div class='ocr_carea' id='block_1_69' title="bbox 1875 2461 3451 2543">
    <p class='ocr_par' dir='ltr' id='par_1_69' title="bbox 1875 2461 3451 2543">
     <span class='ocr_line' id='line_1_69' title="bbox 1875 2461 3451 2543; baseline 0.008 -26"><span class='ocrx_word' id='word_1_526' title='bbox 1875 2461 2095 2533; x_wconf 90' lang='lat' dir='ltr'><strong>quidem</strong></span> <span class='ocrx_word' id='word_1_527' title='bbox 2126 2463 2421 2520; x_wconf 91' lang='lat' dir='ltr'><strong>acceditad</strong></span> <span class='ocrx_word' id='word_1_528' title='bbox 2445 2464 2838 2523; x_wconf 88' lang='lat' dir='ltr'><strong>voluntarium.</strong></span> <span class='ocrx_word' id='word_1_529' title='bbox 2870 2466 2974 2535; x_wconf 84' lang='lat' dir='ltr'><strong>Qui</strong></span> <span class='ocrx_word' id='word_1_530' title='bbox 3004 2472 3151 2526; x_wconf 92' lang='lat' dir='ltr'><strong>enim</strong></span> <span class='ocrx_word' id='word_1_531' title='bbox 3186 2472 3451 2543; x_wconf 82' lang='lat' dir='ltr'><strong>ejusmodi</strong></span> 
     </span>
    </p>
   </div>
   <div class='ocr_carea' id='block_1_70' title="bbox 1872 2553 3453 2634">
    <p class='ocr_par' dir='ltr' id='par_1_70' title="bbox 1872 2553 3453 2634">
     <span class='ocr_line' id='line_1_70' title="bbox 1872 2553 3453 2634; baseline 0.006 -25"><span class='ocrx_word' id='word_1_532' title='bbox 1872 2553 2243 2611; x_wconf 88' lang='lat' dir='ltr'><strong>instrumento</strong></span> <span class='ocrx_word' id='word_1_533' title='bbox 2289 2555 2357 2611; x_wconf 90' lang='lat' dir='ltr'><strong>ad</strong></span> <span class='ocrx_word' id='word_1_534' title='bbox 2389 2571 2451 2613; x_wconf 90' lang='lat' dir='ltr'><strong>se</strong></span> <span class='ocrx_word' id='word_1_535' title='bbox 2481 2555 2884 2613; x_wconf 82' lang='lat' dir='ltr'><strong>defendendum</strong></span> <span class='ocrx_word' id='word_1_536' title='bbox 2936 2575 3069 2616; x_wconf 87' lang='lat' dir='ltr'><strong>usus</strong></span> <span class='ocrx_word' id='word_1_537' title='bbox 3098 2570 3201 2628; x_wconf 88' lang='lat' dir='ltr'><strong>est,</strong></span> <span class='ocrx_word' id='word_1_538' title='bbox 3238 2562 3321 2617; x_wconf 82' lang='lat' dir='ltr'><strong>vel</strong></span> <span class='ocrx_word' id='word_1_539' title='bbox 3355 2565 3453 2634; x_wconf 89' lang='lat' dir='ltr'><strong>qui</strong></span> 
     </span>
    </p>
   </div>
   <div class='ocr_carea' id='block_1_71' title="bbox 1875 2647 3451 2722">
    <p class='ocr_par' dir='ltr' id='par_1_71' title="bbox 1875 2647 3451 2722">
     <span class='ocr_line' id='line_1_71' title="bbox 1875 2647 3451 2722; baseline 0.006 -21"><span class='ocrx_word' id='word_1_540' title='bbox 1875 2662 1987 2702; x_wconf 90' lang='lat' dir='ltr'><strong>non</strong></span> <span class='ocrx_word' id='word_1_541' title='bbox 2031 2663 2193 2717; x_wconf 83' lang='lat' dir='ltr'><strong>parce</strong></span> <span class='ocrx_word' id='word_1_542' title='bbox 2230 2647 2401 2705; x_wconf 85' lang='lat' dir='ltr'><strong>ictum</strong></span> <span class='ocrx_word' id='word_1_543' title='bbox 2448 2649 2668 2716; x_wconf 81' lang='lat' dir='ltr'><strong>inﬂixit,</strong></span> <span class='ocrx_word' id='word_1_544' title='bbox 2715 2651 2884 2722; x_wconf 90' lang='lat' dir='ltr'><strong>liquet</strong></span> <span class='ocrx_word' id='word_1_545' title='bbox 2920 2668 3046 2708; x_wconf 92' lang='lat' dir='ltr'><strong>eum</strong></span> <span class='ocrx_word' id='word_1_546' title='bbox 3094 2655 3217 2712; x_wconf 80' lang='lat' dir='ltr'><strong>ideo</strong></span> <span class='ocrx_word' id='word_1_547' title='bbox 3247 2655 3451 2711; x_wconf 86' lang='lat' dir='ltr'><strong>homini</strong></span> 
     </span>
    </p>
   </div>
   <div class='ocr_carea' id='block_1_72' title="bbox 1878 2740 3454 2820">
    <p class='ocr_par' dir='ltr' id='par_1_72' title="bbox 1878 2740 3454 2820">
     <span class='ocr_line' id='line_1_72' title="bbox 1878 2740 3454 2820; baseline 0.006 -27"><span class='ocrx_word' id='word_1_548' title='bbox 1878 2753 1989 2793; x_wconf 88' lang='lat' dir='ltr'><strong>non</strong></span> <span class='ocrx_word' id='word_1_549' title='bbox 2020 2740 2353 2809; x_wconf 89' lang='lat' dir='ltr'><strong>pepercisse,</strong></span> <span class='ocrx_word' id='word_1_550' title='bbox 2405 2742 2549 2813; x_wconf 89' lang='lat' dir='ltr'><strong>quod</strong></span> <span class='ocrx_word' id='word_1_551' title='bbox 2578 2742 2659 2797; x_wconf 91' lang='lat' dir='ltr'><strong>ira</strong></span> <span class='ocrx_word' id='word_1_552' title='bbox 2685 2744 2866 2800; x_wconf 89' lang='lat' dir='ltr'><strong>vietus</strong></span> <span class='ocrx_word' id='word_1_553' title='bbox 2911 2743 3094 2802; x_wconf 80' lang='lat' dir='ltr'><strong>fuerit.</strong></span> <span class='ocrx_word' id='word_1_554' title='bbox 3127 2746 3217 2804; x_wconf 89' lang='lat' dir='ltr'><strong>Sic</strong></span> <span class='ocrx_word' id='word_1_555' title='bbox 3259 2757 3314 2803; x_wconf 91' lang='lat' dir='ltr'><strong>et</strong></span> <span class='ocrx_word' id='word_1_556' title='bbox 3358 2749 3454 2820; x_wconf 91' lang='lat' dir='ltr'><strong>qui</strong></span> 
     </span>
    </p>
   </div>
   <div class='ocr_carea' id='block_1_73' title="bbox 1876 2830 3455 2910">
    <p class='ocr_par' dir='ltr' id='par_1_73' title="bbox 1876 2830 3455 2910">
     <span class='ocr_line' id='line_1_73' title="bbox 1876 2830 3455 2910; baseline 0.008 -27"><span class='ocrx_word' id='word_1_557' title='bbox 1876 2830 2027 2901; x_wconf 78' lang='lat' dir='ltr'><strong>gravi</strong></span> <span class='ocrx_word' id='word_1_558' title='bbox 2058 2830 2226 2900; x_wconf 84' lang='lat' dir='ltr'><strong>ligno,</strong></span> <span class='ocrx_word' id='word_1_559' title='bbox 2271 2840 2327 2887; x_wconf 90' lang='lat' dir='ltr'><strong>et</strong></span> <span class='ocrx_word' id='word_1_560' title='bbox 2357 2832 2450 2903; x_wconf 91' lang='lat' dir='ltr'><strong>qui</strong></span> <span class='ocrx_word' id='word_1_561' title='bbox 2484 2832 2663 2904; x_wconf 87' lang='lat' dir='ltr'><strong>lapide</strong></span> <span class='ocrx_word' id='word_1_562' title='bbox 2707 2834 2916 2905; x_wconf 84' lang='lat' dir='ltr'><strong>majore</strong></span> <span class='ocrx_word' id='word_1_563' title='bbox 2975 2853 3140 2908; x_wconf 89' lang='lat' dir='ltr'><strong>quam</strong></span> <span class='ocrx_word' id='word_1_564' title='bbox 3187 2855 3284 2910; x_wconf 91' lang='lat' dir='ltr'><strong>pro</strong></span> <span class='ocrx_word' id='word_1_565' title='bbox 3316 2840 3455 2895; x_wconf 86' lang='lat' dir='ltr'><strong>viri-</strong></span> 
     </span>
    </p>
   </div>
   <div class='ocr_carea' id='block_1_74' title="bbox 1876 2922 3451 3001">
    <p class='ocr_par' dir='ltr' id='par_1_74' title="bbox 1876 2922 3451 3001">
     <span class='ocr_line' id='line_1_74' title="bbox 1876 2922 3451 3001; baseline 0.006 -23"><span class='ocrx_word' id='word_1_566' title='bbox 1876 2922 1978 2978; x_wconf 82' lang='lat' dir='ltr'><strong>bus</strong></span> <span class='ocrx_word' id='word_1_567' title='bbox 2001 2922 2254 2977; x_wconf 86' lang='lat' dir='ltr'><strong>humanis</strong></span> <span class='ocrx_word' id='word_1_568' title='bbox 2314 2939 2448 2980; x_wconf 80' lang='lat' dir='ltr'><strong>usus</strong></span> <span class='ocrx_word' id='word_1_569' title='bbox 2469 2934 2575 2989; x_wconf 89' lang='lat' dir='ltr'><strong>est,</strong></span> <span class='ocrx_word' id='word_1_570' title='bbox 2606 2925 2662 2980; x_wconf 90' lang='lat' dir='ltr'><strong>in</strong></span> <span class='ocrx_word' id='word_1_571' title='bbox 2691 2925 3077 2985; x_wconf 86' lang='lat' dir='ltr'><strong>involuntariis</strong></span> <span class='ocrx_word' id='word_1_572' title='bbox 3111 2944 3451 3001; x_wconf 84' lang='lat' dir='ltr'><strong>numeratur,</strong></span> 
     </span>
    </p>
   </div>
   <div class='ocr_carea' id='block_1_75' title="bbox 1877 3014 3456 3096">
    <p class='ocr_par' dir='ltr' id='par_1_75' title="bbox 1877 3014 3456 3096">
     <span class='ocr_line' id='line_1_75' title="bbox 1877 3014 3456 3096; baseline 0.007 -25"><span class='ocrx_word' id='word_1_573' title='bbox 1877 3023 1940 3071; x_wconf 87' lang='lat' dir='ltr'><strong>ut</strong></span> <span class='ocrx_word' id='word_1_574' title='bbox 1984 3014 2081 3086; x_wconf 90' lang='lat' dir='ltr'><strong>qui</strong></span> <span class='ocrx_word' id='word_1_575' title='bbox 2136 3014 2284 3072; x_wconf 88' lang='lat' dir='ltr'><strong>aliud</strong></span> <span class='ocrx_word' id='word_1_576' title='bbox 2334 3016 2595 3085; x_wconf 91' lang='lat' dir='ltr'><strong>voluerit,</strong></span> <span class='ocrx_word' id='word_1_577' title='bbox 2633 3019 2781 3075; x_wconf 90' lang='lat' dir='ltr'><strong>aliud</strong></span> <span class='ocrx_word' id='word_1_578' title='bbox 2821 3022 3037 3076; x_wconf 79' lang='lat' dir='ltr'><strong>fecerit.</strong></span> <span class='ocrx_word' id='word_1_579' title='bbox 3069 3022 3205 3079; x_wconf 86' lang='lat' dir='ltr'><strong>Nam</strong></span> <span class='ocrx_word' id='word_1_580' title='bbox 3238 3041 3347 3096; x_wconf 75' lang='lat' dir='ltr'><strong>prae</strong></span> <span class='ocrx_word' id='word_1_581' title='bbox 3375 3027 3456 3083; x_wconf 92' lang='lat' dir='ltr'><strong>ira</strong></span> 
     </span>
    </p>
   </div>
   <div class='ocr_carea' id='block_1_76' title="bbox 1879 3108 3460 3185">
    <p class='ocr_par' dir='ltr' id='par_1_76' title="bbox 1879 3108 3460 3185">
     <span class='ocr_line' id='line_1_76' title="bbox 1879 3108 3460 3185; baseline 0.008 -22"><span class='ocrx_word' id='word_1_582' title='bbox 1879 3108 2051 3164; x_wconf 89' lang='lat' dir='ltr'><strong>ictum</strong></span> <span class='ocrx_word' id='word_1_583' title='bbox 2084 3110 2246 3167; x_wconf 88' lang='lat' dir='ltr'><strong>talem</strong></span> <span class='ocrx_word' id='word_1_584' title='bbox 2282 3110 2489 3179; x_wconf 78' lang='lat' dir='ltr'><strong>intulit,</strong></span> <span class='ocrx_word' id='word_1_585' title='bbox 2523 3121 2585 3168; x_wconf 90' lang='lat' dir='ltr'><strong>ut</strong></span> <span class='ocrx_word' id='word_1_586' title='bbox 2616 3113 2779 3169; x_wconf 86' lang='lat' dir='ltr'><strong>etiam</strong></span> <span class='ocrx_word' id='word_1_587' title='bbox 2825 3129 3146 3185; x_wconf 90' lang='lat' dir='ltr'><strong>percussum</strong></span> <span class='ocrx_word' id='word_1_588' title='bbox 3184 3118 3460 3175; x_wconf 79' lang='lat' dir='ltr'><strong>interﬁce-</strong></span> 
     </span>
    </p>
   </div>
   <div class='ocr_carea' id='block_1_77' title="bbox 1874 3203 3459 3274">
    <p class='ocr_par' dir='ltr' id='par_1_77' title="bbox 1874 3203 3459 3274">
     <span class='ocr_line' id='line_1_77' title="bbox 1874 3203 3459 3274; baseline 0.006 -19"><span class='ocrx_word' id='word_1_589' title='bbox 1874 3209 1989 3269; x_wconf 88' lang='lat' dir='ltr'><strong>ret;</strong></span> <span class='ocrx_word' id='word_1_590' title='bbox 2017 3218 2331 3274; x_wconf 90' lang='lat' dir='ltr'><strong>quanquam</strong></span> <span class='ocrx_word' id='word_1_591' title='bbox 2373 3203 2516 3260; x_wconf 86' lang='lat' dir='ltr'><strong>l&#39;orte</strong></span> <span class='ocrx_word' id='word_1_592' title='bbox 2566 3205 2622 3261; x_wconf 90' lang='lat' dir='ltr'><strong>in</strong></span> <span class='ocrx_word' id='word_1_593' title='bbox 2663 3206 2847 3263; x_wconf 90' lang='lat' dir='ltr'><strong>animo</strong></span> <span class='ocrx_word' id='word_1_594' title='bbox 2913 3207 3147 3265; x_wconf 87' lang='lat' dir='ltr'><strong>habebat</strong></span> <span class='ocrx_word' id='word_1_595' title='bbox 3174 3226 3296 3266; x_wconf 90' lang='lat' dir='ltr'><strong>eum</strong></span> <span class='ocrx_word' id='word_1_596' title='bbox 3324 3227 3459 3267; x_wconf 79' lang='lat' dir='ltr'><strong>con-</strong></span> 
     </span>
    </p>
   </div>
   <div class='ocr_carea' id='block_1_78' title="bbox 1879 3298 3459 3371">
    <p class='ocr_par' dir='ltr' id='par_1_78' title="bbox 1879 3298 3459 3371">
     <span class='ocr_line' id='line_1_78' title="bbox 1879 3298 3459 3371; baseline 0.006 -20"><span class='ocrx_word' id='word_1_597' title='bbox 1879 3303 2077 3361; x_wconf 90' lang='lat' dir='ltr'><strong>terere,</strong></span> <span class='ocrx_word' id='word_1_598' title='bbox 2128 3312 2237 3352; x_wconf 89' lang='lat' dir='ltr'><strong>non</strong></span> <span class='ocrx_word' id='word_1_599' title='bbox 2281 3306 2464 3353; x_wconf 87' lang='lat' dir='ltr'><strong>autem</strong></span> <span class='ocrx_word' id='word_1_600' title='bbox 2507 3298 2738 3354; x_wconf 92' lang='lat' dir='ltr'><strong>omnino</strong></span> <span class='ocrx_word' id='word_1_601' title='bbox 2770 3299 3107 3359; x_wconf 84' lang='lat' dir='ltr'><strong>interimere.</strong></span> <span class='ocrx_word' id='word_1_602' title='bbox 3139 3302 3243 3371; x_wconf 88' lang='lat' dir='ltr'><strong>Qui</strong></span> <span class='ocrx_word' id='word_1_603' title='bbox 3276 3316 3459 3361; x_wconf 91' lang='lat' dir='ltr'><strong>autem</strong></span> 
     </span>
    </p>
   </div>
   <div class='ocr_carea' id='block_1_79' title="bbox 1880 3387 3461 3460">
    <p class='ocr_par' dir='ltr' id='par_1_79' title="bbox 1880 3387 3461 3460">
     <span class='ocr_line' id='line_1_79' title="bbox 1880 3387 3461 3460; baseline 0.006 -16"><span class='ocrx_word' id='word_1_604' title='bbox 1880 3401 2015 3444; x_wconf 84' lang='lat' dir='ltr'><strong>ense</strong></span> <span class='ocrx_word' id='word_1_605' title='bbox 2068 3387 2153 3442; x_wconf 89' lang='lat' dir='ltr'><strong>vel</strong></span> <span class='ocrx_word' id='word_1_606' title='bbox 2195 3389 2391 3459; x_wconf 88' lang='lat' dir='ltr'><strong>quavis</strong></span> <span class='ocrx_word' id='word_1_607' title='bbox 2436 3402 2497 3444; x_wconf 91' lang='lat' dir='ltr'><strong>re</strong></span> <span class='ocrx_word' id='word_1_608' title='bbox 2526 3390 2691 3445; x_wconf 89' lang='lat' dir='ltr'><strong>simili</strong></span> <span class='ocrx_word' id='word_1_609' title='bbox 2735 3407 2869 3447; x_wconf 89' lang='lat' dir='ltr'><strong>usus</strong></span> <span class='ocrx_word' id='word_1_610' title='bbox 2898 3403 3003 3460; x_wconf 89' lang='lat' dir='ltr'><strong>est,</strong></span> <span class='ocrx_word' id='word_1_611' title='bbox 3038 3396 3245 3451; x_wconf 90' lang='lat' dir='ltr'><strong>nullam</strong></span> <span class='ocrx_word' id='word_1_612' title='bbox 3297 3398 3461 3453; x_wconf 81' lang='lat' dir='ltr'><strong>habet</strong></span> 
     </span>
    </p>
   </div>
   <div class='ocr_carea' id='block_1_80' title="bbox 1877 3479 3460 3557">
    <p class='ocr_par' dir='ltr' id='par_1_80' title="bbox 1877 3479 3460 3557">
     <span class='ocr_line' id='line_1_80' title="bbox 1877 3479 3460 3557; baseline 0.006 -21"><span class='ocrx_word' id='word_1_613' title='bbox 1877 3479 2326 3537; x_wconf 81' lang='lat' dir='ltr'><strong>excusationem:</strong></span> <span class='ocrx_word' id='word_1_614' title='bbox 2370 3488 2425 3535; x_wconf 88' lang='lat' dir='ltr'><strong>et</strong></span> <span class='ocrx_word' id='word_1_615' title='bbox 2474 3483 2732 3549; x_wconf 79' lang='lat' dir='ltr'><strong>maxime,</strong></span> <span class='ocrx_word' id='word_1_616' title='bbox 2776 3483 2868 3554; x_wconf 85' lang='lat' dir='ltr'><strong>qui</strong></span> <span class='ocrx_word' id='word_1_617' title='bbox 2922 3488 3159 3542; x_wconf 88' lang='lat' dir='ltr'><strong>securim</strong></span> <span class='ocrx_word' id='word_1_618' title='bbox 3183 3488 3460 3557; x_wconf 81' lang='lat' dir='ltr'><strong>jaculatus</strong></span> 
     </span>
    </p>
   </div>
   <div class='ocr_carea' id='block_1_81' title="bbox 1879 3570 3458 3651">
    <p class='ocr_par' dir='ltr' id='par_1_81' title="bbox 1879 3570 3458 3651">
     <span class='ocr_line' id='line_1_81' title="bbox 1879 3570 3458 3651; baseline 0.006 -23"><span class='ocrx_word' id='word_1_619' title='bbox 1879 3580 1990 3628; x_wconf 90' lang='lat' dir='ltr'><strong>est.</strong></span> <span class='ocrx_word' id='word_1_620' title='bbox 2026 3570 2379 3627; x_wconf 82' lang='lat' dir='ltr'><strong>Manifestum</strong></span> <span class='ocrx_word' id='word_1_621' title='bbox 2414 3581 2502 3628; x_wconf 91' lang='lat' dir='ltr'><strong>est</strong></span> <span class='ocrx_word' id='word_1_622' title='bbox 2525 3574 2671 3629; x_wconf 87' lang='lat' dir='ltr'><strong>enim</strong></span> <span class='ocrx_word' id='word_1_623' title='bbox 2714 3574 2867 3631; x_wconf 89' lang='lat' dir='ltr'><strong>illum</strong></span> <span class='ocrx_word' id='word_1_624' title='bbox 2897 3593 3058 3633; x_wconf 89' lang='lat' dir='ltr'><strong>manu</strong></span> <span class='ocrx_word' id='word_1_625' title='bbox 3091 3595 3197 3634; x_wconf 91' lang='lat' dir='ltr'><strong>non</strong></span> <span class='ocrx_word' id='word_1_626' title='bbox 3231 3598 3458 3651; x_wconf 83' lang='lat' dir='ltr'><strong>percus-</strong></span> 
     </span>
    </p>
   </div>
   <div class='ocr_carea' id='block_1_82' title="bbox 1880 3665 3457 3745">
    <p class='ocr_par' dir='ltr' id='par_1_82' title="bbox 1880 3665 3457 3745">
     <span class='ocr_line' id='line_1_82' title="bbox 1880 3665 3457 3745; baseline 0.005 -23"><span class='ocrx_word' id='word_1_627' title='bbox 1880 3665 2040 3730; x_wconf 88' lang='lat' dir='ltr'><strong>sisse,</strong></span> <span class='ocrx_word' id='word_1_628' title='bbox 2071 3667 2145 3721; x_wconf 89' lang='lat' dir='ltr'><strong>ita</strong></span> <span class='ocrx_word' id='word_1_629' title='bbox 2180 3673 2241 3721; x_wconf 91' lang='lat' dir='ltr'><strong>ut</strong></span> <span class='ocrx_word' id='word_1_630' title='bbox 2290 3666 2458 3722; x_wconf 88' lang='lat' dir='ltr'><strong>ictum</strong></span> <span class='ocrx_word' id='word_1_631' title='bbox 2491 3667 2560 3723; x_wconf 88' lang='lat' dir='ltr'><strong>ad</strong></span> <span class='ocrx_word' id='word_1_632' title='bbox 2610 3666 2900 3727; x_wconf 84' lang='lat' dir='ltr'><strong>arbitrium</strong></span> <span class='ocrx_word' id='word_1_633' title='bbox 2936 3674 3206 3727; x_wconf 86' lang='lat' dir='ltr'><strong>moderari</strong></span> <span class='ocrx_word' id='word_1_634' title='bbox 3234 3684 3457 3745; x_wconf 81' lang='lat' dir='ltr'><strong>posset:</strong></span> 
     </span>
    </p>
   </div>
   <div class='ocr_carea' id='block_1_83' title="bbox 1881 3756 3462 3832">
    <p class='ocr_par' dir='ltr' id='par_1_83' title="bbox 1881 3756 3462 3832">
     <span class='ocr_line' id='line_1_83' title="bbox 1881 3756 3462 3832; baseline 0.007 -20"><span class='ocrx_word' id='word_1_635' title='bbox 1881 3757 1976 3812; x_wconf 87' lang='lat' dir='ltr'><strong>sed</strong></span> <span class='ocrx_word' id='word_1_636' title='bbox 2029 3756 2306 3827; x_wconf 88' lang='lat' dir='ltr'><strong>jaeulatus</strong></span> <span class='ocrx_word' id='word_1_637' title='bbox 2340 3768 2446 3824; x_wconf 86' lang='lat' dir='ltr'><strong>est,</strong></span> <span class='ocrx_word' id='word_1_638' title='bbox 2500 3757 2573 3813; x_wconf 89' lang='lat' dir='ltr'><strong>ita</strong></span> <span class='ocrx_word' id='word_1_639' title='bbox 2602 3768 2664 3814; x_wconf 90' lang='lat' dir='ltr'><strong>ut</strong></span> <span class='ocrx_word' id='word_1_640' title='bbox 2709 3769 2765 3817; x_wconf 91' lang='lat' dir='ltr'><strong>et</strong></span> <span class='ocrx_word' id='word_1_641' title='bbox 2806 3762 3069 3832; x_wconf 76' lang='lat' dir='ltr'><strong>gravitate</strong></span> <span class='ocrx_word' id='word_1_642' title='bbox 3100 3762 3228 3819; x_wconf 83' lang='lat' dir='ltr'><strong>ferri</strong></span> <span class='ocrx_word' id='word_1_643' title='bbox 3253 3777 3305 3820; x_wconf 91' lang='lat' dir='ltr'><strong>et</strong></span> <span class='ocrx_word' id='word_1_644' title='bbox 3344 3768 3462 3823; x_wconf 86' lang='lat' dir='ltr'><strong>acie</strong></span> 
     </span>
    </p>
   </div>
   <div class='ocr_carea' id='block_1_84' title="bbox 1880 3849 3459 3921">
    <p class='ocr_par' dir='ltr' id='par_1_84' title="bbox 1880 3849 3459 3921">
     <span class='ocr_line' id='line_1_84' title="bbox 1880 3849 3459 3921; baseline 0.005 -16"><span class='ocrx_word' id='word_1_645' title='bbox 1880 3858 1936 3905; x_wconf 91' lang='lat' dir='ltr'><strong>et</strong></span> <span class='ocrx_word' id='word_1_646' title='bbox 1966 3860 2115 3905; x_wconf 91' lang='lat' dir='ltr'><strong>motu</strong></span> <span class='ocrx_word' id='word_1_647' title='bbox 2134 3864 2164 3904; x_wconf 91' lang='lat' dir='ltr'><strong>e</strong></span> <span class='ocrx_word' id='word_1_648' title='bbox 2191 3849 2515 3921; x_wconf 82' lang='lat' dir='ltr'><strong>longinquo,</strong></span> <span class='ocrx_word' id='word_1_649' title='bbox 2536 3851 2679 3908; x_wconf 90' lang='lat' dir='ltr'><strong>ictus</strong></span> <span class='ocrx_word' id='word_1_650' title='bbox 2701 3855 3015 3910; x_wconf 89' lang='lat' dir='ltr'><strong>necessario</strong></span> <span class='ocrx_word' id='word_1_651' title='bbox 3046 3856 3265 3912; x_wconf 86' lang='lat' dir='ltr'><strong>lethaiis</strong></span> <span class='ocrx_word' id='word_1_652' title='bbox 3287 3858 3459 3913; x_wconf 81' lang='lat' dir='ltr'><strong>ﬁeret.</strong></span> 
     </span>
    </p>
   </div>
   <div class='ocr_carea' id='block_1_85' title="bbox 1884 3940 3458 4016">
    <p class='ocr_par' dir='ltr' id='par_1_85' title="bbox 1884 3940 3458 4016">
     <span class='ocr_line' id='line_1_85' title="bbox 1884 3940 3458 4016; baseline 0.005 -20"><span class='ocrx_word' id='word_1_653' title='bbox 1884 3940 2098 3998; x_wconf 82' lang='lat' dir='ltr'><strong>Rursus</strong></span> <span class='ocrx_word' id='word_1_654' title='bbox 2131 3952 2311 3998; x_wconf 89' lang='lat' dir='ltr'><strong>autem</strong></span> <span class='ocrx_word' id='word_1_655' title='bbox 2348 3945 2577 4000; x_wconf 89' lang='lat' dir='ltr'><strong>omnino</strong></span> <span class='ocrx_word' id='word_1_656' title='bbox 2605 3955 2691 4001; x_wconf 91' lang='lat' dir='ltr'><strong>est</strong></span> <span class='ocrx_word' id='word_1_657' title='bbox 2728 3947 3129 4016; x_wconf 88' lang='lat' dir='ltr'><strong>voluntarium,</strong></span> <span class='ocrx_word' id='word_1_658' title='bbox 3156 3964 3220 4005; x_wconf 92' lang='lat' dir='ltr'><strong>ac</strong></span> <span class='ocrx_word' id='word_1_659' title='bbox 3257 3950 3458 4004; x_wconf 90' lang='lat' dir='ltr'><strong>nullam</strong></span> 
     </span>
    </p>
   </div>
   <div class='ocr_carea' id='block_1_86' title="bbox 1884 4034 3461 4109">
    <p class='ocr_par' dir='ltr' id='par_1_86' title="bbox 1884 4034 3461 4109">
     <span class='ocr_line' id='line_1_86' title="bbox 1884 4034 3461 4109; baseline 0.006 -21"><span class='ocrx_word' id='word_1_660' title='bbox 1884 4034 2094 4090; x_wconf 87' lang='lat' dir='ltr'><strong>habens</strong></span> <span class='ocrx_word' id='word_1_661' title='bbox 2143 4036 2566 4103; x_wconf 75' lang='lat' dir='ltr'><strong>dubitationem,</strong></span> <span class='ocrx_word' id='word_1_662' title='bbox 2602 4038 2748 4107; x_wconf 89' lang='lat' dir='ltr'><strong>quod</strong></span> <span class='ocrx_word' id='word_1_663' title='bbox 2780 4038 2840 4094; x_wconf 84' lang='lat' dir='ltr'><strong>ﬁt</strong></span> <span class='ocrx_word' id='word_1_664' title='bbox 2871 4056 2902 4094; x_wconf 88' lang='lat' dir='ltr'><strong>a</strong></span> <span class='ocrx_word' id='word_1_665' title='bbox 2951 4040 3285 4109; x_wconf 85' lang='lat' dir='ltr'><strong>latronibus,</strong></span> <span class='ocrx_word' id='word_1_666' title='bbox 3315 4053 3368 4098; x_wconf 92' lang='lat' dir='ltr'><strong>et</strong></span> <span class='ocrx_word' id='word_1_667' title='bbox 3407 4046 3461 4098; x_wconf 90' lang='lat' dir='ltr'><strong>in</strong></span> 
     </span>
    </p>
   </div>
   <div class='ocr_carea' id='block_1_87' title="bbox 1884 4126 3464 4201">
    <p class='ocr_par' dir='ltr' id='par_1_87' title="bbox 1884 4126 3464 4201">
     <span class='ocr_line' id='line_1_87' title="bbox 1884 4126 3464 4201; baseline 0.003 -19"><span class='ocrx_word' id='word_1_668' title='bbox 1884 4126 2096 4182; x_wconf 82' lang='lat' dir='ltr'><strong>bellicis</strong></span> <span class='ocrx_word' id='word_1_669' title='bbox 2140 4126 2572 4182; x_wconf 87' lang='lat' dir='ltr'><strong>incursionibus.</strong></span> <span class='ocrx_word' id='word_1_670' title='bbox 2621 4126 2688 4181; x_wconf 82' lang='lat' dir='ltr'><strong>Hi</strong></span> <span class='ocrx_word' id='word_1_671' title='bbox 2733 4128 2885 4183; x_wconf 90' lang='lat' dir='ltr'><strong>enim</strong></span> <span class='ocrx_word' id='word_1_672' title='bbox 2939 4138 3160 4199; x_wconf 89' lang='lat' dir='ltr'><strong>propter</strong></span> <span class='ocrx_word' id='word_1_673' title='bbox 3201 4132 3464 4201; x_wconf 87' lang='lat' dir='ltr'><strong>pecunias</strong></span> 
     </span>
    </p>
   </div>
   <div class='ocr_carea' id='block_1_88' title="bbox 1884 4218 3459 4288">
    <p class='ocr_par' dir='ltr' id='par_1_88' title="bbox 1884 4218 3459 4288">
     <span class='ocr_line' id='line_1_88' title="bbox 1884 4218 3459 4288; baseline 0 -15"><span class='ocrx_word' id='word_1_674' title='bbox 1884 4218 2230 4283; x_wconf 91' lang='lat' dir='ltr'><strong>interimunt,</strong></span> <span class='ocrx_word' id='word_1_675' title='bbox 2276 4228 2533 4274; x_wconf 88' lang='lat' dir='ltr'><strong>caventes</strong></span> <span class='ocrx_word' id='word_1_676' title='bbox 2580 4233 2647 4273; x_wconf 89' lang='lat' dir='ltr'><strong>ne</strong></span> <span class='ocrx_word' id='word_1_677' title='bbox 2692 4219 3133 4274; x_wconf 87' lang='lat' dir='ltr'><strong>convineantur:</strong></span> <span class='ocrx_word' id='word_1_678' title='bbox 3182 4230 3235 4274; x_wconf 92' lang='lat' dir='ltr'><strong>et</strong></span> <span class='ocrx_word' id='word_1_679' title='bbox 3267 4221 3359 4288; x_wconf 86' lang='lat' dir='ltr'><strong>qui</strong></span> <span class='ocrx_word' id='word_1_680' title='bbox 3405 4221 3459 4273; x_wconf 93' lang='lat' dir='ltr'><strong>in</strong></span> 
     </span>
    </p>
   </div>
   <div class='ocr_carea' id='block_1_89' title="bbox 1884 4307 3464 4375">
    <p class='ocr_par' dir='ltr' id='par_1_89' title="bbox 1884 4307 3464 4375">
     <span class='ocr_line' id='line_1_89' title="bbox 1884 4307 3464 4375; baseline -0.003 -9"><span class='ocrx_word' id='word_1_681' title='bbox 1884 4310 2042 4366; x_wconf 89' lang='lat' dir='ltr'><strong>hellis</strong></span> <span class='ocrx_word' id='word_1_682' title='bbox 2061 4310 2127 4364; x_wconf 92' lang='lat' dir='ltr'><strong>ad</strong></span> <span class='ocrx_word' id='word_1_683' title='bbox 2151 4309 2351 4365; x_wconf 61' lang='lat' dir='ltr'><strong>caedem</strong></span> <span class='ocrx_word' id='word_1_684' title='bbox 2378 4307 2651 4375; x_wconf 78' lang='lat' dir='ltr'><strong>feruntur,</strong></span> <span class='ocrx_word' id='word_1_685' title='bbox 2683 4309 2767 4363; x_wconf 90' lang='lat' dir='ltr'><strong>his</strong></span> <span class='ocrx_word' id='word_1_686' title='bbox 2792 4323 2890 4363; x_wconf 86' lang='lat' dir='ltr'><strong>nec</strong></span> <span class='ocrx_word' id='word_1_687' title='bbox 2918 4317 3138 4375; x_wconf 89' lang='lat' dir='ltr'><strong>terrere,</strong></span> <span class='ocrx_word' id='word_1_688' title='bbox 3170 4326 3270 4364; x_wconf 87' lang='lat' dir='ltr'><strong>nec</strong></span> <span class='ocrx_word' id='word_1_689' title='bbox 3296 4310 3464 4364; x_wconf 82' lang='lat' dir='ltr'><strong>casti-</strong></span> 
     </span>
    </p>
   </div>
   <div class='ocr_carea' id='block_1_90' title="bbox 1883 4400 3462 4472">
    <p class='ocr_par' dir='ltr' id='par_1_90' title="bbox 1883 4400 3462 4472">
     <span class='ocr_line' id='line_1_90' title="bbox 1883 4400 3462 4472; baseline -0.001 -16"><span class='ocrx_word' id='word_1_690' title='bbox 1883 4416 2034 4472; x_wconf 80' lang='lat' dir='ltr'><strong>gare,</strong></span> <span class='ocrx_word' id='word_1_691' title='bbox 2080 4402 2175 4456; x_wconf 89' lang='lat' dir='ltr'><strong>sed</strong></span> <span class='ocrx_word' id='word_1_692' title='bbox 2231 4401 2581 4457; x_wconf 88' lang='lat' dir='ltr'><strong>adversarios</strong></span> <span class='ocrx_word' id='word_1_693' title='bbox 2623 4400 2933 4456; x_wconf 74' lang='lat' dir='ltr'><strong>interficere</strong></span> <span class='ocrx_word' id='word_1_694' title='bbox 2977 4412 3165 4471; x_wconf 90' lang='lat' dir='ltr'><strong>aperte</strong></span> <span class='ocrx_word' id='word_1_695' title='bbox 3212 4404 3462 4472; x_wconf 87' lang='lat' dir='ltr'><strong>proposi-</strong></span> 
     </span>
    </p>
   </div>
   <div class='ocr_carea' id='block_1_91' title="bbox 1885 4492 3461 4564">
    <p class='ocr_par' dir='ltr' id='par_1_91' title="bbox 1885 4492 3461 4564">
     <span class='ocr_line' id='line_1_91' title="bbox 1885 4492 3461 4564; baseline -0.001 -16"><span class='ocrx_word' id='word_1_696' title='bbox 1885 4504 1999 4550; x_wconf 91' lang='lat' dir='ltr'><strong>tum</strong></span> <span class='ocrx_word' id='word_1_697' title='bbox 2031 4503 2130 4550; x_wconf 93' lang='lat' dir='ltr'><strong>est.</strong></span> <span class='ocrx_word' id='word_1_698' title='bbox 2164 4493 2341 4562; x_wconf 89' lang='lat' dir='ltr'><strong>Atque</strong></span> <span class='ocrx_word' id='word_1_699' title='bbox 2371 4492 2589 4548; x_wconf 87' lang='lat' dir='ltr'><strong>etiamsi</strong></span> <span class='ocrx_word' id='word_1_700' title='bbox 2618 4492 2742 4563; x_wconf 89' lang='lat' dir='ltr'><strong>quis</strong></span> <span class='ocrx_word' id='word_1_701' title='bbox 2773 4500 2995 4563; x_wconf 90' lang='lat' dir='ltr'><strong>propter</strong></span> <span class='ocrx_word' id='word_1_702' title='bbox 3028 4493 3264 4564; x_wconf 86' lang='lat' dir='ltr'><strong>aliquam</strong></span> <span class='ocrx_word' id='word_1_703' title='bbox 3298 4494 3461 4549; x_wconf 89' lang='lat' dir='ltr'><strong>aliam</strong></span> 
     </span>
    </p>
   </div>
   <div class='ocr_carea' id='block_1_92' title="bbox 219 4582 1772 4674">
    <p class='ocr_par' dir='ltr' id='par_1_92' title="bbox 219 4594 1771 4674">
     <span class='ocr_line' id='line_1_92' title="bbox 219 4594 1771 4674; baseline 0.005 -28"><span class='ocrx_word' id='word_1_704' title='bbox 219 4594 506 4667; x_wconf 81' lang='grc' dir='ltr'><strong>περίεργον,</strong></span> <span class='ocrx_word' id='word_1_705' title='bbox 544 4602 837 4674; x_wconf 83' lang='grc' dir='ltr'><strong>φάρμακόν</strong></span> <span class='ocrx_word' id='word_1_706' title='bbox 859 4620 942 4666; x_wconf 88' lang='grc' dir='ltr'><strong>τις</strong></span> <span class='ocrx_word' id='word_1_707' title='bbox 976 4601 1275 4673; x_wconf 72' lang='grc' dir='ltr'><strong>ἐγκεράσῃ.</strong></span> <span class='ocrx_word' id='word_1_708' title='bbox 1296 4601 1460 4671; x_wconf 80' lang='grc' dir='ltr'><strong>ἀνέλῃ</strong></span> <span class='ocrx_word' id='word_1_709' title='bbox 1495 4599 1571 4666; x_wconf 82' lang='grc' dir='ltr'><strong>δὲ,</strong></span> <span class='ocrx_word' id='word_1_710' title='bbox 1612 4600 1771 4653; x_wconf 81' lang='grc' dir='ltr'><strong>ἐκού-</strong></span> 
     </span>
    </p>
   </div>
   <div class='ocr_carea' id='block_1_93' title="bbox 1880 4582 3455 4674">
    <p class='ocr_par' dir='ltr' id='par_1_93' title="bbox 1880 4582 3455 4654">
     <span class='ocr_line' id='line_1_93' title="bbox 1880 4582 3455 4654; baseline -0.001 -13"><span class='ocrx_word' id='word_1_711' title='bbox 1880 4602 2103 4641; x_wconf 88' lang='lat' dir='ltr'><strong>causam</strong></span> <span class='ocrx_word' id='word_1_712' title='bbox 2131 4585 2419 4640; x_wconf 90' lang='lat' dir='ltr'><strong>curiosum</strong></span> <span class='ocrx_word' id='word_1_713' title='bbox 2455 4584 2815 4654; x_wconf 86' lang='lat' dir='ltr'><strong>pharmacum</strong></span> <span class='ocrx_word' id='word_1_714' title='bbox 2850 4582 3157 4648; x_wconf 86' lang='lat' dir='ltr'><strong>miscuerit,</strong></span> <span class='ocrx_word' id='word_1_715' title='bbox 3194 4592 3247 4639; x_wconf 92' lang='lat' dir='ltr'><strong>et</strong></span> <span class='ocrx_word' id='word_1_716' title='bbox 3283 4584 3455 4639; x_wconf 87' lang='lat' dir='ltr'><strong>inter-</strong></span> 
     </span>
    </p>
   </div>
   <div class='ocr_carea' id='block_1_94' title="bbox 222 4691 1779 4764">
    <p class='ocr_par' dir='ltr' id='par_1_94' title="bbox 222 4691 1779 4764">
     <span class='ocr_line' id='line_1_94' title="bbox 222 4691 1779 4764; baseline 0.006 -29"><span class='ocrx_word' id='word_1_717' title='bbox 222 4700 320 4739; x_wconf 87' lang='grc' dir='ltr'><strong>σιον</strong></span> <span class='ocrx_word' id='word_1_718' title='bbox 345 4691 593 4762; x_wconf 83' lang='grc' dir='ltr'><strong>τιθέμεθα</strong></span> <span class='ocrx_word' id='word_1_719' title='bbox 616 4696 680 4749; x_wconf 86' lang='grc' dir='ltr'><strong>τὸ</strong></span> <span class='ocrx_word' id='word_1_720' title='bbox 705 4695 969 4761; x_wconf 81' lang='grc' dir='ltr'><strong>τοιοῦτον,</strong></span> <span class='ocrx_word' id='word_1_721' title='bbox 1001 4691 1113 4751; x_wconf 76' lang='grc' dir='ltr'><strong>οἷον</strong></span> <span class='ocrx_word' id='word_1_722' title='bbox 1158 4695 1405 4749; x_wconf 81' lang='grc' dir='ltr'><strong>ποιοῦσιν</strong></span> <span class='ocrx_word' id='word_1_723' title='bbox 1431 4697 1487 4749; x_wconf 88' lang='grc' dir='ltr'><strong>αί</strong></span> <span class='ocrx_word' id='word_1_724' title='bbox 1517 4694 1779 4764; x_wconf 82' lang='grc' dir='ltr'><strong>γυναῖκες</strong></span> 
     </span>
    </p>
   </div>
   <div class='ocr_carea' id='block_1_95' title="bbox 222 4776 1779 4857">
    <p class='ocr_par' dir='ltr' id='par_1_95' title="bbox 222 4776 1779 4857">
     <span class='ocr_line' id='line_1_95' title="bbox 222 4776 1779 4857; baseline 0.014 -30"><span class='ocrx_word' id='word_1_725' title='bbox 222 4776 454 4847; x_wconf 79' lang='grc' dir='ltr'><strong>πολλάκις</strong></span> <span class='ocrx_word' id='word_1_726' title='bbox 495 4787 793 4855; x_wconf 69' lang='grc' dir='ltr'><strong>ἐπαοιδαῖς,</strong></span> <span class='ocrx_word' id='word_1_727' title='bbox 819 4806 930 4841; x_wconf 90' lang='grc' dir='ltr'><strong>τισι</strong></span> <span class='ocrx_word' id='word_1_728' title='bbox 962 4788 1060 4842; x_wconf 74' lang='grc' dir='ltr'><strong>καὶ</strong></span> <span class='ocrx_word' id='word_1_729' title='bbox 1108 4788 1492 4857; x_wconf 84' lang='grc' dir='ltr'><strong>καταδέσμοις,</strong></span> <span class='ocrx_word' id='word_1_730' title='bbox 1544 4784 1679 4855; x_wconf 79' lang='grc' dir='ltr'><strong>πρὸς</strong></span> <span class='ocrx_word' id='word_1_731' title='bbox 1717 4782 1779 4836; x_wconf 83' lang='grc' dir='ltr'><strong>τδ</strong></span> 
     </span>
    </p>
   </div>
   <div class='ocr_carea' id='block_1_96' title="bbox 222 4867 1780 4955">
    <p class='ocr_par' dir='ltr' id='par_1_96' title="bbox 222 4867 1780 4955">
     <span class='ocr_line' id='line_1_96' title="bbox 222 4867 1780 4955; baseline 0.004 -33"><span class='ocrx_word' id='word_1_732' title='bbox 222 4867 406 4928; x_wconf 77' lang='grc' dir='ltr'><strong>ἑαυτῶν</strong></span> <span class='ocrx_word' id='word_1_733' title='bbox 433 4879 652 4955; x_wconf 81' lang='grc' dir='ltr'><strong>φίλτρον</strong></span> <span class='ocrx_word' id='word_1_734' title='bbox 685 4881 987 4950; x_wconf 79' lang='grc' dir='ltr'><strong>ἐπάγεσθαι</strong></span> <span class='ocrx_word' id='word_1_735' title='bbox 1042 4879 1405 4951; x_wconf 84' lang='grc' dir='ltr'><strong>πειρώμεναι,</strong></span> <span class='ocrx_word' id='word_1_736' title='bbox 1434 4878 1532 4933; x_wconf 75' lang='grc' dir='ltr'><strong>καὶ</strong></span> <span class='ocrx_word' id='word_1_737' title='bbox 1594 4875 1780 4948; x_wconf 84' lang='grc' dir='ltr'><strong>προδι-</strong></span> 
     </span>
    </p>
   </div>
   <div class='ocr_carea' id='block_1_97' title="bbox 227 4959 1780 5048">
    <p class='ocr_par' dir='ltr' id='par_1_97' title="bbox 227 4959 1780 5048">
     <span class='ocr_line' id='line_1_97' title="bbox 227 4959 1780 5048; baseline 0.006 -36"><span class='ocrx_word' id='word_1_738' title='bbox 227 4959 393 5021; x_wconf 80' lang='grc' dir='ltr'><strong>δοῦσαι</strong></span> <span class='ocrx_word' id='word_1_739' title='bbox 423 4973 603 5039; x_wconf 80' lang='grc' dir='ltr'><strong>αὐτοῖς</strong></span> <span class='ocrx_word' id='word_1_740' title='bbox 632 4976 924 5048; x_wconf 71' lang='grc' dir='ltr'><strong>φάρμακα,</strong></span> <span class='ocrx_word' id='word_1_741' title='bbox 960 4974 1226 5027; x_wconf 86' lang='grc' dir='ltr'><strong>σκότωσιν</strong></span> <span class='ocrx_word' id='word_1_742' title='bbox 1279 4970 1613 5043; x_wconf 80' lang='grc' dir='ltr'><strong>ἐμποιοῦντα</strong></span> <span class='ocrx_word' id='word_1_743' title='bbox 1659 4969 1780 5030; x_wconf 86' lang='grc' dir='ltr'><strong>ταῖς</strong></span> 
     </span>
    </p>
   </div>
   <div class='ocr_carea' id='block_1_98' title="bbox 224 5051 1781 5131">
    <p class='ocr_par' dir='ltr' id='par_1_98' title="bbox 224 5051 1781 5131">
     <span class='ocr_line' id='line_1_98' title="bbox 224 5051 1781 5131; baseline 0.003 -23"><span class='ocrx_word' id='word_1_744' title='bbox 224 5051 459 5127; x_wconf 80' lang='grc' dir='ltr'><strong>διανοίαις</strong></span> <span class='ocrx_word' id='word_1_745' title='bbox 480 5081 495 5096; x_wconf 72' lang='grc' dir='ltr'><strong>ο</strong></span> <span class='ocrx_word' id='word_1_746' title='bbox 524 5069 580 5121; x_wconf 74' lang='grc' dir='ltr'><strong>αἱ</strong></span> <span class='ocrx_word' id='word_1_747' title='bbox 622 5067 869 5122; x_wconf 84' lang='grc' dir='ltr'><strong>τοιαῦται</strong></span> <span class='ocrx_word' id='word_1_748' title='bbox 922 5065 1232 5131; x_wconf 80' lang='grc' dir='ltr'><strong>ἀνελοῦσαι,</strong></span> <span class='ocrx_word' id='word_1_749' title='bbox 1262 5066 1310 5118; x_wconf 80' lang='grc' dir='ltr'><strong>εἰ</strong></span> <span class='ocrx_word' id='word_1_750' title='bbox 1338 5065 1432 5118; x_wconf 75' lang='grc' dir='ltr'><strong>καὶ</strong></span> <span class='ocrx_word' id='word_1_751' title='bbox 1465 5062 1594 5116; x_wconf 78' lang='grc' dir='ltr'><strong>ἄλλο</strong></span> <span class='ocrx_word' id='word_1_752' title='bbox 1644 5077 1781 5131; x_wconf 61' lang='grc' dir='ltr'><strong>προ-</strong></span> 
     </span>
    </p>
   </div>
   <div class='ocr_carea' id='block_1_99' title="bbox 229 5144 1781 5229">
    <p class='ocr_par' dir='ltr' id='par_1_99' title="bbox 229 5144 1781 5229">
     <span class='ocr_line' id='line_1_99' title="bbox 229 5144 1781 5229; baseline 0.001 -28"><span class='ocrx_word' id='word_1_753' title='bbox 229 5144 485 5220; x_wconf 75' lang='grc' dir='ltr'><strong>εὶόμεναι,</strong></span> <span class='ocrx_word' id='word_1_754' title='bbox 516 5154 641 5209; x_wconf 81' lang='grc' dir='ltr'><strong>ἄλλο</strong></span> <span class='ocrx_word' id='word_1_755' title='bbox 656 5157 942 5229; x_wconf 74' lang='grc' dir='ltr'><strong>ἐποίησαν,</strong></span> <span class='ocrx_word' id='word_1_756' title='bbox 974 5158 1124 5227; x_wconf 83' lang='grc' dir='ltr'><strong>ὅμως</strong></span> <span class='ocrx_word' id='word_1_757' title='bbox 1143 5155 1233 5209; x_wconf 75' lang='grc' dir='ltr'><strong>διὰ</strong></span> <span class='ocrx_word' id='word_1_758' title='bbox 1262 5153 1325 5206; x_wconf 82' lang='grc' dir='ltr'><strong>τὸ</strong></span> <span class='ocrx_word' id='word_1_759' title='bbox 1358 5151 1651 5223; x_wconf 89' lang='grc' dir='ltr'><strong>περίεργον</strong></span> <span class='ocrx_word' id='word_1_760' title='bbox 1689 5146 1781 5201; x_wconf 71' lang='grc' dir='ltr'><strong>καὶ</strong></span> 
     </span>
    </p>
   </div>
   <div class='ocr_carea' id='block_1_100' title="bbox 229 5234 1780 5320">
    <p class='ocr_par' dir='ltr' id='par_1_100' title="bbox 229 5234 1780 5320">
     <span class='ocr_line' id='line_1_100' title="bbox 229 5234 1780 5320; baseline -0.012 -10"><span class='ocrx_word' id='word_1_761' title='bbox 229 5234 646 5318; x_wconf 73' lang='grc' dir='ltr'><strong>ἀπηγορευμένον</strong></span> <span class='ocrx_word' id='word_1_762' title='bbox 671 5251 770 5320; x_wconf 83' lang='grc' dir='ltr'><strong>τῆς</strong></span> <span class='ocrx_word' id='word_1_763' title='bbox 809 5248 1234 5320; x_wconf 73' lang='grc' dir='ltr'><strong>ἐπιτηδεύσεως,</strong></span> <span class='ocrx_word' id='word_1_764' title='bbox 1261 5248 1319 5300; x_wconf 81' lang='grc' dir='ltr'><strong>ἐν</strong></span> <span class='ocrx_word' id='word_1_765' title='bbox 1347 5246 1463 5307; x_wconf 87' lang='grc' dir='ltr'><strong>τοῖς</strong></span> <span class='ocrx_word' id='word_1_766' title='bbox 1514 5239 1780 5301; x_wconf 80' lang='grc' dir='ltr'><strong>ἑκουσίως</strong></span> 
     </span>
    </p>
   </div>
   <div class='ocr_carea' id='block_1_101' title="bbox 233 5330 1781 5410">
    <p class='ocr_par' dir='ltr' id='par_1_101' title="bbox 233 5330 1781 5410">
     <span class='ocr_line' id='line_1_101' title="bbox 233 5330 1781 5410; baseline -0.006 -19"><span class='ocrx_word' id='word_1_767' title='bbox 233 5330 491 5391; x_wconf 77' lang='grc' dir='ltr'><strong>φονεύουσι</strong></span> <span class='ocrx_word' id='word_1_768' title='bbox 519 5340 965 5410; x_wconf 81' lang='grc' dir='ltr'><strong>καταλογίζονται</strong></span> <span class='ocrx_word' id='word_1_769' title='bbox 997 5353 1012 5367; x_wconf 91' lang='grc'><strong>·</strong></span> <span class='ocrx_word' id='word_1_770' title='bbox 1044 5339 1139 5392; x_wconf 73' lang='grc' dir='ltr'><strong>καὶ</strong></span> <span class='ocrx_word' id='word_1_771' title='bbox 1169 5338 1225 5391; x_wconf 79' lang='grc' dir='ltr'><strong>αἱ</strong></span> <span class='ocrx_word' id='word_1_772' title='bbox 1255 5335 1435 5390; x_wconf 91' lang='grc' dir='ltr'><strong>τοίνυν</strong></span> <span class='ocrx_word' id='word_1_773' title='bbox 1465 5333 1534 5387; x_wconf 83' lang='grc' dir='ltr'><strong>τὰ</strong></span> <span class='ocrx_word' id='word_1_774' title='bbox 1561 5330 1781 5402; x_wconf 76' lang='grc' dir='ltr'><strong>ἀμὸλω-</strong></span> 
     </span>
    </p>
   </div>
   <div class='ocr_carea' id='block_1_102' title="bbox 234 5414 1783 5504">
    <p class='ocr_par' dir='ltr' id='par_1_102' title="bbox 234 5414 1783 5504">
     <span class='ocr_line' id='line_1_102' title="bbox 234 5414 1783 5504; baseline 0.001 -32"><span class='ocrx_word' id='word_1_775' title='bbox 234 5414 390 5487; x_wconf 84' lang='grc' dir='ltr'><strong>θρίδια</strong></span> <span class='ocrx_word' id='word_1_776' title='bbox 411 5425 641 5486; x_wconf 79' lang='grc' dir='ltr'><strong>διδοῦσαι</strong></span> <span class='ocrx_word' id='word_1_777' title='bbox 667 5434 957 5504; x_wconf 73' lang='grc' dir='ltr'><strong>φάρμακα,</strong></span> <span class='ocrx_word' id='word_1_778' title='bbox 992 5427 1305 5501; x_wconf 84' lang='grc' dir='ltr'><strong>φονεύτριαί</strong></span> <span class='ocrx_word' id='word_1_779' title='bbox 1348 5430 1458 5480; x_wconf 80' lang='grc' dir='ltr'><strong>εἰσι</strong></span> <span class='ocrx_word' id='word_1_780' title='bbox 1498 5425 1594 5479; x_wconf 75' lang='grc' dir='ltr'><strong>καὶ</strong></span> <span class='ocrx_word' id='word_1_781' title='bbox 1618 5420 1783 5478; x_wconf 80' lang='grc' dir='ltr'><strong>αὑταὶ</strong></span> 
     </span>
    </p>
   </div>
   <div class='ocr_carea' id='block_1_103' title="bbox 236 5510 1520 5596">
    <p class='ocr_par' dir='ltr' id='par_1_103' title="bbox 236 5510 1520 5596">
     <span class='ocr_line' id='line_1_103' title="bbox 236 5510 1520 5596; baseline 0.021 -37"><span class='ocrx_word' id='word_1_782' title='bbox 236 5510 387 5566; x_wconf 69' lang='lat' dir='ltr'><strong>uiui.</strong></span> <span class='ocrx_word' id='word_1_783' title='bbox 416 5517 705 5594; x_wconf 78' lang='grc' dir='ltr'><strong>δεχόμεναι</strong></span> <span class='ocrx_word' id='word_1_784' title='bbox 733 5525 803 5579; x_wconf 88' lang='grc' dir='ltr'><strong>τά</strong></span> <span class='ocrx_word' id='word_1_785' title='bbox 826 5522 1167 5596; x_wconf 79' lang='grc' dir='ltr'><strong>ὲμὸροκτόνα</strong></span> <span class='ocrx_word' id='word_1_786' title='bbox 1196 5519 1520 5592; x_wconf 33' lang='grc' dir='ltr'><strong>δηλητὴρλια·</strong></span> 
     </span>
    </p>
   </div>
   <div class='ocr_carea' id='block_1_104' title="bbox 299 5692 1784 5781">
    <p class='ocr_par' dir='ltr' id='par_1_104' title="bbox 299 5692 1784 5781">
     <span class='ocr_line' id='line_1_104' title="bbox 299 5692 1784 5781; baseline -0.006 -18"><span class='ocrx_word' id='word_1_787' title='bbox 299 5692 391 5763; x_wconf 78' lang='grc' dir='ltr'><strong>νβ’·</strong></span> <span class='ocrx_word' id='word_1_788' title='bbox 430 5699 491 5757; x_wconf 84' lang='grc' dir='ltr'>Ἢ</span> <span class='ocrx_word' id='word_1_789' title='bbox 517 5705 609 5759; x_wconf 81' lang='grc' dir='ltr'><strong>τοῦ</strong></span> <span class='ocrx_word' id='word_1_790' title='bbox 650 5708 931 5781; x_wconf 80' lang='grc' dir='ltr'><strong>κυήματος</strong></span> <span class='ocrx_word' id='word_1_791' title='bbox 958 5706 1104 5762; x_wconf 85' lang='grc' dir='ltr'><strong>κατὰ</strong></span> <span class='ocrx_word' id='word_1_792' title='bbox 1146 5707 1246 5778; x_wconf 78' lang='grc' dir='ltr'><strong>τὴν</strong></span> <span class='ocrx_word' id='word_1_793' title='bbox 1283 5704 1402 5768; x_wconf 72' lang='grc' dir='ltr'><strong>όδδν</strong></span> <span class='ocrx_word' id='word_1_794' title='bbox 1438 5702 1784 5775; x_wconf 82' lang='grc' dir='ltr'><strong>ἀμελήσασα,</strong></span> 
     </span>
    </p>
   </div>
   <div class='ocr_carea' id='block_1_105' title="bbox 242 5784 1789 5874">
    <p class='ocr_par' dir='ltr' id='par_1_105' title="bbox 242 5784 1789 5874">
     <span class='ocr_line' id='line_1_105' title="bbox 242 5784 1789 5874; baseline -0.007 -18"><span class='ocrx_word' id='word_1_795' title='bbox 242 5784 286 5838; x_wconf 64' lang='grc' dir='ltr'><strong>εί</strong></span> <span class='ocrx_word' id='word_1_796' title='bbox 311 5788 668 5874; x_wconf 64' lang='grc' dir='ltr'><strong>μὲνδυναμὲνη</strong></span> <span class='ocrx_word' id='word_1_797' title='bbox 695 5798 1105 5874; x_wconf 79' lang='grc' dir='ltr'><strong>περισώσασθαι</strong></span> <span class='ocrx_word' id='word_1_798' title='bbox 1136 5797 1560 5870; x_wconf 85' lang='grc' dir='ltr'><strong>κατεφρόνησεν,</strong></span> <span class='ocrx_word' id='word_1_799' title='bbox 1586 5794 1620 5865; x_wconf 79' lang='grc' dir='ltr'>ἢ</span> <span class='ocrx_word' id='word_1_800' title='bbox 1654 5809 1789 5861; x_wconf 79' lang='grc' dir='ltr'><strong>συγ-</strong></span> 
     </span>
    </p>
   </div>
   <div class='ocr_carea' id='block_1_106' title="bbox 247 5877 1781 5966">
    <p class='ocr_par' dir='ltr' id='par_1_106' title="bbox 247 5877 1781 5966">
     <span class='ocr_line' id='line_1_106' title="bbox 247 5877 1781 5966; baseline 0.016 -35"><span class='ocrx_word' id='word_1_801' title='bbox 247 5877 480 5951; x_wconf 50' lang='lat' dir='ltr'><strong>meum</strong></span> <span class='ocrx_word' id='word_1_802' title='bbox 524 5891 617 5965; x_wconf 81' lang='grc' dir='ltr'><strong>τὴν</strong></span> <span class='ocrx_word' id='word_1_803' title='bbox 667 5891 955 5966; x_wconf 81' lang='grc' dir='ltr'><strong>ἁμαρτίαν</strong></span> <span class='ocrx_word' id='word_1_804' title='bbox 1007 5890 1256 5948; x_wconf 75' lang='grc' dir='ltr'><strong>ἐντεῦθεν</strong></span> <span class='ocrx_word' id='word_1_805' title='bbox 1342 5887 1680 5960; x_wconf 68' lang='grc' dir='ltr'><strong>νομίζουσαν</strong></span> <span class='ocrx_word' id='word_1_806' title='bbox 1748 5884 1781 5956; x_wconf 79' lang='grc' dir='ltr'>ἦ</span> 
     </span>
    </p>
   </div>
   <div class='ocr_carea' id='block_1_107' title="bbox 1880 4673 3462 4746">
    <p class='ocr_par' dir='ltr' id='par_1_107' title="bbox 1880 4673 3462 4746">
     <span class='ocr_line' id='line_1_107' title="bbox 1880 4673 3462 4746; baseline -0.003 -13"><span class='ocrx_word' id='word_1_807' title='bbox 1880 4677 2091 4744; x_wconf 81' lang='lat' dir='ltr'><strong>fecerit,</strong></span> <span class='ocrx_word' id='word_1_808' title='bbox 2139 4676 2192 4731; x_wconf 90' lang='lat' dir='ltr'><strong>id</strong></span> <span class='ocrx_word' id='word_1_809' title='bbox 2241 4691 2339 4746; x_wconf 88' lang='lat' dir='ltr'><strong>pro</strong></span> <span class='ocrx_word' id='word_1_810' title='bbox 2388 4674 2702 4730; x_wconf 85' lang='lat' dir='ltr'><strong>voluntario</strong></span> <span class='ocrx_word' id='word_1_811' title='bbox 2748 4673 3037 4741; x_wconf 85' lang='lat' dir='ltr'><strong>ducimus;</strong></span> <span class='ocrx_word' id='word_1_812' title='bbox 3094 4682 3154 4729; x_wconf 87' lang='lat' dir='ltr'><strong>ut</strong></span> <span class='ocrx_word' id='word_1_813' title='bbox 3189 4690 3331 4745; x_wconf 73' lang='lat' dir='ltr'><strong>sazpe</strong></span> <span class='ocrx_word' id='word_1_814' title='bbox 3378 4675 3462 4729; x_wconf 82' lang='lat' dir='ltr'><strong>fa-</strong></span> 
     </span>
    </p>
   </div>
   <div class='ocr_carea' id='block_1_108' title="bbox 1879 4766 3456 4838">
    <p class='ocr_par' dir='ltr' id='par_1_108' title="bbox 1879 4766 3456 4838">
     <span class='ocr_line' id='line_1_108' title="bbox 1879 4766 3456 4838; baseline -0.002 -11"><span class='ocrx_word' id='word_1_815' title='bbox 1879 4772 2032 4827; x_wconf 88' lang='lat' dir='ltr'><strong>ciunt</strong></span> <span class='ocrx_word' id='word_1_816' title='bbox 2090 4769 2372 4832; x_wconf 90' lang='lat' dir='ltr'><strong>mulieres,</strong></span> <span class='ocrx_word' id='word_1_817' title='bbox 2433 4783 2554 4838; x_wconf 68' lang='lat' dir='ltr'><strong>quae</strong></span> <span class='ocrx_word' id='word_1_818' title='bbox 2598 4766 2929 4836; x_wconf 82' lang='lat' dir='ltr'><strong>quihusdam</strong></span> <span class='ocrx_word' id='word_1_819' title='bbox 2992 4770 3456 4824; x_wconf 79' lang='lat' dir='ltr'><strong>incantationibus</strong></span> 
     </span>
    </p>
   </div>
   <div class='ocr_carea' id='block_1_109' title="bbox 1879 4861 3464 4933">
    <p class='ocr_par' dir='ltr' id='par_1_109' title="bbox 1879 4861 3464 4933">
     <span class='ocr_line' id='line_1_109' title="bbox 1879 4861 3464 4933; baseline -0.004 -12"><span class='ocrx_word' id='word_1_820' title='bbox 1879 4874 1932 4921; x_wconf 90' lang='lat' dir='ltr'><strong>et</strong></span> <span class='ocrx_word' id='word_1_821' title='bbox 1959 4862 2213 4917; x_wconf 89' lang='lat' dir='ltr'><strong>amuletis</strong></span> <span class='ocrx_word' id='word_1_822' title='bbox 2244 4864 2309 4914; x_wconf 89' lang='lat' dir='ltr'><strong>ad</strong></span> <span class='ocrx_word' id='word_1_823' title='bbox 2357 4861 2443 4917; x_wconf 92' lang='lat' dir='ltr'><strong>sui</strong></span> <span class='ocrx_word' id='word_1_824' title='bbox 2490 4875 2738 4917; x_wconf 84' lang='lat' dir='ltr'><strong>amorem</strong></span> <span class='ocrx_word' id='word_1_825' title='bbox 2790 4861 3005 4933; x_wconf 80' lang='lat' dir='ltr'><strong>aliquos</strong></span> <span class='ocrx_word' id='word_1_826' title='bbox 3038 4863 3315 4916; x_wconf 86' lang='lat' dir='ltr'><strong>attrahere</strong></span> <span class='ocrx_word' id='word_1_827' title='bbox 3365 4877 3464 4917; x_wconf 77' lang='lat' dir='ltr'><strong>eo-</strong></span> 
     </span>
    </p>
   </div>
   <div class='ocr_carea' id='block_1_110' title="bbox 1880 4952 3469 5026">
    <p class='ocr_par' dir='ltr' id='par_1_110' title="bbox 1880 4952 3469 5026">
     <span class='ocr_line' id='line_1_110' title="bbox 1880 4952 3469 5026; baseline 0 -15"><span class='ocrx_word' id='word_1_828' title='bbox 1880 4966 2102 5020; x_wconf 90' lang='lat' dir='ltr'><strong>nantur,</strong></span> <span class='ocrx_word' id='word_1_829' title='bbox 2148 4955 2392 5024; x_wconf 88' lang='lat' dir='ltr'><strong>dantque</strong></span> <span class='ocrx_word' id='word_1_830' title='bbox 2424 4952 2587 5026; x_wconf 64' lang='grc'><strong>432</strong></span> <span class='ocrx_word' id='word_1_831' title='bbox 2619 4955 2700 5010; x_wconf 90' lang='lat' dir='ltr'><strong>eis</strong></span> <span class='ocrx_word' id='word_1_832' title='bbox 2743 4955 3040 5025; x_wconf 88' lang='lat' dir='ltr'><strong>pharmaca</strong></span> <span class='ocrx_word' id='word_1_833' title='bbox 3080 4956 3356 5010; x_wconf 90' lang='lat' dir='ltr'><strong>mentibus</strong></span> <span class='ocrx_word' id='word_1_834' title='bbox 3392 4965 3469 5011; x_wconf 85' lang='lat' dir='ltr'><strong>te-</strong></span> 
     </span>
    </p>
   </div>
   <div class='ocr_carea' id='block_1_111' title="bbox 1880 5047 3467 5118">
    <p class='ocr_par' dir='ltr' id='par_1_111' title="bbox 1880 5047 3467 5118">
     <span class='ocr_line' id='line_1_111' title="bbox 1880 5047 3467 5118; baseline -0.002 -13"><span class='ocrx_word' id='word_1_835' title='bbox 1880 5049 2078 5105; x_wconf 89' lang='lat' dir='ltr'><strong>nebras</strong></span> <span class='ocrx_word' id='word_1_836' title='bbox 2099 5047 2457 5103; x_wconf 72' lang='lat' dir='ltr'><strong>oﬂ‘undentia.</strong></span> <span class='ocrx_word' id='word_1_837' title='bbox 2484 5047 2575 5103; x_wconf 66' lang='lat' dir='ltr'><strong>Hae</strong></span> <span class='ocrx_word' id='word_1_838' title='bbox 2594 5062 2747 5118; x_wconf 82' lang='lat' dir='ltr'><strong>ergo,</strong></span> <span class='ocrx_word' id='word_1_839' title='bbox 2768 5048 2813 5104; x_wconf 91' lang='lat' dir='ltr'><strong>si</strong></span> <span class='ocrx_word' id='word_1_840' title='bbox 2839 5048 3234 5116; x_wconf 79' lang='lat' dir='ltr'><strong>interfecerint,</strong></span> <span class='ocrx_word' id='word_1_841' title='bbox 3253 5048 3467 5103; x_wconf 89' lang='lat' dir='ltr'><strong>etiamsi</strong></span> 
     </span>
    </p>
   </div>
   <div class='ocr_carea' id='block_1_112' title="bbox 1880 5140 3470 5212">
    <p class='ocr_par' dir='ltr' id='par_1_112' title="bbox 1880 5140 3470 5212">
     <span class='ocr_line' id='line_1_112' title="bbox 1880 5140 3470 5212; baseline -0.001 -15"><span class='ocrx_word' id='word_1_842' title='bbox 1880 5142 2023 5198; x_wconf 89' lang='lat' dir='ltr'><strong>aliud</strong></span> <span class='ocrx_word' id='word_1_843' title='bbox 2052 5141 2319 5205; x_wconf 84' lang='lat' dir='ltr'><strong>volentes,</strong></span> <span class='ocrx_word' id='word_1_844' title='bbox 2353 5140 2500 5195; x_wconf 90' lang='lat' dir='ltr'><strong>aliud</strong></span> <span class='ocrx_word' id='word_1_845' title='bbox 2526 5140 2777 5207; x_wconf 82' lang='lat' dir='ltr'><strong>fecerint,</strong></span> <span class='ocrx_word' id='word_1_846' title='bbox 2809 5150 2990 5197; x_wconf 92' lang='lat' dir='ltr'><strong>tamen</strong></span> <span class='ocrx_word' id='word_1_847' title='bbox 3027 5150 3247 5212; x_wconf 87' lang='lat' dir='ltr'><strong>propter</strong></span> <span class='ocrx_word' id='word_1_848' title='bbox 3284 5141 3470 5195; x_wconf 86' lang='lat' dir='ltr'><strong>curio-</strong></span> 
     </span>
    </p>
   </div>
   <div class='ocr_carea' id='block_1_113' title="bbox 1882 5234 3470 5306">
    <p class='ocr_par' dir='ltr' id='par_1_113' title="bbox 1882 5234 3470 5306">
     <span class='ocr_line' id='line_1_113' title="bbox 1882 5234 3470 5306; baseline 0.001 -14"><span class='ocrx_word' id='word_1_849' title='bbox 1882 5250 2003 5292; x_wconf 89' lang='lat' dir='ltr'><strong>sum</strong></span> <span class='ocrx_word' id='word_1_850' title='bbox 2022 5245 2075 5291; x_wconf 85' lang='lat' dir='ltr'><strong>et</strong></span> <span class='ocrx_word' id='word_1_851' title='bbox 2094 5234 2431 5306; x_wconf 88' lang='lat' dir='ltr'><strong>prohibitum</strong></span> <span class='ocrx_word' id='word_1_852' title='bbox 2457 5250 2597 5305; x_wconf 88' lang='lat' dir='ltr'><strong>opus</strong></span> <span class='ocrx_word' id='word_1_853' title='bbox 2621 5235 2765 5290; x_wconf 90' lang='lat' dir='ltr'><strong>inter</strong></span> <span class='ocrx_word' id='word_1_854' title='bbox 2790 5235 3132 5290; x_wconf 89' lang='lat' dir='ltr'><strong>voluntarios</strong></span> <span class='ocrx_word' id='word_1_855' title='bbox 3160 5234 3470 5293; x_wconf 69' lang='lat' dir='ltr'><strong>homicidas</strong></span> 
     </span>
    </p>
   </div>
   <div class='ocr_carea' id='block_1_114' title="bbox 1883 5327 3470 5400">
    <p class='ocr_par' dir='ltr' id='par_1_114' title="bbox 1883 5327 3470 5400">
     <span class='ocr_line' id='line_1_114' title="bbox 1883 5327 3470 5400; baseline -0.001 -18"><span class='ocrx_word' id='word_1_856' title='bbox 1883 5338 2222 5399; x_wconf 87' lang='lat' dir='ltr'><strong>reputantur.</strong></span> <span class='ocrx_word' id='word_1_857' title='bbox 2250 5328 2442 5400; x_wconf 83' lang='lat' dir='ltr'><strong>Itaque</strong></span> <span class='ocrx_word' id='word_1_858' title='bbox 2472 5338 2526 5383; x_wconf 93' lang='lat' dir='ltr'><strong>et</strong></span> <span class='ocrx_word' id='word_1_859' title='bbox 2544 5343 2666 5398; x_wconf 75' lang='lat' dir='ltr'><strong>qua:</strong></span> <span class='ocrx_word' id='word_1_860' title='bbox 2698 5327 2945 5397; x_wconf 73' lang='lat' dir='ltr'><strong>praebent</strong></span> <span class='ocrx_word' id='word_1_861' title='bbox 2972 5328 3276 5399; x_wconf 88' lang='lat' dir='ltr'><strong>pharmaca</strong></span> <span class='ocrx_word' id='word_1_862' title='bbox 3307 5328 3470 5383; x_wconf 35' lang='lat' dir='ltr'><strong>abere</strong></span> 
     </span>
    </p>
   </div>
   <div class='ocr_carea' id='block_1_115' title="bbox 1886 5421 3470 5491">
    <p class='ocr_par' dir='ltr' id='par_1_115' title="bbox 1886 5421 3470 5491">
     <span class='ocr_line' id='line_1_115' title="bbox 1886 5421 3470 5491; baseline -0.001 -15"><span class='ocrx_word' id='word_1_863' title='bbox 1886 5432 1999 5483; x_wconf 88' lang='lat' dir='ltr'><strong>tum</strong></span> <span class='ocrx_word' id='word_1_864' title='bbox 2050 5422 2274 5489; x_wconf 89' lang='lat' dir='ltr'><strong>cientia,</strong></span> <span class='ocrx_word' id='word_1_865' title='bbox 2306 5429 2438 5478; x_wconf 89' lang='lat' dir='ltr'><strong>sunt</strong></span> <span class='ocrx_word' id='word_1_866' title='bbox 2490 5429 2544 5476; x_wconf 88' lang='lat' dir='ltr'><strong>et</strong></span> <span class='ocrx_word' id='word_1_867' title='bbox 2584 5421 2715 5491; x_wconf 68' lang='lat' dir='ltr'><strong>ipsae</strong></span> <span class='ocrx_word' id='word_1_868' title='bbox 2746 5421 3056 5486; x_wconf 66' lang='lat' dir='ltr'><strong>homicidm,</strong></span> <span class='ocrx_word' id='word_1_869' title='bbox 3087 5421 3232 5477; x_wconf 78' lang='lat' dir='ltr'><strong>sicut</strong></span> <span class='ocrx_word' id='word_1_870' title='bbox 3260 5432 3313 5476; x_wconf 91' lang='lat' dir='ltr'><strong>et</strong></span> <span class='ocrx_word' id='word_1_871' title='bbox 3346 5437 3470 5491; x_wconf 75' lang='lat' dir='ltr'><strong>qua:</strong></span> 
     </span>
    </p>
   </div>
   <div class='ocr_carea' id='block_1_116' title="bbox 1883 5511 3470 5585">
    <p class='ocr_par' dir='ltr' id='par_1_116' title="bbox 1883 5511 3470 5585">
     <span class='ocr_line' id='line_1_116' title="bbox 1883 5511 3470 5585; baseline -0.001 -17"><span class='ocrx_word' id='word_1_872' title='bbox 1883 5528 2092 5569; x_wconf 90' lang='lat' dir='ltr'><strong>venena</strong></span> <span class='ocrx_word' id='word_1_873' title='bbox 2124 5514 2291 5569; x_wconf 82' lang='lat' dir='ltr'><strong>letum</strong></span> <span class='ocrx_word' id='word_1_874' title='bbox 2329 5512 2577 5569; x_wconf 89' lang='lat' dir='ltr'><strong>uecantia</strong></span> <span class='ocrx_word' id='word_1_875' title='bbox 2609 5513 2903 5585; x_wconf 90' lang='lat' dir='ltr'><strong>accipiunt.</strong></span> <span class='ocrx_word' id='word_1_876' title='bbox 2932 5511 3079 5575; x_wconf 77' lang='lat' dir='ltr'><strong>Haec</strong></span> <span class='ocrx_word' id='word_1_877' title='bbox 3116 5513 3334 5584; x_wconf 88' lang='lat' dir='ltr'><strong>quidem</strong></span> <span class='ocrx_word' id='word_1_878' title='bbox 3364 5514 3470 5567; x_wconf 89' lang='lat' dir='ltr'><strong>huc</strong></span> 
     </span>
    </p>
   </div>
   <div class='ocr_carea' id='block_1_117' title="bbox 1886 5622 2083 5677">
    <p class='ocr_par' dir='ltr' id='par_1_117' title="bbox 1886 5622 2083 5677">
     <span class='ocr_line' id='line_1_117' title="bbox 1886 5622 2083 5677; baseline 0.005 -15"><span class='ocrx_word' id='word_1_879' title='bbox 1886 5622 2083 5677; x_wconf 89' lang='lat' dir='ltr'><strong>usque.</strong></span> 
     </span>
    </p>
   </div>
   <div class='ocr_carea' id='block_1_118' title="bbox 1959 5694 3465 5767">
    <p class='ocr_par' dir='ltr' id='par_1_118' title="bbox 1959 5694 3465 5767">
     <span class='ocr_line' id='line_1_118' title="bbox 1959 5694 3465 5767; baseline -0.005 -13"><span class='ocrx_word' id='word_1_880' title='bbox 1959 5701 2051 5762; x_wconf 68' lang='lat'><strong>5‘2.</strong></span> <span class='ocrx_word' id='word_1_881' title='bbox 2084 5699 2217 5766; x_wconf 77' lang='lat' dir='ltr'><strong>Qua:</strong></span> <span class='ocrx_word' id='word_1_882' title='bbox 2257 5697 2427 5753; x_wconf 79' lang='lat' dir='ltr'><strong>fetum</strong></span> <span class='ocrx_word' id='word_1_883' title='bbox 2482 5697 2537 5752; x_wconf 90' lang='lat' dir='ltr'><strong>in</strong></span> <span class='ocrx_word' id='word_1_884' title='bbox 2570 5698 2660 5753; x_wconf 87' lang='lat' dir='ltr'><strong>via</strong></span> <span class='ocrx_word' id='word_1_885' title='bbox 2707 5696 2909 5753; x_wconf 91' lang='lat' dir='ltr'><strong>editum</strong></span> <span class='ocrx_word' id='word_1_886' title='bbox 2945 5696 3206 5767; x_wconf 80' lang='lat' dir='ltr'><strong>neglexit,</strong></span> <span class='ocrx_word' id='word_1_887' title='bbox 3239 5694 3287 5750; x_wconf 87' lang='lat' dir='ltr'><strong>si</strong></span> <span class='ocrx_word' id='word_1_888' title='bbox 3338 5709 3465 5748; x_wconf 90' lang='lat' dir='ltr'><strong>cum</strong></span> 
     </span>
    </p>
   </div>
   <div class='ocr_carea' id='block_1_119' title="bbox 1888 5778 3471 5860">
    <p class='ocr_par' dir='ltr' id='par_1_119' title="bbox 1888 5778 3471 5860">
     <span class='ocr_line' id='line_1_119' title="bbox 1888 5778 3471 5860; baseline -0.004 -15"><span class='ocrx_word' id='word_1_889' title='bbox 1888 5778 2108 5846; x_wconf 77' lang='lat' dir='ltr'><strong>Servare</strong></span> <span class='ocrx_word' id='word_1_890' title='bbox 2142 5800 2355 5860; x_wconf 89' lang='lat' dir='ltr'><strong>posset,</strong></span> <span class='ocrx_word' id='word_1_891' title='bbox 2399 5790 2748 5860; x_wconf 85' lang='lat' dir='ltr'><strong>contempsit,</strong></span> <span class='ocrx_word' id='word_1_892' title='bbox 2782 5798 2878 5843; x_wconf 91' lang='lat' dir='ltr'><strong>aut</strong></span> <span class='ocrx_word' id='word_1_893' title='bbox 2912 5797 3200 5858; x_wconf 77' lang='lat' dir='ltr'><strong>peccaturo</strong></span> <span class='ocrx_word' id='word_1_894' title='bbox 3235 5785 3359 5840; x_wconf 86' lang='lat' dir='ltr'><strong>inde</strong></span> <span class='ocrx_word' id='word_1_895' title='bbox 3384 5801 3471 5840; x_wconf 81' lang='lat' dir='ltr'><strong>ce-</strong></span> 
     </span>
    </p>
   </div>
   <div class='ocr_carea' id='block_1_120' title="bbox 1889 5876 3471 5950">
    <p class='ocr_par' dir='ltr' id='par_1_120' title="bbox 1889 5876 3471 5950">
     <span class='ocr_line' id='line_1_120' title="bbox 1889 5876 3471 5950; baseline -0.004 -11"><span class='ocrx_word' id='word_1_896' title='bbox 1889 5883 2123 5940; x_wconf 85' lang='lat' dir='ltr'><strong>laturatu</strong></span> <span class='ocrx_word' id='word_1_897' title='bbox 2169 5894 2229 5937; x_wconf 88' lang='lat' dir='ltr'><strong>sc</strong></span> <span class='ocrx_word' id='word_1_898' title='bbox 2256 5880 2606 5950; x_wconf 82' lang='lat' dir='ltr'><strong>existimans,</strong></span> <span class='ocrx_word' id='word_1_899' title='bbox 2650 5891 2746 5939; x_wconf 88' lang='lat' dir='ltr'><strong>aut</strong></span> <span class='ocrx_word' id='word_1_900' title='bbox 2792 5880 3040 5939; x_wconf 78' lang='lat' dir='ltr'><strong>helluiua</strong></span> <span class='ocrx_word' id='word_1_901' title='bbox 3076 5888 3130 5937; x_wconf 88' lang='lat' dir='ltr'><strong>et</strong></span> <span class='ocrx_word' id='word_1_902' title='bbox 3172 5876 3471 5935; x_wconf 79' lang='lat' dir='ltr'><strong>inhumana</strong></span> 
     </span>
    </p>
   </div>
  </div>
