3870 6290
493 270 600 389 ses

1624 322 1891 388 ΡΗΟΤΠ
1916 323 2427 388 ΡΛΤΕΙΑΒΟΗᾹΞ
2465 323 2574 388 CP.

3604 328 3693 393 921

491 433 820 505 cogitatione
850 441 1034 501 utens,
1065 442 1326 507 tanquam
1357 432 1413 493 in
1439 434 1740 492 homicidio
1767 435 2066 507 indicetur.

2200 433 2310 499 ηλως
2345 434 2597 506 θηριώδει
2630 433 2724 487 καὶ
2747 431 3102 505 ἀπανθρώπῳ
3125 431 3367 506 λογισμῷ
3392 441 3690 515 χρησαμένη,

493 527 589 583 Sin
617 536 801 582 autem
832 541 964 583 eum.
992 525 1184 583 fovere
1226 540 1335 581 non
1362 526 1560 596 potuit,
1593 533 1649 582 et
1672 536 1893 596 propter
1931 525 2067 582 soli-

491 620 735 677 tudinem
772 633 1067 690 rerumqne
1109 618 1547 675 necessariarum
1607 618 1846 689 inopiam
1926 616 2067 674 fetus

494 712 725 777 interiit,
754 712 915 766 matri
942 718 1026 766 est
1056 709 1471 780 ignoscendum.

568 803 786 860 Textus.
821 802 1030 859 Dicitur
1076 802 1170 856 lib.
1208 816 1376 865 ιινιι,
1419 801 1502 855 tit.
1538 800 1628 866 11,
1672 799 1787 872 dig.
1821 802 1876 867 ό,
1925 802 2070 870 quod

492 910 616 966 quae
645 894 771 949 data
815 906 984 963 opera
1026 891 1333 958 abortierit,
1372 893 1427 946 in
1474 891 1773 962 temporale
1817 891 2069 947 exsilium

496 986 674 1042 detur.
711 984 853 1038 Idem
882 983 1046 1038 etiam
1075 982 1169 1037 lib.
1198 996 1382 1045 XLVIII,
1416 981 1499 1036 tit.
1534 980 1587 1047 8,
1619 980 1731 1053 dig.
1767 981 1821 1038 8.
1867 980 1925 1037 In
1957 981 2067 1055 dig.

498 1093 627 1134 vero
653 1076 745 1138 39.
780 1077 861 1130 tit.
892 1074 977 1141 l9,
1012 1075 1106 1131 lib.
1131 1090 1320 1140 sunt,
1349 1074 1570 1142 dicitur,
1599 1074 1745 1145 quod
1769 1090 1889 1145 quae
1915 1090 2074 1132 acce-

497 1169 606 1239 ptis
644 1166 892 1236 pecuniis
951 1174 1163 1238 partum
1217 1165 1501 1236 abegerit,
1556 1164 1736 1234 capite
1765 1166 2070 1235 plectatur:

495 1274 619 1330 qua:
641 1270 771 1312 vero
802 1264 926 1327 post
958 1255 1255 1310 divortium
1285 1254 1412 1310 odio
1454 1254 1635 1309 mariti
1676 1254 1729 1309 id
1762 1253 1974 1321 fecerit,
2006 1255 2075 1311 ad

497 1359 709 1419 tempus
748 1345 1002 1402 exsulare
1035 1344 1282 1415 iubetur.
1334 1345 1400 1399 Et
1429 1342 1540 1415 dig.
1583 1343 1675 1413 58,
1710 1344 1958 1416 ejusdem
1989 1346 2073 1403 tit.

494 1437 600 1506 Qui
627 1435 932 1493 abortionis
957 1436 1210 1506 poculum
1241 1434 1468 1502 dederit,
1500 1434 1548 1491 si
1579 1435 1703 1491 vilis
1742 1436 1836 1501 sit,
1886 1436 1941 1490 in
1970 1452 2080 1493 me-

494 1531 686 1585 tallum
719 1516 1010 1584 damnatur
1035 1545 1049 1582 :
1074 1525 1123 1582 si
1149 1526 1433 1592 honestus,
1478 1527 1682 1597 amissa
1707 1535 1867 1597 parte
1906 1527 2077 1582 hono—

493 1637 618 1678 rum
650 1621 939 1691 relegatur.
990 1617 1049 1674 Si
1096 1617 1222 1689 quis
1274 1632 1405 1685 vero
1443 1617 1571 1674 inde
1592 1628 1850 1674 enecatus
1891 1618 2077 1684 fuerit,

496 1728 775 1769 summum
800 1711 1132 1782 supplicium
1153 1708 1435 1780 inﬂigitur.
1463 1707 1686 1782 [Atque]
1710 1708 1824 1766 haec
1843 1708 2076 1783 [etiam],

2166 524 2243 591 ὡς
2276 527 2370 581 ἐπὶ
2403 527 2547 597 φόνῳ
2572 524 2841 597 κρινέσθω
2860 539 2875 555 ⁸
2905 526 2953 578 εί
2977 523 3035 578 δὲ
3074 525 3180 580 οὐκ
3196 524 3433 598 ἠδυνήθη
3457 536 3696 598 περιστεῖ.

2167 616 2280 680 λαι,
2321 618 2414 671 καὶ
2450 617 2539 671 διὰ
2570 617 2805 689 ἐρημίαν
2849 615 2945 671 καὶ
2991 616 3226 687 ἀπορίαν
3275 616 3380 670 τῶν
3425 618 3697 689 ἀναγκαίων

2167 707 2430 780 διεφθάρη
2458 709 2519 761 τὸ
2548 709 2830 780 γεννηθὲν,
2859 708 3185 779 συγγνωστὴ
3217 708 3250 779 ὴ
3279 709 3483 781 μήτηρ.

2241 801 2471 872 Εἴρηται
2492 798 2633 870 βιϐλ.
2667 798 2740 871 μζ
2760 840 2776 866 ,
2802 799 2909 857 τίτ.
2940 797 3030 863 ια’,
3055 798 3193 854 διάτ.
3213 799 3277 862 δ’,
3302 800 3386 853 ὃτι
3416 800 3450 869 ὴ
3481 799 3700 871 ἐπίτηδες

2169 892 2510 965 ὲκτρώσασα,
2573 893 2925 964 προσκαίρως
2978 890 3277 965 ὲξορίζεται
3304 906 3320 923 ⁸
3359 890 3419 945 τδ
3462 890 3583 945 αὐτὸ
3623 894 3702 949 καὶ

2173 986 2313 1058 βιϐλ.
2347 984 2459 1057 μη’,
2493 986 2598 1040 τίτ.
2635 983 2707 1056 η’,
2743 986 2882 1041 διάτ.
2914 982 2965 1055 η’
2988 1001 3002 1016 ⁸
3034 985 3095 1038 ὲν
3143 983 3201 1036 δὲ
3232 984 3298 1053 τῇ
3328 979 3403 1034 λθ¹
3447 981 3579 1035 διατ.
3624 980 3700 1034 τοῦ

2172 1074 2236 1129 ιθ’
2269 1076 2376 1132 τίτ.
2415 1075 2509 1130 τοῦ
2543 1072 2631 1147 μη¹
2664 1074 2803 1146 βιϐλ.
2836 1074 3024 1145 φησὶν,
3058 1074 3141 1128 ὅτι
3171 1072 3265 1126 ἐπὶ
3320 1072 3586 1142 χρήμασιν
3624 1074 3703 1125 ὲκ-

2170 1166 2447 1239 τρώσασα,
2480 1165 2795 1236 κεφαλικῶς
2823 1167 3148 1238 τιμωρεῖται
3178 1178 3194 1194 ⁸
3238 1164 3274 1235 ή
3304 1163 3361 1217 δὲ
3390 1161 3523 1234 μετά
3551 1161 3704 1226 διαζύ-

2170 1277 2288 1330 γιον
2313 1259 2450 1330 πρὸς
2476 1260 2630 1329 μῖσος
2658 1257 2751 1313 τοῦ
2786 1257 2979 1329 ἀνδρὸς
3017 1255 3177 1311 τοῦτο
3222 1255 3513 1325 ποιήσασα,
3559 1271 3703 1325 προσ-

2172 1352 2379 1423 καίρως
2430 1348 2727 1422 ὲξορίξεται
2760 1366 2775 1382 ⁸
2830 1349 2927 1403 καὶ
2969 1348 3110 1404 διάτ.
3156 1344 3243 1416 λη’
3277 1343 3373 1398 τοῦ
3426 1343 3582 1397 αύτοῦ
3618 1344 3704 1398 τίτ.

2173 1444 2257 1499 ὅτι
2284 1443 2313 1496 ὁ
2339 1442 2491 1514 πόμα
2540 1440 2788 1507 δεδωκὼς
2842 1441 2982 1512 πρὸς
3041 1436 3460 1511 ἀμϐλωθρίδιον,
3515 1434 3705 1506 εὐτελής

2178 1534 2277 1606 μὲν
2328 1532 2402 1587 ὢν
2453 1532 2851 1603 μιταλλίζεται,
2906 1530 3089 1601 τίμιος
3137 1528 3194 1582 δὲ
3233 1526 3536 1597 ὲξορίζεται
3595 1526 3707 1596 μετὰ

2178 1625 2409 1697 μερικῆς
2438 1622 2751 1695 δημεύσεως
2781 1638 2797 1655 ⁸
2828 1621 3030 1693 ἐσχάτη
3077 1620 3135 1673 δὲ
3183 1616 3426 1690 τιμωρία
3452 1615 3707 1685 ἐπάγεται,

2177 1716 2275 1771 δάν
2297 1732 2379 1779 τις
2406 1714 2671 1770 ἀπέθανεν
2705 1715 2769 1768 ὲκ
2812 1712 3000 1769 τούτου
3022 1727 3039 1744 ⁸
3065 1709 3256 1778 ταῦτα,
3291 1709 3400 1765 κᾶν
3430 1706 3593 1782 χωρὶς
3640 1705 3709 1761 δό-

496 1802 714 1859 tametsi
778 1801 921 1858 citra
976 1799 1165 1857 dolum
1239 1799 1542 1856 abortionis
1614 1798 2071 1855 medicamentum

2200 1826 2264 1863 ,ου
2290 1807 2350 1862 τὸ
2372 1808 2521 1879 πόμα
2542 1806 2791 1861 δέδωκεν.

495 1894 687 1951 datum
714 1892 807 1949 sit.

566 1983 717 2039 CAP.
770 1981 844 2037 XI
896 2010 969 2027 —
1006 1980 1081 2038 De
1124 1981 1543 2052 vituperantibus
1590 1981 1823 2053 nuptias,
1857 1996 2068 2037 carnem

496 2076 793 2147 vinumque.

944 2162 1316 2234 Apostolorum
1339 2180 1506 2217 canon
1558 2164 1648 2219 51.

567 2253 632 2310 51
671 2252 787 2326 [50]
847 2252 906 2310 Si
937 2255 1061 2325 quis
1093 2255 1383 2326 episcopus
1414 2254 1497 2309 vel
1529 2254 1832 2327 presbyter,
1857 2263 1966 2312 etc.
1996 2264 2055 2312 ut

492 2361 613 2418 pag.
644 2347 769 2403 75L

562 2439 725 2513 533
765 2438 990 2496 Cauct’lii
1026 2437 1344 2511 Gangrensis
1372 2456 1594 2495 canones
1626 2440 1676 2505 1,
1707 2438 1761 2505 2,
1792 2441 1847 2503 ιι,
1870 2439 1926 2506 9,
1955 2440 2044 2496 10.

568 2531 621 2586 1.
664 2530 721 2587 Si
767 2532 892 2602 quis
926 2530 1335 2586 matrimonium
1379 2531 1650 2601 vituperet
1681 2541 1737 2587 et
1793 2546 1915 2587 eam
1952 2545 2074 2602 qua:

493 2638 618 2680 cum
654 2623 855 2679 marito
882 2637 983 2680 suo
1011 2620 1233 2686 dormit,
1252 2638 1376 2692 qua:
1398 2630 1484 2677 est
1512 2621 1684 2678 lidelis
1710 2630 1765 2678 et
1792 2622 2074 2695 religiosa,

496 2717 789 2772 abhorreat
833 2724 887 2770 et
935 2714 1238 2779 insimulet,
1289 2724 1548 2783 tanquam
1583 2730 1706 2786 quae
1752 2730 1861 2772 non
1900 2716 2076 2787 possit

494 2822 724 2878 regnum
768 2806 862 2862 Dei
898 2805 1135 2876 ingredi,
1167 2805 1240 2861 sit
1272 2807 1587 2861 anathema.

564 2899 621 2956 2.
677 2899 734 2954 Si
774 2899 901 2968 quis
929 2913 1056 2953 eum
1089 2897 1182 2967 qui
1224 2911 1445 2952 carnem
1495 2904 1692 2967 prater
1720 2894 2069 2968 sanguinem,

495 2997 552 3046 et
600 2988 987 3060 idolothytnm,
1018 2994 1071 3041 et
1102 2985 1450 3052 suﬁucatum,
1495 3001 1617 3041 cum
1655 2986 1857 3057 pietate
1886 2997 1940 3041 et
1968 2986 2074 3041 ﬁde

2242 1991 2491 2046 ΚΕΦΑΛ.
2555 1988 2661 2047 IA'.
2738 2022 2808 2035 -—
2880 1989 3193 2075 Hspl'téir
3233 1990 3712 2064 βδελυττομένων

2175 2080 2285 2138 τὸν
2301 2082 2493 2154 γάμον
2521 2082 2617 2137 καί
2637 2081 2941 2153 κρέαςπαδί
2962 2080 3149 2141 οἶνον.

2566 2176 2944 2235 Ἀποστόλων
2988 2176 3193 2232 κανὼν
3229 2175 3331 2233 να⁸.

2247 2267 2348 2327 να’.
2381 2268 2448 2323 El
2499 2285 2585 2337 τις
2640 2270 2934 2335 ἐπίσκοπος
2986 2268 3021 2343 ἢ
3065 2266 3464 2341 πρεσϐύτερος,
3515 2283 3571 2322 κ.
3604 2282 3651 2321 τ.
3676 2265 3717 2321 λ.

2325 2455 2593 2511 Συνόδου
2619 2453 2894 2525 Ptin-par;
2940 2452 3143 2509 κανὼν
3163 2447 3233 2521 α’,
3265 2451 3332 2524 β’,
3365 2448 3431 2516 δ’,
3460 2451 3523 2517 θ’,
3559 2449 3608 2506 ι’.

2253 2542 2325 2602 α’.
2349 2547 2418 2600 El
2440 2564 2523 2609 τις
2549 2546 2640 2600 τὸν
2662 2547 2839 2616 γάμον
2879 2543 3169 2616 μέμφοιτο,
3203 2543 3302 2599 καὶ
3332 2541 3439 2612 τὴν
3469 2540 3722 2594 καθεύδου-

2181 2653 2281 2692 σαν
2313 2638 2452 2709 μετά
2504 2636 2598 2691 τοῦ
2632 2636 2825 2707 ἀνδρὸς
2879 2634 3073 2705 αὐτῆς,
3094 2628 3260 2689 οὖσαν
3321 2633 3524 2703 πιστὴν
3554 2632 3636 2683 καὶ
3651 2630 3700 2683 εὐ

2176 2728 2337 2800 λαϐἦ,
2365 2728 2704 2800 βδελύσσοιτο
2728 2728 2761 2799 ἢ
2793 2726 3080 2799 μέμφοιτο,
3103 2726 3179 2790 ὡς
3204 2725 3271 2781 ἂν
3315 2725 3396 2796 μὴ
3419 2721 3720 2795 δυναμένους

2180 2821 2264 2884 είς
2294 2820 2570 2889 βασιλείαν
2602 2818 2883 2883 εἰσελθεῖν,
2914 2816 3162 2889 ἀνάθεμα
3196 2816 3361 2869 ἔστω.

2260 2909 2325 2982 β’.
2359 2912 2424 2967 Εἴ
2450 2929 2534 2976 τις
2564 2910 2813 2964 ἐσθίοντα
2841 2908 2999 2981 κρέα,
3026 2908 3193 2980 χωρὶς
3213 2907 3450 2975 αἵματος
3478 2903 3569 2959 καὶ
3597 2903 3724 2957 είδω-

2182 3001 2409 3056 λοθύτου
2466 3001 2561 3055 καὶ
2609 2998 2836 3054 πνικτοῦ
2896 3000 3013 3070 μετ’
3039 2997 3328 3060 εὐλαϐείας
3376 2997 3473 3050 καὶ
3524 2996 3725 3057 πίστεως

498 3082 759 3149 comedit,
784 3079 1133 3144 condemnat,
1158 3088 1419 3149 tanquam
1478 3093 1605 3135 eum
1660 3080 1758 3146 qui
1790 3079 1935 3150 quod
1979 3079 2069 3136 illa

2200 3091 2521 3166 ιατακρίνοι,
2555 3091 2630 3157 ὡς
2663 3093 2730 3146 ἂν
2767 3091 2854 3146 διὰ
2885 3091 2946 3145 τδ
2973 3088 3421 3163 μεταλαμϐάνειν
3452 3086 3635 3141 ἐλπίδα
3661 3086 3721 3155 μὴ

498 3182 768 3238 vescatur,
794 3187 944 3242 spem
976 3186 1081 3226 non
1114 3171 1332 3237 habeat,
1361 3170 1432 3225 sit
1456 3171 1772 3227 anathema.

571 3267 628 3321 4.
699 3264 757 3320 Si
796 3264 921 3337 quis
986 3264 1052 3319 de
1100 3263 1419 3335 presbytero
1478 3262 1572 3335 qui
1613 3279 1841 3319 uxorem
1885 3263 2075 3332 duxit,

500 3359 813 3425 contendat,
847 3373 953 3411 non
985 3366 1255 3429 oportere,
1281 3371 1344 3411 eo
1374 3370 1530 3413 sacra
1558 3356 1887 3426 celebrante,
1918 3359 2076 3416 obla-

502 3452 636 3509 tioni
682 3450 1110 3515 communicare,
1143 3449 1216 3505 sit
1245 3450 1556 3505 anathema.

571 3540 624 3597 9.
673 3541 729 3596 Si
782 3541 908 3612 quis
938 3540 1088 3611 virgo
1140 3539 1231 3608 sit,
1264 3539 1347 3594 vel
1369 3540 1684 3608 continens,
1712 3557 1744 3599 ιι
1793 3542 2081 3600 matrimo-

503 3633 600 3690 nio
627 3642 884 3705 tanquam
917 3633 1285 3689 abominando
1322 3636 1602 3702 recedens,
1627 3644 1683 3692 et
1724 3652 1830 3693 non
1861 3649 2082 3709 propter

505 3725 681 3797 ipsam
741 3726 1071 3796 virginitatis
1109 3725 1572 3797 pulchritudinem
1624 3735 1679 3784 et
1711 3729 2079 3800 sanctitatem,

503 3822 578 3880 sit
624 3821 935 3876 anathema.

600 3912 692 3968 l0.
747 3911 805 3967 Si
861 3911 988 3982 quis
1013 3926 1201 3966 eorum
1253 3912 1346 3983 qui
1403 3923 1533 3970 sunt
1564 3914 1809 3985 virgines
1862 3923 2083 3987 propter

428 4044 441 4057 .
508 4001 822 4069 Dominum,
885 4001 1109 4059 insultet
1165 4001 1219 4056 in
1253 4016 1348 4059 eos
1404 4004 1499 4074 qui
1541 4020 1741 4063 uxores
1767 4006 2081 4077 duxerunt,

504 4095 792 4151 anathema
815 4093 906 4149 sit.

938 4184 1131 4242 Basilii
1164 4204 1390 4243 canones
1421 4187 1516 4253 28,
1563 4187 1657 4244 85.

573 4275 666 4333 28.
706 4276 838 4332 Illud
880 4279 1102 4349 quidem
1153 4280 1281 4334 mihi
1308 4280 1488 4336 visum
1527 4288 1611 4336 est
1644 4277 1958 4347 ridiculum,
1991 4294 2085 4335 vo-

506 4380 636 4422 vere
665 4368 902 4438 aliqucm
958 4385 1019 4426 se
1074 4385 1105 4425 a
1158 4371 1333 4427 suillis
1377 4370 1638 4426 carnibus
1672 4369 2080 4425 abstenturum.

506 4456 875 4525 Quamobrem
900 4463 1127 4533 dignare
1159 4478 1254 4519 eos
1278 4463 1473 4518 docere
1533 4472 1591 4519 ut
1621 4463 1689 4518 ab
1711 4461 1912 4533 ineptis
1943 4465 2084 4519 votis

507 4562 562 4607 et
613 4553 900 4622 promissis
957 4555 1301 4621 abstineant,
1356 4555 1451 4610 sed
1508 4570 1671 4611 usum
1722 4555 2080 4611 nihilominus

508 4642 904 4699 indill'erentem
954 4660 1078 4701 esse
1104 4646 1245 4702 sine.
1281 4645 1439 4701 Nulla
1486 4647 1630 4701 enim
1668 4647 1759 4702 Dei
1801 4656 2077 4712 creatura,

507 4748 631 4803 qua:
670 4749 796 4789 cum
834 4735 1134 4806 gratiarum
1169 4737 1385 4792 actione
1418 4737 1743 4807 percipitur,
1784 4737 2083 4807 rejicienda

507 4832 593 4878 est
619 4823 685 4877 ".
719 4822 898 4891 Quare
926 4836 1113 4881 votum
1150 4835 1234 4883 est
1266 4827 1579 4894 ridiculum,
1612 4827 1945 4884 abstinentia
1973 4843 2084 4885 non

507 4931 734 4973 ιιθοεεειι
742 4933 842 4974 1⁸13.

582 5006 674 5063 85.
704 5006 922 5080 Lepidis
941 5017 1121 5065 autem
1140 5009 1434 5066 Encratitis
1456 5009 1522 5065 ad
1556 5009 1872 5082 praeclaram
1894 5026 2087 5069 eorum

510 5100 896 5171 quaestionem,
932 5117 1032 5157 cur
1052 5118 1152 5157 nos
1175 5102 1339 5158 etiam
1374 5118 1480 5158 non
1507 5104 1763 5160 omnibus
1793 5104 2087 5173 vescimur,

508 5190 617 5247 hoc
653 5192 815 5247 detur
866 5195 1139 5263 responsi,
1180 5209 1281 5249 nos
1326 5194 1489 5254 etiam
1516 5206 1865 5251 excrementa
1894 5206 2086 5253 nostra

508 5284 775 5339 aversari.
810 5284 888 5339 Ac
915 5294 1181 5356 quantum
1208 5288 1431 5358 quidem
1467 5289 1534 5345 ad
1559 5288 1901 5360 dignitatem,
1934 5289 2087 5345 olera

508 5372 693 5429 herba:
723 5375 882 5431 nobis
904 5388 1034 5432 sunt
1062 5394 1296 5435 carnes:
1323 5391 1588 5450 quantum
1615 5396 1741 5437 vero
1770 5381 1835 5435 ad
1866 5382 2082 5437 utilium

2100 3155 2145 3217 ϐ
2181 3155 2392 3263 ἔχοντα’,
2425 3155 2673 3258 ἀνάθεμα
2701 3186 2863 3240 ἐστω.

2250 3278 2311 3335 δ’.
2339 3278 2408 3334 Εἴ
2423 3297 2507 3343 τις
2534 3278 2864 3350 διακρίνοιτο
2896 3276 3048 3348 παρὰ
3086 3271 3463 3347 πρεσϐυτέρου
3510 3289 3725 3342 γεγαμηο

2182 3373 2360 3438 κότος,
2401 3372 2478 3444 μὴ
2507 3371 2710 3443 χρῆναι
2746 3370 3234 3441 λειτουργήσαντος
3276 3366 3447 3424 αὑτοῦ
3509 3382 3722 3438 προσφο-

2187 3465 2289 3535 ρᾶς
2323 3460 2783 3533 μεταλαμϐάνειν,
2806 3457 3055 3529 ἀνάθεμα
3095 3456 3255 3511 ἔστω.

2256 3550 2323 3608 θ’.
2384 3552 2451 3608 El
2508 3568 2593 3615 τις
2645 3548 2970 3621 παρθενεύοι
3014 3548 3049 3620 ἢ
3102 3546 3510 3619 ὲγκρατεύοιτο,
3564 3545 3633 3610 ὡς
3678 3544 3730 3599 ἂν

2190 3642 2497 3715 βδελυκτῶν
2514 3640 2623 3696 τῶν
2656 3639 2850 3712 γάμων
2879 3639 3264 3709 ἀναχωρήσας,
3296 3638 3395 3693 καὶ
3435 3639 3511 3710 μὴ
3533 3637 3596 3691 δι’
3624 3636 3729 3690 αὐτὸ

2191 3734 2255 3789 τὸ
2286 3732 2451 3789 καλὸν
2481 3732 2577 3786 ttat
2616 3730 2772 3802 ἅγιον
2799 3730 2898 3803 τῆς
2943 3728 3261 3802 παρθενίας,
3292 3728 3544 3799 ἀνάθεμα
3596 3727 3727 3781 ἔστω.

2260 3914 2313 3976 ι’.
2346 3916 2415 3973 El’
2437 3933 2522 3982 τις
2548 3913 2657 3971 τῶν
2684 3912 3125 3987 παρθενευόντων
3143 3912 3229 3968 διὰ
3251 3911 3346 3967 τὸν
3373 3912 3599 3984 Κύριον,
3624 3925 3731 3965 κατ-

2189 4010 2469 4085 επαίροιτο
2497 4006 2606 4064 τῶν
2647 4004 3065 4078 γεγαμηκότων,
3092 4003 3338 4077 ἀνάθεμα
3372 4003 3533 4059 ἔστω.

2557 4186 2883 4245 Βασίλειον
2916 4187 3119 4242 κανὼν
3138 4190 3249 4258 κη’,
3285 4191 3394 4242 πε⁹.

2262 4282 2371 4355 κη’.
2404 4282 2612 4339 Ἐκεῖνό
2636 4260 2711 4351 γε’
2722 4282 2829 4353 μὴν
2857 4279 3067 4350 γελοῖον
3092 4279 3394 4349 κατεφάνη,
3420 4277 3483 4332 τὺ
3510 4271 3730 4341 εὔξασθαί

2190 4393 2314 4430 τινα
2362 4374 2523 4429 ύείων
2553 4372 2854 4444 ἀπέχεσθαι
2897 4371 3076 4443 κρεῶν
3108 4386 3122 4405 ⁸
3150 4369 3291 4425 ὥστε
3321 4370 3645 4435 καταξίωσον
3666 4365 3728 4418 διο

2192 4467 2412 4522 δάσκειν
2464 4466 2663 4529 αὐτοὺς
2717 4463 2827 4518 τῶν
2877 4462 3218 4517 ἀπαιδεύτων
3279 4461 3594 4533 προσευχῶν
3654 4456 3728 4510 καὶ

2115 4523 2160 4580 D
2187 4557 2530 4629 ἐπαγγελιῶν
2592 4523 2893 4627 ἀπέχεσθαι
2921 4572 2935 4587 ⁸
2996 4554 3095 4626 τὴν
3149 4523 3577 4625 μέντοίχρῆσιν,
3608 4548 3729 4602 ara-

2190 4668 2354 4721 φορον
2384 4646 2522 4704 εἶναι
2583 4647 2937 4718 συγχώρησον
2963 4659 2981 4679 ⁸
3012 4645 3164 4700 οὐδὲν
3212 4643 3320 4715 γὰρ
3372 4642 3573 4713 κτίσμα
3618 4636 3727 4691 θεοῦ

2188 4742 2494 4810 ἀπόϐλητον
2524 4739 2644 4811 μετ’
2668 4737 3019 4810 εὐχαριστίας
3059 4736 3471 4807 λαμϐανόμενον
3495 4749 3510 4765 ⁸
3544 4733 3667 4786 ὥστε
3702 4730 3728 4796 ἠ

2191 4835 2326 4907 εὐχὴ
2355 4834 2779 4903 καταγέλαστος,
2811 4831 2911 4902 οὐχ
2969 4831 3005 4901 ή
3048 4828 3228 4901 ἀποχὴ
3258 4827 3551 4898 ἀναγκαία.

2263 5013 2366 5071 πε’.
2412 5014 2539 5079 Τοῖς
2562 5013 2619 5067 δὲ
2643 5010 2880 5085 κομψοῖς
2905 5008 3289 5083 Ἐγκρατίταις
3316 5010 3455 5081 πρὸς
3473 5007 3532 5062 τὺ
3565 5001 3728 5075 σεμνὸν

2192 5105 2376 5161 αὐτῶν
2401 5104 2717 5178 πρόϐλημα,
2759 5105 2848 5160 διά
2874 5106 2929 5160 τί
2966 5106 3062 5159 καὶ
3104 5104 3202 5174 οὐχ
3268 5104 3430 5173 ἡμεῖς
3462 5100 3628 5154 πάντα
3658 5096 3729 5147 ἔσο

2192 5197 2383 5268 θίομεν
2433 5200 2610 5252 ἐκεῖνο
2655 5196 2935 5266 λεγέσθω⁸
2967 5198 3049 5251 ὅτι
3109 5196 3206 5250 καὶ
3253 5196 3320 5249 τά
3376 5190 3728 5264 περιττώματα

2189 5290 2349 5362 ἡμῶν
2376 5288 2779 5360 βδελυσσόμεθα
2817 5305 2832 5322 ⁸
2865 5289 3006 5343 κατὰ
3041 5288 3141 5360 μὲν
3172 5288 3280 5359 γὰρ
3307 5287 3410 5353 τὴν
3455 5284 3621 5348 ἀξίαν,
3653 5279 3729 5333 λά.

2193 5400 2331 5454 χανα
2352 5383 2545 5454 χόρτου
2564 5383 2694 5454 ἡμῖν
2710 5383 2827 5436 ὲστι
2853 5381 2922 5436 τὰ
2946 5381 3112 5453 κρέα·
3135 5378 3275 5435 κατὰ
3291 5378 3346 5433 δὲ
3374 5378 3467 5448 τήν
3486 5374 3589 5429 τῶν
3613 5387 3728 5439 συμ-

512 5463 921 5533 discretionem,
945 5468 1400 5537 quemadmodum
1427 5480 1483 5525 et
1511 5470 1566 5525 in
1588 5470 1830 5526 oleribus
1860 5472 2075 5526 noxium

2200 5473 2471 5544 φερόντων
2498 5473 2797 5544 διάκρισιν,
2830 5472 2904 5537 ὡς
2932 5472 3028 5526 καὶ
3056 5472 3114 5525 ὲν
3137 5470 3387 5539 λαχάνοις
3408 5468 3465 5521 τὸ
3495 5460 3726 5536 βλαϐερὸν

512 5569 545 5615 a
590 5556 797 5613 salubri
852 5573 1192 5632 separamus,
1235 5564 1311 5621 ita
1355 5571 1411 5621 et
1439 5563 1494 5620 in
1527 5560 1691 5637 434
1720 5561 1975 5620 carnibus
2015 5562 2075 5619 ah

2200 5564 2286 5620 τοῦ
2312 5565 2652 5638 καταλλήλου
2674 5566 2983 5640 χωρίζομεν
3008 5579 3022 5596 ⁸
3048 5562 3191 5619 οὕτω
3217 5564 3311 5618 καὶ
3332 5564 3392 5619 ὲν
3425 5561 3528 5623 τοῖς
3555 5553 3722 5626 κρέασι

596 5735 686 5791 "l
719 5735 863 5793 Tim.
894 5752 970 5805 tv,
1012 5740 1064 5795 1.
