3980 6440
98 426 190 491 925

742 421 1144 486 SYN'I‘AGMA
1181 420 1574 486 CANONUM.
1602 419 1843 485 -TIT.
1884 419 2062 495 XIII,
2103 418 2263 483 CAP.
2299 418 2385 481 XI
2418 442 2491 458 --·
2523 416 2697 480 XIII.

3256 412 3363 477 926

97 534 180 592 τοῦ
206 528 489 603 χρησίμου
530 527 601 583 τδ
651 528 913 601 βλαϐερὸν
939 529 1309 602 διακρίνομεν,
1343 527 1468 583 ἐπεὶ
1510 527 1681 599 λάχα-

1814 528 1903 584 ιιίιί
1935 528 2159 583 noxium
2203 525 2561 583 sccernimus.
2619 520 2757 578 Nam
2789 531 2937 578 certe
2959 527 3016 579 et
3034 518 3213 577 cicuta
3236 519 3363 578 olus

99 628 176 683 νόν
197 628 312 679 ἔστι
345 623 445 676 καὶ
491 621 564 676 τὸ
592 622 845 690 κώνειον,
876 622 1068 694 ὥσπερ
1100 622 1270 693 κρέας
1314 620 1436 676 εστὶ
1471 622 1568 675 καὶ
1620 619 1683 674 τδ

96 724 344 797 γύπειον*
377 718 502 773 ἀλλ’
545 719 705 789 ὅμως
746 718 871 773 οὔτε
925 717 1239 789 ὑοσκύαμον
1288 715 1456 788 φάγοι
1490 716 1557 771 ἄν
1597 731 1682 779 τις

97 818 205 872 νοῦν
264 814 408 885 ἔχων
440 829 455 845 ⁸
491 810 630 867 οὔτε
681 812 843 876 κυνὸς
886 811 1105 881 ἅψαιτο,
1141 811 1215 882 μὴ
1257 809 1501 882 μεγάλης
1544 808 1679 863 ἀνά-

98 925 221 979 γκης
248 906 709 987 κατεπειγορσης
739 922 753 937 ·
783 905 859 967 ὠς
888 905 916 959 ὅ
945 921 1011 974 γε
1051 903 1246 973 φαγὼν
1276 904 1375 956 οὐκ
1401 902 1672 974 ἡνόμησε.

159 1000 405 1055 ΚΕΦΑΛ.
443 998 557 1053 ΙΒ¹.
592 1028 671 1039 —
703 997 846 1052 Heol
871 995 1102 1053 λαϊκιῖηο
1116 994 1373 1062 ἑαυτοὺς
1409 994 1680 1064 ἀκρωτη-

96 1089 422 1161 ριαζόντων.

411 1182 820 1238 Ἀποστόλων
852 1179 1056 1236 κανὼν
1084 1178 1193 1250 κβ’,
1241 1178 1342 1233 κδ’.

162 1271 261 1343 κβ’.
299 1271 358 1327 '0
391 1272 839 1344 ἀκρωτηριάσας
884 1273 1098 1337 ἑαυτὸν,
1130 1290 1187 1328 κ.
1216 1289 1268 1327 τ.
1310 1271 1363 1327 λ.

164 1363 255 1421 κδ’.
284 1364 495 1428 Δαῖκδς
528 1365 732 1420 ἑαυτὸν
758 1365 1205 1435 ἀκρωτηριάσας,
1237 1381 1294 1419 κ.
1317 1381 1370 1419 τ.
1393 1361 1448 1418 λ.

396 1456 690 1511 Συνόδου
750 1457 1003 1523 Νικαίας
1052 1454 1254 1511 κανὼν
1292 1453 1365 1509 α’.

164 1556 227 1607 α’.
250 1550 316 1605 Εἰ
329 1567 415 1614 τις
439 1551 503 1603 ὲν
531 1550 683 1621 νόσῳ
703 1550 806 1603 ὑπὸ
826 1548 1025 1620 ἰατρῶν
1047 1548 1467 1620 ὲχειρουργήθη,
1485 1563 1539 1600 κ.
1561 1563 1614 1600 τ.
1633 1544 1684 1600 λ.

175 1641 467 1710 Ἀνάγνωθι
518 1640 596 1694 τὰ
643 1640 1159 1713 παραγεγραμμένα
1190 1642 1249 1692 ὲν
1308 1637 1388 1709 τῷ
1435 1637 1503 1692 ιδ’
1555 1652 1684 1705 κεφ.

112 1732 189 1788 τοῦ
214 1729 257 1785 α’
282 1750 390 1786 τιτ.
418 1730 521 1786 τοῦ
556 1731 831 1803 παρόντος
858 1730 1263 1801 συντάγματος.

169 1824 411 1879 ΚΕΦΔΛ.
431 1824 538 1878 II".
570 1856 648 1867 —
671 1824 811 1892 Περὶ
838 1822 1068 1877 λαϊκῶν
1086 1823 1416 1877 ἐσθιόντων
1444 1818 1687 1875 εἰδωλό-

1781 632 1885 687 est,
1914 621 2058 676 sicut
2084 621 2248 676 etiam
2280 634 2412 675 caro
2433 627 2519 675 est
2545 616 2825 673 vulturina
2852 628 2983 671 caro
3009 630 3026 681 ;
3056 614 3150 671 sed
3180 624 3362 671 tamen

1783 731 1884 770 nec
1924 714 2316 784 hyoscyamum
2349 726 2518 767 sanus
2574 710 2865 781 quisquam
2925 707 3198 773 comedet,
3261 723 3364 765 nec

1782 821 1919 862 cane
1957 814 2228 870 vescetur,
2276 784 2381 859 nisi
2429 809 2661 873 urgente
2712 813 2928 865 summa
2994 798 3361 856 necessitate:

1781 898 1877 969 qui
1907 907 2088 951 tamen
2114 894 2371 961 comedit,
2402 909 2511 948 non
2542 899 2748 963 peccat.

1861 989 2019 1046 CAP.
2050 987 2147 1042 XII
2170 1018 2241 1029 —
2273 987 2345 1041 De
2368 986 2519 1040 laicis
2550 993 2707 1040 semet
2742 983 3137 1040 mutilantibus.

2137 1080 2510 1152 Apostolorum
2547 1094 2773 1133 canones
2802 1077 2892 1143 22,
2918 1077 3010 1143 24,

1851 1176 1924 1232 22
1951 1176 2086 1250 [‘21].
2109 1175 2211 1243 Qui
2244 1173 2482 1243 seipsum
2510 1171 2862 1235 mutilaverit,
2882 1178 3075 1239 etc.,ut
3092 1187 3214 1240 pag.
3236 1171 3361 1225 509..

1852 1270 1923 1325 24
1952 1267 2091 1341 [25].
2131 1266 2325 1322 Laicus
2345 1264 2439 1334 qui
2472 1263 2716 1336 seipsum
2740 1262 3097 1330 mutilaverit,
3134 1271 3245 1317 etc.
3308 1271 3365 1316 ut

1782 1377 1905 1433 pag.
1934 1360 2059 1415 758.

2217 1447 2446 1506 Concilii
2480 1444 2693 1500 Nica'ni
2724 1461 2892 1499 canon
2930 1444 2983 1497 1.

1857 1544 1910 1602 1.
1939 1543 1996 1599 Si
2018 1542 2143 1614 quis
2171 1542 2225 1597 in
2257 1541 2449 1596 morbo
2475 1554 2505 1593 a
2536 1535 2763 1595 medicis
2787 1538 3006 1626 excisus
3029 1534 3218 1605 fuerit,
3252 1542 3360 1590 etc.

1856 1637 1999 1708 Lege
2023 1652 2143 1707 quae
2162 1642 2423 1691 annotata
2447 1639 2576 1689 sunt
2603 1630 2658 1685 in
2686 1645 2809 1701 cap.
2858 1629 2948 1697 14,
2988 1631 3073 1686 tit.
3128 1633 3154 1684 t
3227 1643 3367 1699 prte-

1786 1732 1960 1788 sentis
1981 1730 2185 1801 Operis.

1859 1822 2011 1879 CAP.
2042 1822 2182 1877 XIII.
2210 1851 2283 1865 --
2338 1819 2410 1876 De
2437 1819 2589 1874 laicis
2616 1815 2913 1889 idolothyta
2938 1814 3232 1878 edentibus,
3288 1813 3366 1868 vel

114 1918 256 1982 θυτα,
283 1915 321 1984 ἢ
352 1914 539 1984 κρέας
562 1914 640 1969 ἐν
665 1914 889 1985 αἵματι,
913 1914 952 1984 ἢ
976 1914 1216 1979 πνικτὰ,
1244 1913 1283 1984 ἣ
1307 1911 1654 1982 θηριάλωτα

1814 1931 1995 1972 arnem
2037 1933 2155 1971 eum
2182 1916 2458 1987 sanguine,
2488 1911 2569 1975 uel
2614 1928 2648 1966 a
2681 1910 2796 1982 [era
2830 1916 3042 1978 captum
3070 1904 3150 1961 vel
3179 1907 3366 1959 morti-

115 2005 147 2074 ἣ
178 2006 504 2077 θνησιμαῒα

235 2148 244 2153 .
484 2097 891 2155 Ἀποστόλων
942 2099 1145 2155 κανὼν
1181 2098 1260 2168 ξγ’
1268 2139 1283 2155 .

171 2187 261 2259 εἴ.
297 2191 365 2243 El
393 2208 481 2256 τις
525 2192 919 2266 ὲπίσκοπος,ἢ
980 2192 1370 2264 πρεσϐύτερος,
1410 2190 1444 2265 ἢ
1495 2191 1682 2246 διάκο-

114 2300 207 2349 νος,
230 2282 263 2354 ἦ
288 2284 422 2347 ὅλως
446 2283 568 2339 ’τοῦ
641 2285 945 2355 καταλόγου
1006 2283 1101 2339 τοῦ
1148 2283 1424 2356 ἱερατικοῦ
1448 2323 1465 2351 ,
1530 2283 1681 2356 φάγῃ

118 2373 251 2444 κρέα,
272 2392 325 2429 κ.
364 2391 414 2427 τ.
449 2375 505 2431 λ.

362 2468 643 2524 Συνόδου
714 2469 995 2539 Ἀγκύρας
1034 2468 1237 2526 κανὼν
1284 2473 1361 2539 γ’.

177 2555 234 2629 β’.
261 2560 395 2625 Τοὺς
427 2561 744 2630 φεύγοντας
770 2562 864 2616 καὶ
893 2560 1314 2634 συλληφθέντας,
1346 2577 1402 2615 κ.
1433 2577 1485 2615 τ.
1519 2558 1571 2614 λ.
1672 2624 1687 2633 Α,

431 2725 716 2781 Συνόδου
737 2725 1011 2797 Γάγγρας
1041 2726 1241 2782 κανὼν
1279 2727 1347 2799 β’.

182 2810 241 2883 β’.
263 2814 327 2868 El
351 2833 432 2880 τις
455 2816 720 2873 ἐσθίοντα
745 2818 885 2890 κρέα
907 2820 1076 2890 χωρὶς
1098 2821 1329 2891 αἵματος
1349 2839 1402 2876 κ.
1436 2839 1489 2875 τ.
1519 2819 1571 2877 λ.

243 2907 508 2964 Συνόδου
529 2909 960 2981 οὶκουμενικῆς
991 2911 1171 2981 ἕκτης
1215 2912 1417 2967 κανὼν
1440 2914 1536 2980 ξς.

182 2993 268 3062 ξς.
293 2997 422 3054 Θεία
452 3002 591 3072 ἡμῖν
621 3002 817 3076 Γραφὴ
852 3003 1177 3074 ἐνετείλατο,
1232 3012 1289 3060 κ.
1322 3024 1376 3064 τ.
1399 3006 1450 3061 λ.

132 3183 594 3265 Γρηγορίοιιᾼτοῦ
622 3193 1087 3265 Θαυματουργοῦ
1131 3194 1199 3248 ἐκ
1237 3192 1348 3265 τῆς
1395 3194 1530 3265 περὶ
1566 3196 1685 3251 τῶν

380 3259 758 3318 εἰδωλόθυτα
781 3259 1096 3334 φαγόντων
1123 3259 1323 3319 κανὼν
1344 3272 1414 3321 α’.

189 3372 251 3422 α’.
279 3370 349 3423 Οὐ
376 3372 446 3426 τὰ
486 3373 762 3446 βρώματα
815 3378 961 3448 ἡμᾶς
1013 3376 1193 3448 βαρεῖ,
1231 3378 1343 3449 ἱερὲ
1372 3378 1593 3446 πάππα,
1634 3380 1685 3432 εἰ

137 3458 309 3531 ἔφαγον
344 3465 391 3517 οἱ
421 3466 764 3536 αἰχμάλωτοι
792 3469 985 3535 ταῦτα,
1026 3471 1169 3541 ἆπερ
1203 3471 1568 3543 παρετίθεσαν
1588 3472 1691 3527 αὐ-

136 3555 226 3617 τοῖς
246 3556 293 3608 οἱ
320 3560 655 3629 κρατοῦντες
686 3562 865 3615 αὐτῶν
896 3578 912 3594 ·
950 3563 1183 3633 μάλιστα
1210 3564 1398 3634 ἐπειδὴ
1423 3560 1503 3628 εἷς
1533 3564 1688 3633 λόγος

139 3646 267 3717 παρὰ
284 3649 515 3721 πάντων,
544 3654 681 3716 τοὺς
704 3654 1157 3726 καταδραμόντας
1174 3656 1243 3709 τὰ
1265 3656 1510 3728 ἡμέτερα
1546 3648 1688 3729 μέρη

141 3735 437 3812 βαρδάρους,
469 3746 717 3810 εἰδώλοις
749 3747 823 3818 μὴ
856 3748 1141 3802 τεθυκέναι
1171 3764 1186 3779 ⁸
1223 3749 1323 3802 όδὲ
1367 3749 1689 3813 Ἀπόστολός

142 3845 298 3898 φησιν·
330 3835 402 3889 Τὰ
423 3838 717 3907 βρώματα
753 3838 831 3909 τῇ
860 3842 1079 3907 κοιλίᾳ,
1099 3841 1196 3896 καὶ
1235 3843 1274 3908 ἡ
1314 3844 1514 3897 κοιλία
1564 3843 1686 3911 τοῖς

138 3918 437 3992 βρώμασιν,
469 3932 503 3980 d
532 3928 603 3982 es
636 3931 780 3997 Θεὸς
812 3932 909 3986 καὶ
948 3932 1177 4001 tui:th
1208 3933 1522 3990 καὶταῦτα
1546 3953 1684 3990 κατ-

143 4012 361 4080 αργήσει
394 4033 410 4049 ο
448 4018 585 4074 ἀλλὰ
645 4022 739 4075 καὶ
770 4023 799 4075 ό
826 4023 1016 4094 Σωτὴρ
1061 4024 1090 4077 ό
1134 4025 1309 4079 πάντα
1376 4026 1689 4099 καθαρίζων

147 4101 200 4155 τὰ
223 4104 492 4179 βρώματα,
527 4115 591 4168 οὐ
629 4115 690 4167 τὸ
710 4117 1189 4189 εἰσπορευόμενον,
1218 4121 1373 4192 φησὶ,
1406 4125 1575 4176 κοινοῖ
1600 4123 1690 4178 τὸν

148 4194 426 4269 ἄνθρωπον,
459 4205 595 4260 ἀλλὰ
638 4206 698 4260 τὸ
732 4210 1189 4279 ἐκπορευόμενον.

532 4299 859 4353 Βασίλειου
911 4300 1109 4355 κανὼν
1157 4301 1274 4361 παλ

206 4379 304 4437 πα’.
338 4386 555 4461 Ἐπειδὴ
581 4390 643 4444 δὲ
673 4391 857 4445 πολλοὶ
881 4393 940 4446 ὲν
969 4396 1035 4465 τῇ
1061 4396 1168 4448 τῶν
1201 4397 1500 4467 Βαρδάρων
1524 4417 1692 4454 κατα-

148 4464 295 4544 δρομῇ
324 4479 659 4550 παρέϐησαν
698 4482 797 4552 τὴν
826 4485 906 4548 εἰς
932 4464 1068 4537 Θεδν
1097 4464 1302 4551 πίστιν,
1330 4464 1526 4558 ὅρκους
1552 4490 1694 4543 ἐθνι-

1790 2014 1990 2069 sinum.

2231 2097 2600 2170 Apostolorum
2623 2111 2793 2151 canon
2823 2092 2912 2149 65.

1860 2195 1929 2251 65
1958 2193 2096 2268 [62].
2134 2192 2189 2248 Si
2226 2196 2351 2264 quis
2373 2193 2665 2263 episcopus
2682 2188 2765 2244 vel
2796 2187 3099 2259 presbyter,
3129 2183 3218 2240 vel
3248 2184 3373 2239 dia-

1790 2303 1961 2344 conus
1988 2288 2071 2342 vel
2109 2286 2334 2341 omnino
2359 2301 2426 2341 ex
2451 2280 2778 2340 sacerdotali
2798 2280 3049 2352 catalogo
3070 2277 3369 2335 comederit

1788 2396 2007 2445 carnes,
2039 2388 2165 2445 ete.,
2195 2388 2251 2431 ut
2284 2394 2404 2448 pag.
2443 2376 2566 2431 746.

2177 2470 2401 2525 Concilii
2438 2466 2704 2539 Ancyrani
2724 2483 2891 2521 canon
2925 2467 2979 2521 5.

1860 2564 1913 2619 3.
1947 2560 2057 2619 Eos
2100 2562 2192 2633 qui
2224 2561 2494 2633 fugientes
2541 2558 2921 2630 comprehensi
2964 2562 3116 2621 sunt,
3146 2561 3253 2608 etc.
3305 2559 3365 2605 ut

1788 2672 1913 2729 pag.
1934 2654 2062 2712 758.

2159 2744 2383 2801 Coneilii
2403 2742 2720 2815 Gangrensis
2755 2758 2923 2796 canon
2952 2740 3009 2797 2.

1862 2842 1918 2898 2.
1950 2838 2009 2897 Si
2043 2838 2168 2910 quis
2194 2853 2319 2893 eum
2347 2837 2697 2907 quicarnem.
2726 2843 2931 2899 etc.,ut
2965 2849 3087 2903 pag.
3125 2831 3257 2887 9'25.

2006 2929 2166 3003 435
2189 2927 2416 2984 Concilii
2444 2927 2747 2982 tecumenici
2778 2942 2827 2981 v1
2860 2941 3029 2979 canon
3060 2922 3151 2978 67.

1863 3023 1955 3079 67.
2003 3022 2195 3077 Divina
2252 3019 2412 3076 nobis
2466 3019 2747 3091 Scriptura
2803 3015 3104 3081 mandavit,
3137 3023 3271 3075 etc..
3310 3020 3368 3065 ut

1791 3131 1913 3185 pag.
1939 3111 2065 3168 758.

1797 3204 2037 3276 Gregorii
2063 3201 2451 3271 Thaumaturgi
2482 3199 2792 3276 ex‘epistola
2818 3199 2881 3253 de
2901 3199 2997 3276 Δἱὶδ
3049 3198 3138 3269 qui
3192 3196 3369 3250 idolo-

2214 3282 2359 3343 thyta
2385 3271 2659 3325 comedunt
2691 3288 2859 3325 canon
2895 3271 2947 3324 1.

1866 3391 1921 3445 1.
1942 3386 2062 3443 Non
2096 3386 2200 3443 cibi
2228 3402 2328 3441 nos
2355 3394 2603 3454 gravant,
2638 3383 2985 3438 sanctissime
3008 3395 3171 3452 papa,
3204 3380 3248 3435 si
3278 3394 3373 3433 ca-

1796 3481 1927 3552 ptivi
1955 3495 2020 3534 ea
2073 3478 2412 3551 comederint
2439 3492 2562 3545 qua:
2595 3475 2686 3546 qui
2717 3476 2769 3529 in
2800 3490 2895 3529 eos
2927 3473 3229 3528 dominium
3270 3473 3373 3526 ob-

1794 3574 1972 3629 tinent
2010 3569 2093 3625 eis
2144 3576 2549 3638 apposuerunt,
2614 3568 2852 3621 maxime
2900 3564 3120 3635 quando
3164 3580 3270 3618 una
3304 3563 3375 3618 de

1796 3664 2054 3721 omnibus
2101 3661 2244 3716 fama
2274 3669 2379 3723 est,
2421 3658 2692 3713 Barbaros
2723 3660 2816 3727 qui
2860 3657 2914 3711 in
2941 3666 3158 3712 nostras
3189 3656 3371 3726 regio-

1797 3772 1895 3811 nes
1945 3755 2293 3808 incursiones
2341 3749 2608 3814 fecerunt,
2665 3748 2825 3803 idolis
2862 3764 2969 3802 non
3006 3748 3370 3803 sacriﬁcasse.

1798 3846 1937 3901 Dicit
1964 3853 2145 3900 autem
2171 3841 2463 3912 Apostolus
2494 3857 2508 3895 :
2536 3838 2688 3894 Escae
2718 3841 2905 3904 ventri,
2930 3847 2978 3891 et
3015 3847 3188 3893 renter
3215 3837 3375 3902 escis;

1797 3940 1935 3995 Deus
1966 3947 2140 3992 autent
2162 3944 2212 3991 et
2242 3941 2378 3989 hunc
2396 3950 2445 3989 et
2487 3933 2583 3988 has
2609 3934 2841 3988 destruet
2870 3933 2938 3987 “.
2977 3931 3084 3987 Sed
3117 3930 3375 3986 Servatur

1797 4045 2017 4103 quoque
2062 4043 2253 4086 omnes
2280 4027 2433 4082 cibos
2490 4026 2805 4080 mundans:
2865 4023 2989 4077 Non
3034 4022 3172 4093 quod
3204 4022 3373 4076 intrat

1798 4121 1997 4194 inquit,
2020 4120 2326 4191 coinquinat
2354 4117 2641 4183 hominem,
2666 4116 2757 4171 sed
2779 4116 2917 4186 quod
2937 4114 3204 4186 egreditur
3234 4113 3303 4167 ".

2326 4301 2521 4357 Basilii
2546 4316 2716 4354 canon
2750 4297 2813 4354 8|
2829 4338 2844 4353 .

1872 4398 1961 4453 8|.
2013 4396 2285 4465 Quoniam
2350 4402 2532 4450 autem
2587 4392 2742 4446 multi
2774 4392 2829 4445 in
2874 4388 3238 4444 Barbarorum
3290 4386 3377 4442 in-

1801 4491 2054 4547 cursione
2115 4488 2274 4542 ﬁdem
2327 4486 2381 4540 in
2452 4485 2618 4538 Deum
2675 4483 2971 4545 violarunt,
3025 4488 3377 4536 sacramenta

151 4562 629 4678 κξὺςιτελέσαντες,
667 4574 762 4628 καὶ
806 4574 1082 4646 ἀθεμίτων
1134 4577 1295 4631 τινῶν
1340 4581 1689 4651 γευσάμενοι,

1814 4582 2023 4653 gentilia
2075 4582 2346 4650 iurantes,
2386 4587 2442 4632 et
2494 4574 2729 4632 nefanda
2785 4572 3033 4643 quaedam
3066 4582 3371 4642 gustantes,

154 4666 243 4706 των
268 4658 319 4709 ὲν
341 4665 448 4726 τοῖς
484 4666 723 4731 εἰδώλοις
764 4670 876 4731 τοῖς
920 4670 1175 4737 μαγικοῖς
1221 4673 1689 4742 προσενεχθέντων

1814 4687 1923 4741 quae
1978 4673 2108 4739 ipsis
2156 4670 2209 4723 in
2247 4668 2475 4737 magicis
2539 4666 2811 4720 idolorum
2864 4664 3081 4733 templis
3123 4664 3376 4733 apposita

154 4742 494 4808 αὺτοῖςοοῦτοι
552 4758 697 4812 κατὰ
753 4757 880 4820 τοὺς
925 4757 1027 4829 ἤδη
1078 4759 1231 4830 παρὰ
1272 4759 1380 4813 τῶν
1441 4762 1701 4831 Πατέρων

158 4831 305 4937 ἡμῶν·
332 4842 705 4937 ὲξεᾼνεχθέντας
745 4849 999 4917 κανόνας,
1029 4850 1076 4903 ει
1122 4851 1220 4922 μὲν
1259 4852 1504 4925 ἀνάγκην
1542 4855 1700 4924 χαλε-

159 4930 245 5026 πὴν
293 4930 368 5026 ὲκ.
401 4933 644 5002 βασάνων
699 4938 1115 5009 ὑπομείναντες,
1160 4940 1255 4995 καὶ
1312 4941 1386 5012 μὴ
1444 4942 1701 5012 φέροντες

157 5023 265 5106 ῖοῡς
307 5023 508 5093 πόνους,
535 5030 628 5083 καὶ
669 5031 1007 5095 αἰκισθέντες
1061 5034 1197 5102 πρὸς
1224 5033 1324 5104 τὴν
1353 5034 1578 5104 ἄρνησιν
1606 5030 1701 5106 ἧλ-

162 5101 256 5204 liw,
286 5110 337 5204 ὲέν
358 5121 544 5204 ,τρισὶν
573 5121 747 5175 ἔτεσιν
795 5123 1053 5187 ἀδέκτους
1096 5101 1257 5189 εἶναι,
1282 5101 1402 5177 καὶ-
1428 5101 1488 5177 ἐν
1538 5101 1696 5178 δυσὶν

165 5202 453 5271 ἀκροᾶσθαι,
521 5214 615 5266 καὶ
649 5214 707 5270 ὲν
753 5214 933 5285 τρισὶν
984 5215 1379 5281 ὑποπεσόντας,
1413 5215 1584 5279 οὕτως
1612 5215 1699 5269 δε-

166 5290 301 5354 κτοὺς
327 5299 567 5363 γενέσθαι
602 5307 679 5369 είς
709 5306 807 5376 τὴν
830 5306 1114 5360 κοινωνίαν
1149 5323 1163 5338 ο
1200 5309 1248 5361 εἰ
1281 5307 1337 5361 δὲ
1361 5308 1490 5361 ἄνευ
1520 5308 1691 5376 ἀνάγ·

173 5394 255 5472 ³ξηὶ
298 5392 523 5465 μεγάλης
575 5399 864 5469 προδόντες
904 5399 1002 5472 τὴν
1042 5402 1123 5465 εἰς
1168 5400 1301 5456 Θεὸν
1360 5402 1565 5469 πίστιν,
1605 5404 1702 5457 καὶ

174 5470 406 5545 ἁψάμενοι
431 5487 527 5557 τῆς
548 5492 825 5565 τραπέζης
846 5470 969 5547 τῶν
986 5494 1302 5565 δαιμονίων,
1346 5495 1438 5548 καὶ
1466 5494 1701 5565 ὀμόσαν-

177 5575 249 5658 ’ξες
271 5566 448 5640 ὅρκους
496 5579 855 5654 Ἑλληνικοὺς,
886 5585 1245 5641 ἐκϐάλλεσθαι
1279 5589 1378 5658 μὲν
1422 5586 1479 5639 ἐν
1530 5586 1701 5657 τρισὶν

178 5647 320 5728 ἔτεσι,
340 5669 425 5721 καὶ
449 5670 506 5726 ἐν
530 5674 678 5732 δυσὶν
703 5676 881 5734 ἐτεσιν
937 5680 1264 5752 ἀκροᾶσθαι,
1293 5681 1352 5735 ὲν
1383 5678 1699 5736 ὑποπτώσει

249 5831 467 5900 “Hier.
502 5866 571 5918 νι,
610 5854 691 5911 l5.
770 5858 812 5892 ³⁷
847 5857 1031 5914 Matth.
1074 5877 1159 5925 xv,
1202 5859 1282 5916 ll.

1797 4764 1969 4827 fuere,
1991 4765 2059 4819 iis
2083 4760 2389 4816 secundum
2420 4774 2663 4814 canones
2688 4760 2799 4829 jam
2833 4772 2862 4811 a
2885 4756 3141 4811 Patribus
3173 4755 3381 4809 nostris

1797 4856 1972 4910 editos
2005 4854 2372 4922 dispensetur.
2404 4850 2541 4905 Nam
2577 4851 2671 4920 qui
2714 4851 2822 4905 vim
2857 4866 3074 4923 gravem
3122 4865 3215 4920 per
3266 4857 3377 4902 tor-

1798 4956 1983 5003 menta
2023 4947 2359 5010 sustinuere,
2411 4960 2511 5000 nec
2543 4943 2785 5000 ferentes
2832 4944 3071 5008 labores,
3117 4942 3183 4997 ad
3214 4956 3368 5010 nega.

1798 5042 2001 5097 tionem
2054 5040 2212 5095 tracti
2263 5046 2410 5100 sunt,
2457 5037 2633 5092 tribus
2658 5037 2820 5092 annis
2860 5052 2970 5090 non
3003 5035 3358 5104 recipiantur,

1802 5144 1857 5188 et
1887 5133 2100 5187 duobus
2146 5131 2395 5195 audiant,
2442 5139 2498 5185 et
2547 5130 2643 5184 ubi
2688 5130 2852 5185 annis
2884 5129 3062 5183 tribus
3111 5125 3373 5183 substrati

1801 5225 2025 5289 fuerint,
2084 5225 2165 5279 sic
2217 5224 2285 5278 ad
2329 5220 2773 5278 Communionem
2833 5222 3213 5277 admittantur.
3268 5216 3375 5284 Qui

1800 5333 1930 5371 vero
1952 5318 2071 5370 sine
2113 5330 2308 5386 magna
2358 5315 2407 5370 vi
2452 5317 2613 5370 [idem
2666 5316 2718 5367 in
2761 5313 2932 5369 Deum
2988 5311 3371 5381 prodiderunt,

1801 5424 2156 5479 mensamque
2197 5409 2495 5479 attigerunt
2530 5408 2945 5469 dmiuoniorum,
2994 5415 3049 5459 et
3079 5402 3364 5474 gentilium

1802 5511 2141 5556 sacramenta
2187 5500 2466 5571 jurarunt,
2499 5499 2788 5569 ejiciantur
2816 5496 3038 5567 quidem
3079 5494 3253 5549 tribus
3273 5508 3375 5546 an-

1802 5592 1911 5655 nis,
1942 5592 2155 5646 duobus
2180 5593 2407 5645 audiant
2433 5611 2446 5645 :
2483 5590 2575 5644 ubi
2606 5602 2735 5643 vero
2766 5587 2926 5642 annis
2953 5586 3130 5642 tribus
3166 5584 3219 5637 in
3245 5581 3372 5636 sub.

1805 5672 2070 5739 strationc
2098 5682 2397 5750 oraverint,
2435 5692 2485 5739 et
2524 5695 2619 5752 per
2653 5680 2793 5737 alios
2826 5688 2935 5736 tres
2960 5691 3085 5735 cum
3114 5672 3380 5733 ﬁdelibus
