3870 6290
573 331 682 402 927
1741 331 2007 394 PHOTII
2038 331 2129 394 PA
2143 325 2554 392 TRIARCHIE
2590 284 2701 390 cp:
3700 330 3784 393 ρει

578 449 647 504 ad
694 447 1017 502 orationem
1055 446 1325 513 steterint,
1377 446 1457 503 sle
1501 444 1862 502 admittantur
1895 447 1962 501 ad
2032 445 2102 501 bo

2275 443 2331 497 δὲ
2358 441 2695 513 εὐξαμένους
2730 438 2790 496 ὲν
2814 435 2994 511 τρισὶν
3023 434 3222 503 ἔτεσιν,
3252 433 3348 490 καὶ
3373 434 3428 489 ὲν
3465 434 3623 497 ἀλλοις
3664 458 3780 511 τρισι

576 539 1054 597 comumuionem.

2282 535 2585 598 συστάντας
2614 535 2728 597 τοῖς
2755 532 2968 595 πιστοῖς
2995 530 3076 594 είς
3096 528 3195 600 τὴν
3222 526 3422 600 δέησιν,
3458 526 3586 582 οὕτω
3606 530 3778 598 δεκτοῦς

2278 621 2420 681 εἶναι
2442 630 2509 699 τῇ
2542 625 2640 680 τοῦ
2660 622 2869 694 ἀγαθοῦ
2899 621 3176 693 κοινωνίᾳ.

640 739 808 812 (3.36
834 737 991 796 CAP.
1025 735 1165 793 XIV.
1193 768 1262 780 ——
1295 735 1374 791 De
1411 736 1553 790 laico
1584 736 1677 807 qui
1715 737 1828 807 regi
1871 736 2168 792 maledicit.

2279 741 2531 796 ΚΕΦΛΛ.
2561 741 2655 795 IA'.
2688 769 2761 779 —
2785 737 2924 807 Περὶ
2955 736 3171 798 λαῖκοῦ
3210 733 3543 803 ὑϐρίζοντος
3558 733 3783 799 βασιλέα.

1018 832 1401 902 Apostolorum
1433 846 1603 884 canon
1646 829 1733 884 84.

2713 830 3101 886 Ἀποστόλων
3132 827 3332 883 κανὼν
3348 827 3451 881 πδ’.

646 927 716 983 84
750 924 890 999 [85].
919 924 1181 994 Quisquis
1234 939 1418 994 regem
1452 924 1538 977 vel
1588 922 1913 993 principem,
1951 933 2087 991 etc.,
2119 934 2174 978 ut

1900 963 1913 991 ,
1951 933 2087 991 etc.,
2119 934 2175 978 ut
2348 923 2453 984 πδ’.
2477 925 2667 989 Ὅστις
2696 922 2910 996 ὑδρίσει
2936 921 3179 994 βασιλέα,
3218 937 3274 974 κ.
3302 936 3354 973 τ.
3377 917 3428 974 λ.

576 1033 698 1088 paq.
733 1016 794 1071 75
805 1015 858 1070 9.

1016 1105 1200 1161 Photii
1228 1107 1416 1177 synodi
1452 1121 1622 1159 canon
1656 1106 1712 1161 5.
2461 1105 2544 1177 Τῆ

2461 1105 2584 1177 Τῆς
2637 1105 2736 1161 ἐπὶ
2786 1105 3015 1160 Φωτίου
3060 1102 3330 1160 συνόδου
3388 1104 3576 1159 κανὼν
3598 1112 3658 1175 τ.

652 1202 707 1257 3.
744 1202 799 1258 Si
831 1201 956 1273 quis
990 1202 1164 1256 laicus
1190 1201 1280 1255 Dei
1311 1216 1375 1255 ac
1396 1201 1790 1266 imperaturum
1822 1209 2180 1255 contemnens

2350 1210 2419 1274 γ’.
2454 1204 2521 1256 Ei
2576 1220 2660 1267 τις
2711 1203 2819 1255 τῶν
2885 1199 3089 1254 λα’ίκῶν
3121 1198 3493 1269 αὐθεντήσας,
3547 1200 3629 1252 καὶ
3665 1218 3783 1253 κατι-

576 1297 855 1360 nrandata,
886 1294 1309 1364 tretncudasque
1330 1293 1588 1347 derideus
1621 1292 1882 1348 Ecclesiae
1908 1293 2104 1347 constil

2281 1296 2556 1368 φρονήσας
2595 1293 2692 1367 μὲν
2720 1291 2829 1345 τῶν
2853 1291 3013 1345 θείων
3037 1290 3132 1344 καὶ
3167 1288 3463 1360 βασιλικῶν
3512 1294 3787 1360 προσταγμά.

579 1390 754 1444 Iiuues
804 1390 1077 1459 legesque,
1137 1387 1333 1441 audeat
1394 1387 1711 1455 episcopum
1775 1386 2107 1457 quemdamt

2280 1407 2411 1450 των,
2445 1386 2823 1455 καταγελάσας
2848 1384 2906 1439 δὲ
2940 1384 3036 1437 καὶ
3064 1384 3171 1436 τῶν
3197 1381 3443 1454 φρικτῶν
3467 1382 3561 1451 τῆς
3619 1384 3785 1454 Ἐκκλη-

576 1483 783 1537 cedere
847 1484 929 1534 vel
990 1480 1043 1533 in
1103 1495 1384 1535 carcerem
1450 1481 1685 1547 tradere,
1719 1480 1838 1535 sine
1872 1493 2104 1547 causa,‘

2285 1480 2406 1542 σίας
2442 1478 2661 1549 θεσμῶν
2709 1494 2769 1531 τε
2828 1476 2924 1530 καί⁹
2967 1475 3175 1546 νόμων,
3197 1475 3519 1547 τολμήσειεν
3564 1475 3785 1531 ἐπίσκοπόν

586 1576 713 1629 licta
746 1574 813 1628 de
854 1588 1046 1636 causa,
1072 1572 1363 1627 anathema
1414 1572 1507 1627 sit.

2281 1589 2403 1625 τινα
2451 1571 2637 1641 τύψαι,
2676 1570 2710 1641 ἢ
2768 1567 3155 1639 φυλακίσαι,ἢ
3204 1568 3381 1641 χωρὶς
3426 1567 3613 1633 αἰτίας,
3656 1569 3683 1638 ἢ
3725 1571 3785 1623 καὶ

2288 1663 2750 1735 συμπλασάμενος
2797 1662 3000 1727 αἰτίαν,
3028 1662 3057 1714 ὁ
3105 1660 3349 1724 τοιοῦτος
3396 1660 3625 1730 ἀνάθεμα
3673 1660 3786 1716 ἔστω.

650 1758 792 1831 Lege
821 1774 943 1830 quae
994 1767 1122 1815 sunt
1170 1765 1430 1813 annotata
1472 1758 1527 1813 in
1563 1772 1683 1829 cap.
1719 1757 1821 1823 36,
1862 1757 1927 1814 tit
1955 1757 2006 1813 9.
2038 1773 2178 1830 pra:-

2370 1755 2671 1825 Ἀνάγνωθι
2718 1754 2785 1809 τὰ
2826 1755 3350 1826 παραγεγραμμένα
3386 1756 3444 1808 ὲν
3485 1754 3560 1825 τῷ
3599 1752 3672 1820 λς’
3701 1772 3784 1824 κιο.

578 1854 752 1908 scutis
778 1853 980 1923 operis.

2206 1845 2251 1866 ⁴¹¹
2277 1848 2370 1903 τοῦ
2398 1847 2443 1902 θ’
2472 1848 2579 1903 τίτ.
2610 1845 2705 1900 τοῦ
2729 1846 2995 1918 παρόντος
3032 1847 3430 1917 συντάγματος.

652 1941 803 1997 CAP.
837 1940 955 1996 XV.
983 1971 1055 1981 —
1085 1940 1162 1995 De
1189 1939 1500 1995 orthodoxis
1534 1938 1773 2011 eulogias
1799 1940 2170 2010 recipientibus

2348 1940 2599 1995 ΚΕΦΑΛ.
2627 1939 2732 1997 IE'.
2764 1970 2837 1982 —
2882 1939 3025 2009 Περὶ
3055 1938 3401 2010 όρθοδόξων
3437 1940 3788 2008 λαμϐανόντων

581 2036 645 2086 ab
677 2035 943 2089 hazreticis
973 2044 1067 2087 aut
1107 2031 1338 2098 Judwis,
1379 2034 1455 2088 vel
1492 2031 1807 2088 Iudaeorum
1838 2032 1986 2103 festis
2027 2048 2109 2086 cor

2279 2033 2561 2101 εὐλογίας
2613 2031 2735 2087 ἀπὸ
2772 2030 3084 2100 αἱρετικῶν
3116 2030 3155 2100 ἣ
3209 2028 3523 2092 Ἰουδαίων,
3548 2029 3582 2097 ἢ
3607 2046 3789 2099 συνεορ-

580 2127 995 2181 mum’cantibus.
1052 2124 1120 2179 Et
1164 2126 1302 2195 quod
1340 2125 1575 2180 Sabbato
1615 2141 1719 2179 non
1746 2126 1813 2179 sit
1846 2124 2108 2194 feriandur

2291 2125 2588 2187 ταζόντων
2633 2124 2938 2192 Ἰουδαίοις
2973 2141 2989 2157 ο
3022 2123 3119 2179 καὶ
3144 2123 3233 2177 δτι
3266 2124 3341 2176 οὐ
3370 2121 3466 2175 δεῖ
3495 2121 3609 2188 τοῖς
3638 2124 3790 2177 Σασεά-

578 2218 671 2270 sed
711 2228 866 2286 prout
922 2216 1037 2277 ﬁeri
1083 2216 1272 2284 poterit
1303 2215 1388 2269 die
1416 2213 1716 2279 Dominica,
1746 2212 1895 2269 Etde
1917 2214 1982 2269 iis
2006 2214 2093 2285 qui

2282 2231 2409 2281 τοις
2461 2212 2804 2285 σχολάζειν,
2835 2214 2997 2269 ἀλλὰ
3028 2213 3179 2268 κατὰ
3217 2212 3286 2267 τὸ
3332 2209 3590 2266 δυνατὸν
3632 2210 3691 2279 τῇ
3713 2217 3789 2266 Κυ-

578 2308 952 2363 Ιιιενειίεοι-ιιηι
981 2307 1320 2361 monasteriis
1354 2304 1431 2360 vel
1474 2304 1710 2361 ecclesiis
1738 2313 1917 2361 orant.

2278 2307 2464 2379 ριακῇ
2493 2325 2506 2337 ·
2534 2308 2633 2363 καί
2663 2307 2939 2379 περὶτῶν
2956 2308 3308 2379 εὐχομένων
3334 2305 3409 2361 ἐν
3438 2308 3790 2377 μοναστηρίοις

2276 2401 2316 2471 ἢ
2347 2401 2717 2473 ἐκκλησίαις
2736 2400 3072 2472 ιιίρετικῶν.

929 2484 1305 2556 Apostolorum
1332 2500 1559 2540 canones
1589 2483 1681 2550 65,
1715 2483 1816 2539 70.

2669 2494 3052 2549 Ἀποστόλων
3070 2508 3273 2547 κανων
3296 2489 3392 2555 ξε’,
3426 2495 3489 2545 o’.

649 2580 719 2635 65
749 2578 885 2653 [63].
925 2579 983 2635 Si
1010 2581 1133 2650 quis
1163 2578 1399 2635 clericus
1436 2578 1522 2634 vel
1550 2577 1726 2635 laicus
1752 2577 1810 2634 in
1832 2574 2169 2645 Iudaeorum,

2350 2584 2443 2652 ξέ.
2472 2584 2539 2642 El!
2562 2603 2648 2651 τις
2685 2585 2946 2657 κληρικδς
2972 2584 3006 2657 ἢ
3037 2584 3224 2641 λαῖκδς
3254 2582 3585 2650 εἰσέλθοιείς
3608 2600 3790 2652 caveru-

576 2683 707 2738 etc.,
740 2683 795 2727 ut
823 2689 951 2743 pag.
989 2672 1118 2728 758.

2279 2677 2383 2750 γὴν
2428 2678 2723 2744 Ἰουδαίων,
2764 2696 2821 2732 κ.
2849 2695 2901 2732 τ.
2932 2677 2983 2733 λ.

651 2763 719 2816 70
742 2762 881 2835 [69].
926 2762 980 2816 Si
1008 2763 1133 2833 quis
1167 2762 1454 2832 episcOpus
1485 2760 1570 2815 vel
1598 2760 1903 2833 presbyter,
1933 2760 2016 2816 vel
2045 2761 2169 2816 dia~

2349 2767 2414 2825 θ’.
2448 2770 2515 2825 Et
2543 2786 2628 2835 τις
2670 2768 2991 2835 ἐπίσκοπος,
3021 2766 3463 2844 ⁴ίῇπρεσὸύτερος,
3484 2765 3744 2842 ἦδιάκονος,
3770 2767 3791 2837 ἢ

580 2872 758 2912 conus
820 2856 906 2909 νει
947 2854 1174 2910 omnino
1212 2872 1278 2909 ex
1307 2854 1636 2910 sacerdotali
1661 2854 1934 2928 catalogo,
1961 2853 2108 2926 jo-jun

2277 2862 2413 2926 ὅλως
2442 2860 2537 2916 τοῦ
2588 2860 2893 2931 καταλόγου
2938 2861 3048 2916 τῶν
3099 2860 3407 2932 κληρικῶν,
3442 2860 3671 2932 νηστεύει
3697 2860 3792 2928 μετὰ

578 2963 704 3002 cum
742 2944 977 3009 Iudaeis;
994 2954 1080 3002 etc
1108 2986 1123 3012 ,
1158 2958 1213 3002 ut
1237 2964 1359 3019 pag.
1394 2948 1520 3004 738.

1308 2965 1359 3019 g.
1394 2948 1520 3004 738.
2290 2953 2579 3019 Ἰουδαίων,
2606 2974 2662 3009 κ.
2689 2972 2740 3009 τ.
2779 2954 2832 3012 λ.

581 3039 1117 3111 (Ζοιιοίίίίειαοιίὶεεηὶ
1145 3057 1370 3097 canones
1394 3044 1449 3111 9,
1485 3043 1576 3115 29,
1610 3044 1701 3112 52,
1728 3044 1820 3109 54,
1852 3042 1944 3107 57,
1968 3041 2057 3103 '58,
2077 3042 2109 3097 5

2278 3048 2551 3104 Συνόδου
2606 3047 2956 3183 Λαοδικεςαζς
3010 3044 3226 3170 pardi;
3256 3045 3343 3113 θ’,
3396 3042 3518 3112 κθ⁹,
3573 3041 3673 3116 λβ’,
3710 3039 3792 3109 λδ,

2956 3159 2971 3183 ν
3030 3135 3118 3183 ιη,
3233 3158 3249 3174 ο

1786 3140 1789 3141 ν
2872 3135 2931 3183 Αι,
2956 3159 2971 3185 ,
3012 3135 3118 3188 ιη’,
3150 3135 3210 3170 au
3233 3158 3249 3174 .

652 3204 705 3262 9.
732 3203 849 3260 Νοιι
879 3204 1287 3263 concedendum
1307 3222 1450 3264 esse.
1471 3218 1599 3277 etc.;
1634 3222 1690 3265 ut
1716 3225 1843 3282 pag.
1879 3208 2009 3266 885.

2350 3208 2424 3267 θ’.
2484 3209 2625 3282 Περὶ
2680 3210 2779 3265 τοῦ
2848 3208 2924 3282 μὴ
2977 3211 3288 3283 συγχωρεῖν
3344 3208 3428 3273 είς
3476 3206 3543 3262 τὰ
3594 3206 3795 3279 κοιμητὴ-

2387 3300 2663 3367 .κ.τ.λ.

653 3386 816 3461 437
844 3388 936 3444 29·
982 3387 1138 3455 Quod
1187 3404 1297 3443 non
1347 3397 1567 3461 oportet
1604 3388 1957 3448 Christianos
1989 3390 2173 3462 judai-

2287 3319 2403 3375 ρια.
2441 3319 2497 3361 κ.
2528 3319 2579 3357 τ.
2613 3319 2663 3354 Λ.

2351 3397 2456 3451 κίν.
2498 3395 2622 3450 ’Ότι
2656 3393 2719 3448 οὐ
2748 3394 2827 3449 δεῖ
2848 3392 3209 3469 Χριστιανοὺς
3255 3391 3590 3457 Ἰουδαΐζειν,
3632 3407 3677 3444 κ.
3700 3406 3738 3442 τ.
3762 3387 3794 3441 λ.

585 3501 730 3547 zare.
754 3494 839 3541 etc
868 3526 884 3547 ,
912 3494 1099 3547 utpag.
1120 3484 1242 3539 645.

653 3502 730 3547 re.
754 3501 839 3541 etc
868 3526 884 3553 ,
912 3501 1099 3555 παρος.
1120 3501 1242 3539 mo.

653 3580 741 3635 52.
771 3579 928 3647 Quod
962 3594 1072 3633 non
1107 3586 1323 3648 oportet
1348 3577 1732 3636 haereticorum
1759 3579 2171 3637 benedictiones

2358 3578 2461 3651 λβ’.
2511 3578 2636 3633 Ὀτι
2682 3578 2745 3633 οὐ
2786 3577 2869 3631 δεῖ
2908 3577 3205 3650 αἱρετικῶν
3244 3574 3506 3648 εὐλογίας
3536 3573 3797 3646 λαμϐάνειν,

585 3676 854 3743 accipere,
883 3681 1013 3739 etc.,
1042 3682 1101 3725 ut
1129 3689 1250 3742 pag.
1283 3671 1409 3729 882.

982 3711 1013 3739 .,
1042 3682 1101 3725 ut
1129 3689 1250 3742 pag.
1283 3671 1409 3729 882.
2283 3689 2339 3729 κ.
2370 3689 2424 3727 τ.
2459 3670 2510 3727 λ.

655 3768 745 3830 διδ.
817 3765 976 3833 Quod
1050 3780 1163 3820 non
1238 3774 1458 3835 oportet
1516 3780 1737 3822 omnem
1792 3764 2169 3822 Christianum

2352 3763 2447 3819 λδ’.
2485 3764 2609 3818 Ὀτι
2643 3762 2704 3817 οὐ
2749 3763 2832 3819 δεῖ
2876 3762 3057 3818 πάντα
3100 3763 3434 3837 Χριστιανὸν
3460 3760 3797 3817 ἐγκαταλείποι

585 3858 785 3913 Christi
819 3865 1086 3928 martyres
1116 3855 1442 3925 relinquere,
1473 3865 1602 3923 etc.,
1632 3866 1689 3911 ut
1722 3858 1988 3929 pag.885,

1599 3899 1602 3916 .
1632 3866 1689 3911 ut
1722 3858 1988 3929 pag.885,
2289 3857 2576 3929 μάρτυρας
2606 3856 2865 3929 Χριστοῦ,
2906 3874 2959 3913 κ.
2989 3875 3041 3913 τ.
3076 3856 3127 3911 λ.

658 3950 750 4004 57.
796 3948 952 4015 Quod
981 3963 1088 4002 non
1125 3954 1340 4017 oportet
1369 3964 1492 4018 quae
1542 3964 1573 4003 a
1605 3948 1809 4007 ludatis
1863 3951 1948 4006 vel
2001 3952 2173 4007 haere-

2353 3948 2452 4015 λζ’.
2492 3951 2614 4004 Ὅτι
2644 3951 2706 4003 οὐ
2735 3951 2816 4003 δεῖ
2844 3950 2997 4022 παρὰ
3043 3950 3153 4003 τῶν
3185 3964 3485 4019 αιρετικων
3524 3949 3556 4020 ἢ
3604 3945 3796 4001 Ἰουδαίων

590 4042 711 4097 ticis
735 4040 1026 4096 mittuntur
1050 4039 1249 4096 festiva
1297 4039 1567 4111 accipere,
1599 4058 1777 4114 neque
1805 4059 1911 4099 una
1938 4058 2061 4099 cum
2090 4061 2118 4099 e

2280 4041 2352 4096 τὰ
2382 4043 2710 4113 πεμπόμενα
2739 4041 3069 4115 ἑορταστικὰ
3096 4041 3423 4114 λαμϐάνειν,
3480 4039 3608 4112 μηδὲ
3639 4053 3794 4105 συνεορσ

588 4132 787 4189 festum
811 4149 988 4203 agere.

2281 4134 2467 4199 τάξειν
2490 4135 2694 4199 αὐτοῖς.

658 4230 747 4284 58.
788 4228 942 4296 Quod
992 4246 1099 4286 nou
1136 4238 1355 4302 oportet
1402 4246 1431 4285 a
1461 4229 1665 4285 Judaais
1689 4244 1881 4302 azyma
1910 4228 2167 4301 accipere

2353 4225 2457 4298 λη’.
2492 4227 2615 4281 Ὅτι
2655 4226 2715 4280 οὒ
2751 4225 2837 4280 δεῖ
2874 4226 3028 4297 παρὰ
3054 4226 3163 4281 τῶν
3202 4226 3481 4281 Ἰουδαίων
3517 4225 3678 4296 ἄζυμα
3698 4222 3792 4290 λαμ-

587 4320 671 4375 vcl
694 4337 880 4376 eorum
912 4323 1286 4393 impietatibus
1319 4323 1765 4379 communicare.

2282 4318 2489 4383 σάνειν,
2524 4318 2558 4388 ἢ
2595 4320 2874 4371 κοινωνεῖν
2901 4321 3019 4382 ταῖς
3050 4318 3331 4382 ἀσεϐείαις
3368 4318 3565 4373 αὐτῶν.

655 4413 745 4468 59.
777 4413 934 4480 Quod
973 4431 1080 4470 non
1128 4425 1344 4487 oportet
1376 4414 1515 4470 festa
1545 4429 1708 4485 agere
1741 4429 1865 4470 cum
1913 4413 2168 4487 gentibus

2353 4412 2453 4467 λθ’.
2488 4413 2611 4467 ’Ὀτι
2641 4414 2701 4467 οὐ
2749 4414 2831 4467 δεῖ
2855 4416 2968 4477 τοῖς
2995 4415 3176 4469 ἔθνεσι
3209 4413 3587 4486 συνεορτάζειν
3612 4410 3689 4467 καὶ
3717 4424 3793 4463 κοι-

584 4507 640 4554 et
668 4516 854 4555 earum
888 4502 1149 4571 impietati
1182 4503 1611 4559 communicare.

1564 4518 1611 4559 e.
2208 4562 2252 4579 λ
2282 4508 2471 4574 νωνεῖν
2501 4508 2568 4579 τῇ
2598 4506 2853 4579 ἀθεότητι
2893 4507 3092 4562 αὐτῶν.

657 4589 879 4644 Concilii
914 4591 1343 4664 Carthagiuensis
1374 4610 1541 4648 canon
1571 4592 1661 4649 60.

2203 4562 2255 4620 D
2420 4565 2429 4574 .
2540 4562 2824 4653 ⁸λίῖυνόδοῖ)
2856 4599 3276 4668 Ιιάρθαγέννης
3306 4599 3509 4655 κανὼν
3537 4598 3593 4665 ξ’.

660 4682 735 4737 De
757 4700 1085 4753 paganorum
1116 4688 1384 4741 conviviis.

2345 4687 2482 4756 Περὶ
2500 4687 2605 4742 τοῦ
2624 4687 2957 4757 ἀφελέσθαι
2975 4689 3047 4743 τὰ
3065 4687 3185 4743 τῶν
3201 4689 3515 4760 Ἐλλήνων
3533 4688 3790 4759 συμπόσια.

654 4777 745 4831 60.
769 4777 899 4831 Illud
917 4778 1079 4833 etiam
1105 4780 1465 4849 petendum“,
1487 4782 1810 4852 utquoniam
1826 4791 2015 4837 contra
2039 4797 2177 4852 prsc-

2348 4780 2412 4846 ξ’.
2459 4782 2697 4837 Κὰκεῖνο
2749 4779 2831 4835 ἔτι
2874 4780 2982 4853 μὴν
3011 4782 3093 4835 δεῖ
3122 4782 3349 4855 αἰτῆσαι
3395 4784 3546 4856 παρά
3578 4783 3669 4835 τῶν
3698 4780 3791 4849 Χρι-

584 4876 735 4939 cepta
772 4868 959 4924 divina
1013 4870 1265 4926 convivia
1301 4871 1493 4928 multis
1525 4873 1579 4928 in
1639 4872 1778 4929 locis
1817 4883 2112 4928 exercentu

2277 4872 2510 4927 στιανῶν
2540 4872 2829 4945 βασιλέων,
2872 4873 3063 4946 ἐπειδὴ
3106 4874 3258 4947 παρὰ
3295 4874 3364 4929 τὰ
3395 4875 3513 4930 θεῖα
3552 4869 3792 4945 παραγγέλ-

583 4973 705 5027 qua
742 4958 811 5012 ab
841 4973 1028 5015 errore
1060 4961 1249 5031 gentili
1286 4970 1521 5019 attracta
1568 4973 1719 5029 sunt,
1761 4962 1834 5019 ita
1870 4973 1929 5018 ut
1960 4978 2105 5018 nunc

2280 4982 2425 5036 ματα
2443 4966 2503 5019 ἐν
2527 4964 2743 5027 πολλοῖς
2762 4962 2951 5029 τόποις
2977 4964 3257 5036 συμπόσια
3277 4965 3453 5031 οὕτως
3472 4963 3788 5019 ἐπιτελοῦνται,

582 5052 809 5122 paganis
847 5053 1146 5110 Christiani
1207 5055 1275 5111 ad
1323 5057 1441 5111 haec
1489 5054 1816 5112 celebranda
1868 5063 2110 5126 cogantu‘

2279 5057 2344 5109 ἐκ
2381 5056 2482 5126 τῆς
2521 5057 2745 5123 ὲθνικῆς
2786 5056 2995 5128 πλάνης
3027 5057 3429 5128 προενεχθέντα
3449 5098 3463 5119 ,
3494 5056 3565 5121 ὡς
3595 5056 3675 5109 καὶ
3696 5054 3790 5120 Χριο

582 5161 649 5199 cx
675 5161 782 5215 qua
823 5162 885 5203 re
924 5149 1261 5221 temporibus
1299 5150 1747 5206 Christianorum
1786 5149 2110 5220 imperatoru

2281 5148 2535 5212 στιανοὺς
2555 5151 2670 5211 τοῖς
2703 5148 2934 5221 Ἕλλησι
2965 5147 3139 5219 λάθρα
3168 5150 3628 5222 προσσυνάγεσθαι
3653 5146 3725 5199 ἐπὶ

583 5240 896 5305 persecutio
919 5242 1093 5297 altera
1122 5242 1235 5298 ﬁeri
1267 5244 1480 5300 occulte
1508 5243 1761 5299 videatur
1799 5260 1814 5297 :
1853 5242 2021 5297 vetari
2048 5242 2111 5296 tal

2277 5242 2484 5297 τούτων
2506 5242 2721 5315 τελετῇ,
2752 5243 2841 5297 ἵνα
2870 5243 3173 5299 κελεύσωσι
3205 5246 3274 5300 τὰ
3300 5244 3526 5300 τοιαῦτα
3551 5241 3789 5309 κωλυθῆναι

578 5327 829 5399 jubeant,
856 5342 911 5387 et
937 5333 1004 5390 de
1033 5334 1351 5392 civitatibus
1393 5345 1449 5392 et
1479 5336 1546 5392 de
1591 5332 2040 5407 possessionibus
2075 5334 2106 5387 ir

2276 5337 2372 5391 καὶ
2405 5338 2469 5390 ὲκ
2519 5335 2631 5389 τῶν
2672 5335 2884 5390 πόλεων
2928 5335 3024 5390 καὶ
3066 5338 3132 5390 ἐκ
3171 5336 3279 5391 τῶν
3314 5338 3586 5409 κτήσεων,
3615 5333 3789 5405 μάλιστα

584 5422 767 5491 posita
834 5439 995 5495 poena
1055 5427 1347 5498 prohibere
1385 5446 1399 5483 :
1440 5428 1679 5483 maxime
1721 5442 1843 5482 cum
1900 5426 2065 5481 etiam
2101 5476 2112 5496 ,

2275 5428 2357 5483 ὅτι
2390 5428 2486 5481 καὶ
2519 5428 2577 5482 ὲν
2607 5428 2790 5492 αὐτοῖς
2820 5429 2934 5493 τοῖς
2966 5427 3234 5497 γενεσίοις
3266 5427 3372 5481 τῶν
3407 5424 3668 5497 μακαρίων
3690 5436 3788 5491 pap-

580 5515 864 5575 Natalibus
892 5520 1339 5577 beatissimorum
1376 5530 1681 5594 martyrum
1727 5536 1821 5591 per
1873 5522 2108 5577 nonnull;

2275 5516 2457 5589 τύρων
2490 5516 2596 5571 ἀνά
2638 5534 2793 5582 τινας
2826 5518 3011 5580 πόλεις
3046 5517 3141 5571 καὶ
3180 5520 3258 5581 είς
3294 5518 3488 5579 αὐτοὺς
3515 5515 3627 5577 τοὺς
3658 5509 3787 5579 ἱεροὺς

581 5604 854 5678 civitates,
890 5620 948 5668 et
990 5612 1050 5669 in
1099 5612 1237 5685 ipsis
1266 5613 1403 5672 locis
1436 5613 1613 5672 sacris
1641 5613 1769 5670 talia
1818 5615 2109 5674 committe.

2272 5612 2472 5677 τόπους
2508 5611 2735 5667 τοιαῦτα
2760 5610 3101 5683 πλημμελεῖν
3126 5611 3225 5683 οὐχ
3254 5611 3587 5682 ὑφορῶνται·
3643 5606 3692 5658 ἑν
3724 5594 3785 5662 εἷς

654 5789 699 5824 ³⁸
727 5790 898 5850 Cone.
931 5794 1103 5851 Alric.
1128 5810 1179 5850 c.
1207 5794 1296 5848 27.
