3980 6406
101 403 179 468 929

102 518 301 589 ἡμέραιςν

101 581 230 677 cipit;
269 602 338 663 εἰς
367 594 487 658 τοὺς
529 590 730 663 ἀγροὺς
758 589 855 643 καὶ
895 588 972 650 είς
1000 584 1098 649 τὰς
1145 581 1408 642 πλατείας
1439 581 1597 632 ἐκτε-

97 671 253 758 λούπιν,
280 692 406 746 ὥστε
433 689 497 759 τῇ
521 684 625 738 τῶν
656 677 1072 736 οίκοδεσποινῶν
1102 677 1268 746 τιμῇ,
1298 671 1393 727 καὶ
1424 671 1599 726 ἄλλων

97 785 418 860 ἀναριθμήτων
446 775 713 849 γυναικῶν
742 775 811 846 τῇ
834 770 972 826 αίδοῖ
999 769 1107 823 τῶν
1129 766 1371 830 εὐλαϐῶς
1395 766 1475 827 είς
1500 762 1599 835 τὴν

99 857 217 949 ἀγίάν
238 875 428 948 ἡμέραν
449 867 924 941 παραγενομένων,
946 862 1171 931 λάγναις
1198 858 1421 931 ὕϐρεσιν
1444 857 1602 949 ἐφορ-

100 976 203 1044 μᾷν,
238 969 303 1032 ὡς
340 966 427 1022 καὶ
455 963 623 1031 αὐτῆς
654 962 753 1033 τῆς
782 958 944 1028 ἁγίας
982 955 1218 1018 πίστεως
1244 951 1435 1024 σχεδὸν
1468 948 1601 1021 φεύο

97 1064 244 1136 jaceat
264 1060 352 1130 τὴν
378 1054 750 1133 προσέλευσιν.

159 1150 410 1220 Ἀνάγνωθι
462 1147 529 1201 τὰ
581 1139 1097 1218 παραγεγραμμένα
1149 1138 1207 1191 ὲν
1245 1134 1324 1208 τῷ
1363 1140 1424 1189 ιε’
1474 1151 1649 1224 κεφ..

98 1248 167 1305 τοῦ
193 1244 232 1316 γ’
256 1246 351 1301 sit.
387 1240 477 1296 τοῦ
518 1241 784 1312 παρόντος
817 1235 1197 1304 συντάγματος
1216 1271 1231 1297 ,
1263 1230 1362 1283 καὶ
1394 1228 1438 1282 δ’
1473 1245 1600 1298 κεφ.

95 1342 164 1396 τοῦ
192 1341 228 1403 ζ’
253 1338 347 1393 τίτ.

148 1429 356 1485 ΚΕΦΑΛ.
390 1425 508 1494 IG’.’
534 1456 604 1471 —
656 1421 797 1493 Περὶ
830 1419 1061 1475 λατκῶν
1093 1412 1474 1485 πειρωμένων
1519 1407 1604 1480 μὴ

96 1522 210 1579 εἶναι
234 1522 359 1590 τοὺς
384 1518 704 1589 κληρικοὺς
729 1516 849 1572 τῶν
875 1509 1302 1585 μοναστηρίων
1326 1506 1423 1559 καὶ
1455 1520 1602 1558 mw-

98 1619 233 1687 κείων
248 1615 334 1670 καὶ
356 1613 743 1686 μαρτυρείων,
773 1608 894 1667 ὑπὸ
921 1606 1037 1677 τὴν
1065 1601 1360 1670 ἐξουσίαν
1381 1600 1451 1655 ἐν
1478 1597 1606 1664 ταῖς

96 1708 297 1762 πόλεσιν
328 1704 689 1759 ἐπισκόπων.

313 1795 571 1852 Συνόδου
602 1790 993 1863 Χαλκηδόνος
1024 1784 1227 1843 κανὼν
1251 1789 1325 1857 η’.

624 380 1024 445 SYN'I‘AGMA
1064 370 1449 437 CANONUM.
1476 394 1544 405 -
1568 364 1721 430 ΤῙΤ.
1758 360 1933 439 XIII,
1974 357 2131 423 CAP.
2169 355 2395 421 Χῐν-
2426 350 2647 418 XVIII.

328 505 355 559 ὅ
387 503 473 559 καὶ
504 500 684 570 λέγειν
725 496 957 569 αἰσχύνη
987 494 1137 547 ἐστὶν
1157 534 1172 555 ,
1213 491 1465 561 ὀρχήσεις
1498 504 1601 557 μυ-

1753 495 1816 534 on
1855 475 2242 533 reformident.
2292 470 2504 537 Quibus
2539 468 2734 523 diebus
2772 462 2976 529 etiam,
3002 461 3147 533 quod
3180 478 3284 532 pu-

3171 344 3283 412 930

1698 570 1851 629 doris
1887 578 1971 625 est
1999 568 2201 632 dicere,
2223 563 2541 621 saltationes
2583 558 3039 616 sceleratissimas
3072 570 3167 627 per
3190 556 3276 610 vi-

1700 676 1800 719 cos
1829 671 1991 731 atque
2020 659 2233 729 plateas
2263 661 2551 711 exerceant
2576 669 2592 708 :
2630 662 2688 706 ut
2719 650 3039 705 matronalis
3091 650 3287 713 honor,

1698 763 1755 810 et
1780 748 2260 807 innumerabilium
2313 745 2638 800 feminarum
2701 743 2897 812 pudor,
2952 742 3152 795 devote
3187 756 3283 792 ve-

1698 846 1969 905 nientium
2016 842 2084 898 ad
2137 839 2571 897 sacratissimum
2624 836 2794 901 diem,
2857 834 3076 905 injuriis
3129 833 3292 885 lusci-

1699 936 1974 994 vietltibus
2027 939 2346 1003 appetatur;
2384 940 2440 984 ut
2495 928 2658 983 etiam
2702 926 2873 992 ipsius
2925 933 3135 977 sanetae
3163 923 3293 975 reli-

1699 1028 1874 1100 gionis
1910 1027 2021 1098 (55)
2046 1040 2182 1095 pene
2210 1022 2453 1094 fugiatur
2480 1035 2762 1076 accessus.

1772 1121 1939 1193 438
1962 1120 2100 1190 Lege
2129 1133 2252 1189 quae
2289 1124 2547 1170 anuotata
2594 1122 2722 1168 sunt
2765 1112 2817 1167 iu
2847 1125 2969 1180 cap.
3006 1109 3093 1174 l5,
3122 1107 3208 1162 tit.
3238 1108 3293 1170 5,

1701 1211 1985 1283 praesentis
2010 1209 2213 1279 operis,
2246 1217 2297 1263 et
2335 1222 2457 1277 cap.
2485 1206 2539 1271 4,
2571 1206 2659 1259 tit.
2681 1203 2733 1257 7.

1773 1388 1907 1444 CAP
1944 1386 2088 1442 XVI.
2117 1417 2173 1427 —
2213 1385 2291 1439 De
2322 1384 2471 1438 laicis
2499 1381 2589 1453 qui
2621 1381 2749 1435 dant
2781 1394 2989 1449 operam
3019 1376 3297 1447 quominus

1706 1480 1888 1536 clerici
1919 1477 2382 1539 monasteriorum,
2415 1471 2944 1545 ptochodochiorum,
3001 1478 3051 1522 et
3092 1478 3297 1535 marty-

1706 1574 1911 1628 riorum
1939 1571 2000 1625 in
2025 1578 2280 1641 potestate
2310 1567 2501 1622 urbani
2538 1565 2767 1636 episcopi
2796 1564 2927 1617 sint.

2011 1756 2237 1813 Consilii
2268 1753 2714 1811 Chalcedonensis
2749 1767 2918 1805 canon
2943 1750 2997 1805 8.

144 1899 199 1966 η’.
230 1893 284 1947 Οί
756 1846 1041 1958 πτωχείων
1078 1883 1173 1938 καὶ
1207 1846 1605 1954 ςμοναστηρίων

1780 1852 1835 1908 8.
1871 1849 2066 1907 Clerici
2124 1850 2475 1922 ptochorum,
2516 1846 3011 1911 monasteriorum,
3047 1852 3179 1910 etc.,
3246 1851 3304 1895 ut

1762 1962 1820 1966 __
1877 1945 1977 1966 sese

94 1985 164 2037 καὶ
191 1982 522 2055 μαρτυρείων,
555 1998 613 2036 κ.
643 1997 695 2034 τ.
724 1977 777 2035 λ.

143 2075 357 2132 ΚΕΦΑΛ.
407 2076 508 2129 ΙΖ.’
538 2105 612 2116 -
655 2070 794 2142 Περὶ
837 2066 1066 2125 λαῒκῶν
1126 2060 1610 2135 προστιθεμένων

94 2166 186 2232 τοῖς
208 2164 623 2236 ἀφοριζομένοις
659 2161 698 2232 ἢ
729 2159 1126 2229 ἀποσχίζουσι
1160 2152 1606 2225 πρεσϐυτέροις,

94 2255 166 2308 καὶ
188 2254 341 2324 χωρίς
375 2253 491 2309 τῶν
533 2252 886 2308 ἐπισκόπων
928 2245 1167 2316 αὐτῶν,
1210 2240 1611 2321 θυσιαστήρια

94 2346 451 2425 πηγνυμένοις.

449 2435 838 2499 Ἀποστόλων
871 2430 1075 2492 κανὼν
1099 2429 1205 2489 λα’.
1294 2430 1303 2445 ‘

144 2538 227 2593 λα’.
262 2539 321 2592 Εἴ
357 2555 436 2602 τις
469 2534 845 2607 πρεσϐύτερος
879 2526 1305 2601 καταφρονήσας
1347 2514 1443 2576 τοῦ
1482 2515 1613 2574 ἰδίου

97 2629 341 2684 ἐπισκόπου
359 2669 375 2694 ,
403 2646 458 2684 κ.
487 2645 539 2684 τ.
572 2629 625 2681 λ.

158 2723 419 2793 ’Δνάγνωθι
443 2721 510 2776 τὰ
543 2714 1065 2793 παραγεγραμμένα
1090 2712 1149 2767 ὲν
1173 2707 1251 2783 τῷ
1272 2707 1334 2763 ιδ’
1362 2722 1487 2776 κεφ.
1519 2699 1617 2757 τοῦ

97 2816 133 2879 γ’
153 2812 241 2867 τίτ.
269 2812 354 2866 τοῦ
384 2811 653 2883 παρόντος
684 2807 1081 2877 συντάγματος.

150 2906 367 2961 ΚΕΦΑΛ.
397 2905 503 2960 IH'.
536 2934 611 2946 —
650 2901 791 2971 Περὶ
825 2899 1118 2968 ἐπιόρκων
1140 2936 1157 2963 ,
1199 2891 1299 2949 καὶ
1330 2891 1402 2947 ἐν
1430 2889 1625 2956 ποίοις

98 2995 169 3050 δεῖ
187 2998 308 3063 τοὺς
332 2998 663 3069 ὀμνύοντας
689 2992 775 3064 μὴ
806 2988 1095 3061 εὐορκεῖν.

154 3091 444 3147 Βασιλείου
472 3089 680 3145 κανὼν
710 3091 764 3151 ι’,
799 3084 887 3151 ιζ’,
914 3081 1019 3147 κθ’,
1041 3077 1134 3145 ξδ’,
1158 3077 1270 3149 πβ⁹.

154 3191 197 3240 ι’.
223 3185 277 3239 Ol
306 3183 593 3257 ὀμνύοντες
625 3178 701 3253 μὴ
729 3171 1126 3247 καταδέχεσθαι
1154 3170 1254 3242 τὴν
1270 3163 1628 3241 χειροτονίαν,

100 3293 141 3331 κ.
171 3294 214 3332 τ.
244 3277 290 3331 λ.

156 3371 227 3434 ιζ’.
265 3371 574 3443 Ἦρώτησας
603 3368 753 3440 ἡμᾶς
780 3366 909 3437 περὶ
929 3361 1210 3432 Βιάνορος,
1238 3374 1295 3412 κ.
1324 3373 1378 3410 τ.
1409 3353 1464 3409 λ.

157 3534 246 3590 κθν.
285 3535 594 3608 Ἀρχοντας
626 3530 810 3600 μέντοι
850 3525 1071 3599 ὀμνύειν
1108 3524 1201 3578 ἐπὶ
1220 3521 1298 3594 τῷ
1318 3517 1634 3577 κακοποιεῖν

102 3630 200 3692 τοὺς
222 3628 559 3700 ἀρχομένους,
596 3624 693 3679 καὶ
725 3622 866 3678 πάνυ
901 3615 1301 3692 θεραπεύεσθαι
1332 3612 1633 3700 προσῆκεν·

104 3710 160 3771 ὧν
175 3720 204 3789 ἡ
222 3698 469 3790 θεραπεία
484 3716 659 3787 διττὴ,
679 3712 778 3785 μία
809 3712 907 3783 μὲν
938 3711 1011 3781 μὴ
1036 3706 1258 3779 ὀμνύειν
1273 3702 1470 3763 αὐτοὺς
1490 3698 1638 3754 διδά-

106 3809 292 3864 σκεσθαι
326 3808 631 3883 προχείρως
653 3822 668 3837 ·
702 3804 864 3874 ἑτέρα
887 3802 967 3867 δὲ,
1002 3799 1079 3871 μὴ
1111 3795 1393 3867 ἐπιμένειν
1427 3794 1484 3845 ὲν
1517 3792 1639 3853 ταῖς

104 3907 327 3975 πονηραῖς
367 3904 612 3975 κρίσεσιν
638 3914 653 3930 °
688 3897 830 3951 ὥστε
876 3896 1027 3967 ὅρκῳ
1068 3886 1406 3962 προληφθείς
1434 3901 1521 3948 τις
1560 3884 1641 3946 εἰς

103 3997 386 4051 κακοποιίαν
414 3995 603 4066 ἐτέρου
626 4034 641 4060 ,
672 3991 772 4063 τὴν
801 3988 893 4042 ἐπὶ
925 3987 996 4057 τῇ
1024 3980 1329 4055 προπετείᾳ
1356 3976 1451 4032 τοῦ
1475 3977 1639 4048 ὅρκου

106 4087 355 4153 μετάνοιαν
404 4082 839 4147 ἐπιδεικνύσθω,
901 4076 977 4149 μὴ
1043 4074 1228 4147 μέντοι
1288 4068 1642 4141 προσχήματι

104 4178 383 4245 εὐλαϐείας,
428 4181 527 4252 τὴν
580 4175 845 4247 πονηρίαν
887 4168 1082 4227 ἑαυτοῦ
1134 4164 1467 4239 βεϐαιούτω·
1521 4159 1644 4215 οὐδὲ

102 4272 191 4341 γάρ
242 4273 447 4346 Ἡρώδῃ
508 4271 805 4341 συνέφερεν
855 4263 1259 4336 εὐορκήσαντι;
1303 4258 1362 4321 ὃς
1413 4256 1503 4310 ῖνα
1566 4252 1641 4324 μὴ

101 4362 369 4438 ὲπιορκήσῃ
415 4365 614 4435 δῆθεν,
661 4360 855 4431 φονεὺς
897 4356 1119 4426 ἐγένετο
1172 4351 1269 4407 τοῦ
1320 4348 1643 4438 προφήτ⁰¹ἶ³’

100 4450 222 4520 ἆπαξ
245 4437 384 4524 μὲννό
420 4456 583 4527 ὅρκος
614 4450 1014 4523 ἀπηγόρευται,
1045 4444 1229 4516 πολλῷ
1274 4443 1333 4497 δέ
1359 4457 1462 4495 που
1497 4437 1644 4502 είκός

98 4543 174 4596 τὸν
192 4546 273 4599 ἐπὶ
302 4546 454 4619 κακῷ
482 4545 770 4616 γινόμενον
795 4536 1271 4611 κατακεκρίσθαι·
1303 4534 1445 4588 ὥστε
1479 4549 1644 4604 μετα-

1715 1962 1839 2017 pag.
1874 1945 1998 2000 558.

1788 2034 1944 2090 CAP.
1981 2032 2147 2089 XVII.
2178 2064 2249 2075 —
2280 2032 2356 2088 De
2383 2032 2538 2088 laicis
2573 2033 2662 2104 qui
2691 2029 2959 2086 adhwrent
2990 2028 3303 2101 presbyteris

1716 2130 2003 2200 segregatis
2028 2128 2105 2183 vel
2127 2128 2504 2195 schismaticis,
2530 2127 2620 2198 qui
2654 2128 2767 2181 sine
2789 2126 3151 2195 episcoporum
3174 2140 3270 2176 suo
3291 2151 3304 2161 -

1715 2237 1838 2278 rum
1872 2222 2023 2278 uenia
2053 2221 2257 2275 altaria
2282 2221 2645 2274 constituunt.

2161 2411 2541 2483 Apostolorum
2569 2425 2739 2463 canon
2769 2410 2862 2465 51.

1795 2503 1861 2563 SI
1899 2501 2017 2579 ['50]
2048 2502 2105 2559 Si
2133 2503 2259 2575 quis
2280 2503 2561 2574 presbyter
2591 2512 2905 2571 contempto
2925 2499 3143 2572 proprio
3166 2496 3303 2569 epis-

1723 2614 1883 2671 copo,
1915 2607 2045 2663 etc.,
2070 2608 2126 2652 ut
2158 2613 2281 2668 pag.
2307 2594 2435 2651 585.

1797 2688 1940 2761 Lege
1978 2703 2102 2760 quae
2133 2695 2392 2744 annotata
2452 2693 2583 2741 sunt
2618 2684 2673 2741 in
2707 2699 2830 2757 cap.
2864 2683 2932 2740 14
2968 2683 3054 2740 tit.
3084 2682 3139 2749 9,
3176 2699 3316 2755 pra:-

1731 2778 1905 2839 sentis
1935 2779 2138 2849 operis.

1802 2868 1960 2926 CAP.
1990 2866 2174 2925 XVIII.
2205 2866 2367 2923 --De
2393 2862 2667 2939 perjuriis,
2695 2875 2741 2921 et
2763 2864 3108 2937 quandouam
3128 2865 3322 2936 jnrau—

1734 2976 1808 3020 tes
1838 2965 2109 3032 contingat
2152 2978 2255 3016 non
2281 2972 2418 3015 recte
2440 2961 2652 3030 jurare.

2003 3024 2200 3108 éasilii
2229 3024 2456 3107 canones
2485 3052 2572 3117 10,
2601 3052 2690 3116 I7,
2715 3051 2808 3118 ‘29,
2840 3050 2929 3115 64,
2957 3024 3047 3106 82.

1811 3147 1901 3205 10.
1927 3146 2235 3218 Quijurant
2264 3160 2324 3202 se
2353 3146 2752 3201 ordinationem
2778 3161 2887 3201 nou
2920 3152 3324 3215 acceptaturos,

1656 3232 1701 3292 C
1731 3249 1863 3309 etc.,
1888 3249 1947 3295 ut
1972 3257 2098 3311 pag.
2120 3239 2244 3295 505.

1814 3334 1901 3390 I7.
1936 3331 2287 3403 lnterrogasti
2322 3346 2425 3387 nos
2455 3329 2522 3386 de
2551 3329 2788 3386 Bianore
2818 3330 3163 3403 presbytero,
3189 3339 3324 3393 etc.,

1744 3436 1803 3483 ut
1832 3444 1953 3498 pag.
1986 3425 2110 3480 774.

1811 3522 1903 3578 29.
1929 3519 2084 3587 Quod
2111 3516 2360 3573 homines
2384 3524 2654 3587 potestate
2683 3515 2896 3588 praediti
2918 3516 3128 3588 jurant,
3160 3515 3327 3588 439

1749 3633 1807 3673 se
1839 3615 1979 3671 male
2025 3614 2093 3668 iis
2132 3612 2335 3684 quibus
2367 3622 2609 3683 praesunt
2646 3609 2908 3678 facturos,
2955 3610 3086 3665 illud
3126 3620 3182 3665 et
3214 3626 3332 3664 ma-

1749 3711 1896 3764 xime
1941 3714 2193 3761 curatum
2239 3711 2477 3774 oportet.
2515 3702 2721 3758 Medela
2775 3713 2957 3757 autem
3008 3717 3197 3757 eorum
3248 3710 3332 3757 est

1751 3801 1994 3873 duplex:
2054 3814 2161 3853 una
2195 3799 2442 3869 quidem,
2485 3808 2545 3853 ut
2575 3798 2879 3854 doceantur
2907 3811 3015 3852 non
3053 3797 3214 3852 facile
3241 3795 3334 3866 ju-

1754 3911 1919 3961 rare;
1954 3893 2122 3949 altera
2157 3907 2309 3957 vero,
2342 3907 2408 3946 ne
2440 3891 2495 3946 in
2537 3891 2696 3947 malis
2730 3889 2976 3946 consiliis
3016 3890 3331 3959 per-sistant.

1754 3986 1961 4041 Idcirco
1983 3984 2076 4053 qui
2103 3974 2466 4055 jurejurando
2493 3984 2558 4039 ad
2589 3984 2814 4039 alterius
2840 3981 3164 4037 maleficium
3197 3997 3335 4053 pra:-

1754 4084 2055 4148 occupatus
2089 4085 2192 4142 est,
2229 4076 2276 4131 is
2319 4091 2432 4131 suae
2467 4074 2521 4129 iu
2539 4075 2778 4146 jurando
2808 4074 3133 4130 temeritatis
3163 4074 3336 4144 poeni-

1752 4170 1976 4226 tentiam
2014 4169 2287 4236 ostendat,
2329 4184 2439 4224 non
2490 4178 2672 4223 autem
2731 4183 2831 4239 per
2862 4182 3084 4222 causam
3116 4165 3335 4237 pietatis

1754 4261 2166 4332 improbitatem
2207 4276 2364 4317 suam
2392 4261 2705 4317 confirmet.
2737 4257 2923 4331 Neque
2956 4259 3101 4315 enim
3136 4259 3334 4314 Herodi

1750 4356 2135 4428 jusjurandum
2192 4356 2515 4411 observasse
2564 4353 2791 4425 profuit,
2827 4355 2919 4425 qui
2951 4356 3221 4424 \IdCIICCI,
3270 4371 3337 4410 ne

1760 4449 2069 4519 pejeraret,
2109 4448 2430 4519 prophetam
2471 4447 2672 4503 occidit
2712 4449 2780 4502 ¹⁹.
2834 4445 3069 4503 Omnino
3116 4449 3334 4519 quidem

1751 4540 2137 4612 jusjurandum
2197 4540 2538 4612 prohibitum
2569 4547 2653 4594 est
2682 4539 2767 4597 “z
2805 4541 2897 4594 sed
2952 4541 3124 4595 multo
3161 4540 3336 4610 magis

102 4642 286 4707 φρονεῖν
312 4644 411 4712 χρὴ
427 4617 525 4694 τὸν
551 4637 845 4710 ὀμνύοντα,
885 4635 1007 4705 οὐχὶ
1036 4630 1361 4696 σπουδάζειν
1397 4626 1631 4699 βεϐαιοῦι

1753 4642 2183 4687 consentaneum
2209 4639 2313 4693 est,
2348 4638 2407 4684 ut
2437 4629 2583 4700 quod
2619 4629 2685 4685 ad
2714 4630 2920 4685 malum
2949 4630 3333 4699 interponitur,

102 4728 240 4784 αὐτοῦ
286 4732 344 4786 τὸ
400 4733 655 4786 ἀνόσιονο
716 4728 972 4796 ἐξέτασον
1019 4725 1131 4796 γὰρ
1170 4720 1505 4791 πλατύτερον
1554 4717 1652 4788 τὴν

100 4819 299 4877 ἀτοπίαν
320 4841 335 4855 ο
375 4824 428 4878 εῖ
448 4841 535 4887 τις
576 4822 829 4893 ὀμόσειεν
873 4816 1149 4889 ὲξορύξειν
1176 4817 1305 4877 τοὺς
1336 4810 1652 4882 ὀφθαλμοὺς

102 4912 178 4965 τοῦ
205 4916 420 4985 ἀδελφοῦ
440 4960 456 4986 ,
489 4918 540 4970 εί
577 4916 742 4971 καλὸν
768 4913 847 4986 τῷ
873 4910 1099 4983 τοιούτῳ
1126 4911 1206 4972 εἰς
1236 4907 1397 4980 ἔργον
1424 4905 1653 4973 ἀγαγεῖν

102 5007 209 5060 αὗτό
229 5026 242 5039 ο
272 5011 324 5062 εἴ
351 5028 434 5077 τις
466 5009 749 5082 φονεῦσαι,
776 5008 832 5061 εἴ
862 5025 947 5071 τις
977 5006 1113 5069 ὅλως
1136 5003 1205 5057 δι’
1233 5003 1397 5073 ὅρκου
1430 4997 1652 5067 ἐντολήν

102 5112 201 5151 τινα
222 5104 635 5175 παραϐήσεσθαι
654 5118 670 5135 ο
696 5101 888 5173 ὤμοσα
915 5100 1027 5171 γὰρ
1058 5097 1155 5153 καὶ
1179 5094 1385 5166 ἐστησα
1411 5091 1531 5162 οὐχὶ
1556 5089 1655 5161 τὴν

104 5190 369 5263 ἁμαρτίαν,
401 5194 542 5249 ἀλλὰ
576 5192 672 5247 τοῦ
704 5189 1046 5263 φυλάξασθαι
1081 5185 1155 5240 τὰ
1181 5184 1427 5257 κρίματα
1454 5183 1553 5253 τῆς
1580 5181 1660 5235 δι-

104 5287 367 5359 καιοσύνης
408 5303 539 5343 σου·
584 5288 774 5358 ὥσπερ
802 5285 861 5339 δὲ
899 5284 1000 5355 τὴν
1038 5279 1258 5351 ἐντολὴν
1297 5274 1655 5347 ἀμεταθέτοις

103 5382 309 5451 κρίμασι
342 5384 594 5457 προσῆκε
640 5380 994 5455 βεϐαιοῦσθαι
1015 5422 1031 5445 ,
1059 5376 1204 5433 οὕτω
1232 5374 1331 5446 τὴν
1377 5370 1657 5445 ἁμαρτίαν

104 5478 343 5542 παντοίως
369 5478 602 5548 καθήκει
631 5473 971 5547 ἀκυροῦσθαι
999 5472 1092 5526 καὶ
1115 5467 1498 5541 ἀφανίζεσθαι.

1749 4725 2172 4781 condemnetur.
2202 4722 2384 4789 Quare
2411 4722 2457 4777 is
2480 4723 2572 4794 qui
2596 4722 2821 4792 juravit,
2855 4722 3177 4778 sententiam
3215 4737 3336 4774 lllll-

1750 4829 1866 4874 tare
1891 4817 2074 4884 debet,
2109 4830 2217 4871 non
2251 4815 2302 4871 id
2341 4816 2524 4872 studio
2558 4815 2756 4871 habere
2790 4827 2849 4870 ut
2871 4816 3149 4886 proprium
3181 4813 3337 4868 nefas

1749 4910 2059 4967 confirmet.
2086 4908 2202 4965 Fac
2224 4910 2369 4964 enim
2393 4909 2558 4966 latius
2581 4910 2901 4966 consideres
2922 4909 3336 4963 absurditatem.

1751 5001 1809 5057 Si
1846 5001 2139 5072 quisjuret
2164 5000 2493 5058 efl'ossurum
2534 5018 2593 5058 se
2631 5001 2823 5057 oculos
2848 5000 3056 5067 fratris,
3097 5016 3164 5055 an
3199 5014 3337 5069 pra:-

1750 5095 1963 5152 clarum
1996 5104 2081 5149 est
2126 5094 2397 5165 ejusmodi
2441 5095 2835 5165 jusjurandum
2869 5096 2935 5149 ad
2965 5109 3102 5164 opus
3140 5092 3336 5163 perdu-

1753 5186 1921 5243 cere?
1965 5186 2010 5241 si
2067 5186 2192 5256 quis
2234 5201 2295 5241 se
2343 5184 2807 5241 interfecturum?
2848 5186 2895 5240 si
2950 5186 3075 5254 quis
3113 5182 3339 5237 omnino

1753 5280 2075 5334 mandatum
2125 5278 2350 5350 aliquod
2402 5274 3142 5350 transgressurunﬂluravi
3189 5273 3335 5328 enim

1754 5383 1809 5428 et
1842 5371 2031 5434 statui,
2086 5388 2198 5427 non
2239 5381 2527 5443 peccatum
2579 5381 2819 5443 patrare,
2866 5373 2959 5425 sed
2998 5365 3337 5434 servareju-

1757 5465 1900 5519 diria
1946 5464 2174 5535 justitiae
2208 5475 2314 5521 tute
2352 5466 2423 5522 ⁸¹.
2482 5463 2952 5532 Quemadmodum
3007 5461 3153 5516 enim
3197 5470 3336 5528 prte-

105 5579 295 5634 ceptum
336 5545 775 5625 immutabilibus
805 5564 1057 5622 consiliis
1077 5560 1521 5620 confirmandum
1552 5565 1656 5622 est,
1700 5554 1772 5610 ita
1801 5566 2087 5627 peccatum
2129 5556 2358 5612 omnino
2424 5556 2704 5612 infirmare
2743 5565 2801 5611 et
2846 5553 3029 5609 delere
3055 5545 3332 5606 convenit.

162 5679 204 5710 "
250 5680 445 5736 Matth.
486 5696 600 5749 xxv,
648 5678 735 5735 l0.
812 5677 859 5710 ⁸⁸
899 5675 1091 5733 Matth.
1143 5689 1198 5738 ν,
1244 5672 1335 5727 54.

1411 5669 1453 5703 ³¹
1502 5665 1649 5723 Psal.
1688 5680 1876 5730 cxvul,
1910 5664 2035 5722 106.

168 5795 501 5866 (35)Graece,
557 5808 755 5854 sancta'
785 5794 908 5866 ﬁdei
935 5832 951 5857 ,
1010 5793 1112 5848 hoc
1173 5799 1255 5846 est
1288 5828 1303 5854 ,
1375 5785 1621 5842 locorum
1693 5794 2004 5849 sacrorum,
2046 5780 2099 5836 in
2133 5780 2333 5851 quibus
2364 5778 2680 5850 religiosum
2729 5779 2935 5835 cultum
2975 5773 3161 5831 ﬁdeles
3178 5782 3335 5825 εχει-ο

112 5876 219 5919 CCIII
230 5907 241 5920 .
