3980 6448
178 362 275 429 933
843 356 1247 422 SYNTAGMA
1279 357 1669 423 CANONUM.
1698 384 1767 394 —
1793 358 1940 422 TIT.
1980 358 2155 437 XIII,
2197 360 2355 424 CAP.
2402 361 2567 440 XIX,
2607 360 2738 427 XX.
3328 364 3438 432 934

236 472 484 528 ΚΕΦΔΔ.
522 471 625 531 ῙΘ’.
660 501 729 513 -
749 474 891 544 Περὶ
932 471 1052 529 τῶν
1082 474 1429 545 ὀμνυόντων
1461 475 1739 546 Ἐλληνι-
1767 476 1808 535 Α

1913 473 2069 532 CAP.
2117 474 2260 531 XIX.
2303 506 2348 517 σ-
2390 476 2468 533 De
2508 477 2578 533 iis
2617 478 2708 550 qui
2749 476 3134 548 jusjurandum
3175 488 3226 536 οι
3279 480 3440 537 haue-

171 568 307 635 κοὺς
331 569 577 636 ὅρκους.

1849 567 1961 622 uice
1995 566 2196 630 iurant.

298 652 579 714 Συνόδού
602 657 1023 729 οίκουμενικῆς
1046 657 1231 727 ἕκτης
1258 658 1461 714 κανὼν
1495 662 1593 729 ιιδι.

1566 676 1593 714 ν.
2151 658 2378 715 ϐοηεὶλὶἱ
2411 660 2718 717 ωειιηιεηὶεἱ
2750 675 2811 717 τι
2840 677 3009 717 canon
3046 660 3138 718 94.

234 749 330 819 ιδ’.
376 751 520 815 Τοὺς
558 749 857 821 ὀμνΰοντας
884 752 1082 823 ὅρκους
1122 751 1467 824 Ἑλληνικοὺς
1500 754 1532 807 ό
1561 751 1745 809 κανὼν

1917 748 2007 805 91.
2065 749 2174 807 Eos
2207 754 2301 822 qui
2338 752 2622 820 gentilium
2657 764 3001 808 sacramenta
3026 752 3223 823 jurant
3254 768 3431 811 canon

169 841 452 911 ἐπιτιμίοις
483 842 891 900 καθυποϐάλλει
911 859 924 873 ·
956 842 1080 899 ὅθεν
1102 844 1198 898 καὶ
1234 845 1395 916 ἡμεῖς
1415 843 1625 911 τούτοις
1649 844 1741 900 τὸν

1859 840 2022 910 omnis
2074 841 2316 912 subjicit,
2368 851 2422 898 et
2464 857 2566 899 nos
2615 841 2687 899 iis
2738 858 2959 915 quoque
2992 845 3431 917 segregatiouem

170 934 461 1007 ἀφορισμδν
495 934 773 1007 ὁρίζομεν.

643 953 773 1007 ιμεν.
1843 930 2215 989 decernimus.

588 1032 913 1088 Baaalsiov
946 1030 1154 1089 κανὼν
1184 1037 1298 1087 πα’.

2367 1026 2561 1083 Basilii
2593 1044 2766 1085 cauon
2808 1027 2896 1085 81.

231 1129 339 1181 πω.
387 1123 615 1195 Ἐπειδὴ
644 1124 703 1178 δὲ
738 1124 924 1179 πολλοὶ
964 1126 1025 1180 ὲν
1058 1128 1123 1197 τῇ
1156 1125 1264 1178 τῶν
1297 1121 1596 1197 Βαρϐάρων
1634 1140 1739 1177 κα-

1913 1115 2003 1174 81.
2031 1116 2301 1183 Quoniam
2341 1128 2523 1174 autem
2556 1121 2713 1176 multi
2751 1121 2807 1177 in
2835 1121 3201 1179 Barbarorum
3241 1122 3427 1180 incur-

170 1217 422 1289 ταδρομῇ,
453 1235 512 1272 κ.
545 1235 600 1272 τ.
628 1217 683 1273 λ.

1840 1208 2019 1276 sione,
2048 1220 2178 1278 etc.,
2214 1221 2271 1266 ut
2292 1228 2414 1283 pag.
2447 1212 2573 1268 9‘26.

243 1310 327 1364 Ἐν
355 1308 435 1380 τῷ
457 1308 501 1363 ε’
536 1309 753 1379 διατάγ.
785 1307 887 1364 τοῦ
924 1308 969 1381 β’
993 1308 1097 1365 τίτ.
1129 1309 1224 1364 τοῦ
1266 1306 1331 1380 ιβ’
1372 1308 1515 1381 βιϐλ.
1548 1313 1735 1383 φησὶν,

1911 1302 2126 1358 Tenus.
2159 1306 2214 1359 In
2244 1306 2352 1376 dig.
2384 1305 2447 1371 5,
2488 1304 2575 1362 tit.
2611 1305 2679 1372 2,
2708 1305 2804 1365 lib.
2836 1323 2937 1375 xu,
2972 1307 3213 1364 dicitur:
3260 1307 3425 1364 ﬂecte

170 1403 241 1456 ὅτι
264 1402 439 1466 καλῶς
464 1401 718 1472 ὲπιφὲρω
754 1418 837 1456 σοι
867 1401 1011 1456 κατὰ
1045 1402 1143 1472 τῆς
1176 1402 1453 1474 σωτηρίας
1486 1421 1579 1457 σου
1608 1406 1738 1475 ὀμό-

1876 1399 1936 1453 .bl
1970 1398 2204 1465 defero,
2258 1410 2317 1455 ut
2365 1417 2458 1472 per
2508 1402 2738 1457 salutem
2806 1412 2955 1457 tuam
3018 1403 3192 1472 jures.
3248 1386 3448 1457 Omne,

171 1507 279 1546 σαν
316 1493 421 1553 πᾶς
460 1492 578 1565 γὰρ
608 1492 829 1563 θεμιτδς
878 1494 1038 1565 ὅρκος
1081 1494 1143 1561 ἐξ
1184 1494 1485 1565 ἐπαγωγῆς
1521 1496 1739 1567 όμοθεὶς

1849 1490 1983 1546 enim
2009 1490 2171 1564 m
2194 1492 2403 1548 licitum
2435 1493 2819 1565 jusjurandum
2865 1510 2930 1550 ex
2980 1495 3251 1551 delatione
3279 1511 3421 1566 pra:-

172 1584 502 1653 φυλάττεται,
548 1585 645 1639 καὶ
676 1584 736 1639 ὃν
774 1601 858 1649 τις
893 1584 1085 1656 ὀμόσει
1128 1585 1270 1640 κατά
1298 1586 1399 1656 τῆς
1437 1586 1569 1651 ιδίας
1606 1587 1740 1661 θρη-

1848 1584 2028 1639 stitum
2054 1625 2069 1649 ,
2103 1598 2377 1641 servatur.
2432 1587 2563 1643 Item
2610 1583 2796 1660 [illud]
2820 1589 2961 1659 quod
2993 1590 3116 1660 quis
3158 1605 3250 1660 per
3289 1604 3420 1662 pro-

171 1677 341 1741 σκείας
361 1692 377 1710 ·
400 1677 429 1729 ό
448 1677 506 1732 δὲ
530 1677 679 1733 κατὰ
701 1678 961 1750 ἀδοκίμου
985 1676 1283 1750 θρησκείας
1306 1676 1526 1749 ὀμοθεὶς
1549 1680 1733 1752 ὅρκος,

1612 1698 1733 1748 νκος,
1838 1677 2014 1749 priam
2045 1677 2357 1747 religionem
2387 1678 2631 1751 juratum
2660 1690 2765 1747 est,
2798 1694 2904 1736 non
2934 1689 3184 1736 servatur

169 1767 221 1821 οὐ
247 1767 593 1836 φυλάττεται.

231 1821 472 1917 ΙίΕΦΑΛ.
492 1821 597 1916 Κ).
621 1890 691 1902 -—-
706 1860 845 1932 Περὶ
869 1861 1247 1929 ἀποστατῶν,
1269 1862 1370 1919 καὶ
1395 1862 1614 1935 θντῶν,
1637 1863 1738 1919 καὶ
1768 1821 1803 1879 Ε

1910 1861 2062 1919 CAP.
2086 1861 2209 1919 XX.
2231 1893 2304 1905 -—
2331 1863 2407 1919 De
2432 1866 2712 1935 aposlalis,
2746 1866 3196 1936 sacriﬁcantibus.
3227 1867 3412 1937 magis,

168 1951 367 2021 parur,
387 1953 483 2007 καὶ
512 1952 831 2020 ἐπαοιόὥν,
855 1955 953 2010 καί
975 1955 1385 2027 ἀστρολόγων,
1404 1959 1733 2029 μαθηματι-

1845 1955 2285 2025 iucantatoribus,
2330 1958 2629 2030 astrologis,
2686 1960 3093 2026 mathematicis,
3141 1958 3335 2013 divinis
3367 1970 3417 2014 et

169 2041 292 2111 κῶν,
314 2042 612 2113 μάντεων,
644 2044 742 2100 καὶ
774 2045 1135 2115 περιάπτων.

1840 2049 2110 2106 amuletis.
2712 2040 2716 2045 ’

573 2136 953 2194 Ἀποστόλων
978 2138 1183 2194 κανὼν
1207 2138 1308 2211 ξβ’.

2273 2141 2645 2212 Apostolorum
2676 2159 2843 2198 canon
2878 2141 2965 2198 62.

228 2223 319 2298 ξβ’.
347 2227 416 2282 Et
434 2243 523 2294 τις
547 2226 816 2300 κληρικὸς
843 2228 934 2284 διὰ
961 2229 1127 2299 φόϐον
1147 2230 1511 2303 ἀνθρώπινον,
1532 2249 1588 2288 κ.
1601 2249 1654 2291 τ.
1676 2231 1731 2291 1.

1908 2227 2125 2303 62[61].
2174 2230 2233 2287 Si
2284 2233 2409 2303 quis
2457 2233 2692 2290 clericus
2739 2244 2960 2305 propter
2990 2244 3192 2291 metum
3223 2235 3416 2292 huma‘

1834 2336 1989 2390 num,
2006 2331 2101 2378 etc.
2117 2359 2137 2391 ,
2172 2332 2227 2377 ιιι
2250 2337 2373 2395 pag.
2407 2322 2529 2379 746.

415 2413 696 2495 Συνόδου
721 2415 972 2483 Νικαίας
997 2415 1201 2471 κανὼν
1233 2423 1322 2483 ια’,
1357 2415 1447 2490 ιβ’.

2137 2414 2364 2473 Concilii
2391 2415 2601 2471 Nicami
2634 2432 2857 2473 canones
2887 2417 2976 2485 11,
3011 2417 3098 2474 12.

232 2501 311 2559 ια’.
342 2505 475 2579 Περὶ
493 2507 611 2561 τῶν
630 2507 990 2577 παραϐάντων
1014 2510 1182 2581 χωρὶς
1212 2510 1479 2582 ἀνάγκης,
1507 2527 1564 2565 κ.
1590 2528 1643 2566 τ.
1674 2511 1728 2568 λ.

1905 2510 1993 2566 11.
2030 2509 2105 2564 De
2129 2510 2216 2577 iis,
2248 2512 2337 2582 qui
2363 2510 2481 2568 sine
2512 2510 2853 2578 neceSsitate,
2889 2522 3022 2580 etc.,
3052 2521 3111 2568 ut
3134 2530 3254 2585 pag.
3287 2514 3407 2571 798.

232 2596 310 2671 ιβ’.
342 2600 403 2654 οι
450 2599 511 2655 δὲ
560 2599 997 2673 προσκληθέντες
1051 2600 1155 2674 μὲν
1203 2602 1308 2657 ὑπὸ
1347 2603 1446 2675 τῆς
1479 2604 1723 2676 χάριτος.

1900 2600 1990 2657 12.
2023 2600 2128 2667 Qui
2155 2611 2335 2656 autem
2366 2616 2397 2656 a
2437 2601 2607 2673 gratia
2638 2601 2862 2673 quidem
2912 2605 3149 2670 avocati,
3187 2615 3327 2671 etc.,
3354 2615 3409 2659 ιιι

172 2710 222 2746 κ.
247 2710 293 2748 τ.
320 2693 368 2748 λ.
1834 2710 1962 2749 uua.
1994 2693 2117 2749 75L

209 2732 222 2746 .
281 2732 293 2748 .
353 2731 368 2748 .
1872 2710 1903 2747 α
1949 2735 1962 2749 .
1994 2696 2025 2747 7
2103 2736 2117 2748 .

174 2696 412 2839 ἒυῖόιέου
439 2783 736 2854 Ἀγκύρας
752 2786 952 2842 κανὼν
968 2786 1040 2857 γ’,
1061 2787 1127 2856 δ’,
1144 2788 1207 2856 ι’,
1225 2796 1303 2859 ς’,
1321 2796 1394 2863 η’,
1419 2790 1485 2856 θ’,
1511 2788 1599 2862 ιβ’,
1623 2788 1725 2846 κδ’.
1834 2696 2347 2859 Ξοῗιεὶιὲῗᾶηεῃταηὲ
2371 2803 2596 2841 canones
2616 2786 2670 2853 5,
2698 2786 2752 2850 4.
2781 2786 2835 2852 5,
2880 2784 2933 2853 6,
2982 2784 3038 2853 8,
3092 2785 3147 2853 9,
3194 2786 3283 2852 12,
3314 2785 3408 2860 24,

232 2875 294 2946 γ.
325 2878 457 2944 Τοὺς
485 2878 793 2952 φεύγοντας
821 2880 915 2933 καὶ
947 2881 1372 2953 συλληφθέντας,
1403 2901 1459 2941 κ.
1484 2900 1537 2941 τ.
1566 2884 1620 2942 λ.

1902 2877 1955 2932 '5.
1988 2879 2096 2933 Eos
2150 2878 2243 2949 qui
2290 2879 2558 2952 fugientes
2584 2878 2962 2950 comprehensi
2987 2887 3138 2945 sunt,
3170 2888 3301 2946 etc.,
3350 2889 3406 2933 ιιι

234 3058 286 3116 δ’.
313 3062 441 3134 Περὶ
466 3062 584 3118 τῶν
616 3063 751 3134 πρὸς
786 3063 908 3135 βίαν
938 3063 1241 3132 θυσάντων,
1277 3082 1331 3120 κ.
1372 3083 1424 3122 τ.
1460 3066 1510 3121 λ.

1868 2988 1898 3025 a
1939 3011 1952 3025 .
1986 2973 2054 3026 75
2095 3012 2108 3025 .

1834 2988 1863 3041 Ρ
1990 2973 2165 3121 υο8ἰίε
2203 3064 2296 3135 qui
2330 3064 2381 3119 vi
2418 3063 2817 3131 sacriﬁcarunt,
2848 3072 2982 3132 etc.,
3020 3074 3078 3117 ut
3107 3080 3228 3135 pag.
3277 3061 3406 3117 799.

233 3151 289 3211 ε’.
312 3155 458 3209 Ὅσοι
475 3155 533 3210 δὲ
567 3154 798 3227 ἀνῆλθον
824 3156 964 3228 μετὰ
983 3155 1210 3226 ἐσθῆτος
1232 3156 1495 3229 πνθικῆς
1515 3174 1569 3212 κ.
1594 3173 1645 3213 τ.
1668 3157 1719 3211 λ.
1753 3196 1798 3255 c

1900 3157 1955 3213 5.
2010 3157 2332 3229 Quicunque
2363 3168 2542 3213 autem
2572 3172 2698 3213 cum
2726 3165 2874 3214 veste
2900 3157 3138 3228 lugubri,
3170 3164 3302 3223 etc.,
3348 3166 3408 3211 ut

1836 3266 1950 3304 una.
1981 3248 2110 3304 799.

1830 3266 1950 3319 pag.
1989 3266 2110 3304 Iuv.

234 3337 299 3406 ς’.
342 3343 472 3415 Περὶ
513 3341 629 3400 τῶν
670 3342 869 3415 ἀπειλῇ
920 3342 1081 3415 μόνον
1126 3340 1387 3407 εἰξάντων
1411 3340 1714 3409 κολάσεως,

1902 3341 1956 3397 6.
1993 3341 2068 3398 De
2101 3344 2166 3399 iis
2188 3343 2283 3415 qui
2314 3343 2565 3414 supplicii
2598 3342 2788 3410 minis,
2818 3351 2949 3410 etc.,
2983 3355 3042 3399 ut
3075 3361 3197 3416 pag.
3228 3345 3352 3401 799.

178 3448 223 3484 κ.
252 3448 297 3487 τ.
331 3433 381 3489 1.

232 3522 292 3597 η’.
313 3527 371 3581 Οί
398 3526 453 3581 δὲ
471 3525 729 3599 δεύτερον
750 3527 847 3583 καὶ
871 3526 1051 3600 τρίτον
1071 3525 1351 3596 θύσαντες,
1382 3545 1439 3584 κ.
1475 3544 1528 3585 τ.
1560 3527 1613 3584 λ.

1900 3530 1952 3586 8.
1987 3529 2089 3598 Qui
2124 3540 2304 3586 autem
2337 3530 2423 3587 bis
2445 3529 2530 3586 vel
2552 3539 2635 3586 ter
2674 3527 3145 3598 sacrificaverunt,
3174 3541 3306 3599 etc.,
3344 3544 3400 3587 ιιι

1867 3638 1954 3678 αα.
1990 3622 2113 3678 802.

235 3711 291 3770 θ’.
319 3714 467 3769 Ὅσοι
489 3714 550 3770 δὲ
580 3714 657 3787 μὴ
691 3713 850 3786 μόνον
875 3712 1212 3785 ἀπέστησαν,
1247 3730 1309 3772 κ.
1337 3731 1387 3769 τ.
1421 3712 1473 3771 λ.

1867 3638 1899 3677 a
1941 3663 1954 3678 .
1990 3638 2113 3678 δυτ.

1830 3638 1864 3693 ρ
1985 3712 2304 3784 Quicunque
2330 3722 2508 3770 autem
2536 3728 2646 3770 non
2679 3714 2856 3771 solum
2873 3714 3241 3784 descxverunt,
3267 3727 3402 3786 etc.,

1830 3815 1889 3860 ut
1916 3822 2040 3862 una.
2072 3805 2198 3862 802.

236 3899 314 3971 ιβ’.
358 3903 492 3968 Τοὺς
529 3902 643 3974 ⁸πρὸ
689 3900 783 3955 τοῦ
839 3897 1215 3971 βαπτίσματος
1257 3899 1573 3965 τεθυκότας,
1624 3901 1719 3956 καὶ

1834 3822 1889 3860 ιιι
1916 3822 2040 3878 pag.
2072 3822 2198 3862 uuz.

1904 3898 1991 3953 12.
2045 3897 2151 3953 Eos
2192 3898 2447 3969 quiante
2491 3897 2823 3969 baptismum
2877 3898 3321 3955 sacriﬁraveruut
3352 3912 3406 3956 ct

183 3996 298 4064 μετὰ
333 3997 494 4051 ταῦτα
528 3996 945 4068 βαπτισθέντας,
974 3992 1151 4059 ἔδοξεν
1184 3994 1266 4057 εἰς
1298 3994 1451 4061 τάξιν
1478 3994 1717 4065 προάγε-

1828 4000 2017 4061 postea
2068 3989 2325 4055 baptizati
2372 3997 2520 4054 sunt,
2552 3989 3400 4060 visumestadordinempromo-

181 4087 283 4141 σθαι
308 4088 377 4153 ὡς
399 4089 899 4160 ἀπολουσαμένους.

1826 4085 1962 4150 veri,
1994 4095 2053 4140 ut
2081 4084 2174 4154 qui
2201 4085 2369 4142 abluti
2401 4093 2548 4141 sunt.

238 4177 324 4233 κδ’.
349 4181 407 4233 0i
433 4180 990 4252 καταμαντευόμενοι,
1012 4179 1109 4233 καὶ
1129 4178 1253 4241 ταῖς
1279 4176 1586 4248 συνηθείαις
1606 4171 1714 4232 τῶν

1895 4176 1986 4232 24.
2030 4176 2135 4244 Qui
2172 4177 2568 4244 vaticinantur,
2600 4186 2655 4232 et
2694 4176 2934 4249 gentium
2977 4178 3402 4234 consuetudines

182 4269 322 4324 ἐθνῶν
349 4270 823 4338 ὲξακολουθοῦντες
845 4314 861 4340 ,
892 4273 924 4345 ἢ
959 4270 1271 4338 εἰσάγοντες
1299 4287 1453 4333 τινας
1481 4272 1561 4334 είς
1588 4271 1716 4336 τοὺς

1825 4277 2153 4338 sequuntur,
2178 4268 2261 4322 vel
2291 4268 2343 4321 in
2378 4283 2507 4323 suas
2536 4267 2678 4323 aedes
2708 4268 2924 4338 aliquos
2952 4267 3310 4322 introducunt
3330 4270 3397 4324 ad

184 4359 360 4415 ἑαυτῶν
384 4366 561 4429 οἴκους
589 4364 681 4418 ἐπὶ
709 4364 994 4436 ἀνευρέσει
1022 4361 1384 4435 φαρμακειῶν
1412 4360 1444 4432 ἢ
1471 4364 1563 4415 καὶ
1616 4380 1717 4416 κα-

1826 4361 2345 4416 medicamentorum
2374 4360 2764 4428 inventionem,
2795 4363 2877 4417 vel
2909 4361 3312 4430 lustrationem,
3344 4362 3396 4418 iu

188 4452 243 4505 οι
255 4472 372 4523 post,
403 4458 501 4511 ὑπὸ
529 4458 622 4512 τὸν
650 4458 851 4512 κανόνα
882 4457 1230 4511 πιπτέτωσαν
1251 4455 1349 4525 τῆς
1381 4456 1717 4524 πενταετίας,

1828 4455 2185 4527 quinquennii
2231 4469 2499 4509 canonem
2532 4454 2814 4521 incidant,
2854 4458 3153 4514 secundum
3196 4459 3400 4529 gradus

183 4548 298 4599 κατὰ
320 4551 438 4613 τοὺς
465 4551 706 4623 βαθμοὺς
732 4551 858 4614 τοὺς
882 4550 1242 4622 ὡρισμένους,
1277 4548 1403 4619 τρία
1443 4547 1538 4618 ἔτη
1594 4549 1724 4603 ὑπιο-
1754 4560 1755 4611 Ϊ

1826 4547 2141 4619 praefinitos,
2185 4557 2294 4603 tres
2324 4562 2500 4602 annos
2531 4547 2942 4617 substrationis,
2972 4557 3028 4605 et
3055 4548 3195 4606 duos
3222 4565 3398 4607 annos

184 4636 434 4707 πτώσεως,
452 4645 546 4698 καὶ
572 4643 666 4697 δύο
694 4642 789 4714 ἐτη
820 4642 1006 4714 εὐχῆς,
1036 4641 1204 4713 χωρὶς
1242 4640 1575 4712 προσφορᾶς.

979 4660 1006 4706 r,
1036 4641 1204 4713 χωρὶς
1242 4640 1575 4712 προσφορᾶς.
1825 4641 2088 4697 orationis
2108 4642 2230 4695 sine
2260 4641 2551 4696 oblatione.

423 4735 690 4791 Συνόδου
715 4732 1067 4797 Λαοδικείας
1096 4730 1296 4786 κανὼν
1323 4732 1433 4794 λς’.

2069 4732 2231 4805 m
2281 4732 2507 4787 Concilii
2545 4732 2831 4788 Laodiceni
2854 4750 3021 4789 canon
3056 4736 3148 4791 56.

237 4820 331 4888 λς’.
359 4826 476 4882 Ὀτι
503 4830 564 4883 οὐ
591 4827 675 4882 δεῖ
703 4824 1007 4898 ίερατικοὺς
1034 4824 1262 4895 μάγους,
1290 4839 1345 4877 κ.
1372 4839 1425 4877 τ.
1453 4822 1505 4876 λ.

1893 4826 1983 4881 56.
2019 4827 2173 4891 Quod
2203 4842 2309 4880 non
2330 4835 2653 4897 oporteteos
2672 4826 2767 4899 qui
2791 4836 2922 4883 sunt
2949 4830 3169 4895 sacrati,
3187 4839 3315 4896 etc.,
3339 4837 3395 4883 ιιι

1862 4934 1948 4974 aa.
1981 4916 2107 4974 734.

1862 4934 1892 4970 a
1933 4954 1948 4970 .

393 5007 656 5062 Συνόδου
685 4993 1103 5077 Καρθατέννης
1137 5002 1338 5059 κανὼν
1367 5001 1475 5075 με’.
1823 4933 1858 4987 Ρ
1896 4934 1928 4987 g

1823 4933 1948 4987 pag.
1991 4933 2107 4974 ιοι.

2108 5006 2331 5063 Consilii
2353 5006 2792 5080 Carthaginensis
2817 5028 2987 5067 canon
3017 5012 3105 5068 45.

242 5094 361 5161 Περὶ
399 5098 511 5153 τῶν
546 5101 964 5156 ἀσθενούντων
993 5099 1093 5153 καί
1130 5097 1286 5168 ὑπὲρ
1308 5096 1537 5155 ἑαυτῶν
1566 5098 1718 5154 ἀπο-

1896 5098 1973 5155 De
2006 5099 2382 5170 wgrotantibus
2411 5102 2502 5171 qui
2548 5118 2643 5172 pro
2685 5119 2741 5158 se
2786 5104 3096 5173 respondere
3126 5119 3225 5160 non
3258 5120 3392 5172 pos-

187 5184 452 5247 κρίνεσθαι
473 5192 558 5262 μὴ
585 5191 956 5262 δυναμένων.
1772 5268 1779 5276 δ
1820 5197 1963 5243 διιπε-

245 5273 333 5343 μέ·
368 5282 522 5338 Ὥστε
556 5284 683 5350 τοὺς
707 5282 1096 5351 ἀσθενοῦντας,
1128 5278 1186 5340 κ.
1221 5301 1273 5340 τ.
1306 5284 1358 5340 λ.
1644 5332 1652 5341 .
1772 5273 1779 5276 ⁷

1888 5279 1977 5334 45.
2013 5277 2084 5334 Ut
2110 5289 2454 5351 ngratantes,
2498 5282 2543 5338 si
2575 5298 2674 5353 pro
2703 5299 2765 5341 se
2791 5286 3140 5354 respondere,
3173 5296 3258 5343 etc
3285 5328 3303 5355 ,
3334 5298 3392 5343 ιιι

1847 5390 1933 5429 aa.
1963 5372 2089 5429 619.

243 5454 487 5515 Συνόδου
511 5461 928 5533 οίκουμενικῆς
955 5462 1133 5530 ἕκτης
1161 5462 1361 5517 κανὼν
1395 5459 1496 5528 ξα’,
1540 5460 1633 5527 Ee'.
1811 5418 1815 5442 Α

1811 5389 1933 5445 pag.
1963 5389 2025 5428 οι
2037 5389 2089 5429 υ.

1576 5460 1633 5516 ε’.
2062 5468 2288 5524 Coucilii
2319 5470 2624 5525 mcumeuici
2648 5484 2698 5524 Vl
2740 5486 2909 5525 canon
2934 5471 3027 5537 61,
3056 5470 3148 5529 65.

248 5543 334 5611 ξαό
359 5552 416 5603 οἱ
439 5556 686 5625 μάντεσιν
713 5556 940 5620 ἑαυτοὺς
979 5555 1324 5621 ἐπιδιδόντες,
1354 5556 1388 5626 ἦ
1418 5557 1530 5619 τοῖς
1558 5554 1716 5623 λεγο-

1886 5558 1976 5615 67.
2012 5559 2120 5628 Qui
2151 5561 2369 5618 vatibus
2408 5563 2622 5632 seipsos
2672 5564 3019 5620 tradiderunt
3040 5568 3108 5633 ",
3161 5566 3247 5623 vel
3294 5565 3386 5635 qui

196 5634 346 5704 μένοις
374 5642 805 5718 ἑκατοντάρχαις,
842 5648 878 5719 ἡ
916 5664 1028 5703 τισι
1062 5647 1347 5715 τοιούτοις,
1380 5645 1456 5711 ὡς
1489 5646 1555 5703 ἂν
1586 5644 1716 5719 παρ’

1818 5650 2259 5709 hecatontarcha:
2304 5667 2401 5709 seu
2431 5653 2783 5712 centuriones
2815 5655 3099 5724 dicuntur,
3131 5654 3217 5711 vel
3260 5634 3384 5710 alus

255 5813 291 5849 "
321 5820 362 5879 ll
386 5826 507 5886 Cor.
537 5846 611 5902 vi,
644 5829 809 5893 11-19
