3870 6290
585 310 693 377 935
1724 318 1985 381 ΡΙΙΟΊῚῘ
2026 319 2113 380 PA

2229 320 2533 385 ΙΑΗΕΗᾸΞ
2564 323 2675 387 CP.
3672 353 3752 419 97:5

589 423 862 497 ejusmodi
894 433 951 481 ut
972 425 1041 482 ab
1069 426 1138 485 lis
1162 425 1391 496 discam,
1418 429 1464 486 si
1496 430 1625 502 quid
1659 431 1764 487 sibi
1809 435 2034 490 revelari
2069 449 2117 489 Vt

2224 470 2233 493 ι
2264 434 2487 492 ἐκείνων
2514 439 2737 509 μάθοιεν
2766 438 2797 496 δ
2833 457 2888 496 τι
2916 440 2985 496 ἂν
3016 439 3437 501 ἐκκαλύπτεσθαι
3456 450 3614 519 αὐτοις
3656 464 3752 528 pou.

589 522 709 583 lint,
745 520 1133 576 convenienter
1158 522 1244 587 iis,
1278 539 1399 594 quae
1438 524 1506 579 de
1534 524 1668 595 ipsis
1697 543 1727 582 a
1757 526 2005 584 Patribus
2027 542 2117 583 eo:

2266 526 2462 593 λοιντο,
2480 529 2622 584 κατὰ
2641 529 2712 584 τὰ
2740 530 2933 604 πρώην
2952 532 3058 586 ὑπὸ
3082 531 3191 586 τῶν
3217 534 3460 607 Πατέρων
3480 544 3588 612 περὶ
3611 520 3749 604 aiier

589 612 777 667 stituta
805 622 955 677 sunt,
991 613 1233 668 sexennii
1260 615 1457 671 canoni
1494 617 1858 689 subjiciantur
1887 620 2024 691 (54).
2052 621 2117 692 lp:

2263 618 2569 690 ὁρισθέντα,
2589 620 2695 675 ὑπὸ
2714 622 2806 676 τὸν
2831 623 3034 678 κανόνα
3059 624 3400 680 πιπτέτωσαν
3423 630 3514 700 τῆς
3534 633 3755 702 ἐξαετίας·

597 712 778 758 autem
819 718 914 759 eos
960 721 1177 774 quoque
1211 707 1403 776 subjici
1435 720 1670 778 oportet,
1719 712 1813 781 qui
1860 728 2041 777 ursas,
2077 730 2125 770 vt

2261 709 2341 780 τῷ
2369 708 2518 781 αὐτῷ
2542 709 2600 764 δὲ
2617 710 2791 782 τούτῳ
2811 711 3073 783 ἐπιτιμίῳ
3093 711 3461 769 καθυποϐάλλε
3475 718 3583 772 σθαι
3606 722 3759 781 δεῖκαὶ

586 795 857 865 ejusmodi
892 797 1152 851 animalia
1203 799 1267 852 ad
1303 800 1489 854 ludum
1534 811 1588 857 et
1618 803 2014 874 simpliciorum
2058 823 2114 862 nc

2260 806 2386 868 τοὺς
2438 803 2539 867 τὰς
2591 802 2825 875 ἄρκτους
2885 805 3312 875 ἐπισυρομένους
3368 806 3400 877 ἢ
3454 811 3646 867 τοιαῦτα
3678 817 3761 881 ζῶα

590 900 711 938 xam
752 885 1169 951 circumferunt,
1213 900 1267 943 et
1316 890 1595 948 fortunam
1628 910 1691 951 ac
1736 899 1931 965 fatum,
1968 909 2022 953 et
2065 916 2118 970 ge

2261 896 2399 967 πρὸς
2441 896 2691 965 παίγνιον
2725 896 2821 950 καὶ
2873 895 3079 967 βλάϐην
3127 896 3239 950 τῶν
3278 898 3658 972 ἁπλουστέρωνο
3694 914 3761 965 καὶ

587 978 910 1048 nealogiam,
988 989 1043 1034 et
1102 985 1464 1050 quorumdam
1524 987 1794 1056 ejusmodi
1865 992 2115 1046 verborul

2260 989 2431 1060 τύχην
2464 990 2559 1045 καὶ
2600 989 2944 1060 εἱμαρμένην
2973 990 3068 1043 καὶ
3100 991 3480 1061 γενεαλογίαν,
3514 996 3598 1049 καὶ
3627 1002 3761 1054 τοιού-ι

587 1070 990 1127 multitudinem
1022 1088 1088 1127 ex
1118 1072 1349 1132 fallacia:
1390 1078 1816 1151 imposturaeqne
1840 1088 2001 1155 nugis
2029 1101 2115 1155 prc

2259 1096 2367 1134 των
2395 1081 2559 1136 τινῶν
2612 1082 2874 1153 ῥημάτων
2913 1080 3103 1153 ὄχλον,
3142 1082 3284 1136 κατὰ
3322 1084 3444 1147 τοὺς
3480 1085 3571 1156 τῆς
3605 1089 3762 1163 πλάνης

589 1161 814 1218 lerunt:
849 1180 1054 1236 eosque
1083 1168 1176 1237 qui
1227 1170 1453 1225 nubium
1493 1175 1831 1243 expulsores,
1869 1189 1923 1230 et
1971 1178 2117 1232 incar

2257 1175 2454 1246 λήρους
2493 1173 2805 1245 φωνοῦντας
2823 1189 2838 1204 '
2865 1172 3003 1239 τούς
3029 1191 3091 1228 τε
3120 1173 3443 1245 λεγομένους
3465 1161 3762 1249 νεφοδιὼκτιις

586 1265 815 1320 latores,
847 1266 903 1312 et
950 1259 1312 1316 amulctorum
1354 1263 1694 1333 praebitores,
1720 1277 1778 1325 et
1796 1277 1948 1326 vates
1972 1284 2109 1343 appc

2257 1268 2351 1320 καὶ
2371 1266 2641 1335 γυτευτὰς
2666 1268 2760 1319 καὶ
2792 1266 3197 1338 φυλακτηρίους
3228 1267 3323 1321 καὶ
3351 1269 3588 1337 μάντεις·
3615 1273 3760 1344 ἐπιμέ-

584 1348 786 1404 lanlur.
821 1350 928 1406 Eos
958 1362 1163 1417 autem,
1200 1357 1293 1425 qui
1320 1355 1375 1410 in
1411 1357 1478 1413 iis
1504 1358 1829 1428 persistunt,
1869 1371 1923 1415 et
1947 1378 2053 1416 non
2089 1378 2112 1416 a

2256 1375 2445 1423 νοντας
2474 1359 2529 1412 δὲ
2559 1359 2767 1422 τούτοις
2788 1359 2881 1412 καὶ¹
2906 1359 2981 1431 μὴ
3006 1358 3456 1430 μετατιθεμένους
3476 1363 3561 1415 καὶ
3579 1364 3760 1435 arma}.

582 1440 856 1510 ejusmodi
914 1444 1243 1513 perniciosis
1300 1449 1705 1520 gentilibusque
1738 1451 1936 1507 Studiis
2002 1466 2110 1507 αιόι

2255 1466 2453 1519 γοντας
2477 1451 2548 1504 τὰ
2560 1451 2778 1522 ὀλέθρια
2790 1450 2965 1505 ταῦτα
2978 1453 3072 1504 καὶ
3099 1451 3386 1521 Ἑλληνικὰ
3404 1454 3760 1528 ἐπιτηδεύματα,

581 1540 773 1588 tuntur
810 1545 863 1589 et
893 1534 1206 1605 aufugiunt,
1244 1537 1485 1595 Ecclesia
1522 1542 1746 1596 omnino
1784 1543 2109 1598 exturbandr

2256 1545 2603 1598 παντάπασιν
2619 1544 3057 1616 άπορῤίπτεσθαι
3076 1544 3178 1614 τῆς
3201 1544 3522 1616 Ἐκκλησίας
3542 1546 3759 1617 ὁρίζομεν,

579 1624 954 1693 decernimus,
1004 1628 1147 1683 sicut
1195 1639 1248 1685 et
1299 1632 1440 1685 sacri
1486 1647 1726 1689 canones
1771 1634 1980 1689 dicuiit.
2019 1635 2101 1700 Qu

2255 1635 2397 1690 καθά
2442 1638 2536 1690 καὶ
2578 1638 2627 1691 oi
2675 1638 2808 1709 ἱεροὶ
2858 1636 3083 1702 κανόνες
3134 1636 3529 1709 διαγορεύουσι.
3574 1641 3655 1706 Τίς
3687 1642 3764 1712 γὰρ

578 1717 719 1771 enim
764 1726 842 1772 est
892 1718 1001 1772 luci
1040 1736 1157 1774 cum
1200 1723 1423 1777 tenebris
1472 1729 1932 1782 communicatio?
1976 1738 2035 1784 ut
2076 1746 2102 1782 a

2255 1730 2537 1783 κοινωνία
2564 1731 2709 1799 φωτί
2746 1729 2895 1798 πρὸς
2927 1731 3169 1796 σκότος,
3208 1729 3284 1792 ὥς
3328 1746 3487 1801 φησιν
3513 1732 3539 1784 ὁ
3570 1732 3765 1787 ’Δπὸστο-

579 1810 911 1878 Apostolus:
953 1812 1027 1866 vel
1065 1830 1183 1883 quae
1217 1816 1411 1885 templo
1458 1817 1550 1872 Dei
1584 1836 1700 1874 cum
1733 1821 1889 1876 idolis
1935 1782 2107 1877 censet

2260 1815 2352 1880 λος
2371 1834 2385 1881 ;
2403 1782 2486 1871 Ἦν
2501 1782 2592 1883 tl;-
2611 1782 3058 1886 συγκατάθεσις
3077 1782 3202 1883 ναξ)
3220 1782 3533 1887 occupata—

579 1906 658 1956 sio
680 1905 704 1955 γ
725 1904 801 1957 vel
831 1921 947 1975 qum
973 1905 1119 1974 ﬁdeli
1148 1922 1268 1961 cum
1306 1909 1510 1979 inﬁdeli
1530 1927 1653 1979 pars
1684 1914 1952 1978 est?Qua:
1974 1924 2107 1969 aute:

2264 1905 2303 1973 ἢ
2330 1907 2423 1972 τίς
2436 1904 2606 1974 μερίς
2646 1903 2843 1971 πιστῷ
2866 1905 3017 1975 μετὰ
3057 1905 3359 1971 dulcem);
3391 1905 3480 1974 τις
3505 1905 3568 1960 δὲ
3582 1909 3768 1979 συμεςώο

583 1995 796 2050 Christe
823 2007 899 2050 est
940 2015 1057 2051 cum
1085 1998 1260 2053 Belial
1300 2004 1583 2057 concordia
1616 2022 1679 2059 ac
1705 2008 1973 2061 conventio
2000 2007 2085 2062 ”.’

1627 2022 1679 2059 ac
1705 2008 1973 2061 conventio
2000 2007 2085 2062 ”.’
2261 2009 2440 2061 νησις
2471 1992 2702 2063 Χριστῷ
2724 1993 2875 2061 πρὸς
2899 1993 3155 2063 Βελίαρῖ

657 2087 746 2142 65.
791 2085 892 2153 Qui
916 2090 966 2142 in
990 2091 1287 2147 noviluniis
1308 2108 1335 2146 a
1359 2094 1681 2162 quibusdam
1701 2106 1826 2152 ante
1846 2113 1975 2155 suas
1992 2098 2161 2156 oﬂici-

2334 2082 2427 2153 ξε’.
2481 2086 2593 2150 Τάς
2621 2086 2680 2141 ἐν
2711 2087 2830 2149 ταῖς
2868 2085 3183 2157 νεομηνίαις
3226 2084 3335 2140 ὑπό
3385 2102 3541 2140 τινων
3583 2086 3672 2158 πρὸ
3692 2088 3768 2141 τῶν

578 2192 678 2231 nas
725 2191 775 2233 ct
808 2179 999 2235 domos
1049 2185 1423 2239 accenduntur
1449 2186 1589 2257 rogi,
1636 2203 1798 2258 supra
1822 2205 1960 2259 quos
1989 2191 2106 2244 etial

2261 2178 2480 2232 οἰκείων
2518 2176 2900 2248 ἐργαστηρίων
2929 2176 3023 2231 καὶ
3066 2178 3230 2231 οῐκων
3274 2178 3637 2246 ἀναπτομένας
3671 2195 3769 2247 τινρ⁴

578 2271 803 2341 antiqua
838 2272 1069 2342 quadam
1106 2277 1499 2333 consuetudine
1522 2279 1683 2334 salire
1706 2279 1883 2351 inepte
1914 2283 2106 2337 acdelil

2263 2270 2462 2335 καῖάς,
2513 2269 2584 2334 ἃς
2638 2268 2735 2323 καὶ
2788 2268 3224 2338 ὑπερϐάλλεσθαι
3277 2286 3423 2333 τινες
3457 2269 3588 2323 κατά
3619 2286 3663 2321 τι
3687 2269 3770 2332 ἔθος

578 2364 775 2427 solent,
821 2363 1081 2434 jubemus
1134 2366 1391 2439 deinceps
1437 2385 1675 2428 cessare.
1715 2372 1977 2443 Quisquis
2027 2389 2106 2446 erg

2260 2366 2489 2435 ἀρχαῖον
2531 2362 2923 2435 ἐπιχειροῦσιν,
2972 2362 3082 2417 ἀπὸ
3111 2362 3204 2416 τοῦ
3240 2363 3508 2435 παρόντος
3552 2378 3770 2432 καταργη-

578 2452 682 2508 tale
708 2454 837 2524 quid
870 2451 1079 2521 fecerit,
1129 2457 1173 2511 si
1245 2459 1319 2513 sit
1357 2460 1577 2529 quidem
1627 2462 1881 2528 clericus,
1915 2465 2106 2536 depon:

2259 2456 2420 2527 θῆναι
2453 2456 2871 2528 προστάσσομεν
2892 2468 2910 2488 ο
2941 2454 3088 2518 ὅστις
3141 2449 3234 2507 οὖν
3262 2453 3505 2507 τοιοῦτόν
3538 2471 3587 2506 τι
3607 2450 3771 2523 πρᾶξαι,

577 2552 703 2611 tur;
759 2548 841 2601 sin
883 2556 1063 2602 autem
1098 2550 1290 2614 laicus,
1318 2550 1484 2625 444
1511 2567 1850 2630 segregetur.
1870 2557 1931 2614 In
1956 2571 2105 2629 quarl

2258 2553 2309 2606 εί
2359 2551 2457 2623 μὲν
2496 2550 2757 2622 κληρικὸς
2812 2550 2933 2621 εἴη,
2992 2546 3365 2619 καθαιρείσθω
3388 2564 3405 2579 ο
3446 2548 3578 2602 είδέ
3604 2546 3770 2613 λαῖκὺς,

573 2639 719 2692 enim
780 2640 919 2695 libro
969 2641 1176 2713 Regum
1234 2648 1496 2715 scriptum
1542 2657 1626 2702 est
1676 2665 1690 2702 :
1748 2647 1818 2702 Et
1867 2650 2101 2721 wdiﬁcav

2259 2641 2601 2713 ἀφοριζὲσθω
2624 2658 2637 2671 ·
2670 2642 2983 2714 γέγραπται
3012 2642 3120 2714 γὰρ
3143 2643 3201 2695 ἐν
3226 2643 3294 2713 τῇ
3331 2640 3560 2711 τετάρτῃ
3584 2639 3676 2692 τῶν
3700 2640 3775 2693 Βα-

576 2729 853 2787 Manasses
902 2734 1071 2790 altare
1124 2737 1384 2792 universae
1436 2738 1645 2793 militia:
1688 2740 1804 2794 caeli
1845 2740 1900 2793 in
1950 2740 2104 2794 duobi

2258 2733 2475 2788 σιλειῶν
2499 2750 2513 2765 ο
2566 2733 2675 2790 Καὶ
2713 2732 3062 2803 ᾠκοδόμησε
3112 2730 3460 2799 Μανασσῆς
3509 2728 3776 2794 θυσιαστή-

575 2826 730 2878 atriis
759 2826 944 2880 domus
978 2826 1095 2891 Dei,
1128 2837 1178 2881 et
1216 2829 1356 2898 ﬁlios
1393 2846 1517 2885 suos
1558 2831 1802 2886 traduxit
1834 2849 1927 2903 per
1954 2833 2103 2903 iguen

2250 2841 2389 2894 ριον
2418 2824 2588 2895 πάσῃ
2618 2824 2695 2895 τῇ
2737 2823 2989 2894 στρατιᾷ
3039 2824 3147 2878 τοῦ
3175 2824 3441 2893 οὐρανοῦ
3476 2823 3544 2876 ἐν
3565 2820 3677 2889 ταῖς
3699 2820 3778 2876 δύο

574 2916 905 2987 sortibusque
932 2928 980 2971 et
1008 2922 1246 2989 auguriis
1304 2922 1655 2993 auspiciisque
1696 2938 1821 2977 usus
1854 2934 1953 2990 est,
1992 2935 2039 2979 et
2073 2925 2102 2995 ﬂ

2257 2917 2474 2985 αὐλαῖς
2503 2918 2672 2974 οἷκου
2720 2919 2963 2988 Κυρίου,
3012 2917 3111 2972 καί
3149 2916 3401 2988 διήγαγε
3430 2916 3500 2970 τὰ
3526 2914 3685 2969 τέκνα
3705 2915 3779 2967 οὐ·

573 3004 646 3057 cit
685 3008 1038 3078 ventriloquos
1079 3025 1168 3062 seu
1209 3009 1480 3079 pythones,
1521 3020 1570 3065 et
1611 3012 1931 3066 divinatores
1961 3013 2101 3066 mult

2259 3010 2367 3066 τοῦ
2391 3011 2453 3063 ἐν
2480 3010 2646 3080 πυρὶ,
2676 3010 2775 3065 καὶ
2822 3009 3262 3080 ἐκλῃδονίζετο,
3281 3010 3384 3065 καὶ
3404 3005 3690 3073 οὶωνίζετο,
3707 3006 3778 3060 καί

582 3100 823 3167 plicavit,
872 3110 930 3153 ut
970 3101 1164 3170 faceret
1196 3103 1392 3159 malum
1426 3120 1604 3158 coram
1652 3104 1897 3169 Domino,
1944 3118 1999 3160 ut
2030 3123 2110 3159 eui

2256 3102 2549 3172 ἐποίησεν
2604 3102 3141 3173 ἐγγαστριμύθους,
3177 3100 3281 3156 καὶ
3335 3101 3603 3172 γνώστας
3645 3097 3779 3164 ἐπειὴ·

575 3192 646 3245 ad
676 3192 813 3245 iram
838 3206 1144 3261 provocaret
1174 3196 1240 3250 ⁸⁵.

2260 3167 2428 3259 ουν-ε,
2483 3194 2584 3250 καὶ
2640 3167 2949 3262 inludere
3000 3167 3134 3249 τού.
3160 3167 3417 3262 ποιῆσαι
3468 3191 3531 3247 τὸ
3564 3191 3782 3261 πονηρὸν

2258 3286 2516 3344 ἐνώπιον
2541 3288 2763 3358 Κυρίου
2788 3286 2897 3342 τοῦ
2920 3287 3282 3357 παροργίσαι
3300 3286 3513 3341 αὐτόν.

573 3415 729 3501 Beati
774 3417 923 3475 Petri
994 3421 1401 3501 arcltiepiscopi“
1429 3420 1779 3501 A‘letgan'drini
1817 3429 1889 3501 et
1945 3430 2101 3501 Quart!

2260 3406 2486 3501 Πέξροίί
2520 3396 3779 3501 ᾈλῗξατδρέωσλκαζδνῗῖἕῖ.Εὔιηῆἕῇ

646 3470 722 3543 iis
761 3470 984 3544 amics
996 3470 1044 3544 "1’
1059 3470 1078 3554 ξ
1089 3470 1343 3558 "2:311:
1355 3470 1686 3555 Βίόζΐὲζ
1705 3470 1776 3557 ὗ,
1810 3470 1897 3556 εὖ,
1937 3470 2148 3558 {itii

2331 3470 2396 3541 ςζ
2427 3482 2497 3547 η’.
2522 3475 2589 3558 θ’)
2616 3472 2668 3543 ι’,
2691 3480 2781 3558 ια’,
2804 3470 2894 3555 ιρι,
2910 3479 3006 3558 ιγ’,
3036 3474 3119 3537 ιδ’,
3149 3470 3471 3542 φερόμενοι
3503 3470 3572 3524 ἐν
3600 3470 3669 3534 τῷ
3684 3470 3781 3537 περὶ

646 3561 734 3625 15,
760 3562 796 3643 .1
808 3562 861 3628 4,
888 3562 978 3632 qui
1023 3544 1268 3632 feruntur
1294 3544 1393 3617 inv
1410 3544 1676 3618 'sernione
1711 3544 1829 3633 eius
1852 3544 1959 3618 ille
1980 3544 2152 3635 ᾢωὶιῖὶ

640 3640 826 3685 tentia.

1542 3544 1676 3617 ab";
1711 3544 1829 3633 eius
1852 3544 1959 3618 ’ξιξ
1980 3544 2152 3635 ρωὶιῖὶ
2331 3544 2649 3617 μετάνοίας
2679 3545 2865 3600 αὐτοῦ
2892 3544 3070 3614 λόγῳ·

664 3648 826 3686 enua.

644 3745 697 3798 1.
740 3741 1008 3809 Quoniam
1040 3753 1220 3799 autem
1265 3756 1519 3815 quartum
1562 3744 1768 3801 Pascha
1814 3748 2150 3817 persecutio-

2326 3745 2396 3804 α’.
2463 3747 2618 3801 Ἐπεὶ
2659 3747 2842 3802 τοίνυν
2885 3748 3146 3818 τέταρτον
3184 3746 3284 3819 ἤδη
3330 3746 3528 3815 Πάσχα
3556 3736 3783 3797 ἐπικατεί-

571 3850 695 3890 nem
737 3838 847 3906 jam
888 3840 1275 3909 apprehendit,
1317 3841 1449 3895 satis
1497 3851 1580 3897 est
1632 3842 1685 3896 in
1732 3844 1798 3898 iis
1847 3845 1939 3913 qui
1984 3845 2099 3900 dela

2259 3841 2399 3913 ληφε
2432 3841 2522 3895 τὸν
2573 3841 2833 3912 διωγμὸν,
2869 3841 3158 3911 αὐτάρκως
3201 3839 3315 3911 ἔχει
3363 3842 3482 3902 τοῖς
3517 3836 3612 3909 μὲν
3653 3850 3782 3903 προσ-

571 3929 789 3999 quidcm
827 3940 956 3986 sunt
1001 3932 1054 3984 in
1094 3933 1507 4002 custodiamque
1548 3934 1809 4004 conjecti.
1845 3944 2099 3991 tormenta

2255 3938 2515 4008 ενεχθεῖσι
2541 3936 2637 3991 καὶ
2669 3934 3077 4006 φυλακισθείσι,
3112 3933 3382 4004 βασάνους
3415 3948 3477 3985 τε
3504 3929 3783 4001 ἀνηκέστους

569 4036 678 4091 que
708 4037 817 4075 non
857 4022 1188 4089 suﬂerenda,
1220 4034 1271 4079 et
1299 4026 1658 4081 intolerabilia
1692 4026 1900 4097 ﬂagella
1929 4039 1981 4084 et
2003 4045 2094 4084 mu

2254 4029 2726 4102 ὑπομεμενηκὸσι,
2756 4029 2850 4083 καὶ
2883 4028 3195 4098 ἀφορήτους
3227 4027 3526 4096 μάστιγας,
3571 4026 3656 4077 καὶ
3690 4024 3781 4075 m1-

571 4122 654 4167 tas
696 4113 833 4168 alias
870 4129 1063 4184 graves
1105 4119 1456 4173 necessitates
1498 4120 1905 4183 sustinuerunt,
1956 4132 2099 4190 poste

2254 4125 2350 4189 λὰς
2378 4124 2571 4195 ἐτέρας
2589 4124 2770 4185 δεινὰς
2793 4122 3058 4189 ἀνάγκας,
3085 4119 3311 4190 ὕστερον
3334 4118 3397 4173 δὲ
3424 4115 3782 4188 προδεδομένοις

568 4214 748 4260 autem
801 4217 927 4261 sunt
965 4225 991 4260 a
1034 4210 1215 4265 carnis
1260 4211 1633 4267 imbecillitate
1675 4213 1893 4282 proditi,
1922 4215 2096 4273 etiam:

2253 4218 2358 4270 ὑπὸ
2385 4217 2485 4286 τῆς
2527 4213 2812 4277 ἀσθενείας
2858 4212 2955 4282 τῆς
2987 4210 3208 4283 σαρκὸς,
3244 4212 3294 4264 εί
3330 4210 3433 4264 καὶ
3463 4211 3537 4281 μὴ
3569 4209 3622 4275 ἐξ
3647 4207 3779 4277 ἀρχῆς

566 4315 677 4354 non
705 4300 773 4353 ab
803 4300 956 4355 initio
988 4302 1224 4373 suscepti
1253 4312 1380 4358 sunt
1406 4314 1627 4374 propter
1663 4322 1880 4376 gravem
1922 4308 2094 4379 lapsu:

2251 4309 2665 4383 παρεδέχθησαν
2703 4309 2794 4362 διὰ
2820 4307 2921 4379 τὴν
2955 4304 3529 4378 παρακολουθήσασαν
3564 4303 3779 4374 μεγίστην

565 4398 922 4445 consecutum
966 4409 980 4446 :
1022 4402 1203 4447 tamen
1255 4396 1381 4463 quia
1421 4396 1648 4449 multum
1699 4398 2044 4452 decertarunt
2084 4418 2093 4451 ι

2251 4403 2479 4467 πτῶσιν,
2528 4403 2678 4473 ὅμως
2722 4400 2809 4454 διὰ
2838 4400 2899 4452 τὸ
2937 4399 3108 4453 πολλὰ
3136 4398 3335 4462 αὐτοὺς
3373 4397 3674 4469 ὴθληκέναι,
3710 4393 3779 4446 καὶ

563 4480 656 4537 diu
683 4481 1023 4548 restiterunt,
1079 4497 1184 4536 non
1214 4487 1357 4538 enim
1388 4493 1580 4555 sponte
1605 4485 1673 4539 ad
1696 4500 1757 4539 ea
1781 4486 2086 4541 devenerun

2251 4498 2341 4550 ἐπὶ
2383 4495 2518 4549 πολὺ
2548 4490 3020 4563 άντιμαχέσασθαι
3044 4507 3058 4521 ·
3085 4491 3146 4543 οὐ
3185 4489 3294 4559 γὰρ
3338 4490 3486 4543 κατὰ
3515 4487 3779 4560 προαίρεσιν

564 4573 656 4628 sed
684 4589 714 4627 a
745 4575 927 4628 carnis
962 4574 1331 4630 imbecillitate
1359 4575 1579 4645 proditi,
1640 4593 1764 4631 nam
1807 4587 1861 4632 et
1886 4579 2092 4649 stigmal

2250 4588 2326 4650 είς
2351 4584 2510 4639 τοῦτο
2535 4583 2877 4652 ἐληλύθασιν,
2907 4580 3045 4634 ἀλλὰ
3070 4579 3575 4650 καταπροδοθέντες
3597 4578 3686 4630 ὑπὸ
3704 4574 3778 4643 τῆς

560 4663 687 4720 .Iesu
714 4666 765 4718 in
795 4666 910 4719 suis
938 4667 1263 4731 corporibus
1301 4677 1598 4733 OSIentant,
1629 4677 1682 4723 et
1716 4670 1960 4724 nonnulli
2000 4685 2088 4724 aut

2249 4677 2530 4741 ἀσθενείας
2578 4676 2679 4745 τῆς
2727 4674 2951 4746 σαρκὸς,
3006 4672 3195 4742 ἐπειδὴ
3249 4672 3346 4725 καὶ
3400 4672 3666 4740 στίγματα
3706 4663 3777 4719 τοῦ

557 4756 669 4827 jam
698 4757 857 4810 tertio
881 4757 1118 4812 deﬂent:
1152 4758 1231 4813 eis
1257 4758 1325 4813 ab
1348 4760 1599 4816 Adventu
1627 4776 1723 4830 per
1745 4764 2084 4816 revocatione

2253 4769 2431 4843 Ἰησοῦ
2461 4768 2828 4823 ἐνδείκνυνται
2850 4768 2907 4819 ὲν
2932 4768 3045 4829 τοῖς
3069 4765 3317 4836 σώμασιν
3348 4764 3584 4826 ἐαυτῶν,
3604 4760 3684 4814 καὶ
3701 4758 3776 4828 ἤδη

561 4850 616 4904 in
668 4850 985 4904 memoriam
1034 4850 1124 4905 alii
1169 4852 1528 4923 quadraginta
1581 4853 1697 4908 dies
1744 4854 2089 4925 injungantul

2247 4865 2420 4936 τρίτον
2449 4862 2592 4926 τινὲς
2632 4862 2750 4924 έτος
2794 4859 2975 4930 έχουσι
3010 4855 3525 4924 καταπενθοῢντες,
3555 4869 3775 4926 προσεπι-

560 4956 701 5012 quos
739 4958 864 4997 cum
907 4942 1209 5013 jejunasset
1251 4943 1515 4999 Dominus
1560 4954 1614 4999 et
1654 4945 1911 5001 Servatur
1957 4956 2088 5002 nosti

2246 4956 2535 5029 τιμηθῆναι
2560 4956 2742 5017 αὐτοῖς
2781 4953 2888 5006 ἀπὸ
2916 4952 3015 5022 τῆς
3063 4949 3483 5020 προσελεύσεως·
3536 4946 3648 5002 καθ’
3672 4945 3774 4999 ὑπό-

558 5035 718 5093 Jesus
747 5035 1020 5103 Christus,
1066 5047 1355 5108 postquam
1390 5039 1698 5109 baptizatus
1736 5041 1931 5104 fuerat,
1967 5051 2086 5096 teni:

2245 5066 2466 5121 μνησιν,
2514 5048 2679 5111 ἄλλας
2740 5052 2790 5117 μ’
2820 5045 3055 5116 ἡμέρας,
3096 5044 3161 5108 ἃς
3190 5043 3398 5114 καίπερ
3437 5039 3715 5113 νηστεύσας
3750 5035 3770 5086 ὁ

561 5141 649 5184 tus
679 5138 759 5183 est
791 5145 819 5183 a
851 5129 1094 5185 diabolo.
1130 5130 1187 5185 In
1218 5130 1419 5199 quibus
1443 5145 1491 5185 et
1523 5131 1623 5201 ipsi
1647 5147 1771 5186 cum
1808 5134 1962 5187 valde
1986 5149 2084 5186 exe

2246 5142 2445 5211 Κύριος
2472 5139 2567 5193 καὶ
2597 5139 2786 5208 Σωτὴρ
2814 5137 2971 5207 ἡμῶν
3013 5135 3219 5209 Ἰησοῦς
3248 5137 3277 5188 ὁ
3300 5134 3560 5204 Χριστὸς,
3591 5129 3712 5203 μετὰ
3730 5126 3774 5178 τὺ

559 5222 709 5276 citati
738 5220 960 5289 fuerint,
985 5232 1041 5277 et
1072 5224 1412 5278 constantius
1446 5224 1835 5294 jejunaverint,
1879 5225 2087 5294 deinec]

2244 5229 2644 5301 βαπτισθῆναι,
2676 5225 2985 5298 ἐπειράσθη
3018 5225 3124 5279 ὑπὸ
3170 5224 3270 5278 τοῦ
3300 5223 3551 5278 διαϐόλου
3574 5237 3590 5253 ο
3619 5220 3687 5282 είς
3723 5213 3772 5276 ἃς

560 5315 616 5369 in
644 5314 985 5371 orationibus
1015 5315 1338 5386 vigilabunt,
1401 5317 1720 5371 meditantes
1756 5317 1899 5385 quod
1928 5319 2088 5372 dictu!

2243 5319 2334 5374 καὶ
2377 5319 2533 5373 αὐτοὶ⁸
2570 5316 2711 5370 κατὰ
2740 5316 3001 5388 περισσὸν
3030 5315 3551 5386 διαγυμνασθέντες,
3580 5304 3771 5365 εὐτονώ-

559 5414 643 5462 est
673 5422 702 5460 a
734 5405 967 5463 Domino
1010 5407 1078 5461 ad
1126 5422 1248 5461 eum
1290 5408 1381 5478 qui
1429 5409 1580 5462 illum
1628 5418 1819 5474 tentat,
1862 5419 1922 5463 ut
1954 5410 2087 5479 ipsul

2246 5409 2397 5481 τερόν
2445 5426 2505 5462 τε
2559 5407 2851 5479 νήψαντες,
2886 5409 3326 5479 γρηγορήσουσιν
3373 5408 3459 5470 είς
3505 5396 3774 5475 προσευχάς

558 5499 749 5556 adoret
778 5516 793 5552 :
822 5498 918 5554 Abi
948 5515 1097 5569 pone,
1128 5499 1356 5568 Satana,
1403 5498 1565 5571 M5
1593 5502 1849 5570 scriptum
1865 5501 2086 5556 estenim

2246 5502 2329 5556 τοῦ
2356 5501 2570 5571 λοιποῦ,
2609 5501 3091 5574 καταμελετῶντες
3127 5500 3189 5555 τὸ
3218 5498 3542 5572 λελεγμένον
3567 5495 3663 5552 ὑπὸ
3699 5485 3774 5546 τοῦ

630 5634 675 5667 ³⁸
693 5633 740 5690 ll
760 5632 887 5690 Cor.
915 5648 992 5700 vr,
1028 5632 1209 5701 MJS.
1285 5633 1417 5690 ’διν
1456 5633 1588 5707 Reg.
1622 5650 1781 5695 mu.
1816 5634 1881 5689 12
1912 5649 2067 5706 seqq.

631 5788 749 5859 (δι)
780 5786 907 5859 Legi
937 5788 1184 5845 sexennii
1214 5786 1434 5859 subjici,
1473 5796 1554 5845 est
1599 5790 1863 5846 sexennio
1896 5789 2389 5848 excommunicari.
