3980 6448
173 458 256 523 937
904 455 1305 519 SYNTAGMA
1343 455 1711 519 CANONUM

1823 462 1996 527 'TIT.
2031 465 2203 542 XIII,
2242 469 2401 530 CAP.
2437 469 2568 530 XX.

3288 474 3391 536 938

174 566 348 639 κυρίου
374 563 500 636 πρὸς
528 563 617 617 τὸν
647 563 976 635 πειράζοντα
1004 563 1189 629 αὐτὸν,
1226 564 1311 617 ἴνα
1343 564 1696 637 προσκυνήσῃ

1823 574 2100 629 Dominum
2130 576 2294 632 Deum
2322 588 2471 633 tuum
2495 578 2764 644 adorabis,
2792 590 2838 635 et
2868 581 2949 634 illi
2978 582 3079 636 soli
3104 584 3293 636 seruies
3326 588 3387 631 ··

173 664 328 727 αὑτὸν,
351 661 569 731 ’Ὕπαγε
602 658 1178 729 ὀαίσωμου,Σατανᾶ
1199 675 1214 690 ο
1245 658 1566 731 γέγραπται
1586 661 1719 731 γὰρ,
1760 663 1980 731 Κύριον
2048 662 2155 717 τὸν
2200 664 2351 717 Θεόν
2387 678 2505 717 σου
2535 666 3005 733 προσκυνήσεις,
3078 669 3177 724 καί
3226 669 3387 735 αὐτῷ

166 752 306 823 μόνῳ
330 754 689 819 λατρεύσεις.

227 844 283 915 β’.
325 845 439 907 Τοῖς
485 843 540 896 δὲ
605 846 744 915 μετά
789 843 851 897 τδ
900 844 1298 917 φυλακισθῆναι
1357 847 1516 917 μόνον
1541 886 1557 912 ,
1613 846 1709 900 καὶ

1876 845 1931 900 ‘2.
1967 844 2038 899 iis
2072 852 2251 901 autem
2280 846 2374 917 qui
2420 854 2707 917 postquam
2761 849 2813 903 in
2853 851 3157 906 custodiam
3202 856 3382 910 traditi

169 934 601 1006 ὑπομεμενηκέναι
656 938 756 998 τὰς
800 936 859 989 ἐν
915 936 994 1007 τῷ
1046 936 1404 1009 δεσμωτηρίῳ
1435 976 1452 1003 ,
1512 937 1590 1001 ὡς
1644 938 1711 990 ἂν

1823 944 1959 996 sunt,
1993 935 2126 990 etin
2162 951 2406 999 carcere,
2432 944 2690 1006 tanquam
2724 938 2777 991 in
2808 938 3113 1007 obsidione,
3146 942 3385 1001 adlictio-

168 1031 215 1079 ἐν
262 1025 525 1096 πολιορκίᾳ
555 1065 570 1091 ,
630 1025 839 1095 θλίψεις
891 1044 950 1080 τε
978 1028 1092 1087 ξκαὶ
1142 1028 1426 1095 δυσωδίας,
1486 1027 1712 1099 ὕστερον

167 1120 212 1172 δὲ
259 1118 412 1188 χωρὶς
456 1117 692 1188 πολέμου
746 1120 995 1189 βασάνων
1065 1121 1378 1191 γενομένοις
1435 1120 1715 1192 αἱχμαλὼο

165 1228 274 1275 τοις,
293 1210 423 1263 κατὰ
452 1209 651 1280 πολλὴν
672 1212 944 1281 πτωχείαν
970 1212 1277 1283 δυνάμεως,
1308 1214 1402 1266 καὶ
1431 1214 1570 1267 κατά
1587 1230 1707 1266 τινα

1813 1044 1909 1083 nes
1936 1043 2236 1098 gravesque
2260 1028 2461 1085 fetores
2478 1031 2626 1101 passi
2659 1041 2818 1098 sunt;
2850 1042 3036 1100 postea
3060 1040 3241 1091 autem
3267 1039 3387 1093 sine

1814 1122 1955 1177 bello
1983 1133 2379 1177 tormentorum
2417 1123 2615 1194 captivi
2650 1122 2779 1178 facti
2808 1136 2952 1191 sunt,
2992 1127 3159 1181 nimia
3188 1130 3384 1185 virium

1815 1216 1998 1286 inopia
2024 1224 2079 1271 et
2099 1215 2336 1286 quadam
2359 1216 2601 1270 caecitate
2631 1213 2919 1280 confracti,
2943 1233 3121 1274 annus
3143 1221 3208 1276 ad
3238 1221 3382 1277 aliud

166 1303 431 1373 τυφλότητα
460 1301 900 1372 τεθραυσμένοις,
931 1305 1229 1376 ἐπαρκέσει
1275 1306 1518 1369 ἐνιαυτὸς
1568 1305 1703 1378 πρὸς

1823 1319 2025 1377 tempus
2078 1308 2357 1377 iniunctus
2414 1307 2642 1364 suﬁiciet
2684 1327 2698 1363 :
2740 1325 2866 1365 nam
2921 1312 3021 1381 ipsi
3072 1327 3289 1384 quoque
3325 1330 3387 1372 se

164 1396 227 1464 τῷ
248 1395 400 1467 ἑτέρῳ
426 1395 619 1469 χρόνῳ,
655 1395 781 1449 ἐπεὶ
829 1396 968 1458 ὅλως
999 1398 1093 1449 καὶ
1120 1398 1274 1451 αὐτοὶ
1318 1396 1707 1452 ὲπιδεδώκασιν

166 1487 353 1549 ἑαυτοὺς
376 1486 511 1559 ὑπὲρ
531 1485 626 1540 τοῦ
660 1488 923 1557 ὀνόματος
958 1487 1226 1560 θλιϐῆναι,
1263 1490 1311 1541 εί
1336 1490 1428 1542 καὶ
1457 1488 1706 1557 ἀπήλαυ-

88 1616 107 1623 ρ
166 1596 244 1634 σαν
263 1580 312 1631 ὲν
333 1578 403 1649 τῷ
430 1579 788 1657 δεσμωτηρίῳ
821 1580 922 1651 τῆς
955 1581 1107 1652 παρὰ
1154 1581 1264 1635 τῶν
1293 1582 1538 1651 ἀδελφῶν
1573 1582 1703 1635 πολ-

164 1670 241 1741 λῆς
265 1670 604 1735 ἀναπαύσεως
627 1712 641 1737 ,
690 1671 835 1744 ἆπερ
868 1672 1307 1727 πολλαπλασίονα
1349 1673 1706 1741 ἀποδώσουσι,

164 1764 415 1828 ποθοῦντες
458 1763 797 1836 λυτρωθῆναι
850 1766 959 1820 ἀπὸ
1002 1767 1103 1839 τῆς
1161 1768 1499 1839 πικροτάτης
1541 1768 1707 1837 αἰχμ-

1813 1401 2039 1454 omnino
2095 1414 2194 1469 pro
2236 1398 2682 1461 nominelChristi
2711 1400 3025 1471 aliiigendos
3060 1403 3300 1460 dedere:
3338 1407 3383 1461 si

1815 1492 1978 1547 etiam
2009 1507 2039 1545 a
2073 1490 2335 1545 fratribus
2371 1491 2424 1544 in
2451 1506 2674 1547 carcere
2702 1493 2925 1547 multam
2953 1495 3383 1553 consolationem

1813 1583 2049 1638 assecuti
2088 1591 2234 1637 sunt.
2288 1582 2420 1650 Quae
2456 1584 2676 1653 quidem
2720 1586 3076 1655 multiplicata
3118 1588 3383 1655 reddent,

1809 1676 2025 1730 liberari
2052 1675 2330 1746 cupientes
2353 1676 2422 1730 ab
2447 1677 2797 1733 acerbissima
2820 1679 3132 1749 captivitate
3160 1681 3383 1751 diaboli,

1806 1768 1924 1838 ejus
1964 1768 2204 1823 maxime
2251 1771 2600 1824 recordantes
2649 1771 2741 1839 qui
2778 1771 2909 1825 dicit
2942 1787 2958 1825 :
2994 1771 3226 1841 Spiritus
3278 1774 3388 1829 Do-

164 1855 364 1920 αλωσίας
402 1854 494 1909 τοῦ
536 1856 808 1922 διαϐόλου,
841 1858 1182 1930 μεμνημένοι
1218 1860 1450 1931 μάλιστα
1497 1857 1592 1911 τοῦ
1624 1858 1709 1909 λέ-

1823 1860 1942 1913 mini
1969 1876 2125 1929 super
2148 1876 2247 1925 me,
2287 1876 2444 1930 quam
2483 1861 2545 1913 ob
2584 1877 2801 1915 causam
2828 1863 2981 1916 unxit
3012 1879 3092 1917 me
3116 1880 3134 1917 :
3168 1876 3223 1918 ut
3248 1881 3386 1932 pau-

162 1964 314 2015 γοντος
334 1963 348 1977 ο
373 1947 609 2017 Πνεῦμα
630 1951 850 2017 Κυρίου
878 1950 973 2003 ἐπ’
989 1950 1093 2019 ἐμὲ
1116 1946 1190 2006 οὗ
1224 1952 1459 2005 εἵνεκεν
1495 1949 1702 2020 ἕχρισέ

1823 1953 2013 2004 teril'us
2033 1950 2448 2021 eoangelizarem
2470 1952 2613 2005 misit
2636 1966 2736 2014 me,
2758 1959 2808 2006 et
2826 1953 3195 2006 annuntiarem
3218 1953 3387 2022 capti-

155 2054 245 2107 με’
273 2069 334 2080 --
372 2042 894 2110 Εὐαττελίσασθαι
941 2042 1200 2110 πτωχοῖς
1231 2043 1579 2098 ἀπέσταλκε
1604 2059 1702 2112 με,

158 2131 374 2199 κηρύξαι
416 2134 813 2202 αἰχμαλώτοις
840 2133 1062 2203 ἄφεσιν
1114 2136 1211 2189 καὶ
1258 2135 1509 2206 τυφλοῖς
1556 2133 1703 2189 ἀνά-

158 2224 358 2292 ϐλεψιν,
401 2224 759 2278 ἀποστεῖλαι
811 2225 1296 2294 τεθραυσμένους
1344 2227 1416 2280 ἐν
1468 2224 1704 2295 ἀφέσει,

159 2316 376 2384 κηρύξαι
430 2316 719 2371 ἐνιαυτὸν
766 2318 988 2387 Κυρίου
1034 2316 1269 2384 δεκτόν,
1325 2318 1705 2387 καὶ-ἡμέραν

156 2405 606 2475 ἁνταποδόσεως.

212 2495 271 2567 γ’.
318 2499 434 2563 Τοῖς
477 2500 536 2553 δὲ
607 2500 732 2570 μηδ’
759 2501 895 2566 ὅλως
958 2503 1126 2573 μηδέν
1168 2520 1222 2556 τι
1243 2502 1483 2559 τοιοῦτον
1510 2520 1710 2556 πεπονς

158 2590 292 2654 θόσι,
352 2593 483 2663 μηδὲ
559 2593 956 2663 ἐνδειξαμένοις
1005 2594 1217 2667 καρπὸν
1276 2597 1534 2662 πίστεως,
1593 2596 1709 2650 ἀλλ’

156 2684 519 2755 αὐτομολήσασι
568 2688 704 2756 πρὸς
761 2687 858 2758 τὴν
889 2687 1106 2755 κακίαν,
1160 2688 1572 2760 προδεδομένοις
1606 2689 1711 2744 ὑπὸ

152 2773 323 2838 δειλίας
379 2778 471 2828 καὶ
530 2776 723 2844 φόϐου,
780 2777 873 2831 νῦν
928 2778 984 2831 δὲ
1039 2780 1119 2843 είς
1163 2779 1451 2850 μετάνοιαν
1485 2781 1714 2851 ἐρχομέ-

155 2881 264 2929 νοις,
302 2867 596 2935 ἀναγκαῖόν
639 2870 753 2921 ἐστι
785 2870 877 2922 καὶ
918 2871 1160 2940 ἁρμόζον
1205 2873 1304 2943 τῆν
1332 2873 1431 2944 τῆς
1462 2872 1711 2944 ἀκάρπου

157 2958 299 3029 συκῆς
324 2961 641 3030 παραϐολὴν
694 2962 1055 3033 παραθέσθαι,
1085 2963 1161 3027 ὡς
1206 2966 1234 3018 ό
1278 2965 1481 3036 Κύριος
1530 2965 1708 3034 λέγει*

154 3048 332 3117 Συκῆν
380 3050 503 3121 εἶχέ
538 3070 635 3119 τις
667 3054 1127 3124 πεφυτευμένην
1170 3055 1241 3109 ἐν
1270 3055 1351 3122 τῷ
1400 3056 1709 3126 ἀμπελῶνι

153 3140 333 3208 αὑτοῦ,
352 3143 448 3197 καί
473 3140 627 3214 ἦῖλθε
651 3143 838 3213 ζητῶν
870 3146 1105 3215 καρπὸν
1131 3146 1201 3200 ἐν
1238 3145 1413 3215 αὐτῇ,
1448 3148 1548 3201 καὶ
1596 3150 1709 3217 οὐχ

1807 2043 1882 2095 uis
1930 2040 2312 2107 liberationem,
2346 2052 2396 2096 et
2442 2043 2598 2096 ctecis
2646 2043 2785 2096 visus
2832 2044 3297 2111 recuperationem,
3339 2056 3387 2099 et

1810 2132 2069 2186 mitterem
2096 2132 2293 2201 fractos
2321 2133 2377 2186 in
2407 2133 2765 2187 remissionem
2789 2170 2806 2197 ,
2847 2132 3145 2201 praedicare
3189 2148 3387 2188 annum
3466 2132 3475 2135 ⁷

1810 2224 2024 2281 Domini
2062 2224 2453 2295 acceptabilcm,
2483 2234 2533 2279 et
2550 2225 2695 2280 diem
2724 2226 3087 2283 retributionis
3117 2226 3184 2281 ³⁵.

1882 2503 1936 2557 5.
1980 2502 2050 2557 lis
2087 2509 2267 2557 autem
2294 2502 2389 2572 qui
2431 2501 2567 2557 nihil
2601 2500 2872 2572 ejusmodi
2915 2502 3062 2572 passi
3102 2511 3253 2569 sunt,
3288 2517 3393 2560 nec

1816 2591 1939 2646 ﬁdei
1964 2590 2200 2646 fructum
2227 2591 2603 2657 ostenderunt,
2628 2591 2722 2646 sed
2740 2590 2808 2646 ad
2829 2592 3017 2646 vitium
3040 2591 3180 2647 ultro
3210 2602 3391 2649 trans—

1813 2685 2090 2755 fugerunt,
2127 2699 2157 2738 a
2189 2692 2336 2739 metu
2367 2694 2421 2737 et
2446 2684 2736 2738 timiditate
2764 2684 2997 2753 proditi,
3031 2700 3177 2739 nunc
3206 2695 3387 2739 autem

1818 2777 2046 2833 veniunt
2075 2776 2140 2830 ad
2177 2776 2577 2844 paenitentiam,
2619 2791 2845 2831 necesse
2873 2785 2956 2831 est
2983 2786 3036 2830 et
3057 2779 3392 2833 conveniens

1820 2868 2153 2940 infrugiierae
2179 2870 2314 2923 licus
2348 2869 2661 2938 parabolam
2685 2884 3008 2939 proponere,
3043 2878 3102 2923 ut
3128 2868 3393 2925 Dominus

1815 2962 1943 3017 dicit
1982 2978 1995 3015 :
2038 2959 2280 3015 Habebat
2303 2962 2421 3031 quis
2449 2961 2609 3030 ﬁcum
2637 2960 2934 3029 plantatam
2960 2962 3014 3016 in
3040 2976 3137 3015 suo
3176 2962 3391 3015 vineta:

1816 3063 1865 3107 et
1889 3053 2025 3107 venit
2063 3068 2302 3123 quarens
2329 3053 2385 3106 in
2414 3069 2475 3105 ea
2496 3053 2751 3122 fructum,
2773 3063 2823 3105 et
2851 3069 2954 3106 non
2988 3053 3202 3107 invenit.
3240 3053 3394 3108 Dixit

1820 3156 1996 3201 autem
2035 3145 2247 3200 uinitori
2277 3161 2296 3199 :
2334 3142 2471 3198 Ecce
2503 3154 2608 3199 tres
2645 3160 2844 3211 annos,
2882 3159 2947 3199 ex
2982 3161 3085 3215 quo
3115 3161 3210 3215 ego
3244 3147 3393 3201 venio

154 3225 324 3298 εὗρεν.
364 3228 496 3288 Εἷπε
525 3234 591 3288 δὲ
631 3236 767 3305 πρὸς
799 3236 891 3290 τὸν
919 3237 1323 3308 ἀμπελουργὸν,
1370 3238 1523 3293 Ἰδοὺ
1574 3240 1708 3306 τρια

1823 3252 2050 3307 quaerens
2069 3236 2297 3305 fructum
2321 3235 2377 3289 in
2406 3237 2503 3289 hac
2529 3236 2655 3305 ﬁcu,
2682 3244 2732 3290 et
2757 3252 2860 3290 non
2885 3237 3085 3291 invenio
3101 3252 3122 3301 ;
3153 3239 3395 3293 exscinde

155 3320 241 3389 ἔτη
284 3324 377 3393 ἀφ’
402 3321 473 3383 οὗ
532 3326 783 3397 ἔρχομαι
833 3326 1019 3395 ζητῶν
1063 3330 1293 3400 καρπὸν
1323 3330 1393 3383 ἐν
1420 3328 1496 3398 τῇ
1542 3330 1707 3401 συκῇ

1823 3343 1964 3382 tam:
1994 3344 2089 3380 cur
2120 3336 2316 3381 terram
2348 3327 2575 3381 inaniter
2607 3338 2825 3397 occupat
2852 3328 2877 3381 ?
2912 3327 3013 3382 Ille
3030 3346 3147 3383 vero
3180 3347 3396 3399 respon-

160 3417 344 3485 ταύτῃ,
373 3420 468 3473 καί
497 3424 617 3489 οὐχ
663 3421 924 3487 εὑρίσκω
948 3439 962 3453 ο
992 3422 1263 3491 ἔκκοψον
1288 3421 1500 3491 αὐτὴν,
1525 3424 1627 3478 ινα
1654 3425 1711 3478 τι

1823 3420 1940 3472 dens
1983 3419 2113 3472 dicit
2154 3418 2240 3473 illi
2275 3434 2295 3473 :
2332 3418 2571 3481 Domine,
2616 3418 2825 3472 dimitte
2862 3418 3011 3473 illaut
3053 3420 3149 3473 hoc
3193 3437 3397 3492 quoque

156 3507 237 3560 καί
258 3507 365 3576 τὴν
376 3510 491 3579 γῆν
512 3512 826 3582 scaeam-si;
848 3516 880 3566 ὀ
898 3512 967 3566 δὲ
980 3514 1321 3583 ἀποκριθεὶς
1340 3517 1501 3584 λέγει
1523 3515 1707 3581 αὐτῷ’

1823 3525 1974 3571 anno,
2003 3509 2163 3563 donec
2193 3509 2341 3563 circa
2367 3525 2481 3563 eam
2523 3508 2724 3578 fodere,
2756 3517 2807 3563 et
2848 3511 3093 3563 laztamen
3134 3510 3394 3579 injecero;

158 3601 324 3667 Κύριε,
347 3603 486 3672 ἄφες
535 3603 735 3670 αὐτὴν
766 3604 865 3658 καί
901 3604 1079 3660 τοῦτο
1114 3606 1182 3660 τὸ
1222 3606 1377 3673 ἔτος,
1417 3606 1529 3675 ἓως
1570 3608 1711 3663 ὅτου

1823 3599 2096 3669 siquidem
2135 3599 2367 3668 fructum
2399 3598 2613 3666 fecerit;
2642 3597 2807 3670 M6
2834 3599 2917 3652 sin
2955 3599 3149 3665 minus,
3183 3616 3299 3654 eam
3338 3601 3395 3655 in

154 3691 345 3760 σκάψω
360 3695 431 3748 τὰ
459 3694 598 3763 περὶ
628 3696 822 3763 αὐτὴν
853 3697 950 3750 καί
972 3696 1147 3761 ,ϐάλω
1176 3698 1393 3766 κόπρια
1413 3716 1426 3731 ο
1457 3700 1572 3754 κᾶν
1603 3701 1715 3769 μὲν

157 3782 356 3856 ποιήσῃ
372 3786 628 3853 καρπόνο
646 3788 697 3839 εί
719 3786 787 3840 δὲ
802 3787 886 3857 μή
905 3804 989 3858 γε,
1011 3791 1099 3855 εις
1114 3789 1181 3845 τὸ
1191 3790 1425 3860 μέλλον
1434 3791 1714 3861 ἐκκόψεις

154 3871 348 3941 αὐτήν·
387 3875 454 3945 ῆν
479 3875 596 3946 πρὸ
639 3874 933 3947 ὀφθαλμῶν
966 3877 1630 3952 λαϐόντες,.ἐνδειξάμενοί
1654 3899 1716 3935 τε

158 3964 341 4032 καρπὸν
368 3966 519 4032 ἄξιον
551 3966 651 4037 τῆς
695 3968 1000 4037 μετανοίας,
1029 3970 1089 4022 ὲν
1124 3970 1206 4041 τῷ
1242 3971 1571 4044 διαστήματι
1619 3973 1716 4027 τοῦ

155 4056 383 4110 τοσούτου
417 4058 617 4130 χρόνου
653 4058 851 4129 μᾶλλον
876 4060 1340 4132 ὠφεληθήσονται.

214 4146 271 4201 δ’.
333 4149 453 4211 Τοῖς
525 4149 638 4222 γὰρ
696 4151 1041 4207 παντάπασιν
1104 4153 1549 4224 ἀπεγνωσμένοις
1624 4157 1720 4210 καὶ

152 4237 520 4313 ἀμετανοήτοις
563 4278 579 4303 ,
654 4239 829 4313 δέρμα
897 4260 957 4296 τε
1026 4243 1280 4307 Αἰθίοπος
1346 4245 1718 4317 ἀμετάϐλητον

157 4331 495 4402 κεκτημένοις
522 4371 539 4396 ,
600 4330 696 4384 καὶ
756 4331 1089 4402 ποικίλματα
1137 4334 1485 4405 παρδάλεως,
1519 4335 1718 4407 λεχθή-

154 4436 289 4476 σεται
331 4422 393 4477 τὸ
436 4424 539 4493 τῆς
593 4423 784 4495 ἑτέρας
827 4424 996 4494 συκῆς
1022 4441 1036 4455 ·
1061 4424 1284 4492 Μηκέτι
1314 4426 1385 4479 ἐκ
1426 4425 1542 4479 σοῦ
1578 4441 1721 4495 καρ-

153 4513 251 4579 πὸς
277 4515 515 4584 γένηται
546 4519 636 4581 εις
684 4517 790 4569 τὸν
828 4515 1012 4570 αἰῶνα
1039 4558 1055 4581 ,
1108 4519 1189 4572 διὸ
1238 4520 1331 4572 καὶ
1381 4519 1719 4590 παραχρῆμα

152 4602 443 4675 ξηραίνεται
466 4625 483 4637 ·
523 4606 938 4678 ἀποπληροῦται
968 4607 1099 4677 γοῦν
1155 4610 1240 4663 ἐπ’
1275 4611 1476 4679 αὐτοῖς,
1513 4612 1607 4666 καὶ
1654 4611 1716 4665 τὸ

154 4698 243 4751 ὑπὸ
279 4700 371 4754 τοῦ
404 4700 865 4771 ὲκκλησιαστικοῦ
887 4701 1172 4772 εἰρημένον
1191 4718 1204 4732 °
1242 4702 1715 4773 Διεστραμμένον

150 4790 215 4843 οὺ
245 4789 652 4861 ὃυνηθήσεται
679 4791 1180 4862 ἐπικοσμηθῆναι,
1202 4792 1300 4845 καὶ
1321 4792 1624 4862 ὑστέρημα
1645 4794 1715 4847 οὐ

153 4878 459 4951 δυνήσεται
478 4883 879 4952 ἀριθμηθῆναι
899 4900 914 4915 υ
938 4885 986 4936 εἰ
1015 4882 1091 4954 μὴ
1127 4884 1234 4953 γὰρ
1268 4885 1529 4954 πρότερον
1551 4885 1611 4937 τὸ
1641 4885 1719 4938 δι-

154 4974 518 5044 εοτραμμένον
574 4972 860 5044 διορθωθῇ,
892 4972 1152 5028 ἀδύνατόν
1195 4973 1343 5025 ἐστιν
1371 4973 1504 5026 αὐτὸ
1529 4975 1720 5027 ἐπικο-

157 5066 416 5134 σμηθῆναι
437 5078 452 5099 ·
483 5065 583 5119 καὶ
617 5067 666 5117 εί
700 5064 773 5134 μὴ
798 5064 1058 5135 πρότερον
1085 5064 1145 5117 τὸ
1171 5064 1455 5135 ὑστέρημα
1480 5066 1723 5137 ἀναπλη-

156 5155 311 5225 ρωθῇ,
367 5155 633 5210 ἀδύνατόν
682 5157 828 5207 ἐστιν
860 5154 993 5207 αὐτὸ
1034 5154 1405 5224 ἀριθμηθῆναι
1431 5171 1445 5185 ο
1477 5154 1598 5207 ὅθεν
1630 5156 1720 5209 καὶ
1754 5206 1761 5209 .

155 5246 234 5297 ἐπὶ
258 5248 439 5313 τέλους
469 5246 813 5318 συμϐήσεται
840 5246 1023 5308 αὐτοῖς
1053 5245 1111 5299 τι)
1138 5246 1459 5316 λελεγμένον
1493 5246 1598 5299 ὑπὸ
1625 5249 1718 5300 τοῦ

156 5337 417 5409 προφήτου
458 5337 684 5391 Ἡσαΐου
709 5352 724 5367 ο
772 5336 883 5390 Kal
916 5336 1187 5405 ὄψονται,
1221 5336 1375 5408 φησὶ,
1428 5338 1501 5391 τὰ
1554 5337 1719 5391 κῶλα

154 5427 259 5481 τῶν
289 5430 620 5497 ἀνθρώπων
655 5428 772 5484 τῶν
818 5430 1307 5497 παραϐεϐηκότων
1331 5431 1400 5483 ἐν
1454 5430 1589 5498 ἐμοί
1614 5445 1626 5459 ·
1687 5432 1719 5483 ὀ

155 5520 252 5590 γὰρ
298 5522 551 5591 σκώληξ
607 5523 804 5577 αὐτῶν
840 5526 913 5579 οὺ
942 5521 1306 5589 τελευτήσει,
1345 5522 1441 5575 καὶ
1484 5522 1551 5575 τὸ
1600 5520 1719 5589 πῦρ

151 5614 337 5669 αὐτῶν
373 5620 447 5672 οὐ
498 5615 924 5684 σϐεσθήσεται,
955 5614 1053 5670 καί
1098 5617 1338 5671 ἔσονται
1378 5616 1465 5680 εὶς
1503 5614 1719 5682 ὅρασιν

151 5705 307 5779 πάσῃ
329 5708 533 5778 σαρκί’
564 5709 694 5763 ἐπεὶ
724 5708 821 5763 καί
843 5709 923 5774 ὠς
949 5709 1338 5777 προλέλεκται
1375 5706 1475 5760 ὑπ’
1505 5707 1714 5772 αὐτοῦ,

215 5819 258 5851 ⁸⁸
296 5819 491 5876 Matth.
548 5838 620 5887 tv,
661 5821 748 5876 10.

151 5888 192 5919 ”
217 5889 391 5947 Eccle.
426 5907 469 5957 I,
498 5890 585 5945 ιδ.
661 5895 710 5923 ⁸⁸
742 5892 845 5948 Isa.
874 5892 1113 5956 va1,24.

460 5986 733 6048 PATBOL.
779 5989 894 6050 Gn.
946 5987 1104 6050 CIV.

860 5823 907 5852 “"
945 5821 1049 5875 lsa.
1104 5824 1399 5888 “1,1,2;
1449 5821 1581 5877 Luc.
1638 5838 1707 5879 IV.
1767 5826 1855 5892 13,
1906 5828 1990 5882 19.

1189 5895 1229 5924 δι
1274 5893 1374 5951 lsa.
1406 5911 1536 5963 Lvu,
1564 5893 1655 5961 ‘20,
1687 5896 1774 5949 9.1.

1818 3690 2057 3759 futurum
2085 3691 2354 3745 exscindes
2386 3690 2429 3723 ⁸⁷
2469 3708 2482 3744 :
2513 3706 2619 3759 qua
2665 3701 2793 3745 ante
2831 3690 3022 3746 oculos
3054 3701 3272 3760 accepta
3295 3732 3310 3757 ,
3339 3703 3396 3748 et

1818 3791 2040 3838 ostenso
2075 3782 2240 3850 digno
2264 3781 2441 3837 fructu
2476 3781 2829 3851 pmnitentia,
2854 3781 2908 3837 in
2943 3789 3095 3837 tanto
3132 3783 3397 3852 temporis

1821 3875 2105 3929 intervallo
2136 3874 2309 3945 magis
2342 3873 2701 3943 juvabuutur.

1896 4148 1947 4199 4.
1990 4145 2061 4200 lis
2088 4144 2231 4200 enim
2265 4142 2357 4213 qui
2389 4150 2518 4198 sunt
2545 4142 2771 4196 omnino
2802 4141 3097 4212 desperati,
3127 4152 3183 4199 et
3220 4145 3397 4213 paeni-

1822 4241 2048 4299 tentiam
2081 4255 2188 4294 non
2221 4245 2428 4309 agunt,
2459 4244 2515 4291 et
2543 4235 2736 4305 pellem
2776 4234 3052 4306 Ethiopis
3084 4236 3399 4292 immutabi-

1823 4334 1927 4388 lem
1961 4332 2241 4403 possident
2262 4340 2317 4386 et
2343 4330 2495 4401 pardi
2522 4328 2836 4392 varietates,
2873 4329 3106 4395 dicetur,
3138 4330 3283 4400 quod
3306 4331 3397 4384 alii

1824 4428 1948 4481 licni
1990 4426 2195 4479 dictum
2236 4432 2319 4478 est
2354 4440 2367 4476 :
2407 4421 2756 4490 Nequaquam
2793 4434 2859 4474 ea:
2891 4429 2939 4474 te
2975 4420 3182 4489 fructus
3214 4423 3312 4491 ﬁat
3346 4424 3404 4477 in

1819 4528 2076 4571 aeternum
2113 4515 2178 4581 ³⁸,
2207 4524 2261 4569 ει
2293 4514 2415 4568 ideo
2442 4514 2623 4567 statim
2670 4526 2888 4582 quoque
2926 4514 3216 4567 exarescit.
3246 4514 3304 4567 ln
3334 4514 3402 4570 iis

1745 4593 1961 4663 Denim
2018 4606 2275 4675 impletur
2332 4603 2477 4674 quod
2516 4604 2584 4659 ab
2634 4603 2963 4658 Ecclesiaste
3014 4604 3220 4659 dictum
3273 4616 3397 4661 est:

1819 4700 1974 4768 Quod
2000 4714 2301 4768 perversum
2322 4706 2420 4762 est,
2455 4713 2558 4750 non
2578 4696 2768 4766 poterit
2795 4697 3067 4761 exornari,
3096 4707 3144 4750 et
3170 4698 3400 4767 defectus

1818 4793 2087 4849 numerari
2118 4807 2223 4845 non
2253 4791 2445 4860 poterit
2481 4790 2546 4844 '9.
2577 4789 2697 4844 Nisi
2729 4788 2875 4843 enim
2907 4790 3052 4858 quod
3084 4805 3399 4858 perversum

1819 4895 1902 4943 est
1925 4886 2078 4955 prius
2112 4892 2320 4938 rectum
2363 4881 2548 4946 fuerit,
2577 4882 2692 4935 ﬁeri
2721 4896 2830 4936 non
2864 4889 3041 4950 potest
3073 4890 3132 4934 ut
3155 4880 3207 4934 id
3240 4896 3402 4935 exor-

1819 4991 2013 5047 netur;
2059 4989 2116 5035 et
2151 4979 2255 5034 nisi
2305 4978 2453 5048 prior
2483 4976 2729 5032 defectus
2777 4977 3026 5046 expletus
3064 4977 3247 5040 fuerit,
3284 4978 3400 5031 ﬁeri

1816 5087 1925 5126 non
1954 5081 2129 5141 potest
2155 5078 2216 5125 ut
2246 5071 2292 5124 is
2327 5078 2665 5123 numeretur.
2696 5067 2846 5122 Unde
2876 5069 3005 5123 etin
3038 5068 3143 5120 line
3176 5069 3257 5120 eis
3278 5082 3401 5120 eve-

1819 5162 1931 5216 niet
1956 5162 2098 5231 quod
2123 5178 2153 5216 a
2196 5161 2458 5231 propheta
2489 5159 2630 5214 Isaia
2656 5160 2859 5214 dicitur
2896 5176 2910 5212 :
2952 5158 3020 5212 Et
3060 5158 3396 5219 uidebuntur,

1818 5253 2014 5322 inquit,
2052 5253 2285 5307 membra
2327 5268 2508 5305 eorum
2553 5252 2642 5322 qui
2685 5252 2997 5320 transgressi
3033 5258 3155 5301 sunt
3202 5250 3257 5302 in
3296 5267 3397 5304 me.

1837 5344 2032 5399 Vermis
2062 5347 2201 5398 enim
2232 5346 2468 5413 ipsorum
2498 5360 2601 5397 non
2638 5344 2923 5406 morietur,
2966 5351 3015 5395 et
3058 5342 3193 5411 ignis
3219 5359 3396 5395 eorum

1820 5453 1922 5491 non
1948 5440 2402 5507 exstingueturmt
2422 5447 2574 5492 erunt
2597 5438 2935 5507 inaspectum
2950 5439 3117 5491 omnis
3138 5438 3390 5491 carnis“.

1824 5531 2296 5602 Quandoquidem,
2319 5541 2450 5587 utet
2472 5534 2540 5585 ab
2562 5531 2681 5601 ipso
2700 5531 3020 5600 praedictum
3047 5541 3130 5587 est
3155 5548 3166 5583 :
3192 5530 3393 5599 In,'usti

1826 5634 2001 5680 autem
2016 5627 2166 5696 quasi
2184 5642 2327 5681 mare
2347 5626 2549 5695 fervens
2570 5626 2643 5679 sic
2663 5626 3398 5694 fluctuabant,etrequiescerc

1828 5738 1932 5777 non
1948 5730 2209 5789 poterunt.
2236 5721 2358 5776 Non
2380 5732 2455 5774 est
2476 5721 2706 5789 gaudere
2727 5721 2923 5789 impiis,
2948 5721 3074 5774 dicit
3097 5721 3238 5774 Deus
3261 5719 3327 5770 “.

2116 5825 2158 5856 ³⁷
2201 5821 2330 5876 Luc.
2400 5835 2520 5888 xm,
2575 5819 2694 5876 6—9.
2806 5819 2851 5851 ³⁸
2891 5816 3083 5872 Matth.
3152 5828 3264 5880 ut,
3317 5812 3401 5867 19.

3020 5983 3095 6042 30
