3980 6440
568 425 671 491 939

1767 427 2027 488 ΡΗΟΤΙΙ
2070 428 2573 491 ΡΑΤῘΠΑΚΟΗίΕ
2605 422 2715 493 (Π).
3722 438 3808 502 94η

559 538 619 591 οἱ
650 535 717 592 δὲ
754 535 953 589 ἄδικοι
991 536 1071 603 ὡς
1125 536 1408 592 θάλασσα
1435 534 1951 603 ἀναϐεόρασμένη,
2000 536 2154 589 οὕτω
2192 540 2820 608 κλυδωνισθήσονται,
2877 540 2975 596 καὶ
3034 544 3509 603 ἀναπαύσασθαι
3535 548 3604 603 οὐ
3632 552 3709 621 μὴ
3725 553 3809 609 δυο

561 627 887 698 νήσονται·
932 629 1032 683 καὶ
1072 630 1184 684 οὐκ
1221 629 1356 683 ἔστι
1393 630 1624 697 χαίρειν
1662 626 1789 693 τοῖς
1837 629 2149 694 ἀσεϐέσιν,
2188 630 2359 687 εἶπεν
2382 636 2599 701 ὀΘεός.

632 717 687 771 5.
726 716 797 771 iis
820 726 1003 772 autem
1033 717 1127 788 qui
1153 717 1481 771 simularunt
1515 717 1728 771 sicutet
1754 716 1922 773 David
1947 718 2014 786 δ’,
2048 720 2140 790 qui

2325 724 2386 781 ε’.
2436 728 2569 793 ’Τοῖς
2624 729 2680 785 δὲ
2731 729 3300 804 καθυποκριναμὲνοις
3346 734 3491 788 κατὰ
3518 736 3610 790 τὸν
3651 738 3815 809 ἐπιλή·

562 823 621 863 se
651 807 997 878 cpilepticum
1026 809 1286 879 ﬁngebat,
1326 822 1395 863 ne
1428 818 1756 874 moreretur,
1788 810 2041 879 quamvis
2068 825 2153 865 re-

562 916 689 957 vera
713 902 1034 971 epilcpticus
1065 916 1174 955 non
1203 910 1349 957 esset
1376 918 1389 967 ;
1423 908 1479 955 et
1508 916 1618 956 non
1643 902 1788 956 nude
1809 902 2151 973 negationem

561 994 999 1064 inscripserunt,
1048 994 1142 1049 sed
1187 994 1242 1048 in
1298 994 1485 1049 multis
1532 995 1838 1066 angustiis,
1893 1003 2152 1067 tanquam

562 1090 715 1158 pueri
745 1088 977 1144 consilio
1007 1096 1062 1143 et
1093 1086 1387 1157 prodeuntia
1427 1087 1639 1157 praediti
1673 1088 1816 1143 inter
1847 1103 2045 1158 pueros
2070 1089 2155 1144 in-

562 1184 839 1251 sipientes,
871 1183 1223 1237 inimicorum
1250 1181 1480 1238 insidias
1505 1183 1768 1239 ludilicati
1809 1196 1957 1249 sunt,
1991 1184 2074 1239 vel
2098 1193 2155 1238 ut

561 1276 653 1346 qui
692 1276 887 1330 altaria
917 1276 1299 1346 pervaserint,
1340 1275 1426 1329 vel
1458 1282 1717 1345 tanquam
1749 1276 1844 1345 qui
1869 1276 2153 1347 chirogra-

555 1370 727 1439 phum
768 1369 1037 1435 dederint,
1074 1369 1159 1423 vel
1199 1377 1259 1422 ut
1295 1368 1390 1438 qui
1421 1382 1519 1437 pro
1550 1382 1609 1422 se
1631 1367 1884 1424 ethnicos
1908 1368 2153 1423 immise-

557 1464 710 1529 rint;
739 1463 954 1517 etiamsi
984 1461 1232 1516 nonnulli
1269 1476 1460 1515 eorum
1507 1461 1601 1531 qui
1640 1462 1877 1517 confessi
1912 1471 2061 1527 sunt,
2097 1472 2154 1517 ut

557 1555 763 1621 audivi,
797 1558 1073 1626 aliquibus
1098 1571 1292 1610 eorum
1317 1556 1664 1627 ignoverunt,
1692 1557 1956 1627 quoniam
1984 1558 2154 1612 maxi-

559 1664 647 1704 ma
684 1647 849 1721 447
885 1648 1140 1704 cautione
1177 1648 1455 1713 vitarunt,
1488 1663 1558 1702 ne
1600 1648 1702 1718 ipsi
1746 1649 1862 1703 suis
1898 1650 2154 1704 manibus

560 1742 741 1814 ignem
776 1742 1038 1806 lacerent,
1074 1752 1128 1797 et
1160 1742 1440 1797 daemonas
1472 1742 1719 1813 impuros
1762 1734 2007 1799 sumrent
2041 1763 2055 1799 :
2089 1745 2153 1799 li-

558 1847 647 1889 cet
678 1850 804 1890 vero
833 1849 899 1890 ex
924 1837 1137 1906 agentis
1168 1834 1476 1905 ignorantia
1517 1849 1614 1889 eos
1651 1835 1831 1903 latuit,
1866 1838 2152 1893 semestris

560 1940 739 1984 tamen
771 1929 1104 1998 paenitentia:
1136 1943 1298 1999 paena
1330 1928 1437 1983 illis
1485 1928 1821 1999 imponetur.
1866 1929 1959 1985 Sic
2004 1930 2152 1983 enim

559 2022 663 2091 ipsi
714 2038 935 2091 quoque
987 2022 1161 2092 magis
1195 2022 1571 2091 juvabuntur,
1623 2022 1906 2093 propheta:
1944 2022 2149 2078 dictum

2256 818 2631 890 πτευσάμενον
2685 822 2850 876 Δασὶδ
2917 823 3004 877 ἵνα
3070 823 3145 895 μὴ
3196 825 3446 900 ἀποθάνῃ
3481 870 3497 894 ,
3558 828 3653 881 οὐκ
3709 830 3814 883 ὄντα

2257 909 2557 980 ἐπίληπτον
2589 926 2603 941 ⁶
2664 916 2758 967 καὶ
2822 915 2896 986 μὴ
2956 916 3179 987 γυμνῶς
3236 918 3709 991 ἀπογραψαμένοις
3758 921 3815 974 τὰ

2256 1002 2394 1075 πρὸς
2427 1005 2677 1077 ἄρνησιν,
2706 1007 2843 1062 ἀλλὰ
2872 1008 3188 1074 διαπαίξασι
3228 1011 3367 1065 κατὰ
3411 1011 3613 1083 πολλὴν
3658 1030 3812 1066 στενο-

2254 1094 2481 1163 χωρίαν,
2512 1095 2588 1159 ὡς
2617 1097 2683 1151 ἂν
2716 1097 2905 1152 παιδία
2953 1098 3275 1169 βουλευτικὰ
3323 1102 3572 1172 ἔμφρονα
3622 1104 3678 1156 ὲν
3706 1120 3813 1156 παι-

2253 1187 2385 1252 δίοις
2429 1189 2628 1258 ἄφροσι
2666 1189 2764 1255 τὰς
2806 1191 2916 1244 τῶν
2962 1192 3176 1263 ἐχθρῶν
3227 1193 3561 1260 ἐπιϐουλὰς,
3612 1197 3720 1267 ήτοι
3749 1198 3812 1260 ὡς

2254 1277 2560 1343 διελθόντας
2592 1282 2834 1352 βωμοὺς,
2892 1284 3011 1353 ἤτοι
3034 1283 3108 1346 ὼς
3134 1288 3687 1356 χειρογραφήσαντας,
3714 1289 3812 1359 ﬁsos

2254 1368 2330 1432 ὡς
2356 1370 2472 1423 ἀνθ’
2503 1372 2713 1425 ἑαυτῶν
2743 1372 3003 1442 βαλόντας
3043 1374 3310 1439 ἐθνικοὺς,
3352 1377 3401 1429 εί
3433 1377 3525 1430 καί
3552 1394 3689 1430 τισιν
3728 1379 3815 1431 αὐ-

2254 1462 2362 1516 τῶν
2392 1463 2775 1534 συνεχώρησάν
2796 1482 2939 1529 τινες
2965 1465 3072 1518 τῶν
3098 1466 3468 1539 ὁμολογητῶν,
3504 1470 3579 1534 ὠς
3608 1471 3811 1540 ήκουσα·

2254 1555 2377 1607 ἐπεὶ
2411 1555 2645 1624 μάλιστα
2673 1556 2814 1610 κατὰ
2860 1557 3060 1629 πολλὴν
3090 1560 3398 1625 εὐλάϐειαν,
3432 1560 3690 1630 ἐξέφυγον
3730 1563 3813 1614 αύ-

2254 1650 2494 1719 τόχειρες
2526 1649 2779 1716 γενέσθαι
2820 1649 2914 1704 τοῦ
2946 1651 3118 1723 πυρὸς
3158 1653 3253 1706 καὶ
3291 1655 3391 1725 τῆς
3422 1656 3817 1725 ἀναθυμιάσεως

2253 1739 2361 1792 τῶν
2394 1739 2719 1811 ἀκαθάρτων
2747 1742 3038 1813 δαιμόνων·
3069 1745 3193 1798 ἐπεὶ
3213 1746 3391 1799 τοίνυν
3419 1746 3611 1799 ἔλαθεν
3641 1746 3819 1811 αὐτοὺς

2254 1830 2411 1901 ἀνοία
2455 1830 2618 1885 τοῦτο
2651 1833 2989 1905 πράξαντας,
3020 1836 3169 1905 ὅμως
3206 1836 3475 1910 ἑξάμηνος
3508 1841 3689 1903 αὐτοῖς
3717 1844 3820 1895 ἐπι-

2255 1922 2543 1995 τεθήσεται
2572 1929 2670 1996 τῆς
2717 1930 2774 1981 ὲν
2812 1929 3072 2000 μετανοίᾳ
3127 1929 3466 2002 ἐπιστροφῆς
3492 1944 3508 1961 ⁸
3557 1932 3700 1987 οὕτω
3727 1934 3819 2004 γὰρ

2259 2017 2460 2089 μᾶλλον
2513 2020 2610 2073 καὶ
2656 2019 2811 2074 αὐτοὶ
2844 2020 3312 2093 ὠφεληθήσονται,
3362 2026 3821 2094 καταμελετῶντες

561 2116 915 2181 meditantes,
944 2123 999 2169 et
1028 2115 1271 2171 dicentes
1304 2133 1318 2170 :
1366 2114 1587 2169 Puellus
1621 2116 1828 2185 genitus
1866 2126 1944 2170 est
1983 2117 2140 2183 nobis,

2260 2112 2322 2164 τὸ
2354 2111 2696 2182 προφητικὸν
2728 2114 2893 2183 ῥητὸν
2928 2114 3022 2166 καὶ
3058 2113 3311 2182 λέγοντες
3331 2132 3344 2144 ·
3374 2116 3626 2170 Παιδίον
3673 2117 3821 2186 ἐγεν-

557 2208 702 2279 [ilius
735 2218 784 2263 et
806 2207 964 2262 datus
995 2217 1073 2261 est
1100 2208 1272 2273 nobis,
1308 2209 1464 2278 cujus
1502 2208 1835 2277 principatus
1859 2217 1936 2262 est
1961 2208 2016 2262 in
2047 2210 2147 2263 Iru-

556 2318 702 2357 mero
735 2317 848 2367 suo,
873 2312 920 2355 ct
954 2311 1175 2357 vocatur
1207 2318 1395 2355 nomen
1418 2300 1555 2372 ejus,
1590 2301 1769 2372 magni
1801 2301 2009 2355 consilii
2039 2303 2148 2356 An-

556 2395 701 2466 gelus
737 2394 807 2449 ⁸³.
839 2393 979 2460 Qui,
1023 2402 1083 2449 ut
1112 2394 1264 2450 scitis
1286 2436 1300 2460 ,
1335 2395 1389 2448 in
1432 2402 1585 2449 sexto
1622 2408 1810 2449 mense
1840 2394 2151 2463 conceptio-

556 2484 677 2550 nis,
719 2500 846 2539 cum
880 2484 1024 2539 alius
1076 2483 1256 2539 infans
1304 2484 1659 2554 prredicasset
1696 2492 1819 2537 ante
1866 2483 2148 2537 adventum

554 2577 666 2646 ejus
695 2578 1056 2647 paenitentiam
1084 2578 1137 2631 in
1170 2578 1529 2631 remissionem
1554 2585 1891 2645 peccatorum
1918 2576 1985 2643 “,
2012 2590 2148 2631 con-

554 2674 745 2736 ceptus
777 2675 861 2721 est
902 2675 958 2720 et
1002 2666 1115 2736 ipse
1167 2665 1232 2719 ad
1287 2664 1691 2735 praedicandam
1746 2666 2145 2735 paenitentiam.

554 2758 767 2814 Etenim
816 2768 1081 2828 utrosque
1130 2758 1387 2814 audimus
1436 2758 1492 2813 in
1549 2758 1742 2829 primis
1792 2758 2149 2827 praedicantes

556 2866 663 2906 non
691 2852 868 2906 solum
891 2851 957 2906 de
986 2850 1331 2921 poenitentia,
1363 2850 1458 2906 sed
1478 2858 1533 2905 et
1555 2849 1623 2905 de
1651 2865 1820 2920 regno
1844 2850 2105 2906 cmlorum
2130 2866 2146 2906 :

551 2946 696 3013 quod
721 2945 965 3015 quidem,
999 2952 1059 2998 ut
1096 2943 1389 3000 didicimus
1421 2960 1435 2995 :
1473 2944 1615 2997 intra
1648 2959 1743 2996 nos
1782 2954 1859 2997 est
1884 2944 1952 3011 “,
1992 2945 2138 3014 quod

550 3053 712 3107 prope
750 3053 845 3091 nos
884 3038 953 3092 sit
985 3037 1197 3091 verbum
1240 3037 1387 3106 quod
1428 3035 1705 3092 credimus
1753 3037 1805 3089 in
1843 3052 1930 3090 ore
1968 3047 2147 3090 nostro

548 3140 605 3185 et
642 3131 807 3186 corde
830 3140 1040 3194 nostro,
1067 3130 1213 3201 quod
1244 3128 1404 3185 Jesus
1430 3139 1514 3185 est
1535 3130 1790 3185 Christus
1828 3147 1841 3183 :
1881 3130 2145 3185 credentes

548 3225 605 3275 in
639 3223 793 3277 corde
827 3231 1029 3284 nostro,
1064 3221 1202 3291 quod
1230 3219 1371 3275 Deus
1398 3222 1571 3291 ipsum
1605 3223 1879 3276 suscitavit
1918 3238 1983 3276 ex
2005 3239 2146 3276 mor-

552 3317 658 3370 tuis
692 3330 711 3370 :
746 3326 803 3370 ut
834 3317 927 3385 qui
964 3314 1193 3370 audiant
1226 3315 1370 3385 quod
1394 3316 1549 3369 corde
1571 3315 1781 3386 quidem
1817 3316 2051 3369 creditur
2072 3316 2141 3369 ad

536 3408 833 3484 justitiam,
865 3423 954 3461 ore
976 3415 1150 3460 autem
1174 3407 1435 3475 confessio
1466 3408 1526 3475 ﬁt
1556 3407 1625 3460 ad
1649 3406 1877 3460 salutem
1910 3408 1975 3460 “.

2255 2201 2411 2271 νήθη
2452 2202 2618 2273 ἡμῖν,
2661 2203 2792 2270 υἱὸς
2827 2204 2925 2259 καὶ
2956 2205 3135 2273 ἐδόθη
3179 2205 3346 2275 ἡμῖν,
3378 2203 3450 2263 οὗ
3483 2209 3524 2277 ἡ
3553 2207 3708 2278 ἀρχὴ
3736 2210 3819 2263 ἐπὶ

2257 2292 2364 2347 τοῦ
2403 2293 2566 2363 ὤμου
2605 2293 2815 2359 αὑτοῦ,
2855 2295 2953 2349 καί
3000 2295 3270 2349 καλεῖται
3304 2296 3372 2349 τὸ
3419 2296 3608 2367 ὄνομα
3630 2298 3818 2361 αὑτοῦ,

2247 2386 2768 2458 μεγαληςβουλῆς
2785 2390 3081 2459 Ἄγγελος*
3095 2390 3252 2460 ὅπερ,
3272 2390 3344 2450 ὡς
3372 2389 3509 2455 ῐστε,
3526 2393 3584 2443 ὲν
3598 2391 3678 2463 τῷ
3696 2393 3820 2461 {una

2260 2481 2390 2551 μηνὶ
2409 2480 2509 2550 τῆς
2549 2480 2864 2550 συλλήψεως
2891 2481 2985 2534 τοῦ
3016 2482 3204 2553 ἐτέρου
3240 2482 3468 2548 παιδίου,
3504 2483 3599 2537 τοῦ
3638 2503 3821 2555 προκη-

2259 2571 2517 2641 ρύξαντος
2542 2572 2649 2643 πρὸ
2678 2572 2973 2646 προσώπου
3002 2575 3104 2645 τῆς
3128 2575 3334 2629 εἰσόδου
3363 2575 3529 2630 αὐτοῦ
3550 2578 3820 2648 μετάνοιαν

2255 2667 2335 2728 είς
2378 2664 2573 2735 ἄφεσιν
2610 2666 2917 2737 ἁμαρτιῶν,
2950 2666 3259 2739 συνελήφθη
3289 2669 3383 2722 καὶ
3426 2669 3559 2722 αὐτὸ
3602 2672 3819 2741 κηρύξαι

2257 2756 2576 2825 μετάνοιανο
2619 2756 2716 2810 καὶ
2757 2758 2866 2829 γάρ
2903 2760 2998 2811 καὶ
3042 2759 3153 2811 τῶν
3200 2760 3527 2829 ἀμφοτέρων
3565 2762 3818 2831 ἀκούομεν

2253 2849 2312 2900 ὲν
2361 2848 2600 2919 πρώτοις
2628 2850 3013 2919 κηρυσσόντων
3043 2853 3104 2903 ού
3156 2852 3315 2921 μόνον
3359 2854 3489 2923 περὶ
3522 2854 3817 2923 μετανοίας,

2251 2940 2388 3001 ἀλλὰ
2420 2934 2517 2995 καὶ
2545 2942 2673 3013 περὶ
2705 2942 2983 3012 βασιλείας
3010 2944 3257 3014 οὐρανῶν
3289 2960 3303 2973 ·
3345 2945 3487 3015 ἥτις,
3520 2947 3702 3010 καθὼς
3734 2964 3819 3017 με·

2254 3034 2606 3106 μαθήκαμεν,
2636 3036 2789 3099 ἐντὸς
2817 3036 2973 3107 ήμῶν
3004 3038 3143 3102 ἐστι,
3172 3036 3249 3108 τῷ
3280 3038 3446 3107 ἐγγὺς
3487 3038 3647 3109 ήμῶν
3693 3035 3821 3092 εἶναι

2248 3126 2309 3179 τὸ
2332 3126 2484 3198 ῥῆμα
2508 3126 2536 3179 ὃ
2571 3127 2897 3198 πιστεύομεν
2928 3129 2987 3180 ὲν
3020 3126 3098 3198 τῷ
3130 3129 3356 3200 στόματι
3390 3132 3623 3197 ἑαυτῶν,
3654 3133 3750 3185 καὶ
3776 3135 3823 3185 ἐν

2248 3221 2313 3291 τῇ
2340 3218 2536 3292 καρδίᾳ
2566 3220 2776 3273 ἑαυτῶν
2795 3238 2810 3254 ο
2831 3222 2960 3291 περὶ¹
2983 3218 3051 3293 ἦς
3078 3224 3174 3275 καλ⁵
3197 3224 3348 3276 αὐτοὶ
3368 3224 3819 3295 ὑπομνησθέντες,

2251 3314 2587 3386 μαθήσονται
2641 3314 2923 3383 ὁμολογεῖν
2978 3318 3035 3369 ὲν
3085 3315 3164 3384 τῷ
3217 3316 3445 3387 στόματι
3491 3319 3727 3382 ἑαυτῶν,
3754 3320 3822 3371 ὅτι

2248 3404 2455 3476 Κύριος
2498 3405 2704 3476 Ἰησοῦς
2728 3422 2741 3437 ·
2775 3405 3123 3470 πιστεύοντες
3166 3408 3224 3460 ἐν
3262 3411 3330 3478 τῇ
3358 3408 3559 3480 καρδία
3604 3410 3819 3471 ἑαυτῶν,

546 3511 627 3563 δτι
664 3502 692 3553 ὁ
726 3501 856 3565 Θεὸς
900 3500 1061 3554 αὐτὸν
1091 3500 1314 3571 ήγειρεν
1363 3501 1429 3553 ὲκ
1469 3499 1719 3570 νεκρῶν·
1788 3500 1884 3554 ἅτε
1939 3500 2004 3571 δὴ
2035 3497 2360 3565 ἀκούοντες,
2422 3499 2504 3552 ὅτι
2573 3499 2772 3571 καρδίᾳ
2849 3498 2949 3570 μὲν
3000 3498 3285 3552 πιστεύετε
3330 3500 3412 3564 είς
3463 3502 3819 3573 δικαιοσύνην,

549 3594 779 3665 στόματι
808 3594 866 3647 δὲ
898 3593 1212 3664 ὁμολογεῖτε
1249 3592 1328 3657 εις
1354 3593 1654 3665 σωτηρίαν.

618 3687 670 3740 6.
710 3686 751 3740 Ii
778 3695 962 3741 autem
995 3686 1084 3755 qui
1122 3700 1308 3742 servos
1336 3684 1679 3741 Christianos
1706 3699 1805 3757 pro
1834 3700 1893 3742 se
1926 3685 2136 3742 subrui-

2314 3683 2387 3748 ς’.
2451 3672 2577 3749 Τοῖς
2638 3683 2695 3736 δὲ
2758 3682 2979 3747 δούλους
3048 3684 3408 3756 Χριστιανοὺς
3472 3686 3592 3741 ἀνθ’
3630 3688 3820 3742 ἑαυτῶν

547 3786 762 3844 serunt,
795 3778 937 3833 servi
980 3779 1225 3848 quidem,
1260 3786 1322 3831 ut
1344 3777 1437 3847 qui
1465 3777 1567 3847 ipsi
1597 3777 1702 3832 sub
1730 3794 1896 3831 manu
1928 3785 2133 3843 essent,

544 3879 601 3925 et
631 3868 1036 3941 quodaminodo
1054 3869 1157 3939 ipsi
1183 3885 1404 3940 quoque
1427 3869 1479 3923 in
1505 3870 1854 3925 dominorum
1882 3871 2131 3925 custodia

543 3972 751 4027 essent,
785 3963 1060 4032 minisque
1094 3963 1161 4017 ab
1195 3963 1330 4030 ipsis
1354 3962 1558 4029 territi,
1592 3974 1648 4018 et
1684 3972 1903 4033 proluer
1940 3977 2131 4017 eorum

545 4067 750 4110 metum
772 4069 838 4109 eo
861 4054 1130 4124 compulsi
1162 4054 1395 4125 etlapsi,
1426 4070 1572 4110 anno
1602 4070 1765 4124 opera
1798 4055 2133 4125 paenitentia:

540 4147 854 4213 ostendent,
897 4156 951 4202 et
991 4146 1247 4216 deinceps
1291 4146 1599 4212 discentes,
1635 4156 1695 4200 ut
1732 4148 1873 4200 servi
1906 4143 2130 4211 Christi,

542 4241 724 4297 facere
755 4241 961 4297 Christi
994 4240 1327 4294 voluntatem
1362 4249 1416 4294 ct
1462 4255 1586 4295 eum
1624 4239 1816 4295 timere
1848 4253 1864 4293 :
1896 4239 2130 4293 audien-

539 4343 628 4389 tes
659 4332 915 4397 maxime,
949 4332 1093 4402 quod
1122 4331 1504 4401 unusquisque,
1538 4332 1585 4384 si
1607 4332 1733 4401 quid
1763 4331 1881 4385 boni
1923 4331 2124 4399 fecerit,

541 4427 637 4481 hoc
664 4426 791 4496 feret
819 4442 850 4479 a
870 4423 1119 4491 Domino,
1149 4426 1257 4478 sive
1285 4440 1464 4478 servus
1505 4424 1611 4477 sive
1634 4423 1768 4477 liber
1791 4424 1862 4476 sit
1894 4422 1959 4477 ⁵⁷.

612 4708 781 4781 M8
816 4707 870 4762 7.
913 4706 1093 4763 Liberi
1126 4716 1306 4762 autem
1352 4705 1531 4762 tribus
1559 4706 1719 4762 annis
1768 4706 1820 4761 in
1853 4706 2125 4778 paeniten-

538 4804 612 4858 tia
643 4800 1126 4865 examinabuntur,
1168 4810 1279 4854 tum
1306 4799 1453 4869 quod
1484 4799 1976 4863 dissimulaverint,
2009 4808 2123 4853 tum

534 4898 683 4968 quod
732 4896 1014 4953 eﬂ'ecerint
1061 4905 1119 4949 ut
1165 4894 1415 4950 conservi
1470 4895 1874 4958 sacriﬁcarent,
1925 4904 1986 4950 ut
2032 4895 2125 4964 qui

533 4987 799 5057 Apostolo
838 5003 943 5041 non
1004 4985 1332 5051 ohedierint,
1364 4986 1458 5054 qui
1516 4985 1631 5040 vult
1672 4987 1911 5040 dominos
1942 4986 2126 5041 eadem

2246 3775 2675 3846 ὑποδεδληκόσιν
2706 3817 2723 3845 ,
2783 3779 2830 3829 οἱ
2900 3778 2998 3846 μὲν
3040 3776 3217 3831 δοῦλοι
3270 3777 3347 3842 ὡς
3405 3778 3473 3832 ἂν
3532 3780 3821 3853 ὑποχείριοι

2243 3871 2415 3937 ὄντες,
2449 3871 2544 3924 καὶ
2569 3870 2771 3942 τρόπον
2804 3872 2924 3925 τινὰ
2962 3871 3056 3925 καὶ
3086 3872 3242 3926 αὐτοὶ
3270 3873 3706 3942 φυλακισθὲντες
3730 3876 3819 3930 ὑπὸ

2242 3965 2353 4018 τῶν
2400 3965 2699 4029 δεσποτῶν,
2746 3964 3240 4035 καταπειληθέντες
3268 3984 3328 4019 τε
3386 3968 3479 4021 ὑπ’
3502 3969 3708 4037 αὐτῶν,
3741 3971 3821 4023 καὶ

2241 4054 2330 4109 διὰ
2368 4055 2460 4108 τὸν
2499 4054 2664 4124 φόὸον
2700 4054 2879 4109 αὐτῶν
2906 4056 2985 4118 εἰς
3019 4054 3178 4109 τοῦτο
3218 4056 3544 4127 ἐληλυθότες
3582 4060 3680 4113 καὶ
3725 4060 3821 4111 dli-

2246 4147 2567 4219 σθήσαντες,
2612 4147 2672 4198 ὲν
2715 4146 2947 4216 ἐνιαυτῷ
2979 4146 3047 4199 τὰ
3084 4147 3183 4217 τῆς
3218 4152 3508 4218 μετανοίας
3556 4150 3697 4221 ἔργα
3726 4150 3822 4203 Gei-

2243 4241 2429 4307 ξουσι·
2479 4238 2843 4310 μανθάνοντες
2872 4238 2967 4291 τοῦ
3000 4238 3211 4305 λοιποῦ,
3240 4240 3313 4303 ὡς
3365 4240 3545 4295 δοῦλοι
3596 4243 3818 4314 Χριστοῦ

2243 4336 2419 4385 ποιεῖν
2464 4332 2527 4384 τὸ
2573 4331 2787 4403 θέλημα
2827 4331 2922 4386 τοῦ
2971 4332 3128 4396 Θεοῦ,
3176 4334 3271 4386 καὶ
3306 4333 3597 4403 φοϐεῖσθαι
3652 4336 3818 4389 αὐτόν’

2239 4427 2527 4490 ἀκούοντες
2558 4426 2813 4497 μάλιστα,
2847 4426 2929 4479 ὅτι
2969 4425 3199 4490 ἕκαστος
3228 4426 3322 4481 ὲάν
3361 4444 3416 4480 τι
3464 4429 3673 4502 ποιήσῃ
3698 4431 3820 4496 ἀγα-

2242 4521 2351 4586 θὸν,
2392 4520 2551 4574 τοῦτο
2592 4517 2883 4589 κομίσεται
2908 4517 3063 4590 πλρᾶ
3100 4519 3329 4590 Κυρίου,
3362 4520 3473 4574 εἴτε
3510 4521 3696 4585 δοῦλος
3722 4522 3816 4573 εἴτε

2238 4613 2424 4668 ὲλεύθε
2433 4630 2544 4685 ρος.

2305 4706 2367 4774 ζ’.
2432 4710 2497 4763 Οἱ
2558 4708 2615 4763 δὲ
2675 4708 2949 4780 ἐλεύθεροι
2983 4751 2997 4777 ,
3062 4712 3121 4765 ὲν
3181 4708 3360 4782 τρισὶν
3408 4709 3591 4763 ἐτεσιν
3641 4710 3815 4775 ἐξετα-

2238 4801 2530 4874 σθήσονται
2576 4803 2634 4854 ἐν
2668 4804 2949 4874 μετανοίᾳ,
2994 4804 3091 4856 καὶ
3154 4802 3227 4867 ὡς
3269 4804 3697 4874 ὑποκρινάμενοι
3736 4800 3817 4854 καὶ

2237 4894 2314 4959 ὡς
2370 4895 2888 4963 καταναγκάσαντες
2954 4896 3078 4959 τοὺς
3144 4895 3469 4965 ὁμοδούλους
3494 4896 3688 4948 θῦσαι·
3731 4896 3815 4947 ac:

2236 4986 2301 5059 δή
2334 4987 2785 5058 παρακούσαντες
2809 4987 2903 5039 τοῦ
2921 4986 3271 5051 Ἀποστόλου,
3311 4990 3385 5041 Τὰ
3406 4988 3564 5041 αὐτὰ
3586 4988 3815 5049 θέλοντος

532 5083 707 5152 facere
743 5097 862 5152 qua:
891 5081 1045 5144 servi,
1073 5080 1394 5133 remittentes
1422 5079 1614 5132 minas.
1653 5076 1907 5145 Scientes,
1931 5079 2129 5149 inquit,

2248 5079 2435 5134 ποιεῖν
2464 5080 2608 5145 τοὺς
2637 5079 2939 5147 δεσπότας
2968 5078 3094 5146 τοῖς
3116 5078 3383 5147 δούλοις,
3408 5081 3690 5146 ἀνιέντας
3712 5081 3813 5144 τήν

530 5176 670 5245 quod
687 5187 1077 5247 nosterquoque
1105 5183 1155 5227 et
1187 5175 1419 5243 ipsorum
1441 5173 1693 5226 Dominus
1716 5180 1793 5224 est
1825 5173 1879 5224 in
1904 5173 2126 5237 cazlis,et

530 5286 634 5325 non
649 5279 725 5324 est
748 5270 889 5332 apud
935 5286 1051 5324 eum
1084 5283 1427 5337 personarum
1472 5268 1702 5336 acceptio
1720 5264 1927 5321 “'“.Si
1960 5282 2125 5320 unum

529 5370 712 5414 autem
741 5374 932 5415 omnes
965 5358 1230 5413 habemus
1273 5358 1568 5411 Dominum
1592 5396 1606 5419 ,
1649 5356 1792 5424 apud
1836 5372 1989 5426 quem
2020 5372 2123 5410 non

530 5461 609 5508 est
635 5468 982 5522 personarum
1016 5454 1249 5521 acceptio
1288 5451 1363 5516 ";
1392 5448 1657 5519 quoniam
1690 5458 1737 5501 et
1766 5450 1968 5513 omnia,
1989 5458 2038 5501 et
2066 5450 2123 5502 in

530 5546 770 5601 omnibus
795 5557 869 5599 est
899 5545 1164 5609 Christus,
1210 5545 1266 5597 in
1304 5541 1563 5596 Barbaris
1602 5551 1652 5594 et
1678 5541 1916 5611 Scythis,
1960 5543 2123 5595 servis

527 5652 577 5695 et
602 5640 779 5694 liberis
810 5639 854 5670 ¹⁶
885 5654 897 5691 :
925 5638 1126 5693 debent
1153 5637 1505 5693 considerare
1535 5636 1680 5706 quod
1721 5635 1991 5700 fecerunt,
2025 5651 2123 5690 vo-

527 5735 702 5790 lentes
732 5748 885 5788 suam
925 5734 1165 5803 ipsorum
1193 5731 1433 5786 animam
1476 5744 1698 5786 servare
1726 5746 1739 5796 ;
1770 5728 1863 5798 qui
1895 5742 2120 5783 conser-

596 5851 642 5883 δ’
684 5850 861 5922 lReg.
900 5869 1011 5916 χιιι,
1040 5852 1123 5908 15.
1198 5853 1244 5885 ⁸⁸
1283 5850 1485 5917 lsa.ls,
1513 5852 1566 5907 6.
1646 5850 1691 5882 ⁵⁸
1737 5851 1869 5905 Luc.
1904 5865 1942 5911 ι,
1980 5848 2161 5913 76,77.
2235 5848 2317 5901 ⁸⁸1

601 5924 644 5954 ⁸³
676 5922 875 5979 Enhes.
918 5939 991 5979 vi.
1021 5928 1073 5979 9.
1187 5926 1228 5958 ¹⁸
1261 5925 1420 5979 Rern.
1487 5940 1546 5979 Il.
1590 5924 1677 5977 Η.
1758 5924 1800 5953 ιθ
1834 5922 2046 5979 Coloss.
2119 5936 2199 5979 ιιι.
2257 5920 2317 5974 il

1880 5936 2046 5976 otoss.
2119 5936 2199 5989 ιιι,
2257 5936 2346 5976 ιι.

524 5924 644 5957 δἐι»
676 5922 875 5994 Ephes.
918 5939 991 5991 vi,
1021 5928 1073 5980 9.
1187 5926 1228 5958 ¹⁸
1261 5925 1420 5979 lteri].
1487 5940 1546 5990 ιι,
1590 5924 1677 5977 Η.

2233 5171 2525 5239 ἀπειλήνο
2563 5172 2829 5239 Εὶὸότες,
2868 5174 3052 5243 φησιν,
3093 5173 3183 5225 ὅτι
3216 5172 3315 5225 καὶ
3352 5172 3520 5241 ὑμῶν·
3566 5172 3759 5227 αὐτῶν
3784 5172 3812 5223 ὁ

2235 5266 2449 5334 Κύριος
2475 5265 2545 5319 ἐν
2572 5264 2873 5334 οὐρανοῖς,
2906 5264 3005 5319 καὶ
3034 5267 3525 5333 προσωποληψία
3556 5268 3689 5333 παρ’
3712 5266 3807 5318 αὺ-

2242 5359 2323 5425 τῷ
2360 5361 2471 5413 οὐκ
2514 5357 2690 5411 ἔστιν
2715 5369 2728 5385 ·
2764 5359 2812 5410 εἰ
2851 5358 2904 5411 δὲ
2940 5357 3036 5410 ἕνα
3066 5357 3269 5429 Κύριον
3300 5357 3499 5428 ἔχομεν
3530 5359 3578 5412 οἱ
3624 5360 3809 5414 πάντες

2230 5448 2888 5521 ἀπροσωπόληπτον,ὲπεὶ
2906 5448 3011 5502 Καὶ
3032 5448 3228 5501 πάντα
3242 5451 3337 5502 καὶ
3359 5450 3431 5502 ἐν
3446 5448 3638 5504 πᾶσίν
3655 5452 3809 5503 ἐστιν

2233 5545 2265 5595 ό
2278 5543 2532 5609 Χριστὸς
2554 5540 2690 5594 erce
2708 5538 3033 5608 Βαρϐιὶροις
3046 5542 3142 5591 καὶ
3168 5539 3451 5607 Σκύθαις,
3471 5540 3713 5606 δούλοις
3724 5536 3809 5595 καὶ

2234 5634 2595 5702 ἐλευθέροις,
2650 5634 2875 5685 σκοπεῖν
2927 5630 3232 5700 ὀφείλουσιν
3285 5632 3313 5685 ὃ
3368 5634 3805 5704 κατειργάσαντο,

2231 5725 2559 5797 θελήσαντες
2603 5724 2704 5796 τὴν
2748 5723 2927 5795 ψυχήν
2959 5723 3170 5777 ἑαυτῶν
3206 5724 3379 5778 σῶσαι
3406 5741 3420 5754 °
3453 5726 3575 5789 τοὺς
3600 5725 3657 5781 δὲ
3695 5740 3805 5785 συν,

2235 5846 2432 5923 "fimo.
2462 5864 2594 5918 xvu,
2623 5847 2715 5907 2|.
2792 5849 2837 5883 ⁸⁸
2862 5849 3020 5907 Rom.
3041 5866 3097 5920 ι,
3130 5847 3279 5909 8⁸10.
3357 5851 3401 5885 ’⁸⁷
3441 5848 3614 5923 Εριιθε
3654 5864 3728 5919 τι»
3755 5847 3802 5905 δ’
