3980 6440
606 494 713 577 943

1662 560 1675 585 ,
1744 502 2006 564 ΡΗΟΤΙΙ
2045 501 2551 563 PATRIARCH/E
2580 504 2689 567 (ΖΡ.

3758 503 3864 568 944

599 628 800 683 lleatus
832 630 937 690 est,
974 635 1197 694 rogans,
1236 626 1291 676 et
1322 618 1510 674 dicens
1544 632 1558 671 :
1598 614 1841 683 Domine,
1875 632 1940 670 ne
1977 624 2186 671 statuas

2300 616 2386 670 καὶ
2414 617 2602 688 ἀχθεὶς
2632 620 2691 672 ἐν
2719 618 2796 691 τῷ
2845 617 3129 690 συνεδρίῳ,
3165 617 3609 687 λιθοδολούμενος
3652 618 3707 671 ἐν
3750 622 3865 671 ὀνά-

594 719 709 775 illis
753 718 852 773 hoc
880 725 1156 786 peccatum
1194 713 1261 768 ³⁷.
1294 710 1371 766 lta
1414 709 1651 766 Jacobns
1684 708 1957 765 secundus
1984 708 2053 763 ab
2083 706 2189 762 lle-

594 814 730 871 rode
761 809 1210 881 comprehensus,
1247 806 1425 879 gladio
1458 805 1636 877 capite
1662 812 1947 859 truncatus
1975 810 2079 859 est.
2111 802 2187 857 Ita

598 907 793 962 Petrus
830 901 1204 974 apostolorum
1254 898 1491 970 primus,
1541 911 1684 966 saepe
1730 894 2184 965 comprehensus,

596 1005 652 1052 et
702 994 968 1051 custodia:
1014 993 1282 1057 traditus,
1331 988 1736 1062 ignominiaque
1787 986 2047 1059 afl‘ectps,
2090 998 2189 1054 po-

596 1099 809 1143 stremo
842 1085 1031 1141 Romae
1065 1082 1363 1139 cruciﬁxus
1396 1091 1500 1138 est.
1549 1079 1813 1135 Similiter
1850 1087 1905 1133 et
1952 1076 2189 1148 inclytus

599 1180 826 1248 Paulus,
860 1194 1004 1249 saepe
1038 1177 1291 1244 traditus,
1325 1184 1381 1232 et
1412 1174 1480 1231 ad
1521 1182 1755 1229 mortem
1790 1186 1966 1242 usque
1997 1170 2052 1225 in
2092 1184 2189 1240 pe-

599 1271 838 1327 riculum
884 1270 1191 1334 adductus,
1242 1267 1415 1321 multa
1468 1266 1613 1320 mala
1666 1277 1993 1334 perpessus,
2029 1266 2084 1314 et
2132 1258 2189 1314 in

600 1365 791 1419 multis
838 1360 1315 1435 persecutionibus
1359 1356 1857 1425 alllictionibusque
1900 1353 2187 1426 gloriatus,

602 1456 657 1511 in
685 1454 871 1511 eadem
902 1452 1037 1507 urbe
1070 1452 1187 1522 ipse
1222 1464 1442 1520 quoque
1485 1446 1668 1520 gladio
1708 1445 1886 1517 capite
1928 1443 2191 1498 multatus

599 1557 716 1615 est;
762 1545 857 1618 qui
903 1545 957 1600 in
988 1544 1187 1614 quibus
1216 1534 1483 1613 gloriatus
1517 1548 1623 1605 est,
1658 1539 1777 1608 ipse
1807 1538 1862 1592 in
1893 1536 1977 1591 ‘iis
2021 1534 2189 1589 vitam

600 1641 751 1707 finit;
786 1648 841 1693 et
867 1638 1013 1709 quod
1046 1635 1295 1691 Damasci
1332 1634 1387 1689 in
1422 1640 1609 1704 sporta
1640 1639 1804 1686 noctu
1839 1645 1932 1700 per
1968 1641 2188 1683 murum

599 1731 877 1789 demissus
906 1739 1010 1795 est,
1040 1738 1094 1784 et
1125 1726 1312 1796 effugit
1344 1726 1463 1796 ejus
1509 1738 1707 1779 manus
1737 1722 1829 1792 qui
1875 1735 1999 1777 eum
2032 1733 2193 1774 cona-

600 1826 764 1881 batur
795 1822 1123 1893 opprimere.
1157 1818 1289 1874 Erat
1318 1818 1461 1873 enim
1497 1816 1577 1873 eis
1622 1816 1676 1869 in
1712 1814 1905 1885 primis
1934 1811 2188 1884 proposi-

2299 724 2430 778 ματι
2459 708 2697 780 Χριστοῦ
2727 708 2985 781 ἐδοξάσθη
3015 710 3349 782 παρακαλῶν
3384 711 3482 765 καὶ
3511 710 3677 778 λέγων
3700 727 3714 742 ο
3750 712 3866 765 Κύ-

2286 817 2405 870 ριε,
2428 802 2514 871 μὴ
2546 801 2788 871 στήσῃς
2819 802 3023 870 αὐτοῖς
3050 802 3166 873 τὴν
3191 804 3487 872 ἁμαρτίαν
3514 820 3530 835 ·
3554 803 3721 867 οὕτως
3761 805 3870 857 ’ἰά-

2290 894 2469 959 κωϐος
2517 894 2766 965 δεύτερος
2806 895 3132 967 συλληφθεὶς
3180 896 3284 950 ὑπὸ
3320 895 3585 966 Ἡρώδου,
3632 897 3871 966 μαχαίρᾳ

2288 988 2389 1060 τὴν
2417 988 2659 1060 κεφαλὴν
2682 989 2999 1062 ἀπετμήθη·
3029 989 3203 1055 οὕτως
3227 992 3255 1044 ὁ
3286 991 3583 1062 πρόκριτος
3610 990 3717 1044 τῶν
3748 991 3873 1043 dm-

2291 1078 2495 1134 στόλων
2542 1078 2774 1151 Πέτρος,
2821 1079 3084 1143 πολλάκις
3138 1078 3465 1150 συλληφθεὶς
3512 1082 3607 1131 καὶ
3651 1079 3887 1157 φυλακιοι

2292 1170 2440 1235 σθεὶς
2461 1171 2557 1225 καὶ
2584 1170 2931 1243 ἀτιμασθεὶς,
2958 1172 3187 1242 ὕστερον
3209 1174 3268 1224 ἐν
3308 1170 3500 1244 Ῥώμῃ
3534 1170 3867 1242 ἐσταυρὼθηυ

2290 1266 2496 1336 ὁμοίως
2523 1266 2619 1321 καὶ
2642 1267 2671 1319 ὁ
2702 1265 3027 1337 περιϐόητος
3059 1264 3271 1328 Παῦλος
3305 1264 3598 1327 πλεονάκις
3645 1264 3871 1333 παραδο-

2292 1355 2429 1423 θεὶς,
2474 1358 2569 1409 καὶ
2602 1357 2707 1421 ἕως
2746 1358 2980 1411 θανάτου
3006 1356 3384 1421 κινδυνεύσας,
3429 1354 3601 1409 πολλά
3628 1371 3688 1407 τε
3718 1355 3872 1425 ἀθλή-

2293 1460 2393 1507 σας
2436 1446 2531 1498 καί
2556 1447 2975 1516 καυχησάμενος
3001 1449 3057 1500 ἐν
3095 1447 3313 1511 πολλοῖς
3352 1448 3613 1517 διωγμοῖς
3644 1447 3742 1498 καί⁵
3767 1445 3870 1497 θεία

2290 1536 2491 1608 ψεσιν,τ
2524 1538 2581 1591 ἐν
2633 1542 2701 1609 τῇ
2757 1540 2895 1611 αὐτῇ
2940 1540 3091 1593 πόλει
3134 1541 3230 1594 καὶ
3261 1541 3425 1604 αὐτὸς
3479 1538 3730 1610 μαχαίρᾳ
3786 1538 3870 1608 τὴν

2293 1632 2538 1702 κεφαλὴν
2567 1633 2884 1705 ἀπετμήθη,
2919 1635 2981 1699 ὃς
3005 1636 3064 1688 ἐν
3096 1628 3178 1697 οἷς
3200 1634 3543 1705 ἐκαυχήσατο
3570 1633 3869 1697 κατέλεξεν,

2292 1722 2375 1777 ὅτι
2411 1723 2508 1777 καὶ
2537 1724 2596 1778 ἐν
2625 1726 2901 1796 Δαμασκῷ
2934 1727 3158 1799 σπυρίδι
3188 1726 3462 1798 ἐχαλάσθη
3506 1725 3596 1779 διά
3635 1725 3736 1779 τοῦ
3772 1726 3871 1778 τεί-

2295 1829 2429 1883 χους
2469 1814 2685 1879 νυκτὸς,
2716 1816 2808 1869 καὶ
2843 1815 3075 1885 ἐξέφυγε
3108 1817 3202 1880 τὰς
3252 1820 3440 1888 χεῖρας
3469 1816 3563 1869 τοῦ
3594 1816 3873 1885 «imoimo;

602 1927 716 1971 tum
742 1914 1137 1983 evangelizare,
1166 1921 1221 1967 et
1253 1911 1481 1966 verbum
1516 1909 1609 1963 Dei
1637 1909 1832 1963 docere
1860 1925 1874 1961 :
1906 1906 1959 1960 in
1992 1904 2187 1975 quibus

2300 1905 2460 1959 αὑτὸν
2520 1906 2747 1959 πιάσαι⁶
2796 1906 2858 1961 τὸ
2891 1907 3002 1979 γὰρ
3034 1909 3398 1979 προκείμενον
3442 1902 3509 1979 ἦν
3547 1908 3779 1984 αὐτοῖς,
3825 1910 3873 1960 ἐν

603 2007 798 2076 fratres
832 2005 1201 2073 ronﬁrmantes
1226 2012 1284 2056 ut
1314 2011 1584 2057 manerent
1611 2000 1665 2054 in
1693 2000 1797 2069 ﬁde
1821 1999 1889 2064 ³⁸,
1922 1998 2025 2052 hoc
2052 2011 2191 2067 quo-

604 2112 711 2167 que
738 2096 1015 2162 dicebant,
1048 2095 1184 2165 quod
1216 2110 1308 2163 per
1334 2092 1531 2146 multas
1564 2090 1866 2162 afﬂictione;
1897 2095 2099 2159 Oportet
2133 2087 2190 2141 in

603 2204 822 2259 regnum
853 2186 948 2241 Dei
974 2185 1197 2256 ingredi.
1228 2183 1554 2251 Quaerebam
1580 2181 1725 2238 enim
1756 2196 1865 2235 non
1910 2178 2053 2250 quod
2083 2176 2189 2233 sibi

602 2290 722 2337 erat
744 2279 897 2345 utile,
924 2276 1022 2333 sed
1045 2275 1188 2347 quod
1218 2275 1425 2340 multis,
1454 2282 1514 2329 ut
1538 2280 1911 2338 servarentur,
1934 2279 1989 2326 et
2016 2270 2186 2325 multa

605 2370 735 2441 ipsis
765 2371 949 2425 liceret
977 2367 1043 2423 ad
1091 2368 1207 2423 haec
1253 2365 1509 2421 facientia
1550 2364 1752 2429 dicere,
1784 2371 1843 2418 ut
1880 2362 2050 2417 verbo
2092 2361 2187 2417 Dei

604 2463 989 2519 convenienter
1034 2459 1278 2516 facerent
1319 2476 1333 2513 :
1370 2456 1529 2523 Nisi,
1580 2466 1640 2512 ut
1681 2455 1815 2512 dicit
1856 2454 2185 2526 Apostolus,

605 2572 698 2612 nos
727 2564 929 2627 tempus
960 2563 1237 2610 narrantes
1266 2551 1503 2621 deficeret
1532 2550 1597 2604 ”.
2099 2534 2107 2543 ’

676 2832 767 2889 10.
798 2831 953 2888 Unde
982 2845 1090 2885 non
1129 2836 1213 2884 est
1255 2841 1496 2896 aequum,
1526 2833 1589 2881 ut
1625 2823 1707 2879 vel
1741 2822 1925 2879 clerici
1958 2822 2053 2891 qui
2082 2836 2186 2877 sua

603 2936 800 2998 sponte
828 2922 1180 2994 aufugerunt,
1213 2920 1349 2990 lapsi
1401 2926 1587 2974 autem
1636 2926 1689 2972 et
1736 2915 1985 2971 reluctati
2036 2924 2187 2982 sunt,

607 3017 844 3088 amplius
878 3018 931 3070 in
963 3028 1121 3070 sacro
1171 3011 1476 3067 ministerio
1519 3016 1797 3073 maneant,
1834 3018 1893 3063 ut
1939 3008 2033 3079 qui
2082 3007 2191 3063 Do-

607 3111 739 3165 mini
764 3122 980 3181 gregem
1010 3106 1349 3177 reliquerint,
1375 3112 1429 3159 et
1457 3117 1515 3159 se
1542 3102 1691 3173 ipsos
1718 3101 2184 3172 vituperaverint:

606 3202 755 3273 quod
785 3201 968 3256 nullus
1012 3197 1139 3254 fecit
1176 3212 1241 3253 ex
1283 3195 1559 3265 apostolis.
1587 3193 1802 3248 Etenim
1829 3209 1953 3249 cum
1988 3194 2190 3250 multas

605 3295 1014 3367 persecutiones
1038 3291 1281 3357 obiisset,
1304 3298 1359 3344 et
1384 3288 1555 3344 multa
1578 3286 1950 3342 certaminum
1965 3288 2186 3357 praemia

605 3386 935 3444 ostendisset
979 3384 1172 3439 beatus
1223 3382 1504 3453 apostolus
1551 3379 1790 3444 Paulus,
1834 3380 2015 3436 sciens
2063 3394 2187 3435 esse
2218 3372 2260 3394 "

603 3480 768 3552 longe
811 3478 1009 3534 melius
1041 3476 1258 3532 dissolvi
1286 3486 1334 3531 et
1377 3491 1488 3530 esse
1520 3491 1639 3529 cum
1672 3473 1883 3529 Christo
1917 3474 1981 3539 ³⁸,
2025 3472 2189 3529 infert

603 3568 669 3631 et
692 3572 858 3628 dicit:
885 3570 954 3626 In
974 3586 1132 3625 carne
1159 3578 1337 3623 autem
1370 3584 1600 3634 manere,
1629 3566 1799 3638 magis
1832 3568 2187 3622 necessarium

602 3663 764 3737 4.51
796 3672 1009 3733 propter
1034 3678 1141 3717 vos.
1170 3660 1540 3717 Considerans
1573 3660 1717 3715 enim
1749 3674 1858 3714 non
1884 3673 2062 3723 suam,
2092 3658 2186 3713 sed

605 3755 903 3810 multorum
960 3752 1280 3819 utilitatem,
1332 3761 1394 3807 ut
1434 3762 1753 3817 serventur,
1802 3751 1978 3821 magis
2022 3764 2187 3819 quam

604 3862 763 3902 suam
806 3845 1069 3915 quietem,
1100 3843 1467 3900 necessarium
1514 3842 1871 3909 existimavit,
1902 3841 2045 3913 apud
2080 3841 2191 3896 l'ra-

607 3951 719 3997 tres
764 3956 1013 4007 manere,
1061 3946 1117 3995 et
1153 3952 1341 3993 eorum
1388 3952 1576 3993 curam
1630 3951 1837 4009 gerere.
1873 3934 1979 4002 Qui
2023 3935 2188 3990 etiam

605 4032 723 4087 vult
743 4046 867 4086 eum
889 4030 981 4101 qui
1006 4029 1181 4094 docet,
1200 4042 1321 4083 esse
1342 4028 1395 4081 in
1417 4028 1659 4082 doctrina
1680 4026 1977 4097 exemplum
1998 4026 2041 4059 ⁸¹
2064 4026 2191 4081 lide-

604 4124 771 4180 libus.
804 4122 963 4179 Unde
1004 4122 1099 4193 qui
1146 4122 1200 4176 in
1250 4134 1471 4177 carcere
1510 4120 1920 4185 contendentes,
1959 4134 1991 4175 a
2028 4119 2194 4174 mini-

605 4217 777 4272 sterio
802 4214 1147 4278 exciderunt,
1195 4221 1249 4268 et
1296 4212 1546 4267 reluctati
1592 4220 1742 4280 sunt,
1792 4227 1989 4267 sensus
2031 4212 2193 4281 plane

607 4321 734 4366 sunt
762 4317 1035 4379 expertes.
1071 4305 1358 4374 Quomodo
1382 4306 1526 4361 enim
1563 4314 1755 4377 petunt
1782 4305 1926 4376 quod
1951 4305 2189 4375 relique-

607 4412 756 4468 runt,
782 4418 907 4457 cum
941 4402 993 4455 iii
1028 4415 1092 4455 ea
1137 4408 1457 4470 tempestate
1492 4414 1613 4455 esse
1658 4406 1881 4468 possent
1925 4396 2191 4454 fratribus

607 4497 723 4553 suis
752 4496 946 4551 utiles?
979 4494 1229 4562 Quandiu
1262 4494 1446 4564 itaque
1491 4492 1633 4548 firmi
1676 4492 2007 4562 stabilesque
2036 4506 2192 4545 man-

606 4602 830 4657 s:runt,
872 4593 992 4662 ejus
1035 4590 1180 4661 quod
1231 4600 1427 4660 praeter
1470 4588 1737 4643 rationem
1787 4585 2064 4652 fecerant,
2109 4586 2191 4642 eis

2301 1996 2542 2067 πρώτοις
2573 1998 3026 2069 εὐαγγελίζεσθαι
3062 2001 3157 2054 καὶ
3178 2001 3448 2055 διδάσκειν
3478 2001 3570 2053 τὸν
3602 2001 3767 2070 λόγον
3792 2002 3872 2054 τοῦ

2301 2080 2460 2158 Θεοῦ,
2486 2092 2543 2146 ἐν
2564 2086 2646 2156 οἷς
2677 2092 3124 2164 ἐπιστηρίζοντες
3169 2093 3297 2158 τοὺς
3329 2093 3592 2164 ἀδελφοὺς
3624 2094 3873 2164 ἐμμένειν

2300 2183 2361 2238 ἐν
2388 2186 2455 2256 τῇ
2488 2184 2709 2238 πίστει·
2762 2185 3049 2239 καὶτοῦτο
3100 2185 3309 2254 ἔλεγον,
3358 2186 3442 2240 ὅτι
3486 2187 3591 2240 Διὰ
3636 2184 3875 2241 πολλῶν

2301 2275 2570 2343 θλίψεων
2619 2274 2716 2329 δεῖ
2749 2277 3049 2330 εἰσελθεῖν
3107 2278 3195 2344 εἰς
3240 2275 3354 2346 τὴν
3397 2278 3737 2342 ,βασιλειαν
3784 2277 3873 2331 τοῦ

2306 2368 2476 2422 Θεοῦ·
2508 2367 2736 2439 ἐζήτουν
2765 2370 2876 2441 γὰρ
2907 2370 2967 2423 οὐ
2993 2370 3056 2424 τὸ
3084 2371 3291 2426 ἑαυτῶν
3327 2372 3629 2443 συμφέρον,
3659 2371 3799 2426 ἀλλὰ
3824 2371 3873 2424 τὸ

2300 2457 2409 2511 τῶν
2440 2458 2653 2513 πολλῶν
2679 2460 2767 2515 ἵνα
2806 2461 3044 2517 σωθῶσιο
3082 2464 3179 2518 καὶ
3200 2457 3269 2535 ἦν
3300 2463 3471 2518 πολλὰ
3493 2464 3679 2533 λέγειν
3708 2465 3872 2527 αὐτοῖς

2300 2552 2382 2612 είς
2422 2554 2595 2607 ταῦτα
2634 2553 2772 2624 πρὸς
2803 2554 2867 2609 τὸ
2897 2556 3039 2613 κατά
3070 2556 3230 2625 λόγον
3260 2557 3547 2625 πράσσειν,
3573 2556 3645 2612 Et
3667 2557 3782 2627 μὴ,
3806 2557 3869 2620 ὡς

2301 2644 2449 2713 Λέγει
2474 2647 2502 2699 ὁ
2518 2646 2861 2713 Ἀπόστολος,
2890 2648 3175 2720 caulam)
3199 2648 3253 2704 δ’
3280 2649 3361 2707 ἂν
3386 2648 3547 2719 ἡμᾶς
3570 2649 3871 2721 (Saname-

2302 2752 2447 2803 νους
2476 2739 2511 2790 ό
2537 2738 2776 2806 χρόνος.
3196 2734 3199 2739 ί

2378 2828 2429 2885 ι’.
2488 2830 2651 2885 Ὅθεν
2708 2833 2807 2885 οὐκ
2868 2831 3015 2885 ἐστιν
3078 2832 3340 2901 εὔλογον,
3404 2833 3527 2888 οὐδὲ
3587 2837 3719 2898 τοὺς
3781 2832 3873 2887 ἀπὸ

2302 2919 2503 2992 κλήρου
2536 2921 3032 2993 αὐτομολήσαντας,
3071 2924 3498 2989 ἐκπεπτωκότας
3533 2944 3595 2980 τε
3627 2928 3725 2980 καὶ
3754 2927 3870 2980 dva-

2313 3012 2709 3077 παλαίσαντας,
2739 3013 2818 3067 ἔτι
2882 3016 2939 3067 ἐν
2990 3017 3055 3086 τῇ
3088 3014 3402 3087 λειτουργίᾳ
3457 3015 3620 3083 εἶναι,
3688 3019 3783 3073 ἅτε
3816 3016 3870 3086 δὴ

2308 3092 2746 3174 καταλείψαντας
2788 3106 2849 3159 τὸ
2878 3106 3130 3177 ποίμνιον
3162 3108 3370 3178 Κυρίου
3404 3108 3501 3162 κα)⁵
3548 3110 3872 3179 μωμησαμξ-

2304 3210 2426 3257 νους
2456 3195 2706 3260 ἑαυτοὺς,
2737 3196 2875 3267 ὅπερ
2905 3196 3081 3261 οὐδεὶς
3109 3195 3219 3250 τῶν
3253 3197 3570 3252 ἀποστόλων
3597 3198 3868 3268 πεποίηκε·

2303 3288 2399 3342 καὶ
2456 3288 2565 3359 γὰρ
2619 3290 2649 3342 ὁ
2694 3288 2925 3353 πολλοὺς
2969 3289 3244 3360 διωγμοὺς
3302 3290 3661 3362 ἐξαντλῆσας,
3719 3290 3869 3343 πολλά

2300 3400 2361 3435 τε
2418 3380 2559 3438 ἆθλα
2603 3383 3006 3455 ἀγωνισμάτων
3054 3383 3428 3454 ἐνδειξάμενος
3458 3422 3475 3449 ,
3530 3385 3559 3437 ὁ
3620 3385 3867 3455 μακάριος

2303 3477 2536 3543 Παῦλος,
2557 3478 2815 3547 ἐγνωκὼς
2839 3480 2923 3534 ὅτι
2951 3478 3171 3533 κάλλιόν
3202 3480 3349 3531 ἐστιν
3379 3478 3647 3532 ἀναλῦσαι
3670 3480 3762 3533 καὶ
3787 3479 3867 3531 σὺν

2302 3571 2527 3643 Χριστῷ
2560 3567 2722 3637 εῖναι,
2753 3571 3007 3643 ἐπιφέρει
3033 3574 3123 3625 καὶ
3152 3571 3302 3640 λέγει
3330 3589 3344 3602 ·
3384 3572 3452 3626 Τὸ
3482 3571 3551 3624 δὲ
3590 3571 3863 3640 ἐπιμεῖναι

2302 3660 2378 3731 τῇ
2406 3661 2607 3731 σαρκί,
2630 3661 3098 3732 ἀναγκαιότερον
3120 3663 3193 3717 δι’
3216 3661 3374 3733 ὑμᾶς
3402 3678 3417 3690 ·
3438 3664 3669 3719 σκοπῶν
3693 3665 3795 3733 γὰρ
3817 3664 3862 3715 οὖ

2302 3755 2364 3809 τὸ
2392 3754 2590 3809 ἐαυτοῦ
2624 3756 2925 3828 συμφέρον,
2960 3756 3097 3812 ἀλλὰ
3130 3759 3191 3811 τὸ
3222 3757 3334 3810 τῶν
3386 3756 3597 3811 πολλῶν
3622 3757 3732 3826 ,ἶνα
3780 3773 3863 3807 σω-

2302 3849 2493 3915 θῶσιν,
2521 3850 2955 3923 ἀναγκαιότερον
2981 3851 3083 3922 τῆς
3104 3849 3302 3905 ἑαυτοῦ
3351 3848 3714 3914 ἀναπαύσεως
3745 3848 3864 3919 ἡγή-

2304 3959 2437 3998 σατο
2480 3943 2543 3998 τὸ
2580 3943 2924 4015 παραμένειν
2958 3945 3071 4008 τοῖς
3101 3942 3353 4011 ἀδελφοῖς
3380 3944 3478 3997 καὶ
3507 3943 3863 4013 ἐπιμελεῖσθαι

2304 4036 2503 4090 αὐτῶν
2533 4035 2593 4100 ὃς
2619 4036 2717 4091 καλ⁸
2744 4038 2837 4091 τὸν
2868 4035 3189 4090 διδάσκοντα
3219 4035 3360 4088 θέλει
3395 4032 3535 4089 εἶναι
3559 4036 3621 4088 ἐν
3648 4038 3711 4106 τῇ
3740 4033 3862 4088 διδα-

2305 4129 2504 4200 σκαλίᾳ
2534 4128 2705 4183 τύπον
2756 4129 3044 4199 γινόμενον
3070 4130 3179 4183 τῶν
3210 4129 3421 4183 πιστῶν
3443 4146 3456 4158 ·
3496 4130 3622 4183 ὅθεν
3658 4117 3708 4183 οἱ
3728 4132 3782 4183 ἐν
3804 4129 3857 4195 τῇ

2302 4222 2491 4294 εἱρκτῇ
2523 4220 2985 4294 ἐπιδικαζόμενοι,
3015 4223 3116 4294 τῆς
3145 4222 3491 4293 λειτουργίας
3529 4220 3856 4278 ἐκπεπτωκόο

2303 4330 2395 4378 τες
2423 4315 2517 4369 καὶ
2548 4315 3023 4379 ἀναπαλαίσαντες
3048 4356 3064 4382 ,
3104 4316 3247 4370 πάνυ
3296 4316 3709 4387 ἀναισθητοῦσι·
3760 4313 3856 4374 πῶς

2304 4407 2413 4478 γὰρ
2440 4406 2687 4461 αίτοῦσιν
2710 4407 2739 4461 ὅ
2775 4408 3129 4478 κατέλειψαν,
3173 4409 3464 4479 δυνάμενοι
3495 4412 3606 4473 τοῖς
3637 4408 3854 4476 ἀδελφοῖς

2304 4498 2597 4570 εὔχρηστοι
2650 4495 2789 4554 εἶναι
2847 4501 2904 4553 ἐν
2951 4500 3128 4571 καιρῷ
3182 4500 3448 4572 τοιούτῳ;
3503 4501 3606 4565 ἓως
3642 4501 3734 4571 μὲν
3778 4494 3852 4550 οὖν

2302 4589 2590 4644 ἄπταιστοι
2620 4585 2782 4661 ἦσαν,
2807 4590 3137 4662 συγγνώμην
3155 4588 3321 4662 εἶχον.
3340 4593 3434 4645 ἐπὶ
3465 4594 3531 4663 τῇ
3562 4591 3698 4662 παρά
3722 4589 3853 4655 λόγον

607 4687 763 4741 venia
808 4684 1060 4740 dabatur.
1116 4683 1347 4750 Quando
1391 4689 1575 4737 autem
1621 4679 1758 4750 lapsi
1806 4688 1956 4743 sunt,
1990 4688 2052 4734 ut
2094 4677 2187 4749 qui

2303 4685 2485 4738 αὐτῶν
2514 4683 2732 4756 πράξει·
2764 4685 2854 4738 ὅτε
2883 4685 2940 4739 δέ
2970 4683 3262 4750 ἔπταισαν,
3292 4685 3369 4749 ὡς
3407 4686 3475 4739 ἂν
3508 4682 3850 4757 περπερευεάο

608 4793 890 4849 perperam
920 4792 980 4833 se
1008 4783 1293 4846 gesserunt
1325 4782 1380 4829 et
1424 4789 1483 4829 se
1527 4773 1677 4843 ipsos
1721 4773 2186 4842 vituperaverunt,

606 4888 714 4929 non
750 4879 980 4941 possunt
1002 4869 1235 4939 amplius
1260 4881 1415 4922 sacra
1439 4866 1741 4921 ministeria
1767 4866 1941 4921 obire.
1975 4863 2041 4918 Et
2070 4864 2192 4920 ideo

606 4968 780 5037 magis
808 4980 994 5020 curam
1027 4969 1238 5032 gerant,
1269 4959 1545 5029 quomodo
1582 4960 1638 5012 in
1673 4957 1981 5013 humilitate
2022 4957 2191 5011 vitam

604 5065 869 5131 peragant
902 5072 932 5111 a
961 5070 1101 5110 vana
1144 5052 1318 5123 gloria
1364 5061 1665 5107 cessantes.
1696 5048 1789 5105 Eis
1816 5050 1963 5105 enim
1998 5047 2195 5104 sullicit

602 5146 944 5212 communio,
989 5159 1114 5213 quae
1162 5142 1447 5209 diligenter
1490 5150 1545 5196 et
1586 5152 1841 5196 accurate
1881 5140 1939 5195 lit
1980 5140 2196 5194 duabus

602 5240 670 5296 de
699 5238 905 5305 causis,
957 5248 1071 5291 tum
1120 5249 1189 5289 ne
1232 5232 1521 5287 videantur
1570 5233 1818 5286 molestia
1867 5232 2026 5296 allici,
2069 5232 2196 5285 hinc

604 5334 1027 5389 dissolutionem
1060 5331 1110 5385 vi
1156 5328 1480 5399 arripientes
1517 5343 1529 5380 :
1563 5334 1678 5381 tum
1724 5342 1791 5381 ne
1836 5326 1971 5395 lapsi
2021 5324 2191 5394 aliqui

605 5436 903 5484 causentur
927 5442 986 5482 se
1011 5436 1232 5496 propter
1250 5438 1422 5494 pinna:
1440 5424 1785 5479 occasionem
1813 5419 1982 5475 fuisse
2000 5422 2195 5477 remis-

607 5536 702 5577 sos
749 5536 762 5574 :
813 5520 902 5590 qui
950 5520 1173 5589 quidem
1229 5519 1520 5589 plusquam
1578 5530 1772 5569 omnes
1828 5514 2086 5583 probrum
2141 5523 2196 5568 et

606 5609 962 5682 ignominiam
998 5610 1273 5665 habebunt
1306 5627 1319 5664 :
1358 5609 1503 5663 sicut
1532 5605 1621 5661 ille
1650 5604 1743 5674 qui
1779 5604 2191 5659 fundamentum

608 5703 810 5775 posuit,
856 5710 912 5757 et
962 5719 1069 5757 non
1116 5702 1290 5769 potuit
1338 5699 1600 5773 perlicere
1641 5718 1655 5755 :
1700 5697 1963 5768 Incipient
2009 5697 2188 5762 enim,

607 5796 814 5867 inquit,
858 5811 1034 5852 omnes
1081 5796 1170 5868 qui
1205 5792 1733 5867 prwtergredientur,
1769 5806 1887 5847 eum
1930 5789 2184 5855 illudere,

2298 4793 2473 4848 μενοι.
2520 4779 2616 4831 καὶ
2647 4778 2877 4841 ἑαυτοὺς
2930 4778 3352 4849 μωμησάμενοι,
3385 4778 3574 4832 οὐκέτι
3624 4776 3847 4830 δύνανται

2296 4868 2633 4938 λειτουργεῖν
2652 4885 2665 4899 ·
2697 4869 2777 4922 διὸ
2809 4869 3247 4939 φροντιζέτωσαν
3295 4871 3500 4940 μᾶλλον
3532 4872 3589 4923 ἐν
3630 4882 3845 4922 ταπεινο-

2301 4955 2547 5030 φροσύνῃ
2571 4957 2687 5022 πῶς
2712 4959 3053 5013 ἒκτελέσουσι
3077 4960 3415 5031 παυσάμενοι
3438 4962 3538 5032 τῆς
3560 4958 3841 5024 κενοδοξίας

2299 5049 2462 5120 ἀρκεῖ
2504 5051 2612 5123 γάρ
2662 5052 2846 5115 αὐτοῖς
2892 5054 2926 5123 ἠ
2974 5054 3230 5106 κοινωνία
3288 5053 3408 5123 μετ’
3432 5056 3717 5112 ἐπιτάσεως
3766 5047 3840 5101 καὶ

2308 5140 2599 5212 ἀκριϐείας
2625 5142 2762 5212 πρὸς
2798 5143 3086 5214 ἀμφότερα
3123 5144 3406 5215 γινομένη’
3433 5146 3526 5199 καὶ
3570 5146 3647 5198 ἵνα
3676 5142 3741 5213 μὴ
3765 5138 3834 5193 δὲ·

2306 5233 2436 5299 ξωσι
2466 5234 2756 5289 λυπεῖσθαι
2788 5238 2926 5307 μετά
2977 5236 3097 5308 βίας
3132 5239 3615 5309 περιδρασσόμενοι
3643 5237 3729 5307 τῆς
3765 5235 3834 5287 ἐν’

2300 5326 2491 5379 τεῦθεν
2550 5327 2901 5393 ἀναλύσεως,
2946 5330 3042 5383 καὶ
3094 5330 3179 5384 ῖνα
3232 5332 3307 5402 μή
3357 5348 3505 5394 τινες
3558 5326 3832 5385 ἐκπεσόντες

2299 5421 2767 5490 προψασίσωνται,
2799 5422 2875 5486 ὡς
2906 5421 2971 5476 ἂν
3003 5422 3092 5477 διὰ
3122 5425 3222 5496 τὴν
3266 5426 3523 5498 ἀφορμὴν
3567 5424 3654 5494 τῆς
3687 5423 3831 5474 ἐπιτε-

2299 5516 2428 5583 μίας
2468 5516 2895 5587 ὑπεκλελυμένοι
2914 5533 2928 5548 ο
2959 5517 3155 5582 οἵτινες
3214 5518 3375 5574 πλέον
3406 5521 3647 5574 ἁπάντων
3674 5510 3830 5579 αἰσχύ·

2296 5626 2391 5678 νην
2436 5611 2530 5662 καὶ
2572 5608 2775 5673 ὅνειδος
2833 5608 3016 5675 ἕξουσι
3065 5612 3187 5665 κατ’
3215 5613 3424 5666 ἐκεῖνον
3455 5614 3544 5666 τὸν
3590 5605 3827 5662 satiante“?!

2291 5698 2538 5768 θεμέλιον
2556 5701 2743 5773 καὶμὴ
2771 5700 3069 5773 ἰσχύσαντα
3095 5703 3693 5772 ἐκτελέσαιοἋρξονται
3717 5694 3822 5761 γὰρ.

2289 5792 2443 5863 φησὶ,
2481 5792 2705 5860 πάντες
2720 5797 2775 5849 οι
2808 5798 3358 5867 παραπορευόμενοι
3377 5792 3657 5866 ἐμπαίζειν
3687 5779 3821 5844 αὐτῷ

678 5977 721 6009 ³⁷
758 5977 879 6031 Act.
930 5992 1027 6042 vn,
1078 5974 1146 6031 59
1245 5976 1286 6007 ’ν
1333 5974 1452 6031 Aet.
1489 5987 1601 6031 xiv.
1632 5970 1721 6029 2i.
1800 5972 1846 6003 ⁸³
1881 5968 2049 6025 Hebr.
2084 5984 2163 6038 ιι,

2364 5970 2407 6003 ³ο
2438 5968 2672 6043 Philipp.
2708 5973 2873 6048 1,35,
2909 5970 3001 6028 24.
3032 6040 3043 6043 ἢ
3080 5975 3120 6007 ³¹
3158 5973 3262 6032 Tit.
3294 5989 3363 6045 ιι,
3395 5976 3447 6031 7.
