3980 6392
130 372 216 437 θέε
879 365 1280 428 SYNTAGMA
1319 366 1710 431 CANONUM.
1738 392 1808 404 -
1830 370 1978 432 TIT.
2018 370 2189 446 XIII,
2229 369 2389 435 CAP.
2426 373 2553 436 XX“.

3258 382 3371 451 946

128 489 396 553 λέγοντες.
424 475 602 544 Οὗτος
624 481 657 534 ό
676 477 988 550 ἄνθρωπος
1009 481 1286 551 θεμέλιον
1312 483 1553 544 τέθεικε,
1580 482 1671 535 καί

1782 484 2009 539 dicentes
2036 501 2055 540 :
2084 484 2189 540 Hic
2216 486 2371 542 homo
2399 488 2577 557 posuit
2602 487 3027 561 fundamentum,
3055 502 3104 548 et
3144 511 3247 553 non
3271 515 3339 569 po

126 580 218 633 οὐκ
247 577 499 643 ίσχυσεν
516 572 853 629 ἐκτελέσαι.

182 695 259 742 ια’.
321 687 383 741 Ol
449 685 556 757 γάρ
621 684 829 757 πρῶτοι
905 685 1404 759 παραπηδήσαντες
1467 688 1528 742 ὲν
1594 686 1672 759 τῷ

124 782 368 853 βράσματι
414 780 508 832 τοῦ
554 778 796 849 διωγμοῦ
829 822 845 846 ,
915 779 1280 850 περιεστῶτες
1343 780 1424 842 είς
1494 780 1555 833 τὸ
1591 779 1671 834 δι-

122 874 406 942 κιστήριον,
456 871 550 925 καὶ
615 870 946 941 θεωροῦντες
1002 872 1127 936 τοὺς
1157 872 1349 941 ἁγίους
1384 872 1671 943 μάρτυρας

123 966 417 1028 σπεύδοντας
466 965 557 1017 ἐπὶ
601 964 662 1017 τὸ
712 963 967 1036 βραϐεῖον
1003 965 1101 1037 τῆς
1149 966 1262 1020 ἄνω
1315 966 1582 1036 κλήσεως,
1612 965 1671 1017 ὲν

120 1057 247 1128 κιλῷ
293 1055 367 1127 τῷ
417 1055 562 1127 ζήλῳ
603 1055 1069 1128 προθυμούμενοι,
1107 1057 1392 1112 ἐπεδίδουν
1443 1057 1673 1120 ἑαυτοὺς

120 1151 187 1211 εἰς
202 1145 363 1208 τοῦτο,
394 1144 563 1216 πολλῇ
599 1148 665 1216 τῇ
702 1144 990 1217 παρρησίᾳ
1026 1144 1300 1216 χρώμενοι
1323 1163 1336 1177 ⁸
1367 1145 1669 1217 ἐμϐλέπον-

120 1256 195 1302 τες
222 1237 441 1308 μάλιστα
472 1239 598 1301 τοὺς
647 1238 1093 1309 ὑποσυρομένους
1142 1239 1237 1291 καὶ
1281 1237 1669 1307 ἐκπίπτοντας,

121 1332 277 1395 διὀὒς
311 1331 838 1402 ὑποθερμαινόμενοι
887 1331 1093 1388 ἔσωθεν
1146 1333 1244 1387 καὶ
1290 1333 1668 1404 ὲνηχούμενοι,

123 1424 345 1477 ἔσπευδον
383 1426 463 1487 είς
501 1423 676 1488 τοῦτο,
703 1426 791 1479 ἵνα
825 1424 900 1496 μὴ
931 1424 1061 1496 δοκῇ
1106 1424 1239 1495 παρ’
1268 1424 1447 1495 ἐαυτῷ
1483 1427 1672 1496 φρόνι-

127 1534 207 1588 μος
242 1512 370 1570 εἶναι
402 1517 490 1586 ἐφ’
514 1511 595 1581 οἷς
648 1518 791 1571 κατά
821 1518 1161 1591 πανουργίαν
1192 1517 1371 1582 ἔδοξεν
1399 1519 1588 1590 ἡττᾷν,
1623 1519 1671 1572 εί

124 1610 201 1662 καὶ
226 1608 499 1662 ἐλάνθανεν
543 1608 738 1662 ἑαυτὸν
770 1611 1069 1680 νικώμενον
1116 1608 1223 1677 ὑπὸ
1247 1609 1358 1663 τῶν
1398 1611 1668 1681 ἐγκαρτε-

127 1700 329 1771 ρούντων
359 1700 457 1765 τὰς
488 1702 600 1755 τῶν
631 1701 912 1771 ξυστήρων
950 1703 1046 1758 καὶ
1069 1702 1351 1773 μαστίγων
1381 1702 1668 1775 βασάνους,

123 1794 202 1862 τήν
224 1810 276 1846 τε
302 1792 535 1863 ὀξύτητα
569 1793 669 1864 τῆς
703 1794 999 1865 μαχαίρας,
1028 1794 1125 1848 κα)⁸
1158 1795 1259 1859 τὰς
1308 1794 1669 1865 καταφλέξεις

123 1884 199 1938 τοῦ
222 1886 399 1955 πυρὸς,
436 1886 531 1939 καὶ
562 1888 662 1950 τὰς
691 1885 800 1939 τῶν
830 1886 1041 1941 ὑδάτων
1074 1886 1539 1951 καταποντὼσεις’
1572 1889 1667 1944 καὶ

123 1983 215 2043 τοῖς
244 1980 375 2034 κατά
424 1981 609 2035 πίστιν
648 1980 988 2048 ὑπεξιοῦσιν,
1032 1982 1200 2053 εὐχὰς
1229 1983 1287 2037 δὲ
1336 1984 1430 2038 καὶ
1455 1982 1670 2054 δεήσεις

122 2070 352 2139 γίνεσθαι,
386 2072 506 2142 ἦτοι
531 2072 675 2145 ὑπὲρ
713 2074 824 2127 τῶν
857 2076 916 2129 ὲν
937 2076 1148 2146 φυλακῇ
1185 2073 1669 2147 κατατιμωρηθέν-

122 2182 209 2219 των
240 2168 327 2219 καὶ
374 2166 787 2237 προδεδομένων
834 2167 939 2221 ὑπὸ
980 2166 1140 2237 λιμοῦ
1177 2167 1274 2222 καὶ
1311 2166 1519 2238 δίψους,
1549 2167 1669 2239 ἤτοι

123 2257 237 2330 ὑπὲρ
267 2257 367 2312 τῶν
407 2257 615 2323 ἔξωθεν
640 2261 742 2332 τῆς
773 2259 1024 2330 φυλακῆς
1055 2260 1148 2314 ἐπὶ
1194 2258 1289 2313 τοῦ
1315 2257 1669 2330 δικαστηρίου

123 2351 671 2408 καταϐασανισθέντων
724 2354 813 2408 διὰ
871 2352 1154 2424 ξυστήρων
1201 2354 1296 2407 καὶ
1365 2354 1668 2425 μαστίγων,

123 2443 316 2515 ὕστερον
359 2443 415 2497 δὲ
446 2443 800 2515 ἡττηθέντων
833 2442 938 2498 ὑπὸ
967 2443 1067 2514 τῆς
1094 2441 1379 2506 ἀσθενείας
1410 2443 1511 2514 τῆς
1538 2459 1671 2512 eap-

122 2535 218 2600 κὸς,
245 2534 383 2600 ἄξιόν
409 2537 563 2591 ἐστιν
592 2535 898 2590 ὲπινεῦσαυ
931 2536 1255 2608 συμπάσχεν
1291 2537 1400 2607 γὰρ
1422 2536 1517 2589 καὶ
1543 2552 1671 2589 συν-

122 2625 275 2694 αλγεῖν
298 2630 406 2692 τοῖς
433 2628 793 2699 ὀδυρομένοις
819 2628 913 2683 καὶ
941 2630 1289 2694 στενάξουσιν
1305 2631 1448 2702 ὑπὲρ
1474 2631 1579 2684 τῶν
1612 2633 1671 2685 ὲν

120 2718 184 2788 τῷ
214 2720 370 2789 ἀγῶνι
399 2721 748 2792 ἡττηθέντων
780 2722 885 2776 ὑπὸ
927 2723 1028 2793 τῆς
1057 2723 1259 2793 πολλῆς
1290 2724 1409 2794 βίας
1438 2723 1531 2777 τοῦ
1569 2742 1671 2777 κα-

122 2815 395 2886 κομηχάνου
425 2815 703 2881 διαϐόλου,
730 2816 850 2887 ἢτοι
877 2816 1019 2887 ὑπὲρ
1047 2818 1251 2885 γονέων
1279 2816 1312 2890 ἢ
1344 2817 1591 2887 ἀδελφῶν
1631 2816 1665 2887 ἢ

121 2906 313 2972 τέκνων,
340 2908 529 2962 οὐδένα
563 2908 728 2969 ,οὐδὲν
778 2909 1151 2964 καταδλάπτει
1178 2925 1191 2939 ·
1229 2910 1389 2978 ἴσμεν
1436 2909 1546 2979 γάρ
1578 2911 1673 2963 καὶ

121 2998 175 3049 δι’
196 3001 377 3071 ἐτέρων
400 3001 609 3067 πίστιν,
637 3001 1055 3063 ἀπολαύσαντας
1084 3018 1237 3066 τινας
1270 3001 1372 3071 τῆς
1408 3001 1502 3055 τοῦ
1536 3001 1672 3055 Θεοῦ

123 3092 445 3164 ἁγαθότητος,
471 3094 569 3148 ἐπί
598 3111 658 3147 τε
687 3093 881 3163 ἀφέσει
913 3093 1221 3163 ἁμαρτιῶν,
1253 3093 1347 3146 καὶ
1372 3094 1532 3165 ὑγεία
1563 3092 1673 3148 σώ-

1776 575 1877 627 tuit
1913 575 2165 645 perﬁcere
2196 576 2263 632 ³⁸.

1846 690 1933 744 tl.
1975 689 2080 757 Qui
2128 691 2273 747 enim
2321 693 2562 762 primum
2613 695 2668 751 in
2704 698 3106 766 persecutionis
3154 700 3368 761 fervore

1772 784 2127 855 prosilierunt
2184 785 2456 855 judicium
2522 787 2983 861 circumstantes,
3042 803 3098 850 et
3143 808 3366 854 sanctos

1773 885 2043 947 martyres
2070 875 2163 948 qui
2198 876 2268 931 ad
2310 878 2555 935 brabium
2596 900 2839 953 supernae
2882 888 3176 945 uocationis
3207 891 3252 923 ³³
3285 891 3365 947 fe-

1773 968 2087 1035 stinabant,
2151 970 2513 1041 aspicientes,
2564 974 2792 1033 honesta
2837 981 3185 1039 aemulatione
3229 984 3367 1041 inci-

1773 1059 1874 1115 tati
1907 1075 1965 1115 se
1998 1060 2147 1130 ipsos
2194 1062 2262 1118 ad
2310 1062 2417 1119 hoc
2451 1066 2822 1133 tradiderunt,
2872 1086 3067 1143 magna
3116 1073 3365 1130 libertate

1772 1160 2015 1220 utentes,
2051 1156 2289 1212 maxime
2320 1158 2564 1214 videntes
2608 1175 2706 1217 eos
2741 1163 2833 1232 qui
2879 1164 3361 1232 subtrahebantur.

1772 1244 1902 1313 labi,
1936 1254 2155 1315 propter
2197 1263 2334 1318 quos
2388 1249 2619 1306 interius
2649 1251 2888 1320 excitati,
2918 1264 2972 1309 et
3003 1255 3238 1325 quodam
3266 1274 3361 1315 ve-

1771 1338 1873 1393 luti
1906 1355 2042 1395 sono
2073 1341 2292 1412 impulsi
2327 1340 2396 1397 ad
2438 1341 2822 1400 debellandum
2876 1360 2935 1401 se
2959 1347 3274 1405 efferentem
3306 1359 3362 1407 et

1773 1432 2175 1503 adversarium,
2207 1436 2275 1490 ad
2324 1434 2377 1489 id
2433 1437 2853 1506 contendebant,
2895 1437 3058 1511 452
3106 1457 3175 1497 ne
3220 1446 3365 1513 apud

1771 1541 1825 1580 se
1866 1527 2094 1596 prudens
2125 1543 2234 1582 esse
2269 1526 2315 1561 ³⁸
2361 1527 2659 1593 videretur,
2695 1530 2767 1585 ob
2798 1546 2861 1587 ea
2894 1532 2949 1588 in
3000 1535 3199 1605 quibus
3243 1538 3364 1609 ejus

1773 1621 2066 1678 calliditate
2092 1620 2382 1679 inferiores
2403 1638 2526 1681 esse
2552 1624 2650 1680 visi
2682 1633 2831 1692 sunt,
2852 1627 3064 1684 etiamsi
3095 1646 3153 1686 se
3183 1630 3369 1701 ipsum

1771 1716 1917 1771 vinci
1935 1716 2004 1771 ab
2023 1716 2115 1782 iis,
2137 1716 2234 1786 qui
2254 1718 2589 1774 scuticarum
2608 1718 3053 1793 ﬂagellorumque
3069 1732 3365 1789 tormenta.

1773 1819 1828 1864 et
1859 1808 2022 1881 gladii
2055 1810 2251 1876 aciem,
2282 1818 2337 1865 et
2385 1809 2527 1876 ignis
2560 1810 2969 1881 ustulationem,
3010 1823 3065 1869 et
3095 1830 3362 1887 aquarum

1778 1901 2156 1958 immersiones
2203 1911 2523 1959 constanter
2572 1904 2836 1970 tulerunt,
2884 1921 3009 1962 eum
3057 1907 3259 1964 latuit:
3296 1909 3367 1965 iis

1778 2010 1999 2065 quoque
2033 1996 2148 2067 qui,
2191 2007 2248 2053 ιιι
2278 2011 2344 2053 ex
2393 1998 2500 2053 ﬁde
2547 2012 2740 2068 preces
2784 2006 2839 2053 et
2882 1999 3161 2054 orationes
3209 1999 3364 2067 ﬂant,

1778 2096 2204 2157 persequuntur.
2224 2089 2307 2144 vel
2330 2104 2429 2159 pro
2451 2089 2518 2145 iis
2542 2090 2634 2159 qui
2662 2090 2715 2164 in
2739 2089 2985 2146 custodia
3016 2090 3188 2159 puniti
3212 2103 3365 2156 sunt,

1779 2189 1835 2236 et
1864 2196 1894 2235 a
1932 2180 2077 2236 fame
2119 2192 2175 2237 et
2207 2181 2296 2237 siti
2326 2182 2507 2238 traditi
2540 2190 2689 2245 sunt,
2736 2183 2819 2237 vel
2868 2198 2964 2252 pro
2997 2182 3063 2240 iis
3089 2184 3184 2253 qui
3211 2193 3366 2239 extra

1779 2272 2086 2328 custodiam
2133 2272 2358 2329 scuticis
2387 2282 2441 2328 et
2470 2272 2699 2342 ﬂagellis
2728 2273 2782 2329 in
2821 2274 3029 2344 judicio
3056 2276 3184 2330 torti
3214 2289 3363 2341 sunt,

1777 2374 1964 2433 postea
1986 2370 2162 2419 autem
2176 2380 2207 2419 a
2220 2364 2401 2419 carnis
2418 2363 2783 2420 imbecillitate
2803 2366 2933 2421 victi
2957 2365 3128 2431 luere,
3147 2382 3365 2438 asquum

1779 2463 1865 2512 est
1908 2470 2169 2511 annuere.
2199 2455 2335 2510 Cum
2368 2455 2435 2511 iis
2461 2455 2605 2510 enim
2635 2458 2727 2525 qui
2781 2457 2968 2528 lugent
3008 2467 3063 2513 et
3108 2467 3363 2522 mcerent,

1780 2560 1880 2616 pro
1908 2546 1976 2600 iis
2000 2546 2093 2615 qui
2126 2545 2180 2600 in
2212 2545 2516 2601 certamine
2538 2546 2667 2602 victi
2712 2555 2841 2602 sunt
2886 2563 2916 2603 a
2953 2552 3164 2619 magnis
3206 2550 3368 2605 mali-

1780 2635 1871 2706 gni
1899 2635 2099 2690 diaboli
2130 2635 2359 2699 viribus.
2390 2635 2507 2692 sive
2536 2650 2635 2706 pro
2682 2638 3020 2707 parentibus,
3056 2639 3140 2694 vel
3178 2638 3367 2695 fratri-

1781 2729 1905 2796 bus,
1934 2728 2018 2782 vel
2052 2727 2260 2795 liberis,
2295 2743 2405 2782 una
2449 2728 2654 2796 dolere,
2683 2741 2736 2785 et
2766 2730 2985 2785 tristitia
3020 2729 3155 2787 adici
3186 2734 3364 2788 nemi-

1782 2836 1905 2876 nem
1942 2821 2239 2891 quidquam
2271 2822 2491 2892 penitus
2522 2822 2687 2877 laedit.
2725 2821 2942 2879 Scimus
2969 2824 3114 2879 enim
3150 2835 3369 2895 propter

1784 2913 2018 2968 aliorum
2047 2913 2230 2977 tidem,
2253 2913 2518 2982 quosdam
2545 2928 2667 2969 esse
2700 2913 2793 2969 Dei
2822 2915 3118 2970 bonitatem
3150 2931 3370 2971 assecu-

1787 3014 1891 3071 tos,
1925 3012 1981 3059 et
2008 3003 2064 3058 in
2100 3014 2454 3075 peccatorum
2493 3007 2835 3073 remissione,
2869 3017 2924 3063 et
2950 3010 3196 3078 corporis
3220 3010 3370 3065 sani-

1785 3105 1914 3162 tate,
1942 3104 1996 3152 et
2025 3107 2369 3152 mortuorum
2418 3099 2840 3155 resurrectione.
2871 3099 3139 3156 Memores
3185 3102 3371 3173 itaque

125 3202 287 3254 ματος,
316 3188 407 3241 καὶ
452 3186 753 3256 ἀναστάσει
802 3186 1051 3255 νεκρῶνο
1103 3187 1443 3258 μεμνημένοι
1496 3188 1671 3241 τοίνυν

1786 3191 2084 3247 multorum
2116 3191 2365 3247 laborum
2398 3199 2454 3246 et
2487 3192 2857 3257 miseriarum,
2885 3209 3024 3262 quas
3042 3207 3140 3261 pro
3165 3193 3369 3249 Christi

122 3279 212 3331 τῶν
240 3280 438 3334 πολλῶν
467 3278 652 3335 αὐτῶν
704 3281 989 3349 καμάτων,
1024 3272 1099 3333 ὧν
1151 3281 1582 3350 προῡπήνεγκαν
1615 3283 1674 3335 ὲν

121 3371 315 3441 ὀνόματι
346 3372 609 3444 Χριστοῦ,
639 3372 861 3427 καὶτῶν
886 3372 1292 3444 τανταλισμῶν,
1311 3373 1372 3425 οὐ
1404 3373 1510 3444 μὴν
1537 3372 1675 3427 άλλά

122 3468 195 3519 καὶ
226 3468 595 3536 μεταγνόντων
629 3465 831 3532 αὐτῶν,
860 3465 956 3519 καὶ
986 3464 1411 3536 ἀποδυρομένων
1464 3465 1526 3517 τὸ
1571 3482 1673 3517 πε-

123 3561 407 3629 πραγμένον
460 3560 652 3624 αὐτοῖς
694 3559 837 3613 κατά
895 3558 1209 3631 προδοσίαν,
1244 3560 1302 3612 ὲν
1336 3557 1525 3629 ἀτονία
1578 3558 1679 3612 καὶ

122 3651 374 3722 νεκρότητι
394 3651 490 3705 τοῦ
528 3651 804 3721 σώματος,
836 3648 917 3704 ἔτι
942 3667 1006 3703 τε
1029 3650 1124 3703 καὶ
1155 3650 1675 3721 μεμαρτυρημένων

122 3741 479 3798 εὐπολιτεύτων
506 3743 817 3813 γενομένων
850 3743 908 3797 ὲν
932 3742 1009 3812 τῷ
1038 3742 1139 3813 βίῳ
1169 3742 1370 3808 αὐτῶν,
1411 3746 1672 3815 συνευχό-

124 3833 241 3902 μεθα
295 3836 386 3889 καὶ
432 3833 987 3906 συμπαρακαλοῦμεν
1033 3833 1176 3903 ὑπὲρ
1228 3834 1461 3905 ἱλασμοῦ
1492 3836 1674 3889 αὐτῶν

126 3926 239 3992 μετὰ
257 3928 358 3981 τῶν
384 3928 562 3982 ἄλλων
586 3926 960 3997 καθηκόντων,
986 3925 1075 3979 διὰ
1104 3924 1199 3979 τοῦ
1222 3926 1511 3997 γινομένου
1532 3928 1673 3997 ὑπὲρ

120 4022 253 4089 ἡμῶν
294 4024 649 4096 παρακλήτου
702 4022 843 4090 πρὸς
888 4022 984 4075 τὸν
1043 4023 1279 4094 πατέρα,
1314 4024 1671 4095 ίλασκομένου

122 4116 516 4186 ταίςάμαρτίαις
534 4115 825 4186 ἡμῶν·Καί
843 4115 953 4170 ἐάν
966 4132 1055 4182 τις
1086 4115 1216 4187 γάρ,
1237 4117 1420 4185 φησὶν,
1444 4118 1672 4187 ἁμάρτῃ

121 4211 477 4280 παράκλητον
496 4211 721 4281 ἔχομεν
736 4212 880 4280 πρὸς
900 4213 1009 4265 τὸν
1021 4208 1247 4279 πατέρα
1278 4210 1525 4279 Ἰησοῦν
1544 4213 1673 4279 Χρι-

120 4302 247 4356 στὸν
265 4303 514 4367 δίκαιον,
547 4302 645 4357 καὶ
673 4303 858 4370 αὐτὸς
890 4304 1148 4373 Ιλασμός
1172 4303 1345 4357 ἐστιν
1377 4301 1530 4370 ὑπὲρ
1557 4302 1675 4356 τῶν

120 4396 384 4465 ἁμαρτιῶν
403 4397 596 4468 ἡμῶν.

178 4509 253 4581 ιβ’.
284 4513 403 4578 Τοῖς
448 4516 563 4585 γὰρ
617 4513 860 4587 ἀργύρια
908 4513 1164 4567 δεδωκόσι
1219 4512 1352 4584 πρὸς
1387 4511 1449 4564 τὸ
1502 4512 1661 4564 ἀνεν-

1786 3283 2007 3338 nomine
2038 3283 2437 3348 sustinuerunt,
2471 3298 2598 3337 cum
2646 3282 2752 3353 ipsi
2790 3284 2951 3338 etiam
2992 3285 3368 3354 paenitentiam

1785 3377 2017 3447 egerint,
2045 3389 2100 3434 et
2126 3377 2272 3447 quod
2299 3392 2330 3432 a
2357 3392 2416 3432 se
2449 3376 2652 3433 factum
2682 3387 2768 3432 est
2800 3393 2897 3448 per
2928 3380 3285 3448 proditionem
3312 3383 3369 3437 in

1787 3468 2033 3537 corporis
2063 3468 2325 3539 languore
2352 3480 2409 3523 et
2435 3468 2853 3525 mortiticatione
2882 3469 3215 3539 deﬂeverint,
3236 3480 3290 3528 et
3309 3488 3375 3529 se

1788 3565 2048 3627 praeterea
2102 3565 2400 3623 testentur,
2454 3558 2510 3613 in
2561 3558 2668 3613 vita
2721 3573 2820 3615 sua
2868 3558 3038 3617 fuisse
3090 3577 3120 3616 a
3151 3563 3375 3619 civitate

1789 3650 2019 3713 alienos,
2058 3649 2220 3704 simul
2273 3664 2517 3713 oremus,
2568 3658 2622 3705 et
2665 3650 3004 3719 postulemus
3038 3666 3134 3720 pro
3178 3667 3368 3717 eorum

1787 3741 2231 3797 reconciliatione
2275 3757 2399 3798 cum
2436 3741 2560 3799 aliis
2602 3757 2726 3813 quae
2773 3742 2929 3800 decet
2974 3759 3070 3813 per
3098 3759 3225 3799 eum
3274 3745 3370 3815 qui

1789 3843 1871 3888 est
1903 3834 2060 3889 nobis
2090 3834 2379 3889 advocatus
2410 3835 2553 3905 apud
2583 3834 2824 3898 Patrem,
2853 3850 2911 3891 se
2941 3836 3144 3891 nostris
3177 3850 3370 3905 pecca—

1790 3924 1859 3978 tis
1884 3925 2177 3995 propitium
2207 3924 2577 3980 exhibentem.
2609 3924 2678 3978 Et
2713 3926 2760 3979 si
2786 3928 2922 3997 quis,
2960 3927 3156 3997 inquit,
3188 3944 3373 3996 pecca.

1786 4023 1940 4083 verit,
1972 4020 2219 4076 habemus
2242 4021 2557 4076 advocatum
2584 4025 2724 4091 apud
2748 4022 2969 4077 Patrem
2993 4021 3029 4075 .Ι
3034 4038 3179 4078 esum
3212 4023 3369 4078 Citri-

1788 4123 1928 4168 stum
1957 4114 2169 4183 justum
2194 4130 2214 4169 :
2242 4124 2293 4168 et
2338 4116 2384 4169 is
2426 4124 2504 4170 est
2531 4117 2843 4184 propitiatio
2881 4133 2977 4186 pro
3007 4118 3235 4187 peccatis
3279 4106 3377 4172 n04

1787 4208 1909 4261 stris
1944 4206 2009 4259 ³⁸.

1807 4509 2125 4568 12.1ἰεθηίω
2141 4511 2232 4584 qui
2261 4511 2546 4582 pecuniam
2578 4509 2865 4577 dederunt,
2895 4519 2952 4566 ut
2994 4510 3097 4582 ipsi
3128 4511 3275 4567 omni
3304 4526 3371 4568 ex

118 4606 343 4677 οχλήτους
368 4611 568 4675 αὐτοὺς
611 4610 672 4663 τὸ
714 4609 1033 4664 παντάπασι
1058 4608 1313 4677 γενέσθαι
1346 4608 1453 4660 ἀπὸ
1494 4607 1671 4677 πάσης

1783 4615 1935 4677 parte
1964 4606 2033 4662 ab
2056 4605 2205 4660 omnl
2248 4602 2456 4658 malitia
2507 4603 2890 4673 imperturbati
2925 4612 3129 4671 essent,
3162 4605 3367 4660 crimen

119 4701 308 4767 κακίας,
339 4704 439 4757 οὐκ
478 4704 631 4756 ἐστιν
676 4702 932 4772 ἔγκλημα
986 4702 1361 4772 προσαγαγεῖν
1395 4716 1407 4728 ·
1472 4698 1671 4770 ζημίαν

1782 4700 1982 4755 intendi
2013 4714 2119 4754 non
2161 4705 2361 4769 potest.
2398 4695 2666 4751 Damnum
2696 4698 2842 4753 enim
2881 4706 2936 4753 et
2975 4699 3246 4769 jacturam
3281 4716 3373 4770 pe-

119 4790 208 4860 γὰρ
238 4793 326 4846 καὶ
353 4796 633 4848 ἀπώλειαν
648 4795 952 4866 χρημάτων
975 4794 1317 4864 ὑπήνεγκαν,
1357 4793 1444 4846 ἵνα
1476 4793 1550 4864 μὴ
1578 4791 1671 4863 τὴν

1782 4793 2063 4849 cuniarum
2099 4792 2498 4853 sustinuerunt,
2548 4806 2617 4845 ne
2666 4789 2768 4862 ipsi
2813 4792 3011 4846 anima:
3040 4790 3372 4847 detrimento

119 4880 272 4955 ψυχὴν
298 4886 473 4942 αὐτῶν
497 4888 855 4959 ζημιωθῶσιν
881 4886 914 4958 ἢ
945 4886 1285 4940 ἀπολέσωσιν
1317 4902 1333 4919 ο
1361 4886 1499 4956 ὅπερ
1525 4885 1671 4939 ἄλλοι

1782 4883 2141 4950 afficerentur,
2182 4882 2264 4937 vel
2316 4883 2491 4952 ipsam
2539 4881 2705 4936 etiam
2754 4883 3065 4952 perderent,
3102 4884 3247 4953 quod
3279 4884 3372 4938 ιιιςὶ

120 4977 239 5030 κατὰ
258 4981 703 5052 αἰσχροκέρδειαν
734 4981 796 5033 οὐ
834 4980 1171 5051 πεποιήκασι
1201 4993 1215 5008 ⁸
1251 4976 1429 5033 καίτοι
1467 4995 1530 5046 γε
1583 4974 1671 5029 τοῦ

1782 4985 2003 5047 propter
2034 4985 2191 5045 turpe
2232 4974 2443 5031 lucrum
2495 4988 2601 5028 non
2649 4972 2894 5029 fecerunt
2937 4992 2950 5030 :
2983 4976 3235 5044 quamvis
3265 4975 3372 5031 Do-

121 5066 298 5139 Κυρίου
327 5073 573 5141 λέγοντος
594 5090 609 5105 ο
644 5072 710 5127 Τί
735 5072 849 5142 γὰρ
880 5072 1184 5141 ὠφελήσει
1208 5071 1541 5139 ἅνθρωπος,
1570 5068 1671 5122 ἐὰν

1787 5067 1971 5123 minus
2001 5066 2146 5122 dicat
2178 5068 2223 5101 ³³
2257 5085 2270 5121 :
2303 5065 2446 5133 Quid
2469 5067 2607 5119 enim
2638 5065 2899 5119 hominem
2921 5065 3151 5134 juvabit,
3176 5067 3222 5120 si
3256 5068 3375 5121 uni—

122 5159 209 5210 τόν
236 5165 456 5233 κόσμον
484 5164 632 5218 ὅλον
660 5165 950 5233 κερδήσῃ,
982 5164 1099 5233 τὴν
1133 5163 1202 5216 δὲ
1228 5162 1442 5233 ψυχὴν
1468 5160 1671 5217 αὑτοῦ

1784 5176 1991 5213 versum
2025 5159 2277 5212 mundum
2307 5158 2543 5211 lucratus
2570 5158 2752 5226 fuerit,
2777 5158 2970 5212 animm
3000 5168 3177 5211 autem
3206 5160 3376 5213 delri-

123 5247 344 5325 ὗυιιωθῇ
369 5257 407 5326 ἢ
438 5256 713 5324 ἀπολέσῃ
734 5272 753 5321 ;
774 5259 867 5311 καὶ
886 5259 967 5311 ὅτι
996 5261 1078 5311 Οῠ
1102 5256 1368 5311 δύνασθε
1393 5253 1513 5321 Θεῷ
1533 5254 1671 5309 60v-

1785 5262 1959 5306 mento
1988 5251 2152 5317 fuerit
2191 5250 2428 5321 aﬂ'ecius,
2460 5250 2540 5305 vel
2579 5268 2695 5305 eam
2742 5251 2903 5304 etiam
2945 5251 3278 5317 perdiderit?
3309 5250 3374 5305 Et

122 5346 303 5399 λεύειν
326 5348 422 5402 καὶ
445 5347 699 5420 μαμωνᾷ
723 5367 737 5380 ·
760 5350 1035 5419 ἐφάνησαν
1057 5349 1165 5421 γὰρ
1198 5350 1330 5421 παρ’
1370 5350 1579 5401 ἐκεῖνον
1600 5345 1671 5418 τῷ

1782 5361 1971 5401 rursus
2004 5342 2097 5398 "‘:
2133 5343 2296 5417 453
2328 5343 2451 5399 Non
2493 5346 2710 5415 potestis
2752 5342 2858 5398 Deo
2901 5343 3093 5397 servire
3122 5354 3173 5397 et
3204 5360 3374 5397 mant-

123 5435 223 5507 9Ξῴ
250 5440 588 5507 δουλεύοντες
622 5460 635 5473 °
667 5444 735 5497 τά
781 5443 890 5516 γὰρ
922 5442 1162 5515 ἀργύρια
1200 5443 1534 5515 μισήσαντες
1588 5441 1671 5494 καλ

1784 5454 1954 5492 mana:
1998 5439 2099 5492 :in
2162 5438 2267 5493 illis
2317 5439 2462 5493 enim
2518 5449 2886 5510 apparuerunt
2931 5439 3024 5509 qui
3059 5437 3169 5494 Deo
3203 5439 3375 5494 servi-

125 5536 606 5606 καταφρονήσαντες
653 5536 855 5601 αὐτῶν,
919 5535 1327 5607 ἀπεπλήρωσάν
1386 5551 1446 5587 τε
1487 5532 1582 5587 καὶ
1626 5534 1671 5597 ὲ,

1782 5542 1925 5598 rent,
1950 5532 2153 5598 exosis,
2189 5531 2544 5598 conculcatis,
2563 5532 3000 5603 contemptisque
3018 5532 3283 5601 pecuniis,
3318 5542 3374 5585 et

126 5621 273 5696 τούτῳ
284 5625 342 5679 τὸ
365 5625 1006 5699 γεγραμμένον,Λύτρον
1020 5627 1241 5697 ἀνδρὸς
1259 5624 1469 5696 ψυχῆς
1486 5623 1671 5697 όξῖδιος

1788 5619 1843 5674 in
1887 5635 1953 5676 eo
1997 5620 2409 5690 compleverunt
2453 5619 2597 5691 quod
2656 5620 2918 5691 scriptum
2968 5631 3049 5675 est
3089 5620 3372 5675 :Pretium

403 5720 411 5753 ι

182 5774 222 5849 θ’
249 5776 373 5834 Luc.
440 5796 546 5845 Xtv,
578 5784 668 5849 ‘29,
715 5785 803 5841 30.

1608 5781 1652 5814 ³⁸
1684 5779 1843 5835 Rom.
1896 5796 1999 5842 xu,
2035 5780 2122 5836 46.

132 5842 190 5875 π’
224 5848 402 5914 Matth.
432 5880 501 5931 vi,

2234 5780 2276 5810 ³⁵
2308 5778 2327 5832 1
2356 5776 2514 5834 Joan.
2567 5794 2627 5845 tt,
2664 5779 2713 5834 i.
2821 5781 2864 5813 ³⁸
2894 5780 3083 5836 Matth.
3134 5794 3240 5844 vrt,
3274 5777 3365 5832 ‘26.

908 5783 951 5815 ³³
987 5781 1220 5853 Philipp.
1278 5798 1356 5846 Ill,
1423 5783 1502 5836 14.
