  <div class='ocr_page' id='page_1' title='image "/cluster/home/n/w/nwhite01/storage/ocr_20150623/104/hvd.32044018872853/479.png"; bbox 0 0 3980 6400; ppageno 0'>
   <div class='ocr_carea' id='block_1_1' title="bbox 573 406 2171 486">
    <p class='ocr_par' dir='ltr' id='par_1_1' title="bbox 573 417 2163 486">
     <span class='ocr_line' id='line_1_1' title="bbox 573 417 2163 486; baseline -0.006 0"><span class='ocrx_word' id='word_1_1' title='bbox 573 423 675 486; x_wconf 67' lang='grc'><strong>947</strong></span> <span class='ocrx_word' id='word_1_2' title='bbox 1670 420 1929 481; x_wconf 87' lang='grc' dir='ltr'><strong>ΡΠΟΤΙῙ</strong></span> <span class='ocrx_word' id='word_1_3' title='bbox 1966 417 2163 479; x_wconf 79' lang='lat' dir='ltr'><strong>PATR</strong></span> 
     </span>
    </p>
   </div>
   <div class='ocr_carea' id='block_1_2' title="bbox 2281 406 3818 486">
    <p class='ocr_par' dir='ltr' id='par_1_2' title="bbox 2281 406 3818 477">
     <span class='ocr_line' id='line_1_2' title="bbox 2281 406 3818 477; baseline -0.005 -1"><span class='ocrx_word' id='word_1_4' title='bbox 2281 417 2474 476; x_wconf 66' lang='lat' dir='ltr'><strong>{CHE</strong></span> <span class='ocrx_word' id='word_1_5' title='bbox 2517 416 2625 477; x_wconf 84' lang='lat' dir='ltr'><strong>CP.</strong></span> <span class='ocrx_word' id='word_1_6' title='bbox 3712 406 3818 471; x_wconf 57' lang='grc'><strong>918</strong></span> 
     </span>
    </p>
   </div>
   <div class='ocr_carea' id='block_1_3' title="bbox 575 519 2171 606">
    <p class='ocr_par' dir='ltr' id='par_1_3' title="bbox 575 527 2164 606">
     <span class='ocr_line' id='line_1_3' title="bbox 575 527 2164 606; baseline -0.006 -16"><span class='ocrx_word' id='word_1_7' title='bbox 575 535 942 606; x_wconf 83' lang='lat' dir='ltr'><strong>redemptionis</strong></span> <span class='ocrx_word' id='word_1_8' title='bbox 971 535 1164 589; x_wconf 70' lang='lat' dir='ltr'><strong>animo:</strong></span> <span class='ocrx_word' id='word_1_9' title='bbox 1190 533 1437 595; x_wconf 84' lang='lat' dir='ltr'><strong>hominis,</strong></span> <span class='ocrx_word' id='word_1_10' title='bbox 1468 532 1694 602; x_wconf 79' lang='lat' dir='ltr'><strong>propria:</strong></span> <span class='ocrx_word' id='word_1_11' title='bbox 1714 532 1917 585; x_wconf 76' lang='lat' dir='ltr'><strong>divitiw</strong></span> <span class='ocrx_word' id='word_1_12' title='bbox 1950 527 2164 583; x_wconf 83' lang='lat' dir='ltr'><strong>&quot;.Nam</strong></span> 
     </span>
    </p>
   </div>
   <div class='ocr_carea' id='block_1_4' title="bbox 2281 519 3832 606">
    <p class='ocr_par' dir='ltr' id='par_1_4' title="bbox 2281 519 3832 594">
     <span class='ocr_line' id='line_1_4' title="bbox 2281 519 3832 594; baseline -0.006 -13"><span class='ocrx_word' id='word_1_13' title='bbox 2281 528 2543 593; x_wconf 73' lang='grc' dir='ltr'>πλοῦτος</span> <span class='ocrx_word' id='word_1_14' title='bbox 2566 546 2579 559; x_wconf 95' lang='grc'><strong>·</strong></span> <span class='ocrx_word' id='word_1_15' title='bbox 2620 527 2743 581; x_wconf 70' lang='grc' dir='ltr'>ἐπεὶ</span> <span class='ocrx_word' id='word_1_16' title='bbox 2770 526 2861 579; x_wconf 71' lang='grc' dir='ltr'><strong>καὶ</strong></span> <span class='ocrx_word' id='word_1_17' title='bbox 2883 526 2938 577; x_wconf 76' lang='grc' dir='ltr'>ἐν</span> <span class='ocrx_word' id='word_1_18' title='bbox 2965 525 3083 588; x_wconf 80' lang='grc' dir='ltr'>ταῖς</span> <span class='ocrx_word' id='word_1_19' title='bbox 3116 523 3363 594; x_wconf 80' lang='grc' dir='ltr'>Πράξεσι</span> <span class='ocrx_word' id='word_1_20' title='bbox 3390 520 3503 575; x_wconf 74' lang='grc' dir='ltr'><strong>τῶν</strong></span> <span class='ocrx_word' id='word_1_21' title='bbox 3524 519 3832 573; x_wconf 77' lang='grc' dir='ltr'><strong>ἀποστόλων</strong></span> 
     </span>
    </p>
   </div>
   <div class='ocr_carea' id='block_1_5' title="bbox 573 612 2171 697">
    <p class='ocr_par' dir='ltr' id='par_1_5' title="bbox 573 619 2152 697">
     <span class='ocr_line' id='line_1_5' title="bbox 573 619 2152 697; baseline -0.008 -12"><span class='ocrx_word' id='word_1_22' title='bbox 573 642 629 685; x_wconf 88' lang='lat' dir='ltr'><strong>et</strong></span> <span class='ocrx_word' id='word_1_23' title='bbox 662 630 717 685; x_wconf 93' lang='lat' dir='ltr'><strong>in</strong></span> <span class='ocrx_word' id='word_1_24' title='bbox 759 629 986 683; x_wconf 81' lang='lat' dir='ltr'><strong>Actibus</strong></span> <span class='ocrx_word' id='word_1_25' title='bbox 1013 642 1230 697; x_wconf 90' lang='lat' dir='ltr'><strong>quoque</strong></span> <span class='ocrx_word' id='word_1_26' title='bbox 1258 626 1630 697; x_wconf 76' lang='lat' dir='ltr'><strong>apostolorum</strong></span> <span class='ocrx_word' id='word_1_27' title='bbox 1661 625 1912 695; x_wconf 89' lang='lat' dir='ltr'><strong>legimus,</strong></span> <span class='ocrx_word' id='word_1_28' title='bbox 1942 637 2035 677; x_wconf 93' lang='lat' dir='ltr'><strong>eos</strong></span> <span class='ocrx_word' id='word_1_29' title='bbox 2058 619 2152 690; x_wconf 89' lang='lat' dir='ltr'><strong>qui</strong></span> 
     </span>
    </p>
   </div>
   <div class='ocr_carea' id='block_1_6' title="bbox 2281 612 3834 697">
    <p class='ocr_par' dir='ltr' id='par_1_6' title="bbox 2281 612 3834 689">
     <span class='ocr_line' id='line_1_6' title="bbox 2281 612 3834 689; baseline -0.004 -17"><span class='ocrx_word' id='word_1_30' title='bbox 2281 623 2577 689; x_wconf 74' lang='grc' dir='ltr'>ὶνέγνωμεν</span> <span class='ocrx_word' id='word_1_31' title='bbox 2610 620 2736 683; x_wconf 73' lang='grc' dir='ltr'>τοὺς</span> <span class='ocrx_word' id='word_1_32' title='bbox 2769 618 3034 688; x_wconf 77' lang='grc' dir='ltr'>συρέντας</span> <span class='ocrx_word' id='word_1_33' title='bbox 3063 617 3184 670; x_wconf 66' lang='grc' dir='ltr'>ἀντὶ</span> <span class='ocrx_word' id='word_1_34' title='bbox 3213 615 3428 669; x_wconf 81' lang='grc' dir='ltr'><strong>Παύλου</strong></span> <span class='ocrx_word' id='word_1_35' title='bbox 3488 614 3579 667; x_wconf 70' lang='grc' dir='ltr'><strong>καὶ</strong></span> <span class='ocrx_word' id='word_1_36' title='bbox 3617 612 3749 665; x_wconf 82' lang='grc' dir='ltr'>Σίλα</span> <span class='ocrx_word' id='word_1_37' title='bbox 3779 615 3834 666; x_wconf 76' lang='grc' dir='ltr'>ὲν</span> 
     </span>
    </p>
   </div>
   <div class='ocr_carea' id='block_1_7' title="bbox 575 705 2171 791">
    <p class='ocr_par' dir='ltr' id='par_1_7' title="bbox 575 714 2156 791">
     <span class='ocr_line' id='line_1_7' title="bbox 575 714 2156 791; baseline -0.006 -16"><span class='ocrx_word' id='word_1_38' title='bbox 575 736 673 791; x_wconf 93' lang='lat' dir='ltr'><strong>pro</strong></span> <span class='ocrx_word' id='word_1_39' title='bbox 706 719 876 775; x_wconf 87' lang='lat' dir='ltr'><strong>Paulo</strong></span> <span class='ocrx_word' id='word_1_40' title='bbox 913 729 966 775; x_wconf 89' lang='lat' dir='ltr'><strong>et</strong></span> <span class='ocrx_word' id='word_1_41' title='bbox 996 718 1107 773; x_wconf 88' lang='lat' dir='ltr'><strong>Sila</strong></span> <span class='ocrx_word' id='word_1_42' title='bbox 1139 717 1534 773; x_wconf 74' lang='lat' dir='ltr'><strong>Thessalonica:</strong></span> <span class='ocrx_word' id='word_1_43' title='bbox 1565 716 1630 770; x_wconf 89' lang='lat' dir='ltr'><strong>ad</strong></span> <span class='ocrx_word' id='word_1_44' title='bbox 1664 714 2009 784; x_wconf 74' lang='lat' dir='ltr'><strong>magistratus</strong></span> <span class='ocrx_word' id='word_1_45' title='bbox 2043 722 2156 767; x_wconf 82' lang='lat' dir='ltr'><strong>tra-</strong></span> 
     </span>
    </p>
   </div>
   <div class='ocr_carea' id='block_1_8' title="bbox 2281 705 3840 791">
    <p class='ocr_par' dir='ltr' id='par_1_8' title="bbox 2281 705 3840 783">
     <span class='ocr_line' id='line_1_8' title="bbox 2281 705 3840 783; baseline -0.005 -18"><span class='ocrx_word' id='word_1_46' title='bbox 2281 712 2631 783; x_wconf 66' lang='grc' dir='ltr'>ὒεσσαλονίκῃ</span> <span class='ocrx_word' id='word_1_47' title='bbox 2662 711 2752 764; x_wconf 72' lang='grc' dir='ltr'><strong>ἐπὶ</strong></span> <span class='ocrx_word' id='word_1_48' title='bbox 2781 711 2906 774; x_wconf 76' lang='grc' dir='ltr'>τοὺς</span> <span class='ocrx_word' id='word_1_49' title='bbox 2944 710 3295 780; x_wconf 83' lang='grc' dir='ltr'>πολιτάρχας,</span> <span class='ocrx_word' id='word_1_50' title='bbox 3336 706 3475 778; x_wconf 88' lang='grc' dir='ltr'><strong>μετά</strong></span> <span class='ocrx_word' id='word_1_51' title='bbox 3528 705 3840 775; x_wconf 66' lang='grc' dir='ltr'>πλησμονῆς</span> 
     </span>
    </p>
   </div>
   <div class='ocr_carea' id='block_1_9' title="bbox 578 803 2153 879">
    <p class='ocr_par' dir='ltr' id='par_1_9' title="bbox 578 803 2153 879">
     <span class='ocr_line' id='line_1_9' title="bbox 578 803 2153 879; baseline -0.005 -14"><span class='ocrx_word' id='word_1_52' title='bbox 578 813 880 879; x_wconf 89' lang='lat' dir='ltr'><strong>hebantur,</strong></span> <span class='ocrx_word' id='word_1_53' title='bbox 931 826 1055 866; x_wconf 91' lang='lat' dir='ltr'><strong>cum</strong></span> <span class='ocrx_word' id='word_1_54' title='bbox 1112 809 1297 864; x_wconf 87' lang='lat' dir='ltr'><strong>multis</strong></span> <span class='ocrx_word' id='word_1_55' title='bbox 1346 807 1595 879; x_wconf 84' lang='lat' dir='ltr'><strong>pecuniis</strong></span> <span class='ocrx_word' id='word_1_56' title='bbox 1648 804 1821 860; x_wconf 88' lang='lat' dir='ltr'><strong>fuisse</strong></span> <span class='ocrx_word' id='word_1_57' title='bbox 1873 803 2153 859; x_wconf 76' lang='lat' dir='ltr'><strong>dimissos.</strong></span> 
     </span>
    </p>
   </div>
   <div class='ocr_carea' id='block_1_10' title="bbox 577 894 2158 972">
    <p class='ocr_par' dir='ltr' id='par_1_10' title="bbox 577 894 2158 972">
     <span class='ocr_line' id='line_1_10' title="bbox 577 894 2158 972; baseline -0.006 -17"><span class='ocrx_word' id='word_1_58' title='bbox 577 902 873 972; x_wconf 76' lang='lat' dir='ltr'><strong>Postquam</strong></span> <span class='ocrx_word' id='word_1_59' title='bbox 905 901 1048 956; x_wconf 89' lang='lat' dir='ltr'><strong>enim</strong></span> <span class='ocrx_word' id='word_1_60' title='bbox 1084 900 1233 971; x_wconf 89' lang='lat' dir='ltr'><strong>ipsos</strong></span> <span class='ocrx_word' id='word_1_61' title='bbox 1259 907 1481 969; x_wconf 80' lang='lat' dir='ltr'><strong>propter</strong></span> <span class='ocrx_word' id='word_1_62' title='bbox 1512 911 1708 950; x_wconf 83' lang='lat' dir='ltr'><strong>nomen</strong></span> <span class='ocrx_word' id='word_1_63' title='bbox 1756 894 1987 947; x_wconf 91' lang='lat' dir='ltr'><strong>multum</strong></span> <span class='ocrx_word' id='word_1_64' title='bbox 2021 907 2158 947; x_wconf 89' lang='lat' dir='ltr'><strong>one-</strong></span> 
     </span>
    </p>
   </div>
   <div class='ocr_carea' id='block_1_11' title="bbox 576 988 2159 1059">
    <p class='ocr_par' dir='ltr' id='par_1_11' title="bbox 576 988 2159 1059">
     <span class='ocr_line' id='line_1_11' title="bbox 576 988 2159 1059; baseline -0.008 -10"><span class='ocrx_word' id='word_1_65' title='bbox 576 1001 823 1058; x_wconf 83' lang='lat' dir='ltr'><strong>rassent,</strong></span> <span class='ocrx_word' id='word_1_66' title='bbox 875 1002 929 1049; x_wconf 92' lang='lat' dir='ltr'><strong>et</strong></span> <span class='ocrx_word' id='word_1_67' title='bbox 976 992 1376 1047; x_wconf 76' lang='lat' dir='ltr'><strong>multitudinem</strong></span> <span class='ocrx_word' id='word_1_68' title='bbox 1429 988 1894 1059; x_wconf 79' lang='lat' dir='ltr'><strong>magistratusque</strong></span> <span class='ocrx_word' id='word_1_69' title='bbox 1943 991 2159 1054; x_wconf 88' lang='lat' dir='ltr'><strong>pertur-</strong></span> 
     </span>
    </p>
   </div>
   <div class='ocr_carea' id='block_1_12' title="bbox 578 1078 2160 1155">
    <p class='ocr_par' dir='ltr' id='par_1_12' title="bbox 578 1078 2160 1155">
     <span class='ocr_line' id='line_1_12' title="bbox 578 1078 2160 1155; baseline -0.008 -12"><span class='ocrx_word' id='word_1_70' title='bbox 578 1088 819 1153; x_wconf 81' lang='lat' dir='ltr'><strong>bassent,</strong></span> <span class='ocrx_word' id='word_1_71' title='bbox 864 1086 929 1141; x_wconf 88' lang='lat' dir='ltr'><strong>ab</strong></span> <span class='ocrx_word' id='word_1_72' title='bbox 971 1085 1189 1151; x_wconf 81' lang='lat' dir='ltr'><strong>Jasone,</strong></span> <span class='ocrx_word' id='word_1_73' title='bbox 1219 1085 1415 1155; x_wconf 85' lang='lat' dir='ltr'><strong>inquit,</strong></span> <span class='ocrx_word' id='word_1_74' title='bbox 1445 1092 1492 1137; x_wconf 86' lang='lat' dir='ltr'><strong>et</strong></span> <span class='ocrx_word' id='word_1_75' title='bbox 1543 1081 1757 1151; x_wconf 82' lang='lat' dir='ltr'><strong>reliquis</strong></span> <span class='ocrx_word' id='word_1_76' title='bbox 1791 1078 2160 1147; x_wconf 78' lang='lat' dir='ltr'><strong>satisfactione</strong></span> 
     </span>
    </p>
   </div>
   <div class='ocr_carea' id='block_1_13' title="bbox 579 1168 2162 1250">
    <p class='ocr_par' dir='ltr' id='par_1_13' title="bbox 579 1168 2162 1250">
     <span class='ocr_line' id='line_1_13' title="bbox 579 1168 2162 1250; baseline -0.009 -15"><span class='ocrx_word' id='word_1_77' title='bbox 579 1189 812 1250; x_wconf 87' lang='lat' dir='ltr'><strong>accepta,</strong></span> <span class='ocrx_word' id='word_1_78' title='bbox 842 1196 926 1233; x_wconf 88' lang='lat' dir='ltr'><strong>eos</strong></span> <span class='ocrx_word' id='word_1_79' title='bbox 970 1179 1302 1232; x_wconf 87' lang='lat' dir='ltr'><strong>dimiserunt.</strong></span> <span class='ocrx_word' id='word_1_80' title='bbox 1350 1174 1567 1228; x_wconf 83' lang='lat' dir='ltr'><strong>Fratres</strong></span> <span class='ocrx_word' id='word_1_81' title='bbox 1600 1182 1773 1225; x_wconf 89' lang='lat' dir='ltr'><strong>autem</strong></span> <span class='ocrx_word' id='word_1_82' title='bbox 1813 1180 1967 1225; x_wconf 87' lang='lat' dir='ltr'><strong>noctu</strong></span> <span class='ocrx_word' id='word_1_83' title='bbox 1997 1168 2162 1239; x_wconf 86' lang='lat' dir='ltr'><strong>proti-</strong></span> 
     </span>
    </p>
   </div>
   <div class='ocr_carea' id='block_1_14' title="bbox 581 1262 1983 1326">
    <p class='ocr_par' dir='ltr' id='par_1_14' title="bbox 581 1262 1983 1326">
     <span class='ocr_line' id='line_1_14' title="bbox 581 1262 1983 1326; baseline -0.008 0"><span class='ocrx_word' id='word_1_84' title='bbox 581 1288 679 1326; x_wconf 85' lang='lat' dir='ltr'><strong>nus</strong></span> <span class='ocrx_word' id='word_1_85' title='bbox 711 1271 939 1325; x_wconf 89' lang='lat' dir='ltr'><strong>Paulum</strong></span> <span class='ocrx_word' id='word_1_86' title='bbox 967 1280 1017 1325; x_wconf 89' lang='lat' dir='ltr'><strong>et</strong></span> <span class='ocrx_word' id='word_1_87' title='bbox 1053 1268 1224 1325; x_wconf 89' lang='lat' dir='ltr'><strong>Silam</strong></span> <span class='ocrx_word' id='word_1_88' title='bbox 1256 1268 1507 1322; x_wconf 89' lang='lat' dir='ltr'><strong>miserunt</strong></span> <span class='ocrx_word' id='word_1_89' title='bbox 1540 1268 1593 1319; x_wconf 88' lang='lat' dir='ltr'><strong>in</strong></span> <span class='ocrx_word' id='word_1_90' title='bbox 1624 1263 1889 1318; x_wconf 78' lang='lat' dir='ltr'><strong>Berraeam</strong></span> <span class='ocrx_word' id='word_1_91' title='bbox 1917 1262 1983 1315; x_wconf 86' lang='grc'><strong>³⁸.</strong></span> 
     </span>
    </p>
   </div>
   <div class='ocr_carea' id='block_1_15' title="bbox 652 1357 2163 1431">
    <p class='ocr_par' dir='ltr' id='par_1_15' title="bbox 652 1357 2163 1431">
     <span class='ocr_line' id='line_1_15' title="bbox 652 1357 2163 1431; baseline -0.008 -12"><span class='ocrx_word' id='word_1_92' title='bbox 652 1365 742 1419; x_wconf 75' lang='grc'><strong>15.</strong></span> <span class='ocrx_word' id='word_1_93' title='bbox 771 1361 925 1419; x_wconf 87' lang='lat' dir='ltr'><strong>Unde</strong></span> <span class='ocrx_word' id='word_1_94' title='bbox 951 1376 1053 1417; x_wconf 88' lang='lat' dir='ltr'><strong>nec</strong></span> <span class='ocrx_word' id='word_1_95' title='bbox 1078 1376 1173 1417; x_wconf 85' lang='lat' dir='ltr'><strong>eos</strong></span> <span class='ocrx_word' id='word_1_96' title='bbox 1202 1360 1295 1431; x_wconf 89' lang='lat' dir='ltr'><strong>qui</strong></span> <span class='ocrx_word' id='word_1_97' title='bbox 1328 1360 1512 1417; x_wconf 88' lang='lat' dir='ltr'><strong>omnia</strong></span> <span class='ocrx_word' id='word_1_98' title='bbox 1558 1357 1901 1427; x_wconf 79' lang='lat' dir='ltr'><strong>reliquerunt</strong></span> <span class='ocrx_word' id='word_1_99' title='bbox 1942 1361 2163 1423; x_wconf 84' lang='lat' dir='ltr'><strong>propter</strong></span> 
     </span>
    </p>
   </div>
   <div class='ocr_carea' id='block_1_16' title="bbox 582 1452 2162 1523">
    <p class='ocr_par' dir='ltr' id='par_1_16' title="bbox 582 1452 2162 1523">
     <span class='ocr_line' id='line_1_16' title="bbox 582 1452 2162 1523; baseline -0.008 -10"><span class='ocrx_word' id='word_1_100' title='bbox 582 1456 812 1513; x_wconf 83' lang='lat' dir='ltr'><strong>salutem</strong></span> <span class='ocrx_word' id='word_1_101' title='bbox 849 1456 1064 1523; x_wconf 67' lang='lat' dir='ltr'><strong>animas,</strong></span> <span class='ocrx_word' id='word_1_102' title='bbox 1096 1465 1152 1509; x_wconf 90' lang='lat' dir='ltr'><strong>et</strong></span> <span class='ocrx_word' id='word_1_103' title='bbox 1185 1462 1551 1518; x_wconf 81' lang='lat' dir='ltr'><strong>secesserunt,</strong></span> <span class='ocrx_word' id='word_1_104' title='bbox 1597 1452 1723 1506; x_wconf 92' lang='lat' dir='ltr'><strong>licet</strong></span> <span class='ocrx_word' id='word_1_105' title='bbox 1755 1464 2015 1505; x_wconf 86' lang='lat' dir='ltr'><strong>accusare</strong></span> <span class='ocrx_word' id='word_1_106' title='bbox 2038 1455 2162 1502; x_wconf 84' lang='lat' dir='ltr'><strong>tan-</strong></span> 
     </span>
    </p>
   </div>
   <div class='ocr_carea' id='block_1_17' title="bbox 581 1538 2163 1619">
    <p class='ocr_par' dir='ltr' id='par_1_17' title="bbox 581 1538 2163 1619">
     <span class='ocr_line' id='line_1_17' title="bbox 581 1538 2163 1619; baseline -0.006 -17"><span class='ocrx_word' id='word_1_107' title='bbox 581 1562 748 1618; x_wconf 79' lang='lat' dir='ltr'><strong>quam</strong></span> <span class='ocrx_word' id='word_1_108' title='bbox 793 1546 913 1602; x_wconf 87' lang='lat' dir='ltr'><strong>aliis</strong></span> <span class='ocrx_word' id='word_1_109' title='bbox 940 1556 1160 1619; x_wconf 89' lang='lat' dir='ltr'><strong>propter</strong></span> <span class='ocrx_word' id='word_1_110' title='bbox 1194 1546 1343 1616; x_wconf 91' lang='lat' dir='ltr'><strong>ipsos</strong></span> <span class='ocrx_word' id='word_1_111' title='bbox 1392 1543 1646 1599; x_wconf 85' lang='lat' dir='ltr'><strong>detentis.</strong></span> <span class='ocrx_word' id='word_1_112' title='bbox 1693 1539 1829 1596; x_wconf 81' lang='lat' dir='ltr'><strong>Nam</strong></span> <span class='ocrx_word' id='word_1_113' title='bbox 1875 1550 1930 1595; x_wconf 90' lang='lat' dir='ltr'><strong>et</strong></span> <span class='ocrx_word' id='word_1_114' title='bbox 1963 1538 2163 1610; x_wconf 84' lang='lat' dir='ltr'><strong>Ephesi</strong></span> 
     </span>
    </p>
   </div>
   <div class='ocr_carea' id='block_1_18' title="bbox 581 1632 2166 1707">
    <p class='ocr_par' dir='ltr' id='par_1_18' title="bbox 581 1632 2166 1707">
     <span class='ocr_line' id='line_1_18' title="bbox 581 1632 2166 1707; baseline -0.006 -15"><span class='ocrx_word' id='word_1_115' title='bbox 581 1652 683 1707; x_wconf 87' lang='lat' dir='ltr'><strong>pro</strong></span> <span class='ocrx_word' id='word_1_116' title='bbox 720 1636 887 1691; x_wconf 87' lang='lat' dir='ltr'><strong>Paulo</strong></span> <span class='ocrx_word' id='word_1_117' title='bbox 918 1636 1111 1693; x_wconf 86' lang='lat' dir='ltr'><strong>Gaium</strong></span> <span class='ocrx_word' id='word_1_118' title='bbox 1154 1647 1208 1692; x_wconf 89' lang='lat' dir='ltr'><strong>et</strong></span> <span class='ocrx_word' id='word_1_119' title='bbox 1242 1635 1621 1691; x_wconf 84' lang='lat' dir='ltr'><strong>Aristarchum</strong></span> <span class='ocrx_word' id='word_1_120' title='bbox 1671 1633 1725 1688; x_wconf 92' lang='lat' dir='ltr'><strong>in</strong></span> <span class='ocrx_word' id='word_1_121' title='bbox 1772 1632 1982 1687; x_wconf 88' lang='lat' dir='ltr'><strong>theatro</strong></span> <span class='ocrx_word' id='word_1_122' title='bbox 2014 1644 2166 1685; x_wconf 88' lang='lat' dir='ltr'><strong>com-</strong></span> 
     </span>
    </p>
   </div>
   <div class='ocr_carea' id='block_1_19' title="bbox 584 1722 2163 1799">
    <p class='ocr_par' dir='ltr' id='par_1_19' title="bbox 584 1722 2163 1799">
     <span class='ocr_line' id='line_1_19' title="bbox 584 1722 2163 1799; baseline -0.003 -17"><span class='ocrx_word' id='word_1_123' title='bbox 584 1729 1007 1799; x_wconf 83' lang='lat' dir='ltr'><strong>prehenderunt,</strong></span> <span class='ocrx_word' id='word_1_124' title='bbox 1036 1744 1143 1784; x_wconf 90' lang='lat' dir='ltr'><strong>una</strong></span> <span class='ocrx_word' id='word_1_125' title='bbox 1183 1744 1305 1783; x_wconf 91' lang='lat' dir='ltr'><strong>cum</strong></span> <span class='ocrx_word' id='word_1_126' title='bbox 1337 1726 1506 1782; x_wconf 88' lang='lat' dir='ltr'><strong>Paulo</strong></span> <span class='ocrx_word' id='word_1_127' title='bbox 1539 1727 1946 1797; x_wconf 79' lang='lat' dir='ltr'><strong>peregrinantes</strong></span> <span class='ocrx_word' id='word_1_128' title='bbox 1973 1725 2039 1787; x_wconf 82' lang='lat'><strong>”,</strong></span> <span class='ocrx_word' id='word_1_129' title='bbox 2069 1722 2163 1793; x_wconf 86' lang='lat' dir='ltr'><strong>qui</strong></span> 
     </span>
    </p>
   </div>
   <div class='ocr_carea' id='block_1_20' title="bbox 582 1815 2162 1890">
    <p class='ocr_par' dir='ltr' id='par_1_20' title="bbox 582 1815 2162 1890">
     <span class='ocr_line' id='line_1_20' title="bbox 582 1815 2162 1890; baseline -0.003 -18"><span class='ocrx_word' id='word_1_130' title='bbox 582 1819 800 1874; x_wconf 75' lang='lat' dir='ltr'><strong>volebat</strong></span> <span class='ocrx_word' id='word_1_131' title='bbox 830 1820 894 1874; x_wconf 87' lang='lat' dir='ltr'><strong>ad</strong></span> <span class='ocrx_word' id='word_1_132' title='bbox 926 1820 1183 1890; x_wconf 91' lang='lat' dir='ltr'><strong>populum</strong></span> <span class='ocrx_word' id='word_1_133' title='bbox 1216 1818 1367 1873; x_wconf 89' lang='lat' dir='ltr'><strong>adire</strong></span> <span class='ocrx_word' id='word_1_134' title='bbox 1401 1836 1413 1872; x_wconf 95' lang='lat'>:</span> <span class='ocrx_word' id='word_1_135' title='bbox 1441 1818 1699 1888; x_wconf 81' lang='lat' dir='ltr'><strong>quoniam</strong></span> <span class='ocrx_word' id='word_1_136' title='bbox 1730 1826 1953 1885; x_wconf 88' lang='lat' dir='ltr'><strong>propter</strong></span> <span class='ocrx_word' id='word_1_137' title='bbox 1986 1815 2162 1883; x_wconf 85' lang='lat' dir='ltr'><strong>ipsum</strong></span> 
     </span>
    </p>
   </div>
   <div class='ocr_carea' id='block_1_21' title="bbox 2262 798 3836 872">
    <p class='ocr_par' dir='ltr' id='par_1_21' title="bbox 2262 798 3836 872">
     <span class='ocr_line' id='line_1_21' title="bbox 2262 798 3836 872; baseline -0.004 -14"><span class='ocrx_word' id='word_1_138' title='bbox 2262 804 2673 867; x_wconf 72' lang='grc' dir='ltr'><strong>ἀπολυθέντας·</strong></span> <span class='ocrx_word' id='word_1_139' title='bbox 2738 802 2875 871; x_wconf 80' lang='grc' dir='ltr'>μετὰ</span> <span class='ocrx_word' id='word_1_140' title='bbox 2920 802 3031 872; x_wconf 76' lang='grc' dir='ltr'>γὰρ</span> <span class='ocrx_word' id='word_1_141' title='bbox 3078 802 3138 854; x_wconf 76' lang='grc' dir='ltr'>τὸ</span> <span class='ocrx_word' id='word_1_142' title='bbox 3200 800 3585 871; x_wconf 79' lang='grc' dir='ltr'>καταϐαρῆσαι</span> <span class='ocrx_word' id='word_1_143' title='bbox 3639 798 3836 860; x_wconf 75' lang='grc' dir='ltr'>αὐτοὺς</span> 
     </span>
    </p>
   </div>
   <div class='ocr_carea' id='block_1_22' title="bbox 2266 888 3839 965">
    <p class='ocr_par' dir='ltr' id='par_1_22' title="bbox 2266 888 3839 965">
     <span class='ocr_line' id='line_1_22' title="bbox 2266 888 3839 965; baseline -0.006 -15"><span class='ocrx_word' id='word_1_144' title='bbox 2266 897 2437 951; x_wconf 79' lang='grc' dir='ltr'>πολλά</span> <span class='ocrx_word' id='word_1_145' title='bbox 2465 896 2552 950; x_wconf 78' lang='grc' dir='ltr'><strong>διὰ</strong></span> <span class='ocrx_word' id='word_1_146' title='bbox 2576 896 2636 949; x_wconf 79' lang='grc' dir='ltr'>τὸ</span> <span class='ocrx_word' id='word_1_147' title='bbox 2666 895 2863 964; x_wconf 66' lang='grc' dir='ltr'>ὄνομα,</span> <span class='ocrx_word' id='word_1_148' title='bbox 2897 895 2993 948; x_wconf 72' lang='grc' dir='ltr'><strong>καὶ</strong></span> <span class='ocrx_word' id='word_1_149' title='bbox 3030 892 3261 965; x_wconf 80' lang='grc' dir='ltr'><strong>ταράξαι</strong></span> <span class='ocrx_word' id='word_1_150' title='bbox 3291 892 3383 945; x_wconf 78' lang='grc' dir='ltr'>τὸν</span> <span class='ocrx_word' id='word_1_151' title='bbox 3417 892 3572 961; x_wconf 76' lang='grc' dir='ltr'>ὖχλον</span> <span class='ocrx_word' id='word_1_152' title='bbox 3600 891 3695 943; x_wconf 72' lang='grc' dir='ltr'><strong>καί⁵</strong></span> <span class='ocrx_word' id='word_1_153' title='bbox 3718 888 3839 951; x_wconf 75' lang='grc' dir='ltr'>τοὺς</span> 
     </span>
    </p>
   </div>
   <div class='ocr_carea' id='block_1_23' title="bbox 2266 979 3841 1061">
    <p class='ocr_par' dir='ltr' id='par_1_23' title="bbox 2266 979 3841 1061">
     <span class='ocr_line' id='line_1_23' title="bbox 2266 979 3841 1061; baseline -0.006 -19"><span class='ocrx_word' id='word_1_154' title='bbox 2266 988 2620 1061; x_wconf 84' lang='grc' dir='ltr'>πολιτάρχας,</span> <span class='ocrx_word' id='word_1_155' title='bbox 2656 987 2975 1052; x_wconf 71' lang='grc' dir='ltr'>Λαϐόντες,</span> <span class='ocrx_word' id='word_1_156' title='bbox 3016 984 3173 1056; x_wconf 72' lang='grc' dir='ltr'>φησὶ,</span> <span class='ocrx_word' id='word_1_157' title='bbox 3205 984 3271 1037; x_wconf 82' lang='grc' dir='ltr'>τὸ</span> <span class='ocrx_word' id='word_1_158' title='bbox 3306 982 3516 1037; x_wconf 76' lang='grc' dir='ltr'><strong>ικανὸν</strong></span> <span class='ocrx_word' id='word_1_159' title='bbox 3554 980 3714 1047; x_wconf 82' lang='grc' dir='ltr'>παρὰ</span> <span class='ocrx_word' id='word_1_160' title='bbox 3744 979 3841 1033; x_wconf 79' lang='grc' dir='ltr'><strong>τοῦ</strong></span> 
     </span>
    </p>
   </div>
   <div class='ocr_carea' id='block_1_24' title="bbox 2279 1072 3843 1149">
    <p class='ocr_par' dir='ltr' id='par_1_24' title="bbox 2279 1072 3843 1149">
     <span class='ocr_line' id='line_1_24' title="bbox 2279 1072 3843 1149; baseline -0.01 -11"><span class='ocrx_word' id='word_1_161' title='bbox 2279 1082 2554 1149; x_wconf 79' lang='grc' dir='ltr'>Ἰάσονος</span> <span class='ocrx_word' id='word_1_162' title='bbox 2584 1078 2825 1135; x_wconf 77' lang='grc' dir='ltr'>καὶτῶν</span> <span class='ocrx_word' id='word_1_163' title='bbox 2854 1077 3105 1142; x_wconf 71' lang='grc' dir='ltr'>λοιπῶν,</span> <span class='ocrx_word' id='word_1_164' title='bbox 3156 1075 3480 1132; x_wconf 70' lang='grc' dir='ltr'>ἀπέλυσαν</span> <span class='ocrx_word' id='word_1_165' title='bbox 3508 1073 3732 1138; x_wconf 77' lang='grc' dir='ltr'>αὐτούς</span> <span class='ocrx_word' id='word_1_166' title='bbox 3752 1087 3765 1099; x_wconf 89' lang='grc'><strong>·</strong></span> <span class='ocrx_word' id='word_1_167' title='bbox 3794 1072 3843 1123; x_wconf 85' lang='grc' dir='ltr'><strong>οι</strong></span> 
     </span>
    </p>
   </div>
   <div class='ocr_carea' id='block_1_25' title="bbox 2266 1162 3843 1242">
    <p class='ocr_par' dir='ltr' id='par_1_25' title="bbox 2266 1162 3843 1242">
     <span class='ocr_line' id='line_1_25' title="bbox 2266 1162 3843 1242; baseline -0.009 -14"><span class='ocrx_word' id='word_1_168' title='bbox 2266 1173 2335 1227; x_wconf 81' lang='grc' dir='ltr'>δὲ</span> <span class='ocrx_word' id='word_1_169' title='bbox 2360 1172 2605 1242; x_wconf 73' lang='grc' dir='ltr'>ἀδελφοὶ</span> <span class='ocrx_word' id='word_1_170' title='bbox 2630 1171 2847 1237; x_wconf 79' lang='grc' dir='ltr'>εὐθέως</span> <span class='ocrx_word' id='word_1_171' title='bbox 2884 1169 2981 1223; x_wconf 78' lang='grc' dir='ltr'>διὰ</span> <span class='ocrx_word' id='word_1_172' title='bbox 3015 1169 3236 1233; x_wconf 78' lang='grc' dir='ltr'>νυκτὸς</span> <span class='ocrx_word' id='word_1_173' title='bbox 3262 1165 3615 1235; x_wconf 70' lang='grc' dir='ltr'><strong>ἐξέπεμψαν</strong></span> <span class='ocrx_word' id='word_1_174' title='bbox 3645 1162 3753 1216; x_wconf 72' lang='grc' dir='ltr'><strong>τόν</strong></span> <span class='ocrx_word' id='word_1_175' title='bbox 3786 1177 3843 1214; x_wconf 80' lang='grc' dir='ltr'><strong>τε</strong></span> 
     </span>
    </p>
   </div>
   <div class='ocr_carea' id='block_1_26' title="bbox 2269 1259 3387 1327">
    <p class='ocr_par' dir='ltr' id='par_1_26' title="bbox 2269 1259 3387 1327">
     <span class='ocr_line' id='line_1_26' title="bbox 2269 1259 3387 1327; baseline -0.006 -7"><span class='ocrx_word' id='word_1_176' title='bbox 2269 1266 2510 1320; x_wconf 72' lang='grc' dir='ltr'>Παῦλον</span> <span class='ocrx_word' id='word_1_177' title='bbox 2536 1263 2633 1317; x_wconf 76' lang='grc' dir='ltr'><strong>καὶ</strong></span> <span class='ocrx_word' id='word_1_178' title='bbox 2662 1262 2769 1317; x_wconf 79' lang='grc' dir='ltr'><strong>τὸν</strong></span> <span class='ocrx_word' id='word_1_179' title='bbox 2795 1263 2984 1317; x_wconf 76' lang='grc' dir='ltr'>Σίλαν</span> <span class='ocrx_word' id='word_1_180' title='bbox 3009 1262 3097 1327; x_wconf 79' lang='grc' dir='ltr'>εἷς</span> <span class='ocrx_word' id='word_1_181' title='bbox 3120 1259 3387 1327; x_wconf 82' lang='grc' dir='ltr'><strong>Βέροιαν.</strong></span> 
     </span>
    </p>
   </div>
   <div class='ocr_carea' id='block_1_27' title="bbox 2344 1348 3843 1427">
    <p class='ocr_par' dir='ltr' id='par_1_27' title="bbox 2344 1348 3843 1427">
     <span class='ocr_line' id='line_1_27' title="bbox 2344 1348 3843 1427; baseline -0.007 -16"><span class='ocrx_word' id='word_1_182' title='bbox 2344 1354 2432 1427; x_wconf 81' lang='grc' dir='ltr'>ιγ’.</span> <span class='ocrx_word' id='word_1_183' title='bbox 2467 1357 2632 1410; x_wconf 85' lang='grc' dir='ltr'><strong>Ὅθεν</strong></span> <span class='ocrx_word' id='word_1_184' title='bbox 2662 1355 2784 1409; x_wconf 79' lang='grc' dir='ltr'>οὐδὲ</span> <span class='ocrx_word' id='word_1_185' title='bbox 2816 1356 2931 1418; x_wconf 88' lang='grc' dir='ltr'>τοῖς</span> <span class='ocrx_word' id='word_1_186' title='bbox 2986 1352 3347 1420; x_wconf 69' lang='grc' dir='ltr'>καταλείψασι</span> <span class='ocrx_word' id='word_1_187' title='bbox 3401 1350 3580 1404; x_wconf 87' lang='grc' dir='ltr'>πάντα</span> <span class='ocrx_word' id='word_1_188' title='bbox 3628 1348 3718 1402; x_wconf 70' lang='grc' dir='ltr'><strong>διὰ</strong></span> <span class='ocrx_word' id='word_1_189' title='bbox 3755 1350 3843 1417; x_wconf 74' lang='grc' dir='ltr'>τὴν</span> 
     </span>
    </p>
   </div>
   <div class='ocr_carea' id='block_1_28' title="bbox 2269 1441 3845 1520">
    <p class='ocr_par' dir='ltr' id='par_1_28' title="bbox 2269 1441 3845 1520">
     <span class='ocr_line' id='line_1_28' title="bbox 2269 1441 3845 1520; baseline -0.008 -17"><span class='ocrx_word' id='word_1_190' title='bbox 2269 1450 2366 1520; x_wconf 82' lang='grc' dir='ltr'>τῆς</span> <span class='ocrx_word' id='word_1_191' title='bbox 2390 1448 2567 1520; x_wconf 72' lang='grc' dir='ltr'>ψυχῆς</span> <span class='ocrx_word' id='word_1_192' title='bbox 2599 1446 2875 1517; x_wconf 75' lang='grc' dir='ltr'><strong>σωτηρίαν</strong></span> <span class='ocrx_word' id='word_1_193' title='bbox 2913 1445 3011 1499; x_wconf 76' lang='grc' dir='ltr'><strong>καὶ</strong></span> <span class='ocrx_word' id='word_1_194' title='bbox 3039 1444 3463 1514; x_wconf 81' lang='grc' dir='ltr'>ἀναχωρήσασιν</span> <span class='ocrx_word' id='word_1_195' title='bbox 3508 1441 3660 1495; x_wconf 72' lang='grc' dir='ltr'>ἔστιν</span> <span class='ocrx_word' id='word_1_196' title='bbox 3692 1441 3845 1507; x_wconf 60' lang='lat' dir='ltr'><strong>syna-</strong></span> 
     </span>
    </p>
   </div>
   <div class='ocr_carea' id='block_1_29' title="bbox 2267 1532 3845 1610">
    <p class='ocr_par' dir='ltr' id='par_1_29' title="bbox 2267 1532 3845 1610">
     <span class='ocr_line' id='line_1_29' title="bbox 2267 1532 3845 1610; baseline -0.007 -14"><span class='ocrx_word' id='word_1_197' title='bbox 2267 1543 2404 1608; x_wconf 89' lang='grc' dir='ltr'>λεϊν,</span> <span class='ocrx_word' id='word_1_198' title='bbox 2434 1543 2509 1606; x_wconf 87' lang='grc' dir='ltr'><strong>ώς</strong></span> <span class='ocrx_word' id='word_1_199' title='bbox 2541 1540 2606 1595; x_wconf 77' lang='grc' dir='ltr'><strong>ἀν</strong></span> <span class='ocrx_word' id='word_1_200' title='bbox 2636 1540 2839 1610; x_wconf 79' lang='grc' dir='ltr'>ἑτέρων</span> <span class='ocrx_word' id='word_1_201' title='bbox 2870 1537 2939 1590; x_wconf 81' lang='grc' dir='ltr'>δι’</span> <span class='ocrx_word' id='word_1_202' title='bbox 2984 1536 3183 1600; x_wconf 79' lang='grc' dir='ltr'>αὐτοὺς</span> <span class='ocrx_word' id='word_1_203' title='bbox 3227 1533 3713 1605; x_wconf 77' lang='grc' dir='ltr'>κατασχεθέντων·</span> <span class='ocrx_word' id='word_1_204' title='bbox 3762 1532 3845 1588; x_wconf 69' lang='grc' dir='ltr'><strong>καὶ</strong></span> 
     </span>
    </p>
   </div>
   <div class='ocr_carea' id='block_1_30' title="bbox 2270 1624 3845 1706">
    <p class='ocr_par' dir='ltr' id='par_1_30' title="bbox 2270 1624 3845 1706">
     <span class='ocr_line' id='line_1_30' title="bbox 2270 1624 3845 1706; baseline -0.008 -18"><span class='ocrx_word' id='word_1_205' title='bbox 2270 1634 2379 1706; x_wconf 79' lang='grc' dir='ltr'><strong>γὰρ</strong></span> <span class='ocrx_word' id='word_1_206' title='bbox 2417 1634 2511 1687; x_wconf 74' lang='grc' dir='ltr'><strong>καὶ</strong></span> <span class='ocrx_word' id='word_1_207' title='bbox 2545 1636 2601 1687; x_wconf 83' lang='grc' dir='ltr'>ὲν</span> <span class='ocrx_word' id='word_1_208' title='bbox 2635 1633 2701 1703; x_wconf 78' lang='grc' dir='ltr'><strong>τῇ</strong></span> <span class='ocrx_word' id='word_1_209' title='bbox 2742 1630 2956 1701; x_wconf 77' lang='grc' dir='ltr'>Ἐφέσῳ</span> <span class='ocrx_word' id='word_1_210' title='bbox 3000 1630 3121 1683; x_wconf 67' lang='grc' dir='ltr'>ἀντὶ</span> <span class='ocrx_word' id='word_1_211' title='bbox 3172 1626 3387 1681; x_wconf 79' lang='grc' dir='ltr'>Παύλου</span> <span class='ocrx_word' id='word_1_212' title='bbox 3439 1624 3603 1678; x_wconf 85' lang='grc' dir='ltr'>πάλιν</span> <span class='ocrx_word' id='word_1_213' title='bbox 3655 1625 3845 1694; x_wconf 75' lang='grc' dir='ltr'>συνήρ-</span> 
     </span>
    </p>
   </div>
   <div class='ocr_carea' id='block_1_31' title="bbox 2272 1716 3845 1792">
    <p class='ocr_par' dir='ltr' id='par_1_31' title="bbox 2272 1716 3845 1792">
     <span class='ocr_line' id='line_1_31' title="bbox 2272 1716 3845 1792; baseline -0.008 -14"><span class='ocrx_word' id='word_1_214' title='bbox 2272 1742 2454 1779; x_wconf 88' lang='grc' dir='ltr'>πασαν</span> <span class='ocrx_word' id='word_1_215' title='bbox 2482 1724 2643 1777; x_wconf 82' lang='grc' dir='ltr'>Γάϊον</span> <span class='ocrx_word' id='word_1_216' title='bbox 2668 1724 2747 1786; x_wconf 75' lang='grc' dir='ltr'>εἰς</span> <span class='ocrx_word' id='word_1_217' title='bbox 2783 1720 2842 1775; x_wconf 84' lang='grc' dir='ltr'><strong>τδ</strong></span> <span class='ocrx_word' id='word_1_218' title='bbox 2872 1720 3100 1792; x_wconf 88' lang='grc' dir='ltr'>θέατρον</span> <span class='ocrx_word' id='word_1_219' title='bbox 3139 1719 3235 1771; x_wconf 72' lang='grc' dir='ltr'><strong>καὶ</strong></span> <span class='ocrx_word' id='word_1_220' title='bbox 3270 1716 3627 1788; x_wconf 82' lang='grc' dir='ltr'>Ἀρίσταρχον</span> <span class='ocrx_word' id='word_1_221' title='bbox 3659 1730 3845 1767; x_wconf 76' lang='grc' dir='ltr'>συνεκο</span> 
     </span>
    </p>
   </div>
   <div class='ocr_carea' id='block_1_32' title="bbox 2270 1805 3846 1884">
    <p class='ocr_par' dir='ltr' id='par_1_32' title="bbox 2270 1805 3846 1884">
     <span class='ocr_line' id='line_1_32' title="bbox 2270 1805 3846 1884; baseline -0.012 -18"><span class='ocrx_word' id='word_1_222' title='bbox 2270 1812 2475 1884; x_wconf 80' lang='grc' dir='ltr'><strong>δήμους</strong></span> <span class='ocrx_word' id='word_1_223' title='bbox 2502 1811 2717 1865; x_wconf 79' lang='grc' dir='ltr'><strong>Παύλου</strong></span> <span class='ocrx_word' id='word_1_224' title='bbox 2751 1812 2812 1864; x_wconf 84' lang='grc' dir='ltr'>οὑ</span> <span class='ocrx_word' id='word_1_225' title='bbox 2846 1809 3171 1881; x_wconf 82' lang='grc' dir='ltr'>βουλομένου</span> <span class='ocrx_word' id='word_1_226' title='bbox 3202 1808 3467 1861; x_wconf 71' lang='grc' dir='ltr'><strong>εἰσελθεῖν</strong></span> <span class='ocrx_word' id='word_1_227' title='bbox 3487 1808 3567 1870; x_wconf 82' lang='grc' dir='ltr'><strong>είς</strong></span> <span class='ocrx_word' id='word_1_228' title='bbox 3607 1805 3708 1860; x_wconf 77' lang='grc' dir='ltr'>τὸν</span> <span class='ocrx_word' id='word_1_229' title='bbox 3763 1805 3846 1875; x_wconf 77' lang='grc' dir='ltr'><strong>δῆ-</strong></span> 
     </span>
    </p>
   </div>
   <div class='ocr_carea' id='block_1_33' title="bbox 585 1898 2171 1982">
    <p class='ocr_par' dir='ltr' id='par_1_33' title="bbox 585 1908 2167 1982">
     <span class='ocr_line' id='line_1_33' title="bbox 585 1908 2167 1982; baseline -0.003 -16"><span class='ocrx_word' id='word_1_230' title='bbox 585 1912 681 1982; x_wconf 90' lang='lat' dir='ltr'><strong>qui</strong></span> <span class='ocrx_word' id='word_1_231' title='bbox 715 1922 1079 1982; x_wconf 87' lang='lat' dir='ltr'><strong>persuaserat,</strong></span> <span class='ocrx_word' id='word_1_232' title='bbox 1111 1920 1166 1966; x_wconf 92' lang='lat' dir='ltr'><strong>et</strong></span> <span class='ocrx_word' id='word_1_233' title='bbox 1197 1912 1423 1965; x_wconf 90' lang='lat' dir='ltr'><strong>multam</strong></span> <span class='ocrx_word' id='word_1_234' title='bbox 1473 1909 1687 1965; x_wconf 83' lang='lat' dir='ltr'><strong>turbam</strong></span> <span class='ocrx_word' id='word_1_235' title='bbox 1730 1908 1797 1963; x_wconf 90' lang='lat' dir='ltr'><strong>ad</strong></span> <span class='ocrx_word' id='word_1_236' title='bbox 1828 1910 1920 1964; x_wconf 84' lang='lat' dir='ltr'><strong>Dei</strong></span> <span class='ocrx_word' id='word_1_237' title='bbox 1960 1908 2167 1964; x_wconf 91' lang='lat' dir='ltr'><strong>cultum</strong></span> 
     </span>
    </p>
   </div>
   <div class='ocr_carea' id='block_1_34' title="bbox 2281 1898 3849 1982">
    <p class='ocr_par' dir='ltr' id='par_1_34' title="bbox 2281 1902 3849 1979">
     <span class='ocr_line' id='line_1_34' title="bbox 2281 1902 3849 1979; baseline -0.006 -17"><span class='ocrx_word' id='word_1_238' title='bbox 2281 1926 2378 1979; x_wconf 86' lang='grc' dir='ltr'><strong>μον</strong></span> <span class='ocrx_word' id='word_1_239' title='bbox 2403 1922 2417 1936; x_wconf 91' lang='grc'><strong>·</strong></span> <span class='ocrx_word' id='word_1_240' title='bbox 2460 1906 2582 1960; x_wconf 77' lang='grc' dir='ltr'>ἐπεὶ</span> <span class='ocrx_word' id='word_1_241' title='bbox 2606 1905 2699 1959; x_wconf 70' lang='grc' dir='ltr'><strong>καὶ</strong></span> <span class='ocrx_word' id='word_1_242' title='bbox 2727 1905 2795 1958; x_wconf 82' lang='grc' dir='ltr'>δι’</span> <span class='ocrx_word' id='word_1_243' title='bbox 2823 1902 2988 1957; x_wconf 82' lang='grc' dir='ltr'>αὐτὸν</span> <span class='ocrx_word' id='word_1_244' title='bbox 3022 1902 3289 1957; x_wconf 77' lang='grc' dir='ltr'>πείσαντα</span> <span class='ocrx_word' id='word_1_245' title='bbox 3315 1902 3411 1956; x_wconf 77' lang='grc' dir='ltr'><strong>καὶ</strong></span> <span class='ocrx_word' id='word_1_246' title='bbox 3440 1902 3849 1973; x_wconf 68' lang='grc' dir='ltr'>μεταστήσαντα</span> 
     </span>
    </p>
   </div>
   <div class='ocr_carea' id='block_1_35' title="bbox 585 1998 2168 2065">
    <p class='ocr_par' dir='ltr' id='par_1_35' title="bbox 585 1998 2168 2065">
     <span class='ocr_line' id='line_1_35' title="bbox 585 1998 2168 2065; baseline -0.003 -8"><span class='ocrx_word' id='word_1_247' title='bbox 585 2001 925 2065; x_wconf 81' lang='lat' dir='ltr'><strong>tr’aduxerat,</strong></span> <span class='ocrx_word' id='word_1_248' title='bbox 954 2001 1148 2057; x_wconf 84' lang='lat' dir='ltr'><strong>seditio</strong></span> <span class='ocrx_word' id='word_1_249' title='bbox 1187 2000 1328 2055; x_wconf 85' lang='lat' dir='ltr'><strong>facta</strong></span> <span class='ocrx_word' id='word_1_250' title='bbox 1356 2002 1550 2055; x_wconf 81' lang='lat' dir='ltr'><strong>fuerat.</strong></span> <span class='ocrx_word' id='word_1_251' title='bbox 1582 1998 1706 2054; x_wconf 87' lang='lat' dir='ltr'><strong>Non</strong></span> <span class='ocrx_word' id='word_1_252' title='bbox 1737 2001 1999 2055; x_wconf 80' lang='lat' dir='ltr'><strong>sciverunt</strong></span> <span class='ocrx_word' id='word_1_253' title='bbox 2028 2015 2168 2065; x_wconf 91' lang='lat' dir='ltr'><strong>eum,</strong></span> 
     </span>
    </p>
   </div>
   <div class='ocr_carea' id='block_1_36' title="bbox 586 2092 2172 2164">
    <p class='ocr_par' dir='ltr' id='par_1_36' title="bbox 586 2092 2172 2164">
     <span class='ocr_line' id='line_1_36' title="bbox 586 2092 2172 2164; baseline -0.001 -16"><span class='ocrx_word' id='word_1_254' title='bbox 586 2092 786 2164; x_wconf 86' lang='lat' dir='ltr'><strong>inquit,</strong></span> <span class='ocrx_word' id='word_1_255' title='bbox 815 2092 1085 2163; x_wconf 81' lang='lat' dir='ltr'><strong>discipuli.</strong></span> <span class='ocrx_word' id='word_1_256' title='bbox 1130 2093 1273 2160; x_wconf 82' lang='lat' dir='ltr'><strong>Quin</strong></span> <span class='ocrx_word' id='word_1_257' title='bbox 1308 2093 1472 2147; x_wconf 84' lang='lat' dir='ltr'><strong>etiam</strong></span> <span class='ocrx_word' id='word_1_258' title='bbox 1513 2093 1764 2148; x_wconf 89' lang='lat' dir='ltr'><strong>nonnulli</strong></span> <span class='ocrx_word' id='word_1_259' title='bbox 1797 2108 1865 2148; x_wconf 77' lang='lat' dir='ltr'><strong>ex</strong></span> <span class='ocrx_word' id='word_1_260' title='bbox 1892 2092 2172 2149; x_wconf 82' lang='lat' dir='ltr'><strong>Asiarchis</strong></span> 
     </span>
    </p>
   </div>
   <div class='ocr_carea' id='block_1_37' title="bbox 590 2183 2177 2254">
    <p class='ocr_par' dir='ltr' id='par_1_37' title="bbox 590 2183 2177 2254">
     <span class='ocr_line' id='line_1_37' title="bbox 590 2183 2177 2254; baseline 0.001 -17"><span class='ocrx_word' id='word_1_261' title='bbox 590 2184 685 2254; x_wconf 87' lang='lat' dir='ltr'><strong>qui</strong></span> <span class='ocrx_word' id='word_1_262' title='bbox 712 2183 763 2238; x_wconf 92' lang='lat' dir='ltr'><strong>ei</strong></span> <span class='ocrx_word' id='word_1_263' title='bbox 810 2193 968 2238; x_wconf 89' lang='lat' dir='ltr'><strong>erant</strong></span> <span class='ocrx_word' id='word_1_264' title='bbox 1022 2184 1203 2248; x_wconf 88' lang='lat' dir='ltr'><strong>amici,</strong></span> <span class='ocrx_word' id='word_1_265' title='bbox 1240 2184 1508 2239; x_wconf 87' lang='lat' dir='ltr'><strong>miserunt</strong></span> <span class='ocrx_word' id='word_1_266' title='bbox 1548 2184 1613 2239; x_wconf 88' lang='lat' dir='ltr'><strong>ad</strong></span> <span class='ocrx_word' id='word_1_267' title='bbox 1643 2199 1769 2239; x_wconf 83' lang='lat' dir='ltr'><strong>eum</strong></span> <span class='ocrx_word' id='word_1_268' title='bbox 1803 2194 1855 2239; x_wconf 91' lang='lat' dir='ltr'><strong>et</strong></span> <span class='ocrx_word' id='word_1_269' title='bbox 1885 2190 2177 2240; x_wconf 87' lang='lat' dir='ltr'><strong>suaserunt</strong></span> 
     </span>
    </p>
   </div>
   <div class='ocr_carea' id='block_1_38' title="bbox 586 2275 2175 2349">
    <p class='ocr_par' dir='ltr' id='par_1_38' title="bbox 586 2275 2175 2349">
     <span class='ocr_line' id='line_1_38' title="bbox 586 2275 2175 2349; baseline -0.001 -16"><span class='ocrx_word' id='word_1_270' title='bbox 586 2292 659 2333; x_wconf 89' lang='lat' dir='ltr'><strong>ne</strong></span> <span class='ocrx_word' id='word_1_271' title='bbox 684 2292 745 2333; x_wconf 83' lang='lat' dir='ltr'><strong>se</strong></span> <span class='ocrx_word' id='word_1_272' title='bbox 772 2277 982 2332; x_wconf 85' lang='lat' dir='ltr'><strong>theatro</strong></span> <span class='ocrx_word' id='word_1_273' title='bbox 1007 2276 1179 2332; x_wconf 89' lang='lat' dir='ltr'><strong>daret.</strong></span> <span class='ocrx_word' id='word_1_274' title='bbox 1208 2277 1263 2332; x_wconf 87' lang='lat' dir='ltr'><strong>Si</strong></span> <span class='ocrx_word' id='word_1_275' title='bbox 1288 2278 1378 2347; x_wconf 90' lang='lat' dir='ltr'><strong>qui</strong></span> <span class='ocrx_word' id='word_1_276' title='bbox 1406 2286 1585 2331; x_wconf 90' lang='lat' dir='ltr'><strong>autem</strong></span> <span class='ocrx_word' id='word_1_277' title='bbox 1610 2275 1775 2349; x_wconf 63' lang='grc'><strong>454</strong></span> <span class='ocrx_word' id='word_1_278' title='bbox 1796 2291 1919 2331; x_wconf 91' lang='lat' dir='ltr'><strong>cum</strong></span> <span class='ocrx_word' id='word_1_279' title='bbox 1956 2278 2023 2332; x_wconf 89' lang='lat' dir='ltr'><strong>iis</strong></span> <span class='ocrx_word' id='word_1_280' title='bbox 2045 2293 2175 2331; x_wconf 90' lang='lat' dir='ltr'><strong>con-</strong></span> 
     </span>
    </p>
   </div>
   <div class='ocr_carea' id='block_1_39' title="bbox 587 2369 2174 2439">
    <p class='ocr_par' dir='ltr' id='par_1_39' title="bbox 587 2369 2174 2439">
     <span class='ocr_line' id='line_1_39' title="bbox 587 2369 2174 2439; baseline -0.001 -14"><span class='ocrx_word' id='word_1_281' title='bbox 587 2369 815 2426; x_wconf 86' lang='lat' dir='ltr'><strong>tendere</strong></span> <span class='ocrx_word' id='word_1_282' title='bbox 847 2370 1208 2439; x_wconf 69' lang='lat' dir='ltr'><strong>porrexerint,</strong></span> <span class='ocrx_word' id='word_1_283' title='bbox 1234 2370 1327 2439; x_wconf 89' lang='lat' dir='ltr'><strong>qui</strong></span> <span class='ocrx_word' id='word_1_284' title='bbox 1359 2370 1603 2423; x_wconf 88' lang='lat' dir='ltr'><strong>animum</strong></span> <span class='ocrx_word' id='word_1_285' title='bbox 1634 2370 1910 2424; x_wconf 88' lang='lat' dir='ltr'><strong>sincerum</strong></span> <span class='ocrx_word' id='word_1_286' title='bbox 1940 2370 1988 2424; x_wconf 91' lang='lat' dir='ltr'><strong>ei</strong></span> <span class='ocrx_word' id='word_1_287' title='bbox 2021 2370 2174 2424; x_wconf 90' lang='lat' dir='ltr'><strong>adhi-</strong></span> 
     </span>
    </p>
   </div>
   <div class='ocr_carea' id='block_1_40' title="bbox 585 2460 2171 2532">
    <p class='ocr_par' dir='ltr' id='par_1_40' title="bbox 585 2460 2171 2532">
     <span class='ocr_line' id='line_1_40' title="bbox 585 2460 2171 2532; baseline -0.003 -14"><span class='ocrx_word' id='word_1_288' title='bbox 585 2463 763 2525; x_wconf 83' lang='lat' dir='ltr'><strong>bent,</strong></span> <span class='ocrx_word' id='word_1_289' title='bbox 806 2464 898 2532; x_wconf 92' lang='lat' dir='ltr'><strong>qui</strong></span> <span class='ocrx_word' id='word_1_290' title='bbox 948 2460 1121 2516; x_wconf 87' lang='lat' dir='ltr'><strong>dicit:</strong></span> <span class='ocrx_word' id='word_1_291' title='bbox 1156 2461 1451 2532; x_wconf 79' lang='lat' dir='ltr'><strong>Diligenter</strong></span> <span class='ocrx_word' id='word_1_292' title='bbox 1521 2477 1670 2516; x_wconf 89' lang='lat' dir='ltr'><strong>serva</strong></span> <span class='ocrx_word' id='word_1_293' title='bbox 1712 2462 1948 2515; x_wconf 88' lang='lat' dir='ltr'><strong>animam</strong></span> <span class='ocrx_word' id='word_1_294' title='bbox 2007 2470 2171 2526; x_wconf 87' lang='lat' dir='ltr'><strong>tuam,</strong></span> 
     </span>
    </p>
   </div>
   <div class='ocr_carea' id='block_1_41' title="bbox 586 2554 2171 2625">
    <p class='ocr_par' dir='ltr' id='par_1_41' title="bbox 586 2554 2171 2625">
     <span class='ocr_line' id='line_1_41' title="bbox 586 2554 2171 2625; baseline -0.001 -15"><span class='ocrx_word' id='word_1_295' title='bbox 586 2566 639 2610; x_wconf 87' lang='lat' dir='ltr'><strong>et</strong></span> <span class='ocrx_word' id='word_1_296' title='bbox 673 2572 735 2609; x_wconf 85' lang='lat' dir='ltr'><strong>ne</strong></span> <span class='ocrx_word' id='word_1_297' title='bbox 778 2565 918 2610; x_wconf 87' lang='lat' dir='ltr'><strong>retro</strong></span> <span class='ocrx_word' id='word_1_298' title='bbox 944 2556 1207 2625; x_wconf 75' lang='lat' dir='ltr'><strong>aspexeris</strong></span> <span class='ocrx_word' id='word_1_299' title='bbox 1229 2555 1297 2613; x_wconf 78' lang='lat'><strong>“.</strong></span> <span class='ocrx_word' id='word_1_300' title='bbox 1320 2555 1512 2611; x_wconf 88' lang='lat' dir='ltr'><strong>Petrus</strong></span> <span class='ocrx_word' id='word_1_301' title='bbox 1536 2569 1755 2625; x_wconf 90' lang='lat' dir='ltr'><strong>quoque</strong></span> <span class='ocrx_word' id='word_1_302' title='bbox 1802 2554 2171 2623; x_wconf 87' lang='lat' dir='ltr'><strong>apostolorum</strong></span> 
     </span>
    </p>
   </div>
   <div class='ocr_carea' id='block_1_42' title="bbox 586 2648 2173 2719">
    <p class='ocr_par' dir='ltr' id='par_1_42' title="bbox 586 2648 2173 2719">
     <span class='ocr_line' id='line_1_42' title="bbox 586 2648 2173 2719; baseline -0.001 -17"><span class='ocrx_word' id='word_1_303' title='bbox 586 2649 844 2719; x_wconf 68' lang='lat' dir='ltr'><strong>princeps</strong></span> <span class='ocrx_word' id='word_1_304' title='bbox 874 2650 953 2705; x_wconf 91' lang='lat' dir='ltr'><strong>eis</strong></span> <span class='ocrx_word' id='word_1_305' title='bbox 987 2648 1040 2703; x_wconf 93' lang='lat' dir='ltr'><strong>in</strong></span> <span class='ocrx_word' id='word_1_306' title='bbox 1079 2657 1312 2703; x_wconf 85' lang='lat' dir='ltr'><strong>mentem</strong></span> <span class='ocrx_word' id='word_1_307' title='bbox 1361 2657 1667 2713; x_wconf 84' lang='lat' dir='ltr'><strong>revocetur,</strong></span> <span class='ocrx_word' id='word_1_308' title='bbox 1709 2648 1802 2718; x_wconf 91' lang='lat' dir='ltr'><strong>qui</strong></span> <span class='ocrx_word' id='word_1_309' title='bbox 1837 2649 1955 2717; x_wconf 89' lang='lat' dir='ltr'><strong>jam</strong></span> <span class='ocrx_word' id='word_1_310' title='bbox 1987 2649 2041 2701; x_wconf 85' lang='lat' dir='ltr'><strong>in</strong></span> <span class='ocrx_word' id='word_1_311' title='bbox 2076 2664 2173 2701; x_wconf 85' lang='lat' dir='ltr'><strong>cu-</strong></span> 
     </span>
    </p>
   </div>
   <div class='ocr_carea' id='block_1_43' title="bbox 586 2741 2171 2815">
    <p class='ocr_par' dir='ltr' id='par_1_43' title="bbox 586 2741 2171 2815">
     <span class='ocr_line' id='line_1_43' title="bbox 586 2741 2171 2815; baseline 0.001 -19"><span class='ocrx_word' id='word_1_312' title='bbox 586 2741 817 2796; x_wconf 89' lang='lat' dir='ltr'><strong>stodiam</strong></span> <span class='ocrx_word' id='word_1_313' title='bbox 850 2750 965 2795; x_wconf 90' lang='lat' dir='ltr'><strong>erat</strong></span> <span class='ocrx_word' id='word_1_314' title='bbox 998 2742 1285 2809; x_wconf 87' lang='lat' dir='ltr'><strong>conjectus,</strong></span> <span class='ocrx_word' id='word_1_315' title='bbox 1329 2751 1377 2795; x_wconf 88' lang='lat' dir='ltr'><strong>et</strong></span> <span class='ocrx_word' id='word_1_316' title='bbox 1428 2742 1659 2796; x_wconf 88' lang='lat' dir='ltr'><strong>traditus</strong></span> <span class='ocrx_word' id='word_1_317' title='bbox 1702 2752 1932 2813; x_wconf 85' lang='lat' dir='ltr'><strong>quatuor</strong></span> <span class='ocrx_word' id='word_1_318' title='bbox 1956 2754 2171 2815; x_wconf 85' lang='lat' dir='ltr'><strong>quater—</strong></span> 
     </span>
    </p>
   </div>
   <div class='ocr_carea' id='block_1_44' title="bbox 588 2832 2169 2906">
    <p class='ocr_par' dir='ltr' id='par_1_44' title="bbox 588 2832 2169 2906">
     <span class='ocr_line' id='line_1_44' title="bbox 588 2832 2169 2906; baseline 0.003 -19"><span class='ocrx_word' id='word_1_319' title='bbox 588 2833 834 2887; x_wconf 84' lang='lat' dir='ltr'><strong>nionibus</strong></span> <span class='ocrx_word' id='word_1_320' title='bbox 883 2832 1111 2885; x_wconf 84' lang='lat' dir='ltr'><strong>militum</strong></span> <span class='ocrx_word' id='word_1_321' title='bbox 1156 2834 1225 2886; x_wconf 87' lang='lat' dir='ltr'><strong>ad</strong></span> <span class='ocrx_word' id='word_1_322' title='bbox 1268 2850 1387 2887; x_wconf 89' lang='lat' dir='ltr'><strong>eum</strong></span> <span class='ocrx_word' id='word_1_323' title='bbox 1436 2836 1751 2887; x_wconf 90' lang='lat' dir='ltr'><strong>servandum</strong></span> <span class='ocrx_word' id='word_1_324' title='bbox 1789 2834 1832 2865; x_wconf 77' lang='lat'>“</span> <span class='ocrx_word' id='word_1_325' title='bbox 1864 2854 1876 2888; x_wconf 90' lang='lat'><strong>:</strong></span> <span class='ocrx_word' id='word_1_326' title='bbox 1912 2836 2001 2906; x_wconf 92' lang='lat' dir='ltr'><strong>qui</strong></span> <span class='ocrx_word' id='word_1_327' title='bbox 2045 2851 2169 2891; x_wconf 91' lang='lat' dir='ltr'><strong>cum</strong></span> 
     </span>
    </p>
   </div>
   <div class='ocr_carea' id='block_1_45' title="bbox 588 2922 2173 2995">
    <p class='ocr_par' dir='ltr' id='par_1_45' title="bbox 588 2922 2173 2995">
     <span class='ocr_line' id='line_1_45' title="bbox 588 2922 2173 2995; baseline 0.002 -16"><span class='ocrx_word' id='word_1_328' title='bbox 588 2936 755 2979; x_wconf 89' lang='lat' dir='ltr'><strong>noctu</strong></span> <span class='ocrx_word' id='word_1_329' title='bbox 793 2922 1040 2995; x_wconf 82' lang='lat' dir='ltr'><strong>fugisset,</strong></span> <span class='ocrx_word' id='word_1_330' title='bbox 1070 2932 1124 2978; x_wconf 89' lang='lat' dir='ltr'><strong>et</strong></span> <span class='ocrx_word' id='word_1_331' title='bbox 1153 2939 1216 2978; x_wconf 81' lang='lat' dir='ltr'><strong>ex</strong></span> <span class='ocrx_word' id='word_1_332' title='bbox 1252 2922 1564 2979; x_wconf 66' lang='lat' dir='ltr'><strong>Judazorum</strong></span> <span class='ocrx_word' id='word_1_333' title='bbox 1600 2941 1763 2980; x_wconf 86' lang='lat' dir='ltr'><strong>manu</strong></span> <span class='ocrx_word' id='word_1_334' title='bbox 1810 2938 2059 2982; x_wconf 91' lang='lat' dir='ltr'><strong>servatus</strong></span> <span class='ocrx_word' id='word_1_335' title='bbox 2084 2943 2173 2983; x_wconf 83' lang='lat' dir='ltr'><strong>es-</strong></span> 
     </span>
    </p>
   </div>
   <div class='ocr_carea' id='block_1_46' title="bbox 591 3014 2169 3087">
    <p class='ocr_par' dir='ltr' id='par_1_46' title="bbox 591 3014 2169 3087">
     <span class='ocr_line' id='line_1_46' title="bbox 591 3014 2169 3087; baseline 0.002 -17"><span class='ocrx_word' id='word_1_336' title='bbox 591 3026 695 3081; x_wconf 84' lang='lat' dir='ltr'><strong>set,</strong></span> <span class='ocrx_word' id='word_1_337' title='bbox 723 3015 883 3086; x_wconf 88' lang='lat' dir='ltr'><strong>jussu</strong></span> <span class='ocrx_word' id='word_1_338' title='bbox 928 3015 1106 3082; x_wconf 80' lang='lat' dir='ltr'><strong>angeli</strong></span> <span class='ocrx_word' id='word_1_339' title='bbox 1134 3015 1371 3085; x_wconf 69' lang='lat' dir='ltr'><strong>[Domini</strong></span> <span class='ocrx_word' id='word_1_340' title='bbox 1407 3033 1420 3069; x_wconf 93' lang='lat'><strong>:</strong></span> <span class='ocrx_word' id='word_1_341' title='bbox 1456 3014 1645 3083; x_wconf 85' lang='lat' dir='ltr'><strong>Facto,</strong></span> <span class='ocrx_word' id='word_1_342' title='bbox 1697 3017 1892 3087; x_wconf 91' lang='lat' dir='ltr'><strong>inquit,</strong></span> <span class='ocrx_word' id='word_1_343' title='bbox 1924 3018 2007 3072; x_wconf 89' lang='lat' dir='ltr'><strong>die</strong></span> <span class='ocrx_word' id='word_1_344' title='bbox 2054 3031 2169 3073; x_wconf 87' lang='lat' dir='ltr'><strong>erat</strong></span> 
     </span>
    </p>
   </div>
   <div class='ocr_carea' id='block_1_47' title="bbox 588 3107 2169 3180">
    <p class='ocr_par' dir='ltr' id='par_1_47' title="bbox 588 3107 2169 3180">
     <span class='ocr_line' id='line_1_47' title="bbox 588 3107 2169 3180; baseline 0.003 -19"><span class='ocrx_word' id='word_1_345' title='bbox 588 3124 694 3161; x_wconf 87' lang='lat' dir='ltr'><strong>non</strong></span> <span class='ocrx_word' id='word_1_346' title='bbox 735 3122 926 3175; x_wconf 87' lang='lat' dir='ltr'><strong>parvus</strong></span> <span class='ocrx_word' id='word_1_347' title='bbox 974 3107 1231 3160; x_wconf 84' lang='lat' dir='ltr'><strong>tumultus</strong></span> <span class='ocrx_word' id='word_1_348' title='bbox 1270 3108 1407 3161; x_wconf 90' lang='lat' dir='ltr'><strong>inter</strong></span> <span class='ocrx_word' id='word_1_349' title='bbox 1440 3109 1653 3175; x_wconf 88' lang='lat' dir='ltr'><strong>milites,</strong></span> <span class='ocrx_word' id='word_1_350' title='bbox 1686 3110 1937 3180; x_wconf 82' lang='lat' dir='ltr'><strong>quidnam</strong></span> <span class='ocrx_word' id='word_1_351' title='bbox 1967 3114 2169 3179; x_wconf 90' lang='lat' dir='ltr'><strong>factum</strong></span> 
     </span>
    </p>
   </div>
   <div class='ocr_carea' id='block_1_48' title="bbox 2279 1990 3851 2071">
    <p class='ocr_par' dir='ltr' id='par_1_48' title="bbox 2279 1990 3851 2071">
     <span class='ocr_line' id='line_1_48' title="bbox 2279 1990 3851 2071; baseline -0.007 -14"><span class='ocrx_word' id='word_1_352' title='bbox 2279 2003 2448 2057; x_wconf 82' lang='grc' dir='ltr'>πολὺν</span> <span class='ocrx_word' id='word_1_353' title='bbox 2480 2000 2636 2071; x_wconf 75' lang='grc' dir='ltr'>ὄχλον</span> <span class='ocrx_word' id='word_1_354' title='bbox 2658 2000 2752 2054; x_wconf 77' lang='grc' dir='ltr'><strong>ἐπὶ</strong></span> <span class='ocrx_word' id='word_1_355' title='bbox 2774 1998 2874 2071; x_wconf 80' lang='grc' dir='ltr'>τὴν</span> <span class='ocrx_word' id='word_1_356' title='bbox 2904 1997 3241 2064; x_wconf 78' lang='grc' dir='ltr'>θεοσέϐειαν,</span> <span class='ocrx_word' id='word_1_357' title='bbox 3270 1999 3304 2067; x_wconf 79' lang='grc' dir='ltr'>ἡ</span> <span class='ocrx_word' id='word_1_358' title='bbox 3371 1997 3560 2060; x_wconf 89' lang='grc' dir='ltr'>στάσις</span> <span class='ocrx_word' id='word_1_359' title='bbox 3579 1990 3649 2066; x_wconf 80' lang='grc' dir='ltr'>ἦν</span> <span class='ocrx_word' id='word_1_360' title='bbox 3706 2011 3851 2064; x_wconf 79' lang='grc' dir='ltr'>γενοο</span> 
     </span>
    </p>
   </div>
   <div class='ocr_carea' id='block_1_49' title="bbox 2280 2087 3851 2166">
    <p class='ocr_par' dir='ltr' id='par_1_49' title="bbox 2280 2087 3851 2166">
     <span class='ocr_line' id='line_1_49' title="bbox 2280 2087 3851 2166; baseline -0.005 -19"><span class='ocrx_word' id='word_1_361' title='bbox 2280 2095 2439 2166; x_wconf 88' lang='grc' dir='ltr'>μένη,</span> <span class='ocrx_word' id='word_1_362' title='bbox 2470 2094 2565 2146; x_wconf 76' lang='grc' dir='ltr'><strong>καὶ</strong></span> <span class='ocrx_word' id='word_1_363' title='bbox 2621 2093 2732 2146; x_wconf 83' lang='grc' dir='ltr'><strong>οὐκ</strong></span> <span class='ocrx_word' id='word_1_364' title='bbox 2759 2091 2902 2145; x_wconf 71' lang='lat' dir='ltr'><strong>slew</strong></span> <span class='ocrx_word' id='word_1_365' title='bbox 2929 2091 3115 2145; x_wconf 82' lang='grc' dir='ltr'>αὑτὸν</span> <span class='ocrx_word' id='word_1_366' title='bbox 3138 2092 3192 2143; x_wconf 76' lang='grc' dir='ltr'><strong>οἱ</strong></span> <span class='ocrx_word' id='word_1_367' title='bbox 3208 2090 3490 2160; x_wconf 77' lang='grc' dir='ltr'>μαθηταὶ,</span> <span class='ocrx_word' id='word_1_368' title='bbox 3548 2087 3735 2159; x_wconf 80' lang='grc' dir='ltr'>φησίν</span> <span class='ocrx_word' id='word_1_369' title='bbox 3755 2101 3767 2117; x_wconf 88' lang='grc'><strong>·</strong></span> <span class='ocrx_word' id='word_1_370' title='bbox 3799 2087 3851 2139; x_wconf 74' lang='grc' dir='ltr'>οὐ</span> 
     </span>
    </p>
   </div>
   <div class='ocr_carea' id='block_1_50' title="bbox 2281 2178 3853 2257">
    <p class='ocr_par' dir='ltr' id='par_1_50' title="bbox 2281 2178 3853 2257">
     <span class='ocr_line' id='line_1_50' title="bbox 2281 2178 3853 2257; baseline -0.006 -17"><span class='ocrx_word' id='word_1_371' title='bbox 2281 2185 2388 2257; x_wconf 83' lang='grc' dir='ltr'>μὴν</span> <span class='ocrx_word' id='word_1_372' title='bbox 2413 2184 2548 2240; x_wconf 88' lang='grc' dir='ltr'><strong>ἀλλά</strong></span> <span class='ocrx_word' id='word_1_373' title='bbox 2576 2185 2667 2239; x_wconf 84' lang='grc' dir='ltr'>καί</span> <span class='ocrx_word' id='word_1_374' title='bbox 2696 2200 2842 2247; x_wconf 86' lang='grc' dir='ltr'>τινες</span> <span class='ocrx_word' id='word_1_375' title='bbox 2876 2183 2983 2236; x_wconf 86' lang='grc' dir='ltr'><strong>τῶν</strong></span> <span class='ocrx_word' id='word_1_376' title='bbox 3007 2182 3307 2252; x_wconf 84' lang='grc' dir='ltr'>άσιαρχῶν,</span> <span class='ocrx_word' id='word_1_377' title='bbox 3369 2182 3516 2244; x_wconf 74' lang='grc' dir='ltr'>ὄντες</span> <span class='ocrx_word' id='word_1_378' title='bbox 3554 2180 3731 2234; x_wconf 76' lang='grc' dir='ltr'>αὐτοῦ</span> <span class='ocrx_word' id='word_1_379' title='bbox 3779 2178 3853 2246; x_wconf 79' lang='grc' dir='ltr'>φί-</span> 
     </span>
    </p>
   </div>
   <div class='ocr_carea' id='block_1_51' title="bbox 2278 2272 3852 2350">
    <p class='ocr_par' dir='ltr' id='par_1_51' title="bbox 2278 2272 3852 2350">
     <span class='ocr_line' id='line_1_51' title="bbox 2278 2272 3852 2350; baseline -0.003 -17"><span class='ocrx_word' id='word_1_380' title='bbox 2278 2280 2381 2343; x_wconf 89' lang='grc' dir='ltr'>λοι,</span> <span class='ocrx_word' id='word_1_381' title='bbox 2414 2278 2728 2350; x_wconf 79' lang='grc' dir='ltr'>πέμψαντες</span> <span class='ocrx_word' id='word_1_382' title='bbox 2773 2277 2910 2348; x_wconf 76' lang='grc' dir='ltr'>πρὸς</span> <span class='ocrx_word' id='word_1_383' title='bbox 2940 2276 3102 2330; x_wconf 82' lang='grc' dir='ltr'>αὐτὸν</span> <span class='ocrx_word' id='word_1_384' title='bbox 3143 2274 3488 2347; x_wconf 79' lang='grc' dir='ltr'>παρεκάλουν</span> <span class='ocrx_word' id='word_1_385' title='bbox 3548 2273 3625 2344; x_wconf 76' lang='grc' dir='ltr'>μὴ</span> <span class='ocrx_word' id='word_1_386' title='bbox 3682 2272 3852 2329; x_wconf 76' lang='grc' dir='ltr'>δοῦναι</span> 
     </span>
    </p>
   </div>
   <div class='ocr_carea' id='block_1_52' title="bbox 2279 2367 3855 2439">
    <p class='ocr_par' dir='ltr' id='par_1_52' title="bbox 2279 2367 3855 2439">
     <span class='ocr_line' id='line_1_52' title="bbox 2279 2367 3855 2439; baseline -0.004 -14"><span class='ocrx_word' id='word_1_387' title='bbox 2279 2372 2468 2425; x_wconf 76' lang='grc' dir='ltr'>ἑαυτὸν</span> <span class='ocrx_word' id='word_1_388' title='bbox 2497 2374 2576 2435; x_wconf 85' lang='grc' dir='ltr'><strong>είς</strong></span> <span class='ocrx_word' id='word_1_389' title='bbox 2610 2371 2668 2423; x_wconf 84' lang='grc' dir='ltr'>τὸ</span> <span class='ocrx_word' id='word_1_390' title='bbox 2691 2370 2918 2439; x_wconf 85' lang='grc' dir='ltr'>θέατρον</span> <span class='ocrx_word' id='word_1_391' title='bbox 2948 2384 2962 2399; x_wconf 73' lang='grc' dir='ltr'><strong>ο</strong></span> <span class='ocrx_word' id='word_1_392' title='bbox 2997 2369 3045 2421; x_wconf 79' lang='grc' dir='ltr'>εἰ</span> <span class='ocrx_word' id='word_1_393' title='bbox 3088 2367 3147 2421; x_wconf 75' lang='grc' dir='ltr'>δὲ</span> <span class='ocrx_word' id='word_1_394' title='bbox 3190 2368 3501 2438; x_wconf 84' lang='grc' dir='ltr'>ὲπιμένοιέν</span> <span class='ocrx_word' id='word_1_395' title='bbox 3544 2385 3703 2431; x_wconf 78' lang='grc' dir='ltr'>τινες</span> <span class='ocrx_word' id='word_1_396' title='bbox 3748 2369 3855 2438; x_wconf 81' lang='grc' dir='ltr'>έρε-</span> 
     </span>
    </p>
   </div>
   <div class='ocr_carea' id='block_1_53' title="bbox 2280 2455 3857 2533">
    <p class='ocr_par' dir='ltr' id='par_1_53' title="bbox 2280 2455 3857 2533">
     <span class='ocr_line' id='line_1_53' title="bbox 2280 2455 3857 2533; baseline -0.003 -18"><span class='ocrx_word' id='word_1_397' title='bbox 2280 2463 2595 2533; x_wconf 82' lang='grc' dir='ltr'>σχελοῦντες</span> <span class='ocrx_word' id='word_1_398' title='bbox 2624 2465 2735 2527; x_wconf 80' lang='grc' dir='ltr'>τοῖς</span> <span class='ocrx_word' id='word_1_399' title='bbox 2768 2463 3073 2528; x_wconf 75' lang='grc' dir='ltr'>εἰλικρινῶς</span> <span class='ocrx_word' id='word_1_400' title='bbox 3104 2462 3453 2531; x_wconf 85' lang='grc' dir='ltr'>προσέχουσι,</span> <span class='ocrx_word' id='word_1_401' title='bbox 3485 2455 3698 2518; x_wconf 76' lang='grc' dir='ltr'>Σώζων</span> <span class='ocrx_word' id='word_1_402' title='bbox 3724 2456 3857 2517; x_wconf 71' lang='grc' dir='ltr'><strong>σῶᾰι</strong></span> 
     </span>
    </p>
   </div>
   <div class='ocr_carea' id='block_1_54' title="bbox 2279 2551 3853 2629">
    <p class='ocr_par' dir='ltr' id='par_1_54' title="bbox 2279 2551 3853 2629">
     <span class='ocr_line' id='line_1_54' title="bbox 2279 2551 3853 2629; baseline -0.006 -16"><span class='ocrx_word' id='word_1_403' title='bbox 2279 2560 2394 2628; x_wconf 76' lang='grc' dir='ltr'><strong>τὴν</strong></span> <span class='ocrx_word' id='word_1_404' title='bbox 2410 2558 2671 2615; x_wconf 88' lang='grc' dir='ltr'>σεαυτοῦ</span> <span class='ocrx_word' id='word_1_405' title='bbox 2692 2557 2924 2629; x_wconf 70' lang='grc' dir='ltr'><strong>ψυχὴν,</strong></span> <span class='ocrx_word' id='word_1_406' title='bbox 2945 2556 3030 2627; x_wconf 81' lang='grc' dir='ltr'>μὴ</span> <span class='ocrx_word' id='word_1_407' title='bbox 3062 2553 3394 2625; x_wconf 69' lang='grc' dir='ltr'>περιόλέψῃ</span> <span class='ocrx_word' id='word_1_408' title='bbox 3424 2556 3509 2619; x_wconf 80' lang='grc' dir='ltr'><strong>εις</strong></span> <span class='ocrx_word' id='word_1_409' title='bbox 3537 2551 3614 2607; x_wconf 81' lang='grc' dir='ltr'>τὰ</span> <span class='ocrx_word' id='word_1_410' title='bbox 3642 2552 3853 2613; x_wconf 79' lang='grc' dir='ltr'>ὀπίσω,</span> 
     </span>
    </p>
   </div>
   <div class='ocr_carea' id='block_1_55' title="bbox 2282 2646 3857 2722">
    <p class='ocr_par' dir='ltr' id='par_1_55' title="bbox 2282 2646 3857 2722">
     <span class='ocr_line' id='line_1_55' title="bbox 2282 2646 3857 2722; baseline -0.004 -17"><span class='ocrx_word' id='word_1_411' title='bbox 2282 2651 2790 2722; x_wconf 83' lang='grc' dir='ltr'>ύπομνησθήτωσαν</span> <span class='ocrx_word' id='word_1_412' title='bbox 2817 2650 2913 2703; x_wconf 74' lang='grc' dir='ltr'><strong>καὶ</strong></span> <span class='ocrx_word' id='word_1_413' title='bbox 2934 2649 3029 2703; x_wconf 80' lang='grc' dir='ltr'>τοῦ</span> <span class='ocrx_word' id='word_1_414' title='bbox 3062 2649 3357 2719; x_wconf 79' lang='grc' dir='ltr'>προκρίτου</span> <span class='ocrx_word' id='word_1_415' title='bbox 3397 2646 3504 2701; x_wconf 80' lang='grc' dir='ltr'><strong>τῶν</strong></span> <span class='ocrx_word' id='word_1_416' title='bbox 3545 2647 3857 2700; x_wconf 77' lang='grc' dir='ltr'>ἀποστόλων</span> 
     </span>
    </p>
   </div>
   <div class='ocr_carea' id='block_1_56' title="bbox 2280 2737 3859 2814">
    <p class='ocr_par' dir='ltr' id='par_1_56' title="bbox 2280 2737 3859 2814">
     <span class='ocr_line' id='line_1_56' title="bbox 2280 2737 3859 2814; baseline -0.006 -17"><span class='ocrx_word' id='word_1_417' title='bbox 2280 2745 2511 2814; x_wconf 79' lang='grc' dir='ltr'>Πέτρου,</span> <span class='ocrx_word' id='word_1_418' title='bbox 2534 2742 2915 2811; x_wconf 77' lang='grc' dir='ltr'>Βεὸλημένου</span> <span class='ocrx_word' id='word_1_419' title='bbox 2933 2757 2996 2794; x_wconf 84' lang='grc' dir='ltr'><strong>τε</strong></span> <span class='ocrx_word' id='word_1_420' title='bbox 3016 2740 3131 2809; x_wconf 80' lang='grc' dir='ltr'><strong>ἤδη</strong></span> <span class='ocrx_word' id='word_1_421' title='bbox 3147 2743 3234 2805; x_wconf 85' lang='grc' dir='ltr'><strong>εις</strong></span> <span class='ocrx_word' id='word_1_422' title='bbox 3248 2737 3551 2810; x_wconf 67' lang='grc' dir='ltr'><strong>φυλακὴν,</strong></span> <span class='ocrx_word' id='word_1_423' title='bbox 3570 2738 3669 2792; x_wconf 76' lang='grc' dir='ltr'><strong>καὶ</strong></span> <span class='ocrx_word' id='word_1_424' title='bbox 3688 2752 3859 2805; x_wconf 67' lang='grc' dir='ltr'><strong>πημ-</strong></span> 
     </span>
    </p>
   </div>
   <div class='ocr_carea' id='block_1_57' title="bbox 2277 2829 3862 2903">
    <p class='ocr_par' dir='ltr' id='par_1_57' title="bbox 2277 2829 3862 2903">
     <span class='ocr_line' id='line_1_57' title="bbox 2277 2829 3862 2903; baseline -0.006 -11"><span class='ocrx_word' id='word_1_425' title='bbox 2277 2837 2557 2902; x_wconf 80' lang='grc' dir='ltr'>δοθέντος</span> <span class='ocrx_word' id='word_1_426' title='bbox 2571 2836 2865 2903; x_wconf 86' lang='grc' dir='ltr'>τέσσαρσι</span> <span class='ocrx_word' id='word_1_427' title='bbox 2882 2833 3222 2902; x_wconf 84' lang='grc' dir='ltr'>τετραδύοις</span> <span class='ocrx_word' id='word_1_428' title='bbox 3234 2829 3613 2900; x_wconf 77' lang='grc' dir='ltr'>στρατιωτῶν</span> <span class='ocrx_word' id='word_1_429' title='bbox 3632 2830 3862 2899; x_wconf 67' lang='grc' dir='ltr'>φυλάσ-</span> 
     </span>
    </p>
   </div>
   <div class='ocr_carea' id='block_1_58' title="bbox 2277 2922 3859 2995">
    <p class='ocr_par' dir='ltr' id='par_1_58' title="bbox 2277 2922 3859 2995">
     <span class='ocr_line' id='line_1_58' title="bbox 2277 2922 3859 2995; baseline -0.009 -8"><span class='ocrx_word' id='word_1_430' title='bbox 2277 2949 2412 2987; x_wconf 80' lang='grc' dir='ltr'>σειν</span> <span class='ocrx_word' id='word_1_431' title='bbox 2436 2931 2624 2984; x_wconf 75' lang='grc' dir='ltr'>αὐτόν</span> <span class='ocrx_word' id='word_1_432' title='bbox 2650 2947 2661 2960; x_wconf 82' lang='lat'>&#39;</span> <span class='ocrx_word' id='word_1_433' title='bbox 2692 2922 2754 2983; x_wconf 73' lang='grc' dir='ltr'><strong>οὗ</strong></span> <span class='ocrx_word' id='word_1_434' title='bbox 2801 2929 2858 2979; x_wconf 84' lang='grc' dir='ltr'>ὲν</span> <span class='ocrx_word' id='word_1_435' title='bbox 2904 2928 3061 2980; x_wconf 69' lang='grc' dir='ltr'>νυκτὶ</span> <span class='ocrx_word' id='word_1_436' title='bbox 3085 2926 3346 2995; x_wconf 75' lang='grc' dir='ltr'>φυγόντος</span> <span class='ocrx_word' id='word_1_437' title='bbox 3376 2924 3470 2977; x_wconf 71' lang='grc' dir='ltr'><strong>καὶ</strong></span> <span class='ocrx_word' id='word_1_438' title='bbox 3490 2922 3783 2995; x_wconf 78' lang='grc' dir='ltr'>ρυσθέντος</span> <span class='ocrx_word' id='word_1_439' title='bbox 3804 2923 3859 2974; x_wconf 75' lang='grc' dir='ltr'><strong>ὲκ</strong></span> 
     </span>
    </p>
   </div>
   <div class='ocr_carea' id='block_1_59' title="bbox 2276 3016 3858 3098">
    <p class='ocr_par' dir='ltr' id='par_1_59' title="bbox 2276 3016 3858 3098">
     <span class='ocr_line' id='line_1_59' title="bbox 2276 3016 3858 3098; baseline -0.008 -19"><span class='ocrx_word' id='word_1_440' title='bbox 2276 3026 2458 3098; x_wconf 74' lang='grc' dir='ltr'>χειρὸς</span> <span class='ocrx_word' id='word_1_441' title='bbox 2474 3024 2567 3077; x_wconf 83' lang='grc' dir='ltr'>τοῦ</span> <span class='ocrx_word' id='word_1_442' title='bbox 2593 3022 2862 3092; x_wconf 79' lang='grc' dir='ltr'>φονώδους</span> <span class='ocrx_word' id='word_1_443' title='bbox 2881 3019 3144 3090; x_wconf 83' lang='grc' dir='ltr'>Ἡρώδου,</span> <span class='ocrx_word' id='word_1_444' title='bbox 3178 3020 3273 3071; x_wconf 77' lang='grc' dir='ltr'><strong>καὶ</strong></span> <span class='ocrx_word' id='word_1_445' title='bbox 3303 3018 3483 3089; x_wconf 82' lang='grc' dir='ltr'>πάσης</span> <span class='ocrx_word' id='word_1_446' title='bbox 3513 3016 3611 3087; x_wconf 83' lang='grc' dir='ltr'>τῆς</span> <span class='ocrx_word' id='word_1_447' title='bbox 3637 3016 3858 3087; x_wconf 72' lang='grc' dir='ltr'>προσδο-</span> 
     </span>
    </p>
   </div>
   <div class='ocr_carea' id='block_1_60' title="bbox 2279 3106 3858 3181">
    <p class='ocr_par' dir='ltr' id='par_1_60' title="bbox 2279 3106 3858 3181">
     <span class='ocr_line' id='line_1_60' title="bbox 2279 3106 3858 3181; baseline -0.01 -10"><span class='ocrx_word' id='word_1_448' title='bbox 2279 3118 2400 3181; x_wconf 88' lang='grc' dir='ltr'>κίας</span> <span class='ocrx_word' id='word_1_449' title='bbox 2428 3116 2519 3170; x_wconf 74' lang='grc' dir='ltr'>τοῦ</span> <span class='ocrx_word' id='word_1_450' title='bbox 2538 3113 2670 3168; x_wconf 78' lang='grc' dir='ltr'>λαοῦ</span> <span class='ocrx_word' id='word_1_451' title='bbox 2688 3112 2794 3166; x_wconf 82' lang='grc' dir='ltr'><strong>τῶν</strong></span> <span class='ocrx_word' id='word_1_452' title='bbox 2810 3112 3099 3171; x_wconf 82' lang='grc' dir='ltr'>Ἰουδαίων.</span> <span class='ocrx_word' id='word_1_453' title='bbox 3118 3108 3239 3163; x_wconf 85' lang='grc' dir='ltr'>κατ’</span> <span class='ocrx_word' id='word_1_454' title='bbox 3259 3108 3478 3180; x_wconf 76' lang='grc' dir='ltr'>ἐντολὴν</span> <span class='ocrx_word' id='word_1_455' title='bbox 3500 3106 3739 3175; x_wconf 75' lang='grc' dir='ltr'>ἀγγέλου</span> <span class='ocrx_word' id='word_1_456' title='bbox 3758 3106 3858 3157; x_wconf 78' lang='lat' dir='ltr'><strong>Ku-</strong></span> 
     </span>
    </p>
   </div>
   <div class='ocr_carea' id='block_1_61' title="bbox 588 3194 2171 3312">
    <p class='ocr_par' dir='ltr' id='par_1_61' title="bbox 588 3194 2170 3312">
     <span class='ocr_line' id='line_1_61' title="bbox 588 3194 2170 3270; baseline 0.003 -19"><span class='ocrx_word' id='word_1_457' title='bbox 588 3205 721 3251; x_wconf 83' lang='lat' dir='ltr'><strong>csset</strong></span> <span class='ocrx_word' id='word_1_458' title='bbox 769 3194 945 3251; x_wconf 85' lang='lat' dir='ltr'><strong>Petro.</strong></span> <span class='ocrx_word' id='word_1_459' title='bbox 977 3194 1211 3251; x_wconf 81' lang='lat' dir='ltr'><strong>Herodes</strong></span> <span class='ocrx_word' id='word_1_460' title='bbox 1247 3206 1420 3251; x_wconf 91' lang='lat' dir='ltr'><strong>autem</strong></span> <span class='ocrx_word' id='word_1_461' title='bbox 1451 3215 1569 3251; x_wconf 82' lang='lat' dir='ltr'><strong>cum</strong></span> <span class='ocrx_word' id='word_1_462' title='bbox 1598 3215 1716 3252; x_wconf 88' lang='lat' dir='ltr'><strong>eum</strong></span> <span class='ocrx_word' id='word_1_463' title='bbox 1746 3201 2092 3270; x_wconf 62' lang='lat' dir='ltr'><strong>quaesivisset,</strong></span> <span class='ocrx_word' id='word_1_464' title='bbox 2121 3214 2170 3257; x_wconf 90' lang='lat' dir='ltr'><strong>et</strong></span> 
     </span>
     <span class='ocr_line' id='line_1_62' title="bbox 589 3288 2136 3312; baseline 0 0"><span class='ocrx_word' id='word_1_465' title='bbox 589 3304 692 3312; x_wconf 67' lang='grc' dir='ltr'><strong>-.-μ</strong></span> <span class='ocrx_word' id='word_1_466' title='bbox 736 3288 1014 3312; x_wconf 65' lang='grc' dir='ltr'><strong>2..-.Α.-ἔ---ι</strong></span> <span class='ocrx_word' id='word_1_467' title='bbox 1101 3288 1454 3312; x_wconf 72' lang='lat' dir='ltr'><strong>.‘._e-.._....-s--</strong></span> <span class='ocrx_word' id='word_1_468' title='bbox 1522 3288 1753 3312; x_wconf 59' lang='lat' dir='ltr'><strong>-..-.-J--</strong></span> <span class='ocrx_word' id='word_1_469' title='bbox 1806 3289 1956 3312; x_wconf 69' lang='grc'><strong>2-.--3.</strong></span> <span class='ocrx_word' id='word_1_470' title='bbox 2010 3293 2136 3312; x_wconf 49' lang='grc' dir='ltr'><strong>,υΔε</strong></span> 
     </span>
    </p>
   </div>
   <div class='ocr_carea' id='block_1_62' title="bbox 2281 3194 3863 3312">
    <p class='ocr_par' dir='ltr' id='par_1_62' title="bbox 2281 3194 3863 3280">
     <span class='ocr_line' id='line_1_63' title="bbox 2281 3194 3863 3280; baseline -0.009 -18"><span class='ocrx_word' id='word_1_471' title='bbox 2281 3204 2786 3280; x_wconf 76' lang='grc' dir='ltr'>ρίου,Γενομένης,</span> <span class='ocrx_word' id='word_1_472' title='bbox 2803 3220 2877 3274; x_wconf 82' lang='grc' dir='ltr'><strong>φη</strong></span> <span class='ocrx_word' id='word_1_473' title='bbox 2887 3203 2989 3267; x_wconf 74' lang='lat' dir='ltr'><strong>civ,</strong></span> <span class='ocrx_word' id='word_1_474' title='bbox 3008 3195 3339 3269; x_wconf 81' lang='grc' dir='ltr'>ήμέρας,ἦν</span> <span class='ocrx_word' id='word_1_475' title='bbox 3348 3198 3607 3266; x_wconf 82' lang='grc' dir='ltr'>τάραχος</span> <span class='ocrx_word' id='word_1_476' title='bbox 3622 3199 3737 3250; x_wconf 84' lang='grc' dir='ltr'><strong>οὐκ</strong></span> <span class='ocrx_word' id='word_1_477' title='bbox 3750 3194 3863 3248; x_wconf 66' lang='grc' dir='ltr'>ὀλί-</span> 
     </span>
    </p>
   </div>
   <div class='ocr_carea' id='block_1_63' title="bbox 588 3288 2171 3362">
    <p class='ocr_par' dir='ltr' id='par_1_63' title="bbox 588 3288 2171 3362">
     <span class='ocr_line' id='line_1_64' title="bbox 588 3288 2171 3362; baseline 0.004 -22"><span class='ocrx_word' id='word_1_478' title='bbox 588 3304 692 3340; x_wconf 86' lang='lat' dir='ltr'><strong>non</strong></span> <span class='ocrx_word' id='word_1_479' title='bbox 736 3288 1047 3352; x_wconf 86' lang='lat' dir='ltr'><strong>invenisset,</strong></span> <span class='ocrx_word' id='word_1_480' title='bbox 1100 3288 1454 3358; x_wconf 85' lang='lat' dir='ltr'><strong>interrogatos</strong></span> <span class='ocrx_word' id='word_1_481' title='bbox 1515 3288 1754 3343; x_wconf 83' lang='lat' dir='ltr'><strong>custodes</strong></span> <span class='ocrx_word' id='word_1_482' title='bbox 1792 3289 1957 3359; x_wconf 88' lang='lat' dir='ltr'><strong>jussit</strong></span> <span class='ocrx_word' id='word_1_483' title='bbox 2002 3293 2171 3362; x_wconf 72' lang='lat' dir='ltr'><strong>suffo-</strong></span> 
     </span>
    </p>
   </div>
   <div class='ocr_carea' id='block_1_64' title="bbox 587 3379 2174 3452">
    <p class='ocr_par' dir='ltr' id='par_1_64' title="bbox 587 3379 2174 3452">
     <span class='ocr_line' id='line_1_65' title="bbox 587 3379 2174 3452; baseline 0.006 -20"><span class='ocrx_word' id='word_1_484' title='bbox 587 3381 705 3433; x_wconf 85' lang='lat' dir='ltr'><strong>cari</strong></span> <span class='ocrx_word' id='word_1_485' title='bbox 735 3379 802 3447; x_wconf 78' lang='lat'><strong>“,</strong></span> <span class='ocrx_word' id='word_1_486' title='bbox 830 3389 1049 3450; x_wconf 87' lang='lat' dir='ltr'><strong>pr0pter</strong></span> <span class='ocrx_word' id='word_1_487' title='bbox 1072 3395 1212 3450; x_wconf 90' lang='lat' dir='ltr'><strong>quos</strong></span> <span class='ocrx_word' id='word_1_488' title='bbox 1246 3382 1392 3435; x_wconf 89' lang='lat' dir='ltr'><strong>nulla</strong></span> <span class='ocrx_word' id='word_1_489' title='bbox 1426 3384 1584 3452; x_wconf 87' lang='lat' dir='ltr'><strong>culpa</strong></span> <span class='ocrx_word' id='word_1_490' title='bbox 1621 3383 1673 3437; x_wconf 95' lang='lat' dir='ltr'><strong>in</strong></span> <span class='ocrx_word' id='word_1_491' title='bbox 1704 3383 1922 3439; x_wconf 86' lang='lat' dir='ltr'><strong>Petrum</strong></span> <span class='ocrx_word' id='word_1_492' title='bbox 1954 3386 2174 3441; x_wconf 88' lang='lat' dir='ltr'><strong>confer-</strong></span> 
     </span>
    </p>
   </div>
   <div class='ocr_carea' id='block_1_65' title="bbox 591 3472 2174 3544">
    <p class='ocr_par' dir='ltr' id='par_1_65' title="bbox 591 3472 2174 3544">
     <span class='ocr_line' id='line_1_66' title="bbox 591 3472 2174 3544; baseline 0.004 -18"><span class='ocrx_word' id='word_1_493' title='bbox 591 3481 679 3526; x_wconf 88' lang='lat' dir='ltr'><strong>tur</strong></span> <span class='ocrx_word' id='word_1_494' title='bbox 710 3490 723 3527; x_wconf 91' lang='lat'><strong>:</strong></span> <span class='ocrx_word' id='word_1_495' title='bbox 753 3472 949 3527; x_wconf 86' lang='lat' dir='ltr'><strong>licebat</strong></span> <span class='ocrx_word' id='word_1_496' title='bbox 975 3473 1119 3527; x_wconf 89' lang='lat' dir='ltr'><strong>enim</strong></span> <span class='ocrx_word' id='word_1_497' title='bbox 1156 3472 1236 3527; x_wconf 88' lang='lat' dir='ltr'><strong>eis</strong></span> <span class='ocrx_word' id='word_1_498' title='bbox 1282 3474 1373 3527; x_wconf 89' lang='lat' dir='ltr'><strong>illo</strong></span> <span class='ocrx_word' id='word_1_499' title='bbox 1415 3474 1534 3528; x_wconf 83' lang='lat' dir='ltr'><strong>viso</strong></span> <span class='ocrx_word' id='word_1_500' title='bbox 1560 3476 1702 3544; x_wconf 86' lang='lat' dir='ltr'><strong>quod</strong></span> <span class='ocrx_word' id='word_1_501' title='bbox 1747 3476 1951 3532; x_wconf 87' lang='lat' dir='ltr'><strong>factum</strong></span> <span class='ocrx_word' id='word_1_502' title='bbox 1998 3479 2174 3533; x_wconf 84' lang='lat' dir='ltr'><strong>fuerat</strong></span> 
     </span>
    </p>
   </div>
   <div class='ocr_carea' id='block_1_66' title="bbox 591 3564 2176 3640">
    <p class='ocr_par' dir='ltr' id='par_1_66' title="bbox 591 3564 2176 3640">
     <span class='ocr_line' id='line_1_67' title="bbox 591 3564 2176 3640; baseline 0.004 -21"><span class='ocrx_word' id='word_1_503' title='bbox 591 3564 857 3635; x_wconf 77' lang='lat' dir='ltr'><strong>effugere;</strong></span> <span class='ocrx_word' id='word_1_504' title='bbox 887 3566 1028 3620; x_wconf 87' lang='lat' dir='ltr'><strong>sicut</strong></span> <span class='ocrx_word' id='word_1_505' title='bbox 1060 3574 1115 3621; x_wconf 88' lang='lat' dir='ltr'><strong>et</strong></span> <span class='ocrx_word' id='word_1_506' title='bbox 1148 3581 1340 3622; x_wconf 87' lang='lat' dir='ltr'><strong>omnes</strong></span> <span class='ocrx_word' id='word_1_507' title='bbox 1368 3568 1600 3625; x_wconf 74' lang='lat' dir='ltr'><strong>infantes</strong></span> <span class='ocrx_word' id='word_1_508' title='bbox 1628 3572 1720 3640; x_wconf 88' lang='lat' dir='ltr'><strong>qui</strong></span> <span class='ocrx_word' id='word_1_509' title='bbox 1749 3582 1901 3625; x_wconf 90' lang='lat' dir='ltr'><strong>erant</strong></span> <span class='ocrx_word' id='word_1_510' title='bbox 1930 3572 1983 3625; x_wconf 92' lang='lat' dir='ltr'><strong>in</strong></span> <span class='ocrx_word' id='word_1_511' title='bbox 2012 3571 2176 3627; x_wconf 81' lang='lat' dir='ltr'><strong>Beth-</strong></span> 
     </span>
    </p>
   </div>
   <div class='ocr_carea' id='block_1_67' title="bbox 589 3660 2177 3731">
    <p class='ocr_par' dir='ltr' id='par_1_67' title="bbox 589 3660 2177 3731">
     <span class='ocr_line' id='line_1_68' title="bbox 589 3660 2177 3731; baseline 0.004 -17"><span class='ocrx_word' id='word_1_512' title='bbox 589 3660 837 3714; x_wconf 73' lang='lat' dir='ltr'><strong>lehem”</strong></span> <span class='ocrx_word' id='word_1_513' title='bbox 873 3668 929 3715; x_wconf 87' lang='lat' dir='ltr'><strong>et</strong></span> <span class='ocrx_word' id='word_1_514' title='bbox 973 3660 1028 3714; x_wconf 90' lang='lat' dir='ltr'><strong>in</strong></span> <span class='ocrx_word' id='word_1_515' title='bbox 1072 3661 1330 3717; x_wconf 87' lang='lat' dir='ltr'><strong>omnibus</strong></span> <span class='ocrx_word' id='word_1_516' title='bbox 1376 3662 1496 3731; x_wconf 85' lang='lat' dir='ltr'><strong>ejus</strong></span> <span class='ocrx_word' id='word_1_517' title='bbox 1539 3663 1758 3727; x_wconf 87' lang='lat' dir='ltr'><strong>tinibus,</strong></span> <span class='ocrx_word' id='word_1_518' title='bbox 1796 3664 1841 3718; x_wconf 87' lang='lat' dir='ltr'><strong>si</strong></span> <span class='ocrx_word' id='word_1_519' title='bbox 1886 3665 2177 3721; x_wconf 85' lang='lat' dir='ltr'><strong>scivissent</strong></span> 
     </span>
    </p>
   </div>
   <div class='ocr_carea' id='block_1_68' title="bbox 587 3753 2177 3825">
    <p class='ocr_par' dir='ltr' id='par_1_68' title="bbox 587 3753 2177 3825">
     <span class='ocr_line' id='line_1_69' title="bbox 587 3753 2177 3825; baseline 0.007 -24"><span class='ocrx_word' id='word_1_520' title='bbox 587 3768 779 3807; x_wconf 71' lang='lat' dir='ltr'><strong>eorum</strong></span> <span class='ocrx_word' id='word_1_521' title='bbox 812 3759 1069 3822; x_wconf 90' lang='lat' dir='ltr'><strong>parentes</strong></span> <span class='ocrx_word' id='word_1_522' title='bbox 1102 3753 1247 3822; x_wconf 92' lang='lat' dir='ltr'><strong>quod</strong></span> <span class='ocrx_word' id='word_1_523' title='bbox 1294 3762 1413 3808; x_wconf 89' lang='lat' dir='ltr'><strong>erat</strong></span> <span class='ocrx_word' id='word_1_524' title='bbox 1444 3754 1689 3809; x_wconf 87' lang='lat' dir='ltr'><strong>futurum</strong></span> <span class='ocrx_word' id='word_1_525' title='bbox 1728 3774 1741 3808; x_wconf 88' lang='lat'><strong>:</strong></span> <span class='ocrx_word' id='word_1_526' title='bbox 1775 3756 1867 3825; x_wconf 91' lang='lat' dir='ltr'><strong>qui</strong></span> <span class='ocrx_word' id='word_1_527' title='bbox 1904 3771 1934 3809; x_wconf 83' lang='lat' dir='ltr'><strong>a</strong></span> <span class='ocrx_word' id='word_1_528' title='bbox 1968 3756 2177 3812; x_wconf 88' lang='lat' dir='ltr'><strong>crudeli</strong></span> 
     </span>
    </p>
   </div>
   <div class='ocr_carea' id='block_1_69' title="bbox 588 3841 2176 3914">
    <p class='ocr_par' dir='ltr' id='par_1_69' title="bbox 588 3841 2176 3914">
     <span class='ocr_line' id='line_1_70' title="bbox 588 3841 2176 3914; baseline 0.004 -17"><span class='ocrx_word' id='word_1_529' title='bbox 588 3842 862 3897; x_wconf 79' lang='lat' dir='ltr'><strong>homicida</strong></span> <span class='ocrx_word' id='word_1_530' title='bbox 903 3841 1113 3897; x_wconf 89' lang='lat' dir='ltr'><strong>llerodc</strong></span> <span class='ocrx_word' id='word_1_531' title='bbox 1150 3844 1349 3898; x_wconf 84' lang='lat' dir='ltr'><strong>sublati</strong></span> <span class='ocrx_word' id='word_1_532' title='bbox 1398 3854 1544 3907; x_wconf 88' lang='lat' dir='ltr'><strong>sunt,</strong></span> <span class='ocrx_word' id='word_1_533' title='bbox 1579 3854 1638 3899; x_wconf 94' lang='lat' dir='ltr'><strong>ut</strong></span> <span class='ocrx_word' id='word_1_534' title='bbox 1682 3861 1824 3901; x_wconf 88' lang='lat' dir='ltr'><strong>unus</strong></span> <span class='ocrx_word' id='word_1_535' title='bbox 1868 3847 1961 3914; x_wconf 88' lang='lat' dir='ltr'><strong>qui</strong></span> <span class='ocrx_word' id='word_1_536' title='bbox 1995 3847 2063 3901; x_wconf 86' lang='lat' dir='ltr'><strong>ab</strong></span> <span class='ocrx_word' id='word_1_537' title='bbox 2109 3863 2176 3903; x_wconf 87' lang='lat' dir='ltr'><strong>eo</strong></span> 
     </span>
    </p>
   </div>
   <div class='ocr_carea' id='block_1_70' title="bbox 588 3938 2175 4012">
    <p class='ocr_par' dir='ltr' id='par_1_70' title="bbox 588 3938 2175 4012">
     <span class='ocr_line' id='line_1_71' title="bbox 588 3938 2175 4012; baseline 0.004 -24"><span class='ocrx_word' id='word_1_538' title='bbox 588 3938 934 4001; x_wconf 67' lang='lat' dir='ltr'><strong>quaerebatur</strong></span> <span class='ocrx_word' id='word_1_539' title='bbox 980 3938 1158 3991; x_wconf 80' lang='lat' dir='ltr'><strong>infans</strong></span> <span class='ocrx_word' id='word_1_540' title='bbox 1206 3939 1429 4007; x_wconf 86' lang='lat' dir='ltr'><strong>periret,</strong></span> <span class='ocrx_word' id='word_1_541' title='bbox 1461 3938 1552 4007; x_wconf 90' lang='lat' dir='ltr'><strong>qui</strong></span> <span class='ocrx_word' id='word_1_542' title='bbox 1589 3947 1641 3992; x_wconf 90' lang='lat' dir='ltr'><strong>et</strong></span> <span class='ocrx_word' id='word_1_543' title='bbox 1669 3939 1785 4008; x_wconf 90' lang='lat' dir='ltr'><strong>ipse</strong></span> <span class='ocrx_word' id='word_1_544' title='bbox 1812 3941 1971 4009; x_wconf 83' lang='lat' dir='ltr'><strong>jussu</strong></span> <span class='ocrx_word' id='word_1_545' title='bbox 2001 3941 2175 4012; x_wconf 79' lang='lat' dir='ltr'><strong>angeli</strong></span> 
     </span>
    </p>
   </div>
   <div class='ocr_carea' id='block_1_71' title="bbox 594 4028 2177 4102">
    <p class='ocr_par' dir='ltr' id='par_1_71' title="bbox 594 4028 2177 4102">
     <span class='ocr_line' id='line_1_72' title="bbox 594 4028 2177 4102; baseline 0.006 -22"><span class='ocrx_word' id='word_1_546' title='bbox 594 4028 685 4083; x_wconf 80' lang='lat' dir='ltr'><strong>hei</strong></span> <span class='ocrx_word' id='word_1_547' title='bbox 730 4028 938 4099; x_wconf 77' lang='lat' dir='ltr'><strong>eﬂ‘ugit,</strong></span> <span class='ocrx_word' id='word_1_548' title='bbox 974 4030 1069 4098; x_wconf 89' lang='lat' dir='ltr'><strong>qui</strong></span> <span class='ocrx_word' id='word_1_549' title='bbox 1100 4030 1351 4084; x_wconf 77' lang='lat' dir='ltr'><strong>celeriter</strong></span> <span class='ocrx_word' id='word_1_550' title='bbox 1392 4030 1502 4100; x_wconf 84' lang='lat' dir='ltr'><strong>jam</strong></span> <span class='ocrx_word' id='word_1_551' title='bbox 1540 4042 1779 4101; x_wconf 69' lang='lat' dir='ltr'><strong>cmperat</strong></span> <span class='ocrx_word' id='word_1_552' title='bbox 1825 4035 1995 4102; x_wconf 84' lang='lat' dir='ltr'><strong>spolia</strong></span> <span class='ocrx_word' id='word_1_553' title='bbox 2029 4037 2177 4090; x_wconf 83' lang='lat' dir='ltr'><strong>acci-</strong></span> 
     </span>
    </p>
   </div>
   <div class='ocr_carea' id='block_1_72' title="bbox 591 4121 2177 4193">
    <p class='ocr_par' dir='ltr' id='par_1_72' title="bbox 591 4121 2177 4193">
     <span class='ocr_line' id='line_1_73' title="bbox 591 4121 2177 4193; baseline 0.004 -22"><span class='ocrx_word' id='word_1_554' title='bbox 591 4135 740 4189; x_wconf 84' lang='lat' dir='ltr'><strong>pere,</strong></span> <span class='ocrx_word' id='word_1_555' title='bbox 775 4128 829 4173; x_wconf 88' lang='lat' dir='ltr'><strong>et</strong></span> <span class='ocrx_word' id='word_1_556' title='bbox 860 4121 1060 4175; x_wconf 83' lang='lat' dir='ltr'><strong>acriter</strong></span> <span class='ocrx_word' id='word_1_557' title='bbox 1108 4134 1465 4190; x_wconf 69' lang='lat' dir='ltr'><strong>praepascerc,</strong></span> <span class='ocrx_word' id='word_1_558' title='bbox 1517 4124 1816 4177; x_wconf 86' lang='lat' dir='ltr'><strong>secundum</strong></span> <span class='ocrx_word' id='word_1_559' title='bbox 1859 4125 2177 4193; x_wconf 80' lang='lat' dir='ltr'><strong>appellatio-</strong></span> 
     </span>
    </p>
   </div>
   <div class='ocr_carea' id='block_1_73' title="bbox 526 4210 2180 4283">
    <p class='ocr_par' dir='ltr' id='par_1_73' title="bbox 526 4210 2180 4283">
     <span class='ocr_line' id='line_1_74' title="bbox 526 4210 2180 4283; baseline 0.005 -21"><span class='ocrx_word' id='word_1_560' title='bbox 526 4210 541 4223; x_wconf 83' lang='lat'><strong><em>&#39;</em></strong></span> <span class='ocrx_word' id='word_1_561' title='bbox 596 4227 717 4265; x_wconf 90' lang='lat' dir='ltr'><strong>nem</strong></span> <span class='ocrx_word' id='word_1_562' title='bbox 743 4211 1004 4275; x_wconf 89' lang='lat' dir='ltr'><strong>nominis,</strong></span> <span class='ocrx_word' id='word_1_563' title='bbox 1065 4212 1527 4281; x_wconf 87' lang='lat' dir='ltr'><strong>quemadmodum</strong></span> <span class='ocrx_word' id='word_1_564' title='bbox 1584 4215 1848 4283; x_wconf 84' lang='lat' dir='ltr'><strong>scriptum</strong></span> <span class='ocrx_word' id='word_1_565' title='bbox 1880 4226 2001 4270; x_wconf 86' lang='lat' dir='ltr'><strong>est:</strong></span> <span class='ocrx_word' id='word_1_566' title='bbox 2039 4215 2180 4271; x_wconf 86' lang='lat' dir='ltr'><strong>Voca</strong></span> 
     </span>
    </p>
   </div>
   <div class='ocr_carea' id='block_1_74' title="bbox 589 4304 2176 4377">
    <p class='ocr_par' dir='ltr' id='par_1_74' title="bbox 589 4304 2176 4377">
     <span class='ocr_line' id='line_1_75' title="bbox 589 4304 2176 4377; baseline 0.006 -22"><span class='ocrx_word' id='word_1_567' title='bbox 589 4320 773 4357; x_wconf 81' lang='lat' dir='ltr'><strong>nomen</strong></span> <span class='ocrx_word' id='word_1_568' title='bbox 804 4304 942 4372; x_wconf 79' lang='lat' dir='ltr'><strong>ejus,</strong></span> <span class='ocrx_word' id='word_1_569' title='bbox 989 4305 1227 4358; x_wconf 88' lang='lat' dir='ltr'><strong>celeriter</strong></span> <span class='ocrx_word' id='word_1_570' title='bbox 1255 4305 1447 4374; x_wconf 90' lang='lat' dir='ltr'><strong>spolia,</strong></span> <span class='ocrx_word' id='word_1_571' title='bbox 1482 4306 1728 4361; x_wconf 82' lang='lat' dir='ltr'><strong>velociter</strong></span> <span class='ocrx_word' id='word_1_572' title='bbox 1755 4309 2090 4377; x_wconf 77' lang='lat' dir='ltr'><strong>depopulare,</strong></span> <span class='ocrx_word' id='word_1_573' title='bbox 2118 4328 2176 4364; x_wconf 88' lang='lat' dir='ltr'><strong>eo</strong></span> 
     </span>
    </p>
   </div>
   <div class='ocr_carea' id='block_1_75' title="bbox 587 4397 2177 4471">
    <p class='ocr_par' dir='ltr' id='par_1_75' title="bbox 587 4397 2177 4471">
     <span class='ocr_line' id='line_1_76' title="bbox 587 4397 2177 4471; baseline 0.005 -22"><span class='ocrx_word' id='word_1_574' title='bbox 587 4397 725 4467; x_wconf 87' lang='lat' dir='ltr'><strong>quod</strong></span> <span class='ocrx_word' id='word_1_575' title='bbox 758 4397 1068 4466; x_wconf 85' lang='lat' dir='ltr'><strong>priusquam</strong></span> <span class='ocrx_word' id='word_1_576' title='bbox 1098 4398 1278 4467; x_wconf 80' lang='lat' dir='ltr'><strong>infans</strong></span> <span class='ocrx_word' id='word_1_577' title='bbox 1325 4400 1461 4453; x_wconf 85' lang='lat' dir='ltr'><strong>sciat</strong></span> <span class='ocrx_word' id='word_1_578' title='bbox 1511 4416 1695 4454; x_wconf 90' lang='lat' dir='ltr'><strong>vocare</strong></span> <span class='ocrx_word' id='word_1_579' title='bbox 1733 4411 1938 4471; x_wconf 85' lang='lat' dir='ltr'><strong>patrem</strong></span> <span class='ocrx_word' id='word_1_580' title='bbox 1970 4412 2021 4457; x_wconf 89' lang='lat' dir='ltr'><strong>et</strong></span> <span class='ocrx_word' id='word_1_581' title='bbox 2062 4421 2177 4457; x_wconf 91' lang='lat' dir='ltr'><strong>ma-</strong></span> 
     </span>
    </p>
   </div>
   <div class='ocr_carea' id='block_1_76' title="bbox 588 4490 2177 4562">
    <p class='ocr_par' dir='ltr' id='par_1_76' title="bbox 588 4490 2177 4562">
     <span class='ocr_line' id='line_1_77' title="bbox 588 4490 2177 4562; baseline 0.007 -22"><span class='ocrx_word' id='word_1_582' title='bbox 588 4498 740 4551; x_wconf 74' lang='lat' dir='ltr'><strong>trem,</strong></span> <span class='ocrx_word' id='word_1_583' title='bbox 776 4491 945 4557; x_wconf 90' lang='lat' dir='ltr'><strong>capiet</strong></span> <span class='ocrx_word' id='word_1_584' title='bbox 975 4500 1287 4556; x_wconf 89' lang='lat' dir='ltr'><strong>potestatem</strong></span> <span class='ocrx_word' id='word_1_585' title='bbox 1321 4490 1572 4545; x_wconf 85' lang='lat' dir='ltr'><strong>Damasci</strong></span> <span class='ocrx_word' id='word_1_586' title='bbox 1607 4503 1655 4547; x_wconf 89' lang='lat' dir='ltr'><strong>et</strong></span> <span class='ocrx_word' id='word_1_587' title='bbox 1684 4494 1855 4562; x_wconf 86' lang='lat' dir='ltr'><strong>spolia</strong></span> <span class='ocrx_word' id='word_1_588' title='bbox 1892 4493 2177 4561; x_wconf 74' lang='lat' dir='ltr'><strong>Samariw,</strong></span> 
     </span>
    </p>
   </div>
   <div class='ocr_carea' id='block_1_77' title="bbox 2278 3289 3859 3374">
    <p class='ocr_par' dir='ltr' id='par_1_77' title="bbox 2278 3289 3859 3374">
     <span class='ocr_line' id='line_1_78' title="bbox 2278 3289 3859 3374; baseline -0.01 -17"><span class='ocrx_word' id='word_1_589' title='bbox 2278 3321 2382 3374; x_wconf 72' lang='grc' dir='ltr'>τος</span> <span class='ocrx_word' id='word_1_590' title='bbox 2399 3302 2469 3355; x_wconf 75' lang='grc' dir='ltr'>ἐν</span> <span class='ocrx_word' id='word_1_591' title='bbox 2488 3300 2603 3366; x_wconf 80' lang='grc' dir='ltr'>τοῖς</span> <span class='ocrx_word' id='word_1_592' title='bbox 2622 3295 3034 3367; x_wconf 75' lang='grc' dir='ltr'>στρατιώταις,</span> <span class='ocrx_word' id='word_1_593' title='bbox 3059 3295 3115 3347; x_wconf 85' lang='grc' dir='ltr'><strong>τί</strong></span> <span class='ocrx_word' id='word_1_594' title='bbox 3136 3294 3248 3363; x_wconf 78' lang='grc' dir='ltr'>ἄρα</span> <span class='ocrx_word' id='word_1_595' title='bbox 3275 3295 3308 3347; x_wconf 86' lang='grc' dir='ltr'><em>ό</em></span> <span class='ocrx_word' id='word_1_596' title='bbox 3348 3292 3569 3359; x_wconf 80' lang='grc' dir='ltr'>Πέτρος</span> <span class='ocrx_word' id='word_1_597' title='bbox 3589 3289 3824 3360; x_wconf 74' lang='grc' dir='ltr'>ἐγένετο</span> <span class='ocrx_word' id='word_1_598' title='bbox 3843 3304 3859 3321; x_wconf 74' lang='grc' dir='ltr'>ο</span> 
     </span>
    </p>
   </div>
   <div class='ocr_carea' id='block_1_78' title="bbox 2295 3383 3861 3461">
    <p class='ocr_par' dir='ltr' id='par_1_78' title="bbox 2295 3383 3861 3461">
     <span class='ocr_line' id='line_1_79' title="bbox 2295 3383 3861 3461; baseline -0.01 -12"><span class='ocrx_word' id='word_1_599' title='bbox 2295 3392 2549 3461; x_wconf 81' lang='grc' dir='ltr'>Ἡρώδης</span> <span class='ocrx_word' id='word_1_600' title='bbox 2570 3390 2639 3444; x_wconf 78' lang='grc' dir='ltr'>δὲ</span> <span class='ocrx_word' id='word_1_601' title='bbox 2675 3387 3035 3457; x_wconf 78' lang='grc' dir='ltr'>ἐπιζητήσας</span> <span class='ocrx_word' id='word_1_602' title='bbox 3064 3387 3251 3440; x_wconf 75' lang='grc' dir='ltr'>αὑτὸν</span> <span class='ocrx_word' id='word_1_603' title='bbox 3274 3384 3371 3439; x_wconf 75' lang='grc' dir='ltr'><strong>καὶ</strong></span> <span class='ocrx_word' id='word_1_604' title='bbox 3388 3385 3474 3454; x_wconf 78' lang='grc' dir='ltr'>μὴ</span> <span class='ocrx_word' id='word_1_605' title='bbox 3494 3384 3707 3450; x_wconf 74' lang='grc' dir='ltr'>εὑρὼν,</span> <span class='ocrx_word' id='word_1_606' title='bbox 3729 3383 3861 3435; x_wconf 81' lang='lat' dir='ltr'><strong>dra-</strong></span> 
     </span>
    </p>
   </div>
   <div class='ocr_carea' id='block_1_79' title="bbox 2281 3473 3860 3555">
    <p class='ocr_par' dir='ltr' id='par_1_79' title="bbox 2281 3473 3860 3555">
     <span class='ocr_line' id='line_1_80' title="bbox 2281 3473 3860 3555; baseline -0.008 -16"><span class='ocrx_word' id='word_1_607' title='bbox 2281 3486 2490 3555; x_wconf 82' lang='grc' dir='ltr'>κρίνας</span> <span class='ocrx_word' id='word_1_608' title='bbox 2507 3483 2649 3549; x_wconf 88' lang='grc' dir='ltr'>τοὺς</span> <span class='ocrx_word' id='word_1_609' title='bbox 2666 3483 2947 3552; x_wconf 66' lang='grc' dir='ltr'>φύλακας</span> <span class='ocrx_word' id='word_1_610' title='bbox 2964 3478 3295 3533; x_wconf 75' lang='grc' dir='ltr'>ἐκέλευσεν</span> <span class='ocrx_word' id='word_1_611' title='bbox 3309 3475 3672 3547; x_wconf 81' lang='grc' dir='ltr'><strong>ἀπαχθῆναι·</strong></span> <span class='ocrx_word' id='word_1_612' title='bbox 3690 3476 3761 3528; x_wconf 76' lang='grc' dir='ltr'>δι’</span> <span class='ocrx_word' id='word_1_613' title='bbox 3780 3473 3860 3536; x_wconf 78' lang='grc' dir='ltr'>οὓς</span> 
     </span>
    </p>
   </div>
   <div class='ocr_carea' id='block_1_80' title="bbox 2280 3568 3859 3646">
    <p class='ocr_par' dir='ltr' id='par_1_80' title="bbox 2280 3568 3859 3646">
     <span class='ocr_line' id='line_1_81' title="bbox 2280 3568 3859 3646; baseline -0.008 -17"><span class='ocrx_word' id='word_1_614' title='bbox 2280 3575 2507 3646; x_wconf 75' lang='grc' dir='ltr'>οὐδεμία</span> <span class='ocrx_word' id='word_1_615' title='bbox 2532 3575 2683 3627; x_wconf 78' lang='grc' dir='ltr'>αἰτία</span> <span class='ocrx_word' id='word_1_616' title='bbox 2718 3572 2796 3643; x_wconf 82' lang='grc' dir='ltr'>τῷ</span> <span class='ocrx_word' id='word_1_617' title='bbox 2824 3572 3012 3643; x_wconf 81' lang='grc' dir='ltr'>Πέτρῳ</span> <span class='ocrx_word' id='word_1_618' title='bbox 3034 3573 3409 3643; x_wconf 86' lang='grc' dir='ltr'>προσάπτεται</span> <span class='ocrx_word' id='word_1_619' title='bbox 3435 3584 3450 3600; x_wconf 73' lang='grc'><strong>⁸</strong></span> <span class='ocrx_word' id='word_1_620' title='bbox 3480 3568 3610 3638; x_wconf 80' lang='grc' dir='ltr'><strong>ἑξῆν</strong></span> <span class='ocrx_word' id='word_1_621' title='bbox 3632 3568 3744 3635; x_wconf 70' lang='grc' dir='ltr'>γὰρ</span> <span class='ocrx_word' id='word_1_622' title='bbox 3776 3568 3859 3620; x_wconf 77' lang='grc' dir='ltr'><strong>καὶ</strong></span> 
     </span>
    </p>
   </div>
   <div class='ocr_carea' id='block_1_81' title="bbox 2286 3658 3861 3736">
    <p class='ocr_par' dir='ltr' id='par_1_81' title="bbox 2286 3658 3861 3736">
     <span class='ocr_line' id='line_1_82' title="bbox 2286 3658 3861 3736; baseline -0.007 -16"><span class='ocrx_word' id='word_1_623' title='bbox 2286 3668 2485 3730; x_wconf 77' lang='grc' dir='ltr'>αὐτοὺς</span> <span class='ocrx_word' id='word_1_624' title='bbox 2510 3666 2825 3736; x_wconf 79' lang='grc' dir='ltr'>ἑωρακότας</span> <span class='ocrx_word' id='word_1_625' title='bbox 2856 3664 2918 3717; x_wconf 69' lang='grc' dir='ltr'>τὸ</span> <span class='ocrx_word' id='word_1_626' title='bbox 2939 3664 3230 3732; x_wconf 82' lang='grc' dir='ltr'>γενόμενον</span> <span class='ocrx_word' id='word_1_627' title='bbox 3286 3663 3545 3730; x_wconf 70' lang='grc' dir='ltr'>ἐκφυγεῖν</span> <span class='ocrx_word' id='word_1_628' title='bbox 3571 3676 3586 3689; x_wconf 89' lang='grc'><strong>·</strong></span> <span class='ocrx_word' id='word_1_629' title='bbox 3638 3660 3716 3717; x_wconf 83' lang='grc' dir='ltr'>ὼς</span> <span class='ocrx_word' id='word_1_630' title='bbox 3777 3658 3861 3709; x_wconf 76' lang='grc' dir='ltr'><strong>καὶ</strong></span> 
     </span>
    </p>
   </div>
   <div class='ocr_carea' id='block_1_82' title="bbox 2282 3750 3855 3821">
    <p class='ocr_par' dir='ltr' id='par_1_82' title="bbox 2282 3750 3855 3821">
     <span class='ocr_line' id='line_1_83' title="bbox 2282 3750 3855 3821; baseline -0.004 -16"><span class='ocrx_word' id='word_1_631' title='bbox 2282 3754 2461 3807; x_wconf 83' lang='grc' dir='ltr'>πάντα</span> <span class='ocrx_word' id='word_1_632' title='bbox 2493 3754 2560 3805; x_wconf 75' lang='grc' dir='ltr'>τὰ</span> <span class='ocrx_word' id='word_1_633' title='bbox 2588 3752 2776 3805; x_wconf 74' lang='grc' dir='ltr'>παιδία</span> <span class='ocrx_word' id='word_1_634' title='bbox 2807 3752 2876 3805; x_wconf 82' lang='grc' dir='ltr'>τὰ</span> <span class='ocrx_word' id='word_1_635' title='bbox 2909 3753 2967 3803; x_wconf 85' lang='grc' dir='ltr'><strong>έν</strong></span> <span class='ocrx_word' id='word_1_636' title='bbox 3032 3750 3278 3821; x_wconf 80' lang='grc' dir='ltr'>Βηθλεὲμ</span> <span class='ocrx_word' id='word_1_637' title='bbox 3332 3751 3428 3803; x_wconf 77' lang='grc' dir='ltr'><strong>καὶ</strong></span> <span class='ocrx_word' id='word_1_638' title='bbox 3487 3752 3547 3802; x_wconf 82' lang='grc' dir='ltr'>ὲν</span> <span class='ocrx_word' id='word_1_639' title='bbox 3584 3751 3723 3803; x_wconf 79' lang='grc' dir='ltr'>πᾶσι</span> <span class='ocrx_word' id='word_1_640' title='bbox 3757 3750 3855 3808; x_wconf 79' lang='grc' dir='ltr'>τοῖς</span> 
     </span>
    </p>
   </div>
   <div class='ocr_carea' id='block_1_83' title="bbox 2283 3841 3859 3915">
    <p class='ocr_par' dir='ltr' id='par_1_83' title="bbox 2283 3841 3859 3915">
     <span class='ocr_line' id='line_1_84' title="bbox 2283 3841 3859 3915; baseline -0.004 -17"><span class='ocrx_word' id='word_1_641' title='bbox 2283 3846 2455 3915; x_wconf 86' lang='grc' dir='ltr'>ὁρίοις</span> <span class='ocrx_word' id='word_1_642' title='bbox 2480 3845 2669 3915; x_wconf 80' lang='grc' dir='ltr'>αὐτῆς,</span> <span class='ocrx_word' id='word_1_643' title='bbox 2706 3848 2753 3897; x_wconf 84' lang='grc' dir='ltr'><strong>εί</strong></span> <span class='ocrx_word' id='word_1_644' title='bbox 2784 3844 3120 3912; x_wconf 82' lang='grc' dir='ltr'>ὲγνὼκεισαν</span> <span class='ocrx_word' id='word_1_645' title='bbox 3153 3845 3203 3896; x_wconf 83' lang='grc' dir='ltr'><strong>οί</strong></span> <span class='ocrx_word' id='word_1_646' title='bbox 3237 3845 3418 3911; x_wconf 79' lang='grc' dir='ltr'>γονεῖς</span> <span class='ocrx_word' id='word_1_647' title='bbox 3442 3841 3621 3896; x_wconf 78' lang='grc' dir='ltr'>αὐτῶν</span> <span class='ocrx_word' id='word_1_648' title='bbox 3656 3842 3717 3894; x_wconf 80' lang='grc' dir='ltr'>τὸ</span> <span class='ocrx_word' id='word_1_649' title='bbox 3749 3841 3859 3911; x_wconf 81' lang='grc' dir='ltr'>μέλ-</span> 
     </span>
    </p>
   </div>
   <div class='ocr_carea' id='block_1_84' title="bbox 2282 3933 3856 4006">
    <p class='ocr_par' dir='ltr' id='par_1_84' title="bbox 2282 3933 3856 4006">
     <span class='ocr_line' id='line_1_85' title="bbox 2282 3933 3856 4006; baseline -0.003 -19"><span class='ocrx_word' id='word_1_650' title='bbox 2282 3937 2373 3988; x_wconf 80' lang='grc' dir='ltr'><strong>λον</strong></span> <span class='ocrx_word' id='word_1_651' title='bbox 2404 3936 2647 3998; x_wconf 78' lang='grc' dir='ltr'>ἔσεσθαι,</span> <span class='ocrx_word' id='word_1_652' title='bbox 2683 3935 2827 4006; x_wconf 80' lang='grc' dir='ltr'>άπερ</span> <span class='ocrx_word' id='word_1_653' title='bbox 2859 3934 3208 4006; x_wconf 81' lang='grc' dir='ltr'>ἀνῃρέθησαν</span> <span class='ocrx_word' id='word_1_654' title='bbox 3269 3935 3375 3987; x_wconf 76' lang='grc' dir='ltr'><strong>ὑπὸ</strong></span> <span class='ocrx_word' id='word_1_655' title='bbox 3428 3934 3523 3987; x_wconf 82' lang='grc' dir='ltr'>τοῦ</span> <span class='ocrx_word' id='word_1_656' title='bbox 3582 3933 3856 4003; x_wconf 71' lang='grc' dir='ltr'>μιαιφόνου</span> 
     </span>
    </p>
   </div>
   <div class='ocr_carea' id='block_1_85' title="bbox 2298 4027 3857 4100">
    <p class='ocr_par' dir='ltr' id='par_1_85' title="bbox 2298 4027 3857 4100">
     <span class='ocr_line' id='line_1_86' title="bbox 2298 4027 3857 4100; baseline -0.004 -16"><span class='ocrx_word' id='word_1_657' title='bbox 2298 4030 2541 4100; x_wconf 81' lang='grc' dir='ltr'>Ἡρώδου</span> <span class='ocrx_word' id='word_1_658' title='bbox 2567 4031 2655 4085; x_wconf 84' lang='grc' dir='ltr'><strong>διὰ</strong></span> <span class='ocrx_word' id='word_1_659' title='bbox 2677 4031 2737 4084; x_wconf 78' lang='grc' dir='ltr'>τὸ</span> <span class='ocrx_word' id='word_1_660' title='bbox 2766 4030 2861 4083; x_wconf 84' lang='grc' dir='ltr'><strong>ὑπ’</strong></span> <span class='ocrx_word' id='word_1_661' title='bbox 2888 4029 3055 4083; x_wconf 77' lang='grc' dir='ltr'>αὑτοῦ</span> <span class='ocrx_word' id='word_1_662' title='bbox 3088 4028 3424 4100; x_wconf 82' lang='grc' dir='ltr'>ζητούμενον</span> <span class='ocrx_word' id='word_1_663' title='bbox 3474 4028 3768 4082; x_wconf 80' lang='grc' dir='ltr'>ἀπολέσθαι</span> <span class='ocrx_word' id='word_1_664' title='bbox 3806 4027 3857 4078; x_wconf 79' lang='grc' dir='ltr'>ἓν</span> 
     </span>
    </p>
   </div>
   <div class='ocr_carea' id='block_1_86' title="bbox 2288 4119 3852 4191">
    <p class='ocr_par' dir='ltr' id='par_1_86' title="bbox 2288 4119 3852 4191">
     <span class='ocr_line' id='line_1_87' title="bbox 2288 4119 3852 4191; baseline -0.004 -18"><span class='ocrx_word' id='word_1_665' title='bbox 2288 4121 2524 4187; x_wconf 88' lang='grc' dir='ltr'>παιδίον,</span> <span class='ocrx_word' id='word_1_666' title='bbox 2564 4121 2701 4189; x_wconf 81' lang='grc' dir='ltr'>ὅπερ</span> <span class='ocrx_word' id='word_1_667' title='bbox 2728 4122 2822 4174; x_wconf 72' lang='grc' dir='ltr'><strong>καὶ</strong></span> <span class='ocrx_word' id='word_1_668' title='bbox 2840 4121 2972 4174; x_wconf 84' lang='grc' dir='ltr'>αὐτὸ</span> <span class='ocrx_word' id='word_1_669' title='bbox 2993 4120 3112 4174; x_wconf 86' lang='grc' dir='ltr'>κατ’</span> <span class='ocrx_word' id='word_1_670' title='bbox 3152 4120 3373 4191; x_wconf 80' lang='grc' dir='ltr'>ἐντολὴν</span> <span class='ocrx_word' id='word_1_671' title='bbox 3401 4119 3635 4189; x_wconf 75' lang='grc' dir='ltr'>ἀγγέλου</span> <span class='ocrx_word' id='word_1_672' title='bbox 3663 4119 3852 4189; x_wconf 78' lang='grc' dir='ltr'>Κυρίου</span> 
     </span>
    </p>
   </div>
   <div class='ocr_carea' id='block_1_87' title="bbox 2285 4206 3853 4285">
    <p class='ocr_par' dir='ltr' id='par_1_87' title="bbox 2285 4206 3853 4285">
     <span class='ocr_line' id='line_1_88' title="bbox 2285 4206 3853 4285; baseline -0.002 -19"><span class='ocrx_word' id='word_1_673' title='bbox 2285 4213 2572 4283; x_wconf 67' lang='grc' dir='ltr'>ἐξέφυγεν,</span> <span class='ocrx_word' id='word_1_674' title='bbox 2601 4213 2701 4285; x_wconf 69' lang='grc' dir='ltr'>ήδη</span> <span class='ocrx_word' id='word_1_675' title='bbox 2735 4213 3041 4285; x_wconf 79' lang='grc' dir='ltr'>ἀρξάμενον</span> <span class='ocrx_word' id='word_1_676' title='bbox 3066 4206 3234 4278; x_wconf 77' lang='grc' dir='ltr'>ὀξέως</span> <span class='ocrx_word' id='word_1_677' title='bbox 3264 4213 3547 4267; x_wconf 80' lang='grc' dir='ltr'>σκυλεύειν</span> <span class='ocrx_word' id='word_1_678' title='bbox 3569 4213 3664 4266; x_wconf 80' lang='grc' dir='ltr'><strong>καὶ</strong></span> <span class='ocrx_word' id='word_1_679' title='bbox 3698 4212 3853 4277; x_wconf 79' lang='grc' dir='ltr'>ὀξέως</span> 
     </span>
    </p>
   </div>
   <div class='ocr_carea' id='block_1_88' title="bbox 2285 4310 3853 4383">
    <p class='ocr_par' dir='ltr' id='par_1_88' title="bbox 2285 4310 3853 4383">
     <span class='ocr_line' id='line_1_89' title="bbox 2285 4310 3853 4383; baseline -0.003 -19"><span class='ocrx_word' id='word_1_680' title='bbox 2285 4311 2667 4383; x_wconf 84' lang='grc' dir='ltr'>προνομεύειν,</span> <span class='ocrx_word' id='word_1_681' title='bbox 2694 4313 2837 4364; x_wconf 80' lang='grc' dir='ltr'><strong>κατά</strong></span> <span class='ocrx_word' id='word_1_682' title='bbox 2860 4312 2958 4382; x_wconf 80' lang='grc' dir='ltr'>τὴν</span> <span class='ocrx_word' id='word_1_683' title='bbox 2994 4312 3283 4381; x_wconf 78' lang='grc' dir='ltr'>ἐπίκλησιν</span> <span class='ocrx_word' id='word_1_684' title='bbox 3314 4310 3409 4365; x_wconf 81' lang='grc' dir='ltr'>τοῦ</span> <span class='ocrx_word' id='word_1_685' title='bbox 3451 4311 3724 4381; x_wconf 79' lang='grc' dir='ltr'>ὀνόματος,</span> <span class='ocrx_word' id='word_1_686' title='bbox 3763 4326 3853 4362; x_wconf 73' lang='lat' dir='ltr'><strong>xa-</strong></span> 
     </span>
    </p>
   </div>
   <div class='ocr_carea' id='block_1_89' title="bbox 2286 4401 3851 4475">
    <p class='ocr_par' dir='ltr' id='par_1_89' title="bbox 2286 4401 3851 4475">
     <span class='ocr_line' id='line_1_90' title="bbox 2286 4401 3851 4475; baseline -0.003 -18"><span class='ocrx_word' id='word_1_687' title='bbox 2286 4404 2391 4469; x_wconf 88' lang='grc' dir='ltr'>θὼς</span> <span class='ocrx_word' id='word_1_688' title='bbox 2431 4406 2763 4475; x_wconf 80' lang='grc' dir='ltr'>γέγραπται·</span> <span class='ocrx_word' id='word_1_689' title='bbox 2792 4406 3069 4458; x_wconf 74' lang='grc' dir='ltr'>Κάλεσον</span> <span class='ocrx_word' id='word_1_690' title='bbox 3094 4403 3162 4457; x_wconf 86' lang='grc' dir='ltr'>τὸ</span> <span class='ocrx_word' id='word_1_691' title='bbox 3190 4404 3379 4471; x_wconf 79' lang='grc' dir='ltr'>ὄνομα</span> <span class='ocrx_word' id='word_1_692' title='bbox 3409 4404 3616 4467; x_wconf 81' lang='grc' dir='ltr'>αὐτοῦ,</span> <span class='ocrx_word' id='word_1_693' title='bbox 3646 4401 3851 4469; x_wconf 78' lang='grc' dir='ltr'>ταχέως</span> 
     </span>
    </p>
   </div>
   <div class='ocr_carea' id='block_1_90' title="bbox 2285 4493 3850 4566">
    <p class='ocr_par' dir='ltr' id='par_1_90' title="bbox 2285 4493 3850 4566">
     <span class='ocr_line' id='line_1_91' title="bbox 2285 4493 3850 4566; baseline -0.005 -16"><span class='ocrx_word' id='word_1_694' title='bbox 2285 4499 2658 4560; x_wconf 74' lang='grc' dir='ltr'>σκύλευσον,</span> <span class='ocrx_word' id='word_1_695' title='bbox 2676 4496 2859 4563; x_wconf 76' lang='grc' dir='ltr'>ὀξέως</span> <span class='ocrx_word' id='word_1_696' title='bbox 2877 4498 3316 4566; x_wconf 75' lang='grc' dir='ltr'>προνόμευσον·</span> <span class='ocrx_word' id='word_1_697' title='bbox 3332 4497 3483 4551; x_wconf 79' lang='grc' dir='ltr'>διότι</span> <span class='ocrx_word' id='word_1_698' title='bbox 3499 4498 3639 4563; x_wconf 75' lang='grc' dir='ltr'>πρὶν</span> <span class='ocrx_word' id='word_1_699' title='bbox 3654 4493 3850 4564; x_wconf 62' lang='grc' dir='ltr'>’γνῶναι</span> 
     </span>
    </p>
   </div>
   <div class='ocr_carea' id='block_1_91' title="bbox 587 4583 2171 4675">
    <p class='ocr_par' dir='ltr' id='par_1_91' title="bbox 587 4583 2171 4657">
     <span class='ocr_line' id='line_1_92' title="bbox 587 4583 2171 4657; baseline 0.004 -23"><span class='ocrx_word' id='word_1_700' title='bbox 587 4598 765 4635; x_wconf 87' lang='lat' dir='ltr'><strong>coram</strong></span> <span class='ocrx_word' id='word_1_701' title='bbox 789 4598 902 4651; x_wconf 88' lang='lat' dir='ltr'><strong>rege</strong></span> <span class='ocrx_word' id='word_1_702' title='bbox 914 4583 1249 4651; x_wconf 67' lang='lat' dir='ltr'><strong>Assyriorum</strong></span> <span class='ocrx_word' id='word_1_703' title='bbox 1270 4585 1335 4639; x_wconf 66' lang='grc' dir='ltr'><strong>δ”.</strong></span> <span class='ocrx_word' id='word_1_704' title='bbox 1355 4584 1492 4655; x_wconf 80' lang='lat' dir='ltr'><strong>Magi</strong></span> <span class='ocrx_word' id='word_1_705' title='bbox 1516 4600 1665 4657; x_wconf 86' lang='lat' dir='ltr'><strong>ergo,</strong></span> <span class='ocrx_word' id='word_1_706' title='bbox 1682 4598 1737 4639; x_wconf 86' lang='lat' dir='ltr'><strong>nt</strong></span> <span class='ocrx_word' id='word_1_707' title='bbox 1752 4587 1864 4655; x_wconf 89' lang='lat' dir='ltr'><strong>jam</strong></span> <span class='ocrx_word' id='word_1_708' title='bbox 1886 4587 2101 4654; x_wconf 86' lang='lat' dir='ltr'><strong>spoliati</strong></span> <span class='ocrx_word' id='word_1_709' title='bbox 2126 4598 2171 4641; x_wconf 89' lang='lat' dir='ltr'><strong>cl</strong></span> 
     </span>
    </p>
   </div>
   <div class='ocr_carea' id='block_1_92' title="bbox 2281 4583 3849 4675">
    <p class='ocr_par' dir='ltr' id='par_1_92' title="bbox 2289 4587 3849 4657">
     <span class='ocr_line' id='line_1_93' title="bbox 2289 4587 3849 4657; baseline -0.005 -14"><span class='ocrx_word' id='word_1_710' title='bbox 2289 4588 2499 4643; x_wconf 62' lang='grc' dir='ltr'>καλεῖν</span> <span class='ocrx_word' id='word_1_711' title='bbox 2514 4588 2580 4642; x_wconf 87' lang='grc' dir='ltr'>τὸ</span> <span class='ocrx_word' id='word_1_712' title='bbox 2601 4589 2844 4642; x_wconf 83' lang='grc' dir='ltr'>παιδίον</span> <span class='ocrx_word' id='word_1_713' title='bbox 2859 4588 3083 4656; x_wconf 83' lang='grc' dir='ltr'>πατέρα</span> <span class='ocrx_word' id='word_1_714' title='bbox 3096 4588 3131 4655; x_wconf 79' lang='grc' dir='ltr'>ἢ</span> <span class='ocrx_word' id='word_1_715' title='bbox 3149 4588 3398 4657; x_wconf 83' lang='grc' dir='ltr'>μητέρα,</span> <span class='ocrx_word' id='word_1_716' title='bbox 3420 4590 3501 4655; x_wconf 62' lang='grc' dir='ltr'><strong>νιή</strong></span> <span class='ocrx_word' id='word_1_717' title='bbox 3514 4593 3671 4656; x_wconf 49' lang='grc' dir='ltr'>γίνεται</span> <span class='ocrx_word' id='word_1_718' title='bbox 3688 4587 3849 4639; x_wconf 73' lang='grc' dir='ltr'>δύνα-</span> 
     </span>
    </p>
   </div>
   <div class='ocr_carea' id='block_1_93' title="bbox 589 4675 2171 4751">
    <p class='ocr_par' dir='ltr' id='par_1_93' title="bbox 589 4675 2171 4751">
     <span class='ocr_line' id='line_1_94' title="bbox 589 4675 2171 4751; baseline 0.006 -27"><span class='ocrx_word' id='word_1_719' title='bbox 589 4675 1016 4742; x_wconf 71' lang='lat' dir='ltr'><strong>prmdationihus</strong></span> <span class='ocrx_word' id='word_1_720' title='bbox 1051 4676 1311 4743; x_wconf 86' lang='lat' dir='ltr'><strong>infestati,</strong></span> <span class='ocrx_word' id='word_1_721' title='bbox 1338 4680 1599 4733; x_wconf 86' lang='lat' dir='ltr'><strong>infantem</strong></span> <span class='ocrx_word' id='word_1_722' title='bbox 1649 4680 1929 4734; x_wconf 90' lang='lat' dir='ltr'><strong>humiliter</strong></span> <span class='ocrx_word' id='word_1_723' title='bbox 1963 4691 2015 4734; x_wconf 85' lang='lat' dir='ltr'><strong>et</strong></span> <span class='ocrx_word' id='word_1_724' title='bbox 2048 4697 2171 4751; x_wconf 64' lang='lat' dir='ltr'><strong>sup«</strong></span> 
     </span>
    </p>
   </div>
   <div class='ocr_carea' id='block_1_94' title="bbox 2281 4675 3850 4751">
    <p class='ocr_par' dir='ltr' id='par_1_94' title="bbox 2282 4680 3850 4751">
     <span class='ocr_line' id='line_1_95' title="bbox 2282 4680 3850 4751; baseline -0.004 -16"><span class='ocrx_word' id='word_1_725' title='bbox 2282 4698 2389 4751; x_wconf 77' lang='grc' dir='ltr'>μιν</span> <span class='ocrx_word' id='word_1_726' title='bbox 2408 4680 2755 4750; x_wconf 81' lang='grc' dir='ltr'>Δαμασκοῦ,</span> <span class='ocrx_word' id='word_1_727' title='bbox 2800 4680 2899 4736; x_wconf 80' lang='grc' dir='ltr'><strong>καὶ</strong></span> <span class='ocrx_word' id='word_1_728' title='bbox 2926 4683 2995 4733; x_wconf 83' lang='grc' dir='ltr'>τὰ</span> <span class='ocrx_word' id='word_1_729' title='bbox 3030 4682 3235 4735; x_wconf 53' lang='lat' dir='ltr'><strong>anilla</strong></span> <span class='ocrx_word' id='word_1_730' title='bbox 3270 4683 3622 4750; x_wconf 80' lang='grc' dir='ltr'>Σαμαρείας,</span> <span class='ocrx_word' id='word_1_731' title='bbox 3667 4682 3850 4735; x_wconf 71' lang='grc' dir='ltr'>ἔναντι</span> 
     </span>
    </p>
   </div>
   <div class='ocr_carea' id='block_1_95' title="bbox 587 4767 2175 4841">
    <p class='ocr_par' dir='ltr' id='par_1_95' title="bbox 587 4767 2175 4841">
     <span class='ocr_line' id='line_1_96' title="bbox 587 4767 2175 4841; baseline 0.004 -23"><span class='ocrx_word' id='word_1_732' title='bbox 587 4767 801 4836; x_wconf 80' lang='lat' dir='ltr'><strong>pliciter</strong></span> <span class='ocrx_word' id='word_1_733' title='bbox 844 4769 1100 4836; x_wconf 87' lang='lat' dir='ltr'><strong>adorant,</strong></span> <span class='ocrx_word' id='word_1_734' title='bbox 1134 4769 1421 4824; x_wconf 87' lang='lat' dir='ltr'><strong>thesauros</strong></span> <span class='ocrx_word' id='word_1_735' title='bbox 1471 4787 1603 4826; x_wconf 91' lang='lat' dir='ltr'><strong>suos</strong></span> <span class='ocrx_word' id='word_1_736' title='bbox 1652 4774 1977 4841; x_wconf 86' lang='lat' dir='ltr'><strong>aperientes,</strong></span> <span class='ocrx_word' id='word_1_737' title='bbox 2025 4782 2082 4826; x_wconf 89' lang='lat' dir='ltr'><strong>et</strong></span> <span class='ocrx_word' id='word_1_738' title='bbox 2127 4774 2175 4827; x_wconf 88' lang='lat' dir='ltr'><strong>ei</strong></span> 
     </span>
    </p>
   </div>
   <div class='ocr_carea' id='block_1_96' title="bbox 586 4858 2174 4936">
    <p class='ocr_par' dir='ltr' id='par_1_96' title="bbox 586 4858 2174 4936">
     <span class='ocr_line' id='line_1_97' title="bbox 586 4858 2174 4936; baseline 0.006 -27"><span class='ocrx_word' id='word_1_739' title='bbox 586 4858 882 4916; x_wconf 74' lang='lat' dir='ltr'><strong>offerentes</strong></span> <span class='ocrx_word' id='word_1_740' title='bbox 933 4863 1167 4918; x_wconf 75' lang='lat' dir='ltr'><strong>maxime</strong></span> <span class='ocrx_word' id='word_1_741' title='bbox 1221 4874 1531 4933; x_wconf 86' lang='lat' dir='ltr'><strong>opportuna</strong></span> <span class='ocrx_word' id='word_1_742' title='bbox 1578 4873 1632 4919; x_wconf 90' lang='lat' dir='ltr'><strong>et</strong></span> <span class='ocrx_word' id='word_1_743' title='bbox 1680 4864 1963 4936; x_wconf 81' lang='lat' dir='ltr'><strong>magnifica</strong></span> <span class='ocrx_word' id='word_1_744' title='bbox 2012 4867 2174 4931; x_wconf 79' lang='lat' dir='ltr'><strong>dona,</strong></span> 
     </span>
    </p>
   </div>
   <div class='ocr_carea' id='block_1_97' title="bbox 584 4952 2180 5027">
    <p class='ocr_par' dir='ltr' id='par_1_97' title="bbox 584 4952 2180 5027">
     <span class='ocr_line' id='line_1_98' title="bbox 584 4952 2180 5027; baseline 0.006 -25"><span class='ocrx_word' id='word_1_745' title='bbox 584 4966 778 5004; x_wconf 79' lang='lat' dir='ltr'><strong>aurum</strong></span> <span class='ocrx_word' id='word_1_746' title='bbox 812 4960 867 5006; x_wconf 85' lang='lat' dir='ltr'><strong>et</strong></span> <span class='ocrx_word' id='word_1_747' title='bbox 911 4952 1040 5007; x_wconf 90' lang='lat' dir='ltr'><strong>thus</strong></span> <span class='ocrx_word' id='word_1_748' title='bbox 1086 4965 1140 5008; x_wconf 88' lang='lat' dir='ltr'><strong>et</strong></span> <span class='ocrx_word' id='word_1_749' title='bbox 1188 4956 1465 5023; x_wconf 83' lang='lat' dir='ltr'><strong>myrrham</strong></span> <span class='ocrx_word' id='word_1_750' title='bbox 1502 4954 1569 5021; x_wconf 74' lang='lat'><strong>&quot;,</strong></span> <span class='ocrx_word' id='word_1_751' title='bbox 1619 4965 1675 5009; x_wconf 87' lang='lat' dir='ltr'><strong>ut</strong></span> <span class='ocrx_word' id='word_1_752' title='bbox 1724 4958 1836 5027; x_wconf 89' lang='lat' dir='ltr'><strong>regi</strong></span> <span class='ocrx_word' id='word_1_753' title='bbox 1883 4966 1939 5011; x_wconf 91' lang='lat' dir='ltr'><strong>et</strong></span> <span class='ocrx_word' id='word_1_754' title='bbox 1986 4957 2097 5013; x_wconf 91' lang='lat' dir='ltr'><strong>Deo</strong></span> <span class='ocrx_word' id='word_1_755' title='bbox 2126 4968 2180 5012; x_wconf 89' lang='lat' dir='ltr'><strong>et</strong></span> 
     </span>
    </p>
   </div>
   <div class='ocr_carea' id='block_1_98' title="bbox 584 5043 2175 5119">
    <p class='ocr_par' dir='ltr' id='par_1_98' title="bbox 584 5043 2175 5119">
     <span class='ocr_line' id='line_1_99' title="bbox 584 5043 2175 5119; baseline 0.006 -23"><span class='ocrx_word' id='word_1_756' title='bbox 584 5043 793 5097; x_wconf 91' lang='lat' dir='ltr'><strong>homini</strong></span> <span class='ocrx_word' id='word_1_757' title='bbox 824 5062 837 5098; x_wconf 92' lang='lat'>:</span> <span class='ocrx_word' id='word_1_758' title='bbox 866 5044 1011 5099; x_wconf 77' lang='lat' dir='ltr'><strong>unde</strong></span> <span class='ocrx_word' id='word_1_759' title='bbox 1040 5046 1106 5099; x_wconf 90' lang='lat' dir='ltr'><strong>ad</strong></span> <span class='ocrx_word' id='word_1_760' title='bbox 1142 5061 1318 5115; x_wconf 77' lang='lat' dir='ltr'><strong>regem</strong></span> <span class='ocrx_word' id='word_1_761' title='bbox 1361 5046 1642 5117; x_wconf 86' lang='lat' dir='ltr'><strong>Assyrium</strong></span> <span class='ocrx_word' id='word_1_762' title='bbox 1675 5064 1781 5102; x_wconf 91' lang='lat' dir='ltr'><strong>non</strong></span> <span class='ocrx_word' id='word_1_763' title='bbox 1817 5050 2053 5119; x_wconf 82' lang='lat' dir='ltr'><strong>amplius</strong></span> <span class='ocrx_word' id='word_1_764' title='bbox 2088 5066 2175 5105; x_wconf 93' lang='lat' dir='ltr'><strong>re-</strong></span> 
     </span>
    </p>
   </div>
   <div class='ocr_carea' id='block_1_99' title="bbox 581 5135 2177 5212">
    <p class='ocr_par' dir='ltr' id='par_1_99' title="bbox 581 5135 2177 5212">
     <span class='ocr_line' id='line_1_100' title="bbox 581 5135 2177 5212; baseline 0.007 -26"><span class='ocrx_word' id='word_1_765' title='bbox 581 5135 720 5188; x_wconf 79' lang='lat' dir='ltr'><strong>verti</strong></span> <span class='ocrx_word' id='word_1_766' title='bbox 758 5135 1069 5200; x_wconf 81' lang='lat' dir='ltr'><strong>voluerunt,</strong></span> <span class='ocrx_word' id='word_1_767' title='bbox 1104 5150 1135 5189; x_wconf 89' lang='lat' dir='ltr'><strong>a</strong></span> <span class='ocrx_word' id='word_1_768' title='bbox 1178 5137 1524 5192; x_wconf 82' lang='lat' dir='ltr'><strong>Providentia</strong></span> <span class='ocrx_word' id='word_1_769' title='bbox 1555 5140 1725 5194; x_wconf 80' lang='lat' dir='ltr'><strong>vetiti.</strong></span> <span class='ocrx_word' id='word_1_770' title='bbox 1772 5139 1934 5212; x_wconf 67' lang='grc'><strong>455</strong></span> <span class='ocrx_word' id='word_1_771' title='bbox 1969 5142 2177 5197; x_wconf 81' lang='lat' dir='ltr'><strong>Divini-</strong></span> 
     </span>
    </p>
   </div>
   <div class='ocr_carea' id='block_1_100' title="bbox 586 5227 2183 5300">
    <p class='ocr_par' dir='ltr' id='par_1_100' title="bbox 586 5227 2183 5300">
     <span class='ocr_line' id='line_1_101' title="bbox 586 5227 2183 5300; baseline 0.007 -20"><span class='ocrx_word' id='word_1_772' title='bbox 586 5238 668 5281; x_wconf 87' lang='lat' dir='ltr'><strong>tus</strong></span> <span class='ocrx_word' id='word_1_773' title='bbox 700 5227 845 5282; x_wconf 87' lang='lat' dir='ltr'><strong>enim</strong></span> <span class='ocrx_word' id='word_1_774' title='bbox 886 5228 1171 5293; x_wconf 88' lang='lat' dir='ltr'><strong>admoniti,</strong></span> <span class='ocrx_word' id='word_1_775' title='bbox 1214 5230 1412 5300; x_wconf 90' lang='lat' dir='ltr'><strong>inquit,</strong></span> <span class='ocrx_word' id='word_1_776' title='bbox 1448 5234 1501 5285; x_wconf 85' lang='lat' dir='ltr'><strong>in</strong></span> <span class='ocrx_word' id='word_1_777' title='bbox 1541 5234 1744 5288; x_wconf 67' lang='lat' dir='ltr'><strong>somnio</strong></span> <span class='ocrx_word' id='word_1_778' title='bbox 1772 5252 1834 5288; x_wconf 86' lang='lat' dir='ltr'><strong>ne</strong></span> <span class='ocrx_word' id='word_1_779' title='bbox 1865 5246 2183 5291; x_wconf 77' lang='lat' dir='ltr'><strong>reverteren-</strong></span> 
     </span>
    </p>
   </div>
   <div class='ocr_carea' id='block_1_101' title="bbox 586 5320 2181 5397">
    <p class='ocr_par' dir='ltr' id='par_1_101' title="bbox 586 5320 2181 5397">
     <span class='ocr_line' id='line_1_102' title="bbox 586 5320 2181 5397; baseline 0.006 -24"><span class='ocrx_word' id='word_1_780' title='bbox 586 5332 673 5374; x_wconf 88' lang='lat' dir='ltr'><strong>tur</strong></span> <span class='ocrx_word' id='word_1_781' title='bbox 704 5321 772 5373; x_wconf 88' lang='lat' dir='ltr'><strong>ad</strong></span> <span class='ocrx_word' id='word_1_782' title='bbox 819 5320 1121 5390; x_wconf 85' lang='lat' dir='ltr'><strong>Herodem,</strong></span> <span class='ocrx_word' id='word_1_783' title='bbox 1169 5340 1261 5393; x_wconf 88' lang='lat' dir='ltr'><strong>per</strong></span> <span class='ocrx_word' id='word_1_784' title='bbox 1289 5325 1456 5378; x_wconf 86' lang='lat' dir='ltr'><strong>aliam</strong></span> <span class='ocrx_word' id='word_1_785' title='bbox 1510 5326 1646 5379; x_wconf 87' lang='lat' dir='ltr'><strong>viam</strong></span> <span class='ocrx_word' id='word_1_786' title='bbox 1691 5329 1915 5397; x_wconf 83' lang='lat' dir='ltr'><strong>regressi</strong></span> <span class='ocrx_word' id='word_1_787' title='bbox 1964 5342 2084 5382; x_wconf 88' lang='lat' dir='ltr'><strong>sunt</strong></span> <span class='ocrx_word' id='word_1_788' title='bbox 2128 5332 2181 5381; x_wconf 87' lang='lat' dir='ltr'><strong>in</strong></span> 
     </span>
    </p>
   </div>
   <div class='ocr_carea' id='block_1_102' title="bbox 586 5414 2183 5489">
    <p class='ocr_par' dir='ltr' id='par_1_102' title="bbox 586 5414 2183 5489">
     <span class='ocr_line' id='line_1_103' title="bbox 586 5414 2183 5489; baseline 0.008 -24"><span class='ocrx_word' id='word_1_789' title='bbox 586 5414 853 5482; x_wconf 82' lang='lat' dir='ltr'><strong>regionem</strong></span> <span class='ocrx_word' id='word_1_790' title='bbox 892 5432 1066 5471; x_wconf 87' lang='lat' dir='ltr'><strong>suam.</strong></span> <span class='ocrx_word' id='word_1_791' title='bbox 1107 5415 1257 5473; x_wconf 88' lang='lat' dir='ltr'><strong>Unde</strong></span> <span class='ocrx_word' id='word_1_792' title='bbox 1303 5433 1427 5473; x_wconf 90' lang='lat' dir='ltr'><strong>cum</strong></span> <span class='ocrx_word' id='word_1_793' title='bbox 1459 5418 1684 5474; x_wconf 78' lang='lat' dir='ltr'><strong>vidisset</strong></span> <span class='ocrx_word' id='word_1_794' title='bbox 1731 5421 2183 5489; x_wconf 84' lang='lat' dir='ltr'><strong>sanguinolentus</strong></span> 
     </span>
    </p>
   </div>
   <div class='ocr_carea' id='block_1_103' title="bbox 583 5502 2170 5581">
    <p class='ocr_par' dir='ltr' id='par_1_103' title="bbox 583 5502 2170 5581">
     <span class='ocr_line' id='line_1_104' title="bbox 583 5502 2170 5581; baseline 0.008 -24"><span class='ocrx_word' id='word_1_795' title='bbox 583 5502 828 5562; x_wconf 83' lang='lat' dir='ltr'><strong>Herodes</strong></span> <span class='ocrx_word' id='word_1_796' title='bbox 861 5524 920 5563; x_wconf 89' lang='lat' dir='ltr'><strong>se</strong></span> <span class='ocrx_word' id='word_1_797' title='bbox 948 5523 977 5561; x_wconf 85' lang='lat' dir='ltr'><strong>a</strong></span> <span class='ocrx_word' id='word_1_798' title='bbox 1024 5511 1199 5581; x_wconf 87' lang='lat' dir='ltr'><strong>magis</strong></span> <span class='ocrx_word' id='word_1_799' title='bbox 1244 5512 1489 5580; x_wconf 89' lang='lat' dir='ltr'><strong>illusum,</strong></span> <span class='ocrx_word' id='word_1_800' title='bbox 1522 5514 1678 5567; x_wconf 83' lang='lat' dir='ltr'><strong>valde</strong></span> <span class='ocrx_word' id='word_1_801' title='bbox 1710 5514 1812 5567; x_wconf 90' lang='lat' dir='ltr'><strong>fuit</strong></span> <span class='ocrx_word' id='word_1_802' title='bbox 1842 5526 2170 5570; x_wconf 84' lang='lat' dir='ltr'><strong>commotus.</strong></span> 
     </span>
    </p>
   </div>
   <div class='ocr_carea' id='block_1_104' title="bbox 584 5598 2175 5679">
    <p class='ocr_par' dir='ltr' id='par_1_104' title="bbox 584 5598 2175 5679">
     <span class='ocr_line' id='line_1_105' title="bbox 584 5598 2175 5679; baseline 0.008 -28"><span class='ocrx_word' id='word_1_803' title='bbox 584 5598 657 5652; x_wconf 77' lang='lat' dir='ltr'><strong>Et</strong></span> <span class='ocrx_word' id='word_1_804' title='bbox 684 5601 917 5668; x_wconf 87' lang='lat' dir='ltr'><strong>mittens,</strong></span> <span class='ocrx_word' id='word_1_805' title='bbox 944 5604 1139 5674; x_wconf 89' lang='lat' dir='ltr'><strong>inquit,</strong></span> <span class='ocrx_word' id='word_1_806' title='bbox 1161 5606 1426 5676; x_wconf 78' lang='lat' dir='ltr'><strong>interfecit</strong></span> <span class='ocrx_word' id='word_1_807' title='bbox 1459 5624 1635 5662; x_wconf 90' lang='lat' dir='ltr'><strong>omnes</strong></span> <span class='ocrx_word' id='word_1_808' title='bbox 1661 5609 1891 5679; x_wconf 87' lang='lat' dir='ltr'><strong>infantes</strong></span> <span class='ocrx_word' id='word_1_809' title='bbox 1913 5610 2003 5679; x_wconf 89' lang='lat' dir='ltr'><strong>qui</strong></span> <span class='ocrx_word' id='word_1_810' title='bbox 2025 5620 2175 5664; x_wconf 89' lang='lat' dir='ltr'><strong>erant</strong></span> 
     </span>
    </p>
   </div>
   <div class='ocr_carea' id='block_1_105' title="bbox 664 5789 1753 5873">
    <p class='ocr_par' dir='ltr' id='par_1_105' title="bbox 664 5789 1753 5873">
     <span class='ocr_line' id='line_1_106' title="bbox 664 5789 1753 5873; baseline -0.004 -6"><span class='ocrx_word' id='word_1_811' title='bbox 664 5789 909 5873; x_wconf 48' lang='lat' dir='ltr'><strong>&quot;Tm&quot;.</strong></span> <span class='ocrx_word' id='word_1_812' title='bbox 963 5807 1086 5859; x_wconf 57' lang='lat'><strong>‘1&quot;:</strong></span> <span class='ocrx_word' id='word_1_813' title='bbox 1118 5796 1152 5853; x_wconf 86' lang='grc'>8</span> <span class='ocrx_word' id='word_1_814' title='bbox 1205 5808 1247 5840; x_wconf 83' lang='grc'><strong>³⁸</strong></span> <span class='ocrx_word' id='word_1_815' title='bbox 1282 5809 1399 5863; x_wconf 75' lang='lat' dir='ltr'><strong>Art.</strong></span> <span class='ocrx_word' id='word_1_816' title='bbox 1432 5810 1632 5873; x_wconf 64' lang='lat' dir='ltr'><strong>mnf),</strong></span> <span class='ocrx_word' id='word_1_817' title='bbox 1672 5810 1753 5864; x_wconf 81' lang='grc'><strong>10.</strong></span> 
     </span>
    </p>
   </div>
   <div class='ocr_carea' id='block_1_106' title="bbox 591 5868 1489 5937">
    <p class='ocr_par' dir='ltr' id='par_1_106' title="bbox 591 5868 1489 5937">
     <span class='ocr_line' id='line_1_107' title="bbox 591 5868 1489 5937; baseline 0.01 -12"><span class='ocrx_word' id='word_1_818' title='bbox 591 5868 677 5934; x_wconf 77' lang='grc'>18,</span> <span class='ocrx_word' id='word_1_819' title='bbox 716 5869 798 5925; x_wconf 84' lang='lat' dir='ltr'><strong>l9.</strong></span> <span class='ocrx_word' id='word_1_820' title='bbox 905 5873 951 5908; x_wconf 60' lang='grc' dir='ltr'><strong>ιδ</strong></span> <span class='ocrx_word' id='word_1_821' title='bbox 989 5878 1171 5932; x_wconf 81' lang='lat' dir='ltr'><strong>Matth.</strong></span> <span class='ocrx_word' id='word_1_822' title='bbox 1202 5897 1259 5937; x_wconf 86' lang='grc' dir='ltr'>ιι.</span> <span class='ocrx_word' id='word_1_823' title='bbox 1306 5882 1489 5936; x_wconf 55' lang='lat'><strong>15-16.</strong></span> 
     </span>
    </p>
   </div>
   <div class='ocr_carea' id='block_1_107' title="bbox 1589 5882 2080 5946">
    <p class='ocr_par' dir='ltr' id='par_1_107' title="bbox 1589 5882 2080 5946">
     <span class='ocr_line' id='line_1_108' title="bbox 1589 5882 2080 5946; baseline -0.006 -9"><span class='ocrx_word' id='word_1_824' title='bbox 1589 5882 1632 5914; x_wconf 68' lang='lat'><strong>“</strong></span> <span class='ocrx_word' id='word_1_825' title='bbox 1665 5883 1768 5937; x_wconf 77' lang='lat' dir='ltr'><strong>lsa.</strong></span> <span class='ocrx_word' id='word_1_826' title='bbox 1803 5897 1918 5941; x_wconf 71' lang='lat' dir='ltr'><strong>Vm.</strong></span> <span class='ocrx_word' id='word_1_827' title='bbox 1948 5882 1999 5946; x_wconf 79' lang='grc'>5,</span> <span class='ocrx_word' id='word_1_828' title='bbox 2028 5883 2080 5935; x_wconf 65' lang='grc'><strong>4.</strong></span> 
     </span>
    </p>
   </div>
   <div class='ocr_carea' id='block_1_108' title="bbox 1888 5809 2455 5873">
    <p class='ocr_par' dir='ltr' id='par_1_108' title="bbox 1888 5809 2455 5873">
     <span class='ocr_line' id='line_1_109' title="bbox 1888 5809 2455 5873; baseline 0.009 -11"><span class='ocrx_word' id='word_1_829' title='bbox 1888 5810 1931 5841; x_wconf 73' lang='grc'>³⁸</span> <span class='ocrx_word' id='word_1_830' title='bbox 1965 5809 2084 5864; x_wconf 82' lang='lat' dir='ltr'><strong>Aet.</strong></span> <span class='ocrx_word' id='word_1_831' title='bbox 2118 5827 2229 5871; x_wconf 71' lang='grc' dir='ltr'>ιιις,</span> <span class='ocrx_word' id='word_1_832' title='bbox 2264 5810 2455 5873; x_wconf 56' lang='grc' dir='ltr'><strong>ξιξ-σο.</strong></span> 
     </span>
    </p>
   </div>
   <div class='ocr_carea' id='block_1_109' title="bbox 2178 5883 2823 5951">
    <p class='ocr_par' dir='ltr' id='par_1_109' title="bbox 2178 5883 2823 5951">
     <span class='ocr_line' id='line_1_110' title="bbox 2178 5883 2823 5951; baseline 0 -14"><span class='ocrx_word' id='word_1_833' title='bbox 2178 5884 2221 5915; x_wconf 74' lang='grc'><strong>⁸⁵</strong></span> <span class='ocrx_word' id='word_1_834' title='bbox 2254 5883 2442 5938; x_wconf 81' lang='lat' dir='ltr'><strong>Matth.</strong></span> <span class='ocrx_word' id='word_1_835' title='bbox 2477 5899 2535 5951; x_wconf 85' lang='lat' dir='ltr'><strong>tt,</strong></span> <span class='ocrx_word' id='word_1_836' title='bbox 2578 5885 2762 5938; x_wconf 77' lang='grc'><strong>11-15.</strong></span> <span class='ocrx_word' id='word_1_837' title='bbox 2818 5942 2823 5945; x_wconf 62' lang='grc'><strong>,</strong></span> 
     </span>
    </p>
   </div>
   <div class='ocr_carea' id='block_1_110' title="bbox 2283 4772 3849 4845">
    <p class='ocr_par' dir='ltr' id='par_1_110' title="bbox 2283 4772 3849 4845">
     <span class='ocr_line' id='line_1_111' title="bbox 2283 4772 3849 4845; baseline -0.003 -17"><span class='ocrx_word' id='word_1_838' title='bbox 2283 4772 2597 4840; x_wconf 77' lang='grc' dir='ltr'>,βασιλέως</span> <span class='ocrx_word' id='word_1_839' title='bbox 2620 4774 2961 4843; x_wconf 69' lang='grc' dir='ltr'>Ἀσσυρίων</span> <span class='ocrx_word' id='word_1_840' title='bbox 2986 4791 2999 4804; x_wconf 74' lang='grc'><strong><em>⁸</em></strong></span> <span class='ocrx_word' id='word_1_841' title='bbox 3034 4774 3083 4825; x_wconf 87' lang='grc' dir='ltr'>οἱ</span> <span class='ocrx_word' id='word_1_842' title='bbox 3132 4774 3263 4841; x_wconf 76' lang='grc' dir='ltr'>γοῦν</span> <span class='ocrx_word' id='word_1_843' title='bbox 3313 4774 3481 4842; x_wconf 80' lang='grc' dir='ltr'>μάγοι</span> <span class='ocrx_word' id='word_1_844' title='bbox 3500 4775 3575 4837; x_wconf 71' lang='grc' dir='ltr'>ὡς</span> <span class='ocrx_word' id='word_1_845' title='bbox 3613 4774 3701 4845; x_wconf 64' lang='grc' dir='ltr'>ἠδη</span> <span class='ocrx_word' id='word_1_846' title='bbox 3727 4790 3849 4824; x_wconf 78' lang='grc' dir='ltr'>σκυ-</span> 
     </span>
    </p>
   </div>
   <div class='ocr_carea' id='block_1_111' title="bbox 2288 4862 3846 4936">
    <p class='ocr_par' dir='ltr' id='par_1_111' title="bbox 2288 4862 3846 4936">
     <span class='ocr_line' id='line_1_112' title="bbox 2288 4862 3846 4936; baseline -0.005 -17"><span class='ocrx_word' id='word_1_847' title='bbox 2288 4866 2566 4928; x_wconf 81' lang='grc' dir='ltr'>λευθέντες</span> <span class='ocrx_word' id='word_1_848' title='bbox 2606 4865 2701 4919; x_wconf 73' lang='grc' dir='ltr'><strong>καὶ</strong></span> <span class='ocrx_word' id='word_1_849' title='bbox 2737 4864 3221 4936; x_wconf 83' lang='grc' dir='ltr'>προνομευθέντες,</span> <span class='ocrx_word' id='word_1_850' title='bbox 3276 4865 3717 4934; x_wconf 82' lang='grc' dir='ltr'>ὑποτεταγμένως</span> <span class='ocrx_word' id='word_1_851' title='bbox 3760 4862 3846 4914; x_wconf 71' lang='grc' dir='ltr'><strong>καὶ</strong></span> 
     </span>
    </p>
   </div>
   <div class='ocr_carea' id='block_1_112' title="bbox 2286 4956 3845 5029">
    <p class='ocr_par' dir='ltr' id='par_1_112' title="bbox 2286 4956 3845 5029">
     <span class='ocr_line' id='line_1_113' title="bbox 2286 4956 3845 5029; baseline -0.005 -17"><span class='ocrx_word' id='word_1_852' title='bbox 2286 4958 2589 5028; x_wconf 85' lang='grc' dir='ltr'>τιμητικῶς</span> <span class='ocrx_word' id='word_1_853' title='bbox 2618 4958 2987 5029; x_wconf 79' lang='grc' dir='ltr'>προσκυνοῦσι</span> <span class='ocrx_word' id='word_1_854' title='bbox 3014 4957 3088 5027; x_wconf 83' lang='grc' dir='ltr'>τῷ</span> <span class='ocrx_word' id='word_1_855' title='bbox 3122 4958 3341 5026; x_wconf 83' lang='grc' dir='ltr'>παιδίῳ,</span> <span class='ocrx_word' id='word_1_856' title='bbox 3372 4958 3675 5025; x_wconf 83' lang='grc' dir='ltr'>ἀνοίγοντες</span> <span class='ocrx_word' id='word_1_857' title='bbox 3725 4956 3845 5014; x_wconf 72' lang='grc' dir='ltr'>τοὺς</span> 
     </span>
    </p>
   </div>
   <div class='ocr_carea' id='block_1_113' title="bbox 2288 5045 3841 5123">
    <p class='ocr_par' dir='ltr' id='par_1_113' title="bbox 2288 5045 3841 5123">
     <span class='ocr_line' id='line_1_114' title="bbox 2288 5045 3841 5123; baseline -0.006 -18"><span class='ocrx_word' id='word_1_858' title='bbox 2288 5053 2595 5123; x_wconf 80' lang='grc' dir='ltr'>θησαυροὺς</span> <span class='ocrx_word' id='word_1_859' title='bbox 2623 5051 2822 5113; x_wconf 78' lang='grc' dir='ltr'>αὐτῶν,</span> <span class='ocrx_word' id='word_1_860' title='bbox 2878 5052 2973 5102; x_wconf 72' lang='grc' dir='ltr'><strong>καὶ</strong></span> <span class='ocrx_word' id='word_1_861' title='bbox 3017 5050 3419 5121; x_wconf 59' lang='grc' dir='ltr'>προσψέροντες</span> <span class='ocrx_word' id='word_1_862' title='bbox 3449 5050 3596 5119; x_wconf 81' lang='grc' dir='ltr'>αύτῷ</span> <span class='ocrx_word' id='word_1_863' title='bbox 3641 5045 3841 5116; x_wconf 68' lang='grc' dir='ltr'>καιριώ-</span> 
     </span>
    </p>
   </div>
   <div class='ocr_carea' id='block_1_114' title="bbox 2294 5140 3839 5213">
    <p class='ocr_par' dir='ltr' id='par_1_114' title="bbox 2294 5140 3839 5213">
     <span class='ocr_line' id='line_1_115' title="bbox 2294 5140 3839 5213; baseline -0.001 -16"><span class='ocrx_word' id='word_1_864' title='bbox 2294 5163 2431 5200; x_wconf 84' lang='grc' dir='ltr'>τατα</span> <span class='ocrx_word' id='word_1_865' title='bbox 2460 5147 2554 5198; x_wconf 70' lang='grc' dir='ltr'>καὶ</span> <span class='ocrx_word' id='word_1_866' title='bbox 2577 5144 3009 5212; x_wconf 80' lang='grc' dir='ltr'>πρεπωδέστατα</span> <span class='ocrx_word' id='word_1_867' title='bbox 3048 5143 3218 5213; x_wconf 80' lang='grc' dir='ltr'>δῶρα,</span> <span class='ocrx_word' id='word_1_868' title='bbox 3259 5144 3482 5213; x_wconf 78' lang='grc' dir='ltr'>χρυσον,</span> <span class='ocrx_word' id='word_1_869' title='bbox 3522 5140 3839 5196; x_wconf 71' lang='grc' dir='ltr'>καὶλίόανον.</span> 
     </span>
    </p>
   </div>
   <div class='ocr_carea' id='block_1_115' title="bbox 2288 5232 3836 5309">
    <p class='ocr_par' dir='ltr' id='par_1_115' title="bbox 2288 5232 3836 5309">
     <span class='ocr_line' id='line_1_116' title="bbox 2288 5232 3836 5309; baseline -0.008 -17"><span class='ocrx_word' id='word_1_870' title='bbox 2288 5242 2384 5292; x_wconf 73' lang='grc' dir='ltr'><strong>καὶ</strong></span> <span class='ocrx_word' id='word_1_871' title='bbox 2419 5238 2688 5309; x_wconf 84' lang='grc' dir='ltr'>σμύρναν,</span> <span class='ocrx_word' id='word_1_872' title='bbox 2724 5237 2800 5299; x_wconf 85' lang='grc' dir='ltr'>ὡς</span> <span class='ocrx_word' id='word_1_873' title='bbox 2855 5237 3064 5308; x_wconf 80' lang='grc' dir='ltr'>βασιλεῖ</span> <span class='ocrx_word' id='word_1_874' title='bbox 3115 5238 3208 5289; x_wconf 76' lang='grc' dir='ltr'><strong>καὶ</strong></span> <span class='ocrx_word' id='word_1_875' title='bbox 3240 5236 3357 5307; x_wconf 81' lang='grc' dir='ltr'><strong>Θεῷ</strong></span> <span class='ocrx_word' id='word_1_876' title='bbox 3407 5240 3505 5290; x_wconf 72' lang='grc' dir='ltr'><strong>καὶ</strong></span> <span class='ocrx_word' id='word_1_877' title='bbox 3555 5232 3836 5304; x_wconf 77' lang='grc' dir='ltr'>ἀνθρώπῳ’</span> 
     </span>
    </p>
   </div>
   <div class='ocr_carea' id='block_1_116' title="bbox 2292 5323 3837 5401">
    <p class='ocr_par' dir='ltr' id='par_1_116' title="bbox 2292 5323 3837 5401">
     <span class='ocr_line' id='line_1_117' title="bbox 2292 5323 3837 5401; baseline -0.005 -17"><span class='ocrx_word' id='word_1_878' title='bbox 2292 5332 2413 5384; x_wconf 78' lang='grc' dir='ltr'>ὅθεν</span> <span class='ocrx_word' id='word_1_879' title='bbox 2475 5331 2659 5384; x_wconf 78' lang='grc' dir='ltr'>οὐκέτι</span> <span class='ocrx_word' id='word_1_880' title='bbox 2696 5331 2836 5401; x_wconf 76' lang='grc' dir='ltr'>πρὸς</span> <span class='ocrx_word' id='word_1_881' title='bbox 2885 5330 2975 5383; x_wconf 75' lang='grc' dir='ltr'>τὸν</span> <span class='ocrx_word' id='word_1_882' title='bbox 3030 5328 3314 5399; x_wconf 50' lang='grc' dir='ltr'>Ἀσσύριον</span> <span class='ocrx_word' id='word_1_883' title='bbox 3371 5328 3593 5399; x_wconf 80' lang='grc' dir='ltr'>βασιλέα</span> <span class='ocrx_word' id='word_1_884' title='bbox 3629 5323 3837 5395; x_wconf 67' lang='grc' dir='ltr'>ἠξίωσαν</span> 
     </span>
    </p>
   </div>
   <div class='ocr_carea' id='block_1_117' title="bbox 2288 5416 3833 5495">
    <p class='ocr_par' dir='ltr' id='par_1_117' title="bbox 2288 5416 3833 5495">
     <span class='ocr_line' id='line_1_118' title="bbox 2288 5416 3833 5495; baseline 0.001 -21"><span class='ocrx_word' id='word_1_885' title='bbox 2288 5424 2649 5495; x_wconf 72' lang='grc' dir='ltr'>ὑποστρέψαι,</span> <span class='ocrx_word' id='word_1_886' title='bbox 2732 5422 3157 5495; x_wconf 83' lang='grc' dir='ltr'>συνεργούμενοι</span> <span class='ocrx_word' id='word_1_887' title='bbox 3216 5424 3319 5475; x_wconf 81' lang='grc' dir='ltr'><strong>ὑπὸ</strong></span> <span class='ocrx_word' id='word_1_888' title='bbox 3402 5423 3502 5490; x_wconf 74' lang='grc' dir='ltr'>τῆς</span> <span class='ocrx_word' id='word_1_889' title='bbox 3572 5416 3833 5490; x_wconf 67' lang='grc' dir='ltr'>προνοίας·</span> 
     </span>
    </p>
   </div>
   <div class='ocr_carea' id='block_1_118' title="bbox 2284 5509 3833 5586">
    <p class='ocr_par' dir='ltr' id='par_1_118' title="bbox 2284 5509 3833 5586">
     <span class='ocr_line' id='line_1_119' title="bbox 2284 5509 3833 5586; baseline -0.016 -5"><span class='ocrx_word' id='word_1_890' title='bbox 2284 5520 2515 5585; x_wconf 70' lang='grc' dir='ltr'><strong>Χρημαί</strong></span> <span class='ocrx_word' id='word_1_891' title='bbox 2528 5516 2796 5583; x_wconf 76' lang='grc' dir='ltr'>ισθέντες</span> <span class='ocrx_word' id='word_1_892' title='bbox 2819 5517 2889 5584; x_wconf 82' lang='grc' dir='ltr'><strong>γά</strong></span> <span class='ocrx_word' id='word_1_893' title='bbox 2900 5534 2949 5586; x_wconf 86' lang='grc' dir='ltr'><strong>ρ,</strong></span> <span class='ocrx_word' id='word_1_894' title='bbox 2967 5535 3039 5585; x_wconf 78' lang='grc' dir='ltr'><strong>φη</strong></span> <span class='ocrx_word' id='word_1_895' title='bbox 3049 5514 3255 5577; x_wconf 70' lang='grc' dir='ltr'>σὶ,κατ’</span> <span class='ocrx_word' id='word_1_896' title='bbox 3271 5515 3418 5580; x_wconf 77' lang='grc' dir='ltr'>ὄναρ</span> <span class='ocrx_word' id='word_1_897' title='bbox 3429 5514 3514 5583; x_wconf 79' lang='grc' dir='ltr'>μὴ</span> <span class='ocrx_word' id='word_1_898' title='bbox 3529 5509 3833 5577; x_wconf 61' lang='grc' dir='ltr'>ἀνακάμψαι</span> 
     </span>
    </p>
   </div>
   <div class='ocr_carea' id='block_1_119' title="bbox 2284 5600 3834 5679">
    <p class='ocr_par' dir='ltr' id='par_1_119' title="bbox 2284 5600 3834 5679">
     <span class='ocr_line' id='line_1_120' title="bbox 2284 5600 3834 5679; baseline -0.005 -18"><span class='ocrx_word' id='word_1_899' title='bbox 2284 5610 2433 5679; x_wconf 77' lang='grc' dir='ltr'>πρὸς</span> <span class='ocrx_word' id='word_1_900' title='bbox 2462 5608 2748 5679; x_wconf 76' lang='grc' dir='ltr'>Ἡρώδην,</span> <span class='ocrx_word' id='word_1_901' title='bbox 2770 5609 2844 5663; x_wconf 83' lang='grc' dir='ltr'>δι’</span> <span class='ocrx_word' id='word_1_902' title='bbox 2866 5608 3060 5673; x_wconf 69' lang='grc' dir='ltr'>ἄλλης</span> <span class='ocrx_word' id='word_1_903' title='bbox 3083 5605 3228 5660; x_wconf 74' lang='grc' dir='ltr'><strong>ὀδοῦ</strong></span> <span class='ocrx_word' id='word_1_904' title='bbox 3246 5605 3712 5676; x_wconf 70' lang='grc' dir='ltr'>ἀνεχώρησανεὶς</span> <span class='ocrx_word' id='word_1_905' title='bbox 3729 5600 3834 5663; x_wconf 74' lang='grc' dir='ltr'><strong>τὴν</strong></span> 
     </span>
    </p>
   </div>
   <div class='ocr_carea' id='block_1_120' title="bbox 3645 5798 3820 5855">
    <p class='ocr_par' dir='ltr' id='par_1_120' title="bbox 3645 5798 3820 5855">
     <span class='ocr_line' id='line_1_121' title="bbox 3645 5798 3820 5855; baseline -0.034 0"><span class='ocrx_word' id='word_1_906' title='bbox 3645 5806 3683 5837; x_wconf 67' lang='grc' dir='ltr'>δ’</span> <span class='ocrx_word' id='word_1_907' title='bbox 3706 5798 3820 5855; x_wconf 60' lang='lat' dir='ltr'><strong>ibid.</strong></span> 
     </span>
    </p>
   </div>
   <div class='ocr_carea' id='block_1_121' title="bbox 2563 5810 3548 5879">
    <p class='ocr_par' dir='ltr' id='par_1_121' title="bbox 2563 5810 3548 5879">
     <span class='ocr_line' id='line_1_122' title="bbox 2563 5810 3548 5879; baseline -0.004 -12"><span class='ocrx_word' id='word_1_908' title='bbox 2563 5812 2607 5843; x_wconf 71' lang='grc'>⁸³</span> <span class='ocrx_word' id='word_1_909' title='bbox 2635 5812 2768 5867; x_wconf 76' lang='lat' dir='ltr'><strong>Gen.</strong></span> <span class='ocrx_word' id='word_1_910' title='bbox 2806 5829 2917 5879; x_wconf 69' lang='grc' dir='ltr'>χιχ,</span> <span class='ocrx_word' id='word_1_911' title='bbox 2952 5812 3035 5866; x_wconf 78' lang='grc'><strong>17.</strong></span> <span class='ocrx_word' id='word_1_912' title='bbox 3143 5812 3185 5846; x_wconf 69' lang='grc'>⁸¹</span> <span class='ocrx_word' id='word_1_913' title='bbox 3220 5814 3337 5866; x_wconf 76' lang='lat' dir='ltr'><strong>Art.</strong></span> <span class='ocrx_word' id='word_1_914' title='bbox 3375 5828 3469 5876; x_wconf 69' lang='grc' dir='ltr'>ῐιι,</span> <span class='ocrx_word' id='word_1_915' title='bbox 3502 5810 3548 5864; x_wconf 75' lang='grc'><strong>4.</strong></span> 
     </span>
    </p>
   </div>
  </div>
