3980 6398
220 366 327 431 949
1009 371 1411 435 SYNTAGMA
1450 371 1700 435 CANON
1708 372 1827 434 UM.

1958 370 2107 445 TIT,
2145 366 2319 444 XIII,
2353 366 2513 430 CAP.
2548 366 2676 427 XX.
3396 362 3515 427 95η

221 480 427 549 χώραν
453 476 673 533 αὐτῶν·
703 477 855 533 ἐνθεν
888 477 1013 533 ἰδὼν
1032 482 1060 534 ὁ
1088 481 1384 553 αἱμοϐόρος
1429 480 1694 553 Ἡρώδης,
1722 481 1811 535 ὅτι

1952 499 1968 535 t
2004 480 2301 535 Bethleltem
2325 491 2374 535 et
2414 481 2470 536 in
2499 483 2642 537 omni
2680 495 2796 546 ejus
2837 478 3085 549 conﬁnio,
3121 493 3154 534 α
3203 477 3404 532 bimam
3449 488 3501 533 et

219 572 577 651 ειὲνιεθιπαίχίὶη1
605 572 727 629 ὑπὸ
774 572 894 627 τῶν
937 574 1158 645 μάγων,
1200 575 1470 645 ἐθυμώθη
1498 576 1669 629 λίαν·
1715 576 1814 631 καὶ

1949 582 2089 643 utra,
2114 573 2275 643 juxta
2307 583 2505 641 tempus
2532 572 2670 642 quod
2703 588 2736 626 α
2777 573 2947 641 magis
2989 571 3269 640 diligenter
3301 569 3506 624 didice-

216 664 613 732 ἀποστ-εἴλας,
622 683 695 735 φη
704 668 808 733 σὶν,
825 666 1028 721 ἀνεῖλε
1046 667 1276 735 πάντας
1287 669 1427 735 τοὺς
1438 668 1656 735 παῖδας
1671 668 1814 735 τοὺς

1953 676 2007 720 at
2037 668 2106 721 “.
2138 666 2273 720 Cum
2304 666 2523 736 quibus,
2553 673 2608 721 et
2632 665 2797 720 alium
2824 665 2974 735 prius
3004 673 3188 719 natum
3217 662 3509 729 infantem,

216 758 291 810 ἒν
314 757 586 826 Βηθλεέμ
607 758 706 811 καὶ
734 758 803 811 ἐν
821 756 973 813 πᾶσι
1005 758 1128 824 τοῖς
1160 761 1345 827 ὁρίοις
1376 758 1587 827 αὐτῆς,
1606 759 1722 814 ἀπὸ
1735 759 1818 813 δι-

1949 774 2046 813 :um
2098 758 2484 815 interfecturus
2538 760 2880 829 quaesivisset
2927 769 2981 813 et
3033 774 3138 813 non
3184 757 3503 820 invenisset,

218 849 401 916 ετοῦς
430 849 529 903 καὶ
554 850 876 920 κατωτέρω,
901 854 1049 905 κατὰ
1064 853 1173 906 τὸν
1188 854 1410 921 χρόνον
1429 852 1502 905 ὃν
1519 852 1816 920 ήκρίϐωσε

1949 860 2136 908 latrem
2167 853 2285 923 ejus
2320 852 2639 917 Zachariam
2677 853 2948 909 interfecit
2994 854 3133 907 inter
3163 853 3421 922 templum
3452 862 3507 905 et
3560 874 3586 923 g-

218 939 388 1008 παρὰ
418 939 536 994 τῶν
552 939 757 1011 μάγων
782 958 797 973 ο
832 943 951 1013 μεθ’
971 936 1046 997 ὧν
1085 943 1179 997 καὶ
1208 942 1269 996 τδ
1296 942 1402 1012 πρὸ
1433 940 1596 996 αὐτοῦ
1626 958 1818 1013 γεννη-

1949 946 2117 1009 ιΙιιιτε,
2147 959 2271 1001 cum
2307 943 2584 1015 effugisset
2629 944 2774 999 ﬁlius
2815 959 2938 999 cum
2986 952 3158 997 matre
3202 940 3500 997 Elisabeth.
3536 928 3589 1015 ξξξ

221 1032 319 1085 θὲν
348 1032 534 1103 ἕτερον
564 1033 780 1087 παιδίον
811 1033 1056 1106 ζητήσας
1103 1037 1445 1100 ἀποκτεῖναι,
1491 1035 1586 1088 καὶ
1615 1034 1692 1106 μὴ
1727 1035 1817 1088 εὑ-

1949 1034 2082 1091 inde
2111 1050 2210 1090 nec
2239 1036 2351 1091 ullo
2390 1036 2551 1091 modo
2584 1035 3077 1105 reprehenduntur.
3531 1032 3580 1106 ᾖ

222 1125 364 1195 ρὼν,
395 1125 489 1179 τὸν
509 1128 721 1198 πατέρα
752 1129 915 1183 αὐτοῦ
973 1129 1249 1201 Ζαχαρίαν
1298 1129 1576 1199 ἐφόνευσε,
1631 1128 1831 1200 μεταξὺ
1888 1128 1983 1185 τοῦ
2037 1128 2166 1185 ναοῦ
2222 1129 2319 1184 καὶ
2375 1128 2469 1183 τοῦ
2556 1127 2968 1200 θυσιαστηρίου,
3025 1125 3353 1197 ἐκφυγόντος
3408 1094 3591 1201 τοῦ

220 1218 445 1272 παιδίου
474 1222 613 1290 μετὰ
638 1220 738 1292 τῆς
769 1224 975 1293 μητρὸς
1041 1224 1323 1278 Ἐλισάϐετ
1356 1238 1370 1253 ⁸
1406 1225 1491 1293 ἐφ’
1539 1216 1614 1278 ὧν
1661 1224 1918 1295 οὐδεμίαν
1953 1224 2160 1296 μέμψιν
2188 1224 2364 1295 ἔσχον.

298 1310 385 1365 ιδ’.
418 1312 482 1366 El
504 1312 563 1366 δέ
584 1330 730 1378 τινες
762 1312 883 1383 βίαν
939 1314 1140 1387 πολλὴν
1172 1315 1270 1370 καὶ
1310 1315 1559 1387 ἀνάγκην
1616 1315 1818 1369 πεπόν-

222 1405 378 1472 θασι,
404 1408 577 1480 χάμον
630 1411 886 1475 λαϐόντες
927 1413 986 1465 ἐν
1029 1412 1106 1483 τῷ
1157 1412 1383 1484 στόματι
1428 1413 1523 1466 καὶ
1562 1412 1815 1483 δεσμοὺς,

222 1502 321 1554 καὶ
351 1501 738 1571 ἐπιμείναντες
763 1504 1049 1575 καρτερῶς
1080 1507 1146 1575 τῇ
1176 1504 1413 1559 διαθέσει
1435 1505 1535 1576 τῆς
1557 1504 1815 1566 πίστεως,

219 1595 323 1648 καὶ
348 1595 452 1658 τὰς
500 1598 690 1666 χεῖρας
733 1598 944 1667 ’καῆναι
1007 1598 1436 1669 προσαγομένων
1490 1596 1680 1652 ἀκοντὶ
1741 1594 1820 1666 τῷ

219 1681 431 1755 ἀνιέρῳ
456 1683 683 1754 θύματι,
714 1683 904 1757 ὥσπερ
939 1680 1032 1739 οὖν
1068 1683 1314 1754 ἐγραψάν
1349 1702 1438 1754 μοι
1482 1684 1530 1737 oi
1580 1683 1689 1738 ἀπὸ
1714 1683 1815 1753 τῆς

221 1741 482 1849 φυλακῆς
528 1741 926 1851 τρισμακάριοι
986 1741 1264 1849 μάρὲνρές
1309 1741 1436 1848 περὶ
1489 1776 1597 1830 τῶν
1651 1778 1709 1830 ἐν
1854 1741 1898 1801 Β

220 1867 433 1940 Λιϐύῃ,
509 1870 604 1923 καὶ
661 1869 839 1941 ἕτεροι
896 1869 954 1922 δὲ
1014 1868 1440 1939 συλλειτουργοὶ,
1499 1868 1548 1921 οἱ
1584 1866 1816 1921 ¹τοιοῦτοι

222 1961 777 2030 συμμαρτυρούντων
811 1961 997 2024 αὐτοῖς
1030 1960 1266 2031 μάλιστα
1296 1960 1523 2013 καὶτῶν
1571 1958 1817 2029 ἀδελφῶν

219 2049 340 2103 τῶν
374 2050 596 2118 λοιπῶν,
618 2051 874 2107 δύνανται
926 2048 1069 2107 εἶναι
1103 2053 1162 2106 ἐν
1190 2054 1256 2124 τῇ
1325 2051 1663 2123 λειτουργίᾳ,
1716 2069 1813 2105 τα-

221 2144 454 2213 χθέντες
479 2145 536 2198 ἐν
565 2147 675 2209 τοῖς
710 2145 1091 2218 ὁμολογηταῐς,
1130 2146 1205 2210 ὡς
1231 2145 1327 2199 καὶ
1364 2147 1412 2199 οἱ
1467 2162 1819 2217 κατανεκρω-

222 2235 419 2297 θέντες
466 2235 525 2288 ἐν
550 2237 673 2299 ταῖς
708 2236 933 2301 πολλαῖς
987 2237 1261 2307 βασάνοις,
1311 2237 1406 2291 καὶ
1463 2236 1660 2307 μηκέτι
1722 2235 1812 2302 ἐξ-

226 2326 555 2397 ισχύσαντες
572 2327 826 2397 λαλῆσαι,
855 2327 887 2399 ἣ
916 2328 1274 2398 φθέγξασθαι,
1308 2329 1341 2401 ἢ
1386 2329 1695 2400 κινηθῆναι,
1736 2331 1817 2394 είς

222 2420 292 2472 τὸ
325 2418 648 2491 ἀντιστῆναι
682 2423 795 2484 τοῖς
849 2422 929 2485 εἰς
967 2422 1145 2492 μάτην
1188 2419 1602 2489 ἐκϐιαζομένοις
1627 2436 1641 2450 °
1699 2419 1821 2474 οὐδὲ

226 2512 343 2583 γὰρ
383 2514 780 2582 συγκατέθεντο
827 2518 893 2586 τῇ
928 2514 1183 2586 βδελυρίᾳ
1231 2514 1432 2579 αὐτῶν,
1483 2513 1674 2587 ὥσπερ
1725 2509 1821 2568 οὖν

230 2607 391 2679 παρὰ
417 2604 850 2677 συλλειτουργῶν
883 2607 1044 2663 πάλιν
1092 2608 1333 2680 ἤκουσα·
1385 2607 1820 2679 ταχθήσεταινδὲ

229 2698 293 2749 ἐν
327 2699 443 2761 τοῖς
475 2698 839 2769 ὁμολογηταίς
890 2700 985 2753 καὶ
1025 2702 1133 2763 πᾶς
1160 2699 1411 2753 ὁστισοῦν
1466 2701 1607 2755 κατὰ
1655 2701 1824 2773 Τιμόο

229 2791 361 2844 Θεον
389 2790 736 2845 πολιτεύεται
763 2807 777 2821 ·
806 2792 1128 2863 πειθόμενος
1153 2794 1245 2847 καὶ
1266 2794 1427 2857 αὐτὸς
1458 2793 1536 2866 τῷ
1589 2794 1823 2862 λέγοντι,

226 2887 418 2939 Δίωκε
441 2884 508 2939 δὲ
528 2885 945 2953 δικαιοσύνην,
962 2886 1296 2951 εὐσέϐειαν,
1312 2889 1540 2949 πίστιν,
1561 2885 1823 2958 ἀγάπην,

226 2976 558 3044 ὑπομονὴν
590 3017 605 3043 ,
649 2976 1085 3047 προσπάθειαν,
1146 2976 1432 3047 ἀγωνίζου
1482 2978 1589 3032 τὸν
1633 2977 1827 3032 καλὸν

1924 1320 1971 1383 ε,
1999 1316 2086 1371 id.
2126 1315 2184 1370 Si
2224 1316 2318 1385 qui
2366 1322 2546 1369 autem
2590 1312 2700 1367 vim
2746 1312 2975 1367 multam
3022 1321 3076 1367 et
3127 1310 3505 1366 necessitatem

1923 1407 2069 1479 passi
2099 1418 2247 1475 sunt,
2277 1406 2480 1477 quique
2505 1414 2559 1461 et
2586 1405 2641 1460 in
2672 1420 2768 1460 ore
2794 1404 2999 1460 ferrum
3026 1412 3080 1459 et
3105 1404 3318 1459 vincula
3351 1418 3507 1458 acce-

1923 1508 2139 1572 perunt,
2186 1507 2242 1555 et
2285 1505 2505 1570 prepter
2540 1497 2739 1554 bonam
2793 1496 2914 1552 ﬁdei
2961 1494 3324 1560 affectionem,
3377 1509 3508 1549 suas

1923 1606 2143 1663 quoque
2171 1605 2366 1646 manus
2388 1590 2474 1644 uri
2505 1588 2718 1644 fortiter
2736 1590 3098 1658 pertulerunt,
3126 1586 3192 1641 ad
3220 1584 3507 1655 profanum

1924 1685 2256 1742 sacriﬁcium
2310 1686 2392 1740 eis
2450 1683 2639 1739 invitis
2701 1681 2985 1737 adductas.
3037 1679 3507 1747 Quemadmodum

1926 1777 2091 1849 igitur
2124 1776 2258 1832 mihi
2288 1775 2627 1847 scripserunt
2652 1790 2717 1829 ex
2754 1773 3003 1830 custodia
3033 1772 3331 1828 beatissimi
3362 1786 3510 1825 mar-

1929 1884 2077 1948 tyres
2102 1876 2167 1928 de
2193 1874 2261 1929 iis
2287 1873 2380 1943 qui
2411 1880 2537 1928 sunt
2570 1871 2625 1925 in
2656 1870 2846 1942 Libya,
2872 1878 2925 1924 et
2948 1868 3038 1924 alii
3063 1868 3227 1923 etiam
3256 1868 3310 1922 in
3340 1865 3512 1921 sacris

1928 1965 2323 2030 comministri;
2352 1964 2387 2018 ii
2416 1962 2580 2019 simul
2602 1959 3021 2018 testiﬁcantibus
3046 1959 3270 2027 reliquis
3292 1970 3514 2027 quoque

1928 2056 2224 2120 fratribus,
2268 2062 2497 2124 possunt
2542 2068 2666 2109 esse
2718 2053 2774 2107 in
2827 2066 2987 2109 sacro
3035 2051 3341 2105 ministerio
3373 2050 3516 2105 inter

1928 2148 2273 2207 oonfessores
2300 2146 2571 2214 collocati,
2604 2156 2661 2200 ut
2708 2154 2764 2202 et
2791 2146 2884 2216 qui
2918 2145 2971 2199 in
3006 2144 3193 2199 multis
3227 2143 3515 2197 tormentis

1928 2242 2205 2299 fortiﬁcati
2238 2240 2459 2305 fuerint,
2488 2253 2599 2293 non
2627 2238 2861 2308 amplius
2899 2237 3195 2307 potuerint,
3227 2236 3308 2290 vel
3338 2234 3511 2305 loqui,

1930 2334 2013 2389 vel
2046 2334 2246 2398 dicere,
2281 2332 2365 2387 vel
2414 2330 2640 2393 moveri,
2674 2339 2736 2385 ut
2786 2331 3105 2386 resisterent
3148 2328 3215 2384 iis
3252 2328 3346 2397 qui
3402 2328 3513 2380 vim

1931 2426 2135 2483 frustra
2180 2423 2495 2479 afferebant.
2526 2421 2714 2493 Neque
2760 2422 2906 2481 enim
2952 2436 3143 2476 eorum
3178 2417 3514 2488 improbitati

1931 2518 2135 2575 assensi
2184 2526 2331 2573 sunt.
2375 2514 2844 2583 Quemadmodum
2876 2526 3005 2582 ergo
3040 2527 3068 2566 a
3116 2507 3514 2566 comministris

1931 2624 2125 2666 rursus
2161 2607 2345 2663 audivi
2395 2604 2906 2661 annomerabuntur
2954 2603 3096 2657 inter
3128 2602 3510 2667 confessores;

1932 2710 1990 2757 et
2017 2701 2331 2770 quicunque
2359 2700 2656 2754 secundum
2689 2696 3034 2751 Timotheum
3061 2694 3226 2748 vitam
3256 2693 3511 2757 instituit,

1932 2808 2133 2865 parens
2158 2793 2207 2846 ei
2230 2805 2448 2861 quoque
2485 2788 2577 2859 qui
2625 2788 2758 2844 dicit
2809 2804 2823 2843 :
2883 2786 3199 2855 Persequere
3216 2784 3512 2854 justitiam,

1933 2887 2203 2956 pietatem,
2226 2884 2406 2954 ﬁdem,
2430 2882 2787 2945 dilectionem,
2818 2880 3176 2943 tolerantiam,
3201 2878 3470 2931 lenitatem
3494 2892 3514 2931 :

1936 2986 2078 3032 certa
2130 2976 2409 3047 pulchrum
2453 2980 2716 3028 certamen
2761 2972 2887 3043 ﬁdei
2930 2989 2949 3027 :
2983 2969 3310 3041 apprehende
3353 2968 3516 3022 vitam

228 3067 440 3137 ἀγῶνα
460 3068 571 3137 τῆς
601 3070 881 3135 πίστεως,
923 3069 1214 3123 ἐπιλαϐοῦ
1252 3069 1363 3139 τῆς
1394 3070 1635 3123 αἰωνίου
1656 3067 1824 3136 ζωῆς,

1949 3070 2191 3123 :aelestem
2229 3069 2284 3121 in
2334 3083 2493 3138 quam
2535 3075 2753 3121 vocatus
2802 3082 2891 3130 es;
2934 3074 2983 3119 et
3023 3064 3293 3134 confessus
3337 3077 3517 3115 coram

228 3165 326 3229 εἰς
346 3160 423 3230 ἣν
443 3163 705 3231 ἐκλήθης
724 3163 823 3216 καὶ
840 3163 1238 3234 ὡμολόγησας
1257 3164 1374 3234 τὴν
1392 3162 1591 3230 καλὴν
1616 3165 1831 3233 ὁμολο-

232 3257 379 3326 γίαν
406 3255 665 3310 ἐνώπιον
680 3256 927 3311 πολλῶν
942 3259 1281 3328 μαρτύρων.

235 3370 569 3425 Βασιλείου
590 3372 795 3425 κανὼν
846 3369 913 3437 ζ’,
947 3369 1016 3460 ης,
1055 3370 1169 3460 μαί,
1201 3370 1303 3441 μδ’,
1340 3376 1444 3441 με’,
1480 3367 1574 3435 ξέ,
1602 3366 1701 3438 οβ’»
1726 3366 1828 3436 ογ’,

899 3459 1014 3508 πα,
1056 3459 1139 3511 πγί
1154 3481 1168 3494 .

305 3570 378 3637 ζ’.
455 3572 874 3644 Ἀῤῥενοφθόροι
924 3572 1019 3626 καὶ
1078 3570 1404 3642 ξωοφθόροι,
1461 3570 1559 3626 καὶ
1615 3571 1828 3641 φονεῖς,

239 3683 296 3721 κ.
333 3682 386 3719 τ.
426 3665 478 3719 λ.

311 3755 385 3827 η’.
422 3757 483 3810 Ὀ
520 3755 678 3830 ἀξίνῃ
704 3756 857 3828 παρὰ
883 3730 975 3810 τδν
999 3757 1190 3830 θυμὸν,
1219 3774 1273 3811 κ.
1305 3773 1357 3811 τ.
1385 3758 1439 3810 λ.

317 3857 434 3922 μα’.
484 3852 548 3905 Ἡ
588 3854 645 3906 ἐν
678 3854 747 3923 τῇ
792 3851 992 3923 χηρείᾳ
1046 3850 1294 3917 ἐξουσίαν
1352 3847 1557 3919 ἑαυτῆς
1608 3845 1831 3919 ἔχουσα,

243 3962 300 3998 κ.
336 3961 386 3996 τ.
424 3942 475 3996 λ.

321 4035 427 4107 μδ’.
472 4036 537 4089 Ἦ
566 4036 811 4100 διάκονος
870 4038 903 4106 ἡ
932 4035 1010 4107 τῷ
1062 4035 1286 4106 Ἕλληνι
1346 4034 1829 4107 συμπορνεύσασα,

241 4128 412 4197 δεκτή
450 4127 597 4179 ἐστιν
615 4128 694 4189 εἰς
722 4126 821 4196 τὴν
856 4127 1145 4194 μετάνοιαν
1171 4141 1185 4155 ·
1224 4126 1305 4189 είς
1341 4125 1398 4178 δὲ
1442 4125 1541 4197 τὴν
1586 4143 1833 4197 προσφο-

245 4219 351 4290 ρὰν
371 4219 692 4289 δεχθήσεται
722 4219 800 4290 τῷ
838 4218 1051 4290 ἑϐδόμῳ
1092 4218 1222 4282 ἔτει,
1258 4218 1501 4288 δηλονότι
1551 4220 1609 4271 ἐν
1640 4220 1833 4289 ἁγνείᾳ

244 4309 401 4375 ζῶσα
427 4327 440 4341 ⁸
475 4312 503 4363 ό
525 4310 579 4363 δὲ
609 4309 748 4381 μετὰ
786 4309 886 4382 τὴν
938 4309 1120 4363 πίστιν
1152 4309 1354 4381 Ἕλλην
1391 4309 1550 4363 πάλιν
1578 4312 1645 4380 τῇ
1694 4312 1835 4380 ἱερο-

246 4403 413 4473 συλίᾳ
444 4402 703 4475 προσιὼν,
754 4405 848 4456 ἐπὶ
906 4402 996 4457 τὸν
1036 4402 1167 4457 ἴδιον
1218 4402 1415 4474 ἔμετον
1474 4404 1831 4473 ἐπιστρέφει*

1937 3161 2116 3216 multis
2142 3160 2356 3215 testibus
2384 3160 2761 3229 confessionem
2786 3158 2855 3213 ⁸⁷.

1938 3371 2104 3445 456
2150 3370 2344 3425 Basilii
2387 3368 2691 3492 canone587',
2832 3366 2923 3433 41,
2951 3366 3041 3434 44,
3067 3366 3159 3435 45,
3184 3365 3273 3433 65,
3303 3363 3393 3429 72,
3425 3364 3519 3429 75,

2012 3576 2066 3630 7.
2108 3574 2476 3632 Masculorum
2527 3582 2581 3629 et
2622 3572 2945 3627 animalium
2974 3580 3344 3641 corruptores,
3383 3577 3529 3636 (δια,

1942 3677 1999 3722 ut
2022 3684 2144 3738 pag.
2178 3666 2304 3723 819.

2012 3760 2066 3814 8.
2093 3757 2198 3825 Qui
2241 3758 2312 3813 ob
2351 3757 2693 3812 iracundiam
2738 3756 2939 3822 securi,
2994 3766 3122 3821 ete.,
3153 3762 3210 3808 ut
3236 3769 3358 3825 pag.
3386 3751 3517 3808 922.

2012 3852 2104 3907 41.
2144 3853 2276 3919 Quae
2314 3851 2372 3906 in
2399 3850 2661 3907 viduitate
2685 3850 2850 3908 habet
2890 3849 2973 3907 sui
3005 3856 3354 3919 potestatem,
3387 3855 3518 3908 etc.,

1942 3954 1999 3999 ut
2031 3961 2151 4016 pag.
2187 3942 2315 4000 899.

2016 4038 2106 4093 44.
2158 4036 2478 4092 Diacouissa
2530 4050 2651 4106 tntae
2693 4050 2815 4089 cum
2861 4034 3051 4089 Graeco
3102 4032 3369 4086 fornicata
3418 4040 3522 4095 est,

1943 4130 2008 4183 ad
2035 4128 2409 4197 ptenitentiam
2429 4125 2763 4179 admittenda
2796 4132 2914 4178 est:
2951 4123 3015 4176 ad
3040 4121 3372 4176 oblationem
3395 4134 3524 4174 vero

1946 4222 2262 4275 admittetur
2292 4234 2437 4273 anno
2483 4217 2737 4286 septimo,
2771 4216 2816 4271 si
2868 4215 3121 4270 videlicet
3168 4214 3222 4267 in
3274 4213 3524 4267 castitate

1943 4314 2108 4368 vitam
2138 4320 2281 4383 agat.
2319 4311 2542 4367 Graecus
2570 4318 2751 4364 autem
2784 4309 2876 4379 qui
2905 4316 3026 4378 post
3058 4306 3214 4360 ﬁdem
3247 4315 3521 4374 receptam

1946 4421 2137 4462 rursus
2167 4406 2233 4460 ad
2284 4404 2632 4474 sacrilegium
2671 4403 2901 4466 accedit,
2942 4402 3009 4455 ad
3053 4400 3319 4454 vomitum
3349 4414 3525 4453 rever-

244 4498 414 4567 ήμείς
440 4495 497 4549 δὲ
527 4498 627 4565 τῆς
652 4496 903 4550 διακόνου
947 4496 1009 4549 τὸ
1044 4495 1204 4566 σῶμα
1261 4495 1338 4560 ὡς
1399 4494 1827 4565 καθιερωμένον,

1949 4500 2097 4555 titur.
2131 4497 2242 4553 Nos
2285 4512 2450 4567 porro
2478 4495 2805 4551 diaconissze
2841 4508 3066 4562 corpus,
3101 4502 3294 4560 utpote
3328 4505 3523 4545 conse—

245 4588 435 4643 οὑκέτι
467 4590 837 4662 ἐπιτρέπομεν
868 4593 927 4645 ἐν
948 4591 1146 4663 χρήσει
1167 4584 1310 4645 εἶναι
1341 4592 1603 4662 σαρκικῇ.

328 4770 434 4842 με’.
466 4773 564 4832 ’ος
604 4772 700 4827 ἐάν
734 4790 819 4836 τις
850 4774 913 4825 τὸ
961 4773 1133 4843 ὄνομα
1172 4772 1355 4828 λαϐὼν
1392 4773 1486 4826 τοῦ
1536 4774 1847 4842 Χριστιανι-

248 4866 398 4935 σμοῦ
431 4862 691 4933 ἐνυϐρίζῃ
711 4863 804 4916 τὸν
840 4862 1096 4933 Χριστὸν,
1135 4862 1289 4916 οὐδὲν
1311 4862 1505 4931 ὄφελος
1535 4861 1682 4932 αύτῷ
1728 4861 1838 4916 ἀπὸ

245 4955 356 5026 τῆς
384 4954 777 5026 προσηγορίας.

330 5048 422 5113 ξέ,
469 5047 527 5101 Ὀ
560 5047 815 5118 γοητείαν
860 5046 894 5118 ἢ
950 5046 1302 5118 φαρμακείαν
1351 5044 1712 5117 ἐξαγορεύων,
1749 5045 1842 5099 τὸν

246 5138 351 5195 τοῦ
381 5140 588 5209 φονέως
631 5139 821 5209 χρόνον
859 5139 1337 5208 ἐξομολογήσεται,
1398 5135 1573 5199 οὕτως
1630 5137 1841 5190 οἰκονο-

253 5231 557 5304 μούμενος,
609 5230 682 5294 ὼς
739 5233 799 5284 ἐν
849 5231 1045 5301 ἐκείνῳ
1091 5230 1170 5301 τῷ
1229 5228 1589 5299 ἁμαρτήματι
1646 5228 1842 5282 ἑαυτὸν

249 5323 505 5391 ἐλέγξας.

329 5415 427 5486 οβ’.
476 5416 534 5469 Ὀ
571 5416 830 5487 μάντεσιν
867 5416 1058 5470 ἑαυτὸν
1125 5414 1398 5478 ἐπιδιδοὺς
1461 5415 1494 5484 ἦ
1530 5430 1638 5466 τισι
1671 5410 1846 5465 τοιούο

250 5528 393 5574 τοις,
426 5508 519 5563 τὸν
549 5508 742 5580 χρόνον
776 5508 887 5561 τῶν
941 5508 1148 5576 φονέων
1203 5507 1300 5560 καὶ
1345 5506 1506 5569 αὐτὸς
1560 5505 1848 5575 οἰκονομη-

257 5602 517 5671 θήσεται.

334 5691 436 5762 ογ¹.
485 5696 543 5747 '0
574 5694 665 5747 τὸν
708 5694 942 5765 Χριστὸν
1002 5694 1400 5764 ἀρνησάμενος,
1446 5693 1539 5747 καὶ
1594 5691 1847 5765 παραϐὰς

346 5834 389 5865 ³⁶
415 5835 601 5893 Matth.
633 5852 690 5903 ιι,
714 5834 792 5890 l6.
870 5834 911 5867 "7
946 5833 1130 5890 lTitu.
1154 5852 1224 5903 ιι,
1260 5837 1339 5903 ιι,
1371 5837 1453 5892 12.

1944 4598 2181 4655 cratum,
2218 4604 2327 4644 non
2360 4589 2596 4659 amplius
2624 4586 2994 4659 permittimus
3027 4585 3081 4639 in
3110 4600 3213 4639 usu
3251 4599 3374 4639 esse
3406 4599 3526 4638 car-

1943 4683 2077 4738 nali.

2014 4780 2104 4836 45.
2156 4779 2421 4850 Si-quis,
2493 4786 2715 4847 accepto
2801 4776 3023 4831 nomine
3090 4774 3522 4837 Christianismi,

1945 4871 2223 4928 Christum
2241 4870 2572 4927 contumelia
2604 4869 2789 4937 allicit,
2827 4868 2961 4924 nihil
3002 4867 3051 4924 ei
3082 4868 3305 4938 prodest
3335 4868 3525 4936 appel-

1947 4966 2109 5092 “iis.
2156 5035 2260 5103 Qui
2314 5035 2620 5107 przestigias
2676 5035 2761 5091 vel
2815 5035 3139 5091 veneﬁcium
3212 5031 3526 5098 conﬁtetur,

1952 5129 1999 5183 is
2023 5127 2309 5183 homicidae
2344 5136 2560 5197 tempus
2594 5128 2648 5182 in
2692 5128 3012 5197 poenitentia
3059 5129 3261 5191 ducet;
3308 5135 3362 5180 et
3400 5140 3526 5179 cum

1951 5221 2044 5275 illo
2071 5228 2285 5291 agetur,
2319 5218 2466 5275 velut
2495 5233 2618 5273 cum
2662 5232 2728 5273 eo
2780 5218 2873 5289 qui
2905 5234 2965 5274 se
2996 5219 3111 5288 ipse
3157 5217 3207 5272 in
3260 5216 3364 5272 hoc
3406 5229 3529 5286 pec-

1950 5321 2072 5369 cato
2098 5307 2296 5382 prodit.

2018 5405 2108 5460 72.
2161 5406 2263 5471 Qui
2294 5420 2353 5460 se
2381 5403 2598 5458 vatibus
2630 5401 2711 5456 vel
2747 5399 3018 5471 ejusmodi
3048 5400 3171 5456 aliis
3202 5398 3383 5463 tradit,
3413 5396 3527 5466 ipse

1946 5516 2166 5571 quoque
2193 5499 2486 5555 homicida:
2523 5505 2766 5564 tempore
2795 5492 3070 5563 punietur.

2020 5686 2106 5741 7'5.
2136 5684 2238 5752 Qui
2286 5678 2499 5752 negavit
2552 5676 2831 5734 Christum
2880 5682 2934 5729 et
2965 5672 3156 5729 salutis
3208 5667 3523 5741 mysterium
