3870 6290
516 330 626 397 951

1707 332 1969 394 PIIOTII
2000 333 2515 398 PATRIARCI‘I/E
2555 334 2666 394 ep.
3633 349 3713 411 953

527 448 773 514 violavit,
806 456 923 505 toto
970 447 1095 505 vitaz
1146 465 1259 506 sua:
1286 458 1532 523 tempore
1553 448 1704 516 ﬂere,
1738 459 1798 526 et
1838 450 2115 521 paeniten-

2233 452 2281 505 τὸ
2322 454 2425 523 τῆς
2485 450 2765 521 σωτηρίας
2824 448 3141 521 μυστήριον,
3192 445 3251 498 ὲν
3287 445 3435 500 παντὶ
3477 452 3542 522 τῷ
3582 464 3717 532 χρόνῳ

531 546 663 599 tiam
694 561 856 616 agere
889 545 1075 610 debet,
1103 546 1181 601 sic
1210 554 1412 609 tamen,
1441 554 1501 601 ut
1526 554 1771 614 tempore
1801 559 1912 615 quo
1949 560 1979 599 e
2011 545 2117 599 vita

529 638 766 701 excedit,
816 647 1167 693 sacramento
1209 640 1410 710 dignus
1456 637 1724 692 habeatur
1756 638 1829 693 ob
1874 638 2032 694 ﬁdem
2065 636 2120 692 in

531 730 629 786 Dei
668 732 1038 787 clementiam.

601 918 691 972 8|.
737 918 1009 984 Quoniam
1062 925 1248 971 autem
1300 915 1461 971 multi
1504 916 1559 971 in
1596 915 1971 972 Barbarorum
2030 914 2118 968 in-

530 1009 808 1074 cursione,
831 1018 960 1072 etc.,
981 1017 1037 1061 ut
1056 1024 1178 1077 pag.
1204 1006 1333 1062 926.

599 1120 690 1174 85.
736 1118 837 1185 Qui
878 1118 1249 1172 vaticinantur
1287 1128 1341 1174 et
1382 1116 1809 1175 consuetudines
1852 1117 2119 1189 gentium,

528 1221 659 1279 etc.,
688 1220 745 1264 ut
771 1227 895 1281 pag.
925 1209 1050 1266 934.

808 1340 971 1414 457
1024 1341 1263 1414 Gregorii
1289 1339 1518 1412 Nysseni
1546 1356 1664 1411 cap.
1700 1340 1751 1397 ι.
1774 1340 1832 1395 ‘2.

598 1472 652 1527 1.
688 1471 786 1528 llis
833 1473 1018 1542 itaque
1066 1473 1169 1527 hoc
1220 1471 1383 1526 modo
1431 1470 1736 1536 distinetis,
1774 1482 2116 1541 quaecunque

528 1565 750 1635 quidem
796 1575 1021 1636 peccata
1066 1565 1282 1619 ratione
1328 1564 1608 1633 praeditam
1656 1562 1853 1618 animae
1903 1571 2113 1632 partem

531 1658 823 1727 attingunt,
848 1671 971 1711 esse
1002 1656 1252 1725 graviora
1283 1670 1314 1709 a
1340 1655 1593 1710 Patrihus
1620 1653 1865 1723 iudicata
1895 1663 2045 1717 sunt,
2068 1660 2123 1707 et

2224 544 2326 615 τῆς
2359 544 2504 614 ζωῆς
2533 540 2698 597 αὐτοῦ
2757 541 3109 613 προσκλαίειν
3164 538 3379 608 ὀφείλει,
3410 545 3492 597 καὶ
3524 547 3718 618 ἐξομολο-

2224 633 2438 703 γεῖσθαι
2459 636 2727 705 χρεωστεί
2761 650 2778 667 ο
2812 635 2871 687 ὲν
2895 631 2973 703 τῷ
2998 631 3178 702 καιρῷ
3203 623 3248 699 ᾧ
3275 632 3493 688 ἐκϐαίνει
3519 641 3597 693 τοῦ
3616 642 3719 713 βίον,

2224 726 2317 780 τοῦ
2340 728 2682 798 ἀγιάσματος
2730 726 3055 799 ἀξιούμενος
3086 726 3269 779 πίστει
3304 724 3402 797 τῆς
3438 731 3569 801 παρὰ
3615 735 3719 793 Θεοῦ

2224 820 2421 891 φιλανθ
2430 820 2665 894 ρώπιας.

2297 911 2407 967 πα’.
2449 912 2667 983 Ἐπειδὴ
2697 912 2754 966 δὲ
2790 911 2976 967 πολλοὶ
3009 913 3066 966 ὲν
3095 914 3161 986 τῇ
3210 912 3319 965 τῶν
3355 912 3614 990 βαρδάρων
3654 942 3727 977 κα-

2184 1010 2191 1019 ’
2222 1006 2491 1078 ταδρομῇ,
2526 1022 2652 1061 κ.τ.
2684 1006 2734 1060 λ.

2290 1117 2402 1189 πγ’.
2438 1120 2499 1172 Oi
2556 1117 3115 1188 καταμαντευόμενοι,
3180 1118 3273 1171 καί
3322 1120 3433 1183 ταῖς
3484 1124 3731 1195 συνηθείαις

2225 1212 2332 1266 τῶν
2361 1212 2532 1267 ἐθνῶν
2554 1211 3060 1279 ὲξακολουθούντες,
3096 1230 3149 1268 κ.
3177 1229 3228 1265 τ.
3258 1212 3309 1266 λ.

2511 1343 2849 1413 Γρηγορίου
2881 1344 3135 1411 Νύσσης
3188 1310 3324 1414 κεςο.
3352 1344 3422 1411 α’,
3454 1345 3512 1417 β’.

2295 1472 2367 1526 α’.
2404 1473 2623 1526 Τούτων
2665 1472 2847 1525 τοίνυν
2908 1471 3050 1525 κατά
3100 1471 3194 1525 τίον
3226 1472 3505 1544 εἰρημένον
3556 1476 3735 1549 διευκρι.

2225 1564 2502 1635 νηθέντων
2519 1564 2745 1634 τρόπον,
2774 1564 2875 1617 ὅσα
2907 1563 3006 1635 μὲν
3041 1564 3265 1636 ἀμαρτή
3276 1581 3419 1635 ματα
3442 1565 3526 1619 τοῦ
3556 1567 3734 1637 λογιστιο

2224 1657 2323 1710 κοῦ
2353 1656 2453 1725 τῆς
2485 1655 2666 1726 ψυχῆς
2716 1655 2952 1709 ἅπτεται
2982 1654 3206 1725 μέρους,
3244 1655 3599 1729 χαλεπώτερα
3628 1664 3736 1733 παρὰ

532 1748 729 1818 majori
772 1764 837 1805 ac
877 1747 1254 1805 suﬂicientiori
1288 1758 1343 1804 et
1376 1748 1725 1803 laboriosiori
1762 1748 2120 1803 conversione

2233 1744 2332 1798 τῶν
2358 1745 2619 1815 Πατέρων
2647 1743 2865 1815 ἐκρίθη,
2893 1746 2988 1798 καὶ
3041 1744 3292 1815 μείζονος
3344 1748 3437 1800 καὶ
3484 1747 3736 1818 διαρκεστέ⁶

530 1842 694 1913 digna
744 1860 758 1897 :
808 1842 1270 1913 quemadmodum
1312 1842 1357 1897 si
1391 1843 1516 1913 quis
1548 1842 1708 1897 ﬁdem
1744 1841 1800 1895 in
1834 1840 2116 1896 Christum

532 1935 769 2005 negavit,
802 1936 887 1990 vel
929 1935 994 1990 ad
1039 1935 1404 2002 Judaismum,
1434 1935 1517 1990 vel
1563 1934 1835 1989 idolorum
1880 1934 2112 2000 cultum,

530 2027 615 2083 vel
663 2028 1171 2097 Manichzeismum,
1218 2029 1303 2084 vel
1354 2028 1571 2096 aliquod
1622 2026 1770 2081 aliud
1824 2026 2120 2096 impietatis

532 2136 705 2191 genus
730 2120 1031 2177 descivisse
1058 2121 1210 2177 visus
1243 2120 1332 2184 sit,
1359 2119 1450 2189 qui
1484 2119 1788 2174 voluntarie
1812 2117 2031 2187 quidem
2060 2134 2121 2174 se

532 2212 598 2267 ad
627 2212 679 2266 id
714 2212 915 2267 malum
944 2213 1198 2279 contulit,
1222 2212 1418 2268 deinde
1447 2212 1686 2281 seipsum
1715 2210 2118 2277 condemnavit,

531 2312 705 2358 totum
741 2312 957 2375 tempus
988 2307 1111 2359 vita:
1145 2306 1306 2359 habet
1338 2305 1668 2374 pieiiitentire
1703 2313 1936 2373 tempus.
1969 2303 2121 2359 Nun-

530 2411 693 2466 quam
726 2397 897 2461 enim,
926 2397 971 2452 si
1005 2398 1235 2469 mystica
1265 2408 1559 2467 peragatur
1586 2397 1783 2459 oratio,
1816 2395 1980 2450 Deum
2010 2411 2119 2451 una

530 2503 654 2543 cum
682 2490 885 2560 populo
908 2490 1139 2544 adorare
1165 2490 1362 2560 dignus
1389 2490 1722 2554 censebitur,
1744 2489 1837 2543 sed
1867 2504 2117 2545 seorsum

531 2582 874 2651 precabitur;
924 2597 955 2637 a
1000 2590 1464 2637 sacramentorum
1510 2591 1690 2637 autem
1734 2582 2122 2637 communione

526 2673 758 2728 omnino
801 2674 904 2727 erit
945 2673 1191 2740 alienus;
1230 2673 1283 2726 in
1321 2673 1454 2727 liora
1491 2682 1671 2727 autem
1700 2673 1783 2727 sui
1821 2688 1850 2727 e
1880 2674 1988 2727 vita
2023 2690 2122 2727 ex-

530 2780 742 2831 cessus,
772 2765 1097 2821 sacramenti
1130 2765 1535 2820 communionis
1565 2765 1669 2818 erit
1702 2764 1989 2834 particeps.
2021 2762 2116 2819 Sin

530 2869 710 2915 autem
742 2860 1029 2929 contigerit
1062 2869 1123 2913 ut
1152 2859 1200 2913 is
1228 2868 1422 2928 prater
1452 2874 1601 2928 spem
1632 2858 1808 2923 vivat,
1842 2859 1894 2913 in
1928 2859 2115 2913 eodem

530 2969 725 3009 rursus
748 2953 889 3006 vivet
908 2952 1136 3022 judicio,
1160 2952 1517 3023 mysticorum
1547 2960 2017 3005 sacramentorum
2050 2951 2116 3004 ad

528 3045 657 3099 vitae
688 3045 893 3099 exitum
927 3058 1102 3113 usque
1134 3058 1351 3112 expers.
1386 3042 1491 3109 Qui
1525 3052 1706 3097 autem
1744 3042 2031 3097 tormentis
2064 3051 2119 3095 et

2232 1855 2332 1908 ρας
2362 1838 2454 1891 καὶ
2479 1839 2889 1908 ὲπιπονωτέρας
2913 1838 3013 1908 τῆς
3039 1840 3381 1910 ἐπιστροφῆς
3411 1839 3525 1906 ἄξια
3542 1860 3555 1874 ·
3583 1837 3672 1897 οἷον
3706 1850 3742 1899 εί

2229 1947 2314 1993 τις
2347 1931 2628 2000 ἠρνήσατο
2648 1930 2745 2002 τὴν
2773 1932 2852 1996 είς
2883 1931 3120 2002 Χριστὸν
3140 1932 3349 1996 πίστιν,
3406 1934 3438 2004 ἢ
3481 1934 3601 2006 πρὸς
3647 1938 3740 1990 Ἰουο

2230 2023 2479 2093 δαϊσμδν,
2507 2023 2696 2095 ἢπρὸς
2725 2024 3163 2094 είδωλολατρίαν,
3193 2026 3225 2096 ἢ
3259 2026 3396 2095 πρὸς
3411 2028 3742 2098 Μανιχαῑσμὺν,

2230 2116 2263 2187 ἢ
2298 2116 2434 2186 πρὸς
2459 2116 2589 2170 ἄλλο
2628 2134 2684 2170 τι
2716 2116 2957 2171 τοιοῦτον
3002 2117 3194 2182 ἀθεῖας
3232 2116 3395 2183 εἶδος,
3437 2120 3743 2192 αὐτομολήσας

2231 2210 2403 2280 ἐφάνη
2425 2226 2438 2239 °
2473 2212 2501 2263 ὁ
2534 2210 2632 2281 μὲν
2662 2209 2929 2275 ἑκουσίως
2955 2211 3049 2263 ἐπὶ
3074 2210 3137 2265 τὸ
3158 2212 3407 2265 τοιοῦτον
3428 2215 3647 2283 ὁρμήσας
3674 2234 3745 2268 κα-

2229 2304 2346 2368 κδν,
2378 2298 2498 2357 εἶτα
2525 2302 2832 2372 καταγνοὺς
2861 2304 3081 2366 ἑαυτοῦ,
3128 2306 3325 2374 χρόνον
3377 2305 3466 2356 τὸν
3497 2306 3586 2373 τῆς
3619 2324 3744 2375 μετα-

2229 2397 2379 2460 νοίας
2405 2396 2521 2467 ἔχει
2550 2396 2672 2450 ὅλον
2697 2398 2790 2450 τὸν
2812 2397 2912 2465 τῆς
2936 2396 3082 2465 ζωῆς
3111 2396 3281 2450 αὐτοῦ
3316 2412 3328 2425 ·
3366 2398 3484 2450 οὖδέ
3535 2416 3642 2451 ποτε
3672 2399 3751 2471 γὰρ

2232 2490 2499 2562 μυστικῆς
2527 2489 2955 2559 ἐπιτελουμένης
2979 2489 3163 2559 εὐχῆς,
3200 2489 3344 2560 μετά
3366 2489 3457 2542 τοῦ
3480 2489 3598 2561 λαοῦ
3621 2508 3744 2560 προσ-

2227 2585 2460 2655 κυνῆσαι
2508 2584 2600 2636 τὸν
2660 2582 2793 2635 θεὸν
2848 2582 3228 2647 καταξιοῦται,
3278 2582 3421 2636 ἀλλά
3498 2584 3753 2655 καταμόνας

2234 2674 2332 2744 μὲν
2362 2672 2601 2738 εὔξεται,
2625 2672 2723 2742 τῆς
2743 2672 2798 2724 δὲ
2819 2673 3103 2735 κοινωνίας
3124 2672 3234 2725 τῶν
3256 2674 3626 2744 ἀγιασμάτων,
3656 2675 3753 2727 καθ-

2225 2765 2348 2819 όλου
2396 2764 2677 2834 ἀλλότριος
2733 2764 2885 2816 ἔσται
2926 2780 2941 2795 ο
3012 2766 3070 2817 ὲν
3108 2763 3166 2817 δὲ
3220 2767 3286 2835 τῇ
3321 2764 3445 2835 ὥρᾳ
3496 2768 3585 2835 τῇς
3620 2764 3756 2829 ἐξόδου

2228 2860 2415 2925 αὑτοῦ,
2430 2860 2550 2912 τότε
2574 2861 2671 2929 τῆς
2690 2857 2784 2912 τοῦ
2807 2858 3149 2928 ἀγιάσματος
3168 2858 3393 2929 μερίδος
3422 2858 3754 2928 ἀξιωθήσεται·

2227 2954 2275 3006 εἰ
2303 2952 2358 3005 δὲ
2395 2951 2636 3022 συμϐαίη
2655 2950 2785 3021 παρ’
2807 2950 2997 3003 ἐλπίδα
3032 2951 3197 3021 ζῆσαι
3216 2950 3409 3014 αὑτὸν,
3455 2950 3605 3003 πάλιν
3634 2951 3679 3003 ἐν
3702 2950 3759 3019 τῷ

2228 3046 2375 3114 αύτῷ
2406 3044 2635 3115 κρίματι
2669 3042 3021 3097 διαδιώσεται
3055 3044 3327 3114 ἀμέτοχος
3368 3043 3475 3097 τῶν
3534 3043 3758 3114 μυστικῶν

531 3138 789 3207 gravibus
818 3136 1100 3207 suppliciis
1130 3135 1452 3199 excruciati,
1482 3136 1516 3190 ii
1550 3137 1852 3205 praestituto
1880 3144 2120 3205 tempore

2233 3138 2592 3209 ἀγιασμάτων
2621 3138 2784 3208 μέχρι
2814 3137 2912 3207 τῆς
2937 3136 3122 3202 ἐξόδου
3167 3138 3491 3206 γινόμενοςο
3532 3138 3578 3189 οἱ
3609 3137 3656 3189 δὲ
3687 3136 3757 3205 βα-

532 3229 865 3298 punientur,
912 3228 1114 3282 sanctis
1162 3226 1414 3281 Patribus
1463 3226 1543 3281 sic
1588 3227 1643 3280 in
1691 3242 1788 3282 eos
1832 3225 2118 3280 clementia

534 3321 683 3385 usis,
715 3330 972 3389 tanqu-un
1011 3320 1192 3374 anima
1231 3334 1340 3373 non
1379 3320 1529 3389 lapsa
1565 3320 1655 3383 sit,
1692 3320 1784 3373 scd
1819 3320 2119 3389 corporalis

530 3412 877 3468 imbecillitas
900 3411 1186 3467 tormenlis
1211 3425 1318 3465 non
1346 3411 1629 3466 restiterit.
1656 3411 1836 3479 Quare
1860 3426 2115 3466 mensura

530 3519 721 3558 eorum
748 3505 835 3575 qui
864 3506 917 3559 in
944 3503 1307 3558 fornicatione
1334 3514 1651 3573 peccarunt,
1670 3514 1723 3558 et
1746 3504 1795 3557 vi
1822 3504 2118 3572 doloreque

531 3612 784 3666 expressa
816 3598 1199 3667 transgressio,
1231 3596 1284 3649 in
1316 3598 1695 3661 conversione,
1721 3596 1911 3651 eodem
1943 3596 2121 3666 spatio

531 3690 777 3746 dimensa
805 3699 909 3745 est.

600 3973 636 4027 2
666 3970 770 4046 [5].
799 3971 903 4039 Qui
940 3971 1005 4027 ad
1043 3969 1493 4042 praestigiatores,
1524 3969 1607 4024 vel
1638 3978 1791 4022 vates
1824 3967 2113 4030 abierunt,

533 4067 620 4122 vel
666 4082 761 4122 eos
810 4066 905 4137 qui
956 4081 1050 4136 per
1093 4065 1369 4119 daemones
1413 4077 1472 4118 se
1511 4061 1728 4132 piacula
1773 4061 2022 4131 quaedam
2066 4068 2121 4115 et

533 4161 849 4215 aversiones
873 4168 1196 4229 operaturos
1222 4156 1576 4227 pollicentur;
1610 4154 1644 4207 ii
1673 4163 1861 4209 exacte
1886 4154 2122 4209 interro-

533 4264 733 4323 gantur
762 4263 817 4307 et
850 4252 1258 4317 examinantur,
1294 4260 1477 4303 utrum
1517 4247 1570 4301 in
1607 4246 1714 4301 ﬁde
1746 4246 1800 4300 in
1835 4246 2115 4303 Christum

536 4354 934 4415 permanentes,
962 4360 991 4398 ιι
1015 4343 1337 4398 necessitate
1366 4340 1549 4409 aliqua
1579 4339 1646 4394 ad
1674 4339 1805 4394 illud
1838 4350 2118 4409 peccatum

531 4436 701 4508 458
733 4435 954 4506 impulsi
990 4444 1147 4499 sunt,
1180 4448 1304 4489 cum
1340 4431 1560 4487 aﬂlictio
1591 4430 1773 4502 aliqua
1803 4432 1885 4485 vel
1922 4431 2121 4488 intole-

533 4531 724 4601 rabilis
764 4530 979 4601 jactura
1029 4530 1177 4584 hunc
1230 4528 1337 4582 illis
1387 4526 1631 4581 animum
1683 4525 2001 4591 indidisset;
2055 4541 2122 4580 an
2159 4512 2201 4566 9

534 4624 763 4678 omnino
794 4624 1038 4694 neglecto
1069 4621 1216 4692 quod
1253 4620 1413 4675 nobis
1448 4619 1718 4675 creditum
1752 4628 1836 4675 est
1871 4619 2122 4675 teStimo-

539 4718 661 4783 nio,
703 4719 770 4772 ad
819 4718 1127 4772 daemonum
1176 4715 1495 4771 societatem
1545 4729 1605 4770 se
1648 4712 2021 4769 contulerunt.
2065 4711 2123 4767 Si

534 4810 679 4865 enim
707 4810 773 4864 ad
802 4809 961 4864 ﬁdem
994 4809 1399 4872 inﬁrmandam,
1423 4817 1476 4862 et
1499 4806 1642 4877 quod
1670 4806 1838 4860 Deum
1870 4820 1991 4859 esse
2016 4819 2125 4859 non

537 4901 859 4967 crederent,
891 4900 983 4972 qui
1030 4916 1059 4955 a
1102 4900 1427 4955 Christianis
1472 4898 1712 4953 creditur
1752 4907 1805 4952 et
1845 4898 2124 4961 aduratur,

537 4993 667 5047 illud
712 4992 989 5055 fecerunt,
1018 5000 1181 5047 erunt
1223 4992 1433 5047 scilicet
1496 4998 1871 5060 apostatarum
1915 4990 2127 5059 judicio

536 5086 783 5141 obnoxii.
817 5084 913 5141 Sin
953 5098 1133 5140 autem
1171 5100 1278 5139 non
1314 5082 1537 5138 ferenda
1574 5082 1875 5138 necessitas
1912 5082 2125 5153 aliqua,

539 5178 736 5247 pusillo
761 5188 815 5233 et
838 5178 1048 5248 abiecto
1079 5192 1271 5232 eorum
1301 5177 1487 5230 animo
1514 5184 1791 5244 superato,
1814 5188 1881 5229 eo
1904 5174 2133 5229 deduxit

542 5272 677 5326 lalsa
710 5272 891 5341 aliqua
924 5287 1019 5340 spe
1050 5269 1345 5334 deductos;
1385 5266 1639 5322 similiter
1671 5267 1777 5322 erit
1805 5276 1860 5321 et
1894 5266 1947 5322 in
1982 5267 2131 5337 ipsos

543 5365 859 5429 clementia,
889 5364 1064 5419 instar
1098 5378 1288 5417 eorum
1328 5361 1421 5431 qui
1465 5360 1753 5415 tormentis
1795 5360 1846 5413 in
1890 5370 2132 5429 tempore

543 5456 909 5513 confessionis
933 5455 1191 5511 resistere
1222 5469 1329 5507 non
1359 5461 1675 5523 potuerunt.

617 5732 759 5815 Lege
805 5750 926 5815 quae
960 5744 1221 5792 annotata
1255 5745 1383 5793 sunt
1423 5736 1475 5791 in
1536 5748 1655 5804 eap.
1690 5731 1761 5787 9.5
1816 5734 1901 5788 tit.
1934 5732 1965 5787 9
1994 5749 2131 5807 prie-

545 5815 719 5863 aeutis
745 5820 950 5875 operis.

2231 3231 2411 3294 σάνοις
2446 3230 2540 3283 καὶ
2573 3230 2867 3299 τιμωρίαις
2900 3229 3166 3299 χαλεπαῖς
3193 3229 3553 3293 αἰκισθέντες,
3580 3231 3628 3283 ὲν
3650 3231 3762 3300 ῥητῷ

2228 3325 2405 3396 χρόνῳ
2448 3322 2865 3393 έπετιμήθησαν
2892 3339 2906 3353 ⁸
2949 3321 3092 3376 οὕτω
3159 3322 3270 3376 τῶν
3340 3322 3509 3391 ἁγίων
3555 3324 3761 3393 Πατέρα»

2230 3417 2613 3489 φιλανθρωπίᾳ
2647 3419 2731 3470 ἐπ’
2762 3416 2942 3470 αὐτῶν
2972 3419 3367 3488 χρησαμένων,
3400 3419 3476 3481 ὠς
3501 3417 3764 3487 οὐχὶψυῂς

2229 3508 2605 3580 γεγενημένης
2638 3511 2695 3562 ἐν
2720 3509 2997 3579 πτώματι,
3028 3509 3164 3562 ἀλλὰ
3192 3512 3292 3579 τῆς
3311 3512 3621 3579 σωματικῆς
3640 3509 3763 3563 ἀσθε-

2228 3604 2375 3667 νείας
2433 3602 2569 3675 πρὸς
2613 3604 2709 3665 τὰς
2766 3603 2951 3662 αἰκίας
3013 3602 3115 3654 οὐκ
3168 3600 3667 3672 ἀντισχούσης-διὸ
3710 3602 3765 3667 τῷ

2232 3694 2416 3766 μέτρῳ
2476 3694 2587 3748 τῶν
2630 3694 2688 3746 ἐν
2739 3694 2969 3764 πορνείᾳ
3033 3693 3572 3763 πλημμελησάντων,
3623 3693 3701 3744 καὶ
3742 3692 3766 3759 ἡ

2231 3786 2565 3859 βεϐιασμένη
2601 3802 2660 3838 τε
2702 3786 2795 3838 καὶ
2822 3785 3097 3849 ἐπώδυνος
3148 3786 3471 3856 παράϐασις
3511 3787 3567 3837 έν
3594 3787 3651 3855 τῇ
3680 3787 3768 3836 ὲπι-

2229 3882 2436 3950 στροφῇ
2470 3876 2877 3947 συνεμετρηθη.

2300 3970 2363 4041 β’.
2382 3972 2445 4023 Oi
2463 3970 2518 4023 δὲ
2548 3969 2683 4040 πρὸς
2709 3970 2911 4040 γόητας
2926 3968 3252 4041 ἀπιόντες,ἢ
3277 3970 3526 4040 μάντεις,
3546 3970 3770 4041 ἢτοὺςδισ

2228 4064 2501 4134 δαιμόνων
2528 4063 2808 4134 καθάρσιά
2833 4081 2955 4116 τινα
2996 4064 3091 4117 καὶ
3129 4066 3621 4136 ἀποτροπιασμοὺς
3648 4066 3769 4133 ἐνερ-

2230 4160 2348 4226 γεῖν
2380 4156 2877 4226 ὑπισχνουμένους,
2897 4150 3047 4211 οὗτοι
3075 4156 3397 4226 ἐρωτῶνται
3440 4158 3508 4211 δι’
3536 4158 3773 4229 ἀκριϐείας

2230 4249 2751 4319 καὶάνακρίνονται,
2796 4248 3028 4318 πότερον
3050 4249 3416 4318 ἐπιμένοντες
3464 4254 3527 4322 τῇ
3549 4252 3621 4314 είς
3666 4252 3770 4319 Χρι-

2234 4342 2357 4395 στὸν
2387 4340 2569 4393 πίστει
2606 4340 2699 4393 ὑπ’
2721 4340 2967 4409 ἀνάγκης
2987 4340 3131 4404 τινὸς
3166 4344 3579 4413 συνηνέχθησαν
3629 4342 3773 4411 ἐκείνῃ

2231 4436 2297 4505 τῇ
2333 4433 2598 4504 ἁμαρτίᾳ,
2644 4432 2944 4495 κακώσεώς
2990 4450 3136 4495 τινος
3196 4434 3230 4505 ἢ
3279 4436 3561 4507 ἀφορήτου
3609 4434 3771 4506 ζημίας

2228 4528 2434 4595 ταύτην
2454 4524 2637 4586 αὐτοῖς
2670 4523 2767 4594 τὴν
2790 4522 2969 4594 ὁρμὴν
2992 4525 3352 4595 ἐμποιούσης,
3380 4529 3415 4599 ἦ
3456 4530 3673 4582 καθόλου
3696 4546 3771 4579 κα-

2226 4618 2670 4689 ταφρονήσαντες
2695 4616 2787 4670 τοῦ
2808 4617 3245 4687 πεπιστευμένου
3306 4624 3441 4690 παρ’
3472 4622 3623 4691 ἡμῶν
3662 4637 3773 4691 μαρ-

2226 4710 2437 4781 τυρίου,
2472 4713 2539 4781 τῇ
2567 4709 2677 4763 τῶν
2705 4709 2983 4778 δαιμόνων
3034 4711 3327 4782 συμμαχίᾳ
3380 4716 3735 4784 προσέδραμον
3763 4726 3773 4739 ·

2227 4806 2276 4857 εί
2304 4804 2404 4876 μὲν
2434 4804 2545 4872 γὰρ
2576 4803 2670 4857 ἐπὶ
2700 4803 2956 4873 ἀθετήσει
2986 4804 3087 4874 τῆς
3127 4806 3389 4870 πίστεως,
3426 4808 3521 4862 καὶ
3567 4808 3687 4878 πρὸς
3731 4804 3775 4855 τὸ

2232 4898 2307 4969 μὴ
2334 4897 2613 4951 πιστεύειν
2671 4892 2811 4948 εἶναι
2843 4895 2976 4948 Θεὸν
3012 4896 3101 4949 τὸν
3134 4898 3285 4967 παρὰ
3312 4899 3427 4952 τῶν
3477 4898 3777 4971 Χριστιανῶν

2230 4990 2727 5062 προσκυνούμενον,
2763 4990 2941 5042 ἐκεῖνο
2998 4991 3282 5060 ἐποίησαν,
3321 4993 3528 5064 δηλαδὴ
3575 4992 3644 5063 τῷ
3684 4992 3776 5060 κρίο

2234 5102 2366 5154 ματι
2414 5086 2525 5137 τῶν
2585 5083 2953 5154 παραϐάντων
3026 5085 3439 5155 ὑπαχθήσονται
3473 5105 3489 5118 ·
3525 5090 3573 5141 εί
3628 5088 3677 5140 δέ
3719 5102 3778 5145 τις

2232 5176 2581 5239 ἁὸάστακτος
2625 5176 2842 5245 ἀνάγκη
2882 5180 3353 5249 κατακρατήσασα
3395 5180 3497 5249 τῆς
3554 5178 3776 5249 μικροψυ-

2232 5268 2354 5338 χίας
2384 5269 2589 5329 αὑτῶν,
2629 5269 2707 5330 είς
2740 5268 2900 5320 τοῦτο
2954 5272 3244 5339 προήγαγε
3284 5273 3371 5325 διὰ
3417 5290 3567 5334 τινος
3599 5275 3780 5341 ἠπατη-

2239 5363 2407 5432 μένης
2436 5362 2655 5423 ἐλπίδος
2682 5362 3228 5432 παρακρουσθέντας,
3248 5364 3515 5429 ὡσαύτως
3543 5366 3680 5417 ἔσται
3708 5362 3779 5411 νεὶ

2233 5458 2320 5507 ἐπ’
2345 5454 2523 5509 αὐτῶν
2552 5457 2586 5525 ἡ
2608 5454 3013 5524 φιλανθρωπία,
3038 5456 3162 5509 καθ’
3218 5457 3519 5527 ὁμοιότητα
3546 5456 3652 5509 τῶν
3676 5454 3782 5524 πρὸς

2234 5551 2333 5611 τὰς
2360 5548 2628 5618 βασάνους
2661 5550 2718 5601 ἐν
2742 5547 2817 5618 τῷ
2850 5550 3025 5619 καιρῴ
3051 5550 3149 5618 τῆς
3205 5550 3499 5620 ὁμολογίας
3544 5548 3781 5618 ἀντισχεῖν

2239 5642 2312 5713 μὴ
2341 5640 2698 5711 δυνηθέντων.

2319 5735 2619 5809 Ἀνάγνωθι
2648 5735 2716 5809 τᾲ
2757 5736 3194 5809 παραγραφέντα
3216 5739 3275 5790 ὲν
3315 5737 3389 5809 τῷ
3424 5733 3506 5790 κε’
3538 5751 3658 5806 κεφ.
3706 5730 3779 5783 ταῖ

2239 5804 2282 5862 θ’
2319 5807 2423 5863 τίτ.
2446 5804 2541 5861 τοῦ
2567 5805 2836 5877 παρόντος
2865 5804 3267 5878 συντάγματος.
