3980 6398
135 383 239 449 θειῧ

923 381 1325 445 SYNTAGMA
1361 380 1753 446 CANONUM.
1782 408 1854 422 -
1883 382 2033 446 TIT.
2072 382 2246 457 XIII,
2288 381 2445 444 CAP.
2477 382 2642 446 XXI.

3316 377 3422 441 95!:

204 496 462 554 ΚΕΦᾹΔ.
493 494 628 553 KA'.
667 524 730 541 υ-
750 496 890 566 Περὶ
925 496 1239 565 σκηνικῶν
1275 496 1373 552 καί
1403 499 1603 569 μίμων
1637 497 1737 553 καί

1915 496 2066 553 CAP.
2098 496 2245 553 XXI.
2271 527 2341 539 ——
2374 496 2451 551 De
2473 496 2690 551 scenicis
2711 502 2761 550 et
2784 493 2961 549 mimis
2984 504 3139 565 atque
3172 493 3292 547 aliis
3321 494 3424 545 Im-

134 591 253 647 τῶν
273 592 500 661 ὁμοίων
530 591 1008 661 μετανοούντων.

312 681 588 736 Συνόδου
616 679 1041 749 Καρθατέννης
1055 679 1257 733 κανὼν
1294 679 1414 751 pg’,
1448 677 1548 747 ξγ¹.

204 772 349 841 Περὶ
371 770 682 837 σκηνικῶν
708 772 1168 841 μετανοούντων
1217 770 1319 824 καί
1365 771 1728 840 ἐπιστεφόν-

136 882 254 918 των
278 864 434 932 πρὸς
462 866 703 934 Κύριον.

208 964 333 1028 μς¹.
362 957 530 1011 Ὥστε
562 958 676 1020 τοῖς
728 955 1012 1027 σκηνικοῖς
1066 955 1162 1010 καὶ
1222 955 1412 1027 μίμοις
1466 953 1562 1008 καὶ
1617 956 1731 1018 τοῖς

136 1049 351 1111 λοιποῖς
408 1048 848 1120 τοιουτοτρόποις
905 1046 1221 1119 προσώποις
1276 1047 1309 1119 ἢ
1370 1048 1727 1110 ἀποστάταις,

143 1137 601 1211 μετανοοῦσικαὶ
668 1136 1059 1208 ἐπιστρέφουσι
1104 1139 1239 1208 πρὸς
1286 1137 1441 1206 Θεὸν,
1495 1138 1656 1209 χάριν
1695 1137 1731 1208 ἢ

141 1230 502 1300 καταλλαγὴν
529 1231 604 1303 μὴ
635 1230 943 1300 ἀρνεῖσθαι.

210 1326 355 1395 Περὶ
371 1325 491 1379 τῶν
521 1325 718 1394 μίμων
742 1322 863 1377 τῶν
905 1323 1237 1394 γινομένων
1264 1320 1657 1390 Χριστιανῶν.

214 1417 317 1487 ξγ’.
352 1416 493 1488 Περὶ
524 1415 734 1469 τούτων
762 1415 842 1468 ἔτι
870 1415 978 1485 μὴν
1008 1416 1230 1483 αἰτῆσαι
1260 1413 1362 1479 δεῖ,
1400 1413 1487 1467 ἵνα
1526 1414 1622 1469 ἐάν
1649 1430 1734 1478 τις

144 1509 205 1576 ἐξ
253 1508 577 1578 οίουδήποτε
648 1505 1015 1573 παιγνιώδους
1072 1505 1535 1576 ἐπιτηδεύματος,
1594 1506 1734 1576 πρὸς

144 1602 243 1670 τὴν
293 1600 391 1653 τοῦ
436 1598 873 1670 Χριστιανισμοῦ
904 1596 1068 1669 χάριν
1107 1597 1285 1651 ἐλθεῖν
1337 1596 1575 1668 θελήσοι,
1640 1596 1735 1649 καὶ

145 1692 433 1764 ἐλεύθερος
464 1691 559 1746 ἀπ’
608 1691 835 1745 ἐκείνων
893 1690 1002 1744 τῶν
1050 1690 1257 1744 σπίλων
1305 1689 1598 1761 διαμεῖναι,
1661 1688 1736 1760 μὴ

146 1786 267 1852 ἐξὸν
292 1780 436 1839 εἷναί
460 1802 566 1839 τινι
606 1785 698 1839 τὸν
756 1783 998 1837 τοιοῦτον
1041 1782 1179 1854 πρὸς
1229 1782 1298 1836 τά
1354 1784 1495 1837 αύτά
1527 1784 1736 1854 γυμνά-

147 1894 335 1949 σματα
361 1877 523 1931 πάλιν
555 1876 968 1949 προτρέπεσθαι
999 1876 1032 1947 ἢ
1065 1875 1531 1945 καταναγκάζειν.

286 1968 561 2025 Συνόδου
600 1967 1025 2038 οίκουμενικῆς
1058 1968 1241 2035 ἕκτης
1268 1967 1468 2021 κανὼν
1491 1965 1592 2022 να’.

221 2061 332 2119 να’.
364 2063 611 2118 Καθόλου
641 2061 979 2134 ἀπαγορεύει
1018 2064 1052 2134 ή
1074 2061 1206 2130 άγία
1244 2060 1383 2133 αὕτη
1408 2061 1503 2114 καὶ
1556 2061 1737 2114 οίκου-

150 2160 355 2233 μενικὴ
410 2160 650 2225 σύνοδος,
699 2160 828 2223 τοὺς
881 2158 1212 2230 λεγομένους
1280 2158 1481 2230 μίμους
1530 2158 1625 2211 καὶ
1671 2156 1740 2211 τά

147 2257 357 2311 τούτων
389 2256 617 2327 θέατρα,
659 2254 739 2308 ἔτι
785 2270 850 2324 γε
912 2254 1019 2326 μὴν
1060 2253 1256 2307 καὶτὰ
1305 2252 1417 2307 τῶν
1463 2250 1739 2323 κυνηγίων

149 2349 380 2419 θεώρια,
417 2348 513 2402 καὶ
536 2347 636 2412 τὰς
669 2347 763 2400 ὲπὶ
787 2344 996 2417 σκηνῆς
1040 2345 1301 2417 ὀρχήσεις
1329 2342 1701 2398 ἐπιτελεῖσθαι
1722 2358 1737 2373 ο

150 2445 201 2495 εἰ
224 2441 283 2494 δέ
321 2456 406 2504 τις
434 2438 531 2492 τοῦ
579 2438 846 2508 παρόντος
881 2438 1105 2501 κανόνος
1162 2437 1593 2507 καταφρονήσει,
1645 2435 1740 2489 καὶ¹

150 2536 293 2603 πρός
314 2551 367 2586 τι
390 2532 585 2587 ἑαυτὸν
615 2531 725 2585 τῶν
773 2531 1245 2602 ἀπηγορευμένων
1304 2528 1513 2583 τούτων
1575 2528 1739 2600 ἐκδῷ,

150 2628 201 2680 εί
232 2625 335 2697 μὲν
386 2625 648 2698 κληρικδς
681 2623 768 2695 εἴη
800 2622 1173 2697 καθαιρείσθω
1197 2636 1213 2652 ⁸
1244 2623 1293 2675 εί
1326 2621 1382 2676 δὲ
1407 2621 1613 2690 λαῖκδς,
1644 2625 1744 2693 ἀφ-

149 2718 447 2792 οριζέσθω.

233 2813 303 2868 Ἦ
330 2811 412 2881 λγ’
445 2811 587 2865 διάτ.
616 2810 710 2865 τοῦ
726 2809 782 2870 ,δ’
808 2809 917 2865 τίτ.
941 2808 1039 2863 τοῦ
1062 2806 1110 2863 α’
1158 2808 1297 2880 pisi.
1337 2809 1432 2863 τοῦ
1480 2809 1611 2863 κώδ.
1647 2810 1744 2864 καὶ⁹

148 2910 185 2979 ή
210 2914 320 2977 κγ’,
344 2904 442 2961 καὶ
466 2902 599 2977 ἡκθ¹
628 2904 725 2958 τοῦ
751 2904 792 2958 δ’
828 2904 933 2958 τίτ.
965 2902 1060 2957 τοῦ
1089 2901 1129 2955 ε’
1155 2902 1298 2974 βι6λ.
1352 2902 1450 2958 καὶ
1484 2905 1517 2973 ἡ
1547 2901 1741 2974 λβ’καὶ

155 2996 279 3071 μς’,
319 2997 567 3067 μεγάλας
586 2994 779 3059 ποινάς
805 2994 1167 3065 ὲπιφέρουσαι
1198 2995 1311 3057 τοῖς
1352 2994 1743 3065 πορνοϐοσκοῖς

151 3092 392 3156 καὶτοῖς
418 3087 791 3157 ἀναγκάζουσι
844 3087 1096 3157 δούλαςῆ
1157 3087 1450 3158 ἐλευθέρας
1502 3091 1740 3143 συνεῖναι

155 3183 349 3254 μίμοις
372 3182 406 3252 ἢ
438 3181 688 3251 θεάτροις
710 3179 1098 3251 προΐστασθαι,
1132 3180 1227 3235 καὶ
1271 3179 1506 3234 διδόασιν
1558 3180 1742 3236 ἄδειαν

152 3277 348 3338 αὐταῖς
396 3276 719 3345 ἀναχωρεῖν,
770 3273 863 3326 καὶ
925 3273 1069 3343 μετὰ
1127 3273 1373 3344 προικῶν
1419 3272 1742 3342 ζεύγνυσθαι

152 3369 248 3423 xci.
269 3368 682 3438 ἀξιωματικοῖς,
701 3369 749 3421 εί
771 3366 1071 3436 δυνηθεῖεν,
1088 3367 1182 3420 καὶ
1204 3368 1303 3439 τῆς
1322 3366 1545 3436 ἀτιμίας
1564 3367 1741 3420 άπαλ-

150 3460 445 3514 λάττεσθαι
464 3477 481 3493 ·
514 3459 643 3530 περὶ
666 3460 721 3512 δὲ
754 3458 1033 3529 σκηνικών
1063 3458 1160 3512 καὶ
1188 3458 1434 3527 θεωριῶν
1468 3457 1564 3511 καὶ
1594 3477 1744 3529 πορ-

151 3551 457 3615 νοϐοσκῶν,
493 3551 658 3613 ίδικός
692 3552 811 3603 ὲστι
837 3550 943 3603 τίτ.
976 3550 1003 3602 ὁ
1058 3546 1147 3618 μα’
1190 3546 1285 3602 τοῦ
1334 3545 1403 3600 ια’
1454 3547 1594 3617 βιϐλ.
1644 3546 1741 3601 τοῦ

152 3642 285 3698 κώδ.
323 3641 579 3715 σκηνὴδέ
629 3643 799 3709 ἐστιν,
852 3641 980 3694 ἔνθα
1030 3659 1112 3705 τις
1161 3640 1375 3694 ἵσταται
1426 3639 1458 3711 ἢ
1515 3643 1746 3696 κινεῖται

153 3736 424 3807 σκηνικὴν
454 3735 900 3805 ἐπιδεικνύμενος
931 3734 1151 3804 τέχνην,
1191 3735 1300 3788 εἴτε
1346 3737 1402 3788 ὲν
1432 3734 1676 3806 δημοσίῳ
1708 3732 1741 3805 ἢ

154 3829 418 3898 ιδιωτικῷ
445 3830 596 3898 τόπῳ
628 3828 660 3898 ἢ
688 3827 864 3898 ἀγρῷ,
918 3827 1048 3881 ἔνθα
1101 3828 1286 3898 μέντοι
1334 3828 1502 3898 χύδην
1544 3829 1592 3880 οἱ
1639 3827 1740 3881 άν-

154 3921 368 3993 ορωποι
397 3921 487 3974 διὰ
515 3919 644 3974 θέαν
665 3919 897 3973 εἰσίασιν
917 3936 933 3951 ο
969 3919 1158 3990 ἄτιμοι
1196 3919 1253 3971 δέ
1283 3921 1390 3972 εἱσι
1427 3920 1648 3983 πάντες,
1693 3920 1743 3972 οἱ

152 4015 248 4068 διά
269 4015 437 4083 πόρον
464 4015 543 4075 είς
561 4012 747 4081 άγῶνα
766 4013 1069 4080 κατιόντες,
1098 4014 1190 4065 καὶ
1216 4014 1265 4065 οἱ
1293 4013 1382 4066 διά
1429 4013 1746 4084 φιλοτιμίαν

152 4109 251 4164 ἀπὶ
286 4108 495 4178 σκηνῆς
523 4108 875 4178 προσιόντες’
910 4110 939 4161 ό
986 4108 1044 4160 δὲ
1104 4107 1383 4178 μισθώσας
1436 4108 1627 4161 ἑαυτὸν
1668 4109 1749 4172 είς

156 4200 459 4268 παιγνικὴν
484 4200 701 4268 τέχνην,
755 4199 849 4250 καὶ
880 4197 957 4269 μὴ
1004 4197 1438 4265 ἐπιδειξάμενος,
1492 4198 1594 4251 ούκ
1630 4201 1721 4253 ἀτι

160 4292 397 4363 μοῦται·
431 4292 524 4344 καὶ
551 4293 579 4344 ό
612 4290 806 4343 ἑαυτὸν
844 4287 1128 4361 μισθώσας
1183 4292 1263 4352 είς
1284 4292 1346 4341 τὸ
1402 4288 1749 4361 θηριομαχῆο

161 4401 278 4450 σαι,
302 4384 351 4437 εί
386 4384 461 4454 μὴ
508 4382 568 4436 τὸ
598 4382 788 4453 θηρίον
843 4382 1008 4452 τυχὸν
1059 4381 1196 4434 λέων
1243 4381 1449 4452 ἥμερος
1501 4382 1746 4449 γέγονεν,

155 4474 456 4546 ἀτιμοῦται
487 4490 501 4504 ·
530 4476 589 4528 οὐ
616 4474 722 4545 μὴν
742 4476 771 4527 ό
796 4473 926 4527 ἄνευ
976 4472 1169 4543 μισθοῦ
1213 4472 1653 4545 θηριομαχήσας,
1699 4473 1749 4526 εί

1764 1854 1819 1915 B

1821 589 2087 661 jusmodi,
2114 588 2374 659 siquando
2404 604 2490 643 eos
2522 590 2794 658 poeniteat.

2036 681 2264 736 Consilii
2291 680 2725 751 Carthaginensis
2754 695 2980 733 canones
3007 678 3097 745 46,
3125 678 3215 731 63.

1903 774 1980 830 De
2012 775 2228 829 scenicis
2251 775 2342 844 qui
2385 773 2598 827 veniunt
2639 772 2707 826 ad
2732 771 3097 842 paenitentiam
3140 781 3188 824 et
3222 771 3291 823 ad
3322 768 3427 822 Do-

1830 869 2031 922 minum
2064 875 2461 921 convertuntur.

1901 959 2057 1033 46W]
2091 958 2163 1015 Ut
2192 959 2429 1015 scenicis
2459 968 2513 1014 et
2537 958 2721 1015 mimis
2761 968 2929 1029 atque
2952 959 3077 1013 aliis
3107 955 3426 1027 bnjusmodi

1832 1054 1917 1108 vel
1973 1051 2235 1123 apostatis
2293 1050 2387 1121 qui
2438 1051 2504 1105 ad
2557 1049 2934 1121 pamitentiam
2981 1047 3227 1111 veniunt,
3272 1054 3329 1099 et
3359 1044 3427 1097 ad

1838 1146 2005 1201 Deum
2055 1152 2456 1200 convertuntur
2497 1144 2671 1215 gratia
2702 1150 2768 1212 _et
2797 1141 3075 1196 absolutio
3126 1155 3233 1194 non
3266 1138 3428 1193 dene-

1835 1245 2053 1308 gentur.

2121 1326 2196 1382 De
2232 1326 2574 1381 histrionibus
2608 1325 2929 1381 Christianis
2960 1325 3139 1396 factis.

1907 1418 1997 1473 73.
2035 1417 2102 1474 Et
2128 1418 2196 1473 de
2232 1417 2316 1473 his
2341 1418 2391 1449 ⁸⁸
2423 1418 2583 1472 etiam
2618 1417 2947 1488 petendum,
2997 1427 3055 1471 ut
3105 1415 3148 1470 si
3195 1415 3319 1486 quis
3358 1430 3424 1469 ex

1836 1513 2079 1584 qualibet
2111 1512 2319 1568 ludicra
2352 1521 2474 1567 arte
2506 1511 2571 1566 ad
2612 1510 3040 1566 Christianitatis
3062 1509 3293 1579 gratiam
3336 1524 3427 1563 ve-

1838 1605 1954 1661 nire
1978 1605 2240 1669 voluerit,
2274 1620 2339 1659 ac
2385 1604 2526 1659 liber
2572 1605 2640 1658 ab
2689 1603 2777 1657 illa
2821 1603 3034 1657 macula
3084 1615 3426 1672 permanere,

1838 1711 1949 1752 non
1977 1711 2100 1751 eum
2137 1696 2303 1751 liceat
2341 1710 2372 1749 a
2411 1709 2688 1766 quoquam
2718 1695 2917 1750 iterum
2947 1695 3013 1749 ad
3046 1693 3237 1750 eadem
3271 1708 3429 1747 exer-

1845 1789 2018 1845 cenda
2045 1789 2234 1845 reduci
2262 1788 2347 1843 vel
2388 1787 2531 1859 cogi.

2174 1975 2402 2032 Concilii
2429 1976 2734 2031 wenmenici
2762 1991 2812 2030 vr
2839 1992 3007 2029 canon
3032 1974 3121 2029 5|.

1921 2071 2011 2127 5|.
2053 2069 2290 2125 Omnino
2316 2068 2571 2139 prohibet
2618 2068 2734 2123 bazc
2779 2077 2967 2123 sancta
3011 2076 3067 2121 et
3106 2064 3434 2120 universalis

1845 2163 2087 2235 synodus
2118 2160 2286 2233 459
2316 2175 2433 2225 eos,
2472 2160 2567 2230 qui
2604 2160 2867 2215 dicuntur
2896 2161 3116 2223 mimos,
3157 2167 3210 2211 et
3244 2173 3433 2212 eorum

1844 2254 2188 2328 spectacula;
2209 2253 2405 2309 deinde
2426 2252 2778 2307 venationum
2800 2268 3019 2322 quoque
3040 2250 3432 2320 spectationes,

1845 2359 2011 2420 atque
2037 2350 2091 2403 in
2125 2361 2290 2403 scena
2322 2346 2644 2403 saltationes
2672 2345 2810 2400 ﬁeri.
2842 2346 2896 2399 Si
2924 2343 3047 2414 quis
3075 2351 3258 2398 autem
3295 2358 3433 2412 prae-

1847 2451 2057 2499 sentem
2091 2455 2358 2495 canonem
2401 2439 2816 2508 contempserit,
2849 2447 2905 2493 et
2939 2452 2998 2493 se
3031 2437 3194 2491 alicui
3238 2451 3433 2490 eorum

1847 2550 1969 2607 qua:
2020 2542 2149 2589 sunt
2182 2533 2373 2597 vetita,
2418 2531 2649 2595 dederit,
2694 2531 2739 2585 si
2787 2531 2857 2585 sit
2911 2529 3132 2600 quidem
3177 2529 3434 2593 clericus,

1849 2629 2192 2698 deponatur;
2220 2625 2267 2681 si
2301 2640 2435 2681 vero
2462 2624 2659 2690 laicus,
2691 2634 3026 2694 segregetur.

1924 2816 2143 2874 Texlus.
2180 2816 2416 2871 Constit.
2455 2814 2547 2879 35,
2584 2814 2670 2869 tit.
2704 2813 2739 2868 4
2764 2856 2779 2879 ,
2826 2812 2921 2867 lib.
2954 2828 2970 2867 ι
3014 2812 3140 2868 cod.
3173 2822 3227 2867 et
3254 2812 3356 2867 123
3386 2822 3440 2867 et

1849 2912 1972 2975 129,
2003 2912 2087 2966 tit.
2116 2911 2174 2973 4,
2213 2910 2309 2964 lib.
2355 2926 2409 2976 ν,
2438 2918 2492 2964 et
2552 2909 2643 2974 ὅθ,
2701 2917 2756 2962 et
2807 2907 2914 2971 46,
2965 2922 3192 2977 magnas
3248 2922 3439 2976 patrias

1848 3003 2095 3073 irrogant
2129 3002 2421 3057 lenonibus
2443 3040 2459 3065 ,
2494 3001 2670 3070 iisque
2705 3000 2796 3069 qui
2845 2999 3075 3054 ancillas
3108 2999 3190 3053 vel
3241 2999 3440 3054 liberas

1849 3111 1975 3151 cum
2007 3094 2187 3148 mimis
2217 3094 2296 3149 vel
2342 3092 2443 3166 [in]
2488 3093 2725 3149 theatris
2764 3092 3102 3155 conversari,
3164 3102 3258 3147 aut
3313 3108 3442 3162 pro-

1850 3196 2024 3242 strare
2052 3192 2297 3257 cogunt:
2335 3194 2388 3239 et
2427 3182 2740 3247 recedendi,
2783 3181 3162 3248 dotalibusque
3209 3180 3440 3252 [instrn-

1852 3281 2052 3336 mentis
2103 3276 2617 3348 intervenientibus]
2670 3277 2833 3330 etiam
2884 3274 3192 3329 illustribus
3233 3274 3278 3327 si
3316 3287 3444 3342 pos-

1850 3374 1981 3437 sint,
2018 3371 2259 3426 nubendi
2304 3379 2627 3440 poteSIatem
2672 3367 2904 3423 faciunt.
2934 3366 3006 3420 De
3053 3366 3283 3421 scenicis
3316 3380 3445 3419 vero

1853 3464 2182 3535 Spectaculis
2205 3472 2259 3517 et
2284 3462 2577 3517 lenonibus
2604 3460 2858 3531 specialis
2894 3461 2977 3514 tit.
3012 3467 3096 3514 est
3134 3457 3197 3512 41
3226 3497 3240 3520 ,
3283 3457 3375 3511 lib.
3405 3472 3445 3513 u

1857 3558 1981 3612 cod.
2016 3557 2187 3612 Porro
2214 3570 2378 3611 scena
2399 3563 2515 3619 est,
2548 3553 2642 3608 ubi
2670 3553 2796 3622 quis
2835 3551 3082 3607 consistit
3111 3591 3126 3615 ,
3163 3560 3445 3604 movetur-

1854 3663 1961 3718 que
1995 3647 2370 3701 histrionicum
2396 3653 2569 3698 artem
2605 3644 2909 3708 exhibens,
2954 3641 3069 3697 sive
3116 3642 3170 3694 in
3225 3641 3445 3710 publico

1856 3740 2137 3812 privatove
2163 3739 2308 3802 loco,
2342 3738 2458 3793 sive
2484 3736 2536 3791 in
2566 3736 2688 3791 vico
2719 3752 2731 3788 ι
2772 3735 2826 3789 in
2856 3751 3018 3805 quem
3049 3742 3228 3789 tamen
3266 3733 3445 3787 locum

1856 3832 2058 3904 passim
2088 3830 2338 3887 homines
2370 3829 2672 3900 spectaculi
2706 3844 2875 3884 causa
2902 3828 3257 3883 conveniunt.
3302 3825 3451 3881 Infa-

1858 3940 1973 3980 mes
2009 3933 2188 3978 autem
2225 3931 2376 3986 sunt,
2409 3921 2727 3992 quicunque
2772 3931 3015 3990 qua‘stus
3042 3935 3206 3975 causa
3242 3920 3294 3973 in
3330 3934 3450 3975 cer—
3522 3990 3525 3991 ν

1858 4025 2039 4072 tamen
2077 4016 2438 4079 descendunt,
2474 4024 2530 4069 et
2569 4022 2791 4084 propter
2825 4013 3106 4083 prtemium
3141 4012 3193 4065 in
3228 4028 3448 4066 scenam

1856 4110 2147 4180 prodeunt.
2197 4108 2401 4176 .Vernm
2432 4108 2523 4176 qui
2552 4122 2612 4162 se
2669 4107 2735 4161 ad
2766 4117 2939 4160 artem
2977 4105 3240 4159 ludicram
3271 4103 3452 4175 [exhi-

1865 4199 2125 4273 bendam]
2168 4201 2312 4255 locat
2334 4241 2348 4265 ,
2400 4215 2576 4267 neque
2608 4197 2806 4267 prodit,
2840 4212 2945 4250 non
2972 4204 3213 4249 notatur.
3262 4194 3328 4249 Et
3356 4195 3452 4263 qui

1853 4293 2097 4361 seipsum
2131 4293 2293 4354 locat,
2330 4302 2389 4345 ut
2415 4307 2536 4344 cum
2568 4289 2761 4344 bestiis
2785 4289 3096 4359 depugnet:
3137 4287 3242 4342 nisi
3277 4288 3452 4342 bestia

1856 4383 1942 4441 leo
1972 4383 2110 4438 forte
2131 4425 2146 4448 ,
2178 4382 2352 4435 aliave
2388 4378 2657 4450 quispiam
2686 4380 2757 4433 sit
2778 4421 2792 4444 ,
2826 4394 2947 4448 quat
2984 4388 3267 4432 mansueta
3308 4377 3453 4434 facta

1855 4484 1962 4531 est.
1999 4474 2118 4529 Non
2152 4473 2281 4528 item
2324 4472 2416 4541 qui
2450 4470 2567 4525 sine
2593 4470 2841 4524 mercede
2880 4485 3003 4525 cum
3046 4468 3238 4523 bestiis
3276 4468 3451 4538 depu-

162 4572 241 4640 μὴ
278 4569 462 4623 λαϐεῖν
493 4570 551 4622 ὲν
580 4568 656 4639 τῷ
678 4566 924 4638 κυνηγίῳ
958 4566 1273 4636 φιλοτιμίαν
1309 4568 1574 4638 ἠνέσχετο
1594 4584 1607 4598 ⁸
1639 4569 1666 4621 ὁ
1690 4567 1742 4621 δὲ

1859 4567 2033 4638 gnarit
2061 4583 2075 4619 :
2114 4564 2218 4619 nisi
2248 4563 2300 4616 in
2325 4576 2491 4616 arena
2527 4561 2885 4614 honorarium
2920 4558 3227 4632 [quiddam]
3259 4576 3452 4631 capere

162 4661 445 4733 μισθώσας
484 4663 697 4727 ἑαυτὸν,
722 4661 822 4715 κᾶν
852 4659 926 4730 μὴ
962 4659 1368 4733 θηριομαχήσῃ,
1417 4658 1707 4730 ἀτιμοῦται
1734 4675 1747 4689 ·

159 4755 225 4807 οὐ
264 4755 423 4824 μὴνὸ
448 4754 640 4824 μισθὸν
671 4754 967 4824 λαμϐάνων
1015 4753 1111 4805 ἐπὶ
1166 4755 1245 4824 τῷ
1295 4751 1751 4823 καταπολεμῆσαι

162 4846 356 4918 θηρίον
384 4844 585 4913 ἔξωθεν
616 4849 879 4919 κυνηγίου
908 4850 1009 4922 τὴν
1030 4848 1300 4921 ἐπαρχίαν
1328 4846 1565 4918 βλάπτον
1583 4860 1598 4874 °
1650 4845 1751 4897 οὐκ

160 4937 281 4991 ἔστι
328 4937 389 4990 δὲ
445 4940 712 5009 παιγνικὴ
765 4941 931 5012 τέχνη
993 4939 1117 4995 ούτε
1188 4936 1508 5009 άτιμοποιὺς
1552 4937 1585 5004 ὴ
1644 4934 1752 4987 τῶν

160 5028 416 5099 ἀθλητῶν
446 5029 541 5081 καὶ
563 5030 670 5082 τῶν
686 5028 956 5098 λεγόντων
999 5032 1057 5083 ἐν
1081 5032 1194 5093 τοῖς
1209 5028 1531 5098 Ὀλυμπίοις
1551 5024 1620 5079 τὰ
1664 5026 1754 5077 ἐν-

161 5120 351 5192 θύρια,
384 5122 482 5175 καὶ
521 5122 631 5175 τῶν
679 5124 739 5176 ὲν
777 5122 956 5194 ξυστῷ
1016 5122 1457 5193 ἀγωνιζομένων,
1501 5119 1596 5172 καὶ
1643 5119 1752 5171 τῶν

162 5216 423 5285 ἡνιόχων,
465 5216 697 5269 καὶτῶν
729 5216 905 5279 ἄλλως
948 5215 1372 5285 ὑπουργούντων
1416 5215 1475 5267 ὲν
1518 5215 1633 5276 τοῖς
1678 5215 1752 5266 ἱε-

165 5310 281 5376 ρδῖς
303 5294 627 5376 excisum
649 5307 758 5361 τών
806 5310 1098 5379 ραινόντων
1152 5307 1298 5377 ὕδωρ
1359 5308 1473 5369 τοῖς
1538 5305 1746 5370 ἵπποις,

164 5400 258 5451 καὶ
288 5398 403 5451 τῶν
437 5398 758 5469 βοαῦευτῶν
778 5416 792 5430 ο
825 5399 1152 5470 προαγωγός
1177 5400 1325 5451 ἐστιν
1370 5401 1398 5450 ό
1425 5396 1593 5465 πόρον
1633 5397 1753 5448 αίσ-

165 5492 296 5561 χρὸν
319 5490 431 5544 ἀπὸ
456 5491 661 5545 δούλων
684 5491 716 5562 ἢ
748 5492 1048 5562 ἐλευθέρων
1070 5491 1416 5563 ποιούμενος,
1458 5489 1569 5542 εἴτε
1606 5506 1756 5558 πρω-

162 5583 417 5647 τοτύπως
472 5582 631 5637 τοῦτο
683 5585 1159 5657 πραγματεύεται,
1215 5585 1328 5637 εῐτε
1402 5583 1755 5652 προσχήματι

166 5678 562 5752 πραγματείας
587 5678 785 5749 ἑτέρας
812 5679 927 5750 ἔχει
951 5678 1021 5734 τά
1075 5675 1304 5734 τοιαῦτα
1350 5676 1637 5748 πρόσωπα,
1678 5673 1756 5740 ὡς

242 5855 293 5890 ⁸⁸
317 5853 490 5912 (Ioue.
524 5854 692 5909 Afric.
727 5872 776 5910 ο.
805 5854 895 5909 '50.

1862 4656 2208 4717 sustinuerit.
2237 4654 2340 4721 Qui
2372 4669 2431 4708 se
2466 4654 2685 4715 locavit,
2714 4654 2930 4708 etiamsi
2961 4669 3087 4708 cum
3123 4653 3313 4708 bestiis
3343 4670 3450 4708 non

1861 4753 2156 4820 depugnet,
2195 4756 2434 4802 notatur.
2469 4745 2587 4800 Non
2618 4756 2798 4799 tamen
2830 4745 2994 4800 etiam
3033 4747 3125 4816 qui
3151 4745 3453 4800 mercedem

1861 4844 2047 4911 capit,
2100 4849 2161 4894 ut
2195 4839 2364 4894 ieram
2401 4854 2523 4908 qum
2566 4838 2776 4908 regioni
2819 4848 2999 4902 nocet,
3040 4847 3193 4892 extra
3232 4853 3453 4892 arenam

1862 4937 2153 5005 depugnet.
2204 4932 2371 4987 Plane
2417 4933 2790 4995 athletarum,
2840 4940 2893 4986 et
2938 4932 3032 5002 qui
3089 4932 3143 4985 in
3190 4931 3456 5002 Olympiis

1858 5026 2186 5084 oblectantia
2214 5026 2446 5087 dicunt,
2496 5033 2550 5078 et
2578 5024 2669 5094 qui
2708 5024 2761 5078 in
2800 5031 2957 5094 xysto
3002 5024 3306 5085 decertant,
3341 5023 3457 5090 agi-

1859 5127 2094 5173 tatorum
2126 5119 2253 5173 item
2278 5157 2292 5181 ,
2324 5124 2377 5169 et
2403 5116 2497 5185 qui
2528 5130 2726 5184 aquam
2761 5114 2917 5183 equis
2949 5122 3211 5182 spargunt
3238 5152 3252 5173 ,
3287 5111 3453 5183 5,60

1856 5213 2201 5282 aliormnque
2230 5209 2322 5281 qui
2360 5209 2416 5264 in
2448 5209 2623 5264 sacris
2660 5209 3054 5264 certaminibus
3095 5207 3411 5261 deserviunt
3442 5245 3455 5267 ,

1853 5316 1907 5362 et
1952 5301 2315 5377 [postremo]
2365 5302 2774 5371 designatorum
2811 5317 2902 5355 ars
2944 5300 3149 5353 ludicra
3179 5312 3285 5353 non
3320 5304 3406 5350 est
3444 5361 3459 5381 ’

1864 5413 2039 5468 neque
2071 5395 2462 5465 ignominiosa.
2492 5392 2642 5448 Leno
2668 5404 2772 5459 est,
2808 5396 2899 5462 qui
2936 5402 3150 5463 turpem
3186 5400 3454 5459 quaestum

1862 5505 1927 5544 ex
1963 5488 2140 5545 servis
2184 5489 2267 5541 vel
2308 5486 2493 5541 liberis
2540 5485 2716 5540 facit:
2780 5485 2894 5539 sive
2940 5484 3313 5553 principaliter
3356 5482 3458 5533 hoc

1865 5583 2141 5654 negotium
2166 5588 2341 5652 gerat,
2376 5580 2489 5634 sive
2515 5578 2741 5634 alterius
2769 5578 3157 5649 negotiationis
3195 5584 3457 5645 praetextu

1866 5675 2175 5731 istiusmodi
2209 5685 2472 5746 personas
2494 5668 2695 5727 habeat
2724 5687 2739 5737 ;
2782 5680 2842 5726 ut
2883 5668 3052 5744 [puta
3075 5709 3089 5735 ,
3123 5667 3209 5740 si]
3239 5680 3414 5736 caupo
3438 5705 3453 5731 ,
