3870 6290
531 249 638 314 955

534 368 616 423 vel
653 364 988 420 stahularius
1015 404 1029 428 ,
1067 363 1150 418 vel
1199 362 1486 418 balneator
1527 361 1697 434 [sit].
1739 363 1915 416 Etiam
1948 363 2040 433 qui
2076 363 2130 415 in

533 462 798 516 servitute
839 459 964 513 leno
1015 457 1151 522 fuit,
1198 457 1288 510 ubi
1334 456 1470 510 liber
1520 436 1695 509 factus
1734 466 1850 522 est,
1895 455 2118 509 infamia

537 558 775 604 notatur.
807 545 933 602 llaec
957 547 1137 602 omnia
1163 553 1289 599 sunt
1317 546 1368 597 in
1405 544 1501 599 lib.
1540 560 1618 609 Ill,
1650 547 1730 598 tit.
1758 544 1811 607 1,
1831 544 2024 615 digest.
2054 543 2074 597 1
2109 561 2125 610 ;

535 651 590 695 et
621 642 705 694 tit.
739 639 791 705 2,
824 639 1018 708 digest.
1051 637 1118 703 4;
1152 647 1205 690 et
1241 636 1336 691 lib.
1375 637 1465 700 25,
1507 635 1589 690 ιῑι.
1648 636 1682 689 2
1708 675 1723 700 ,
1777 636 1974 704 digest.
2033 635 2123 691 418.

539 734 686 789 Leno
742 748 963 803 quoque
1003 739 1128 796 est,
1189 730 1282 800 qui
1345 730 1616 784 adulterio
1672 729 1936 799 pollutam
1992 744 2129 783 con-

534 825 720 896 jugem
757 839 910 878 suam
967 838 1074 876 non
1130 820 1398 884 dimittit,
1444 835 1552 874 non
1602 820 1764 874 etiam
1810 820 1904 891 qui
1970 817 2129 892 [tan-

540 914 857 988 tummodo]
897 922 1203 985 suspectam
1229 913 1428 980 habet;
1464 922 1525 968 ut
1564 913 1660 994 lib.
1697 928 1750 967 ιιι
1791 912 1914 968 cod.
1951 915 2036 968 tit.
2071 915 2126 981 9,

538 1019 714 1066 const.
749 1009 804 1062 2.

607 1100 760 1158 CAP.
793 1099 960 1154 XXII.
981 1131 1051 1141 --
1074 1099 1150 1154 De
1179 1100 1496 1168 spectaculis
1523 1109 1573 1155 et
1597 1101 1842 1157 ludicris.

688 1192 916 1247 Concilii
941 1190 1376 1262 Carthaginensis
1421 1209 1642 1249 canones
1676 1195 1762 1260 15,
1797 1195 1884 1261 60,
1916 1196 2005 1251 61.

609 1284 686 1339 De
707 1285 924 1338 diversis
954 1283 1227 1338 ordinibus
1245 1283 1499 1341 Ecclesia:
1523 1288 1890 1353 servientibus,
1911 1298 2042 1354 etc.,
2070 1301 2127 1345 ut

536 1395 660 1450 pag.
696 1378 819 1435 703.

610 1472 697 1527 15.
750 1472 884 1527 Item
936 1473 1142 1544 placuit
1171 1485 1228 1530 ut
1260 1477 1513 1546 quisquis
1555 1476 1963 1548 episcoporum,
1993 1487 2124 1547 etc.,

538 1574 595 1616 ut
624 1580 748 1634 pag.
790 1564 916 1620 703.

609 1657 688 1712 De
709 1674 1041 1728 paganorum
1075 1663 1346 1717 conviviis.

610 1749 698 1804 ϐυ.
736 1749 869 1805 lllud
897 1752 1059 1806 etiam
1092 1754 1410 1822 petendum,
1451 1761 1582 1822 etc.,
1620 1763 1680 1809 ut
1706 1771 1830 1827 pag.
1863 1754 1990 1811 927.

609 1843 687 1898 De
712 1846 1042 1913 spectaculis,
1086 1858 1141 1900 ut
1190 1847 1274 1902 die
1308 1847 1607 1914 Dominico,
1650 1850 1726 1904 vel
1758 1853 1961 1906 caeteris
1999 1868 2128 1907 san-

540 1947 745 1991 ctorum
776 1938 1154 2007 festivitatibus
1187 1940 1399 1995 minime
1424 1941 1773 1999 celebrentur.

611 2030 700 2086 61.
755 2029 867 2087 Nec
924 2048 1034 2087 non
1075 2041 1129 2087 et
1182 2033 1314 2089 illud
1365 2036 1680 2105 petendum,
1714 2049 1774 2093 ut
1813 2040 2127 2108 spectacula

540 2124 902 2189 theatrorum,
927 2135 1295 2198 caaterumqne
1322 2128 1598 2194 ludorum,
1622 2139 1752 2198 etc.,
1785 2141 1840 2184 ut
1855 2148 1977 2202 pag.
1998 2132 2126 2188 646.

541 2216 768 2272 Consilii
791 2221 1095 2274 aecumenici
1126 2237 1349 2276 canones
1384 2222 1472 2289 5‘2,
1503 2222 1592 2288 6‘2,
1631 2223 1722 2292 65,
1752 2224 1842 2290 71,
1872 2224 1963 2289 96,
2003 2226 2124 2281 lOO.

611 2383 771 2456 46],
815 2386 906 2440 5‘2.
957 2384 1012 2440 ln
1065 2387 1322 2442 omnibus
1353 2397 1554 2444 sanctae
1579 2387 2022 2461 Quadragesimae
2048 2393 2130 2464 je-

535 2480 676 2551 junii
709 2481 922 2545 diebus,
951 2490 1079 2545 etc.,
1112 2489 1168 2534 ut
1195 2499 1316 2551 pag.
1350 2480 1495 2538 658.1

611 2575 702 2630 62.
743 2573 1015 2630 Kalendas
1067 2591 1188 2646 quae
1233 2576 1511 2640 dicuntur,
1564 2585 1616 2632 et
1669 2588 1816 2642 vota,
1877 2587 1933 2633 et
1988 2579 2125 2634 bru-

542 2669 704 2722 malia
743 2685 867 2738 quae
906 2677 1213 2734 vocantur;
1255 2682 1308 2724 et
1332 2671 1426 2739 qui
1457 2671 1511 2725 in
1548 2672 1725 2740 primo
1758 2671 1941 2727 Martii
1968 2689 2121 2729 men-

543 2763 622 2816 sis
669 2761 759 2816 die
813 2761 872 2815 lit
923 2771 1252 2816 conventum
1331 2777 1398 2817 ex
1453 2762 1697 2818 ﬁdelium
1767 2765 2128 2823 universitate

549 2854 776 2908 omnino
807 2854 926 2908 tolli
952 2855 1207 2909 volumus
1245 2872 1258 2908 :
1318 2854 1414 2909 sed
1456 2864 1511 2909 et
1560 2856 1807 2925 publicas
1840 2858 2126 2915 mulierum

548 2948 870 3004 saltationes
923 2949 1151 3002 multam
1201 2963 1400 3003 noxam
1437 2949 1773 3020 exitiumque
1805 2951 2125 3009 afferentes:

543 3041 677 3111 quin
708 3042 870 3096 etiam
907 3056 1020 3104 eas,
1059 3057 1181 3112 qua:
1212 3043 1438 3098 nomine
1467 3058 1659 3098 eorum
1687 3044 1779 3114 qui
1815 3044 1954 3101 falso
1982 3046 2128 3117 apud

545 3133 774 3203 gentiles
812 3133 886 3187 dii
912 3132 1178 3186 nominati
1225 3140 1374 3200 sunt,
1410 3133 1495 3188 vel
1526 3134 1748 3189 nomine
1777 3136 2024 3190 virorum
2063 3153 2129 3193 ac

545 3226 840 3282 mulierum
878 3226 1037 3290 ﬁunt,
1086 3226 1409 3280 saltationes
1453 3241 1518 3282 ac
1547 3228 1808 3298 mysteria
1845 3244 1999 3284 more
2026 3245 2129 3284 an-

545 3323 700 3388 liquo
731 3328 785 3373 et
835 3335 864 3374 a
894 3319 1004 3374 vita
1041 3319 1485 3374 Christianorum
1512 3321 1732 3387 .alieno,
1764 3322 2127 3379 amandamus

545 3420 603 3467 et
642 3412 1010 3481 expellimus;
1054 3420 1357 3469 statuentes
1419 3424 1480 3468 ut
1522 3414 1706 3470 nullus
1760 3416 1843 3470 vir
1873 3417 2129 3487 deinceps

545 3505 800 3561 muliebri
831 3515 979 3561 veste
1013 3507 1286 3572 induatur,
1322 3507 1408 3562 vel
1437 3507 1632 3563 mulier
1660 3517 1808 3564 veste
1839 3509 1960 3572 viro
1988 3524 2125 3565 con-

545 3597 817 3654 veniente.
863 3597 970 3653 Sed
1019 3614 1194 3668 neque
1248 3599 1514 3664 comicas,
1562 3599 1648 3654 vel
1695 3601 1987 3668 satyricas,
2044 3602 2130 3657 vel

545 3689 785 3760 tragicas
816 3705 1084 3759 personas
1111 3689 1336 3744 induat:
1368 3706 1546 3761 neque
1583 3693 1904 3747 exsecrandi
1931 3691 2131 3749 Bacchi

547 3795 772 3854 nomen,
819 3795 981 3834 uvam
1028 3780 1082 3833 in
1132 3781 1499 3835 torcularibus
1529 3783 1924 3851 exprimentes,
1962 3785 2132 3841 invo—

548 3885 707 3943 cent;
759 3891 934 3946 neque
989 3878 1178 3931 vinum
1227 3877 1280 3931 in
1337 3876 1503 3934 doliis
1534 3878 1900 3946 ellundentes,
1952 3883 2127 3940 risum

547 3980 828 4036 moveant,
876 3970 1176 4041 ignorantia
1208 3971 1290 4026 vel
1340 3973 1579 4027 vanitate
1607 3989 1691 4039 ea,
1728 3991 1849 4044 quae
1876 3975 1945 4030 ab
1984 3977 2132 4032 insa-

549 4061 657 4117 niae
690 4063 992 4132 impostura
1026 4065 1348 4132 procedunt,
1379 4076 1720 4120 exercentes.
1743 4065 1852 4122 Eos
1883 4083 2012 4138 ergo
2038 4069 2130 4139 qui

549 4155 805 4225 deinceps
853 4155 1056 4226 aliquid
1096 4170 1284 4210 eorum
1329 4157 1463 4226 (qua:
1497 4158 1700 4227 scripta
1739 4168 1889 4225 sunt,
1926 4160 2135 4231 [aggre-

551 4249 794 4313 dientur,
828 4249 922 4304 ubi
959 4249 1026 4303 ad
1059 4250 1253 4304 horum
1280 4250 1649 4320 cognitionem
1681 4255 2054 4322 pervenerint,
2081 4254 2128 4310 si

552 4343 662 4398 sint
693 4343 915 4411 quidem
951 4343 1157 4409 clerici,
1191 4343 1386 4414 deponi
1414 4343 1673 4414 jubemus
1699 4363 1712 4400 :
1742 4346 1786 4400 si
1823 4361 1950 4401 vero
1982 4347 2127 4413 laici,

553 4435 847 4506 scgregarL

624 4623 712 4679 65.
750 4624 882 4690 Quae
907 4623 960 4677 in
997 4624 1288 4680 noviluniis
1319 4667 1334 4692 ,
1375 4633 1480 4681 etc.
1531 4633 1588 4678 ut
1613 4642 1734 4697 pag.
1767 4625 1889 4684 955.

625 4718 787 4790 462
818 4718 906 4773 71.
935 4717 1062 4780 Eos,
1117 4717 1209 4788 qui
1243 4718 1506 4773 docentur
1546 4718 1691 4787 leges
1736 4719 1944 4784 civiles,
1971 4721 2143 4790 genti-

553 4812 686 4868 lium
720 4813 965 4868 moribus
1004 4811 1080 4866 uti
1114 4827 1220 4865 non
1257 4818 1531 4879 oportere,
1569 4826 1743 4880 neque
1770 4811 1823 4866 in
1860 4811 2137 4868 theatrum

555 4907 762 4970 induci,
794 4922 967 4976 neque
998 4921 1092 4961 cas
1128 4921 1250 4974 qua:
1273 4905 1533 4959 dicuntur
1564 4904 1818 4974 cylistras
1848 4919 2134 4974 peragere,

555 4999 642 5052 vel
683 5007 878 5067 praeter
909 5012 1065 5052 usum
1111 5011 1461 5050 communem
1516 4994 1618 5049 sibi
1656 5005 1833 5050 vestes
1879 4995 2130 5062 induere,

555 5103 657 5143 nec
691 5104 800 5158 quo
845 5097 1083 5158 tempore
1109 5087 1452 5156 disciplinam
1507 5085 1923 5155 aggrediuntur,
1957 5085 2036 5140 vel
2075 5087 2142 5140 ad

555 5185 717 5239 ﬁnem
763 5182 883 5252 ejus
924 5183 1268 5251 perveniunt,
1316 5180 1422 5243 vel,
1460 5189 1518 5234 ut
1566 5179 1619 5233 in
1671 5195 1886 5233 summa
1938 5180 2140 5246 dicam,

554 5279 610 5335 in
658 5278 778 5347 ejus
825 5276 1085 5330 doctrina:
1121 5273 1370 5328 dimidio.
1403 5271 1458 5326 Si
1491 5271 1616 5341 quis
1671 5282 1852 5329 autem
1881 5271 2143 5342 deinceps

557 5371 665 5425 hoc
700 5368 874 5424 facere
902 5384 1071 5425 ausus
1112 5366 1299 5433 fuerit,
1339 5373 1680 5434 segregctur.

631 5462 718 5516 96.
761 5463 866 5528 Qui
920 5463 1198 5517 Christum
1259 5476 1355 5532 per
1411 5457 1743 5528 baptismum
1800 5456 2143 5525 induerunt,

560 5556 682 5626 ejus
718 5556 770 5609 in
816 5571 982 5610 carne
1008 5557 1132 5610 vitae
1174 5555 1397 5626 agenda:
1440 5554 1710 5609 rationem
1763 5549 1966 5606 imitari
2015 5567 2146 5622 pro-

561 5649 693 5706 fessi
725 5660 874 5704 sunt.
909 5650 1018 5705 Eos
1047 5665 1196 5720 ergo,
1229 5651 1318 5719 qui
1350 5650 1580 5720 capillos
1618 5648 1686 5703 atl
1719 5649 2017 5703 videntium
2055 5649 2148 5704 de-

565 5748 882 5806 trimentum
909 5791 924 5818 ,
964 5749 1100 5806 scite
1134 5748 1449 5819 cscogitatis
1482 5748 1745 5815 nexibus,
1791 5750 2057 5802 adornant
2098 5753 2148 5800 et

1664 251 1928 310 ΡΠΟΤΙΙ
1965 248 2472 312 ΡΛΤΒΙΑΒΟΗΕ
2504 251 2619 316 CP.

2159 361 2209 420 A
2236 363 2572 459 κάπηλος,ἢ
2617 368 2999 442 πανδοχεὺς,ἧ
3050 370 3333 442 βαλανεὺς,
3379 376 3466 431 καὶ
3512 381 3740 459 ὸγενόμε.

2228 474 2318 521 νος
2355 458 2412 511 ὲν
2441 457 2653 532 δουλεία
2685 464 3030 533 προαγωγὸς,
3063 467 3351 537 ἀτιμοῦται
3394 473 3520 541 μετὰ
3546 478 3599 529 τὸ
3621 457 3742 536 ὲλειι-

2231 549 2573 624 θερωθῆναι’
2605 555 2776 610 ταῦτα
2836 557 3016 613 πάντα
3079 563 3256 646 κεῖται
3303 563 3443 633 βιελ.
3476 567 3539 634 γ’,
3568 572 3654 628 τῐτ.
3691 567 3778 646 α’,ξ

2229 645 2370 700 διάτ.
2391 644 2459 711 α’,
2479 649 2571 740 καὶ
2594 648 2700 703 τίτ.
2744 648 2814 722 β’,
2855 651 2994 706 διάτ.
3023 653 3087 719 δ’,
3149 625 3239 708 καὶ
3283 625 3423 723 βιδλ.
3461 625 3558 729 κγί,
3584 625 3776 740 τίαβίξ

2229 736 2369 791 διάτ.
2412 736 2503 808 μβ’
2537 755 2550 769 ·
2584 742 2952 812 πορνοϐοσκὸς
2981 744 3037 797 δέ
3060 746 3292 800 ἐστικαὶ
3339 749 3367 801 ὁ
3424 736 3750 819 πορνευθεῖσαν

2229 828 2328 900 τὴν
2357 829 2492 884 ἰδίαν
2530 835 2780 904 γαμετὴν
2833 837 2906 906 μὴ
2937 837 3252 900 ἀπολύσας⁶
3297 841 3357 893 οὐ
3397 840 3498 913 μὴν
3543 846 3568 898 ὁ
3624 851 3748 917 μόνον

2231 921 2602 993 ὑποπτεύσας,
2625 927 2699 991 ὡς
2725 928 2865 999 βιδλ.
2897 930 2939 983 θ’
2972 930 3066 984 τοῦ
3097 931 3229 987 κῶδ.
3257 932 3361 988 τίτ.
3394 933 3460 1001 θ’,
3484 936 3609 992 διάτ.
3642 939 3697 1010 β’.

2302 1109 2556 1166 ΚΕΦΑΛ.
2583 1109 2715 1165 ΚΒ’.
2739 1142 2805 1154 --
2833 1113 2971 1180 Περὶ
3005 1115 3259 1183 θεωρίων
3287 1117 3387 1171 καί
3430 1122 3700 1188 παιγνίων.

2413 1203 2689 1258 Συνόδου
2715 1205 3137 1274 Καρθαγέννης
3163 1208 3366 1264 κανὼν
3383 1207 3463 1275 ιε’,
3490 1210 3555 1278 ξ,
3580 1212 3664 1279 Ea’.

2301 1295 2440 1364 Περὶ
2500 1295 2804 1367 διαφόρων
2856 1296 3087 1364 τάξεων
3161 1300 3240 1369 τῇ
3324 1303 3631 1372 Ἐκκλησίᾳ
3653 1305 3753 1362 δου-

2229 1389 2568 1444 λευουσῶν.

2305 1478 2387 1537 ιε’.
2433 1481 2669 1552 Ὁμοίως
2690 1481 2911 1553 ἤρεσεν,
2941 1483 3027 1537 ἵνα
3059 1483 3421 1556 ὁστισδήποτε
3455 1485 3558 1539 τῶν
3583 1489 3749 1544 ἐπισκό-

2228 1590 2370 1641 πων,
2396 1591 2452 1629 κ.
2477 1592 2530 1629 τ.
2552 1575 2604 1629 λ.

2292 1639 2433 1737 Περὶ
2450 1667 2556 1723 τοῦ
2577 1667 2909 1737 ἀφελέσθαι
2930 1668 3003 1723 τὰ
3019 1639 3463 1739 τῶι-Ἑλλήνων
3485 1669 3753 1743 condocta:

2154 1737 2200 1791 Β
2307 1758 2371 1828 ξ’.
2399 1762 2634 1815 Κάκεῖνο
2659 1761 2739 1815 ἔτι
2759 1761 2867 1832 μὴν
2885 1762 2966 1815 δεῖ
2987 1763 3230 1834 αἰτῆσαι,
3267 1737 3334 1815 xl
3353 1781 3405 1817 τ.
3448 1765 3496 1816 λ.

2306 1853 2450 1922 Περὶ
2494 1853 2751 1920 θεωρίων
2782 1853 2854 1907 ἐν
2897 1853 2974 1922 τῇ
2997 1854 3265 1923 Κυριακῇ
3297 1855 3398 1908 καὶ
3434 1857 3505 1910 ἐν
3532 1857 3642 1923 ταῖς
3665 1863 3755 1914 λοι.

2234 1945 2375 2012 παῖς
2397 1946 2518 2000 τῶν
2545 1946 2732 2017 ἁγίων
2757 1947 2992 2016 ἑορταῖς
3038 1949 3336 2019 μηδαμῶς
3380 1951 3753 2009 ἐπιτελοῦνται.

2309 2039 2408 2104 ξω.
2443 2039 2680 2094 Κάκεῖνο
2713 2040 2794 2094 ἔτι
2839 2040 2947 2111 μὴν
2978 2041 3059 2095 δεῖ
3097 2043 3348 2113 αἰτῆσαι,
3390 2042 3479 2097 ἵνα
3523 2043 3585 2096 τὰ
3609 2042 3754 2117 θεώριε

2235 2135 2346 2188 τῶν
2373 2133 2676 2206 θεατρικῶν
2707 2135 2998 2202 παιγνίων,
3029 2153 3082 2189 κ.
3120 2153 3171 2191 τ.
3199 2135 3252 2191 λ.

2236 2225 2509 2280 Συνόδου
2551 2224 3183 2364 οίκουμενικῆςιὶὲκτης
3214 2225 3424 2280 κανὼν
3460 2226 3554 2297 νβ’,
3589 2227 3668 2299 ξβ’,
3694 2229 3756 2295 ξε,

2852 2314 2916 2349 οα
2936 2337 2948 2360 ,
3019 2304 3091 2361 ς’,
3123 2304 3193 2364 ρ’.

2852 2304 2948 2360 οα’,
2976 2304 3091 2364 ἧς’,
3123 2304 3193 2368 ρ’.

2307 2391 2408 2463 νβ’.
2454 2391 2542 2444 Ἐν
2559 2390 2763 2453 πάσαις
2784 2392 2901 2454 ταῖς
2927 2393 3024 2461 τῆς
3049 2390 3211 2460 ἁγίας
3234 2391 3668 2464 Τεσσαρακοστῆς
3684 2393 3759 2447 τῶν

2236 2483 2498 2554 νηστειῶν
2525 2484 2778 2556 ἡμέραις,
2812 2501 2868 2539 κ.
2890 2501 2940 2537 τ.
2976 2483 3027 2538 λ.

2308 2574 2406 2646 ξβ’.
2444 2575 2555 2639 Τὰς
2579 2573 2723 2628 οὔτω
2751 2575 3052 2646 λεγομένας
3087 2576 3388 2641 καλάνδας,
3443 2579 3533 2632 καὶ
3562 2577 3622 2631 τὰ
3645 2578 3760 2646 λεγέο

2239 2685 2378 2740 μενα
2406 2669 2560 2741 βότα,
2593 2670 2688 2722 καὶ
2712 2668 2781 2722 τὰ
2805 2669 3119 2741 καλούμενα
3145 2671 3484 2742 βρουμὰλια,
3510 2672 3598 2724 καὶ
3622 2672 3700 2744 τὴν
3721 2674 3761 2724 ἐν

2235 2766 2302 2835 τῇ
2335 2762 2530 2837 πρώτῃ
2558 2763 2651 2816 τοῦ
2687 2764 2931 2836 Μαρτίου
2987 2764 3156 2837 μηνὸς
3187 2766 3378 2836 ἡμέρᾳ
3403 2766 3762 2836 ἐπιτελουμένην

2239 2857 2571 2928 πανήγυριν,
2598 2856 2856 2923 καθάπαξ
2899 2860 2963 2910 ὲκ
3006 2858 3107 2927 τῆς
3135 2857 3244 2911 τῶν
3287 2859 3496 2912 πιστῶν
3545 2859 3762 2921 πολιτείας

2237 2948 2662 3021 περιαιρεθῆναι
2699 2949 3003 3019 βουλόμεθα
3030 2966 3049 2988 ἠ
3101 2950 3243 3003 ἀλλὰ
3301 2951 3409 3022 μὴν
3443 2953 3533 3005 καὶ
3562 2953 3646 3016 τὰς
3685 2954 3762 3005 τῶν

2241 3043 2481 3110 γυναίων
2513 3043 2781 3113 δημοσίας
2811 3027 3066 3115 ὀρχήσεις
3099 3043 3176 3107 ὼς
3226 3044 3518 3114 ἀσέμνους,
3553 3045 3637 3097 καὶ
3669 3045 3764 3097 πολ-

2161 3104 2204 3164 c
2241 3104 2339 3205 λὴν
2373 3104 2676 3205 λύμηνκαὶ
2701 3104 2910 3205 βλεοῆζὶ
2935 3104 3194 3204 έμποιεῖν
3219 3104 3530 3206 δυναμένας
3556 3153 3568 3166 ·
3600 3137 3665 3189 ἔτι
3689 3139 3764 3206 μὴν

2246 3228 2339 3281 καὶ
2356 3227 2455 3289 τὰς
2482 3228 2709 3297 ὀνόματι
2732 3227 2839 3280 τῶν
2855 3230 2988 3300 παρ’
3016 3228 3243 3298 Ἕλλησι
3261 3229 3474 3298 ψευδῶς
3501 3228 3765 3299 ὀνομασθένο

2244 3341 2354 3376 των
2391 3321 2528 3374 θεῶν
2553 3321 2585 3390 ἢ
2615 3321 2672 3387 ἐξ
2701 3321 2910 3392 ἀνδρῶν
2938 3321 2970 3392 ἢ
3008 3321 3290 3389 γυναικῶν
3338 3322 3615 3393 γινομένας
3640 3323 3764 3393 ὀρχή·

2246 3429 2361 3477 σεις
2396 3413 2490 3466 καὶ
2537 3412 2759 3475 τελετὰς
2785 3412 2929 3466 κατά
2950 3430 3000 3465 τι
3025 3412 3144 3477 ἔθος
3169 3414 3405 3468 παλαιὸν
3432 3416 3523 3468 καὶ
3547 3413 3766 3484 ἀλλότριον

2244 3505 2338 3558 τοῦ
2365 3505 2474 3559 τῶν
2503 3505 2849 3575 Χριστιανῶν
2881 3505 3019 3576 βίου,
3046 3507 3524 3577 ἁποπεμπόμεθα’
3553 3507 3766 3577 ὁρίζοντες

2251 3597 2455 3668 μηδένα
2483 3597 2799 3666 γυναικείαν
2833 3597 3027 3668 στολὴν
3056 3598 3488 3664 ὲνδιδύσκεσθαι,
3527 3600 3557 3670 ἦ
3588 3601 3767 3666 γυναῖκα

2248 3690 2346 3762 τὴν
2379 3689 2638 3759 ἀνδράσιν
2664 3690 2922 3761 ἁρμόδιον
2948 3707 2962 3721 ·
2998 3691 3136 3745 ἀλλὰ
3187 3694 3331 3763 μήτε
3366 3696 3660 3764 προσωπεῖα
3696 3710 3770 3745 κω-

2251 3781 2452 3854 μικὰῆ
2491 3784 2762 3854 σατυρικὰ
2808 3784 2841 3854 ἢ
2881 3784 3118 3856 τραγικά
3167 3786 3500 3840 ὑποδύεσθαι
3525 3803 3539 3819 ο
3583 3785 3696 3856 μήτε
3727 3785 3769 3836 τὸ

2247 3875 2340 3930 τοῦ
2381 3875 2672 3945 βδελυκτοῦ
2703 3876 2960 3930 Διονύσου
2986 3877 3160 3948 ὄνομα
3195 3878 3293 3948 τὴν
3338 3877 3605 3950 σταφυλὴν
3631 3878 3767 3930 ἐκθλί-

2251 3966 2444 4030 ϐοντας
2491 3967 2551 4019 ἐν
2598 3969 2718 4030 ταῖς
2747 3965 2928 4036 ληνοῖς
2961 3968 3186 4040 ὲπιϐοᾷν
3213 3984 3228 4000 ·
3283 3969 3424 4040 μηδὲ
3470 3964 3600 4022 οἶνον
3621 3970 3768 4028 ἐντοῖς

2249 4060 2428 4124 πίθοις
2461 4061 2771 4131 ἐκχέοντας,
2809 4060 3022 4129 γέλωτα
3055 4062 3344 4128 ὲπικινεῖν,
3387 4062 3601 4132 ἀγνοίας
3631 4061 3768 4131 τρόπῳ

2247 4154 2280 4225 ἢ
2314 4155 2676 4225 ματαιότητος
2697 4153 2764 4206 τὰ
2785 4153 2882 4225 τῆς
2904 4154 3290 4224 δαιμονιώδους
3311 4155 3519 4226 πλάνης
3544 4153 3766 4224 ὲνεργοῦνο

2247 4265 2348 4310 τας
2374 4265 2387 4278 ’
2441 4247 2567 4310 τοὺς
2599 4246 2691 4300 οὖν
2719 4248 2826 4300 ἀπὸ
2855 4246 2948 4300 τοῦ
3004 4247 3098 4300 νῦν
3157 4266 3212 4301 τι
3239 4250 3354 4303 τῶν
3414 4248 3766 4320 προειρημένων

2249 4341 2520 4394 ἐπιτελεῖν
2543 4340 2975 4412 ἐπιχειροῦντας,
3013 4341 3071 4395 ἐν
3099 4341 3300 4410 γνώσει
3330 4343 3531 4396 τούτων
3569 4342 3766 4394 καθιστα-

2170 4463 2217 4519 D
2251 4434 2470 4504 μένους,
2504 4433 2750 4499 τούτους,
2775 4435 2823 4486 εί
2857 4433 2956 4504 μὲν
2997 4433 3252 4504 κληρικοὶ
3281 4432 3421 4498 εἶεν,
3455 4431 3764 4504 καθαιρεῖσθαι

2249 4528 2665 4598 προστάσσομεν
2692 4544 2707 4558 ·
2740 4527 2789 4580 εί
2820 4526 2877 4580 δὲ
2917 4527 3120 4593 λαῖκοὶ,
3158 4529 3537 4600 ἀφορίζεσθαι.

2318 4620 2409 4685 ξεν.
2448 4621 2558 4684 Τὰς
2591 4623 2647 4674 ὲν
2680 4622 2798 4685 ταῖς
2827 4622 3144 4692 νεομηνίαις
3174 4639 3228 4678 κ.
3261 4639 3314 4676 τ.
3351 4622 3404 4678 λ.

2315 4710 2416 4767 οα’.
2450 4714 2588 4778 Τοὺς
2617 4713 3037 4785 διδασκομένους
3087 4717 3215 4780 τοὺς
3245 4716 3552 4779 πολιτικοὺς
3595 4714 3762 4783 νόμους.

2248 4806 2324 4878 μὴ
2349 4806 2460 4859 δεῖν
2498 4807 2598 4878 τῆς
2635 4805 2965 4877 Ἑλληνικοῖς
3009 4806 3156 4860 ἔθεσι
3187 4809 3510 4880 κεχρῆσθαι,
3544 4808 3660 4878 μήτε
3686 4804 3763 4872 μὴν

2245 4898 2340 4952 ἐπὶ
2373 4899 2619 4969 θεάτρων
2649 4898 2968 4967 ἀνάγεσθαι,
3002 4900 3036 4969 ἢ
3064 4900 3164 4964 τὰς
3209 4900 3506 4972 λεγομένας
3532 4898 3763 4966 κυλίστρας

2246 4991 2536 5056 ἐπιτελεῖν,
2571 4991 2603 5062 ἢ
2636 4991 2902 5062 πειρατὴν
2935 4992 3132 5062 χρῆσιν
3163 4993 3355 5056 στολὰς
3388 4994 3588 5055 ἑαυτοῖς
3606 5005 3761 5058 περιτι-

2249 5086 2420 5152 θέναι,
2461 5085 2600 5156 μήτε
2649 5084 2770 5138 καθ’
2799 5084 2859 5137 ὃν
2889 5086 3078 5156 καιρὸν
3120 5086 3230 5140 τῶν
3265 5087 3594 5157 μαθημάτων
3641 5083 3761 5150 ἐνὰρ-

2249 5195 2455 5249 χονται,
2485 5176 2517 5247 ἢ
2551 5176 2685 5247 πρὸς
2733 5175 2792 5229 τὸ
2818 5175 2968 5239 τέλος
3000 5176 3178 5229 αὐτῶν
3214 5178 3569 5239 καταντῶσιν,
3613 5175 3639 5243 ῆ
3667 5170 3761 5224 καθ-

2245 5271 2367 5324 όλου
2393 5269 2558 5339 φάναι
2583 5266 2672 5321 διὰ
2697 5267 2864 5338 μέσου
2900 5267 3000 5338 τῆς
3029 5267 3286 5339 τοιαύτης
3313 5269 3642 5327 παιδεύσεως
3668 5264 3703 5315 εί
3721 5259 3759 5312 δέ

2246 5379 2331 5425 τις
2360 5359 2468 5415 ἀπὸ
2495 5359 2589 5414 τοῦ
2612 5360 2708 5413 νῦν
2733 5359 2890 5412 τοῦτο
2921 5359 3121 5430 πρᾶξαι
3147 5361 3429 5432 τολμήσοι,
3455 5355 3756 5428 ἀφοριζέσθω.

2319 5463 2432 5526 ιιςν.
2463 5458 2527 5510 Οἱ
2570 5455 2660 5509 τὸν
2707 5455 2943 5526 Χριστὸν
2984 5455 3072 5509 διὰ
3109 5458 3202 5508 τοῦ
3257 5456 3612 5525 βαπτίσματος
3646 5449 3757 5502 ἐνδυ-

2251 5549 2627 5623 σάμενοι,.τὴν
2680 5549 2738 5601 ὲν
2782 5547 2945 5619 σαρκὶ
2988 5546 3152 5600 αὐτοῦ
3205 5548 3475 5602 πολιτείαν
3533 5540 3755 5616 μιμεῖσθαι

2251 5644 2714 5717 καθωμολόγησαν
2744 5659 2760 5674 ·
2793 5644 2920 5705 τοὺς
2947 5640 3039 5694 οὖν
3073 5640 3172 5706 τὰς
3208 5641 3266 5696 ἐν
3289 5643 3352 5712 τῇ
3378 5639 3572 5709 κεφαλῇ
3609 5634 3753 5702 τρίχας

2254 5743 2388 5814 πρὸς
2418 5742 2595 5811 λύμην
2656 5737 2762 5794 τῶν
2794 5735 3047 5809 ὁρώντων
3100 5735 3158 5790 ὲν
3214 5733 3473 5797 ἐπινοίαις
3529 5726 3750 5800 ἐμπλοκης
