3980 6404
248 408 354 472 957

911 406 1312 470 SYNTAGMA
1347 404 1735 467 CANONUM.
1765 430 1835 441 —
1863 405 2010 467 TIT.
2047 406 2216 482 XIII,
2253 408 2409 470 CAP.
2445 409 2639 486 XXII,
2668 411 2896 473 XXIII.

3422 416 3525 483 958

249 515 629 583 εὐθετίζοντας
662 515 757 570 καὶ
779 515 1256 583 διασκευάζοντας.
1303 517 1398 571 καὶ
1429 515 1624 587 δέλεαρ
1651 532 1825 587 προσ-

1958 527 2289 586 mnponunt,
2317 527 2371 574 ct
2400 519 2631 575 inlirmis
2661 522 2859 578 animis
2881 538 3062 578 escam
3099 539 3161 580 ea
3193 526 3404 584 ratione
3428 535 3525 585 ob-

243 610 498 673 τιθέντας
552 607 805 662 ἐντεῦθεν
857 610 976 671 ταῖς
1041 608 1394 679 ἀστηρίκτοις
1431 607 1652 678 ψυχαῖς,
1707 607 1830 658 ἐπι-

239 704 414 772 τιμίῳ
451 702 750 774 προσφόρῳ
802 699 1088 771 πατρικῶς
1119 698 1514 770 θεραπεύομεν,
1552 697 1834 765 παιδαγω-

241 793 474 864 γοῦντες
510 794 731 857 αὐτοὺς,
763 794 856 845 καὶ
891 792 1188 862 σωφρόνως
1215 790 1364 863 βιοῦν
1403 788 1832 854 ἐκδιδάσκοντες,

244 888 386 957 πρὸς
407 887 469 940 τδ
506 886 745 957 ἀφέντας
773 887 872 958 τὴν
903 887 967 939 ἐκ
1019 885 1120 956 τῆς
1151 885 1283 956 ’ὕλης
1336 883 1556 954 ἀπάτην
1602 885 1696 938 καὶ
1733 900 1836 952 μα·

242 982 534 1052 ταιὸτητα,
586 980 724 1053 πρὸς
747 981 846 1051 τὴν
878 979 1185 1051 ἀνώλεθρον
1224 978 1319 1032 καὶ
1379 975 1657 1050 μακαρίαν
1689 974 1835 1046 ζωὴν

243 1074 341 1128 τὶν
393 1073 520 1126 νοῦν
555 1071 812 1144 μετάγειν
844 1072 1135 1142 διηνεκῶς,
1195 1073 1292 1125 καὶ
1340 1072 1398 1124 ἐν
1462 1071 1612 1141 φόὸῳ
1663 1069 1834 1139 ἁγνὴν

244 1167 394 1238 ἐχειν
418 1165 790 1235 αναστροφὴν,
824 1166 916 1217 καὶ
942 1164 1062 1236 Θεῷ
1088 1163 1408 1235 πλησιάζειν
1431 1163 1574 1218 κατὰ
1591 1161 1832 1233 ἐφικτὸν,
1873 1192 1886 1204 ι

245 1259 338 1314 διὰ
366 1259 466 1328 τῆς
493 1259 552 1311 ἐν
584 1257 684 1328 βίῳ
713 1256 1039 1325 καθάρσεως
1064 1273 1079 1288 ο
1111 1257 1206 1310 καὶ
1235 1257 1326 1311 τὸν
1373 1255 1522 1310 ἐνδον
1548 1255 1581 1327 ἢ
1617 1255 1708 1308 τὸν
1731 1253 1835 1318 ἔξω

246 1350 539 1422 ἄνθρωπον
575 1349 776 1419 μᾶλλον
803 1350 1031 1419 κοσμεῖν
1057 1351 1303 1418 ἀρεταῖς,
1332 1347 1430 1401 καὶ
1453 1347 1709 1418 χρηστοῖς
1743 1343 1839 1398 καὶ

248 1442 508 1512 ἀμώμοις
529 1443 641 1505 τοῖς
661 1440 851 1512 ἤθεσιν
876 1457 893 1474 ο
924 1439 1066 1494 ὥστε
1101 1440 1270 1511 μηδὲν
1294 1439 1546 1509 λείψανον
1569 1437 1754 1511 φέρειν
1780 1439 1839 1490 ἐν

251 1535 470 1598 ἑαυτοῖς
493 1535 594 1605 τῆς
625 1536 720 1588 τοῦ
747 1533 992 1588 ἐναντίου
1022 1533 1343 1604 σκαιότητος
1362 1551 1376 1566 ο
1399 1536 1449 1588 εί
1475 1533 1532 1587 δέ
1561 1549 1645 1597 τις
1687 1529 1841 1603 παρά

246 1625 342 1678 τὸν
362 1625 609 1696 παρόντα
640 1625 845 1680 κανόνα
877 1625 1192 1692 διαγίνοιτο,
1228 1624 1595 1695 ἀφοριζέσθω.

322 1721 388 1784 ρ’.
421 1717 484 1768 οἱ
513 1715 808 1786 ὀφθαλμοί
827 1729 945 1771 σου
965 1715 1108 1784 ὀρθὰ
1122 1715 1648 1782 βλεπέτωσαν,καὶ
1668 1713 1840 1784 πάσῃ

249 1805 499 1876 φυλακῇ
521 1807 683 1876 τήρει
708 1807 834 1876 σὴν
857 1808 1131 1878 καρδίαν,
1163 1811 1196 1880 ή
1232 1809 1395 1878 σοφία
1425 1807 1800 1862 διακελεύεται
1821 1821 1838 1838 ο

1932 605 2166 673 jiciunt,
2219 611 2568 666 convenienti
2638 614 2907 683 supplicio
2956 624 3177 684 paterne
3225 632 3521 686 curamus;

1937 698 2085 769 ipsos
2120 700 2470 758 instituentes
2514 711 2569 758 et
2613 711 2980 774 temperanter
3020 707 3202 764 vivere
3239 711 3521 780 docentes,

1937 802 1996 848 ut
2031 793 2214 848 relicta
2237 792 2427 850 fraude
2455 805 2510 852 et
2532 795 2788 861 vanitate.
2819 815 2938 869 qua:
2963 816 3030 856 ex
3061 804 3290 857 materia
3325 805 3524 870 oritur,

1938 886 2005 941 ad
2037 888 2206 942 exitio
2233 899 2510 944 carentem
2542 891 2868 963 beatamque
2902 894 3088 960 vitam,
3114 907 3351 950 mentem
3379 897 3524 953 assi-

1937 979 2045 1035 due
2078 982 2402 1049 traducant;
2437 993 2491 1039 et
2519 984 2572 1039 in
2607 985 2806 1041 timore
2827 1003 3018 1058 puram
3044 997 3099 1044 et
3129 999 3376 1044 sanctam
3401 1005 3527 1044 con-

1941 1072 2304 1127 versationem
2346 1074 2600 1138 habeant,
2640 1085 2695 1131 et
2739 1076 2867 1142 Deo,
2905 1077 3088 1148 quoad
3117 1078 3237 1149 ejus
3279 1079 3396 1134 lieri
3429 1093 3526 1148 po-

1945 1172 2067 1229 test,
2105 1168 2538 1238 appropinquent
2562 1184 2657 1239 per
2681 1171 2804 1225 vitae.
2825 1172 3114 1240 puritatem
3136 1189 3150 1237 ;
3171 1182 3225 1227 et
3250 1172 3524 1226 internum

1943 1258 2121 1328 magis
2147 1273 2312 1328 quam
2342 1269 2630 1316 externum
2665 1263 2938 1318 hominem
2973 1265 3266 1320 virtutibus
3293 1275 3346 1320 et
3366 1265 3526 1320 bonis

1941 1348 2345 1420 inculpatisque
2387 1352 2635 1407 moribus
2681 1363 2980 1418 exornent;
3037 1361 3098 1408 ut
3139 1353 3319 1408 nullas
3373 1352 3426 1406 in
3465 1366 3526 1407 se

1942 1436 2123 1492 ferant
2147 1439 2407 1510 reliquias
2437 1440 2720 1496 diabolica:
2753 1443 3142 1512 perversitatis.
3189 1441 3245 1496 Si
3277 1441 3402 1512 quis
3432 1456 3526 1495 au-

1943 1537 2051 1586 tem
2098 1538 2294 1602 prater
2327 1531 2474 1587 hunc
2501 1548 2771 1592 canonem
2802 1541 3053 1590 versatus
3097 1533 3285 1601 fuerit,
3312 1547 3528 1588 excom-

1943 1622 2273 1677 municetur.

2019 1711 2142 1769 100.
2177 1714 2339 1770 Oculi
2390 1718 2468 1770 tui
2513 1727 2653 1772 recto
2714 1719 2999 1789 aspiciant,
3026 1727 3075 1773 et
3109 1719 3252 1773 omni
3284 1717 3526 1807 custodia

1945 1802 2124 1855 serva‘
2149 1819 2240 1857 cor
2285 1813 2454 1870 tuum,
2478 1805 2631 1876 jubet
2677 1805 2952 1876 Sapientia
2980 1808 3048 1864 ⁸³.
3090 1806 3350 1876 Corporis
3377 1802 3526 1860 enim

251 1897 453 1970 ῥᾳδίως
486 1899 594 1971 γὰρ
633 1900 701 1954 τὰ
730 1899 943 1954 ἑαυτῶν
993 1902 1088 1953 ἐπί
1149 1902 1249 1972 τὴν
1286 1900 1486 1972 ψυχὴν,
1516 1903 1572 1954 αἱ
1602 1899 1695 1954 τοῦ
1725 1900 1832 1952 σώ-

1958 1912 2134 1953 ιεηειιε
2151 1913 2249 1953 sua
2280 1898 2439 1953 facile
2457 1898 2509 1953 in
2530 1899 2767 1954 animam
2786 1900 3092 1955 cll‘undunt.
3112 1899 3361 1954 Picturas
3396 1913 3527 1969 ergo

252 2005 425 2060 ματος
460 1990 744 2062 αἰσθήσεις
791 1990 1164 2062 είσκρίνουσι·
1198 1994 1300 2054 τὰς
1353 1987 1448 2045 οὖν
1502 1991 1604 2059 τὴν
1643 1990 1835 2061 ὅρασιν

248 2081 766 2151 καταγοη-τευούσας
793 2084 1034 2155 γραφὰς,
1065 2083 1177 2137 εἴτε
1207 2086 1265 2139 ἐν
1286 2082 1506 2150 πίναξιν
1530 2083 1639 2137 εἴτε
1661 2081 1836 2146 ἄλλως

248 2188 372 2236 πως
419 2174 868 2245 ἀνατεθειμένας,
911 2177 1007 2232 καὶ
1073 2177 1166 2230 τὸν
1219 2175 1346 2230 νοῦν
1389 2175 1832 2246 διαφθειρούσας,

251 2267 348 2318 καὶ
375 2267 633 2330 κινούσας
661 2270 800 2338 πρὸς
825 2269 895 2322 τὰ
923 2269 1032 2324 τῶν
1056 2271 1302 2342 αἰσχρῶν
1329 2269 1535 2342 ἡδονῶν
1557 2267 1837 2322 ὑπεκκαύ-

253 2373 423 2426 ματα,
479 2358 731 2428 οὐδαμῶς
779 2359 889 2412 ἀπὸ
950 2360 1046 2414 τοῦ
1099 2359 1196 2414 νῦν
1241 2363 1298 2414 ὲν
1349 2360 1648 2430 οἱῳδήποτε
1686 2359 1836 2430 τόπῳ

249 2446 670 2517 προστάσσομεν
693 2449 1128 2519 ἐγχαράττεσθαι
1159 2466 1172 2480 °
1205 2452 1254 2503 ei
1279 2450 1335 2504 δέ
1360 2467 1442 2514 τις
1469 2450 1627 2503 τοῦτο
1655 2448 1835 2520 πράσ-

252 2555 370 2592 σειν
395 2541 760 2610 ἐπιχειρήσοι,
791 2541 1157 2612 ἁφοριζέσθω.

323 2630 450 2693 Πῶς
478 2630 549 2683 τά
581 2629 782 2700 θεώρια
804 2631 1109 2697 τελοῦνται,
1145 2632 1238 2686 καὶ
1281 2632 1398 2696 πῶς
1439 2632 1647 2701 γίνεται
1677 2631 1710 2702 ἡ
1741 2631 1837 2684 δα-

251 2725 398 2796 πάνη
433 2725 634 2788 αὐτῶν,
665 2727 760 2777 καὶ
789 2727 872 2777 ὅτι
918 2724 1140 2778 δύναται
1185 2725 1214 2776 ὁ
1238 2725 1422 2794 ἀρχων
1473 2725 1542 2778 τά
1597 2722 1838 2793 θεωρικά

252 2817 394 2888 πρδς
422 2816 618 2886 καιρὸν
651 2816 934 2887 ἀφορίζειν
979 2817 1059 2879 εἰς
1109 2818 1411 2869 ἀνανέωσιν
1433 2814 1648 2886 τειχῶν,
1679 2814 1836 2884 εἴρη-

250 2925 346 2962 ται
373 2905 516 2978 βιῦλ.
556 2908 626 2960 ια’
656 2906 751 2960 τοῦ
796 2907 950 2972 κώδ.,
981 2905 1085 2960 τίτ.
1115 2911 1224 2977 μα’,
1259 2907 1368 2977 μβ’,
1407 2904 1512 2976 μδ’,
1561 2911 1690 2978 pg"
1726 2907 1755 2958 ὁ
1778 2903 1836 2959 δὲ

254 2999 344 3072 με’
377 3003 484 3056 τιτ.
526 3002 740 3072 ἀναιρεῖ
765 3000 862 3072 τὴν
896 3001 1025 3053 θέαν
1049 2999 1159 3052 τῶν
1188 3000 1531 3070 μονομάχων.

328 3092 580 3147 ΚΕΦΑΛ.
632 3093 759 3145 Kl".
792 3123 862 3131 —
893 3089 1029 3160 Περὶ
1072 3086 1349 3144 κλεπτῶν
1397 3086 1496 3141 καὶ
1533 3089 1837 3160 τυμϐωρύ-

249 3199 382 3252 χων
414 3182 513 3236 καὶ
539 3180 806 3250 λῃστῶν.

626 3275 952 3327 Βασιλείου
995 3271 1196 3326 κανὼν
1231 3271 1329 3337 ξω,
1362 3269 1468 3336 Eg’.

329 3365 430 3430 Ea’.
473 3365 533 3418 Ὀ
586 3365 789 3436 κλέψας
821 3367 869 3419 εἰ
920 3368 1018 3436 μὲν
1069 3368 1164 3435 ἀφ’
1209 3365 1402 3419 ἐαυτοῦ
1441 3364 1840 3436 μεταμεληθεὶς

251 3456 614 3530 κατηγορήσῃ
641 3457 856 3521 ἑαυτοῦ,
880 3459 1126 3511 ἐνιαυτὸν
1147 3457 1522 3527 κωλυθήσεται
1549 3456 1709 3525 μόνον
1734 3457 1835 3526 τῆς

253 3557 549 3618 κοινωνίας
585 3555 694 3607 τῶν
731 3553 1118 3624 ἀγιασμάτων·
1150 3555 1198 3606 ει
1226 3553 1283 3606 δὲ
1317 3552 1622 3622 ἐλεγχθείη,
1657 3553 1714 3604 ἐν
1743 3551 1836 3604 δυ-

253 3648 348 3701 σὶν
373 3648 520 3700 ἔτεσι
546 3663 559 3677 ·
587 3645 976 3717 μερισθήσεται
1017 3647 1076 3700 δὲ
1109 3647 1260 3718 αὐτῷ
1299 3647 1327 3699 ὁ
1371 3647 1563 3717 χρόνος
1589 3649 1669 3710 είς
1704 3646 1838 3699 ὑπό-

248 3756 472 3794 πτωσιν
503 3740 598 3794 καὶ
638 3737 896 3792 σύστασιν
924 3755 938 3769 ·
991 3741 1085 3793 καὶ
1128 3742 1250 3794 τότε
1295 3739 1568 3807 ἀξιούσθω
1594 3740 1691 3810 τῆς
1726 3755 1841 3792 κοι-

250 3833 474 3897 νωνίας.

332 3925 440 3992 Eg’.
485 3926 545 3980 '0
591 3923 974 3997 τυμϐωρύχος.
1003 3924 1062 3978 ἐν
1091 3923 1225 3978 δέκα
1269 3923 1445 3978 ἐτεσιν
1477 3924 1840 3997 ἀκοινώνητος

252 4019 440 4085 ἔσται,
473 4020 532 4072 ἐν
556 4019 678 4073 δυσὶ
708 4017 1078 4091 προσκλαίων,
1131 4019 1187 4069 ἐν
1239 4017 1420 4088 τρισὶν
1459 4016 1833 4088 ἀκροώμενος,

253 4115 322 4167 ἐν
351 4115 646 4184 τέσσαρσιν
673 4113 1018 4178 ὑποπίπτων,
1049 4111 1132 4163 ἐνὶ
1161 4109 1216 4163 δὲ
1241 4109 1516 4173 συνεστὼς
1545 4126 1558 4140 ·
1593 4110 1691 4164 καὶ
1717 4112 1840 4163 τότε

253 4204 686 4277 δεχθησόμενος.

485 4293 820 4362 Ρρηγορίου
857 4293 1114 4360 Νύσσης
1154 4309 1290 4362 nego.
1324 4297 1398 4357 ς’,
1442 4288 1508 4358 ζ’,
1536 4288 1608 4364 η’.

332 4392 409 4451 ς’.
446 4386 521 4439 Τὸ
553 4387 609 4439 δὲ
653 4387 839 4458 ἐτερον
892 4381 1030 4447 εἶδος
1065 4387 1165 4455 τῆς
1219 4387 1632 4459 εἰδωλολατρίας
1677 4386 1841 4454 (οὕτω

252 4478 370 4550 γὰρ
407 4480 661 4550 ὀνομάζει
691 4479 788 4552 τὴν
833 4479 1146 4544 πλεονεξίαν
1203 4481 1232 4532 ὁ
1291 4480 1432 4545 θεῖος
1470 4480 1837 4552 Ἀπόστολος),

1945 2003 2067 2058 quae
2099 1989 2289 2044 oculos
2307 1992 2698 2062 praestringunt
2721 1993 2836 2048 sive
2865 1994 2918 2047 in
2938 1993 3156 2055 tabulis,
3189 1993 3303 2048 sive
3334 1991 3529 2062 quovis

1946 2080 2055 2135 alio
2083 2082 2244 2138 modo
2291 2083 2446 2148 ﬁant,
2474 2092 2530 2139 et
2582 2093 2817 2140 mentem
2867 2094 3229 2157 corrumpunt
3263 2125 3278 2150 ,
3346 2094 3399 2139 et
3460 2083 3528 2137 ad

1947 2174 2190 2242 turpium
2255 2176 2595 2246 voluptatum
2692 2188 2912 2232 movent
2989 2179 3282 2240 incendia.
3382 2173 3529 2231 nullo

1945 2263 2110 2318 modo
2139 2263 2392 2334 deinceps
2413 2265 2575 2338 463
2603 2268 2836 2336 exprimi
2855 2268 3134 2336 jubemns.
3178 2267 3232 2322 Si
3265 2267 3390 2336 quis
3430 2281 3530 2318 au-

1943 2360 2053 2410 tem
2111 2354 2216 2412 hoc
2247 2354 2426 2412 facere
2449 2373 2741 2428 aggressus
2778 2359 2962 2424 fuerit,
3028 2359 3350 2427 deponatur.

2024 2629 2531 2696 Textus.Qnomodo
2551 2630 2857 2699 spectacula
2877 2636 3226 2699 peragantur,
3251 2627 3529 2696 quomodo

1948 2723 2002 2777 in
2042 2725 2130 2776 illa
2161 2732 2411 2793 sumptus
2442 2723 2552 2785 ﬂat.
2581 2732 2635 2777 et
2659 2722 2803 2792 quod
2841 2720 3278 2790 spectaculorum
3321 2719 3532 2785 impen-

1949 2830 2040 2870 sas
2095 2831 2294 2886 praeses
2341 2817 2406 2869 ad
2462 2831 2749 2870 murorum
2799 2813 3150 2868 relecuionem
3201 2813 3266 2866 ad
3315 2819 3530 2879 tempus

1948 2910 2193 2966 derivare
2223 2911 2414 2980 possit,
2443 2909 2643 2964 dicitur
2675 2908 2767 2962 lib.
2797 2906 2920 2961 cod.
2963 2906 3018 2960 ll
3053 2945 3068 2970 ,
3101 2905 3185 2959 tit.
3226 2904 3314 2968 41,
3345 2901 3432 2967 4:2,
3460 2900 3531 2955 45

1948 3015 2004 3062 et
2028 3003 2116 3060 46.
2161 3003 2268 3067 Tit,
2297 3005 2388 3069 45,
2412 3005 2554 3059 tollit
2583 3003 2891 3075 spectacula
2933 3003 3316 3073 gladiatorum.

2024 3093 2176 3151 CAP.
2205 3093 2393 3148 XXIII.
2418 3125 2486 3135 —
2511 3093 2584 3149 De
2620 3096 2849 3164 furibus,
2876 3095 3235 3164 sepulcrorum
3268 3089 3532 3160 expilato-

1948 3189 2116 3255 ribus,
2149 3199 2197 3246 et
2223 3187 2538 3243 latronibus.

2391 3279 2584 3332 Basilii
2610 3294 2835 3332 canones
2869 3277 2960 3339 6i,
2995 3276 3083 3331 66.

2025 3375 2114 3429 6i.
2173 3371 2278 3439 Qui
2334 3373 2548 3426 furatus
2609 3379 2712 3436 est,
2777 3370 3047 3439 siquidem
3107 3376 3299 3438 sponte
3358 3364 3535 3433 poeni-

1951 3467 2122 3522 tentia
2171 3474 2355 3528 notus,
2418 3466 2657 3534 seipsum
2709 3461 3016 3527 accusarit;
3087 3474 3292 3513 annum
3337 3472 3367 3510 a
3421 3456 3533 3510 sola

1953 3563 2426 3614 sacramentorum
2455 3553 2848 3608 communione
2895 3550 3208 3608 arcebitur:
3237 3547 3320 3602 sin
3352 3557 3533 3600 autem

1952 3649 2237 3705 convictus
2284 3647 2468 3713 fuerit,
2507 3661 2682 3700 annos
2737 3646 2898 3701 duos.
2944 3643 3224 3697 Dividetur
3269 3648 3451 3694 autem
3483 3637 3534 3692 ei

1954 3755 2170 3814 tempus
2193 3745 2246 3796 in
2285 3740 2712 3797 substrationem
2754 3748 2809 3795 et
2843 3738 3291 3794 consistentiam:
3326 3743 3380 3789 et
3406 3743 3536 3788 tunc

1954 3835 2342 3891 communione
2379 3833 2578 3903 dignus
2613 3832 2899 3886 habeatur.

2023 3927 2116 3983 65.
2147 3926 2250 3993 Qui
2302 3941 2456 3980 suam
2519 3925 2574 3979 in
2623 3925 2910 3979 brutorum
2962 3921 3255 3978 concubitu
3328 3917 3525 3988 impie-

1950 4031 2113 4079 tatem
2147 4019 2459 4088 conﬁtetur,
2497 4018 2640 4074 idem
2689 4028 2904 4089 tempus
2952 4017 3008 4072 in
3052 4016 3369 4087 poenitentia
3423 4027 3530 4070 ser-

1949 4118 2123 4175 vabit.

2241 4299 2482 4372 Gregorii
2515 4295 2744 4368 Nysseni
2779 4311 3000 4350 canones
3033 4294 3096 4361 6,
3128 4297 3180 4359 7,
3215 4295 3269 4349 8.

2026 4393 2078 4449 6.
2099 4392 2280 4447 Altera
2320 4399 2498 4446 autem
2548 4387 2864 4442 idololatriae
2899 4387 3104 4455 species
3141 4387 3242 4457 (sic
3272 4383 3415 4439 enim
3449 4383 3534 4439 di-

1952 4486 2115 4540 vinus
2153 4482 2444 4553 Apostolus
2482 4479 2763 4534 avaritiam
2785 4478 3123 4546 appellat"),
3147 4475 3334 4530 nescio
3398 4490 3536 4545 quo-

253 4573 362 4625 οὐκ
385 4567 504 4625 οἶδα
535 4573 684 4636 ὅπως
720 4573 1097 4645 ἀθεράπευτον
1129 4573 1234 4625 ὑπὸ
1263 4573 1370 4626 τῶν
1403 4574 1662 4644 Πατέρων
1684 4575 1716 4645 ἡ
1728 4574 1841 4642 μῶν

1958 4577 2120 4633 modo
2149 4579 2357 4644 absque
2387 4575 2494 4628 ulla
2528 4589 2699 4643 pmna'.
2731 4571 2936 4624 medela
2966 4585 2994 4622 a
3024 4567 3275 4622 Patribus
3307 4578 3534 4637 pra-ter-

254 4662 581 4734 περιώφθη⁶
619 4665 799 4720 καίτοι
830 4683 894 4734 γε
937 4665 1089 4718 δοκεῖ
1127 4665 1187 4717 τὸ
1234 4665 1475 4720 τοιοῦτον
1514 4665 1704 4728 κακὸν,
1747 4666 1845 4735 τῆς

253 4757 490 4828 τριττῆς
517 4760 576 4811 ἐν
603 4762 668 4830 τῇ
713 4760 857 4830 ψυχῇ
887 4759 1277 4822 καταστάσεως
1323 4759 1497 4822 πάθος
1526 4755 1668 4813 εἶναι
1697 4775 1711 4789 ·
1747 4758 1844 4810 καὶ

255 4851 421 4920 γάρό
458 4851 720 4921 λογισμὸς
754 4852 848 4920 τῆς
884 4850 978 4904 τοῦ
1016 4851 1182 4904 καλοῦ
1214 4851 1448 4922 κρίσεως
1488 4852 1841 4922 ἁμαρτάνων,

257 4944 323 4996 ἐν
350 4946 417 5013 τῇ
453 4943 551 5014 ῦλῃ
581 4944 644 4996 τὸ
677 4941 840 4997 καλὸν
871 4940 1008 4998 εἶναι
1038 4945 1391 5014 φαντάζεται,
1426 4945 1485 4997 οὐ
1520 4944 1657 5016 πρὸς
1678 4943 1842 4999 ἄῦλον

258 5036 588 5091 ἀναϐλέπων
619 5038 816 5102 κάλλος
843 5055 858 5070 ·
908 5041 1002 5092 καὶ
1033 5040 1065 5110 ή
1101 5039 1368 5108 ἐπιθυμία
1397 5038 1530 5111 πρὸς
1579 5041 1647 5094 τὰ
1699 5039 1848 5092 κάτω

263 5132 372 5204 ῥεῖ,
413 5128 510 5182 τοῦ
541 5129 773 5200 ἀληθοῦς
800 5130 1028 5200 ὀρεκτοῦ
1075 5131 1424 5202 ἀπορρέουσα
1451 5147 1464 5160 ·
1502 5131 1596 5184 καὶ
1631 5131 1662 5201 ἡ
1699 5130 1849 5199 φιλό-

260 5221 445 5284 νεικός
479 5239 539 5274 τε
576 5223 670 5275 καὶ
701 5221 961 5293 θυμώδης
1001 5222 1240 5287 διάθεσις
1281 5223 1482 5288 πολλὰς
1518 5225 1582 5277 ἐκ
1614 5223 1712 5294 τῆς
1743 5241 1851 5276 τοι⁶

263 5311 444 5382 αὐτης
490 5313 769 5382 ἁμαρτίας
821 5314 920 5374 τὰς
973 5314 1230 5384 ἀφορμὰς
1285 5312 1598 5383 λαμϐάνει·
1647 5315 1742 5366 καὶ
1788 5313 1881 5364 τὸ,

261 5403 388 5458 ὅλον
435 5406 614 5457 εἰπεῖν
647 5407 930 5475 συμφωνεῖ
973 5407 1006 5477 ἠ
1044 5405 1267 5477 τοιαύτη
1312 5407 1466 5470 νόσος
1508 5406 1586 5478 τῷ
1619 5409 1850 5460 ἀποστο-

263 5497 406 5569 λικῷ
437 5501 535 5570 τῆς
584 5498 900 5564 πλεονεξίας
952 5499 1064 5570 ὅρῳ
1089 5514 1103 5527 ⁸
1132 5500 1160 5551 ὁ
1193 5500 1303 5570 γὰρ
1335 5499 1478 5562 θεῖος
1531 5498 1852 5563 Ἀπόστολος

266 5591 332 5646 οὐ
389 5591 551 5662 μόνον
620 5593 790 5664 αὐτὴν
845 5591 1282 5662 εἰδωλολατρίαν,
1334 5591 1471 5646 ἁλλά
1537 5592 1632 5645 καὶ
1695 5590 1854 5662 ῥίζαν

270 5685 494 5740 πάντων
523 5687 634 5740 τῶν
683 5686 870 5739 κακῶν
921 5686 1240 5757 ἀπεφήνατο
1263 5702 1278 5716 ο
1317 5687 1412 5741 καὶ
1455 5686 1606 5757 ὅμως
1648 5684 1708 5738 τὸ
1738 5701 1852 5738 τοι·

340 5869 388 5902 δ’
435 5865 594 5923 Prov.
637 5867 812 5934 mea.
892 5870 937 5901 ³ο
965 5866 1160 5938 Ephes.
1187 5884 1238 5938 v,
1265 5867 1313 5926 5.

1952 4674 2119 4726 missa
2167 4670 2258 4724 sit.
2303 4667 2466 4736 Atqui
2513 4667 2612 4718 hoc
2645 4664 2848 4717 malum
2896 4661 3113 4730 quidem
3161 4660 3373 4714 videtur
3415 4675 3536 4716 esse

1951 4766 2115 4819 trium
2147 4762 2314 4816 animi
2344 4759 2804 4815 constitutionum
2837 4755 3071 4810 all‘ectio.
3108 4754 3249 4808 Nam
3284 4762 3337 4808 et
3369 4754 3530 4817 ratio,

1951 4857 2019 4912 ab
2054 4857 2171 4926 ejus
2207 4854 2352 4926 quod
2394 4853 2680 4923 pulchrum
2711 4859 2794 4904 est
2819 4849 3059 4920 judicio,
3092 4850 3386 4915 aberrans,
3414 4863 3535 4902 esse

1951 4949 2004 5003 in
2051 4949 2276 5002 materia
2323 4945 2467 5016 quod
2516 4943 2802 5013 pulchrum
2846 4952 2929 4997 est
2968 4943 3278 5006 existimat,
3314 4957 3420 4993 non
3466 4939 3533 4993 ad

1954 5040 2412 5112 pulchritudinem
2460 5053 2491 5092 a
2536 5036 2760 5090 materia
2806 5044 3110 5103 stiparatam
3153 5033 3451 5100 aspiciens,
3481 5041 3535 5085 et

1955 5135 2287 5189 desiderium
2321 5132 2386 5186 ad
2416 5146 2479 5185 ea
2509 5144 2630 5200 qua:
2659 5137 2786 5183 sunt
2819 5125 3072 5180 inferiora
3118 5125 3434 5188 inclinatur,
3467 5124 3536 5178 ab

1957 5245 2022 5285 eo
2047 5229 2192 5299 Quod
2219 5243 2344 5282 vere
2373 5238 2456 5280 est
2483 5223 2843 5294 expetendum
2876 5220 3140 5274 dilabens.
3170 5216 3292 5271 Jam
3325 5232 3452 5272 vero
3485 5227 3538 5272 et

1959 5320 2301 5375 contentiosa
2333 5319 2687 5384 anin.osaqne
2713 5315 2908 5367 animae
2938 5311 3151 5365 alfcctio
3185 5325 3251 5363 ex
3281 5313 3382 5364 hoc
3412 5326 3539 5379 pec-

1957 5423 2079 5467 cato
2108 5409 2272 5482 464
2297 5411 2495 5463 multas
2527 5409 2844 5463 ercasioncs
2881 5404 3096 5474 accipit.
3124 5402 3190 5457 Et
3226 5412 3282 5456 ut
3323 5404 3374 5456 in
3415 5406 3537 5456 uni-

1954 5517 2172 5556 versum
2207 5501 2416 5562 dicam,
2449 5499 2536 5553 hic
2569 5499 2791 5552 morbus
2819 5511 2942 5551 cum
2968 5494 3263 5564 apostolica
3289 5491 3538 5547 avaritia:

1955 5592 2271 5648 deﬁnitione
2306 5590 2598 5645 consentit.
2632 5589 2854 5644 Divinus
2900 5587 3042 5642 enim
3082 5585 3374 5657 Apostolus
3412 5598 3534 5636 eam

1955 5701 2064 5742 non
2104 5685 2278 5742 solum
2319 5682 2708 5747 idololatriam,
2741 5684 2834 5738 sed
2872 5683 3036 5738 etiam
3076 5679 3320 5734 omnium
3362 5675 3534 5730 malo-
