3870 6290
496 271 602 337 959

1631 277 1895 338 ΡΗΟΤΙΙ
1933 277 2069 337 ΡΑΤ

2179 272 2438 337 ARCHAS
2465 276 2574 339 CP.
3626 285 3709 349 960

493 399 614 437 rum
653 382 889 438 radicem
931 385 1397 454 pronuntiavit";
1438 391 1492 439 et
1530 392 1709 439 tamen
1754 388 1867 441 hrec
1902 384 2069 440 morbi

2186 384 2343 438 οὕτον
2397 380 2536 447 εἶδος
2593 382 2864 455 παρώφθη
2923 383 3025 453 τῆς
3072 384 3230 438 νόσου
3284 383 3639 445 ἀνεπίσκεπτόν
3662 414 3709 449 τε

490 477 722 547 species,
748 478 1152 533 inconsiderata
1181 488 1235 534 et
1260 479 1466 548 absque
1490 478 1600 533 ulla
1631 478 1747 548 ejus
1779 494 1913 533 cura
1944 495 2080 549 prte-

490 570 741 624 terrnissa
772 579 855 625 est
882 589 896 626 :
924 586 1034 642 quo
1060 572 1137 634 lit,
1164 580 1221 625 ut
1249 572 1337 626 hic
1367 572 1591 627 morbus
1620 573 1779 627 valde
1806 574 1857 626 in
1895 574 2083 627 Eccle-

489 663 567 716 sia
601 663 895 729 redundet,
922 674 974 718 et
1010 680 1171 719 nemo
1208 664 1260 717 in
1322 666 1389 723 iis
1454 664 1546 734 qui
1582 665 1646 717 ad
1680 666 1885 720 clerum
1913 666 2082 719 addu-

488 764 712 818 cuntur,
781 756 1038 825 inquirit,
1106 772 1235 809 num
1282 757 1373 823 qui
1418 772 1480 809 eo
1526 757 1847 813 idololatria
1886 774 2081 827 genere

489 847 681 914 polluti
709 847 839 901 sint.
871 848 974 901 Sed
1004 849 1068 901 tle
1098 849 1163 903 iis
1196 848 1438 917 quidem,
1471 850 1729 918 quoniam
1762 850 1814 905 id
1844 867 1873 905 a
1905 850 2081 906 Patri—

492 938 594 993 bus
648 943 1079 1010 praetermissum
1128 952 1211 996 est
1261 941 1508 996 sullicere
1555 944 1812 998 existimo
1862 947 2076 1015 publica

489 1032 752 1087 doctrinae
791 1034 1029 1097 ratione,
1059 1049 1120 1087 ea
1158 1034 1435 1101 quomodo
1476 1034 1591 1088 tieri
1629 1046 1805 1106 potest
1849 1052 2074 1103 curare,

489 1126 654 1179 veluti
685 1127 949 1195 quosdam
980 1129 1201 1182 morbos
1226 1144 1290 1181 ex
1320 1128 1617 1197 repletione
1640 1137 1810 1193 ortos,
1835 1129 2079 1200 inexple-

491 1217 619 1273 bilis
645 1219 887 1272 avaritiae
917 1219 1233 1274 aﬂ‘ectiones
1268 1220 1513 1273 oratione
1545 1230 1859 1290 purgantes.
1888 1220 2075 1275 Solum

491 1322 673 1367 autem
705 1312 931 1377 furtum,
961 1323 1014 1367 et
1041 1312 1420 1383 sepulcrorum
1442 1309 1878 1377 etfossionem,et
1908 1314 2076 1368 sacri-

487 1404 687 1475 legium
719 1406 844 1460 vitia
877 1407 1286 1469 existimamus,
1317 1405 1461 1473 quod
1500 1404 1579 1458 sic
1617 1420 1644 1456 a
1688 1406 1907 1458 Patrum
1945 1421 2075 1459 con-

486 1499 769 1565 sequentia
792 1541 805 1561 ,
836 1500 950 1553 hmc
990 1499 1146 1553 nobis
1185 1498 1400 1551 traditio
1440 1495 1576 1550 facta
1613 1497 1702 1550 sit.
1729 1496 1892 1565 Atqui
1931 1498 2073 1568 apud

487 1590 729 1643 divinam
771 1591 1109 1661 Scripturam
1150 1603 1202 1649 et
1240 1596 1396 1649 fenus
1431 1603 1484 1650 et
1521 1610 1688 1650 usura
1726 1606 1855 1651 sunt
1890 1598 2075 1667 prohi-

486 1684 617 1749 bita,
654 1694 707 1739 et
738 1702 832 1757 per
861 1690 1153 1757 quamdam
1197 1690 1521 1758 potentiam,
1554 1692 1618 1746 ad
1660 1706 1814 1748 suam
1854 1708 2075 1763 posscs-

487 1776 700 1833 sionem
750 1779 921 1836 aliena
979 1782 1294 1850 traducere,
1340 1784 1555 1839 etiamsi
1606 1785 1709 1839 sub
1759 1796 2072 1841 contractus

488 1877 584 1922 aut
630 1870 1014 1926 transactionis
1063 1873 1244 1941 specie
1290 1874 1394 1930 hoc
1444 1875 1679 1930 fortasse
1724 1874 1928 1930 factum
1977 1877 2067 1930 sit.

489 1961 758 2025 Quoniam
791 1977 921 2031 ergo
955 1979 1054 2017 nos
1081 1965 1299 2032 quidem
1335 1968 1399 2021 ad
1433 1982 1703 2022 canonum
1743 1976 2067 2036 potestatem

489 2054 888 2123 asSequendam
918 2056 1020 2110 (ide
1053 2057 1199 2129 digni
1234 2074 1342 2114 non
1381 2076 1600 2127 sumus,
1632 2062 1683 2116 in
1728 2062 1819 2128 iis,
1849 2078 1971 2132 qua:
2003 2078 2069 2118 ex

486 2147 742 2204 confesso
776 2150 1045 2220 prohibita
1080 2161 1238 2220 sunt,
1271 2155 1589 2208 canonicam
1625 2155 1950 2209 sententiam
1983 2156 2067 2210 di-

484 2239 587 2293 ctis
635 2237 747 2308 jam
797 2240 1141 2311 adjiciemus.
1190 2242 1466 2298 Dividitur
1514 2253 1695 2299 autem
1753 2244 1958 2300 furtum
2012 2246 2067 2301 in

484 2329 830 2386 latrocinium
886 2349 978 2387 seu
1032 2333 1527 2404 deprmdationem,
1574 2346 1628 2389 et
1676 2337 1728 2389 in
1785 2352 2065 2391 murorum

483 2422 859 2479 eﬂ'ossionetn.
889 2426 1033 2481 Idem
1077 2437 1257 2481 autem
1299 2430 1585 2498 utriusque
1619 2438 1702 2483 est
1736 2430 2064 2495 institutum,

487 2514 743 2571 videlicet
771 2518 947 2572 aliena
975 2517 1191 2572 auferre
1233 2535 1246 2572 :
1285 2518 1337 2572 in
1378 2519 1562 2573 animo
1591 2527 1769 2573 autem
1804 2520 2065 2589 ipsorum,

484 2623 680 2678 magna
725 2620 807 2665 est
849 2609 988 2665 inter
1032 2626 1091 2673 se
1127 2610 1452 2665 diﬂ‘erentia.
1488 2611 1651 2665 Latro
1693 2612 1868 2675 enim,
1901 2613 2065 2666 etiam

483 2702 840 2757 homicidium
880 2704 947 2759 ad
984 2705 1035 2757 id
1075 2705 1220 2774 quod
1259 2707 1443 2759 studet
1472 2706 1689 2774 assequi
1722 2707 1971 2769 assumit,
1999 2705 2068 2759 ad

484 2795 537 2850 id
570 2806 794 2865 paratus
821 2805 876 2851 et
904 2797 1095 2859 armis,
1121 2807 1169 2851 et
1202 2797 1397 2866 copiis,
1420 2807 1473 2850 et
1502 2800 1909 2866 opportunitate
1940 2797 2065 2863 loci,

483 2889 620 2944 adeo
653 2898 712 2942 ut
744 2888 790 2943 is
830 2890 1229 2943 homicidarum
1264 2888 1471 2958 judicio
1509 2890 1852 2959 subjiciatur,
1887 2891 1931 2945 si
1974 2907 2070 2961 per

482 2981 859 3050 ptenitentiam
897 2981 963 3035 ad
998 2980 1160 3052 465
1198 2981 1290 3035 Dei
1331 2980 1630 3036 Ecclesiam
1664 2998 1917 3037 reversus
1948 2981 2068 3037 fue-

2184 477 2531 549 ἀτημέλητον
2556 496 2571 510 ·
2637 478 2719 531 διὸ
2757 479 2850 531 xui.
2890 477 3177 541 πλεονάζει
3228 476 3370 530 κατὰ
3392 477 3485 541 τὰς
3519 480 3713 557 Ἐκκλη-

2183 570 2308 633 σίας
2336 570 2397 623 τὸ
2449 570 2691 623 τοιοῦτον
2724 569 3070 641 ἀρρώστημα
3096 586 3110 599 ·
3141 573 3238 622 καὶ
3280 569 3447 633 οὐδεὶς
3491 573 3602 637 τοὺς
3640 580 3714 631 ἐπὶ

2181 664 2274 715 τὸν
2306 662 2505 735 κλῆρον
2564 664 2865 733 ἀγομένους
2920 662 3372 733 περιεργάζεται,
3408 662 3478 732 μή
3520 680 3623 728 πως
3653 670 3715 739 τῷ

2184 755 2416 827 τοιούτῳ
2455 756 2586 809 εἴδει
2645 757 2746 826 τῆς
2804 754 3220 825 εἰδωλολατρίας
3276 755 3715 827 κατεμιάνθησαν·

2181 849 2319 903 ἀλλά
2359 849 2487 921 περὶ
2542 850 2641 920 μὲν
2674 848 2883 903 τούτων
2939 848 3026 902 διὰ
3060 847 3121 901 τὸ
3177 848 3467 916 παρεῖσθαι
3498 852 3599 913 τοῖς
3628 855 3718 907 Πα-

2179 942 2374 1011 τράσιν
2409 943 2585 1012 ἡμῶν,
2649 943 2841 1013 ἀρκεῖν
2893 941 3201 1012 ἡγούμεθα,
3257 940 3335 1011 τῷ
3385 941 3611 1014 δημοσίῳ
3641 950 3718 1017 τῆς

2179 1034 2528 1098 διδασκαλίας
2586 1034 2752 1106 λόγῳ,
2788 1037 2935 1100 ὅπως
2968 1036 3032 1089 ἂν
3085 1032 3197 1089 οἶόν
3240 1052 3297 1087 τε
3336 1030 3395 1109 ᾖ,
3442 1035 3719 1106 θεραπεύειν

2179 1128 2370 1200 ὥσπερ
2421 1130 2543 1182 τινὰ
2575 1128 2720 1201 πάθη
2756 1129 3082 1201 πληθωρικά
3111 1132 3211 1192 τὰς
3239 1129 3611 1188 πλεονεκτικὰς
3639 1133 3721 1201 ἀρ-

2180 1222 2437 1295 ρωστίας,
2469 1222 2559 1276 διὰ
2595 1222 2688 1276 τοῦ
2722 1223 2877 1292 λόγου
2914 1222 3311 1292 καθαίροντος·
3354 1222 3518 1292 μόνην
3562 1223 3613 1275 δὲ
3645 1224 3721 1296 τὴν

2178 1316 2387 1389 κλοπὴν
2421 1317 2515 1371 καὶ
2565 1316 2959 1388 τυμϐωρυχίαν
2992 1318 3088 1370 κα)⁵
3137 1317 3236 1385 τὴν
3269 1315 3570 1386 ἱεροσυλίαν
3605 1319 3721 1389 πάθη

2177 1413 2493 1483 νομίζομεν,
2527 1412 2614 1466 διὰ
2653 1412 2712 1465 τὸ
2743 1410 2916 1476 οὕτως
2957 1413 3019 1464 ὲκ
3048 1412 3148 1481 τῆς
3189 1409 3295 1463 τῶν
3330 1410 3583 1479 Πατέρων
3622 1411 3722 1464 tim-

2176 1503 2417 1568 λουθίας,
2452 1505 2551 1574 τὴν
2591 1504 2888 1576 παράδοσιν
2916 1506 3047 1575 ἡμῖν
3073 1502 3202 1573 πεῲ⁵
3239 1501 3434 1555 τούτου
3473 1502 3720 1570 γενέσθαι·

2176 1596 2353 1651 καίτοι
2385 1613 2448 1665 γε
2482 1597 2632 1668 παρά
2660 1598 2758 1667 τῆς
2802 1596 2952 1660 θείας
2982 1596 3228 1667 Γραφῆς,
3257 1595 3351 1649 καὶ
3369 1595 3397 1647 ὁ
3426 1593 3723 1665 πλεονασμὸς

2177 1691 2270 1744 καὶ
2302 1692 2329 1744 ὁ
2357 1690 2538 1755 τόκος,
2568 1690 2675 1743 τῶν
2704 1689 3097 1761 ἀπειρημένων
3125 1690 3246 1742 ἐστὶ
3277 1688 3373 1741 καὶ
3413 1688 3475 1741 τὸ
3511 1674 3570 1742 ἐκ
3602 1688 3724 1743 δυνα-

2176 1784 2363 1846 στείας
2392 1779 2537 1844 me;
2583 1785 2648 1852 τῇ
2714 1782 2823 1853 ἰδία
2864 1783 3054 1852 κτήσει
3094 1783 3471 1853 προσαγαγεῖν
3508 1781 3571 1835 τὰ
3598 1781 3724 1835 ἀλλόο

2173 1893 2320 1947 τρια,
2350 1874 2455 1927 κᾶν
2493 1876 2551 1927 ἐν
2593 1877 2945 1946 προσχήματι
3003 1875 3392 1943 πραγματείας
3424 1873 3485 1925 τὸ
3525 1872 3724 1926 τοιοῦτον

2173 1968 2312 2038 τύχῃ
2351 1966 2635 2038 γινόμενον
2666 1982 2681 1999 ο
2739 1965 2925 2037 ἐπειδὴ
2975 1966 3157 2019 τοίνυν
3220 1966 3281 2019 τὸ
3342 1965 3469 2019 καθ’
3500 1966 3634 2036 ἡμᾶς
3663 1968 3724 2031 εἰς

2174 2060 2428 2126 ἐξουσίαν
2468 2060 2712 2113 κανόνων
2737 2059 3076 2124 ἀξιόπιστον,
3097 2058 3198 2130 τὴν
3224 2058 3448 2112 ἐπὶτῶν
3470 2057 3724 2128 ὁμολογου-

2178 2155 2356 2225 μένως
2410 2152 2884 2225 ἀπηγορευμένων
2938 2150 3233 2221 κανονικὴν
3278 2150 3468 2221 κρίσιν
3501 2150 3594 2220 ἤδη
3636 2152 3724 2215 τοῖς

2174 2246 2486 2318 εἰρημένοις
2538 2244 2955 2315 προσθήσομεν·
3010 2242 3263 2313 διῄρηται
3303 2244 3336 2312 ἡ
3379 2242 3555 2312 κλοπὴ
3590 2242 3659 2306 είς
3678 2260 3723 2295 τε

2172 2338 2429 2410 λῃστείαν
2462 2338 2558 2391 καὶ
2588 2339 2667 2400 εἰς
2696 2336 3060 2407 τοιχωρυχίαν
3086 2355 3100 2369 ο
3138 2335 3231 2388 καὶ
3258 2330 3339 2399 εἷς
3378 2334 3482 2405 μὲν
3526 2335 3609 2386 ἐπ’
3636 2335 3723 2404 dp-

2174 2432 2417 2501 φοτέρων
2450 2430 2674 2496 σκοπὸς,
2705 2431 2738 2501 ἡ
2768 2429 2876 2482 τῶν
2898 2430 3195 2499 ἀλλοτρίων
3220 2429 3519 2498 ἀφαίρεσις
3542 2442 3557 2456 '
3586 2427 3723 2499 πολλὴ

2171 2525 2393 2578 δὲκατά
2436 2522 2536 2594 τὴν
2590 2523 2818 2593 γνώμην
2863 2522 3042 2575 αὐτῶν
3090 2524 3123 2592 ἡ
3158 2521 3294 2591 πρὸς
3340 2520 3600 2591 ἀλλήλους
3630 2522 3723 2574 ἐστὶ

2171 2617 2407 2687 διαφορά
2432 2631 2447 2645 °
2482 2618 2510 2669 ό
2548 2615 2646 2685 μὲν
2672 2615 2781 2683 γὰρ
2808 2613 3032 2687 λῃστὴς,
3068 2614 3164 2666 καὶ
3195 2612 3291 2683 τὴν
3330 2613 3637 2682 μιαιφονίαν
3662 2613 3724 2675 εἰς

2174 2708 2494 2779 συμμαχίαν
2528 2707 2623 2761 τοῦ
2655 2707 3092 2777 σπουδαζομένου
3132 2704 3573 2776 παραλαμϐάνει,
3615 2705 3724 2772 πρὸς

2172 2800 2304 2854 αὐτὸ
2336 2799 2493 2853 τοῦτο
2520 2797 3085 2869 παρασκευαζόμενος
3106 2795 3200 2848 καὶ
3221 2794 3411 2856 ὅπλοις
3454 2795 3546 2846 καὶ
3586 2792 3723 2845 πολυ-

2171 2893 2353 2965 χειρίᾳ
2386 2892 2481 2944 καὶ
2511 2893 2621 2951 τοῖς
2645 2889 2957 2960 ἐπικαίροις
2983 2888 3091 2941 τῶν
3115 2889 3295 2940 τόπων
3319 2904 3332 2918 ·
3360 2885 3506 2938 ὥστε
3531 2885 3614 2936 τὸν
3633 2900 3724 2936 τοι-

2170 2985 2326 3040 οῦτον
2355 2984 2434 3055 τῷ
2466 2984 2693 3054 κρίματι
2721 2982 2827 3036 τῶν
2859 2980 3203 3051 ἀνδροφόνων
3235 2979 3569 3046 ὑπάγεσθαι,
3597 2974 3725 3028 είδιὰ

482 3075 575 3128 rit.
603 3071 703 3139 Qui
733 3083 912 3126 autem
944 3074 1129 3127 latenti
1162 3074 1433 3128 ablatione
1454 3115 1467 3139 ,
1500 3074 1604 3128 sibi
1636 3075 1874 3129 alienum
1904 3092 2066 3131 usur-

2179 3077 2537 3150 μεταμελείας
2572 3074 2765 3128 ἑαυτὸν
2798 3073 2935 3144 πρὸς
2967 3074 3065 3141 τὴν
3103 3069 3437 3139 Ἐκκλησίαν
3482 3068 3573 3123 τοῦ
3614 3067 3725 3120 Θεοῦ

474 3154 605 3236 'pat,
641 3165 686 3219 si
728 3165 923 3219 deinde
966 3182 1063 3234 per
1101 3166 1530 3220 enuntiationem
1574 3176 1858 3236 peccatum
1901 3184 2062 3224 suum

482 3258 751 3316 sacerdoti
784 3259 1084 3327 aperuerit,
1116 3260 1232 3313 vitii
1272 3259 1450 3315 studio
1481 3259 1533 3313 in
1569 3261 1907 3316 contrarium
1940 3279 2064 3318 mu-

481 3360 596 3408 tato
640 3351 1016 3420 mgritudinem
1061 3351 1272 3405 curabit
1320 3367 1333 3403 :
1383 3351 1504 3407 dico
1555 3363 1732 3407 autem
1787 3354 2062 3425 largiendo

481 3461 602 3516 qua:
629 3444 791 3499 habet
818 3444 1151 3514 pauperibus
1170 3483 1184 3507 ,
1214 3454 1304 3507 ut,
1334 3443 1461 3498 dum
1494 3459 1615 3514 quae
1645 3446 1809 3500 habet
1835 3447 2062 3516 profun-

482 3538 592 3603 dit,
625 3552 685 3593 se
718 3537 786 3591 ab
821 3536 1063 3591 avaritiae
1100 3536 1290 3590 morbo
1323 3537 1553 3591 liberum
1584 3548 1767 3607 aperte
1793 3542 2059 3595 ostendat.

483 3630 578 3686 Sin
624 3640 803 3685 autem
853 3629 987 3684 nihil
1032 3629 1178 3683 aliud
1223 3638 1583 3699 praeterquam
1634 3632 1811 3686 solum
1861 3648 2061 3702 corpus

482 3723 711 3786 habeat,
737 3721 889 3792 jubet
918 3720 1216 3789 Apostolus
1245 3736 1339 3790 per
1370 3722 1608 3775 laborem
1638 3724 1978 3793 corporalem
2010 3723 2061 3778 ei

481 3815 678 3869 morbo
705 3812 927 3869 mederi.
950 3812 1214 3867 Dictionis
1243 3823 1422 3867 autem
1450 3815 1521 3868 ita
1547 3814 1708 3868 habet
1732 3825 2017 3871 contextus
2046 3835 2059 3871 :

484 3906 595 3973 Qui
622 3906 856 3976 furatur,
882 3921 983 3959 non
1013 3906 1240 3974 amplius
1270 3905 1479 3974 foretur
1502 3922 1520 3959 :
1549 3907 1637 3959 sed
1660 3909 1833 3976 potius
1863 3908 2063 3963 laboret

485 4000 677 4056 bonum
706 4015 948 4069 operans,
974 4008 1029 4051 ut
1058 3999 1224 4069 possit
1252 4000 1299 4052 ei
1329 3998 1515 4068 largiri
1541 4001 1630 4070 qui
1660 4000 1857 4071 indiget
1880 4002 1948 4057 ⁸⁸.

557 4273 610 4329 7.
647 4272 1034 4345 Sepulcrorum
1063 4283 1246 4329 autem
1276 4274 1512 4339 elIossio,
1536 4283 1665 4342 etc.,
1694 4291 1751 4330 ιιι
1783 4293 1905 4348 pag.
1937 4277 2063 4333 811.

555 4367 609 4421 8.
644 4366 998 4438 Sacrilegium
1030 4377 1235 4436 autem,
1263 4376 1399 4432 etc.,
1420 4378 1475 4421 ut
1502 4383 1623 4439 pug.
1653 4368 1779 4423 814.

558 4458 701 4530 Lege
751 4475 873 4529 quae
933 4459 1192 4513 adnotata
1251 4470 1380 4514 sunt
1438 4460 1490 4513 in
1547 4475 1667 4530 cap.
1729 4462 1843 4531 27,
1896 4463 1979 4517 tit.
2038 4465 2071 4521 9
2106 4475 2149 4529 D

485 4552 773 4623 prwsentis
825 4552 1027 4621 operis.
1092 4551 1308 4607 Textus.
1367 4551 1444 4607 De
1504 4553 1815 4609 latronibus
1872 4554 2072 4611 dicitur

486 4644 584 4699 lib.
622 4660 812 4706 xum,
839 4644 923 4698 tit.
961 4643 1051 4707 19,
1084 4644 1288 4714 Digest.
1320 4644 1390 4699 28
1421 4662 1433 4699 :
1459 4644 1562 4712 Qui
1599 4646 1878 4715 praedandi
1907 4663 2073 4703 causa

488 4752 847 4809 aggressuras
880 4736 1110 4804 faciunt,
1153 4739 1363 4795 similes
1404 4749 1534 4795 sunt
1557 4740 1889 4795 latronibus.
1924 4741 1992 4796 Et
2028 4741 2074 4797 si

488 4846 610 4884 cum
643 4829 793 4884 ferro
826 4830 880 4885 id
923 4829 1146 4896 faciant,
1178 4841 1231 4885 et
1276 4831 1497 4900 sapius,
1557 4843 1720 4900 atque
1772 4832 1825 4886 in
1876 4833 2077 4887 itineri-

489 4920 613 4985 bus,
649 4921 830 4992 capite
860 4921 1166 4991 puniuntur
1196 4938 1210 4976 :
1246 4922 1425 4977 caeteri
1460 4922 1512 4975 in
1545 4922 1801 4977 exsilium
1848 4923 2078 4977 mittun—

494 5022 602 5077 tur,
651 5023 747 5068 aut
797 5014 1171 5083 deportantur.
1224 5012 1445 5068 Famosi
1490 5030 1640 5079 vero,
1695 5014 1892 5085 quibus
1942 5015 2078 5070 locis

495 5104 809 5159 latrocinati
862 5116 1013 5168 sunt,
1061 5106 1214 5160 furca
1253 5107 1519 5177 ﬁguntur,
1573 5116 1669 5161 aut
1712 5122 1835 5162 cum
1888 5106 2078 5162 bestiis

495 5197 829 5267 depugnant.
860 5195 1104 5253 Mirabile
1135 5197 1445 5270 [quiddam]
1471 5199 1547 5252 ait
1576 5208 1753 5254 const.
1785 5199 1840 5265 Ξ,
1870 5202 1952 5254 tit.
1990 5200 2072 5267 l8,

496 5291 591 5347 lib.
628 5306 702 5345 vn
737 5290 859 5345 eod.
919 5290 987 5345 de
1033 5293 1310 5347 latronum
1364 5291 1571 5347 familia
1626 5308 1820 5362 nempe
1853 5293 2075 5347 descen-

500 5384 769 5451 dentibus,
806 5399 874 5439 ex
920 5384 1208 5455 largitione
1264 5386 1569 5455 principali,
1625 5387 1707 5440 vel
1755 5386 2080 5442 auctoritate

454 5454 669 5562 )iiscali
701 5480 878 5536 servis
910 5454 1094 5544 factis,
1128 5454 1367 5534 interimi
1398 5480 1725 5535 libertatem.

573 5748 657 5802 “l
688 5748 1025 5817 Timoth.v1,
1058 5750 1137 5805 l0.
1218 5753 1261 5784 ⁵³
1286 5751 1486 5821 Ephes.
1511 5766 1581 5817 tv,
1605 5752 1695 5804 ‘28.

2180 3172 2554 3240 ὲπαναγάγοι·
2589 3171 2618 3222 ὁ
2642 3170 2698 3222 δὲ
2734 3169 2802 3222 δι’
2835 3168 3177 3237 ὑφαιρέσεως
3214 3163 3587 3232 λανθανούσης
3621 3179 3726 3231 σφεα

2175 3264 2523 3337 τεριζόμενος
2554 3264 2615 3317 τὸ
2649 3263 2948 3331 ἀλλότριον,
2992 3256 3110 3312 εἶτα
3160 3259 3224 3311 δι’
3260 3256 3659 3327 ὲξαγορεύσεως
3680 3253 3728 3304 τὺ

2178 3356 2561 3429 πλημμέλημα
2606 3353 2799 3407 ἑαυτοῦ
2842 3352 2919 3421 τῷ
2952 3352 3090 3421 ἱερεῖ
3134 3349 3479 3420 φανερώσας,
3535 3349 3597 3417 τῇ
3624 3344 3730 3414 περὶ

2176 3448 2237 3500 τὸ
2268 3449 2509 3501 ἐναντίον
2549 3445 2639 3499 τοῦ
2666 3445 2871 3507 πάθους
2900 3443 3128 3514 σπουδῇ,
3163 3439 3495 3512 θεραπεύσει
3537 3438 3629 3508 τὴν
3655 3439 3728 3508 ἀῤ-

2179 3540 2437 3611 ρωστίαν,
2466 3539 2610 3607 λέγω
2641 3538 2697 3590 δὲ
2728 3536 2818 3589 διά
2840 3535 2932 3588 τοῦ
2963 3536 3029 3588 τὰ
3051 3534 3326 3605 προσόντα
3357 3531 3618 3603 παρέχειν
3640 3532 3731 3592 toi;

2178 3632 2426 3699 πένησιν,
2459 3630 2545 3682 ἵνα
2576 3628 2651 3699 τῷ
2679 3627 2943 3698 προέσθαι
2986 3626 3021 3679 ἆ
3056 3625 3187 3693 ἕχει,
3239 3621 3492 3693 φανερῶς
3532 3620 3729 3687 γένηται

2178 3724 2503 3795 καθαρεύων
2557 3726 2658 3794 τῆς
2711 3722 2853 3775 κατὰ
2898 3717 3215 3781 πλεονεξίαν
3250 3716 3411 3768 νόσου
3437 3730 3450 3743 ·
3504 3715 3551 3765 εί
3579 3712 3731 3764 δὲκαὶ

2184 3817 2350 3888 μηδὲν
2384 3815 2517 3886 ἔχοι,
2568 3815 2725 3885 μόνον
2756 3812 2812 3864 δὲ
2838 3811 2897 3864 τὸ
2939 3810 3098 3880 σῶμα
3128 3808 3264 3878 ἔχοι,
3301 3806 3563 3859 κελεύειό
3597 3802 3730 3855 Ἀπό-

2182 3910 2367 3971 στολος
2394 3908 2481 3961 διὰ
2507 3905 2602 3959 τοῦ
2634 3899 2949 3974 σωματικοῦ
2976 3901 3166 3963 κόπου,
3194 3899 3255 3951 τὸ
3279 3897 3521 3951 τοιοῦτον
3542 3896 3731 3963 ἐξιὰσα-

2181 4000 2309 4055 σθαι
2342 3999 2542 4060 πάθοςο
2572 3995 2684 4065 ἔχει
2715 3995 2770 4047 δὲ
2794 3995 2827 4065 ἡ
2848 3992 2993 4059 λέξις
3010 3990 3182 4055 οὕτως
3202 4008 3215 4021 ·
3266 3989 3328 4042 '0
3359 3989 3729 4053 κλέπτων-μη-

2182 4092 2309 4146 κέτι
2362 4087 2682 4151 κλεπτέτω,
2729 4086 2973 4155 μᾶλλον
2998 4082 3065 4136 δὲ
3092 4081 3350 4135 κοπιάτω
3370 4078 3729 4148 ἐργαζόμενος

2181 4182 2246 4235 τὸ
2268 4179 2512 4249 ἀγαθὸν,
2535 4178 2633 4231 ἵνα
2653 4177 2765 4245 ἔχῃ
2782 4175 3159 4246 μεταδιδόναι
3176 4171 3256 4238 τῷ
3274 4176 3487 4241 χρείαν
3525 4169 3725 4238 ἔχοντι.

2253 4272 2323 4339 ζ’.
2361 4272 2426 4324 Ἠ
2455 4271 2512 4325 δὲ
2542 4262 2915 4341 τυμϐωρυχία,
2936 4280 2990 4318 κ.
3021 4283 3071 4321 τ.
3103 4266 3154 4320 λ.

2249 4365 2324 4439 η’.
2363 4366 2428 4419 Ἠ
2459 4364 2517 4418 δὲ
2549 4360 2836 4434 ἱεροσυλία,
2860 4378 2914 4415 κ.
2943 4377 2995 4413 τ.
3015 4358 3068 4414 λ.

2267 4452 2572 4522 Ἀνάγνωθι
2625 4450 2695 4504 τὰ
2756 4447 3277 4520 παραγεγραμμένα
3311 4447 3369 4498 ὲν
3407 4445 3483 4516 τῷ
3522 4442 3725 4507 κζ’κεφ.

2171 4548 2265 4603 τοῦ
2291 4545 2335 4601 0'
2379 4547 2486 4601 τίτ.
2519 4543 2615 4596 τοῦ
2665 4541 2933 4611 παρόντος
2980 4540 3358 4608 συντάγματος
3381 4553 3395 4567 ο
3422 4538 3545 4606 περὶ
3562 4534 3616 4587 δὲ
3649 4533 3728 4604 λῃ-

2177 4639 2315 4693 στῶν
2338 4640 2550 4710 εἴρηται
2581 4634 2719 4705 βιϐλ.
2758 4631 2871 4705 μη’,
2904 4632 3008 4687 τίτ.
3038 4629 3125 4696 ιϐ’,
3156 4630 3297 4684 διάτ.
3332 4628 3445 4701 κη’,
3480 4630 3555 4683 ὅτι
3576 4628 3621 4680 οἱ
3649 4625 3729 4686 τὰς

2179 4732 2404 4802 ἐφόδους
2452 4727 2731 4790 ποιοῦντες
2764 4726 2853 4778 διὰ
2896 4725 2954 4777 τὸ
2982 4723 3334 4795 προοδεῦσαι,
3388 4722 3591 4775 ἐοίκασι
3636 4720 3729 4778 τοῖς

2175 4826 2435 4900 λῃσταῖς
2469 4821 2566 4875 καὶ
2620 4820 2714 4873 ὲάν
2746 4816 2906 4870 τοῦτο
2949 4816 3087 4887 μετὰ
3132 4815 3357 4885 σιδήρου
3406 4813 3612 4874 ποιῶσι,
3654 4809 3727 4861 καὶ

2176 4915 2458 4978 πολλάκις,
2486 4912 2584 4967 καὶ
2632 4913 2688 4964 ὲν
2724 4912 2843 4972 ταῖς
2877 4909 3037 4975 ὁδοῖς,
3086 4909 3167 4970 εἰς
3211 4906 3459 4978 κεφαλὴν
3504 4902 3728 4965 κολάζον-

2176 5029 2266 5065 ται
2288 5026 2302 5040 ’
2333 5010 2381 5062 οἱ
2408 5007 2465 5061 δὲ
2490 5005 2668 5060 λοιποὶ
2700 5003 3065 5074 ὲξορίζονται,
3091 5001 3122 5071 ἢ
3153 4998 3660 5070 δεπορτατεύονται·
3689 4993 3727 5042 οἱ

2177 5104 2234 5157 δὲ
2258 5101 2575 5172 περιϐόητοι
2626 5093 3072 5168 φουρκίζονταιῆ
3105 5091 3533 5163 θηριομαχοῦσιν
3572 5090 3626 5139 ὲν
3664 5080 3728 5146 οἷς

2184 5192 2517 5264 ὲλῄστευσαν
2546 5190 2731 5252 τόποις
2753 5205 2765 5219 ·
2807 5185 3110 5257 παράδοξον
3138 5184 3193 5236 δέ
3245 5202 3433 5254 φησιν,
3464 5183 3491 5251 ἡ
3606 5178 3723 5230 διάτ.

2181 5284 2276 5338 τοῦ
2309 5281 2376 5355 ιη’
2405 5281 2512 5336 τίτ.
2548 5278 2645 5334 τοῦ
2680 5280 2723 5346 ζ’
2750 5279 2889 5351 βιὸλ.
2925 5278 3016 5331 τοῦ
3065 5276 3219 5343 κώδ.,
3252 5276 3335 5328 ὅτι
3360 5278 3472 5338 τοῖς
3500 5268 3608 5326 οὖσι
3649 5269 3727 5334 τῆς

2182 5376 2450 5449 φαμιλίας
2477 5375 2586 5431 τῶν
2614 5373 2849 5445 λῃστῶν,
2880 5374 2973 5426 καὶ
3004 5373 3067 5425 ἐκ
3092 5370 3378 5443 βασιλικῆς
3400 5359 3725 5438 φιλοτιμίαςῆ

2182 5471 2470 5534 αὐθεντίας
2519 5468 2612 5522 τοῦ
2661 5468 2854 5539 φίσκου
2885 5465 3195 5539 γενομένοις
3250 5463 3477 5529 δούλοις,
3520 5457 3724 5530 ἀρνεῖται

2180 5568 2214 5638 ἡ
2262 5564 2571 5634 ἐλευθερία.
