3870 6290
463 318 571 383 903

1639 314 1902 377 PHOTII
1932 315 2044 376 PA'.

2172 315 2439 377 ARCHIE
2468 316 2579 378 (ΣΡ.
3594 321 3681 385 964

465 434 641 487 aliave
685 428 842 503 [qua]
897 428 1125 485 materia
1180 429 1358 485 victus
1410 426 1576 483 fuerit
1634 444 1741 481 non
1808 437 2041 484 tenetur.

2172 445 2240 480 ,ου
2293 427 2501 499 ἡττηθῇ
2532 425 2838 500 θερμιοιςῆ
2880 427 3045 500 ἑτέρᾳ
3094 425 3214 502 ὕλῃ,
3249 428 3349 483 οὒκ
3391 431 3687 489 ἁπαιτείταιν

464 525 717 595 Episcopi
753 521 984 597 [autem]
1017 522 1224 578 auxilio
1258 521 1575 593 praesidum,
1620 529 1837 590 patrum
1885 529 2050 591 atque

461 614 811 669 defensorum
854 613 906 666 in
938 612 1045 667 hoc
1093 609 1405 682 inquirendi
1459 608 1774 663 facultatem
1823 608 2045 665 habent.

461 706 874 778 Proindem
894 705 1179 777 μονόὸολον
1195 705 1477 769 duntaxat,
1496 712 1549 757 et
1573 700 2045 772 κοντομονόὸολον,

460 811 516 855 et
562 801 821 853 κυντανὸν
858 800 1100 853 κόντακα
1155 798 1270 852 sive
1320 797 1508 861 ﬁbula,
1549 804 1604 851 et
1650 795 1951 867 περιχυτὴν
1994 806 2049 851 et

463 892 715 961 ἱππικὴν,
765 892 881 945 sine
913 892 1037 944 dolo
1083 898 1250 959 atque
1307 888 1523 942 callidis
1564 887 2047 943 adinventionibus

459 984 649 1038 ludere
698 993 782 1037 est
828 982 1058 1035 licitum.
1117 980 1196 1035 Ac
1249 980 1406 1035 valde
1459 980 1680 1050 quidem
1739 980 1935 1034 divites
1992 979 2044 1033 in

460 1093 630 1131 unum
692 1076 929 1130 solidum
980 1088 1316 1144 unaquaque
1365 1074 1709 1143 appositione
1771 1072 1966 1127 ludunt
2027 1092 2041 1127 :

458 1170 653 1237 reliqui
691 1184 821 1243 vero
854 1170 907 1221 in
947 1168 1120 1221 multo
1154 1168 1357 1221 minus.
1392 1164 1498 1237 [In]
1533 1166 1677 1235 quod
1709 1175 1891 1220 autem
1925 1181 2045 1220 am-

458 1262 600 1331 plius
629 1260 834 1332 [lusum
870 1259 998 1332 est],
1030 1276 1135 1314 non
1177 1259 1436 1331 exigitur,
1472 1269 1527 1313 et
1551 1259 1740 1313 datum
1774 1259 2041 1313 redditur.

460 1353 664 1409 Harum
722 1354 928 1425 [autem
991 1352 1199 1425 rerum]
1261 1368 1449 1407 curam
1504 1353 1710 1407 habent
1763 1351 2041 1421 praesides,

458 1460 620 1518 atque
653 1448 840 1502 decem
890 1448 1154 1501 librarum
1194 1447 1365 1501 multa
1420 1446 1695 1501 incumbit
1735 1454 2042 1515 transgres-

456 1541 675 1595 soribus
714 1550 768 1595 et
812 1541 1303 1609 transgressionem
1362 1540 1823 1609 permittentibus.
1850 1537 2041 1595 Const.

453 1645 584 1683 vero
616 1632 649 1684 2
684 1630 929 1698 ejusdem
963 1632 1045 1683 tit.
1082 1628 1159 1682 ait
1192 1646 1205 1681 :
1242 1628 1427 1700 Neque
1464 1630 1660 1700 ligneis
1692 1630 2042 1699 equestribus

457 1720 779 1795 [quomodo]
836 1730 1124 1786 vocantur,
1174 1737 1350 1791 neque
1392 1722 1560 1776 alium
1612 1719 2038 1793 [quemcunque]

2148 515 2259 573 τῶν
2289 521 2611 574 ἐπισκόπων
2635 520 2825 575 ἄδειαν
2854 522 3089 591 ἐχόντων
3125 522 3298 577 ταῦτα
3343 523 3539 594 ζητεῖν,
3582 527 3690 601 βοη.

2151 612 2385 667 θούντων
2443 611 2630 676 αὐτοῖς
2686 612 2795 666 τῶν
2856 614 3119 684 Πατέρων
3163 614 3257 667 καὶ
3309 614 3574 685 ἀρχόντων
3616 617 3697 673 καὶ

2148 706 2417 759 ἐκδίκων·
2479 705 2643 777 μόνον
2698 705 2755 759 δὲ
2821 705 3038 769 παίζειν
3082 705 3259 770 ἔξεστι
3302 707 3569 778 μονίὸολον
3612 712 3693 763 καὶ

2148 795 2610 866 κονδομονίϐολον,
2652 795 2750 851 καὶ
2798 797 3105 865 κυῖντανὸν,
3157 796 3250 850 καὶ
3280 798 3512 851 κόνδακα
3552 803 3695 873 χωρὶς

2147 888 2246 957 τῆς
2275 888 2471 959 ὁρπῆς,
2509 890 2603 943 καὶ
2640 889 2960 962 περιχύτην,
2978 890 3084 981 ἔα).
3115 890 3340 945 ἱππικὸν
3365 893 3490 946 ἄνευ
3534 896 3700 965 τέχνης

2148 980 2244 1033 καὶ
2278 980 2525 1043 ἐπινοίας
2550 997 2563 1011 ·
2602 982 2697 1035 καὶ
2730 984 2780 1033 οἱ
2806 982 2906 1052 μὲν
2932 980 3139 1053 σφόδρα
3185 981 3453 1045 πλούσιοι,
3493 983 3600 1047 ἐνὸς
3629 1003 3701 1038 νο-

2150 1073 2424 1142 μίσματος
2458 1074 2695 1144 ἑκάστην
2719 1074 2970 1127 σύνθεσιν
2999 1074 3289 1138 παίζουσιν
3308 1090 3324 1106 ⁸
3368 1076 3418 1127 οἱ
3446 1075 3499 1128 δὲ
3525 1075 3699 1143 λοιποὶ,

2148 1167 2290 1219 πάνυ
2323 1167 2545 1237 ἥττονος
2566 1182 2580 1197 ο
2609 1168 2669 1219 τὸ
2692 1167 2747 1219 δὲ
2781 1166 2944 1221 πλέον
2991 1168 3297 1235 ἀπαίτησιν
3338 1168 3437 1220 οὐκ
3470 1168 3593 1237 ἔχει,
3624 1172 3703 1223 καὶ

2146 1258 2419 1328 διδόμενον
2454 1260 2554 1312 οὐκ
2579 1260 2888 1313 ἀποδίδοται
2912 1275 2926 1289 ·
2967 1259 3257 1332 προνοοῦσι
3298 1259 3502 1312 τούτων
3538 1262 3583 1313 οἱ
3621 1262 3702 1331 ἀρε

2146 1367 2351 1420 χοντες,
2374 1351 2505 1405 δέκα
2526 1351 2725 1423 λιτρῶν
2750 1352 2942 1421 ποινῆς
2958 1353 3314 1422 ἐπικειμένης
3334 1353 3446 1414 τοῖς
3469 1354 3705 1420 παραϐαί-

2147 1457 2349 1507 νουσιν,
2373 1442 2405 1513 ἢ
2432 1442 2775 1514 συγχωροῦσι
2802 1443 3261 1511 παραϐαίνεσθαι·
3286 1446 3321 1512 ἡ
3340 1444 3395 1496 δὲ
3421 1441 3463 1512 β’
3482 1444 3609 1497 διὰτ.
3628 1445 3704 1497 τοῦ

2145 1533 2310 1586 αὐτοῦ
2333 1535 2438 1589 τίτ.
2456 1536 2643 1604 φησὶν,
2662 1535 2741 1587 ὅτι
2763 1533 2884 1587 οὗτε
2897 1536 3007 1599 τοῖς
3024 1534 3386 1604 καλουμένοις
3404 1534 3619 1600 ξυλίνοις
3632 1537 3706 1586 ἱπ-

2145 1629 2346 1691 πικοῖς,
2368 1624 2492 1681 οὔτε
2510 1628 2645 1700 ἄλλῃ
2660 1628 2853 1700 κυδείᾳ
2874 1629 3090 1693 παίζειν
3108 1628 3307 1696 ἔξεστι,
3329 1628 3470 1698 πλὴν
3492 1628 3586 1680 τῶν
3604 1632 3703 1681 ἐπι-

2143 1719 2462 1788 τραπέντων
2487 1722 2545 1773 ἐν
2564 1724 2631 1793 τῇ
2662 1721 3011 1795 προλαὸούσῃ
3040 1722 3182 1778 διάτ.
3220 1721 3317 1775 καὶ
3345 1722 3395 1773 οί
3425 1722 3571 1773 τόποι
3602 1722 3701 1774 καθ’

455 1817 586 1869 aleae
615 1815 802 1868 ludum
832 1812 918 1869 fas
950 1824 1033 1869 est
1063 1814 1250 1868 ludere
1280 1832 1293 1869 :
1335 1827 1696 1885 praeterquam
1735 1814 1804 1868 iis
1833 1829 1955 1884 qua:
1986 1815 2038 1867 in

2175 1807 2235 1871 ὓς
2256 1811 2315 1863 ἐν
2338 1814 2450 1875 τοῖς
2473 1812 2735 1878 τοιούτοις
2756 1814 2999 1876 ἱππικοῖς
3012 1814 3268 1879 παίζουσι
3288 1814 3536 1885 δημόσιοι
3555 1816 3705 1881 γίνον-

454 1906 796 1977 przeccdente
827 1905 1223 1960 constitutione
1254 1906 1520 1975 permissa
1550 1916 1700 1960 sunt.
1733 1902 2037 1976 [Alioquin]

454 2008 509 2053 et
542 2000 662 2053 loca
710 2000 761 2052 in
807 2000 1009 2068 quibus
1055 1997 1371 2067 bujusmodi
1415 1999 1764 2067 equestribus
1809 1997 2037 2064 luditur,

454 2091 674 2161 publica
732 2091 891 2156 ﬁunt,
946 2098 1001 2145 et
1050 2091 1173 2144 data
1227 2090 1592 2144 restituuntur
1640 2107 1654 2145 :
1712 2100 1806 2145 aut
1850 2091 1896 2144 si
1944 2089 2042 2158 qui

454 2185 745 2251 dederunt,
795 2184 1047 2252 recipere
1082 2183 1282 2247 nolint,
1341 2198 1435 2249 per
1478 2181 1790 2252 praefectum
1824 2193 1877 2237 et
1914 2198 2042 2250 pro-

454 2276 760 2330 vinciarum
822 2276 1081 2345 praesides
1150 2277 1465 2344 exiguntur,
1532 2283 1697 2344 atque
1753 2274 2038 2329 civitatum

459 2369 719 2437 operibus
747 2367 1120 2435 applicantur.

524 2478 678 2533 CAP.
708 2475 967 2532 XXX.—
997 2476 1074 2531 De
1104 2476 1471 2541 dwmoniacis,
1515 2484 1607 2529 aut
1637 2474 1692 2529 id
1732 2474 2042 2530 simulanti-

455 2570 571 2625 bus.

900 2679 1269 2743 Apostolorum
1298 2694 1467 2731 canon
1499 2677 1588 2733 79.

530 2792 617 2848 79.
673 2792 731 2847 Si
778 2792 903 2862 quis
962 2792 1264 2846 daemonem
1316 2791 1535 2854 habeat,
1602 2804 1671 2844 ne
1731 2787 1826 2844 ﬁat
1881 2790 2044 2844 cleri-

457 2900 579 2952 cus,
610 2895 740 2951 ctc.,
774 2896 829 2939 ut
862 2903 986 2956 pag.
1016 2886 1141 2939 505.

774 2979 999 3033 Concilii
1029 2978 1335 3031 wcutneniri
1369 2994 1418 3031 v1
1447 2994 1613 3032 canon
1640 2978 1727 3032 60.

531 3070 620 3123 60.
680 3068 817 3125 Cum
858 3070 1057 3124 clamet
1108 3071 1421 3138 Apostolus,
1472 3070 1618 3140 quod
1667 3070 1756 3140 qui
1810 3068 2037 3123 Domitio

2149 1918 2262 1966 ται,
2298 1904 2391 1957 καὶ
2420 1905 2489 1958 τὰ
2517 1905 2768 1977 διδόμενα
2796 1906 3134 1961 ἀποδίδονται
3163 1923 3177 1939 ⁶
3208 1907 3242 1977 ἢ
3279 1907 3359 1979 μὴ
3405 1905 3707 1976 βουλομένων

2150 1992 2442 2046 ἀναλαϐεῖν
2453 1995 2561 2048 τῶν
2570 1995 2901 2063 δεδωκότων,
2918 1998 3273 2052 ἀπαιτοῦνται
3284 1998 3379 2051 διὰ
3391 1995 3480 2050 τοῦ
3497 1998 3705 2067 ἐπάρχου

2152 2085 2249 2139 καὶ⁵
2282 2086 2389 2139 τῶν
2414 2088 2694 2158 ἀρχόντων
2723 2089 2832 2143 τῶν
2872 2090 3177 2163 ἐπαρχιῶν,
3220 2092 3321 2147 καὶ
3358 2090 3705 2163 προσκυροῦνο

2153 2195 2245 2233 ται
2269 2181 2382 2242 τοῖς
2408 2179 2590 2250 ἔργοις
2612 2181 2720 2235 τῶν
2744 2182 2976 2238 πόλεων.

2227 2474 2480 2529 ΚΕΦΑΛ.
2531 2474 2872 2546 Α’.-Περὶ
2929 2477 3433 2550 δαιμονιζομένων
3482 2477 3513 2546 ἢ
3551 2492 3708 2548 προσ-

2166 2568 2557 2638 ποιουμένων.

2592 2680 2967 2736 Ἀποστόλων
2991 2682 3193 2736 κανὼν
3217 2681 3315 2738 οϐ’.

2227 2786 2323 2843 00'.
2388 2787 2514 2843 Ἐάν
2547 2806 2630 2855 τις
2658 2790 2888 2861 δαίμονα
2928 2790 3026 2861 ἔχῃ
3067 2790 3354 2861 κληρικὸς,
3392 2790 3467 2862 μὴ
3494 2789 3707 2859 γινέσθω,

2162 2898 2213 2938 ιι.
2238 2898 2289 2935 τ.
2325 2881 2376 2936 λ.

2319 2977 2593 3031 Συνόδου
2636 2977 3058 3047 υίκουμενικῆς
3087 2978 3265 3046 ἕκτης
3288 2976 3492 3031 κανὼν
3512 2975 3569 3041 ξ’.

2223 3068 2286 3137 ξ’.
2326 3069 2434 3124 Τοῦ
2465 3070 2766 3123 ἀποστόλου
2812 3070 3062 3141 βοῶντος,
3091 3072 3172 3125 ὅτι
3202 3073 3235 3125 ὁ
3257 3072 3629 3141 κολλώμενος
3650 3068 3712 3136 τῷ

458 3166 717 3230 adhaeret,
750 3180 884 3218 unus
908 3174 984 3218 est
1009 3166 1226 3233 spiritus
1257 3165 1306 3195 ⁸³
1334 3183 1347 3229 ;
1383 3164 1591 3218 clarum
1635 3175 1739 3227 est,
1773 3164 1918 3233 quod
1951 3162 2043 3233 qui

2172 3163 2345 3230 ΐυρίῳ
2383 3160 2454 3216 ἐν
2474 3161 2721 3233 Πνεῦμὰ
2751 3161 2904 3229 ἐστι,
2923 3163 3191 3234 πρόδηλον
3218 3162 3290 3226 ὡς
3314 3162 3411 3217 καὶ
3436 3166 3463 3216 6
3490 3164 3564 3233 τῷ
3588 3164 3712 3215 ἐναν-

459 3258 626 3313 etiam
667 3273 791 3312 cum
837 3262 1111 3311 contrario
1170 3257 1271 3309 init
1315 3256 1740 3310 f.nni|iatitatctn
1800 3273 1864 3310 ac
1904 3271 2041 3310 con-

460 3351 829 3415 suetudinem,
864 3365 987 3404 Clllll
1040 3350 1132 3403 illo
1165 3350 1558 3419 conjunctione
1606 3364 1776 3403 unum
1807 3351 1899 3403 sit.
1933 3346 2040 3403 Eos

458 3460 612 3516 ergo,
659 3446 755 3515 qui
797 3459 855 3498 se
887 3444 1135 3497 daemone
1165 3453 1441 3512 correptos
1475 3457 1597 3497 esse
1651 3444 1935 3512 simulant,
1987 3451 2045 3498 et

466 3553 681 3593 morum
724 3536 1072 3606 improbitate
1110 3552 1297 3590 eorum
1332 3536 1559 3605 ﬁguram
1594 3546 1648 3590 et
1681 3536 1926 3590 habitum
1963 3535 2041 3589 si-

468 3631 669 3684 mulate
694 3644 804 3700 prae
834 3644 892 3683 se
923 3628 1124 3692 lerunt,
1160 3629 1334 3681 visum
1364 3638 1445 3681 est
1475 3628 1793 3681 omnimodo
1821 3626 2042 3697 puniri;

460 3733 515 3779 et
549 3723 818 3793 ejusmodi
860 3721 1254 3776 afﬂictionibus
1307 3721 1694 3789 laboribusque
1718 3734 1813 3774 eos
1845 3720 2045 3789 subjici

461 3827 733 3886 Oportere,
769 3817 971 3885 quibus
1021 3815 1058 3868 ii
1106 3814 1200 3884 qui
1254 3829 1379 3868 vere
1429 3829 1457 3867 a
1503 3814 1751 3867 dannone
1808 3812 2049 3885 correpti

461 3919 612 3984 sunt,
669 3922 726 3965 ut
781 3925 812 3963 a
858 3909 1125 3963 daemonis
1173 3907 1494 3978 operatione
1554 3907 1878 3973 liberentur,
1919 3906 2049 3977 jure

463 4003 865 4076 subjiciuntur.

782 4113 1045 4170 Timothei
1074 4128 1297 4167 canones
1330 4110 1385 4178 2,
1421 4111 1473 4177 5,
1511 4111 1597 4177 14,
1632 4109 1718 4166 16.

526 4224 910 4296 Interrogatio.
946 4222 1002 4277 Si
1064 4220 1494 4277 catechumenos
1522 4236 1552 4275 a
1587 4221 1836 4276 daemone
1872 4220 2044 4276 corri-

460 4320 663 4391 piatur,
698 4326 830 4382 etc.,
853 4326 908 4369 ut
938 4333 1059 4385 pag.
1094 4315 1221 4369 6‘27.

533 4411 698 4484 469
740 4410 1044 4480 Responsio.
1097 4407 1156 4462 Si
1199 4408 1248 4464 is
1301 4407 1395 4478 qui
1433 4421 1466 4461 a
1510 4406 1755 4461 daemone
1805 4404 2041 4477 corripi-

464 4518 572 4573 tur,
603 4516 734 4576 ctc.,
752 4516 809 4560 ut
836 4522 958 4575 pag.
980 4507 1124 4575 i697.

539 4598 918 4667 Interrogatio.
950 4596 1006 4650 Si
1039 4594 1161 4665 quis
1192 4608 1318 4649 cum
1354 4590 1425 4648 sit
1459 4590 1658 4657 ﬁdelis,
1681 4602 1813 4654 ctc.,
1843 4598 1899 4642 ut
1924 4605 2050 4661 pag.

463 4691 588 4749 607.

530 4782 838 4853 Responsio.
888 4779 946 4835 Si
997 4778 1321 4850 mysterium
1369 4791 1477 4832 non
1530 4774 1798 4841 enuntiet,
1829 4783 1961 4841 ctc.,
1996 4783 2054 4828 ut

500 4896 586 4932 aa.
624 4876 749 4932 607.

500 4896 529 4932 a
572 4919 586 4932 .
624 4881 749 4933 607.

462 4897 495 4951 ρ
534 4896 913 5040 ἔίιιιεννοριιιὶο.
974 4966 1028 5021 Si
1061 4966 1209 5038 quis,
1258 4981 1384 5020 cum
1415 4964 1501 5021 sui
1550 4978 1776 5036 compos
1829 4977 1938 5017 non
1966 4976 2052 5017 es-

463 5078 567 5132 εει,
602 5076 655 5119 ut
679 5082 802 5135 pag.
835 5063 959 5117 (3M.

521 5159 831 5228 Responsio.
888 5154 1003 5210 lloc
1048 5152 1209 5208 debet
1248 5150 1484 5208 clericus
1539 5151 1890 5218 discernere,
1919 5158 2053 5215 ctc.,

469 5264 524 5307 ut
558 5268 680 5322 pag.
705 5249 833 5305 614.

536 5344 915 5413 Interrogatio.
950 5342 1007 5397 Si
1051 5342 1286 5413 alicujus
1330 5353 1469 5396 uxor
1501 5339 1697 5409 spiritu
1740 5337 2058 5414 corripitur,

468 5449 528 5494 ut
554 5437 761 5493 ferreos
806 5436 968 5489 etiam
1014 5436 1305 5504 compedes
1335 5442 1529 5505 gestet,
1557 5436 1640 5485 vir
1674 5441 1855 5485 autem
1884 5430 2048 5497 dicat,

468 5547 576 5587 non
599 5544 822 5601 possum
848 5528 1149 5593 continere,
1176 5538 1229 5582 et
1253 5529 1381 5583 velit
1403 5526 1564 5582 aliam
1590 5524 1874 5594 accipere;
1896 5522 2080 5580 debet-

466 5637 539 5679 no
564 5622 724 5678 aliam
751 5621 996 5689 accipere
1023 5635 1093 5674 an
1120 5635 1227 5675 non
1253 5619 1276 5672 ἲ

537 5803 632 5859 ⁸⁸1
664 5802 792 5861 (ἴον.
821 5818 894 5867 v1,
926 5801 1010 5858 l7.

2155 3254 2257 3327 τίῳ
2293 3256 2491 3310 ἑαυτὸν
2526 3256 2745 3310 οίκειῶν
2785 3256 2844 3310 ἓν
2874 3257 3085 3324 γίνεται
3127 3259 3194 3327 τῇ
3235 3258 3379 3327 πρὸς
3408 3255 3564 3308 αὐτὸν
3611 3271 3711 3305 συν·

2157 3346 2346 3419 αφείςν
2370 3350 2497 3413 τοὺς
2523 3348 2703 3402 τοίνυν
2724 3347 2987 3420 δαιμονᾷν
3015 3347 3500 3419 ὑποκρινομένους,
3521 3346 3605 3399 καὶ
3622 3345 3715 3415 τρό-

2156 3455 2275 3491 πων
2315 3441 2615 3511 φαυλότητι
2646 3441 3033 3513 προσποιητῶς
3069 3441 3138 3494 τὰ
3186 3441 3419 3494 ἐκείνων
3452 3424 3712 3511 σχηματι-

2157 3531 2439 3602 ξομένους,
2475 3534 2620 3602 ἔδοξε
2657 3535 2844 3607 τρόπῳ
2875 3534 3237 3606 ἐπιτιμᾶσθαι
3288 3535 3481 3599 παντὶ,
3513 3536 3601 3588 καὶ
3623 3551 3713 3585 τοι·

2157 3625 2351 3691 αύταις
2375 3628 2573 3690 αὐτοὺς
2591 3629 3037 3701 σκληραγωγίαις
3060 3630 3155 3684 καὶ
3187 3630 3372 3692 πόνοις
3398 3628 3711 3686 ὑποϐάλλειν,

2158 3712 2240 3782 οἷς
2266 3719 2333 3774 ἂν
2358 3721 2406 3773 οί
2430 3720 2646 3791 ἀληθῶς
2694 3722 3063 3793 δαιμονῶντες
3094 3722 3231 3795 πρὸς
3289 3720 3607 3792 ἀπαλλαγὴν
3632 3719 3713 3788 τῆς

2157 3814 2252 3870 τοῦ
2284 3816 2539 3888 δαίμονος
2564 3816 2845 3888 ἐνεργείας
2864 3816 3028 3881 ἀξίως
3053 3814 3465 3870 ὑποϐάλλοιντο.

2520 4115 2801 4187 Τιμοθέου
2817 4114 3019 4171 κανὼν
3032 4114 3098 4186 β’,
3118 4120 3187 4184 γ’,
3207 4114 3289 4179 ιδ’,
3308 4131 3354 4167 ιε
3374 4153 3391 4169 .

2238 4222 2591 4294 Ἐρώτησις.
2636 4225 2761 4280 Ἐὰν
2786 4222 3233 4296 δαιμονιζόμενός
3260 4238 3345 4285 τις
3396 4216 3705 4292 κατηχούμε-

2167 4312 2327 4391 νοςῇ,
2351 4336 2407 4371 κ.
2439 4336 2487 4372 τ.
2518 4317 2569 4372 λ.

2235 4408 2305 4479 β’.
2340 4409 2710 4479 Ἀπόκρισις,
2755 4408 2884 4464 Ἐὰν
2932 4411 2960 4463 ό
2991 4406 3437 4479 δαιμονιζόμενος
3468 4407 3540 4478 μὴ
3568 4405 3709 4460 καθα-

2088 4528 2133 4586 D
2166 4501 2345 4574 ρισθῇ,
2365 4519 2419 4555 κ.
2451 4520 2501 4559 τ.
2530 4501 2582 4558 λ.

2232 4592 2575 4662 Ἐρώτησις.
2641 4595 2769 4649 Ἐάν
2826 4612 2912 4658 τις
2956 4593 3148 4659 πιστδς
3196 4592 3271 4649 ὢν
3326 4595 3706 4667 δαιμονίζηται,

2163 4702 2220 4738 κ.
2252 4702 2303 4740 τ.
2335 4685 2385 4739 λ.

2234 4781 2305 4845 γ’.
2335 4775 2703 4846 Ἀπόκρισις.
2753 4777 2881 4833 Ἐὰν
2904 4776 2980 4849 μὴ
3002 4776 3306 4850 ὲξαγορεύῃ
3340 4778 3399 4832 τὸ
3423 4779 3703 4851 μυστήριον,

2164 4883 2220 4921 κ.
2253 4883 2304 4921 τ.
2344 4864 2398 4920 λ.

2234 4957 2583 5027 Ἐρώτησις.
2632 4960 2756 5016 Ἐάν
2800 4976 2885 5024 τις
2910 4960 2985 5032 μὴ
3023 4960 3164 5032 ἔχων
3195 4960 3411 5028 ἑαυτὸν,
3442 4979 3497 5019 κ.
3531 4980 3579 5017 τ.
3606 4961 3648 5014 λ.

2236 5145 2316 5199 ιδ’.
2364 5147 2734 5219 Ἀπόκρισις.
2767 5149 3057 5221 Διακρίναι
3117 5150 3327 5221 ὀφείλει
3381 5152 3412 5205 6
3459 5147 3703 5222 κληρικὸςν

2162 5255 2217 5291 κ.
2258 5255 2308 5295 τ.
2353 5239 2401 5294 λ.

2244 5331 2584 5399 Ἐρώτησις.
2648 5333 2772 5386 Ἐάν
2814 5350 2961 5398 τινος
3020 5335 3159 5406 γυνὴ
3212 5339 3520 5409 πνευματιᾷ
3565 5332 3701 5390 πάνυ.

2163 5421 2304 5476 ὥστε
2334 5424 2428 5476 καὶ
2462 5422 2657 5494 σίδηρα
2688 5427 2896 5495 φορεῖν,
2938 5427 2966 5479 6
2998 5426 3138 5496 ἀνὴρ
3172 5426 3229 5480 δὲ
3264 5428 3414 5496 λέγει
3442 5429 3518 5481 ὅτι
3553 5426 3604 5478 οὺ
3628 5421 3699 5474 δύ-

2160 5534 2319 5570 ναται
2376 5518 2827 5587 ἐγκρατεύεσθαι,
2882 5520 2976 5574 καὶ
3039 5518 3183 5577 θέλει
3229 5520 3415 5578 λαϐεῖν
3465 5520 3628 5591 ἄλλην,
3662 5513 3700 5565 εὶ

2158 5607 2363 5678 ὀφείλει
2397 5608 2606 5678 λαϐεῖν,
2640 5608 2675 5680 ἢ
2705 5606 2803 5677 οῦς
