3980 6404
164 386 266 449 965

783 385 1181 447 SYNTAGMA
1221 382 1605 444 CANONUM.
1631 404 1701 416 -
1728 381 1873 441 TlT.
1913 381 2086 456 XIII,
2121 383 2277 443 CAP.
2319 385 2786 444 XXX-XXXIII.

3324 386 3429 448 966

227 507 309 555 ιε’.
340 500 703 569 Ἀπόκρισις.
729 500 960 570 Μοιχείᾳ
988 497 1277 569 μεσολαϐεῖ
1291 496 1353 549 τὸ
1369 494 1745 573 πρᾶγμα,.καὶ

1918 492 2224 563 Responsio.
2260 494 2312 548 In
2349 496 2451 550 hac
2480 511 2536 550 re
2580 496 2800 564 quidem
2830 493 3154 548 adulterium
3199 493 3430 550 interce-

165 586 285 657 περὶ
312 586 507 640 τούτου
550 588 602 639 τί
637 587 1046 657 ἀποκρίνασθαι
1074 588 1172 655 οὑχ
1222 584 1483 655 εὑρίσκω·
1510 583 1650 636 κατά
1688 583 1745 637 δὲ

160 679 543 749 πνευματικὴν
571 678 869 747 ἀπόφασιν,
906 679 1006 730 οὑκ
1034 678 1261 745 ὀφείλει.

226 774 457 845 Εἴρηται
491 772 631 843 βιὸλ.
682 768 723 824 ε’
751 770 847 824 τοῦ
894 771 1052 837 κώδ.,
1100 771 1205 825 τίτ.
1265 778 1329 833 o',
1378 771 1519 825 διάτ.
1565 770 1629 833 δ’,
1660 771 1741 823 ὅτι

168 864 293 918 Ἐὰν
326 866 468 935 γυνὴ
511 865 763 936 μαίνηται
791 863 1118 929 αὑτεξουσία
1164 862 1321 928 οὖσα,
1359 865 1517 933 μόνος
1545 866 1573 917 ό
1606 862 1746 933 ἀνὴρ

155 959 381 1013 δύναται
412 960 651 1028 πέμπειν
694 960 1000 1029 ῥεπούδιονο
1061 961 1122 1012 ἐν
1171 959 1228 1011 δὲ
1262 958 1340 1027 τῷ
1389 956 1472 1026 κβ¹
1522 958 1743 1026 διατάγ.

155 1049 248 1103 τοῦ
288 1048 340 1118 γ’
365 1050 472 1104 τίτ.
519 1050 613 1102 τοῦ
646 1049 723 1103 κδ’
754 1050 894 1120 βιὸλ.
929 1052 1116 1122 φησὶν,
1165 1051 1246 1103 ὅτι
1285 1050 1382 1103 ἐὰν
1438 1051 1467 1102 ὁ
1517 1046 1597 1113 εἷς
1636 1049 1745 1102 τῶν

159 1139 557 1193 συνοικούντων
613 1143 776 1211 μανῇ,
809 1141 970 1203 αὑτὸς
1014 1142 1111 1211 μὲν
1159 1141 1220 1194 οὑ
1252 1140 1474 1194 δύναται
1506 1140 1743 1194 στέλλειν

156 1232 408 1285 διαίσιον·
442 1233 491 1283 εί
520 1231 576 1284 δὲ
611 1234 821 1303 φορητή
863 1234 1011 1286 ἐστιν
1044 1234 1076 1303 ἡ
1111 1233 1298 1302 μανία,
1327 1232 1438 1285 εἴτε
1463 1233 1740 1303 διηνεκὴς,

159 1323 269 1376 εἴτε
308 1326 373 1377 ἐκ
405 1324 834 1395 διαλειμμάτων,
864 1326 966 1377 οὑκ
1002 1325 1259 1392 ὀφείλειὸ
1289 1327 1476 1394 νήφων
1504 1324 1583 1394 τῷ
1619 1342 1743 1393 μαι-

159 1416 370 1487 νομένῳ
401 1417 637 1469 στέλλειν
687 1417 989 1488 ῥεπούδιονο
1027 1419 1074 1469 εί
1118 1418 1175 1470 δὲ
1211 1417 1415 1488 στείλῃ,
1446 1416 1742 1470 ὑποπίπτει

156 1508 270 1568 τοῖς
298 1507 595 1575 ἐπιτιμίοις
628 1507 729 1575 τῆς
754 1508 949 1576 ἀλόγου
979 1508 1327 1572 διαζεύξεως·
1357 1511 1405 1561 εὶ
1434 1508 1490 1561 δέ
1520 1508 1743 1562 ἀνύποι-

158 1599 280 1660 στός
314 1600 464 1651 ἐστιν
505 1601 537 1669 ἡ
576 1600 763 1669 μανία,
792 1600 885 1653 καὶ
910 1601 1009 1653 οὐκ
1036 1600 1181 1653 ἐστιν
1213 1600 1368 1663 ἐλπὶς
1398 1600 1739 1669 ἀνανήψεως,

155 1691 337 1755 ἔξεστι
375 1692 462 1744 διὰ
486 1693 575 1747 τὸν
610 1693 861 1746 ἐντεῦθεν
894 1694 1056 1761 φόϐον
1085 1695 1179 1747 καὶ
1204 1695 1303 1763 τὴν
1326 1693 1621 1763 ἐπιθυμίαν
1645 1692 1739 1745 τοῦ

156 1783 569 1853 παιδοποιήσαι,
613 1784 879 1855 ρεπουδίῳ
908 1785 1053 1838 λύειν
1085 1786 1174 1838 τὸν
1206 1785 1403 1855 γάμον,
1441 1784 1737 1855 μηδετέρου

154 1874 551 1945 ζημιουμένουο
588 1876 636 1928 εί
694 1876 879 1945 μέντοι
930 1876 1005 1947 μὴ
1044 1876 1160 1929 λύει
1190 1877 1387 1947 γάμον,
1414 1876 1551 1928 ἀλλά
1580 1893 1737 1947 περι-

156 1969 349 2036 φρονεῖ
389 1966 583 2036 αὑτῆς,
616 1967 986 2035 ἀναγκάζεται
1023 1968 1112 2021 διά
1159 1968 1253 2021 τοῦ
1294 1968 1555 2039 ἄρχοντος
1580 1968 1740 2038 στρέ-

156 2074 280 2124 φειν
314 2058 509 2129 αὐτὴν,
538 2060 632 2111 καὶ
666 2059 974 2127 φροντίζειν
1005 2059 1103 2128 τῆς
1132 2060 1374 2130 ἰατρείας
1410 2061 1601 2129 αὐτῆς,
1645 2058 1739 2111 καὶ

157 2149 330 2218 μηδὲν
375 2148 707 2219 παραλιπεῖν
748 2148 858 2202 τῶν
901 2148 1055 2219 ἀνδρὶ
1117 2150 1434 2219 πρεπόντων
1495 2149 1631 2220 πρὸς
1679 2150 1741 2201 τὸ

155 2239 327 2291 ποσὸν
348 2237 448 2308 τῆς
476 2238 718 2309 προικός·
741 2241 789 2291 εί
815 2238 869 2291 δὲ
902 2238 1184 2310 σκορπίζει
1218 2241 1318 2310 τὴν
1348 2242 1569 2309 προῖκα,
1601 2256 1739 2309 μεσ-

156 2330 427 2397 εγγυᾶται
462 2330 547 2399 ἐφ’
579 2325 623 2398 ᾧ
655 2335 754 2401 τὴν
786 2332 1020 2399 γυναῖκα
1044 2332 1139 2384 καὶ
1186 2330 1283 2401 τὴν
1336 2331 1605 2401 φαμιλίαν
1643 2332 1744 2383 αὑ-

150 2422 256 2493 τῆς
286 2422 445 2486 ἀξίαν
470 2426 617 2492 σχεῖν
636 2423 884 2477 ἐντεῦθεν
913 2422 1287 2494 παραμυθίαν,
1322 2422 1739 2492 φυλαττομένων

152 2514 269 2567 τῶν
298 2514 359 2578 ἐξ
386 2515 561 2585 ἀρχῆς
604 2513 944 2584 συμφώνωνο
992 2515 1129 2568 ἀλλὰ
1182 2515 1352 2568 ταῦτα
1396 2516 1633 2586 σήμερον
1677 2515 1738 2568 οὑ

157 2606 473 2679 προόαίνει,
507 2604 631 2659 οὔτε
674 2606 763 2658 διά
802 2606 1012 2679 μανίαν
1065 2606 1300 2675 εὐλόγως
1327 2607 1509 2659 λύεται
1542 2607 1738 2677 γάμος,

153 2696 262 2766 τῆς
307 2699 437 2767 περλ⁵
471 2697 769 2767 ῥεπουδίων
820 2698 923 2766 ριζ’
958 2699 1181 2767 νεαρᾶς,
1224 2698 1397 2770 ῥητὰς
1442 2698 1617 2761 αἰτίας
1650 2702 1740 2751 λε-

152 2790 390 2859 γούσης,
415 2790 508 2843 καὶ
541 2789 944 2861 ὑποϐαλλούσης
976 2790 1067 2843 τὸν
1102 2790 1232 2859 παρ’
1263 2789 1430 2852 αὑτάς
1456 2789 1740 2843 στέλλοντα

154 2883 446 2953 ρεπούδιον
492 2886 556 2953 τῇ
588 2882 859 2936 ἐκπτώσει
904 2884 1011 2937 τῶν
1042 2884 1296 2954 γαμικῶν
1326 2881 1617 2937 ἐπιδόσεων
1646 2883 1743 2937 καὶ⁹

152 2975 329 3039 ἄλλας
355 2975 674 3047 ἐπιτιμίοις.

1846 584 1945 650 dit,
1976 601 2080 641 nec
2113 587 2307 651 habeo,
2337 597 2432 641 aut
2462 587 2681 642 invenio
2708 586 2837 656 quid
2864 585 2931 641 de
2955 600 3018 641 ea
3046 586 3423 655 respondeam.

1902 766 2136 822 οΤεωιιιε.
2156 766 2365 823 Dicitur
2396 770 2489 825 lib.
2517 786 2548 823 v
2591 769 2712 829 cod.
2748 770 2835 824 tit.
2860 769 2950 833 70,
2990 779 3171 825 const.
3197 771 3252 835 4,
3282 770 3428 839 quod

1847 856 1892 911 si
1951 857 2146 911 mulier
2193 858 2277 911 sui
2324 858 2468 927 juris
2528 861 2823 914 constituta
2876 860 3082 915 furiosa
3130 863 3223 926 sit,
3277 862 3427 916 solus

1846 947 2074 1003 maritus
2108 950 2393 1017 repudium
2427 951 2646 1005 mittere
2680 952 2871 1019 possit.
2906 950 3110 1021 Digest.
3160 967 3289 1005 vero
3333 953 3425 1013 22.

1846 1040 1931 1095 tit.
1967 1041 2020 1107 5,
2055 1040 2149 1096 lib.
2181 1057 2332 1107 χχιιι,
2363 1044 2439 1096 ait
2470 1061 2483 1098 :
2518 1042 2574 1096 Si
2606 1044 2742 1098 alter
2776 1044 3070 1112 conjugum
3106 1042 3287 1098 furere
3316 1059 3429 1099 cm-

1845 1133 2004 1201 perit,
2038 1132 2156 1203 ipse
2179 1134 2399 1203 quidem
2439 1134 2728 1207 [furiosus]
2760 1138 3012 1191 nuntium
3064 1138 3277 1192 mittere
3315 1154 3424 1192 non

1844 1238 2257 1298 potest:atque
2305 1230 2351 1285 si
2402 1229 2574 1296 furor,
2628 1231 2743 1285 sive
2788 1243 3109 1301 perpetuus,
3165 1233 3280 1287 sive
3331 1248 3428 1302 per

1846 1319 2127 1375 intervalla
2155 1320 2468 1394 [accedens]
2503 1323 2803 1378 tolerabilis
2852 1324 2942 1387 sit,
2974 1340 3151 1393 neque
3198 1339 3427 1393 compos

1844 1412 2043 1465 mentis
2094 1412 2292 1478 fuerit,
2327 1416 2578 1466 nuntium
2644 1414 2858 1468 mittere
2902 1414 3080 1468 debet.
3139 1416 3197 1469 Si
3245 1425 3425 1468 tamen

1845 1502 2077 1568 miserit,
2106 1505 2160 1556 in
2197 1519 2391 1572 pwnas
2440 1505 2631 1573 injusti
2674 1506 2894 1560 divortii
2941 1506 3151 1562 incidit.
3186 1507 3339 1571 Quod
3378 1507 3423 1560 si

1843 1593 1995 1648 furor
2034 1594 2198 1666 470
2241 1596 2601 1653 intolerabilis
2634 1598 2704 1652 sit
2732 1614 2834 1652 nec
2879 1600 2988 1652 ulla
3036 1599 3426 1669 resipiscentize

1843 1700 1969 1755 spes
2026 1688 2266 1754 supersit
2323 1704 2335 1739 :
2394 1697 2615 1756 propter
2667 1687 2869 1741 furoris
2930 1696 3153 1753 metum,
3213 1702 3274 1741 ac
3302 1703 3431 1756 pro-

1845 1777 2091 1832 creanda:
2120 1778 2324 1832 sobolis
2354 1779 2709 1843 desiderium,
2755 1780 2889 1834 citra
2943 1780 3228 1848 utriusque
3271 1781 3425 1832 dam-

1773 1857 1815 1913 Β
1847 1885 2000 1937 num,
2037 1870 2449 1925 matrimonium
2487 1871 2715 1940 repudio
2760 1871 3065 1925 dissolvere
3100 1872 3242 1925 licet.
3281 1869 3425 1924 Sane

1847 1960 1891 2015 si
1928 1958 2205 2031 [maritus]
2238 1961 2648 2015 ιιιοινὶιιιοιιὶυηι
2696 1960 2964 2032 [quidem]
3020 1976 3127 2015 non
3177 1962 3421 2027 dirimat,

1848 2056 1941 2109 sed
1993 2055 2261 2108 furentem
2313 2053 2587 2125 [uxorem]
2624 2056 2859 2124 negligat
2894 2072 2907 2109 :
2944 2056 3298 2125 compellitur
3329 2070 3425 2124 per

1847 2147 2227 2217 magistratum
2286 2147 2588 2201 secundum
2650 2150 2796 2203 dotis
2854 2149 3215 2217 quantitatem
3279 2148 3425 2202 alere

1845 2241 1991 2296 illam
2046 2255 2111 2293 ac
2160 2240 2458 2294 sanandam
2500 2254 2718 2303 curare,
2763 2240 3007 2309 nihilque
3055 2256 3246 2294 eorum
3302 2256 3425 2306 qme

1845 2333 2101 2388 maritum
2137 2330 2438 2403 [praestare]
2483 2332 2796 2396 conveniat,
2837 2335 3269 2401 prmtermittere.
3317 2332 3424 2387 Sed

1846 2423 1893 2477 si
1927 2424 2108 2477 dotem
2149 2422 2395 2492 dissipet.
2433 2430 2813 2491 sequestratur
2846 2421 3010 2493 [illa],
3052 2434 3325 2492 quatenus
3356 2438 3425 2476 ex

1844 2530 1907 2570 ea
1940 2514 2155 2581 mulier,
2192 2516 2419 2584 ejusque
2449 2514 2652 2569 familia
2693 2524 3008 2583 competens
3042 2515 3236 2570 habeat
3272 2517 3422 2571 sola-

1845 2606 1981 2661 tium
2018 2622 2031 2659 :
2068 2605 2352 2661 servandis
2402 2604 2703 2677 [videlicet]
2749 2606 2817 2659 ab
2857 2606 3012 2660 initio
3060 2606 3234 2678 [initis
3268 2607 3425 2660 dota-

1846 2697 2012 2769 libus]
2060 2697 2255 2767 pactis.
2302 2696 2505 2752 Verum
2563 2697 2677 2752 hmo
2728 2698 2889 2752 hodie
2940 2714 3049 2751 non
3103 2698 3426 2766 procedunt,

1845 2805 2020 2860 neque
2040 2798 2260 2859 propter
2284 2789 2522 2843 furorem
2543 2800 2689 2844 recte
2705 2790 3117 2845 matrimonium
3148 2791 3379 2845 solvitur
3409 2807 3421 2841 :

1848 2896 1973 2935 cum
2002 2880 2071 2934 de
2101 2877 2347 2949 repudiis
2381 2878 2595 2933 novella
2627 2879 2725 2933 117
2758 2890 2935 2934 certas
2968 2896 3165 2936 causas
3208 2881 3423 2942 recitet.

1850 2980 2013 3041 atque
2042 2980 2238 3041 praeter
2273 2986 2390 3036 eas,
2422 2972 2711 3040 repudium
2754 2972 3061 3027 mittentem
3104 2974 3427 3042 nuptialium

1850 3064 2318 3141 contributionum
2344 3064 2651 3129 amissioni,
2682 3065 2915 3134 aliisque
2944 3066 3119 3135 pmnis
3148 3067 3425 3133 subjiciat.

235 3181 489 3235 ΚΕΦΔΛ.
511 3179 708 3234 ΛΑ’.-
730 3180 870 3247 Περὶ
909 3180 1129 3234 λαϊκοῦ
1161 3177 1614 3248 ἀφορισθέντος,
1647 3177 1745 3231 καί

1923 3176 2074 3233 CAP.
2127 3177 2321 3233 XXXI.
2347 3207 2418 3217 —
2443 3177 2520 3231 De
2552 3178 2689 3232 laico
2732 3190 3029 3249 segregata,
3066 3181 3157 3249 qui
3198 3192 3431 3251 receptus

160 3274 486 3343 δεχθέγτο(
529 3274 597 3337 ἐξ
653 3272 858 3341 ἑτέρου
908 3273 1067 3340 παρὰ
1112 3272 1354 3342 γνώμην
1406 3270 1513 3325 τοῦ
1543 3271 1745 3338 ἀφορί-

1867 3273 2018 3330 fuerit
2041 3272 2104 3323 ab
2136 3271 2265 3334 alio,
2299 3280 2490 3340 prwter
2533 3271 2849 3326 voluntatem
2895 3273 3009 3341 ejus
3049 3274 3137 3343 qui
3166 3273 3319 3327 illum
3350 3291 3433 3330 se-

155 3382 418 3431 σαντος.

533 3478 909 3532 Ἀποστόλων
942 3478 1146 3533 κανὼν
1175 3478 1263 3548 ιβ’,
1298 3484 1387 3547 ιγ’.

234 3589 327 3660 ιβ’.
360 3588 430 3643 Εἴ
456 3606 541 3653 τις
592 3589 853 3661 κληρικὸς
886 3590 919 3660 ἢ
968 3588 1153 3654 λαῖκὸς
1174 3630 1189 3656 ,
1221 3589 1604 3662 ἀφωρισμένος
1628 3589 1745 3661 ἦτοι

149 3683 414 3746 ἄδεκτος,
448 3700 502 3738 κ,
535 3701 585 3737 τ.
615 3682 665 3737 λ.

235 3768 332 3841 ιγ’.
366 3771 427 3824 El
452 3770 507 3824 δὲ
533 3770 917 3843 ἀφωρισμένος
952 3773 1061 3845 εἴη,
1090 3790 1149 3847 κ.
1181 3791 1235 3828 τ.
1263 3774 1316 3830 λ.

430 3958 699 4014 Συνόδου
737 3959 1103 4029 Ἀντιοχείας
1150 3961 1371 4028 κανὼν,
1410 3965 1484 4025 ς’.

238 4069 321 4137 ς’.
372 4070 441 4125 Ei’
480 4088 563 4135 τις
598 4071 703 4125 ὑπὸ
747 4072 841 4126 τοῦ
881 4073 1012 4126 ἰδίου
1045 4074 1345 4127 ἐπισκόπου
1379 4072 1746 4145 ἀκοινώνητος

159 4164 383 4232 γέγονε,
423 4179 477 4215 κ.
512 4180 561 4215 τ.
592 4162 644 4216 λ.

236 4276 494 4331 ΚΕΦΛΛ.
534 4276 659 4328 AB'.
690 4303 758 4315 —-
782 4275 919 4342 Περὶ
973 4273 1090 4326 τῶν
1120 4275 1186 4327 ἐν
1233 4274 1500 4344 Κυριακῇ
1536 4277 1573 4345 ἣ
1603 4278 1750 4330 Σαϐ-

156 4365 327 4431 ϐάτῳ
344 4367 780 4435 νηστευόντων.

576 4479 954 4534 Ἀποο-τόλων
991 4479 1211 4545 κανὼν,
1259 4478 1351 4544 ξδ’.

1858 3371 2183 3434 gregarerat.

2206 3475 2577 3542 Apostolorum
2608 3493 2832 3531 canones
2866 3477 2952 3541 12,
2992 3479 3079 3533 15.

1929 3589 2015 3644 12.
2055 3588 2111 3643 Si
2145 3590 2269 3660 quis
2319 3590 2553 3645 clericus
2600 3591 2682 3644 vel
2732 3591 2924 3657 laicus,
2977 3604 3294 3664 segregatus
3350 3597 3433 3651 vel

1855 3695 1961 3735 non
2000 3682 2364 3751 recipiendus.
2398 3696 2527 3748 etc.,
2571 3693 2629 3735 ut
2653 3699 2774 3751 pag.
2812 3681 2937 3738 671.

1925 3773 1993 3826 15
2047 3771 2183 3845 [12].
2220 3772 2274 3828 Si
2323 3784 2501 3829 autem
2548 3783 2629 3829 est
2680 3786 3019 3845 segregatus,
3058 3784 3192 3843 etc.,
3222 3789 3278 3831 ιιι
3303 3795 3429 3848 pag.

1861 3863 1985 3920 751.

2207 3958 2435 4013 Concilii
2479 3960 2789 4014 Antiocheni
2833 3977 2999 4015 canon
3031 3962 3083 4016 6.

1929 4067 1983 4124 6.
2020 4067 2078 4123 Si
2108 4070 2230 4139 quis
2260 4086 2289 4125 a
2321 4072 2542 4141 proprio
2573 4073 2829 4142 episeopo
2860 4072 3023 4127 fuerit
3061 4074 3436 4128 excommuni-

1858 4174 2017 4217 catus
2049 4172 2181 4229 etc.,
2215 4175 2267 4216 ut
2298 4181 2423 4235 pag.
2460 4164 2587 4219 719.

1927 4275 2087 4347 47],
2116 4275 2269 4332 CAP.
2304 4276 2518 4332 XXXII.
2545 4309 2611 4319 —
2630 4277 2707 4331 De
2725 4278 3092 4348 jejunantibus
3120 4279 3173 4333 in
3202 4278 3431 4335 Sabbalo

1858 4369 1935 4422 vel
1963 4369 2049 4422 die
2085 4368 2385 4423 Dominica.

2300 4483 2674 4552 Apostolorum
2702 4498 2872 4535 canon
2904 4482 2991 4536 61.

243 4593 343 4660 ξδ’.
387 4594 456 4648 Et
494 4612 581 4659 τις
628 4594 887 4666 κληρικὸς
937 4594 1132 4649 εὐοεθ⁴τ
1172 4596 1268 4666 τὴν
1305 4594 1589 4666 Κυριακὴν
1619 4594 1745 4666 ἡμέ-

1932 4597 2022 4653 45.
2054 4598 2112 4652 Si
2144 4598 2267 4668 quis
2294 4597 2525 4652 clericus
2556 4597 2808 4651 inventus
2840 4597 3007 4652 fuerit
3032 4598 3121 4655 die
3150 4600 3430 4657 Dominica

166 4701 278 4763 ραν
306 4687 601 4759 νηστεύων,
635 4704 691 4743 κ.
723 4705 773 4740 τ.
805 4686 855 4742 λ.

454 4799 724 4853 Συγόδου
766 4798 1041 4868 Γάγγρας
1087 4798 1308 4859 κανὼν,
1360 4805 1446 4867 ιη’.

245 4898 342 4962 ιη’.
404 4892 472 4945 Εἰ
511 4910 595 4955 τις
649 4891 737 4945 διὰ
781 4891 1145 4963 νομιζομένην
1193 4892 1423 4961 ἄσκησιν
1454 4893 1511 4944 ἐν
1548 4892 1612 4961 τῇ
1650 4892 1759 4944 Κυ-

167 4988 344 5058 ριακῇ
385 4985 659 5054 νηστεύοι,
696 4984 946 5054 ἀνάθεμα
972 4984 1135 5038 ἔστω.

231 5076 513 5133 Συνόδου
560 5076 983 5145 οίκουμενικῆς
1009 5076 1191 5143 ἕκτης
1228 5074 1429 5128 κανὼν
1456 5081 1549 5141 γε’,
1582 5080 1688 5141 νς’.

242 5176 342 5222 νε’.
388 5168 606 5239 Ἐπειδὴ
644 5169 1048 5237 μεμαθήκαμεν
1100 5168 1228 5229 τοὺς
1258 5167 1317 5219 ἐν
1361 5169 1427 5236 τῇ
1474 5166 1760 5235 Ῥωμαίων

170 5264 351 5327 πόλει,
398 5262 457 5314 ἐν
491 5264 611 5324 ταῖς
646 5261 827 5328 ἁγίαις
873 5262 971 5330 τῆς
1019 5258 1471 5328 Τεσσαρακοστῆς
1500 5257 1759 5327 ἡμέραις,

168 5375 224 5411 κ.
262 5374 318 5412 τ.
355 5356 411 5411 λ.

245 5446 358 5512 νς’.
430 5445 708 5509 Ὡσαύτως
771 5443 1284 5516 μεμαθήκαμεν-ἐν
1343 5444 1408 5514 τῇ
1460 5440 1761 5513 ’Λρμενὶων

167 5540 352 5613 χώρᾳ,
398 5558 452 5594 κ.
486 5556 538 5594 τ.
578 5539 629 5593 λ.

240 5653 496 5706 ΚΕΦΑΛ.
541 5652 663 5706 AI".
712 5680 779 5690 -——
826 5650 964 5719 Περὶ
1029 5649 1150 5704 τῶν
1202 5648 1615 5702 διδασκόντων
1656 5647 1764 5699 τὸν

171 5742 349 5801 οἷκον
376 5744 483 5797 τοῦ
517 5743 665 5799 Θεοῦ
703 5743 801 5798 καὶ
835 5741 941 5806 τὰς
968 5740 1277 5808 συνάξεις,
1321 5736 1762 5808 εὐκαταφρονή-

173 5856 319 5906 τους
346 5838 520 5892 εἶναι.

1857 4688 2130 4760 jejunare,
2159 4696 2287 4752 etc.,
2304 4698 2358 4740 ut
2381 4704 2500 4756 pag.
2533 4687 2656 4742 655.

2201 4795 2428 4851 Concilii
2455 4795 2775 4867 Cangrensis
2805 4814 2974 4852 ranon
2998 4800 3082 4855 18.

1930 4891 2020 4945 18.
2055 4887 2112 4943 Si
2153 4890 2277 4959 quis
2305 4900 2521 4957 propter
2547 4906 2666 4944 eam
2699 4907 2820 4960 quae
2869 4894 3237 4958 existimatur,
3268 4910 3429 4951 excr-

1862 4981 2174 5037 citationem
2205 4982 2257 5033 in
2288 4979 2571 5035 Dominico
2595 4981 2829 5050 jejuuet,
2871 4984 2941 5037 sit
2968 4986 3278 5039 anathema.

2075 5073 2299 5126 Concilii
2328 5074 2631 5126 cecumenici
2672 5090 2723 5127 v1
2751 5090 2973 5127 canones
3008 5076 3096 5141 55,
3130 5077 3218 5130 56.

1933 5164 2021 5219 55.
2047 5164 2317 5230 Quoniam
2343 5164 2706 5219 intelleximus
2735 5166 2785 5218 in
2823 5166 3195 5219 Romanorum
3219 5168 3440 5225 civitate

1866 5256 1918 5310 in
1952 5257 2156 5311 sanctis
2190 5254 2619 5325 quadragesimae
2647 5255 2897 5325 jejuniis,
2926 5267 3129 5323 etc.,ut
3160 5275 3281 5329 pag.
3312 5260 3439 5317 6.38.

1936 5443 2023 5498 50.
2082 5442 2344 5498 Similiter
2394 5444 2705 5513 accepimus
2737 5454 2791 5498 et
2832 5445 2883 5497 in
2932 5446 3315 5501 Armeniorum
3352 5464 3442 5502 re-

1864 5537 2042 5607 gione,
2075 5545 2205 5599 etc.,
2238 5546 2289 5587 ut
2312 5550 2431 5604 pag.
2471 5535 2595 5589 658.

1935 5648 2085 5701 CAP.
2130 5646 2553 5702 XXXlll.—De
2601 5646 2665 5699 iis
2709 5649 2799 5716 qui
2849 5648 3035 5701 docent
3084 5649 3299 5700 domum
3347 5646 3441 5702 Dei

1866 5740 2037 5808 ibique
2060 5747 2404 5807 congregatus
2435 5752 2659 5807 synaxes
2679 5738 2838 5806 ﬂocci
2868 5754 2979 5793 esse
3006 5737 3299 5807 faciendas.
