3870 6290
559 340 663 403 967
1687 336 1947 398 ΡΙΙΟΤΙΙ
1990 333 2496 397 PATRIARCH/E
2554 339 2663 399 CP.
3665 350 3749 414 ωδ

818 450 1047 537 Concilit'
1083 451 1408 521 Gangrenst's
1446 464 1672 503 canones
1696 448 1751 511 5,
1778 448 1868 502 20.
2171 449 2222 504 A

2171 449 2222 504 A
2530 447 2801 503 Συνόδου
2825 447 3100 517 Parmae
3131 445 3326 501 κανὼν
3348 452 3406 511 ε’,
3438 454 3504 505 κ’.

631 546 685 602 5.
739 543 797 601 Si
849 534 975 617 quis
1014 545 1173 602 (locet
1213 546 1436 598 domum
1481 540 1577 597 Dei
1624 554 1744 597 esse
1790 548 2147 596 contemnen-

2323 539 2385 594 ε’.
2421 540 2486 594 El
2506 558 2589 604 τις
2614 539 2858 595 διδάσκει
2895 541 2988 594 τὸν
3013 534 3162 593 οἷκον
3190 538 3283 592 τοῦ
3309 538 3441 594 Θεοῦ
3469 543 3750 620 εὐκαταφρόη

562 641 710 704 llam,
744 647 877 704 etc.,
909 648 968 693 ut
1000 655 1123 710 pag.
1156 638 1282 693 650.

2252 652 2411 707 νητον
2438 629 2599 699 εἶναι,
2629 653 2682 689 κ.
2714 652 2767 690 1.
2799 635 2848 690 λ.

630 733 723 787 20.
780 733 839 787 Si
873 733 1000 804 quis
1033 730 1349 803 arrogantia
1387 738 1570 797 utens,
1602 737 1733 797 etc.,
1766 737 1823 783 ut
1856 742 1982 798 pag.
2018 724 2144 781 650.

2323 727 2393 783 κ’.
2439 726 2507 779 Et
2528 744 2612 792 τις
2639 725 2861 799 αἰτιῷτο
2903 726 3239 799 ὑπερηφάνῳ
3278 724 3505 781 διαθέσει
3532 738 3755 801 κεχρημέ-

2252 838 2361 885 νος,
2396 838 2453 875 κ.
2488 838 2541 875 τ.
2578 821 2630 875 λ.

630 916 781 973 CAP.
823 914 1066 970 XXXIV.
1110 945 1181 957 —
1227 914 1304 970 De
1351 913 1505 969 laicis
1560 914 1651 984 qui
1715 911 1984 983 Ephesina
2023 917 2145 964 acta

2318 915 2567 968 ΚΕΦΑΛ.
2609 913 2949 983 ΛΔ’.-Περῑ
3002 912 3231 968 λατκῶν
3270 907 3623 983 πειρωμένων
3660 917 3758 972 ἀθε-

561 1012 835 1082 inﬁrmare
872 1010 1109 1064 student.

2251 1007 2377 1062 τεῒν
2404 1012 2477 1063 τὰ
2501 1007 2609 1075 τῆς
2644 1008 2713 1061 ὲν
2742 1006 2976 1077 Ἐφέσῳ
3003 1007 3292 1062 συνόδου.

960 1101 1185 1157 Cancilii
1215 1102 1470 1173 Ephesini
1502 1116 1673 1156 canon
1704 1100 1759 1155 6.
1956 1108 1961 1111 ‘

2576 1102 2849 1156 Συνόδου
2884 1102 3146 1171 Ἐφέσου
3190 1100 3393 1155 κανὼν
3420 1100 3493 1165 ς’.

631 1197 683 1251 6.
728 1195 992 1250 Similiter
1020 1206 1076 1250 et
1101 1197 1144 1250 si
1175 1197 1266 1266 qui
1304 1196 1493 1259 velint,
1523 1205 1653 1260 etc.,
1689 1204 1745 1248 ut
1776 1209 1898 1263 pag.
1930 1192 2057 1247 890.

2323 1192 2398 1259 ς’.
2445 1193 2680 1265 Ὁμοίως
2725 1195 2785 1248 δὲ
2830 1193 2927 1248 καὶ
2967 1195 3019 1247 εί
3061 1211 3208 1257 τινες
3242 1192 3563 1264 βουληθεῖεν,
3588 1207 3635 1246 κ.
3659 1210 3701 1247 τ.
3722 1192 3757 1248 λ.

626 1286 789 1359 472
832 1287 970 1357 Lege
1006 1304 1125 1357 qum
1156 1289 1415 1342 adnotata
1452 1297 1584 1343 sunt
1614 1288 1666 1341 in
1696 1302 1817 1355 cap.
1848 1285 1938 1351 M,
1971 1286 2055 1339 tit.
2089 1285 2144 1351 5,

2311 1286 2633 1359 ΔἊνόιγνιι)θι
2670 1288 2752 1359 τάκ
2783 1287 3219 1359 παραγραφέντα
3263 1286 3321 1338 ἐν
3367 1284 3445 1355 τῷ
3493 1283 3539 1353 γ’
3564 1302 3671 1354 κεφ.
3693 1285 3761 1339 τοῦ

559 1356 845 1428 praesentis
875 1356 1078 1428 Oilel‘ls.

2253 1356 2321 1411 ια’
2348 1360 2454 1428 τίτ.
2482 1356 2578 1411 τοῦ
2613 1356 2880 1430 παρόντος
2911 1356 3309 1427 συντάγματος.

626 1472 780 1527 CAP.
817 1472 1039 1527 XXXV.
1067 1502 1139 1514 —
1165 1472 1240 1528 De
1285 1474 1352 1527 iis
1384 1474 1474 1544 qui
1521 1472 1708 1526 audita
1743 1471 2145 1541 Scripturarum

2319 1475 2573 1529 ΚΕΦΔΛ.
2625 1472 2752 1528 AE’.
2780 1504 2853 1515 —
2898 1471 3038 1540 Περὶ
3085 1470 3203 1525 τῶν
3269 1469 3641 1539 ἀκροωμένων
3676 1470 3761 1525 τῶν

559 1566 796 1631 lectione,
834 1583 938 1620 non
961 1575 1265 1635 exspectant
1304 1567 1536 1635 liturgite
1569 1566 1752 1634 ﬁnem,
1797 1580 1961 1635 neque
2001 1578 2087 1616 cat:

2248 1567 2528 1637 Γραφῶν,
2572 1567 2671 1621 καὶ
2711 1567 2892 1637 μέχρι
2935 1568 3150 1632 τέλους
3182 1564 3270 1635 μὴ
3312 1564 3761 1632 προσκαρτερούν.

558 1656 852 1709 municant.

2247 1677 2387 1724 των,
2416 1660 2455 1728 ἢ
2480 1659 2567 1729 μὴ
2598 1660 3073 1714 κοινωνούντων.

947 1748 1320 1817 Apostolorum
1350 1763 1576 1801 canones
1606 1746 1660 1814 8,
1694 1747 1752 1802 9.
2178 1790 2222 1847 Β

2178 1790 2222 1847 Β
2631 1755 3022 1809 Ἀποστόλων
3056 1750 3259 1806 κανὼν
3287 1756 3366 1821 η’,
3393 1751 3458 1804 θ’.

629 1843 683 1899 8.
729 1842 785 1897 Si
813 1842 938 1912 quis
966 1843 1256 1913 cpiscopus
1288 1841 1371 1895 vel
1404 1841 1706 1912 presbyter,
1740 1838 1824 1895 vel
1848 1838 2137 1904 diaconus,

2328 1839 2399 1911 η’.
2432 1841 2503 1895 Et
2527 1860 2612 1907 τις
2651 1844 2969 1909 ἐπίσκοπος,
3002 1843 3035 1914 ἢ
3064 1840 3458 1912 πρεσϐύτερος,
3493 1838 3526 1909 ἢ
3554 1837 3762 1905 διάκονος,

558 1937 644 1991 vel
668 1952 733 1989 ex
770 1934 1095 1990 sacerdotali
1128 1934 1397 2003 catalogo,
1429 1941 1561 1997 etc.,
1594 1942 1648 1986 ut
1677 1947 1799 2003 pag.
1832 1930 1957 1988 606.

2250 1930 2287 2003 ἢ
2313 1931 2378 1985 ἑκ
2402 1930 2497 1986 τοῦ
2527 1932 2832 2002 καταλόγου
2861 1932 2955 1986 τοῦ
2996 1930 3296 2004 ἱερατικοῦ,
3330 1948 3386 1984 κ.
3416 1948 3466 1985 τ.
3496 1929 3542 1985 λ.

630 2030 683 2083 9.
741 2027 1066 2096 Quicunque
1097 2028 1281 2083 ﬁdeles
1321 2027 1702 2097 ingrediuntur
1727 2036 1780 2082 et
1826 2026 2139 2098 Scripturas

2324 2024 2390 2081 0'.
2426 2027 2641 2091 Πάντας
2682 2027 2810 2091 τοὺς
2839 2024 3108 2087 εἰσιόντας
3137 2023 3365 2087 πιστοὺς
3410 2022 3501 2075 καὶ
3528 2021 3623 2075 τῶν
3659 2020 3764 2090 Γρα-

558 2122 961 2189 audiunt,etc.,
983 2132 1040 2176 ut
1076 2139 1197 2193 pag.
1229 2122 1355 2177 606.

2253 2116 2370 2187 φῶν
2402 2115 2720 2179 ἀκούοντας,
2753 2116 2828 2188 μὴ
2863 2114 3303 2185 παραμένοντας,
3333 2130 3389 2166 κ.
3422 2130 3471 2167 τ.
3499 2127 3547 2166 Α.

909 2216 1139 2271 ϐοηοίίιὶ
1168 2216 1482 2271 ΑηιὶοεΙιειιί
1522 2233 1693 2272 canon
1726 2216 1779 2271 9..

2523 2209 2793 2264 Συνόδου
2840 2206 3206 2276 Ἀντιοχείας
3239 2203 3445 2258 κανὼν
3487 2201 3550 2275 β’.

626 2311 679 2365 9..
720 2308 922 2364 Omnes
952 2310 1043 2379 qui
1085 2310 1469 2379 ingrediuntur
1510 2308 1820 2365 Ecclesiam
1852 2307 1969 2376 Dei,
2002 2316 2134 2375 etc.,

2325 2303 2389 2375 β’.
2425 2303 2640 2367 Πάντας
2678 2302 2803 2367 τοὺς
2853 2302 3121 2364 εἰσιόντας
3164 2299 3247 2362 είς
3283 2298 3385 2370 τὴν
3417 2297 3682 2368 ἐκκλησίαν
3701 2297 3767 2352 τοῦ

557 2412 615 2458 ιιι
641 2419 764 2475 pag.
794 2403 917 2459 606.

2249 2398 2405 2464 Θεοῦ,
2440 2415 2495 2453 κ.
2527 2416 2576 2452 τ.
2608 2395 2659 2450 λ.

838 2496 1065 2553 Concilii
1088 2495 1524 2567 Cartltaginensis
1561 2512 1729 2550 canon
1758 2495 1850 2552 46.

2495 2489 2769 2545 Συνόδου
2812 2489 3237 2560 Καρθαγέννης
3281 2489 3486 2543 κανὼν
3522 2493 3581 2542 ν’.

628 2590 703 2643 De
731 2588 1065 2657 passionibus
1097 2598 1415 2659 martyrum.

2322 2583 2463 2654 Περί
2490 2583 2610 2637 τῶν
2644 2583 2852 2638 παθῶν
2890 2582 3012 2637 τῶν
3036 2584 3378 2655 μαρτύρων.

626 2679 717 2733 40.
756 2680 942 2735 Liceat
968 2682 1131 2735 etiam
1173 2681 1277 2749 legi
1319 2680 1606 2750 passiones
1649 2688 1978 2751 martyrum,
2011 2694 2134 2736 cum

2324 2676 2388 2732 ν’.
2431 2676 2663 2742 Ἐξέστω
2705 2677 2787 2730 ἔτι
2864 2675 2971 2747 μὴν
3024 2674 3501 2744 ἀναγινώσκεσθαι
3552 2673 3615 2727 τὰ
3664 2672 3771 2741 πάθη

556 2771 918 2827 anniversarii
950 2772 1068 2827 dies
1098 2786 1293 2828 eorum
1323 2772 1693 2827 celebrantur.

2250 2770 2361 2825 τῶν
2399 2770 2715 2843 μαρτύρων,
2747 2770 2911 2843 ἡνίκα
2945 2771 3002 2826 αἱ
3031 2771 3246 2842 ἐτήσιαι
3275 2766 3460 2822 αὐτῶν
3486 2767 3669 2840 ἡμέραι
3686 2767 3775 2819 ἐπι-

2249 2862 2552 2917 τελοῦνται.

630 2957 781 3014 CAP.
840 2956 1181 3012 XXXVI.—
1212 2958 1286 3013 De
1343 2958 1410 3013 iis
1455 2958 1546 3029 qui
1600 2958 1865 3028 privatum
1919 2974 2139 3029 congre-

2309 2957 2579 3012 ΚΕΦΑΛ.
2618 2957 2760 3025 Aq'.
2790 2986 2863 2998 —
2887 2955 3028 3025 Περὶ
3074 2954 3195 3010 τῶν
3240 2953 3370 3023 ιδίᾳ
3406 2950 3775 3024 ἐκκλησιαζόν-

557 3057 774 3117 gantur.

2246 3066 2388 3110 των.

911 3140 1138 3197 Concilii
1172 3139 1494 3211 Gangrensis
1527 3157 1695 3194 canon
1731 3140 1786 3195 6.
2169 3159 2215 3221 α

2169 3159 2215 3221 α
2578 3142 2853 3197 Συνόδου
2895 3141 3183 3212 Γαγγρῶν
3209 3122 3419 3195 κανὼν
3442 3138 3515 3206 ς’.

630 3237 683 3289 6.
729 3236 785 3289 Si
829 3235 955 3305 quis
988 3245 1185 3304 praeter
1223 3233 1521 3289 Ecclesium
1552 3235 1666 3290 vult
1707 3234 1997 3291 ecclesiam
2040 3233 2142 3291 ha-

2320 3229 2398 3299 ς·’.
2428 3229 2500 3286 Et
2521 3249 2605 3298 τις
2629 3234 2782 3304 παρὰ
2825 3233 2925 3305 τὴν
2967 3233 3293 3305 Ἐκκλησίαν
3325 3233 3435 3303 ἰδίᾳ
3459 3228 3774 3300 ἑκκλησιάζοι,

560 3328 707 3389 bere,
738 3337 869 3394 etc.,
897 3335 953 3380 ut
988 3343 1111 3397 pag.
1132 3326 1256 3381 607.

941 3335 953 3378 ι
988 3343 1111 3397 pag.
1132 3326 1256 3381 607.
2246 3346 2303 3384 κ.
2334 3343 2387 3381 1.
2418 3325 2469 3382 λ.

678 3418 840 3489 473
881 3416 1107 3473 Concilii
1134 3418 1439 3471 mcumenici
1472 3434 1518 3471 Vl
1549 3434 1772 3473 canones
1798 3418 1889 3484 51,
1926 3417 2015 3475 59.

2307 3421 2579 3475 Συνόδου
2614 3420 3033 3492 οίκουμενικῆς
3063 3421 3245 3487 ἕκτης
3279 3418 3490 3475 κανὼν
3535 3416 3629 3482 λα’,
3653 3413 3728 3469 νθ⁹.

629 3512 719 3563 51-.
782 3510 1046 3575 Clericus,
1099 3513 1194 3574 qui
1250 3513 1318 3576 in:
1351 3512 1632 3579 oratoriis,
1659 3529 1782 3584 qua:
1834 3522 1964 3567 sunt
1996 3512 2138 3568 intra

2121 3528 2138 3567 ι
2326 3511 2428 3570 λα’.
2462 3514 2601 3579 Τοὺς
2628 3517 2687 3569 ὲν
2719 3517 2833 3581 τοῖς
2876 3514 3184 3586 εὐκτηρίοις
3209 3514 3408 3578 οίχοις,
3442 3530 3498 3567 κ.
3531 3528 3579 3566 τ.
3605 3510 3649 3565 λ.

554 3603 772 3668 domos,
803 3613 933 3669 etc.,
953 3613 1009 3657 ut
1037 3619 1160 3675 pag.
1193 3604 1318 3659 585.

629 3696 718 3751 59.
764 3694 818 3748 In
846 3696 961 3751 aede
987 3698 1249 3763 oratoria,
1272 3712 1394 3766 qua:
1425 3708 1510 3754 est
1545 3698 1688 3754 intra
1718 3697 1967 3765 domum,
1998 3706 2135 3767 etc.,

2318 3699 2417 3757 v0'.
2449 3702 2657 3774 Μηδεὶς
2699 3703 2758 3756 ὲν
2792 3702 3070 3776 εὐκτηρίῳ
3092 3703 3250 3776 οἴκῳ,
3287 3700 3447 3757 ἔνδον
3472 3700 3639 3763 οἰκίας
3681 3714 3777 3766 τυγ-

556 3797 612 3840 ut
644 3804 763 3857 pag.
793 3786 917 3841 607.

2249 3796 2487 3868 χάνοντι,
2522 3813 2579 3850 κ.
2612 3814 2664 3851 1.
2697 3794 2746 3849 λ.

629 3880 769 3951 Lege
793 3897 914 3951 quae
942 3888 1198 3936 annotata
1232 3892 1363 3938 sunt
1394 3888 1446 3938 in
1486 3899 1609 3956 cap.
1646 3886 1731 3953 M,
1782 3886 1865 3942 tit.
1909 3887 1944 3942 3
1997 3903 2137 3959 pm-

2335 3888 2637 3957 Ἀνάγνωθι
2685 3888 2755 3943 τὰ
2788 3888 3308 3961 παραγεγραμμένα
3364 3889 3427 3942 ἐν
3485 3884 3562 3958 τῷ
3597 3882 3651 3940 ιδ’
3684 3898 3776 3951 X5?-

557 3973 730 4028 sentis
758 3974 959 4041 operis.

2250 3983 2345 4037 τοῦ
2377 3990 2425 4052 γ’
2448 3984 2554 4039 τίτ.
2590 3984 2683 4038 τοῦ
2717 3962 2984 4055 παρόντος
3009 3984 3409 4054 συντάγματος.

628 4087 781 4179 CAP.
828 4087 1093 4143 XXXVII.
1125 4120 1191 4133 —
1228 4090 1305 4145 De
1336 4092 1428 4146 illo
1453 4095 1545 4164 qui
1567 4096 1863 4165 concupivit
1894 4113 2000 4151 rem
2032 4097 2133 4151 ha-

2323 4098 2573 4155 ΚΕΦΑΛ.
2608 4099 2731 4155 AZ'.
2766 4101 2903 4169 Περὶ
2932 4101 3038 4155 τοῦ
3073 4100 3564 4169 ἐπιθυμήσαντος
3598 4108 3778 4165 συγκα-

554 4179 675 4233 ὑενε
699 4196 818 4233 cum
846 4180 1064 4247 (culina,
1095 4198 1259 4253 neque
1284 4194 1457 4240 tamen
1493 4187 1637 4256 fecit.

2249 4190 2541 4260 θευδτῆσαι
2565 4194 2828 4263 γυναικὶ,
2857 4194 2955 4248 καὶ
2984 4195 3071 4265 μὴ
3111 4194 3480 4263 πράξαντος.

851 4272 1079 4329 Concilii
1113 4274 1558 4333 Neocwsariensis
1588 4296 1759 4334 canon
1789 4280 1846 4336 4.

2486 4286 2759 4341 Συνόδου
2787 4290 3249 4357 Νεοκαισαρείας
3291 4287 3501 4342 κανὼν
3525 4283 3583 4341 δ’.

627 4367 682 4421 Δ.
747 4366 805 4421 Si
845 4370 970 4437 quis
1004 4373 1351 4440 proposuerit
1391 4374 1780 4444 concupiscere
1827 4375 2130 4442 mulierem,

2320 4376 2385 4432 δ’.
2456 4379 2585 4435 Ἐὰν
2654 4382 2924 4452 πρόθηται
2983 4399 3069 4447 τις
3120 4381 3477 4453 ἐπιθυμήσας
3532 4376 3776 4450 γυναικὸς.

553 4471 686 4527 etc.,
715 4472 767 4514 ut
793 4478 911 4531 pag.
951 4463 1077 4519 891.

951 4463 1077 4519 891.
2169 4528 2192 4532 _
2250 4491 2304 4529 κ.
2332 4493 2384 4529 τ.
2416 4474 2467 4532 λ.

629 4576 783 4631 CAP.
824 4577 1115 4635 XXXVIII.
1141 4611 1212 4621 —
1237 4582 1312 4636 De
1347 4588 1460 4637 non‘
1483 4584 1855 4655 jejunantibus
1885 4588 1939 4642 in
1985 4604 2139 4644 sacra

2317 4593 2363 4645 K
2373 4591 2570 4646 ΕΦΑΛ.
2590 4590 2929 4661 ΛΘ’.-Περὶ
2954 4592 3072 4646 τῶν
3076 4592 3162 4663 μὴ
3184 4593 3604 4647 ννοντευόντων
3621 4584 3776 4656 rimi.

557 4669 1005 4740 Quadragesima,
1034 4674 1110 4726 vel
1146 4687 1338 4751 quarta
1366 4677 1471 4743 die,
1504 4678 1584 4732 vel
1612 4679 1667 4732 in
1694 4696 1996 4749 parasccve.

1694 4696 1996 4749 parasceve-
2243 4687 2342 4741 καὶ
2373 4686 2644 4756 τετράδα,
2670 4687 2768 4741 καὶ
2804 4687 3220 4755 παρασκευήν.

1005 4767 1376 4837 Apostolorum
1409 4788 1581 4827 canon
1608 4774 1698 4829 69.

2667 4784 2725 4837 Ἀ
2734 4784 3053 4837 ποστόλων
3090 4783 3290 4837 κανὼν
3324 4781 3422 4849 ξθ’.

629 4855 701 4912 69
742 4856 879 4931 [68].
936 4858 993 4914 Si
1037 4862 1162 4931 quis
1207 4864 1522 4934 episcopus,
1574 4867 1656 4921 vel
1701 4868 2005 4940 presbyter,
2058 4871 2143 4925 vel

2316 4875 2413 4940 ἔθ’.
2442 4875 2512 4931 El
2536 4893 2621 4940 τις
2650 4876 2973 4942 ἐπίσκοπος,
3001 4876 3035 4947 ἢ
3075 4876 3471 4949 πρεσϐύτερος,
3504 4876 3537 4947 ἦ
3563 4874 3778 4933 διάκονος,

559 4950 848 5019 diaconus,
875 4964 1001 5019 etc.,
1030 4965 1086 5007 ιιι
1116 4972 1239 5027 pag.
1269 4958 1395 5013 655.

937 4968 1001 5019 2.,
1030 4965 1086 5007 ut
1116 4972 1239 5027 pag.
1269 4958 1395 5013 055.
2246 4983 2301 5020 κ.
2332 4984 2383 5019 τ.
2414 4965 2465 5020 λ.

633 5044 785 5099 CAP.
822 5044 1062 5103 XXXIX.
1091 5074 1161 5086 -—
1193 5047 1267 5101 De
1297 5050 1657 5118 auferentibus
1692 5052 1927 5109 ecclesia:
1962 5071 2140 5109 ceram

2303 5056 2552 5110 ΚΕΦΑΛ.
2582 5054 2706 5111 ΛΘ’.
2721 5089 2794 5098 -
2814 5057 2954 5125 Περὶ
2982 5056 3102 5112 τῶν
3122 5058 3576 5128 ἀφαιρουμένων
3599 5054 3693 5125 τῆς
3706 5053 3776 5106 ἑλ-

560 5136 641 5191 cel
667 5136 858 5192 oleum.

2246 5152 2509 5221 πλησίας
2548 5153 2739 5220 κηρὸν
2775 5150 2813 5221 ἣ
2854 5154 3083 5210 ἔλαιον.

1006 5232 1379 5301 Apostolorum
1410 5250 1581 5288 canon
1619 5235 1707 5290 72.

2661 5244 3040 5299 Ἀποστόλων
3067 5245 3269 5298 κανὼν
3307 5242 3402 5315 οβ’.

631 5322 701 5376 72
739 5321 873 5397 [71].
938 5323 997 5379 Si
1042 5325 1167 5396 quis
1218 5326 1451 5381 clericus
1505 5327 1588 5382 vel
1638 5328 1810 5384 laicus
1862 5344 1892 5384 a
1948 5340 2139 5388 sancta

2316 5334 2414 5405 οβ’.
2447 5335 2610 5400 Εῐτις
2634 5334 2944 5406 κληρικδςῆ
2971 5336 3155 5400 λαῖκὸς
3184 5336 3292 5389 ἀπὸ
3320 5338 3419 5406 τῆς
3447 5336 3600 5403 ἁγίας
3626 5332 3778 5398 ἐκκλη-

558 5416 789 5472 ecclesia
823 5432 1004 5473 ceram
1038 5418 1121 5473 vel
1152 5418 1335 5474 oleum
1365 5418 1600 5486 auferat,
1636 5430 1981 5493 segregetur.

2249 5429 2370 5493 σίας
2414 5429 2681 5500 ἀφέληται
2714 5429 2884 5499 κηρὸν
2932 5429 3193 5500 ῆέλαιον,
3243 5427 3607 5500 ἀφοριζέσθω·
3636 5424 3717 5480 καὶ
3735 5422 3777 5474 τὸ

2248 5523 2593 5592 ὲπίπεμπτον
2626 5523 2970 5593 προστιθέτω
3004 5523 3122 5593 μεθ’
3158 5519 3218 5579 οὗ
3245 5522 3462 5579 ἔλαϐεν.

627 5622 795 5697 474
829 5622 984 5679 CAP.
1024 5623 1139 5679 XL.
1164 5657 1234 5667 —
1262 5627 1333 5683 De
1377 5630 1528 5686 laicis
1560 5632 1651 5703 qui
1687 5633 1750 5688 ob
1796 5650 1948 5688 suam
1993 5635 2139 5701 inju-

2318 5637 2570 5691 ΚΕΦΑΛ.
2610 5634 2703 5691 Μ’.
2732 5667 2802 5677 -
2826 5636 2965 5705 Περὶ
2992 5637 3223 5691 λατκῶν
3271 5638 3369 5693 διὰ
3403 5636 3636 5693 ἀδικίαν
3650 5634 3778 5687 duet—

554 5717 628 5768 sti
652 5717 757 5768 iam
788 5728 937 5772 extra
963 5723 1374 5778 communionem
1407 5724 1539 5794 facti
1570 5735 1711 5782 sunt.
1748 5725 1812 5783 Et
1845 5728 1987 5799 quod
2016 5730 2082 5786 lat

2250 5730 2528 5798 νων-ήτων
2554 5730 2913 5802 γινομένων·
2958 5732 3056 5785 καὶ
3099 5732 3231 5802 περὶ
3265 5734 3370 5789 τοῦ
3394 5732 3484 5803 μὴ
3513 5731 3778 5786 διδάσκειν

559 5824 885 5880 nequaquam
920 5814 1157 5867 doceant.

989 5824 1157 5867 count.
2245 5828 2514 5893 λαῖκοίις,
