4022 6410
180 395 299 461 969

875 582 1131 651 στολῆς.

265 677 531 749 Νόμιμον
574 677 808 748 πρᾶγμα
856 676 1227 748 πεποιήκασιν
1272 677 1324 730 οἱ
1354 676 1718 749 πρεσϐύτεροι
1748 680 1799 732 oi

182 772 253 825 ἐν
282 771 509 843 Γεμίνῳ
532 768 718 841 κώμῃ,
742 772 791 823 εί
817 770 1073 841 ἀληθεύει
1094 771 1129 840 ἡ
1152 769 1459 842 κομίζουσα
1486 771 1547 825 τὸ
1566 773 1802 844 πρᾶγμα

184 864 507 918 Εὑσταθία·
543 863 744 933 φάσκει
766 864 900 935 γὰρ,
935 863 1017 916 ὃτι
1052 863 1325 935 Κυράδιον
1355 863 1673 929 ἀδικοῦσαν,
1702 863 1801 918 καὶ

184 956 274 1028 μὴ
313 956 655 1027 βουλομένην
717 956 1031 1010 ἀναστεῖλαι
1090 955 1189 1027 τὴν
1234 955 1471 1021 ἀδικίαν,
1526 955 1802 1029 ἐχώρισαν

182 1048 292 1119 τῆς
331 1049 631 1115 συνάξεως.
683 1047 901 1118 Ἐπειδὴ
953 1049 1133 1103 τοίνυν
1166 1065 1346 1119 ευρον,
1376 1048 1452 1113 ὡς
1502 1049 1563 1103 τὸ
1602 1052 1802 1121 εαυτῆς

181 1142 373 1196 κακὸν
405 1140 821 1213 θεραπεύσασα,
857 1142 1107 1213 βούλεται
1164 1142 1532 1213 συναχθῆναι,
1573 1143 1802 1214 θέλησον

184 1234 633 1307 παρασκευάσαι
666 1233 840 1305 αὐτὴν
871 1233 1175 1288 ἀποθέσθαι
1207 1234 1423 1307 πρῶτον
1458 1233 1558 1305 τὴν
1588 1234 1805 1288 ἀδικίαν

184 1326 291 1380 καὶ
325 1329 519 1380 πεῖσαι
569 1328 925 1399 μετανοῆσαι,
954 1328 1064 1398 ,ἵνα
1110 1326 1308 1392 οὕτως,
1341 1330 1391 1381 εί
1438 1326 1673 1391 συνίδοις
1720 1329 1802 1381 ὅτι

184 1420 357 1492 νόμῳ
401 1420 541 1475 Θεοῦ
583 1423 951 1495 προσέρχεται
993 1425 1093 1494 τῆς
1152 1422 1426 1487 συνάξεως
1474 1422 1802 1495 ὀρεγομένη,

184 1512 514 1586 ἐπιτρέψειε
545 1514 682 1585 αὐτῇ
713 1514 853 1585 μετά
884 1514 995 1568 τῶν
1025 1514 1172 1568 λαῶν
1204 1514 1565 1583 συνάγεσθαι.

344 1604 623 1660 Συνόδου
659 1606 1087 1677 οίκουμενικῆς
1116 1606 1296 1677 ἕκτης
1328 1608 1532 1662 κανὼν
1560 1608 1658 1676 ξδ’.

267 1695 374 1761 ξδ’.
411 1697 535 1752 Ὀτι
567 1699 629 1751 οὐ
667 1700 774 1771 χρὴ
818 1700 1059 1773 δημοσίᾳ
1083 1700 1294 1768 λαῐκὸν,
1329 1702 1487 1771 λόγον
1514 1704 1686 1757 κινεῖν
1719 1702 1801 1756 δο-

183 1791 481 1861 γματικὸν
529 1792 561 1863 ἢ
610 1791 906 1857 διδάσκειν,
940 1793 1159 1865 ἀξίωμα
1194 1794 1376 1866 ἑαυτῷ
1421 1794 1804 1850 διδασκαλικὸν

997 389 1423 457 ’8ΥΝΤΑῦΜΛ
1458 395 1831 461 CANONUM
1857 422 1927 434 -·
1952 398 2101 458 ΤΙΤ.
2146 398 2311 473 XIV,
2354 399 2513 460 CAP-
2556 400 2641 461 II.

180 512 497 583 Θεοφίλου
550 511 621 566 ἐκ
665 510 777 582 τῆς
812 510 965 582 πρὸς
1011 509 1227 583 Μηνᾶν
1276 512 1619 570 ἐπίσκοπον
1667 516 1797 570 ἐπι·
1828 526 1873 579 Α

3390 401 3497 465 970

2042 516 2318 587 Theophili
2341 534 2407 573 ea:
2432 518 2662 589 cpistola
2691 519 2761 574 ad
2787 519 3000 576 Menam
3029 523 3353 594 episcopum.

1976 679 2109 736 Rem
2136 680 2343 751 justam
2378 684 2943 757 fecerantpresbyteri
2974 685 3026 740 in
3064 685 3297 742 Gemino
3328 703 3489 759 pago,

1903 771 1947 826 si
1979 788 2168 827 verum
2209 772 2359 837 dicit,
2391 789 2514 843 quae
2550 773 2726 829 defert
2755 775 2969 831 litteras
3004 776 3313 833 Eustathia.
3352 778 3495 835 Dicit

1904 861 2075 927 enim,
2109 863 2255 931 quod
2299 863 2593 933 Cyradium
2643 864 2933 921 facientem
2969 868 3255 939 injuriam,
3289 885 3392 926 nec
3419 872 3489 926 ab

1905 967 1966 1005 ea
2023 952 2293 1007 desistere
2329 955 2623 1021 volentem,
2678 970 2707 1008 a
2763 952 3151 1014 communione
3198 976 3495 1031 separare-

1905 1055 2053 1099 runt.
2085 1046 2225 1112 Quia
2250 1061 2379 1117 ergo
2411 1048 2613 1113 inveni,
2645 1051 2787 1119 quod
2815 1066 2916 1105 suo
2939 1052 3086 1107 malo
3114 1068 3303 1107 curam
3337 1055 3497 1109 adhi-

1908 1139 2040 1193 bens
2073 1139 2187 1193 vult
2218 1142 2655 1207 communicare,
2694 1141 2781 1197 fac
2824 1158 2887 1198 ea
2939 1143 3015 1198 ita
3070 1159 3129 1199 se
3186 1156 3494 1216 comparet,

1908 1237 1965 1282 ut
1995 1228 2251 1299 iniuriam
2287 1230 2525 1299 primum
2555 1232 2826 1301 deponat,
2854 1245 2906 1287 et
2934 1235 3310 1303 pmnitentiam
3331 1254 3495 1309 agere

1906 1322 1962 1375 in
2019 1322 2265 1377 animum
2312 1324 2560 1391 inducat,
2612 1335 2671 1380 ut
2722 1327 2765 1381 si
2819 1328 2897 1382 sic
2950 1328 3308 1396 intellexeris,
3349 1330 3498 1401 quod

1907 1416 2138 1483 accedit,
2176 1418 2622 1473 communionem
2661 1420 3003 1489 desiderans,
3039 1423 3325 1494 permittas
3356 1424 3405 1479 ei
3439 1433 3499 1480 ut

1906 1527 2031 1565 eum
2064 1512 2285 1582 populis
2320 1514 2713 1571 communicet.

2216 1604 2468 1673 tConcilii
2502 1606 2807 1660 mcumenici
2834 1622 2885 1665 v1
2912 1624 3081 1665 canon
3112 1609 3205 1664 64.

1979 1695 2070 1752 64.
2107 1696 2265 1765 Quod
2312 1715 2419 1754 non
2453 1709 2671 1770 oportet
2710 1701 2913 1756 laicum
2966 1702 3183 1773 publice
3213 1703 3500 1774 disputare

1908 1789 1994 1844 vel
2041 1791 2260 1857 docere,
2295 1792 2528 1846 docendi
2578 1794 2962 1849 auctoritatem
3017 1810 3083 1849 ex
3133 1810 3199 1851 eo
3230 1796 3333 1851 sibi
3383 1797 3505 1850 vin-

184 1884 462 1940 ἐντεῦθεν
486 1887 963 1958 περιποιούμενον·
991 1887 1106 1942 ἀλλ’
1131 1888 1301 1944 εἴκειν
1327 1892 1394 1962 τῇ
1436 1890 1805 1964 παραδοθείσῃ

1923 1883 2206 1947 dicantem,
2240 1885 2333 1941 sed
2362 1884 2541 1939 ordini
2586 1901 2618 1940 a
2668 1885 2902 1942 Domino
2940 1888 3141 1943 tradito
3172 1893 3399 1956 cedere;
3449 1900 3505 1944 et

185 1979 363 2051 παρά
397 1978 495 2033 τοῦ
534 1980 741 2048 Κυρίου
772 1981 946 2048 τάξει,
982 1982 1076 2035 καὶ¹
1120 1982 1180 2034 τὸ
1238 1978 1332 2046 οὖς
1368 1985 1482 2047 τοῖς
1514 1984 1611 2055 τὴν
1642 1984 1805 2055 χάριν

182 2071 290 2124 τοῦ
341 2071 730 2126 διδασκαλικοῠ
781 2074 940 2142 λόγου
998 2073 1225 2129 λαϐοῦσι
1270 2074 1583 2145 διανοίγειν,
1610 2077 1708 2129 καὶ
1736 2076 1806 2130 τὰ

178 2163 323 2217 Gaia.
364 2163 498 2234 παρ’
541 2166 722 2219 αὐτῶν
783 2166 1227 2221 ἐκδιδάσκεσθαιο
1271 2168 1360 2222 Ἐν
1412 2170 1523 2240 γὰρ
1574 2173 1641 2242 τῇ
1707 2171 1807 2242 μιᾷ

197 2256 524 2328 Ἐκκλησία
554 2257 792 2330 διάφορα
835 2258 972 2330 μέλη
1006 2258 1310 2327 πεποίηκεν
1335 2262 1364 2314 ὁ
1383 2260 1516 2325 Θεὸς
1545 2262 1686 2317 κατὰ
1709 2262 1806 2333 τὴν

184 2350 293 2406 τοῦ
346 2351 677 2406 ’Δποστόλου
737 2353 947 2421 φωνὴν,
1005 2351 1073 2422 ἣν
1121 2353 1149 2404 ὁ
1200 2349 1451 2419 θεολόγος
1481 2350 1807 2424 ἑρμηνεύων

188 2444 537 2517 Γρηγόριος,
564 2442 753 2512 σαφῶς
785 2443 887 2513 τὴν
947 2444 1005 2496 ὲν
1052 2442 1266 2505 τούτοις
1319 2441 1472 2508 τάξιν
1507 2443 1808 2515 παρίστησι

188 2540 444 2608 φάσκων
469 2554 484 2569 ’
521 2536 757 2605 Ταύτην
784 2536 1083 2605 αὶδώμεθα
1129 2535 1248 2604 τὴν
1297 2535 1494 2601 τάξιν,
1528 2537 1806 2608 ἀδελφοὶ,

188 2631 450 2699 ταύτην
484 2628 902 2700 φυλάττωμεν·
936 2632 969 2684 ό
1002 2630 1122 2699 μὲν
1145 2630 1304 2684 ἐστω
1336 2629 1429 2695 τίς
1469 2630 1647 2698 ἀκοὴ,
1676 2635 1709 2685 ὀ
1742 2630 1810 2685 δὲ

185 2724 491 2796 γλῶσσα·
521 2727 554 2779 ό
587 2722 657 2777 δὲ
687 2724 838 2792 χείρ,
886 2726 919 2778 ὁ
955 2722 1024 2777 δὲ
1054 2722 1209 2778 ἄλλο
1235 2739 1309 2776 τι*
1337 2722 1504 2793 ὁμὲν
1528 2724 1810 2779 διδασκέ-

188 2836 307 2884 tm,
355 2821 389 2873 ό
450 2816 518 2871 δὲ
566 2817 940 2888 μανθανέτω
1001 2818 1096 2871 καὶ
1147 2817 1287 2888 μετά
1327 2816 1558 2889 βραχέα·
1620 2818 1732 2873 Καὶ
1777 2820 1812 2873 ὁ

182 2910 540 2984 μανθάνων
571 2910 645 2964 ὲν
689 2911 1013 2977 εὐπειθείᾳ,
1051 2909 1155 2965 καί
1202 2912 1236 2964 ό
1267 2910 1543 2981 χορηγῶν
1581 2912 1653 2965 ἐν
1681 2914 1812 2967 1.1a-

183 3007 445 3074 ρότητι,
498 3004 596 3058 καί
627 3007 660 3059 ό
684 3001 1008 3073 ὑπουργῶν
1033 3002 1105 3057 ἐν
1127 3004 1447 3075 προθυμίαν
1470 3003 1558 3075 μὴ
1589 3004 1814 3072 πάντες

186 3095 375 3170 ὦμεν
404 3097 661 3168 γλῶσσα
709 3097 778 3151 τὸ
811 3097 1217 3167 ἑτοιμότατον,
1259 3097 1345 3168 μὴ
1390 3098 1621 3166 πάντες
1667 3100 1815 3153 ἀπό-

190 3195 454 3257 στολοι,
503 3191 589 3262 μὴ
639 3191 866 3257 πάντες
917 3191 1241 3263 προφῆται,
1277 3192 1365 3262 μὴ
1407 3192 1632 3259 πάντες
1659 3193 1815 3264 διερα

1917 1992 2107 2031 aurem
2143 1978 2212 2033 iis
2237 2018 2250 2041 ,
2291 1980 2384 2048 qui
2420 1978 2651 2034 docendi
2690 1976 2922 2051 gratiam
2977 1993 3329 2052 acceperunt,
3377 1999 3508 2054 ape-

1918 2071 2065 2135 rire;
2099 2082 2153 2125 et
2173 2070 2358 2125 divina
2388 2072 2457 2125 ab
2488 2073 2568 2127 eis
2594 2073 2777 2128 doceri
2807 2092 2819 2127 :
2858 2072 2922 2127 In
2964 2092 3070 2128 una
3102 2076 3240 2129 enim
3262 2075 3507 2131 Ecclesia

1918 2159 2127 2214 diversa
2159 2160 2394 2215 membra
2443 2162 2567 2232 fecit
2604 2163 2747 2219 Deus
2784 2164 2852 2229 “,
2886 2173 2944 2218 ut
2983 2177 3064 2221 est
3092 2183 3193 2221 vox
3234 2168 3508 2237 Apostoli.

1919 2253 2094 2320 Quam
2128 2262 2314 2324 aperte
2362 2255 2727 2326 interpretans
2760 2256 3058 2329 Gregorius
3092 2258 3401 2332 Tlieologus
3430 2262 3500 2328 ”,

1918 2364 2043 2403 eum
2078 2350 2173 2420 qui
2216 2349 2267 2403 in
2316 2350 2383 2405 iis
2412 2358 2515 2416 est,
2566 2351 2813 2405 ordinem
2856 2353 3230 2413 commendat.
3276 2355 3508 2410 dicens:

1920 2439 2078 2497 llunc
2101 2442 2348 2496 ordinem
2368 2457 2743 2504 revereamur,
2774 2442 2991 2507 fratres,
3020 2444 3167 2498 hunc
3195 2460 3505 2500 servemus.

1919 2532 2019 2589 Hic
2046 2535 2267 2605 quidem
2314 2540 2387 2590 stt
2434 2535 2606 2599 auris,
2642 2536 2731 2589 ille
2768 2550 2897 2589 vero
2940 2536 3162 2607 lingua:
3192 2536 3283 2593 hic
3326 2547 3508 2593 autem

1920 2643 2141 2693 manus,
2170 2627 2259 2682 hic
2284 2643 2412 2683 vero
2444 2628 2651 2699 aliquid
2678 2627 2824 2683 aliud
2855 2646 2870 2683 :
2914 2628 3003 2682 hic
3032 2628 3256 2698 quidem
3289 2629 3510 2694 doceat,

1921 2721 2013 2776 ille
2045 2737 2174 2776 vero
2202 2721 2399 2777 discat.
2432 2720 2497 2776 Et
2524 2724 2689 2791 paulo
2737 2732 2892 2792 post:
2926 2720 2991 2775 Et
3019 2722 3243 2777 discens
3270 2722 3325 2776 in
3358 2723 3514 2778 doci-

1921 2816 2093 2880 litate,
2122 2825 2177 2871 et
2210 2817 2568 2885 suppeditans
2595 2816 2648 2869 in
2683 2816 2978 2879 hilaritate,
3014 2827 3067 2871 et
3098 2816 3418 2871 ministraus
3457 2817 3512 2871 in

1923 2910 2227 2965 alacritate.
2264 2908 2340 2963 Ne
2362 2911 2538 2966 simus
2577 2925 2769 2965 ottiues
2797 2910 3005 2981 lingua,
3040 2910 3187 2979 quod
3212 2919 3298 2965 est
3326 2925 3515 2980 prom-

1927 3006 2109 3076 ptius:
2143 3020 2211 3059 ne
2250 3020 2445 3059 omnes
2484 3004 2742 3075 apostoli,
2788 3018 2855 3058 ne
2884 3018 3079 3059 omnes
3102 3006 3406 3073 preplietze,
3446 3021 3517 3059 ne

1925 3114 2117 3155 omnes
2156 3099 2602 3168 interpretemur.
2638 3098 2702 3154 Et
2736 3107 2860 3171 post
2893 3101 3143 3169 quaedam
3178 3098 3383 3171 :575
3407 3099 3519 3155 Cur

1926 3202 1979 3247 te
2012 3201 2287 3262 pastorem
2324 3191 2478 3255 facis,
2513 3207 2636 3246 cum
2674 3192 2751 3247 sis
2787 3192 2951 3248 ovis?
2992 3208 3093 3248 cur
3130 3204 3298 3263 caput
3345 3192 3522 3249 enice-

188 3286 577 3357 μηνεύωμεν
601 3301 617 3317 °
659 3285 757 3339 καὶ
799 3286 938 3356 μετά
991 3301 1153 3339 τινα’
1204 3288 1265 3341 Τί
1314 3285 1580 3341 σεαυτὸν
1629 3290 1821 3355 ποιεῖς

1926 3286 2024 3350 ris,
2062 3301 2187 3341 cum
2217 3286 2293 3341 sis
2324 3285 2460 3356 pes?
2491 3301 2590 3340 cur
2623 3289 2922 3356 imperator
2956 3302 3078 3342 esse
3109 3287 3353 3352 conaris,
3390 3302 3518 3342 cum

196 3375 517 3448 ποιμένα,
561 3376 865 3445 πρόϐατον
893 3374 1012 3441 dir;
1048 3378 1107 3431 τί
1155 3377 1292 3447 γίνῃ
1335 3377 1611 3448 κεφαλὴ,
1663 3378 1819 3445 ποὺς

1930 3377 2134 3432 relatus
2175 3378 2252 3432 sis
2296 3378 2350 3431 in
2393 3394 2683 3431 numerum
2732 3379 3011 3433 militum?
3057 3380 3123 3434 Et
3157 3382 3327 3435 alibi:
3356 3378 3525 3435 lubet

195 3469 539 3541 τυγχάνων
561 3486 581 3535 ;
616 3470 672 3523 τι
695 3470 1057 3540 στρατηγεῖν
1090 3470 1436 3540 ἐπιχειρεῖς,
1462 3471 1821 3542 τεταγμένος

1932 3468 2254 3542 Sapientia:
2292 3469 2376 3524 Ne
2399 3472 2472 3524 sis
2502 3470 2649 3525 velox
2690 3473 2744 3525 in
2775 3474 3128 3539 sermonibus,
3179 3490 3243 3527 ne
3278 3488 3399 3525 cum
3443 3473 3518 3526 sis

193 3566 279 3621 ἐν
354 3564 751 3633 στρατιώταις
766 3580 788 3631 ;
841 3564 952 3619 Καὶ
1008 3565 1239 3636 ἑτέρωθι
1291 3566 1357 3619 Ἠ
1409 3569 1572 3636 σοφία
1638 3567 1821 3621 διακε-

1927 3578 2146 3634 pauper,
2194 3580 2302 3617 una
2347 3580 2466 3616 cum
2512 3564 2677 3618 diuite
2702 3563 3009 3619 exlendaris
3037 3582 3052 3631 ;
3089 3581 3152 3619 ne
3184 3581 3395 3635 quwras
3427 3582 3523 3618 sa-

196 3656 461 3711 λεύεται·
496 3657 593 3725 Μὴ
638 3656 765 3712 ἴσθι
801 3656 991 3727 ταχὺς
1015 3659 1087 3712 ἐν
1111 3656 1339 3729 λόγοις,
1359 3659 1447 3729 μὴ
1473 3673 1821 3731 συμπαρεκ-

1929 3659 2199 3730 pientibus
2230 3676 2342 3713 esse
2368 3659 2668 3729 sapientior
2715 3659 2784 3712 ³⁸.
2820 3657 2876 3713 Si
2912 3658 3040 3728 quis
3069 3667 3253 3714 autem
3278 3673 3525 3728 praesen-

198 3752 425 3807 τείνου
492 3750 685 3820 πένης
733 3749 822 3804 ὢν
888 3749 1171 3818 πλουσίῳ
1194 3792 1211 3817 ,
1269 3752 1428 3822 μηδὲ
1481 3752 1639 3823 (vim
1704 3752 1825 3809 τῶν

1931 3763 2037 3807 tem
2067 3766 2336 3807 canonem
2382 3750 2721 3807 labefactans
2762 3751 3139 3822 deprehensus
3172 3751 3338 3807 fuerit
3380 3767 3523 3824 qua-

198 3842 439 3915 σοφῶν
476 3840 631 3899 εἶναι
664 3845 1026 3915 σοφώτερος·
1083 3847 1134 3899 εἰ
1185 3845 1245 3900 δέ
1308 3863 1392 3910 τις
1422 3846 1537 3918 ἁλῷ
1580 3846 1673 3901 τὸν
1720 3865 1829 3901 πα-

1932 3846 2183 3917 dtaginta
2215 3846 2411 3902 diebus
2439 3857 2779 3917 segregetur.

205 3938 392 4011 ρόντα
425 3936 819 4010 παρασαλεύων
857 3938 1084 4004 κανόνα,
1136 3941 1230 3995 ἐπὶ
1281 3940 1498 4011 ἡμέρας
1531 3937 1584 4012 μ’
1633 3942 1828 4012 ἀφορι-

203 4032 427 4098 ζὲσθω.
1388 4094 1413 4133 ‘

1552 4352 1961 4441 ἹἸΤΛΟΣ
2037 4348 2201 4441 ΙΔ⁸.

1254 4541 1413 4596 ΠΕΡΙ
1465 4542 1730 4597 ΚΟΙΝΩΝ
1771 4542 2057 4597 ΠΔΝΤΩΝ
2097 4540 2491 4597 ΑΝΘΡΩΠΩΝ.

1494 4853 1966 4932 TlTULUS
2069 4855 2283 4932 XIV.

916 5034 1005 5090 DE
1043 5034 1301 5093 CULPlS
1336 5034 1505 5105 QUIE
1538 5034 1604 5090 IN
1650 5032 1883 5091 ΟΜΝΕὸ
1929 5032 2237 5090 llOMiNES
2271 5032 2549 5089 CADERE
2582 5030 2891 5099 QUEUNT.

309 5195 569 5252 ΚΕΦΔΛ.
599 5191 685 5249 Α’.
716 5224 787 5237 --
819 5192 959 5263 Περὶ
992 5194 1373 5261 πλεονεξίας.

2015 5188 2246 5250 CAPUT
2286 5192 2324 5247 Ι.
2357 5221 2427 5233 -
2454 5190 2532 5247 De
2562 5193 2817 5247 avaritia.

567 5290 906 5358 Γρηγορίου
946 5289 1206 5355 Νύσσης
1238 5288 1443 5341 κανὼν
1470 5292 1550 5351 ς’.

243 5367 261 5380 ’
311 5392 391 5451 ς’.
415 5383 490 5437 Τὸ
516 5383 575 5437 δὲ
606 5385 794 5455 ἕτερον
827 5379 968 5446 εἶδος
997 5383 1095 5454 τῆς
1116 5380 1556 5451 εἰδωλολατρίας,
1588 5397 1642 5433 κ.
1670 5396 1721 5434 τ.
1757 5379 1810 5434 λ.

228 5490 249 5549 μ
314 5478 579 5532 ΚΕΦΔΛ.
602 5475 678 5529 B'.
702 5476 931 5546 -Περὶ
967 5475 1455 5547 ἀλογευομένων.

498 5569 773 5625 Συνόδου
812 5570 1094 5639 Ἀγκύρας
1129 5567 1332 5622 κανὼν
1361 5565 1434 5621 ις’
1463 5567 1549 5633 ιζ’.

312 5662 413 5730 ις’.
448 5662 587 5732 Περὶ
619 5662 729 5716 τῶν
770 5661 1227 5733 ἀλογευσαμένων
1272 5661 1304 5733 ἢ
1359 5662 1453 5715 καὶ
1502 5660 1837 5730 ἁλογευομέ-

238 5773 379 5822 νων,
416 5774 472 5812 κ.
494 5775 547 5811 τ.
581 5756 631 5811 λ.

314 5896 361 5931 ⁸³
385 5894 429 5951 ll
454 5894 581 5953 Cor.
614 5912 711 5960 xu,
751 5896 837 5952 l8.
912 5898 959 5931 ⁸⁸
982 5894 1134 5956 Orat.
1176 5899 1240 5955 de
1270 5898 1531 5957 servanda
1566 5898 1621 5954 in
1651 5895 2107 5954 disuutationibus
2149 5893 2529 5952 moderatione.

577 5990 853 6055 PATBOL.
882 5991 1000 6055 Gn.
1032 5991 1191 6056 CIV.

2332 5286 2574 5358 Gregorii
2604 5287 2838 5359 Nysseni
2871 5304 3039 5342 canon
3086 5286 3140 5343 ϐ.

2022 5381 2074 5436 6.
2116 5381 2302 5436 Altera
2339 5380 2663 5436 idololatria:
2697 5380 2932 5452 species,
2957 5390 3089 5447 etc.,
3123 5392 3178 5435 nt
3215 5398 3337 5451 pag.
3374 5382 3498 5438 958.

2014 5474 2166 5528 CAP.
2206 5473 2271 5528 ll.
2298 5506 2369 5517 -—
2404 5474 2479 5528 De
2506 5473 2970 5529 concumbentibus
3005 5490 3124 5528 cum
3161 5473 3351 5529 brutis.

2232 5566 2461 5623 Coneilii
2492 5569 2761 5639 Ancyrani
2792 5585 3022 5623 canones
3050 5568 3246 5635 16,17.

2020 5659 2107 5715 16.
2152 5659 2227 5714 De
2261 5661 2330 5717 iis
2384 5662 2477 5731 qui
2526 5663 2756 5718 rationis
2798 5662 3042 5732 expertia
3096 5662 3353 5718 animalia
3396 5662 3535 5718 inie-

1952 5762 2081 5810 runt
2107 5752 2193 5809 vel
2220 5752 2431 5819 ineunt,
2465 5761 2598 5820 etc.,
2628 5765 2684 5808 ut
2717 5772 2837 5827 pag.
2869 5754 2993 5810 891.

2612 5897 2827 5974 “pEccl.
2866 5916 2917 5968 γ,
2946 5900 2998 5956 1.

3124 5993 3208 6069 ,ει
