3870 6290
544 328 644 394 971
1737 336 1999 397 ΡΗΟΤΙΙ
2037 337 2072 398 P

2211 337 2547 401 tunc.qu
2581 341 2692 404 cr.
3661 368 3739 430 972

617 445 705 500 t7.
750 443 856 502 Eos
888 445 982 518 qui
1019 446 1252 504 rationis
1280 448 1530 521 expertia
1563 449 1889 518 animantia,
1922 462 2053 518 etc.,
2085 461 2145 508 ut

1805 451 1889 518 .ia,
1922 462 2053 518 etc.,
2085 461 2148 508 ut
2188 455 2232 510 A
2337 455 2422 520 ιζ’.
2457 458 2595 523 Τοὺς
2615 459 3112 532 ἀλογευσαμένους,
3140 480 3194 518 κ.
3220 481 3271 519 τ.
3290 464 3333 522 λ.

546 549 605 593 ιιι
639 554 760 611 pag.
793 540 921 596 891.

1081 635 1274 692 Basilii
1309 653 1482 692 canon
1511 635 1600 694 65.

2671 647 3002 702 Βασιλείου
3039 649 3242 704 κανὼν
3271 651 3373 719 ξγ’.

615 720 707 778 65.
745 720 849 788 Qui
878 739 1034 779 suam
1066 724 1122 780 in
1154 726 1443 782 brutorum
1477 728 1774 784 concubitu
1799 729 2138 800 impietatem

2320 737 2422 808 ξγθ,
2464 737 2524 793 '0
2549 740 2608 793 ὲν
2628 739 2848 808 ἀλόγοις
2869 740 2969 815 τὴν
2989 742 3187 796 ἑαυτοῦ
3203 744 3446 800 ἀσέόειαν
3462 747 3751 824 ἐξαγορεύων,

546 811 864 879 conﬁtetur,
892 815 1032 871 idem
1063 826 1279 888 tempus
1312 820 1366 873 in
1408 821 1732 890 poenitentia
1765 823 2028 878 servabit.

2249 828 2343 883 τὸν
2377 829 2542 885 αὐτὸν
2586 829 2746 901 λόγον
2773 811 3270 907 ἐξομολογούμενος
3314 811 3719 911 παραφυλαξεται,

863 908 1031 982 476
1068 909 1312 982 Gregorii
1348 911 1578 983 Nysseni
1609 929 1728 983 cap.
1762 917 1816 970 5.

2580 924 2917 994 Γρηγορίου
2948 929 3208 996 Νὐσσης
3233 945 3364 998 asse.
3394 908 3460 1000 .

613 1000 670 1054 5.
714 999 919 1056 Eorum
951 1011 1133 1058 autem
1165 1019 1288 1074 quze
1314 1004 1382 1060 ad
1414 1005 1775 1076 cupiditatem
1807 1015 1863 1063 et
1895 1006 2141 1077 volupta-

2319 1011 2388 1081 γ’.
2418 1013 2542 1069 Τῶν
2565 1015 2622 1069 δὲ
2651 1015 2722 1071 δι’
2746 1018 3042 1090 ἐπιθυμίαν
3067 1039 3126 1075 τε
3148 1025 3243 1076 καὶ
3273 1024 3462 1098 ἡδονὴν
3516 1034 3756 1103 γινομένων

549 1098 654 1146 tem
689 1092 826 1146 tiunt
859 1099 1231 1160 peccatorum,
1260 1102 1392 1161 etc.,
1423 1103 1482 1148 ut
1512 1112 1634 1166 pag.
1676 1095 1803 1151 807.

1423 1103 1482 1148 ut
1512 1112 1634 1166 pag.
1676 1095 1803 1151 807.
2253 1107 2698 1180 ἁμαρτημάτων,
2733 1128 2786 1165 κ.
2821 1130 2871 1168 τ.
2897 1113 2945 1167 λ.

615 1181 770 1238 CAP.
803 1181 888 1237 Ill.
913 1213 984 1222 —
1008 1183 1086 1238 De
1116 1183 1398 1240 homicidia
1436 1197 1485 1241 et
1514 1187 1833 1243 latronibus.

2323 1202 2578 1257 ΚΕΦΑΛ.
2612 1202 2687 1260 1".
2717 1235 2789 1245 —
2820 1207 2959 1274 Περὶ
2997 1209 3235 1278 φονέων
3269 1211 3366 1264 καὶ
3397 1215 3633 1282 λῃστῶν.

992 1277 1371 1347 Apostolorum
1405 1296 1576 1334 canon
1609 1280 1697 1336 66.

2676 1277 3057 1353 Ἀποστόλων
3077 1301 3283 1356 κανὼν
3316 1302 3421 1370 Eg’.

612 1365 684 1422 66
720 1363 859 1439 [64].
903 1365 961 1422 Si
989 1368 1116 1438 quis
1144 1369 1387 1426 clericus
1421 1371 1475 1426 in
1506 1388 1690 1444 pugna
1723 1376 2006 1444 pulsatum
2041 1378 2140 1433 ali-

2328 1385 2435 1454 Eg’.
2465 1388 2534 1442 El
2552 1407 2634 1455 τις
2666 1390 2927 1462 κληρικδς
2950 1394 3007 1447 ἐν
3038 1394 3190 1467 μάχῃ
3219 1363 3344 1451 τινα
3357 1363 3594 1471 νκρούσει,
3610 1422 3654 1460 κ.
3671 1424 3709 1462 τ.
3729 1409 3763 1465 λ.

546 1475 733 1531 quem,
765 1468 894 1526 etc.,
923 1469 983 1515 ut
1014 1478 1138 1534 pag.
1177 1462 1302 1521 746.

708 1551 938 1607 Concilii
969 1555 1242 1625 Ancyrani
1271 1572 1500 1613 canones
1527 1557 1620 1622 21,
1650 1559 1743 1622 22,
1767 1559 1859 1625 9.5,
1894 1560 1985 1617 25.

2350 1566 2623 1623 Συνόδου
2665 1569 2958 1640 Ἀγκύρας
2993 1571 3202 1628 κανὼν
3227 1581 3336 1642 κα’,
3369 1575 3470 1646 κβ’,
3499 1579 3592 1649 κγ’,
3613 1582 3691 1639 κε’.

615 1646 708 1701 2t.
751 1645 828 1703 De
872 1647 1200 1705 mulieribus
1247 1665 1371 1721 qua:
1417 1662 1548 1708 sunt
1587 1651 1893 1721 fornicatae,
1927 1665 2057 1722 etc.,
2090 1667 2143 1712 ιιι

2327 1655 2436 1714 κα’.
2471 1659 2608 1731 Περὶ
2646 1659 2757 1713 τῶν
2794 1662 3075 1732 γυναικῶν
3097 1663 3211 1718 τῶν
3262 1668 3671 1739 ὲκπορνευουσῶν
3703 1679 3769 1732 καὶ

547 1756 667 1810 pag.
708 1739 838 1796 919.

2181 1817 2223 1825 __
2257 1750 2600 1820 ἀναιρουσῶν
2623 1753 2693 1806 τὰ
2721 1753 3042 1825 γεννώμενα
3073 1773 3128 1811 κ.
3160 1775 3215 1813 τ.
3245 1758 3297 1813 λ.

617 1833 709 1887 ‘22.
761 1833 835 1890 De
878 1834 1206 1893 voluntariis
1254 1839 1498 1896 caedibus
1529 1882 1544 1908 ,
1603 1842 1879 1912 supplices
1923 1845 2143 1915 quidem

2334 1817 2440 1914 1,8".
2465 1845 2602 1916 Περὶ
2626 1817 2917 1901 ἑκουσίων·
2965 1850 3166 1919 φόνων,
3199 1852 3632 1912 ὑποπιπτέτωσιιν
3658 1861 3732 1932 μέν
3759 1881 3767 1893 ·

548 1924 976 1984 substernantur
1015 1947 1028 1984 :
1089 1944 1154 1985 eo
1185 1939 1367 1986 autem
1401 1933 1546 2004 quod
1583 1934 1885 2005 perfectum
1916 1946 2034 2006 est,

2255 1935 2349 1988 τοῦ
2379 1935 2438 1991 δὲ
2461 1935 2692 2006 τελείου,
2717 1938 2778 1994 ὲν
2809 1938 2888 2012 τῷ
2908 1940 3057 1995 τέλει
3085 1941 3181 1998 τοῦ
3203 1942 3324 2015 βίου
3349 1947 3769 2015 καταξιούσθωσαν.

548 2019 657 2074 line
683 2019 811 2076 vitae
841 2020 990 2092 digni
1025 2022 1357 2080 habeantur.

619 2111 711 2167 23.
757 2112 833 2168 De
861 2115 1249 2173 involuntariis
1277 2118 1543 2185 caadibus,
1577 2120 1726 2192 prior
1751 2125 1971 2193 quidem
2005 2144 2141 2184 con-

2325 2112 2431 2184 κγ’.
2481 2114 2604 2168 Ἐπὶ
2631 2115 2906 2172 ἀκουσίων
2959 2119 3139 2190 φόνων
3176 2122 3204 2175 ὁ
3236 2121 3340 2192 μὲν
3391 2123 3633 2197 πρότερος
3671 2127 3772 2198 δρθὲι

548 2206 761 2262 stitutio
805 2207 968 2276 jubet
1016 2209 1068 2262 in
1126 2212 1413 2280 septennio
1465 2226 1562 2282 per
1605 2215 1906 2284 pra-ﬁnitos
1941 2222 2070 2290 grad

2257 2208 2315 2260 ὲν
2351 2207 2616 2278 έπταετίᾳ
2675 2208 2890 2264 κελεύει
2943 2210 3040 2266 τοῦ
3101 2214 3316 2268 τελείου
3371 2220 3637 2289 μετασχεῖν
3675 2221 3774 2274 κατὰ

545 2312 669 2354 esse
705 2299 930 2369 perfecti
964 2303 1302 2375 participes:
1337 2307 1579 2362 secunda
1613 2323 1742 2366 vero
1765 2349 1779 2375 ,
1827 2313 2071 2384 quinque

2251 2301 2381 2365 τοὺς
2407 2301 2752 2374 ὡρισμένους
2813 2304 3060 2377 βαθμούς
3084 2323 3098 2339 ’
3129 2309 3159 2362 ὁ
3187 2307 3247 2362 δὲ
3279 2308 3546 2381 δεύτερος,
3583 2311 3661 2365 τδν
3686 2329 3774 2366 πεν-

548 2391 701 2446 nium
738 2393 987 2464 implere.
1223 2420 1228 2422 ·

2252 2395 2418 2464 ταετῆ
2453 2395 2650 2467 χρόνον
2681 2398 2992 2470 πληρῶσαι.
3250 2407 3253 2410 ’

614 2484 705 2539 25.
748 2484 980 2552 Quidam
1011 2490 1099 2544 cui
1130 2499 1249 2546 erat
1289 2494 1469 2563 puella
1517 2497 1867 2568 desponsata,
1913 2512 2045 2568 etc.,
2084 2512 2139 2555 ut

1995 2520 2045 2568 ει,
2084 2512 2139 2555 ,α
2327 2486 2425 2542 κε’.
2445 2489 2944 2564 Μνηστευσάμενός
2969 2509 3054 2558 τις
3087 2494 3280 2567 κόρην,
3317 2512 3375 2550 κ.
3408 2514 3456 2550 τ.
3475 2497 3523 2553 λ.

582 2594 668 2634 aa.
706 2579 830 2634 786.

543 2593 668 2647 pag.
706 2578 830 2634 786.

616 2672 809 2729 Basilii
846 2691 1072 2731 canones
1111 2677 1164 2742 7,
1199 2678 1255 2744 8,
1289 2678 1379 2744 11,
1409 2680 1496 2746 15,
1540 2682 1631 2748 55,
1665 2683 1758 2749 45,
1793 2683 1884 2753 52,
1917 2687 2006 2751 54,
2048 2687 2071 2741 5

2328 2671 2652 2728 Βασιλείου
2683 2674 2886 2730 κανὼν
2907 2674 2973 2740 ζ’,
3003 2683 3076 2748 η’,
3107 2676 3201 2743 ια’,
3230 2679 3323 2748 ιγ’,
3355 2678 3457 2750 λγ’,
3485 2679 3587 2752 μγ’,
3615 2680 3695 2752 νβ’,
3714 2683 3776 2746 νιῖ,

547 2763 636 2831 55,
677 2765 766 2831 56,
799 2767 892 2822 57.
2253 2779 2312 2816 νε
2333 2804 2347 2828 ,
2380 2763 2490 2831 νς’,
2523 2764 2621 2831 νζ’.
2841 2795 2844 2804 ι

621 2857 683 2911 7.
725 2856 1100 2916 Masculorum
1139 2869 1194 2917 et
1227 2863 1549 2920 animalium
1592 2877 1970 2939 corruptores,
2004 2880 2137 2938 etc.,

635 2965 758 3004 paa.
797 2951 858 3004 9|
876 2951 926 3004 vl.

2326 2855 2392 2921 ζ’·
2442 2859 2884 2932 Ἀρῤῑνοφθόροίν
2944 2865 3039 2917 καί
3095 2863 3436 2937 ξωοειΰοόροι,
3500 2871 3582 2920 καὶ
3633 2872 3777 2936 φονεζ,

2255 2969 2308 3004 κ.
2345 2969 2395 3004 τ.
2426 2951 2479 3004 λ.
2553 2951 2575 2971 ’

546 2958 604 3000 ut
635 2965 758 3020 pag.
797 2951 858 3006 9|
876 2951 897 3004 vl
913 2992 926 3006 .

2255 2969 2308 3006 κ.
2345 2969 2395 3007 τ.
2426 2951 2478 3007 λ.

620 3043 674 3096 8.
717 3041 821 3109 Qui
851 3043 920 3098 ob
948 3044 1293 3103 iracundiam
1342 3051 1522 3106 securi
1579 3053 1844 3112 adversus
1889 3074 2138 3127 uxorem,

1889 3074 2138 3127 uxorem,
2291 3043 2361 3116 η’.
2407 3045 2464 3100 Ὀ
2485 3046 2644 3122 ἀξίνῃ
2669 3047 2819 3119 παρὰ
2845 3048 2936 3102 τὸν
2970 3049 3164 3121 θυμὸν,
3193 3068 3248 3107 κ.
3274 3069 3330 3106 τ.
3361 3053 3410 3108 λ.

545 3142 678 3199 etc.,
710 3145 766 3189 ut
791 3151 911 3207 pag.
943 3137 1071 3194 922.

617 3230 708 3285 11.
741 3229 845 3298 Qui
891 3241 1075 3288 autem
1119 3235 1550 3294 involuntariam
1583 3241 1786 3296 caedem
1827 3240 1979 3309 fecit,
2033 3260 2137 3298 uu-

2337 3229 2428 3285 ια’.
2467 3233 2526 3285 '0
2558 3232 2616 3286 δὲ
2644 3233 2736 3286 τὸν
2773 3234 3032 3288 ἀκούσιον
3097 3239 3340 3309 ποιήσας
3399 3239 3573 3309 φόνον,
3612 3239 3784 3311 ἀρκούν-

545 3322 723 3378 decim
760 3339 1032 3382 annorum
1090 3331 1271 3400 spatio
1326 3333 1782 3406 abundejudicio
1837 3339 2073 3397 satisfeci

2259 3339 2367 3388 τως
2391 3323 2741 3398 ἐξεπλήρωσε
2773 3329 2875 3399 τὴν
2899 3327 3055 3401 δίκην
3074 3331 3133 3383 ὲν
3161 3333 3276 3394 τοῖς
3305 3331 3502 3386 ἕνδεκα
3539 3331 3692 3386 ἔτεσι·
3717 3333 3783 3401 δῆ-

546 3413 684 3470 Nam
747 3417 920 3476 dubio
967 3423 1180 3491 procul,
1230 3441 1357 3496 erga
1410 3443 1508 3484 eos
1559 3433 1653 3498 qui
1708 3437 1952 3502 percussi
1989 3451 2073 3491 sm

2263 3415 2354 3470 λον
2375 3417 2486 3490 γὰρ
2513 3418 2596 3472 ὅτι
2625 3420 2718 3474 ἐπὶ
2767 3420 2878 3476 τῶν
2906 3422 3229 3493 πληγέντων
3258 3423 3331 3477 τὰ
3361 3424 3625 3487 Μωῡσέως
3651 3440 3783 3492 παραυ

546 3507 752 3580 Moysis
780 3515 1097 3585 prazscripta
1119 3518 1563 3588 observabimus,
1593 3539 1658 3579 ac
1687 3540 1814 3580 eum
1847 3529 1941 3597 qui
1972 3528 2070 3584 dec

2259 3515 2610 3583 τηρήσομενο
2671 3515 2767 3567 καὶ
2816 3516 2909 3568 τὸν
2981 3516 3389 3571 κατακλιθέντα
3441 3518 3536 3586 μὲν
3583 3518 3672 3571 ὑπὸ
3711 3515 3786 3568 τῶν

546 3600 668 3654 buit
693 3601 914 3671 quidem
950 3613 1071 3672 post
1113 3615 1370 3677 acceptas
1407 3611 1619 3682 plagas,
1669 3615 1762 3668 sed
1809 3615 2006 3670 iterum
2035 3616 2068 3670 ι)

2264 3605 2490 3675 πληγῶν
2519 3607 2585 3673 ἃς
2621 3607 2805 3674 ἔλαὸε,
2846 3609 3146 3681 βαδίσαντα
3173 3611 3231 3666 δὲ
3258 3612 3427 3667 πάλιν
3455 3614 3544 3666 ἐπὶ
3574 3615 3632 3684 τῇ
3657 3612 3788 3684 ῥάόδῳ

545 3692 670 3747 culo
700 3709 802 3749 suo
844 3694 1070 3752 innixus
1118 3699 1440 3766 ambulavit,
1496 3720 1605 3758 non
1660 3709 2014 3764 concedimus
2055 3725 2073 3764 ι

2265 3699 2486 3764 ἑαυτοῦ,
2525 3701 2585 3755 οὐ
2619 3701 2948 3774 λογισόμεθα
2984 3705 3378 3773 πεφονεῦσθαι.
3429 3707 3491 3760 El
3529 3706 3681 3760 δὲκαὶ
3719 3705 3789 3758 olm

547 3786 726 3841 cisum
765 3786 958 3844 fuisse.
996 3789 1088 3844 Sin
1133 3803 1316 3848 autem
1366 3811 1473 3850 non
1506 3798 1744 3852 surrexit
1779 3811 1903 3869 post
1929 3799 2075 3870 plaga

2271 3791 2537 3864 ἐξανέστη
2569 3795 2706 3863 μετὰ
2721 3795 2822 3861 τὰς
2853 3798 3093 3870 πληγὰς,
3135 3795 3370 3854 ἁλλόὗν
3400 3799 3478 3870 τῷ
3509 3802 3579 3871 μὴ
3622 3798 3789 3870 προελέ-

546 3879 678 3949 quia
699 3892 880 3936 tamen
911 3898 1019 3938 non
1069 3884 1242 3941 voluit
1273 3889 1524 3944 occidere
1555 3891 1601 3945 is
1633 3894 1723 3962 qui
1760 3898 2011 3962 perculit,
2043 3898 2072 3950 ll

2267 3884 2394 3938 σθαι
2443 3886 2606 3943 αὐτδν
2638 3889 2851 3944 ἀνελεῖν
2873 3891 2904 3944 ὁ
2950 3893 3259 3964 τυπτήσας,
3314 3893 3576 3964 φονευτὴς
3609 3892 3692 3965 μὲν
3710 3890 3788 3946 ἀλλ’

548 3972 753 4027 micida
789 3976 1012 4045 quidem
1039 3987 1143 4043 est,
1187 3980 1281 4035 sed
1326 3981 1735 4040 involuntarius
1765 3999 1989 4058 prepter
2017 4008 2076 4060 pr

1568 3986 1735 4040 larius
1765 3999 1989 4058 propter
2017 4008 2141 4060 νη)-
2265 3978 2526 4045 ἀκούσιος
2561 3981 2650 4037 διὰ
2677 3981 2775 4055 τὴν
2813 3983 3096 4055 πρόθεσιν.

547 4066 814 4136 positum.

625 4159 714 4214 15.
745 4159 936 4216 (Sardes
975 4161 1029 4216 in
1064 4162 1220 4219 bellis
1267 4162 1437 4220 factas
1474 4177 1658 4238 patres
1694 4171 1866 4226 nostri
1914 4189 2011 4242 pro
2042 4191 2142 4228 (τωο

2342 4165 2428 4233 ιγ’.
2465 4166 2604 4232 Τοὺς
2642 4168 2700 4221 ὲν
2729 4167 2990 4239 πολέμοις
3054 4169 3250 4241 φόνους
3279 4172 3334 4224 οἱ
3394 4171 3622 4243 πατέρες
3662 4168 3790 4240 ἡμῶν,

551 4249 713 4305 dibus
738 4268 844 4308 non
883 4254 1161 4322 habuere;
1193 4257 1320 4322 illis,
1352 4267 1410 4313 ut
1435 4261 1568 4314 mibi
1605 4261 1840 4325 videtur,
1864 4269 1953 4334 qui
1979 4265 2079 4338 47

2267 4263 2325 4316 ἐν
2350 4265 2462 4326 τοῖς
2489 4263 2672 4332 φόνοις
2704 4264 2804 4318 οὐκ
2827 4265 3162 4336 έλογίσαντο,
3209 4268 3338 4337 ἐμοὶ
3391 4267 3540 4320 δοκεῖ
3596 4263 3785 4333 συγγνώρ

554 4358 658 4414 pro
684 4345 947 4414 pudicitia
976 4361 1041 4401 ac
1066 4349 1274 4418 pietate
1303 4362 1569 4421 pugnant,
1608 4353 1978 4424 ignosrentes.
2012 4356 2082 4412 Fu

2271 4373 2380 4425 μην
2430 4355 2614 4420 δόντες
2661 4359 2776 4422 τοῖς
2845 4358 2988 4430 ὑπὲρ
3039 4359 3414 4432 σωφροσύνης
3467 4359 3560 4413 καὶ
3575 4357 3793 4418 εὐσεϐείας

555 4444 709 4492 tasse
739 4447 928 4494 tamen
987 4450 1134 4496 recte
1172 4444 1513 4507 suadebitur,
1544 4454 1605 4500 ut
1643 4447 1748 4516 ipsi
1795 4463 1918 4503 cum
1952 4465 2077 4504 man

2267 4449 2637 4522 ἀμυνομένοις
2661 4465 2676 4480 °
2709 4451 2852 4522 τάχα
2880 4451 2940 4505 δὲ
2974 4452 3160 4517 καλῶς
3211 4453 3329 4525 ἔχει
3370 4450 3728 4525 συμϐουλεύειν
3741 4447 3790 4508 6;

555 4543 749 4583 eorum
777 4546 926 4600 purae
954 4546 1062 4587 non
1099 4534 1228 4600 sint,
1277 4551 1372 4605 per
1423 4545 1534 4592 tres
1569 4552 1747 4594 annos
1789 4555 1818 4593 a
1855 4541 1972 4595 sola
2002 4559 2083 4598 co:

2265 4542 2363 4606 τὰς
2386 4544 2573 4613 χεῖρας
2597 4543 2672 4616 μὴ
2717 4544 3018 4618 καθαροὺς,
3061 4545 3230 4618 τριῶν
3260 4546 3404 4600 ἐτῶν
3439 4547 3542 4618 τῆς
3567 4543 3792 4600 κοινωνίας

560 4623 830 4676 rnunione
865 4624 1203 4680 abstineant.

2269 4634 2439 4705 μόνης
2470 4637 2793 4707 ἀπέχεσθαι.

629 4713 717 4767 55.
757 4710 953 4770 Mulier
986 4731 1109 4788 qum
1141 4717 1197 4774 in
1231 4719 1313 4774 via
1361 4722 1594 4792 peperit,
1637 4733 1692 4779 et
1745 4723 1889 4780 fetus
1937 4725 2022 4781 sui
2064 4742 2157 4782 cu-

2335 4723 2436 4794 λγ’.
2479 4726 2544 4780 Ἦ
2569 4726 2707 4798 γυνὴ
2731 4730 2762 4799 ἡ
2787 4729 2876 4782 διὰ
2931 4730 3027 4800 τῆς
3063 4729 3183 4785 ὁδοῦ
3216 4733 3496 4805 κυήσασα,
3530 4734 3619 4790 καὶ
3643 4729 3795 4803 ἀμελή-

557 4822 677 4862 ram
706 4822 816 4862 non
853 4811 1116 4883 suscepit,
1143 4813 1312 4869 caedis
1348 4816 1569 4871 crimini
1600 4818 1954 4888 subjiciatur.

2266 4835 2409 4872 σασα
2440 4819 2533 4874 τοῦ
2560 4821 2866 4892 κυήματος,
2899 4821 2978 4895 τῷ
3009 4823 3106 4878 τοῦ
3163 4824 3327 4895 φόνου
3357 4829 3654 4900 ἐγκλήματι
3697 4824 3792 4877 ὑπο-

2264 4911 2488 4965 κείσθω.

629 4988 721 5042 45.
757 4987 860 5053 Qui
896 4989 1090 5043 mortis
1141 4991 1309 5044 ictum
1361 4991 1510 5046 dedit
1539 4993 1820 5062 proximo,
1854 5005 1937 5051 est
1985 4996 2157 5051 homi-

2339 5004 2455 5075 μγ’.
2508 5007 2606 5071 ⁵·ος
2649 5007 2884 5062 θανάτου
2960 5009 3178 5082 πληγὴν
3237 5013 3318 5085 τῷ
3387 5013 3614 5086 πλησίον
3650 5010 3789 5071 ἔδωκεν

561 5077 705 5142 cidn,
733 5081 848 5135 sive
871 5091 1154 5150 percutere
1188 5083 1413 5153 incepit,
1440 5085 1555 5139 sise
1583 5087 1730 5141 ultus
1766 5097 1870 5143 est.

2265 5098 2461 5169 φονεύς
2482 5099 2654 5167 ἐστιν,
2683 5102 2795 5157 εἴτε
2819 5097 2955 5175 ἦρξε
2983 5077 3347 5179 τῆςπλῆγης,
3385 5077 3499 5162 εἴτε
3529 5105 3752 5178 ἠμύνατο.

635 5171 725 5226 52.
759 5173 893 5239 Qua:
922 5173 1094 5229 letum
1129 5174 1183 5227 in
1239 5175 1327 5228 via
1365 5175 1570 5230 editum
1615 5178 1896 5250 neglexit,
1933 5187 2067 5247 etc.,
2103 5191 2160 5235 ut

2336 5190 2435 5264 νβ’.
2483 5193 2546 5246 Ἦ
2579 5192 2676 5246 τοῦ
2717 5171 3001 5266 κυήματος
3035 5171 3180 5252 κατὰ
3205 5171 3471 5269 την-ὁδὸν
3503 5171 3787 5270 ἀμελήσαῖαι

563 5281 686 5335 pag.
719 5263 844 5320 922.

2265 5305 2319 5341 κ.
2343 5304 2396 5343 τ.
2428 5287 2477 5344 λ.

637 5377 726 5432 54.
771 5379 1278 5436 lnvoluntariarum
1312 5382 1542 5438 caedium
1569 5384 1890 5440 discrimina
1925 5388 2042 5443 scio
2074 5405 2162 5444 me

2338 5399 2434 5457 νδ’.
2467 5403 2580 5468 Τὰς
2630 5403 2741 5458 τῶν
2781 5406 3056 5462 ἀκουσίων
3091 5407 3185 5461 καὶ
3238 5407 3506 5462 ἑκουσίων
3563 5403 3790 5475 διαφορᾶςς

561 5482 688 5527 ante
742 5484 963 5544 tempus
1014 5474 1203 5544 pietati
1240 5485 1346 5530 tuae
1396 5492 1497 5546 pro
1531 5477 1744 5534 viribus
1776 5481 2089 5551 descripsiss

2267 5491 2373 5563 πρὸ
2407 5493 2603 5564 χρόνου
2634 5489 2753 5548 οἶδα
2780 5495 3096 5562 ἐπιστείλας
3149 5500 3216 5569 τῇ
3259 5496 3544 5570 θεοσεὸεία
3573 5474 3673 5562 σου,
3693 5474 3795 5547 κατὰ

561 5581 738 5637 neque
767 5566 855 5620 bis
895 5567 1129 5638 amplius
1173 5570 1473 5640 quidquam
1511 5571 1695 5628 dicere
1727 5589 1900 5643 queo;
1943 5587 2028 5631 est
2053 5593 2082 5631 a

2263 5585 2323 5638 τὸ
2353 5587 2478 5656 ἐμοὶ
2538 5586 2786 5652 δυνατὸν,
2824 5588 2918 5641 καὶ
2976 5589 3140 5642 πλέον
3188 5566 3415 5644 έκείνων
3475 5566 3617 5644 ούδὲν
3663 5588 3791 5641 εἰπεῖν

559 5669 667 5713 tem
731 5669 835 5713 ture
884 5660 1206 5730 prudentia},
1275 5679 1372 5733 pro
1431 5679 1598 5720 casus
1641 5665 1912 5739 cujusque
1945 5669 2084 5725 ratio

2266 5678 2500 5750 δύναμαι
2531 5697 2542 5709 ·
2567 5680 2665 5750 τῆς
2692 5680 2751 5733 δὲ
2783 5682 2883 5752 σῆς
2916 5679 3185 5746 συνέσεώς
3236 5686 3352 5738 ἐστι
3393 5684 3536 5737 κατὰ
3565 5683 3620 5737 τὸ
3646 5681 3794 5746 ἰδίωμα

557 5767 750 5821 pinnas
787 5753 1093 5824 intendere,
1122 5765 1214 5810 aut
1246 5757 1408 5812 ctiam
1446 5760 1746 5819 remittere,
1977 5761 1982 5764 ’
2049 5762 2077 5766 ”

2266 5773 2482 5840 ὑφιέναι
2499 5770 2599 5841 τῆς
2621 5774 3016 5845 περιστάσεως,
3036 5773 3326 5829 ἐπιτείνειν
3353 5776 3418 5828 τὰ
3432 5773 3666 5843 ἐπιτίμια
3683 5767 3709 5841 ἢ
3728 5763 3794 5818 κειὶ

2167 5893 2171 5916 ι
2266 5864 2501 5935 ὑφιέναι.
2767 5865 2781 5870 ’
2818 5866 2828 5870 ’
2866 5865 2874 5871 ’
3133 5867 3139 5935 ξ

2927 5935 3021 5946 --ν-
3071 5932 3170 5946 --νιτι
3215 5935 3280 5946 νυ
3324 5937 3330 5943 ·
3371 5938 3388 5944 -
3432 5936 3470 5941 ν’·
