4022 6398
242 363 347 429 973

311 470 404 530 γε’.
432 472 497 528 Οἱ
521 472 635 536 τοῖς
664 469 891 544 λῃσταῖς
920 467 1354 534 ἀντεπεξιόντες,
1384 483 1441 519 κ.
1465 483 1517 518 τ.
1547 464 1598 518 λ.

310 565 423 633 νς’.
472 565 531 619 Ὀ
557 563 820 626 ἑκουσίως
851 561 1142 632 φονεύσας,
1181 557 1323 631 μετὰ
1348 557 1405 611 δέ
1457 554 1615 610 τοῦτο
1661 570 1829 625 μετα-

242 658 525 732 μεληθεὶς,
555 657 731 710 εἴκοσι
755 653 902 708 ἐτεσι
922 651 1292 724 ἀκοινώνητος
1341 650 1495 703 ἐσται
1533 650 1646 712 τοῖς
1677 647 1831 717 ἁγιά-

243 767 416 822 σμασι
443 768 457 781 ο
481 748 550 803 τὰ
576 748 635 802 δὲ
667 746 844 801 εἴκοσι
866 745 963 819 ἐτη
997 744 1173 809 οὕτως
1227 742 1717 815 οἰκονομηθήσεται
1744 742 1831 792 ἐπ’

237 842 415 913 αὐτῷ.
449 841 538 894 Ἐν
564 839 860 910 τέσσαρσιν
888 837 1035 891 ἐτεσι
1084 834 1437 907 προσκλαίειν
1464 832 1692 902 ὀφείλει,
1727 830 1834 895 ἐξω

252 935 356 1005 τῆς
381 934 552 1006 θύρας
569 934 747 998 ἑστὼς
776 930 872 985 τοῦ
911 930 1204 1002 εύκτηρίου
1228 928 1400 994 οἴκου,
1436 926 1533 981 καὶ
1564 925 1673 978 τῶν
1716 924 1832 977 εἰσ-

235 1007 435 1082 ιὸντοῗν
495 1027 709 1081 πιστῶν
739 1025 993 1095 δεόμενος
1045 1006 1211 1095 eoin.
1235 1023 1378 1094 ὑπὲρ
1439 1018 1606 1075 αὐτοῦ
1662 1020 1833 1073 ποιεῖ-

238 1120 388 1187 σθαι,
428 1118 774 1191 ἐξαγορεύων
822 1118 923 1188 τὴν
982 1116 1117 1170 ἰδίαν
1155 1114 1540 1186 παρανομίαν·
1595 1111 1735 1179 μετά
1777 1110 1833 1164 δὲ

236 1215 487 1285 τέσσαρα
518 1212 614 1285 ἐτη
657 1215 736 1275 εἰς
764 1212 896 1275 τοὺς
943 1208 1332 1281 ἀκροωμένους
1370 1205 1711 1277 δεχθήσεται.
1740 1203 1833 1257 Ἐν

236 1310 385 1365 ἑπτὰ
425 1310 572 1362 ἔτεσι
618 1308 758 1379 μετὰ
797 1306 908 1360 τῶν
938 1306 997 1359 ἐν
1029 1302 1346 1357 ὑποπτώσει
1395 1299 1833 1371 προσευχόμενος

237 1404 619 1471 ἐξελεύσεταιο
651 1405 709 1456 ἐν
732 1402 998 1472 τέσσαρσι
1031 1399 1361 1469 συστήσεται
1401 1395 1561 1466 μόνον
1597 1396 1708 1456 τοῖς
1739 1410 1832 1445 m-

241 1502 412 1565 στοῖς,
443 1496 763 1569 προσφορᾶς
785 1495 843 1548 δέ
866 1494 928 1548 οὐ
959 1492 1333 1564 μεταλήψεται
1360 1505 1374 1519 ·
1416 1486 1821 1558 πληρωθέντων

234 1594 296 1651 δὲ
327 1592 556 1658 τούτων,
597 1589 817 1663 μεθέξει
840 1588 949 1642 τῶν
979 1585 1368 1657 ἀγιασμάτων.

309 1774 411 1840 νζ⁹.
460 1772 521 1827 '0
548 1772 823 1836 ἀκουσίως
864 1770 1159 1843 φονεύσας,
1207 1769 1266 1822 ἐν
1307 1767 1442 1821 δέκα
1476 1766 1652 1820 ἔτεσιν
1685 1765 1836 1819 ἀκοι-

1062 356 1473 421 SYNTAGMA
1511 354 1901 418 CANONUM.
1929 377 2000 391 ·-·
2027 353 2178 415 TIT.
2222 354 2391 427 XIV,
2435 354 2595 416 CAP.
2635 350 2702 416 V.

1859 469 1907 523 Α
2011 460 2101 515 55.
2133 459 2237 527 Qui
2266 461 2319 514 in
2350 461 2621 527 latrones,
2655 467 2766 516 etc.
2796 466 2855 512 ut
2884 475 3006 530 pag.
3042 459 3166 516 770.

3421 352 3530 418 974

2012 549 2101 604 56.
2133 549 2236 615 Qui
2285 549 2595 606 voluntarie
2635 548 2953 615 interfecit,
3007 559 3062 607 et
3112 561 3302 623 postea
3349 556 3530 626 poeni-

1943 643 2173 697 tentiam
2216 641 2418 697 doctus
2466 652 2573 710 est,
2622 641 2785 697 annis
2822 641 3015 714 viginti
3059 656 3533 703 sacramentorum

1942 748 2052 788 non
2099 735 2204 790 erit
2240 736 2540 805 particeps.
2590 733 2798 806 Viginti
2844 745 3032 792 autem
3071 738 3205 793 anni
3243 740 3324 794 sic
3371 739 3427 795 in
3462 755 3531 795 eo

1940 826 2428 897 dispensabuntur.
2483 827 2659 883 Annis
2689 838 2935 899 quatuor
2982 830 3113 886 ﬂere
3147 830 3329 886 debet.
3370 841 3528 889 stans

1941 928 2095 974 extra
2124 919 2268 975 fores
2299 919 2499 975 domus
2530 920 2819 985 orationis,
2864 928 2920 975 et
2965 922 3334 992 ingredientes
3383 925 3522 980 (lde-

1943 1010 2021 1065 les
2045 1025 2265 1079 rogans,
2296 1018 2353 1063 ut
2383 1025 2483 1081 pro
2526 1010 2646 1081 ipso
2676 1018 2990 1082 precentur,
3023 1027 3293 1084 suamque
3323 1015 3528 1086 iniqui-

1944 1113 2107 1158 tatem
2154 1102 2450 1158 conﬁtens.
2500 1102 2631 1159 Post
2674 1113 2911 1174 quatuor
2938 1114 3121 1159 autem
3168 1121 3346 1161 annos
3388 1108 3534 1164 inter

1942 1197 2228 1253 audientes
2273 1197 2595 1267 recipietnr,
2648 1207 2703 1255 et
2749 1201 2995 1271 quinque
3036 1203 3198 1258 annis
3237 1218 3361 1257 cum
3399 1205 3536 1275 ipsis

1941 1290 2134 1345 exibit.
2170 1290 2359 1344 Annos
2395 1298 2601 1360 septem
2636 1308 2745 1347 una
2779 1310 2902 1348 cum
2938 1294 3028 1359 iis,
3060 1294 3155 1365 qui
3186 1295 3241 1351 in
3273 1298 3531 1353 substra-

1944 1385 2091 1439 tione
2124 1392 2274 1449 sunt,
2310 1397 2480 1438 orans
2515 1385 2847 1455 egredietur.
2880 1386 3074 1442 Annos
3099 1398 3339 1457 quatuor
3364 1391 3536 1446 stabit

1943 1477 2121 1531 solum
2156 1492 2280 1530 cum
2316 1474 2594 1543 libelibus,
2630 1479 2722 1532 sed
2764 1478 3059 1535 oblationis
3088 1495 3193 1535 non
3229 1480 3329 1536 erit
3366 1484 3538 1552 parti-

1944 1586 2094 1642 ccps.
2135 1570 2232 1627 llis
2263 1579 2448 1625 autem
2492 1571 2728 1641 expletis
2772 1573 3047 1644 particeps
3076 1574 3182 1629 erit
3213 1589 3538 1632 sacramen-

1945 1672 2152 1718 torum.

2016 1755 2107 1811 57.
2151 1754 2255 1822 Qui
2314 1773 2424 1813 non
2489 1757 2793 1812 voluntarie
2840 1756 3137 1827 interfecit,
3189 1775 3288 1831 per
3345 1758 3537 1817 decem

237 1865 483 1937 νώνητος
522 1864 679 1921 ἔσται.
706 1864 815 1918 τών
845 1863 1209 1934 ἁγιασμὰτων
1230 1859 1728 1931 οἰκονομηθήσεται
1778 1856 1835 1910 δὲ

1980 1865 2116 1905 nnos
2170 1861 2649 1908 sacramentorum
2718 1866 2825 1907 non
2880 1852 2985 1907 erit
3035 1854 3342 1923 papticeps.
3391 1856 3539 1911 Anni

235 1958 308 2011 τὰ
336 1957 476 2012 δέκα
528 1956 625 2027 ἔτη
657 1954 746 2009 ἐπ’
791 1954 941 2022 αὐτῷ
970 1954 1143 2017 οὕτως
1168 1969 1181 1982 ⁸
1230 1953 1323 2006 δύο
1373 1952 1473 2023 μὲν
1512 1952 1609 2022 ἐτη
1671 1967 1840 2021 προσ-

236 2050 469 2106 κλαύσει
489 2067 504 2082 ο
539 2051 668 2121 τρία
710 2050 768 2104 δέ
799 2049 896 2120 ἐτη
926 2050 983 2103 ἐν
1012 2048 1386 2120 ἀκροωμένοις
1411 2062 1424 2076 ο
1457 2047 1515 2101 ἐν
1544 2046 1863 2116 τέσσαρσιν,

236 2145 593 2206 ὑποπίπτων.
656 2144 751 2199 καὶ
799 2146 859 2196 ἐν
906 2142 1140 2211 ἐνιαυτῷ
1198 2140 1599 2213 συσταθήσεται
1652 2139 1835 2210 μόνον,

244 2236 344 2291 καὶ
383 2236 462 2309 τῷ
486 2237 614 2308 ἑξῆς
631 2239 710 2302 εἰς
736 2236 806 2291 τὰ
836 2235 967 2304 ἅγια
999 2234 1344 2307 δεχθήσεται.

546 2419 881 2489 I‘pnroplov
909 2418 1168 2487 Νύσσης
1186 2434 1322 2488 act-:50.
1347 2418 1414 2483 δ’,
1454 2415 1518 2474 ε’.

312 2512 379 2570 δ’.
414 2514 678 2568 Λείπεται
701 2517 839 2585 πρὸς
859 2515 1071 2580 τούτοις
1098 2515 1161 2569 τὸ
1190 2514 1495 2586 θυμοειδὲς,
1520 2532 1575 2568 κ.
1610 2531 1662 2568 τ.
1688 2513 1737 2568 λ.

322 2600 386 2655 ε’.
414 2604 474 2656 Ei
492 2602 548 2657 δέ
578 2622 661 2668 τις
702 2604 777 2677 μὴ
819 2604 1113 2675 πληρώσας
1153 2604 1246 2661 τὸν
1297 2604 1487 2676 χρόνον
1517 2603 1611 2658 τὸν
1635 2606 1699 2659 ἐκ
1733 2604 1843 2659 τῶν

243 2696 496 2749 κανόνων
558 2698 942 2769 ἀφωρισμένον
988 2697 1219 2765 ἐξοδεύοι
1275 2697 1371 2752 τοῦ
1436 2697 1576 2769 βίου,
1628 2697 1845 2752 κελεύει

247 2791 286 2860 ὴ
314 2790 426 2844 τῶν
455 2791 718 2861 Πατέρων
751 2791 1133 2863 φιλανθρωπία
1175 2791 1518 2862 μετασχόντα
1546 2790 1654 2845 τῶν
1682 2792 1845 2861 ἁγια-

251 2882 501 2953 σμάτων,
545 2882 620 2954 μὴ
673 2883 830 2938 κενὸν
885 2883 977 2937 τοῦ
1011 2884 1203 2954 ἐφόδου
1261 2886 1400 2957 πγὸς
1453 2887 1553 2956 τὴν
1612 2886 1849 2958 ἐσχάτην

249 2972 477 3043 ἐκείνην
503 2973 600 3026 καὶ
641 2972 861 3045 μακρὰν
919 2973 1232 3045 ἀποδημίαν
1262 2976 1649 3047 ἐκπεμφθῆναι
1675 2992 1689 3006 ⁸
1720 2978 1770 3031 εἱ
1793 2977 1849 3031 δέ

250 3064 551 3136 μετασχὼν
583 3065 678 3119 τοῦ
704 3067 1071 3137 ἁγιάσματος,
1101 3067 1264 3120 πάλιν
1294 3070 1375 3132 εἰς
1408 3072 1507 3139 τὴν
1543 3068 1692 3140 ζωὴν
1749 3073 1850 3125 ἐπ·-

1950 1955 2131 1998 autem
2156 1942 2343 1998 decem
2378 1944 2461 2000 sic
2509 1944 2563 1998 in
2596 1958 2663 1999 eo
2703 1943 3191 2013 dispensabnntur.
3243 1944 3390 2002 Duos
3423 1947 3543 2017 qui—

1951 2039 2072 2093 dem
2100 2052 2276 2093 annos
2300 2036 2474 2101 ﬂebit,
2509 2045 2620 2092 tres
2664 2046 2847 2091 autem
2896 2051 3075 2091 annos
3120 2037 3262 2092 inter
3311 2039 3542 2094 audien-

1952 2138 2034 2186 tes
2062 2131 2457 2201 perseverabit.
2484 2128 2655 2201 478
2685 2137 2925 2200 quatuor
2945 2129 3286 2196 substratus,
3312 2140 3366 2186 et
3396 2146 3542 2185 anno

1952 2238 2063 2277 uno
2091 2223 2358 2279 consistet
2382 2231 2628 2287 tantum;
2652 2230 2707 2276 et
2728 2221 2987 2291 deinceps
3017 2220 3084 2276 ad
3123 2231 3315 2278 sancta
3340 2224 3543 2280 admit-

1950 2324 2115 2372 tetur.

2278 2405 2521 2478 Gregorii
2552 2404 2787 2478 Nysseni
2819 2421 3042 2461 canones
3071 2406 3140 2472 4,
3169 2406 3222 2462 5.

2024 2502 2080 2557 4.
2110 2500 2301 2557 Restat
2328 2504 2394 2556 ad
2426 2502 2541 2556 haec
2566 2510 2626 2556 ut
2651 2501 3000 2565 irascentem,
3026 2509 3157 2566 etc.,
3183 2510 3241 2555 ut
3270 2519 3392 2573 pag.
3417 2481 3552 2559 810.

2032 2595 2086 2650 5.
2114 2593 2308 2665 Siquis
2321 2606 2502 2649 autem
2531 2609 2640 2649 non
2658 2593 2873 2663 expleto
2910 2603 3152 2664 tempore
3177 2608 3207 2647 a
3242 2595 3550 2653 canonibus

1959 2686 2266 2756 praestituto
2293 2684 2402 2739 vita
2430 2683 2689 2747 excedat,
2718 2682 2873 2753 jubet
2905 2680 3129 2738 Patrum
3163 2683 3454 2740 clementia
3489 2695 3550 2741 ut

1959 2778 2184 2834 elfectus
2223 2784 2691 2832 sacramentorum
2730 2775 3033 2846 parties-ps,
3064 2790 3174 2830 non
3216 2776 3416 2832 viatico
3456 2794 3551 2833 va—

1962 2890 2100 2930 cuus
2125 2872 2191 2928 ad
2217 2881 2517 2926 extremam
2552 2870 2698 2924 illam
2726 2876 2779 2923 et
2805 2868 3019 2939 longam
3053 2870 3549 2940 peregrinationem

1966 2968 2230 3022 mittatur.
2265 2964 2361 3020 Sin
2401 2973 2619 3029 autem,
2680 2972 2973 3033 postquam
3009 2963 3338 3019 sacramenti
3374 2964 3552 3035 parti-

1968 3074 2096 3127 ceps
2134 3056 2309 3112 iactus
2346 3055 2545 3119 fuerit,
2579 3070 2797 3109 rursum
2833 3054 2900 3109 ad
2940 3054 3103 3109 vitam
3142 3070 3395 3113 reversus
3430 3058 3502 3114 sit
3534 3077 3549 3114 :

252 3154 496 3221 ανέλθοι,
538 3156 833 3227 ἀναμένειν
881 3157 973 3210 τὸν
1011 3158 1345 3229 τεταγμένον
1392 3159 1603 3229 χρόνον,
1655 3162 1714 3213 ἐν
1761 3161 1855 3215 ἐκ·

1980 3156 2227 3205 ιιιιιιιιιιιιι
2267 3158 2481 3219 tempus
2510 3156 2819 3218 exepectet,
2857 3149 2911 3202 in
2949 3148 3041 3203 illo
3074 3149 3245 3220 gradu
3282 3154 3554 3208 exsistens

249 3250 387 3321 τίνῳ
418 3250 495 3322 τῷ
521 3250 716 3322 βαθμῷ
761 3251 1077 3322 γενόμενον,
1110 3253 1167 3305 ἐν
1195 3245 1239 3320 ᾧ
1286 3247 1354 3325 ἦν
1408 3253 1516 3323 πρὸ
1566 3253 1667 3324 τῆς
1712 3255 1856 3309 κατά

252 3342 513 3414 ἀνάγκην
542 3342 691 3415 αὐτῷ
724 3342 975 3415 δοθείσης
1005 3345 1314 3409 κοινωνίας.

330 3457 588 3510 ΚΕΦΑΛ.
622 3458 696 3511 Δ⁹.
718 3486 789 3496 -
823 3457 967 3525 Περὶ
1002 3457 1111 3512 τοῦ
1146 3457 1293 3524 τοὺς
1354 3458 1654 3528 ἐπιτίμιον
1684 3461 1853 3515 ἀκοι-

252 3550 568 3616 νωνησίας
597 3549 854 3619 ἔχοντας
882 3550 1151 3619 ὀφείλειν
1181 3551 1488 3605 κοινωνεῖν
1508 3554 1857 3621 μέλλοντας

251 3637 557 3708 τελευτᾷν
576 3656 588 3668 ·
611 3639 711 3693 καὶ
736 3640 796 3693 τί
822 3641 1047 3710 γίνεται
1081 3639 1189 3695 ἐὰν
1218 3639 1317 3694 διὰ
1368 3641 1548 3696 τοῦτο
1589 3645 1856 3713 μεταλα-

251 3733 494 3797 ϐόντες,
515 3730 604 3801 μὴ
645 3731 1069 3797 ἀποθάνωσιγ;

595 3912 868 3968 Συνόδου
905 3913 1154 3980 Νικαίας
1188 3912 1392 3968 κανὼν
1425 3912 1513 3983 ιγ’.

336 4004 590 4079 ιγ’.Περὶ
621 4007 680 4061 δέ
763 4006 873 4060 τῶν
925 4007 1305 4075 ἐξοδευόντων,
1364 4008 1393 4061 ὁ
1468 4007 1697 4071 παλαιὸς
1770 4005 1867 4060 καὶ

256 4100 553 4163 κανονικὺς
579 4100 743 4169 νόμος
784 4100 1194 4171 φυλαχθήσεται
1237 4102 1334 4155 καὶ
1357 4100 1476 4167 νῦν,
1515 4118 1570 4156 κ.
1604 4119 1656 4157 τ.
1691 4102 1745 4157 λ.

587 4193 924 4262 Γρηγορίου
952 4194 1208 4262 Νύσσης
1242 4212 1376 4265 κερ.
1402 4192 1465 4250 ε’.

326 4290 390 4337 ε’.
423 4284 486 4337 El
511 4283 568 4337 δέ
596 4301 678 4348 τις
717 4286 793 4356 μὴ
823 4285 1118 4357 πληρώσας
1143 4288 1234 4341 τὸν
1258 4289 1471 4360 χρόνον,
1500 4306 1553 4341 κ.
1588 4305 1641 4342 τ.
1678 4288 1727 4342 λ.

343 4378 600 4432 ΚΕΦΑΛ.
626 4379 702 4433 E'.
734 4408 806 4423 -ν
843 4380 984 4447 Περὶ
1012 4380 1119 4433 τοῦ
1158 4379 1639 4449 ὀνειρασθέντος,
1674 4381 1712 4448 ἢ
1740 4379 1859 4434 ἀπὸ

260 4475 475 4543 κοίτης
528 4471 640 4543 τῆς
678 4472 835 4540 ιδίας
861 4473 1121 4544 γαμετῆς
1167 4474 1364 4538 ὄντος,
1429 4473 1530 4526 καὶ
1576 4472 1861 4539 θέλοντος

1960 3242 2014 3298 in
2051 3258 2163 3313 quo
2200 3249 2318 3297 erat
2352 3251 2479 3297 ante
2516 3243 2961 3299 communionem
3004 3243 3081 3298 illi
3120 3259 3186 3300 ex
3228 3246 3555 3304 necessitate

1958 3335 2165 3390 datam.

2035 3447 2190 3504 CAP.
2232 3445 2322 3504 1V.
2349 3480 2419 3493 -
2440 3449 2593 3515 Quod
2623 3450 2662 3503 ii
2688 3450 2778 3521 qui
2804 3453 3368 3507 excommunicationis
3387 3433 3557 3524 Ῑόωιια

1962 3541 2179 3596 multati
2205 3553 2350 3608 sunt,
2384 3544 2439 3597 in
2470 3543 2657 3597 mortis
2705 3543 2934 3597 articulo
2967 3553 3146 3599 tamen
3179 3546 3367 3601 debent
3408 3562 3556 3601 com-

1964 3636 2255 3690 municare.
2302 3636 2443 3703 Quid
2496 3653 2614 3690 vero
2670 3636 2736 3689 iis
2801 3637 3123 3707 faciendum,
3196 3640 3245 3693 si
3315 3639 3378 3693 ob
3437 3655 3557 3694 eam

1961 3747 2182 3785 causam
2231 3729 2301 3783 ad
2350 3731 2772 3785 communionem
2824 3732 3071 3796 admissi,
3131 3740 3317 3801 postea
3365 3749 3559 3789 conva-

1964 3822 2202 3877 luerint?

2357 3913 2591 3970 Concilii
2627 3916 2840 3972 Nicwni
2876 3933 3046 3971 canon
3079 3916 3166 3972 15.

2040 4010 2126 4064 15.
2171 4008 2247 4064 De
2278 4010 2346 4064 iis
2380 4010 2474 4079 qui
2507 4010 2804 4075 excedunt,
2828 4011 3052 4080 antiqua
3081 4020 3135 4065 et
3171 4010 3434 4067 canonica
3472 4010 3559 4068 lex

1968 4118 2116 4157 nunc
2138 4118 2358 4174 quoque
2383 4104 2715 4167 servabitur,
2744 4114 2875 4169 etc.,
2903 4113 2958 4156 ut
2988 4119 3112 4174 pag.
3146 4102 3271 4158 75L

2385 4194 2626 4265 Gregorii
2661 4195 2893 4266 Nyssmi
2928 4211 3047 4265 cap.
3085 4196 3138 4250 5.

2041 4290 2092 4344 5.
2108 4289 2165 4343 Si
2180 4287 2304 4359 quis
2320 4299 2502 4343 autem
2524 4304 2628 4343 non
2645 4304 2708 4342 ex
2718 4291 2859 4358 picto
2875 4298 2978 4343 tem
2985 4303 3138 4358 pore,
3153 4297 3283 4350 etc.,
3301 4300 3357 4344 ut
3373 4306 3559 4361 supra.

2039 4379 2194 4436 CAP.
2243 4378 2304 4434 V.
2326 4410 2396 4419 -—
2428 4378 2506 4434 De
2544 4397 2603 4433 eo
2635 4382 2725 4452 qui
2754 4391 3072 4436 nocturnam
3101 4380 3405 4437 illusionem
3434 4401 3561 4453 pas-

1968 4486 2059 4524 sus
2088 4479 2200 4534 est;
2227 4472 2305 4523 vel
2338 4470 2428 4541 qui
2457 4480 2574 4539 post
2606 4471 2841 4525 habitam
2885 4488 3007 4525 cum
3049 4489 3215 4527 uxore
3257 4490 3368 4528 rem
3413 4491 3561 4529 corn-

261 4536 637 4636 κοινωινῆσαι
659 4586 672 4599 ο
707 4536 1019 4633 καὶ-άοῖας
1049 4536 1269 4636 ὴμέρας
1415 4565 1527 4636 τῆς
1552 4567 1703 4636 πρὸς
1752 4536 1861 4620 (1.1ζ

1980 4562 2244 4614 municare
2277 4560 2384 4615 vult
2406 4579 2423 4626 ;
2446 4571 2674 4633 quotque
2693 4565 2808 4617 ideo
2829 4565 3015 4619 diebus
3048 4566 3268 4621 invicem
3297 4567 3563 4624 abstinere

258 4662 506 4731 ,ιήλους
522 4661 749 4732 μίξεως
778 4660 876 4715 διὰ
901 4660 1080 4715 τοῦτο
1118 4661 1471 4729 ἀπέχεσθαι.

262 4756 597 4810 Διονυσίου
630 4755 699 4808 ἐκ
733 4753 845 4823 τῆς
891 4752 1046 4821 πρὸς
1101 4751 1475 4877 βιὲᾳιλείδην
1531 4748 1866 4820 ἐπιστολῆς

914 4842 1049 4877 nece.
1082 4844 1152 4877 γι.
1215 4863 1230 4877 .

914 4842 1049 4889 resse.
1082 4844 1118 4889 γ·
1139 4842 1195 4889 ,ο
1215 4863 1230 4878 .

914 4844 981 4878 κε
1004 4844 1049 4877 η.
1107 4846 1118 4859 ο
1139 4866 1152 4889 ,
1167 4844 1195 4877 ο
1215 4863 1230 4878 .

331 4920 645 4990 Δύτάρκεις
676 4920 733 4973 δὲ
760 4919 857 4974 καὶ
877 4922 926 4972 οἱ
958 4844 1365 4991 γζγοῖμηκότες,
1401 4935 1455 4972 κ.
1482 4934 1532 4973 τ.
1564 4916 1613 4971 λ.

335 5100 403 5154 δ’.
441 5099 505 5152 Οἱ
530 5098 586 5153 δὲ
617 5098 677 5154 ἐν
706 5099 1060 5171 ἁπροαιρέτῳ
1097 5102 1392 5173 νυκτερινῇ
1428 5100 1607 5173 ῥύσει,
1641 5120 1696 5157 κ.
1729 5119 1781 5159 τ.
1811 5102 1860 5157 λ.

637 5274 925 5347 Τιμοθέου
957 5276 1163 5331 κανὼν
1194 5274 1259 5342 ε’,
1292 5275 1381 5348 ιβ’,
1413 5276 1504 5347 ιγ’.

270 5364 283 5372 ’
330 5367 396 5424 ε’.
435 5367 775 5439 Ἐρώτησις.
820 5370 947 5425 Ἐὰν
975 5369 1115 5442 γυνὴ
1149 5373 1506 5445 συγγένηται,
1537 5389 1592 5426 κ.
1616 5388 1667 5426 τ.
1703 5371 1756 5427 λ.
1802 5430 1805 5437 ,

346 5550 441 5624 ιβ’.
491 5550 829 5621 Ἐρώτησις.
875 5550 1003 5607 Ἐὰν
1040 5553 1378 5625 ὀνειρασθεὶς
1419 5551 1629 5618 λαῖκδς,
1658 5568 1711 5606 κ.
1737 5570 1787 5609 τ.
1819 5555 1867 5608 λ.

350 5732 443 5803 ιγ’.
488 5733 831 5805 Ἐρώτησις.
904 5736 1031 5801 Τοῖς
1100 5734 1487 5809 ζευγνυμένοις
1557 5734 1637 5799 εἰς
1688 5734 1870 5811 γάμου

270 5829 591 5900 κοινωνίαν,
623 5848 677 5886 κ.
709 5850 759 5887 τ.
803 5832 852 5887 λ.
950 5902 956 5908 ἡ
986 5868 999 5903 τ

1192 5926 1418 5937 --φρίσ-Α
1480 5922 1673 5934 -..ι-ουν-
1716 5926 1739 5933 ι.

1969 4655 2221 4709 debeant?

2086 4746 2335 4818 Dgonisii
2366 4763 2431 4802 ex
2458 4748 2687 4819 epistola
2705 4748 2775 4803 ad
2802 4748 3123 4819 Basilidem,
3156 4769 3274 4824 cap.
3306 4754 3363 4819 ὅ,
3395 4755 3451 4810 ι.

2042 4907 2096 4963 ’5.
2142 4904 2317 4961 Porro
2344 4905 2438 4977 qui
2474 4908 2613 4962 satis
2655 4907 2722 4963 ad
2752 4908 2805 4964 id
2838 4910 3092 4964 instructi
3141 4918 3294 4976 sunt,
3329 4919 3465 4979 etc.,
3495 4923 3552 4969 ιιι

1968 5016 2090 5070 pag.
2124 4999 2249 5055 6M.
3052 4986 3061 4993 ”

2040 5092 2206 5164 479
2242 5092 2294 5147 4.
2338 5090 2441 5159 Qui
2475 5100 2655 5148 autem
2693 5093 2746 5147 in
2792 5108 2901 5149 non
2949 5094 3262 5151 voluntario
3289 5104 3565 5154 nocturno

1970 5186 2141 5251 ﬂuxu,
2180 5196 2310 5252 etc.,
2348 5196 2405 5239 ut
2428 5201 2551 5257 pag.
2583 5185 2709 5243 611.

2350 5278 2612 5334 Timothei
2640 5296 2869 5337 canones
2902 5282 2957 5348 5,
2999 5284 3082 5351 t3,
3117 5283 3204 5340 l3.

2141 5370 2522 5445 Interrogatio.
2551 5372 2608 5428 Si
2651 5390 2792 5429 uxor
2820 5389 2945 5430 cum
2973 5391 3074 5431 suo
3104 5378 3322 5445 marito,
3347 5390 3477 5449 etc.,
3506 5391 3564 5436 at

1970 5464 2255 5536 pag.614.

2048 5557 2136 5610 12.
2178 5556 2562 5627 Interrogatio.
2595 5554 2651 5611 Si
2670 5556 2844 5613 laicus
2872 5558 2967 5628 qui
3003 5561 3320 5627 somniavit,
3351 5568 3481 5628 etc.,
3507 5574 3569 5617 nt

1973 5667 2094 5722 pag.
2129 5649 2255 5704 6H.

2048 5744 2137 5799 15.
2190 5742 2570 5813 Interrogatio.
2636 5741 2709 5796 lis
2761 5744 2853 5813 qni
2907 5745 3244 5802 matrimonii
3296 5746 3565 5803 societate

1969 5838 2299 5910 junguntur,
2323 5846 2465 5905 etc.,
2484 5846 2542 5889 ut
2566 5852 2687 5908 pag.
2719 5835 2780 5891 61
2798 5839 2848 5894 4-
