3870 6290
386 368 393 373 ’
453 359 563 424 979

1596 358 1863 422 PHOTII
1899 358 2411 422 PATRIARCHE
2447 359 2559 422 cp.
3277 351 3310 374 "
3605 369 3694 433 ιιι

1756 762 2163 850 ΤΙΤΛΟΣ
2250 752 2342 846 Α¹
2355 825 2370 841 .

666 948 828 1003 ΠΕΡΙ
867 945 1282 1015 ΘΕΟΛΟΓΙΑΣ,
1318 946 1442 1001 ΚΑΙ
1480 942 1882 999 ΟΡΘΟΔΟΞΟΥ
1920 943 2251 1012 ΠΙΣΤΕΩΣ,
2290 942 2411 996 ΚΑΙ
2454 940 2823 1010 ΚΑΝΟΝΩΝ,
2879 940 3000 996 ΚΑΙ
3039 942 3524 1000 ΧΕΙΡΟΤΟΝΙΩΝ.

1606 1267 2076 1351 TITULUS
2175 1270 2601 1349 PRIMUS.

840 1450 930 1507 DE
969 1448 1385 1519 THEOLOGIA,
1426 1448 1858 1551 ORTIIODQXA
1896 1448 2082 1518 FIDE,
2126 1448 2543 1517 CANONIBUS,
2606 1449 2695 1505 ET
2733 1448 3354 1509 ORDINATIONIBUS.

450 1608 680 1667 CAPUT
711 1607 985 1667 PRIMUM
1007 1641 1079 1652 —-
1110 1609 1193 1667 De
1213 1608 1477 1681 theologia
1498 1621 1545 1664 et
1574 1608 1873 1664 orthodoxa
1905 1608 2030 1679 ﬁde.

2212 1607 2614 1665 ΚΕΦΑΛΑῘΟΝ
2643 1609 2722 1663 A'.
2755 1640 2824 1649 —
2849 1609 2989 1681 Περὶ
3022 1610 3338 1682 θεολογίας
3370 1608 3471 1665 καί
3511 1612 3712 1682 όρθοδό-

520 1798 912 1867 Apostolorum
940 1813 1116 1855 canon
1151 1798 1223 1855 49
1245 1807 1300 1853 et
1328 1798 1427 1866 50;
1458 1798 1679 1855 concilii
1727 1797 2043 1855 Constanti-

447 1893 750 1963 nupolitani
774 1906 952 1947 canon
996 1893 1047 1958 1,
1076 1891 1140 1958 5;
1168 1892 1389 1949 concilii
1451 1890 1710 1962 Ephesini
1760 1906 1934 1947 canon
1969 1891 2039 1956 7;

449 1984 671 2039 concilii
724 1984 1178 2055 Carthaginensis
1235 1999 1414 2041 canon
1465 1984 1503 2038 2
1555 2003 1571 2040 :
1623 1984 1843 2040 concilii
1901 1983 2041 2040 sexti

449 2090 628 2131 canon
651 2077 703 2142 1,
735 2077 824 2141 75,
863 2077 953 2131 81.

522 2167 745 2224 Textus.
784 2167 946 2224 Liber
977 2167 1018 2236 l,
1045 2167 1266 2225 Codicis
1293 2170 1450 2226 titulo
1473 2170 1524 2237 l,
1556 2170 1952 2226 constitutione
1989 2170 2039 2236 1,

448 2258 501 2324 5,
535 2258 588 2326 6,
616 2258 670 2324 7,
702 2258 755 2325 8,
788 2259 843 2315 9.

518 2349 818 2405 Scholium.
858 2349 1043 2406 Prima
1097 2352 1420 2409 constitutio
1456 2353 1542 2408 tit.
1573 2355 1626 2422 1,
1656 2355 1752 2411 lib.
1779 2372 1796 2411 ι
1824 2353 2040 2411 Codicis

442 2448 529 2496 est
560 2441 612 2506 1,
640 2451 804 2511 caput
831 2458 848 2497 ι
882 2443 978 2497 lib.
1007 2442 1393 2511 Basilicorum,
1426 2446 1574 2516 quod
1605 2445 1685 2502 sic
1718 2446 1793 2501 ait
1823 2465 1837 2502 :
1873 2447 2037 2502 Chri-

446 2535 634 2591 tianus
665 2546 766 2601 est,
796 2535 891 2606 qui
927 2536 1322 2603 creditPatris,
1340 2538 1462 2594 Filii
1515 2539 1827 2610 etSpiritus
1860 2541 2038 2596 sancti

440 2625 547 2680 sub
583 2626 701 2697 pari
737 2627 1023 2696 majestate
1050 2644 1213 2683 unam
1267 2645 1390 2685 esse
1435 2630 1719 2686 deitatem.
1767 2630 1873 2697 Qui
1910 2646 2040 2685 vero

440 2727 634 2773 contra
693 2717 852 2792 [jam]
896 2722 1042 2776 dicta
1091 2723 1301 2788 edocet,
1366 2724 1654 2780 haereticus
1680 2735 1782 2789 est,
1816 2726 1866 2789 5,
1895 2726 1949 2790 6,
1983 2726 2036 2794 7,

441 2810 476 2865 8
505 2821 559 2866 et
584 2810 619 2866 9
649 2813 1076 2871 constitutiones
1117 2831 1224 2872 non
1261 2827 1389 2872 sunt
1431 2818 1617 2888 positae
1651 2818 2007 2889 inzBasilicis.

440 3066 470 3087 ᾖ
549 2997 779 3055 CAPUT
804 3000 873 3055 II.
909 3032 978 3043 —
1012 3000 1149 3067 Quot
1185 3019 1413 3057 canones
1442 3004 1615 3059 valere
1644 3008 1928 3074 oporteat?

514 3089 749 3146 Concilii
776 3091 1246 3151 Chalcedonensis
1268 3112 1444 3151 canon
1475 3114 1522 3163 i;
1555 3099 1770 3153 concilii
1795 3100 2029 3155 Cartha-

440 3183 691 3254 ginensis
747 3200 999 3255 canoni;
1035 3188 1256 3244 concilii
1298 3191 1435 3246 sexti
1486 3205 1665 3246 canon
1698 3190 1775 3259 2;
1811 3194 2033 3249 concilii

437 3272 646 3331 Nicarni
680 3278 909 3333 secundi
943 3294 1121 3335 canon
1154 3282 1208 3336 2.

438 3385 447 3417 ι
518 3369 737 3424 Textus.
771 3371 1111 3428 Constitutio
1153 3375 1208 3439 5,
1268 3374 1353 3429 tit.
1390 3376 1425 3429 2
1478 3374 1844 3448 Novellarum,
1899 3391 2029 3452 etc.,

443 3475 609 3532 usque
634 3464 704 3517 ad
728 3464 913 3520 irritas
937 3481 1059 3522 esse
1090 3467 1370 3533 liabet.,ut
1395 3487 1518 3541 pag.
1545 3471 1675 3527 451.

516 3554 811 3612 Scholium.
834 3558 1028 3615 Const.
1056 3562 1110 3625 3,
1133 3562 1215 3617 tit.
1248 3561 1671 3629 2Novellarum.
1704 3578 1788 3624 est
1816 3572 2031 3628 novella

443 3646 738 3704 Iustiniani
764 3652 858 3707 151
884 3652 1045 3726 [qum]
1073 3655 1246 3725 posita
1270 3655 1394 3730 [est]
1414 3659 1467 3713 in
1491 3659 1585 3715 lib.
1618 3678 1648 3714 ν
1675 3661 1839 3719 Basil.
1867 3666 1952 3721 tit.
1978 3669 2033 3732 '5,

444 3756 571 3811 cap.
606 3757 646 3809 ι,
682 3743 920 3799 themate
953 3762 991 3807 ι,
1025 3748 1170 3817 quod
1206 3750 1286 3804 sic
1318 3750 1482 3806 habet
1522 3770 1534 3807 :
1578 3752 1870 3813 Sancimus
1930 3760 2034 3829 igi-

443 3845 556 3897 tur,
596 3845 656 3888 ut
693 3836 870 3891 sancti
919 3838 1282 3895 ecclesiastici
1346 3858 1611 3911 canones,
1644 3848 1738 3916 qui
1769 3864 1797 3901 a
1832 3854 2039 3911 sanctis

446 3938 655 3996 septem
719 3930 968 3985 conciliis
1035 3934 1364 4004 promulgati
1410 3946 1505 3991 aut
1546 3941 1859 3999 conlirmati
1910 3956 2039 4004 sunt

446 4022 623 4077 vicem
654 4022 830 4091 legum
856 4025 1164 4081 obtineant.
1188 4025 1393 4099 Nempe
1429 4048 1456 4085 a
1487 4030 1709 4089 Nicmno
1759 4046 2039 4095 trecento-

444 4130 572 4169 rum
606 4115 989 4188 duodevigenti
1025 4118 1250 4176 Patrum
1295 4124 1553 4191 concilio,
1584 4128 1635 4181 in
1691 4145 1803 4199 quo
1851 4132 2037 4200 Arius,

446 4205 537 4259 cui
570 4221 599 4260 a
627 4205 811 4263 furore
840 4224 1143 4279 cognomen
1179 4213 1412 4269 inditum
1436 4226 1518 4272 est
1570 4221 1917 4279 anathemate
1955 4237 2039 4282 est

2146 1699 2258 1766 ξου
2281 1702 2564 1768 πίστεως.
2642 1719 2657 1733 ·

2215 1793 2560 1848 Ἀποστόλων
2589 1794 2771 1850 κανὼν
2802 1793 2890 1865 μθ¹
2916 1795 3013 1848 καὶ
3048 1802 3113 1851 ν”
3149 1795 3377 1851 συνόδου
3402 1797 3713 1853 Κωνσταντι-

2144 1887 2448 1951 νουπόλεως
2483 1887 2664 1942 κανὼν
2702 1890 2773 1957 α’,
2809 1889 2885 1943 ε⁹⁶
2931 1892 3150 1945 συνόδου
3192 1892 3426 1962 Ἐφέσου
3456 1894 3622 1948 κανὼν
3649 1895 3712 1962 ζ’*

2146 1982 2364 2036 συνόδου
2405 1981 2765 2055 Καρθαγένης
2814 1984 2997 2039 κανὼν
3052 1984 3097 2057 β’
3126 2003 3141 2019 ο
3184 1986 3410 2041 συνόδου
3457 1993 3511 2052 ς’
3563 1988 3715 2045 κανὼν

2143 2074 2216 2137 α’,
2246 2079 2347 2143 ογ,
2381 2081 2493 2130 πα’.

2214 2169 2527 2238 Κείμενον.
2573 2169 2788 2227 Βιϐλίον
2818 2170 2869 2226 α’
2894 2171 2989 2227 τοῦ
3017 2171 3285 2239 Κώδικος,
3320 2173 3432 2229 τίτ.
3460 2172 3528 2241 α’,
3555 2173 3712 2229 διάτα-

2142 2258 2226 2327 ξις
2256 2266 2317 2325 ε’,
2352 2266 2426 2325 ς’,
2453 2260 2517 2325 ζ’,
2557 2266 2625 2331 η’,
2656 2262 2720 2316 θ’.

2215 2354 2498 2422 Σχόλιον.
2548 2354 2611 2407 Ἠ
2658 2354 2851 2427 πρώτη
2899 2355 3145 2422 διάταξις
3196 2354 3293 2408 τοῦ
3340 2363 3390 2408 α’
3442 2363 3540 2409 τιτ¹
3568 2355 3650 2408 τοῦ
3675 2356 3714 2409 α’

2144 2444 2351 2515 βιϐλίου
2382 2446 2476 2499 τοῦ
2501 2445 2770 2511 Κώδικος,
2802 2446 2917 2499 ἔστι
2939 2463 3062 2513 κεφ.
3098 2451 3170 2511 α’,
3200 2444 3292 2497 τοῦ
3328 2450 3377 2497 α’
3404 2444 3605 2515 βιϐλίου
3627 2445 3715 2498 τῶν

2141 2537 2446 2592 Βασιλικῶν
2476 2537 2619 2591 οὕτω
2653 2538 2831 2606 λέγον⁶
2871 2539 3201 2609 Χριστιανός
3235 2539 3391 2590 ἔστιν
3417 2540 3447 2591 ό
3475 2536 3714 2591 πιστεύων

2144 2630 2276 2701 μίαν
2301 2626 2441 2683 εἶναι
2477 2629 2711 2699 θεότητα
2748 2630 2806 2683 ὲν
2840 2629 2931 2701 ίσῃ
2973 2628 3195 2701 ἐξουσίᾳ
3239 2628 3338 2683 τοῦ
3368 2629 3601 2700 Πατρός,
3636 2628 3713 2683 τοῦ

2143 2722 2296 2787 Υίοῦ,
2347 2724 2442 2777 καὶ
2485 2722 2583 2776 τοῦ
2634 2724 2791 2792 ἁγίου
2826 2724 3170 2794 Πνεύματος.
3220 2723 3279 2777 '0
3324 2723 3442 2793 γὰρ
3485 2724 3627 2793 παρὰ
3660 2722 3715 2777 τά

2139 2816 2408 2887 εἰρημένα
2447 2814 2689 2881 δοξάζων
2728 2815 3008 2886 αίρετικός
3053 2815 3225 2871 ἐστιν.
3276 2814 3341 2868 Ἦ
3380 2814 3445 2869 δὲ
3472 2820 3533 2882 ε’,
3562 2820 3628 2882 ς’,
3650 2811 3709 2879 ζ’,

2139 2910 2233 2963 καὶ
2254 2915 2305 2980 η’
2333 2909 2475 2962 διατ.
2510 2909 2613 2962 οὐκ
2642 2908 2912 2978 ἐτέθησαν
2940 2908 3020 2971 είς
3053 2908 3120 2960 τὰ
3157 2908 3452 2963 Βασιλικά.

2066 2970 2115 3031 Β
2214 2970 2466 3055 ΚίΞΦΛΛ.
2509 2999 2586 3053 B'.
2620 3029 2691 3039 —
2722 2970 2960 3063 Πόσους
2993 2970 3083 3051 δεῖ
3111 2996 3353 3066 κρατεῖν
3382 3000 3655 3067 κανόνας.

2219 3094 2444 3147 Συνόδου
2465 3091 2809 3161 Χαλκηδόνος
2830 3090 3011 3144 κανὼν
3023 3096 3093 3153 α’,
3112 3091 3332 3144 συνόδου
3370 3093 3462 3146 Κα
3472 3094 3713 3164 ρθαγένης

2147 3189 2329 3246 κανὼν
2359 3194 2406 3242 α’
2428 3204 2441 3217 ο
2475 3186 2695 3240 συνόδου
2736 3185 2791 3250 ς’
2827 3182 3009 3239 κανὼν
3052 3183 3095 3254 β’
3120 3201 3135 3217 ο
3168 3184 3391 3239 συνόδου
3417 3184 3645 3250 Νικαίας
3667 3186 3717 3239 τὸ

2152 3286 2216 3355 β’,
2243 3280 2428 3337 κανὼν
2458 3279 2525 3350 β’.

2220 3378 2529 3447 Κειμενον.
2580 3372 2646 3427 Ἦ
2693 3378 2741 3441 γ’
2796 3370 3039 3437 διάταξις
3068 3371 3165 3426 τοῦ
3195 3373 3262 3445 β’,
3303 3389 3359 3429 κ.
3393 3391 3447 3429 τ.
3486 3374 3537 3428 λ.
3571 3386 3718 3443 usque

2150 3472 2216 3525 ail
2246 3469 2406 3523 τύποι
2450 3464 2647 3535 ἄκυροί
2670 3467 2828 3518 εἰσιν.

2222 3564 2496 3632 Σχόλιον.
2550 3560 2614 3611 Ἦ
2642 3563 2691 3626 γ’
2718 3554 2964 3621 διάταξις
3002 3555 3097 3610 τοῦ
3146 3557 3193 3628 β’
3222 3557 3341 3612 ντίτ.
3374 3556 3487 3610 τῶν
3518 3553 3720 3626 Νεαρῶν

2152 3657 2266 3711 ἔστι
2297 3651 2918 3725 νεαρὰΊουστινιὰνειος
2948 3651 3061 3723 ρλα¹
3101 3652 3330 3720 κειμένη
3362 3652 3421 3703 ὲν
3453 3649 3636 3720 βιϐλίῳ
3660 3656 3713 3714 ε’,

2151 3751 2261 3805 τῶν
2301 3744 2604 3801 Βασιλικῶν
2639 3743 2744 3797 τίτ.
2790 3750 2861 3812 γ’,
2905 3760 3032 3811 κεφ.
3085 3741 3154 3807 α’,
3202 3743 3402 3814 θέματι
3449 3750 3522 3810 α’,
3570 3742 3719 3804 οὕτως

2155 3847 2332 3917 ἔχοντι
2348 3860 2362 3874 ο
2394 3840 2738 3910 Θεσπίζομεν
2759 3841 2962 3905 τοίνυν,
2982 3840 3165 3910 νόμων
3189 3839 3344 3905 τάξιν
3374 3840 3591 3910 ἐπέχειν
3612 3837 3719 3899 τοὺς

2161 3940 2350 4007 ἁγίους
2377 3934 2865 4006 ἐκκλησιαστικοὺς
2890 3933 3122 3997 κανόνας
3151 3934 3276 3997 τοὺς
3303 3933 3409 3987 ὑπὸ
3440 3934 3547 3987 τῶν
3571 3931 3720 4001 ἁγίων

2155 4033 2200 4098 ζ’
2250 4030 2484 4086 συνόδων
2534 4025 2855 4089 ἐκτεθέντας
2902 4026 2934 4095 ἦ
2978 4025 3375 4095 βεϐαιωθέν-ξας
3432 4026 3575 4080 τοῦτ’
3622 4025 3719 4078 ἔστι

2151 4127 2279 4187 τοὺς
2309 4124 2368 4176 ὲν
2392 4119 2599 4190 Νικαίᾳ
2626 4117 2734 4171 τῶν
2760 4113 2887 4187 τιη’.
2920 4116 3044 4169 καθ’
3068 4118 3134 4188 ῆν
3161 4118 3189 4170 ὁ
3214 4118 3434 4189 ’Ἄρειος
3456 4120 3484 4172 ὁ
3512 4121 3606 4187 τῆς
3630 4133 3720 4187 μα-

2151 4220 2271 4281 νίας
2298 4215 2586 4283 ἐπώνυμος
2632 4209 3038 4281 ἁνεθεματίσθη
3060 4253 3073 4274 ,
3126 4212 3223 4265 καὶ
3252 4212 3353 4282 τῆς
3390 4214 3451 4265 ὲν
3475 4215 3539 4282 τῇ
3578 4212 3717 4264 Κων-

445 4312 794 4367 percussus;
857 4301 1474 4375 Constantinopolitano
1528 4309 1751 4367 Patrum
1817 4327 2035 4373 centum

2158 4306 2590 4367 σταντινουπόλει
2633 4304 2742 4357 τῶν
2786 4301 2958 4372 ἁγίων
3016 4302 3092 4374 ρν’
3135 4304 3420 4375 Πατέρων,
3461 4306 3549 4373 ὑφ’
3583 4298 3653 4358 ὧν
3695 4304 3719 4355 ὁ

450 4393 870 4463 quinquaginta,
906 4412 935 4449 a
966 4398 1168 4466 quibus
1219 4399 1458 4470 Spiritus
1489 4407 1659 4460 sani-ti
1698 4412 2035 4479 oppugnatur

2158 4399 2610 4473 πνευματομάχος
2632 4396 2960 4459 Μακεδόνας
3000 4395 3381 4467 ὲστηλιτεύθη,
3418 4397 3512 4450 καὶ
3552 4396 3643 4464 τῆς
3670 4394 3719 4446 ἐν

450 4483 805 4540 Macedonius
840 4485 1064 4541 infamia
1092 4497 1311 4545 notatus
1343 4500 1461 4558 est;
1504 4494 1781 4563 Ephesino
1838 4500 2038 4567 primo,

449 4579 508 4635 in
539 4595 650 4651 quo
674 4578 957 4637 Nestorius
988 4583 1383 4641 condemnatus
1416 4595 1537 4652 est;
1572 4588 2037 4662 Chalcedonensi,

450 4672 508 4727 iu
541 4687 648 4741 qua
675 4671 949 4744 Eutyches
977 4689 1101 4728 cum
1133 4673 1388 4732 Nesmrio
1424 4680 1773 4737 anathemate
1823 4699 2044 4753 percus-

451 4779 549 4819 sus
607 4774 691 4819 est
726 4779 740 4817 :
777 4765 1001 4831 ailhaec,
1052 4765 1667 4840 Constantinopolitano
1721 4778 1983 4839 secundo,
2013 4795 2044 4834 a

450 4870 561 4923 quo
599 4855 862 4925 Origenes
899 4872 1007 4910 una
1058 4872 1181 4912 cum
1225 4860 1483 4927 operibus
1523 4863 1660 4928 suis,
1692 4873 1747 4919 et
1797 4865 1888 4919 alii
1922 4866 2046 4935 qui-

450 4948 579 5002 dam
612 4949 783 5017 impii,
820 4948 1125 5018 ignominia
1158 4949 1386 5005 affectus
1428 4964 1511 5008 est
1541 4972 1554 5008 :
1591 4964 1850 5023 praeterea
1900 4955 2048 5010 Con-

451 5042 948 5111 stantinopolitano
991 5045 1174 5109 tertio,
1222 5046 1370 5115 quod
1416 5046 1483 5101 de
1508 5047 1694 5104 multis
1741 5050 2044 5105 hzcresihus

454 5137 826 5205 triumphans,
879 5139 1241 5192 vetustiorum
1299 5148 1614 5194 sanctorum
1680 5144 2040 5198 conciliorum

450 5230 653 5299 placita
687 5231 1070 5296 conﬁrmavit;
1107 5231 1173 5285 ad
1240 5239 1547 5288 extremum
1608 5249 1761 5300 vero,
1825 5236 2045 5291 Niczcno

452 5322 717 5386 secundo,
764 5323 817 5376 in
852 5338 962 5392 quo
994 5322 1068 5377 illi
1099 5324 1187 5393 qui
1226 5324 1492 5379 adversus
1539 5340 1726 5381 sacras
1778 5328 2046 5397 imagines

450 5412 821 5471 iiisaiiiebant.
850 5413 1054 5482 pariter
1092 5429 1216 5468 cum
1249 5413 1619 5471 anteriorihus
1646 5416 1916 5473 haereticis
1951 5418 2042 5473 Dei

450 5500 695 5556 Ecclesia
745 5499 983 5554 abdicati
1018 5510 1167 5555 sunt.
1223 5500 1615 5558 Praedictorum
1657 5506 1858 5559 etenim
1917 5524 2045 5560 san-

452 5602 664 5647 ctorum
737 5591 1097 5647 conciliorum
1162 5590 1382 5649 decreta
1448 5596 1675 5665 perinde
1727 5606 1787 5651 ut
1856 5612 2043 5655 sacras

2160 4496 2373 4566 Ἐφέσῳ
2397 4500 2446 4547 α’
2474 4494 2532 4544 ἐν
2558 4484 2903 4565 ᾖΝεστόριος
2934 4489 3254 4559 κατεκρίθη,
3281 4491 3375 4542 καὶ
3402 4490 3502 4559 τῆς
3521 4491 3573 4543 ἑν
3594 4487 3719 4544 Xa),

2150 4588 2335 4661 κηδόνι
2376 4584 2499 4639 καθ’
2538 4583 2605 4655 ἣν
2636 4582 2882 4652 Εὐτυχὴς
2922 4583 3060 4651 μετὰ
3088 4583 3393 4655 Νεστορίου
3422 4580 3718 4653 ἀνεθεματί-

2151 4685 2273 4755 σθη.
2324 4681 2468 4748 Πρὸς
2506 4678 2565 4732 δὲ
2603 4676 2833 4737 ταύταις
2861 4676 2961 4746 τῆς
2993 4678 3048 4729 ὲν
3077 4675 3637 4729 Κωνσταντινουπόλει
3666 4672 3715 4724 τὸ

2151 4775 2217 4849 β’,
2251 4777 2319 4830 δι’
2350 4770 2418 4848 ἦς
2443 4772 2727 4842 Ὠριγένης
2762 4769 2902 4840 μετὰ
2928 4768 3036 4823 τῶν
3067 4766 3235 4821 αὑτοῦ
3266 4767 3712 4838 συγγραμμάτων,

2150 4870 2243 4922 καὶ
2269 4865 2447 4935 ἕτεροί
2475 4880 2621 4924 τινες
2655 4859 2937 4921 δυσσεϐεῖς
2968 4856 3591 4927 παρεδειγματίσθησαν,
3635 4853 3715 4906 καὶ

2149 4964 2231 5017 ἔτι
2264 4963 2363 5033 τῆς
2402 4962 2460 5013 ὲν
2504 4953 3077 5011 Κωνσταντινουπόλει
3106 4952 3167 5005 τὸ
3197 4950 3267 5019 γ’,
3308 4952 3434 5023 ἥτις
3466 4948 3715 5020 διαφόροις

2150 5054 2391 5128 αἱρέσεις
2422 5049 2839 5123 θριαμϐεύσασα
2861 5047 2929 5099 τὰ
2951 5046 3060 5098 τῶν
3091 5045 3538 5115 προγενεστέρων
3564 5040 3711 5108 ἁγίων

2150 5144 2386 5199 συνόδων
2419 5144 2536 5195 θεῖα
2566 5142 2811 5210 δόγματα
2830 5138 3194 5208 ἐπεκύρωσε,
3238 5136 3337 5189 καὶ
3361 5136 3456 5189 ὲπὶ
3488 5137 3605 5189 πᾶσι
3624 5130 3710 5199 τῆς

2149 5236 2208 5288 ἐν
2252 5232 2460 5303 Νικαίᾳ
2507 5232 2568 5284 τὸ
2615 5231 2678 5300 β’,
2732 5230 2790 5296 ἐξ
2819 5224 2887 5300 ἧς
2917 5231 2965 5282 οἱ
3000 5228 3139 5282 κατὰ
3169 5228 3281 5280 τῶν
3313 5228 3484 5295 ἁγίων
3516 5226 3710 5280 εἰκόνων

2148 5328 2517 5397 λυττήσαντες
2548 5325 2608 5390 ἐξ
2642 5324 2756 5376 ἴσου
2790 5326 2901 5383 τοῖς
2928 5321 3291 5393 προλαϐοῦσιν
3319 5321 3604 5393 αἱρετικοῖς
3620 5315 3708 5383 τῆς

2150 5415 2448 5485 καθολικῆς
2503 5414 2597 5467 τοῦ
2658 5413 2794 5467 Θεοῦ
2851 5414 3178 5483 Ἐκκλησίας
3247 5412 3705 5484 ἁπεκηρύχοησαν.

2150 5510 2271 5562 Τῶν
2300 5509 2410 5578 γὰρ
2440 5504 2859 5578 προειρημένων
2905 5504 3076 5572 ἁγίων
3117 5503 3353 5559 συνόδων
3395 5505 3463 5557 τὰ
3499 5503 3706 5571 δόγματα

2150 5600 2403 5670 καθάπερ
2429 5599 2526 5662 τὰς
2552 5597 2700 5659 Θείας
2733 5595 2950 5666 Γραφὰς
2975 5594 3265 5665 δεχόμεθα,
3303 5594 3401 5648 καὶ
3428 5592 3545 5656 τούς
3573 5586 3705 5642 κανό-

455 5683 766 5755 Scripturas
816 5684 1170 5754 suscipimus,
1205 5695 1259 5742 et
1304 5702 1544 5742 canones
1579 5696 1639 5745 nt
1675 5689 1818 5760 leges
1854 5698 2035 5745 custo-

2158 5712 2248 5756 νας
2285 5694 2360 5756 ὼς
2414 5692 2599 5761 νόμοις
2636 5691 3001 5758 φυλάττομεν.
3062 5688 3125 5741 Ἦ
3170 5687 3255 5759 μδ¹
3285 5685 3521 5752 διάταξις
3553 5681 3628 5736 τοῦ
3660 5676 3704 5747 γ’

450 5777 656 5831 (limus.
684 5779 873 5833 Const.
910 5777 1001 5847 Μ,
1026 5780 1111 5835 tit.
1137 5779 1192 5847 5,
1222 5780 1317 5835 lib.
1346 5779 1604 5839 1Codicis
1634 5798 1743 5838 non
1762 5792 1843 5839 est
1867 5784 2042 5853 posita

453 5868 510 5921 in
543 5866 706 5923 Basil.
742 5884 919 5941 neque
954 5885 1083 5926 vero
1120 5871 1142 5926 1
1182 5879 1277 5927 aut
1314 5872 1346 5927 ι
1397 5880 1573 5930 const.
1602 5872 1685 5929 tit.
1723 5872 1745 5927 1
1798 5872 2047 5931 Novella.

2154 5787 2258 5842 τίτ.
2290 5785 2384 5840 τοῦ
2410 5782 2457 5838 α’
2486 5783 2693 5855 βιϐλίου
2719 5781 2814 5836 τοῦ
2843 5780 3089 5845 Κώδικος
3127 5782 3229 5836 οὐκ
3256 5782 3416 5851 ἐτέθη
3448 5784 3523 5846 εἷς
3540 5780 3597 5833 τὰ
3616 5775 3701 5847 βα-

2160 5876 2373 5945 σιλικὰ,
2415 5875 2535 5930 οὐδὲ
2576 5876 2610 5947 ἡ
2645 5879 2691 5927 α’
2744 5874 2837 5927 καὶ
2885 5874 2926 5927 δ’
2966 5872 3212 5940 διάταξις
3256 5874 3353 5930 τοῦ
3405 5880 3451 5930 α’
3484 5871 3578 5926 τίτ.
3610 5865 3700 5921 τῶν
