4022 6450
217 378 339 448 981

1201 379 1692 450 NOMOCANON.
1727 410 1793 423 —
1818 386 1967 450 TIT.
1995 378 2053 464 Ϊ,
2090 387 2248 450 CAP.
2289 388 2317 451 Ι
2350 412 2420 425 -
2457 390 2575 451 Ill.

3423 391 3532 456 93’.

218 494 466 568 Νεαρῶν
493 488 571 552 ὧν
589 496 624 568 ἡ
662 496 762 569 μὲν
789 497 926 568 ἐκτη
960 499 1078 554 ἐστὶ
1103 500 1275 572 νεαρὰ
1302 501 1753 572 Ἰουστινιάνειος,
1786 504 1821 576 ἡ

1960 518 2073 567 um,
2095 477 2348 574 [quarum1
2379 501 2494 556 haec
2530 501 2752 572 quidem
2797 509 2883 558 est
2914 500 3263 559 BJustiniani
3299 505 3533 559 uovella’

219 587 288 640 δὲ
347 595 401 641 π’
455 587 721 653 ὡσαύτως
770 589 892 644 οὐδὲ
927 593 961 662 ὴ
998 589 1064 662 ιβ’
1114 592 1360 662 διάταξις
1391 592 1487 649 τοῦ
1520 593 1564 666 β’
1595 595 1701 650 τίτ.
1729 594 1825 649 τοῦ

219 679 277 734 α’
301 681 516 752 βιϐλίου
561 681 658 737 τοῦ
689 683 956 748 Κώδικος.
999 686 1109 740 Καὶ
1149 687 1286 758 μηδέ
1313 688 1378 744 σὺ
1405 688 1631 752 ταύταις
1655 705 1831 760 προσ-

218 776 360 846 χῇς,
394 775 613 846 πρῶτον
643 775 743 847 μὲν
780 777 863 832 ὃτι
891 777 1015 832 οὐδὲ
1046 779 1412 836 ἐναντιοῦνται
1447 785 1514 854 τῇ
1545 781 1659 853 ρλα’
1703 783 1837 836 Ἰου-

220 865 546 937 στινιανείῳ
566 867 753 939 νεαρᾷ,
785 863 903 923 εἷτα
923 870 1008 924 ὅτι
1032 871 1155 926 ούδέ
1183 870 1482 944 ἐδέχθησαν
1506 872 1565 926 ἐν
1585 873 1701 937 τοῖς
1730 871 1835 927 Βα‹

221 956 488 1024 σιλικοτς.

305 1054 555 1125 Ἕτερον
580 1059 859 1127 σκόλιον.
915 1061 1052 1134 Περὶ
1096 1063 1196 1134 μὲν
1241 1063 1335 1119 οῦν
1370 1063 1480 1120 τῶν
1521 1067 1579 1120 ἐν
1613 1065 1690 1138 τῷ
1728 1083 1836 1120 πα-

226 1148 388 1219 ρόντι
431 1149 478 1222 β’
517 1167 648 1222 praep.
688 1152 1043 1223 δηλωθέντων
1080 1161 1350 1227 νομίμων,
1403 1159 1726 1232 ἐγράφησαν
1761 1160 1834 1214 τὰ

221 1241 448 1298 εἰκότα.
495 1243 776 1312 Γίγνωσκε
820 1246 878 1300 δὲ
915 1247 998 1302 ὅτι
1043 1247 1318 1322 διαφόρως
1360 1245 1515 1306 εἶπόν
1551 1268 1697 1316 τινες
1738 1253 1834 1308 καὶ

220 1327 410 1383 ταῦτα
433 1329 666 1386 ἐνώπιον
688 1335 783 1387 τοῦ
809 1333 1074 1404 βασιλέως
1100 1338 1258 1409 ἡμῶν
1285 1337 1380 1392 τοῦ
1403 1338 1562 1409 ἁγίου
1589 1341 1662 1411 μὴ
1684 1341 1834 1407 ὀφεί-

219 1421 349 1478 λειν
371 1427 596 1497 κρατεῖν
625 1427 752 1492 τοὺς
777 1430 1029 1495 κανόνας,
1060 1431 1187 1485 ἔνθα
1221 1433 1407 1505 νόμοις
1437 1433 1828 1500 ἐναντιοῦνται,

219 1514 320 1569 διὰ
352 1515 416 1570 τὸ
449 1517 556 1588 πρὸ
591 1519 691 1590 τῆς
728 1521 1156 1595 ἁνακαθὰρσεως
1194 1525 1406 1590 τούτοις
1443 1531 1828 1598 συγγραφῆναι

222 1606 329 1658 καὶ
371 1605 517 1661 οὕτω
561 1609 929 1680 σχολάσασθαι
973 1616 1097 1680 τοὺς
1137 1617 1324 1682 αὐτοῖς
1363 1619 1440 1691 μὴ
1484 1620 1826 1692 συνᾴδοντας.

225 1698 425 1754 ’Δλλοι
455 1700 513 1756 δὲ
541 1705 979 1776 προκομίσαντες
1004 1709 1236 1772 κανόνας
1265 1715 1380 1776 τοῖς
1411 1713 1596 1784 νόμοις
1621 1715 1830 1768 ἐναντι-

223 1790 522 1862 ουμένους,
572 1795 683 1850 καὶ
709 1799 1044 1870 χρησάμενοι
1089 1804 1156 1874 τῇ
1195 1803 1446 1876 παρούσῃ
1494 1804 1610 1877 ρλα⁹
1661 1807 1834 1879 νεαρᾷ

232 1883 308 1953 τῇ
346 1883 580 1956 κειμένῃ
610 1885 668 1939 ἐν
702 1886 893 1957 βιϐλίῳ
915 1895 958 1942 ε’
996 1890 1106 1969 τῶν
1137 1890 1430 1962 βασιλικῶν
1461 1894 1568 1949 τίτ.
1612 1902 1663 1964 γ’
1701 1913 1829 1966 κεφ.

1938 598 2029 654 illa
2056 614 2185 655 vero
2215 600 2284 655 80
2308 600 2579 670 ejusdem.
2612 599 2800 670 Neque
2826 599 3010 672 [item]
3045 609 3224 656 const.
3254 601 3344 666 l2,
3373 601 3454 656 tit.
3476 601 3532 667 2,

1941 692 2035 747 lib.
2067 708 2085 746 ι
2139 692 2277 749 Cod.
2317 691 2507 763 Neque
2541 709 2668 748 vere
2703 703 2760 748 tu
2797 693 2906 750 illis
2962 694 3210 749 animum
3273 694 3534 764 applices.

1941 785 2211 849 Primum,
2244 787 2371 858 quia
2413 802 2522 842 non
2556 791 2919 842 adversantur
2954 789 3047 843 151
3087 787 3382 843 Justiuiani
3436 802 3537 842 no-

1945 877 2118 934 vellat.
2155 877 2387 944 Deinde,
2418 879 2546 950 quia
2580 880 2634 933 in
2667 879 2916 936 Basilicis
2956 893 3066 935 non
3101 889 3234 934 sunt
3286 888 3536 950 receptae.

2007 1065 2172 1121 Aliud
2226 1064 2524 1122 Scholium.
2573 1064 2651 1121 De
2678 1065 2804 1136 jure
2845 1065 3089 1136 quidem,
3118 1064 3266 1135 quod
3296 1065 3350 1119 in
3399 1079 3540 1134 pra:-

1936 1160 2076 1216 seuti
2101 1160 2137 1214 2
2174 1160 2351 1230 capite
2385 1160 2719 1215 declaratum
2750 1166 2856 1222 est,
2915 1159 3121 1228 scripta
3157 1167 3286 1213 sunt
3338 1157 3541 1211 decen-

1937 1253 2028 1308 tia.
2087 1253 2242 1308 Scias
2309 1260 2515 1318 tamen,
2549 1252 2699 1323 quod
2751 1253 2912 1308 aliter
2975 1250 3222 1306 nonnulli
3275 1250 3538 1314 dixerint,

1933 1347 2162 1416 idquein
2184 1345 2472 1416 praesentia
2503 1347 2677 1400 sancti
2710 1347 2881 1401 nostri
2911 1343 3261 1414 imperatoris
3310 1343 3541 1413 [nempe
3612 1400 3632 1416 ο

1937 1448 2182 1490 canones
2222 1450 2327 1488 non
2359 1434 2558 1490 debere
2588 1437 2789 1500 valere,
2826 1435 3046 1505 quando
3076 1433 3436 1488 adversantur
3462 1433 3542 1487 le-

1937 1529 2138 1598 gibus:
2177 1537 2458 1598 propterea
2481 1529 2624 1598 quod
2671 1537 2794 1582 ante
2823 1525 3044 1600 [legum]
3090 1525 3540 1597 ‘repurgationem

1944 1621 2020 1676 illi
2065 1623 2357 1692 conscripti
2405 1631 2535 1678 sunt
2569 1640 2582 1677 :
2615 1633 2780 1692 atque
2829 1623 2902 1676 ita
2959 1622 3054 1691 qui
3093 1619 3364 1694 [canones]
3416 1634 3542 1674 cum

1945 1712 2192 1787 [legibus]
2231 1728 2340 1768 non
2387 1713 2750 1779 conveniunt,
2786 1714 2995 1768 otiosos
3049 1727 3190 1767 esse.
3244 1711 3348 1766 Alii
3412 1725 3544 1766 vero

1944 1807 2192 1876 prolatis,
2224 1806 2316 1878 qui
2347 1807 2558 1878 legibus
2588 1807 2971 1873 adversantur,
3001 1804 3302 1860 canonibus
3323 1813 3375 1858 et
3402 1819 3546 1874 prae-

1938 1899 2078 1954 senti
2103 1899 2458 1970 l5l_novella,
2489 1915 2611 1969 qua:
2635 1899 2685 1952 iu
2721 1914 2752 1951 v
2785 1899 2879 1954 lib.
2906 1897 3102 1964 Basi|.,
3137 1896 3222 1951 tit.
3251 1896 3306 1961 5,
3339 1910 3464 1964 cap.
3493 1894 3542 1958 1,

224 1981 302 2041 α’,
339 1976 576 2052 λεγούσῃ
604 1980 730 2044 τοὺς
756 1981 986 2046 κανόνας
1010 1983 1083 2048 ὡς
1115 1985 1315 2056 νόμους
1345 1987 1714 2057 φυλάττεσθαι
1737 1991 1835 2044 καὶ

1960 1991 2117 2047 iesita
2171 2001 2276 2059 est,
2317 1992 2421 2065 [in
2459 1985 2730 2066 medium]
2765 1997 3048 2064 producta,
3101 1992 3435 2048 adversariis
3483 2005 3548 2043 os

222 2067 309 2133 ὡς
350 2068 504 2134 Θείας
545 2071 791 2144 Γραφὰς,
840 2075 1212 2147 ἐπεστόμισαν
1252 2081 1380 2144 τοὺς
1420 2081 1838 2148 ἁντιθετοῦντας

226 2160 449 2226 αὐτοῖς,
482 2162 572 2215 ὅτε
617 2164 889 2220 κάκείνων
926 2167 1192 2222 είπόντων
1219 2169 1538 2225 ἁνένδεκτον
1567 2167 1708 2226 εἴναι
1739 2171 1838 2244 τὴν

225 2251 499 2324 τοιαύτην
523 2257 724 2328 νεαρὰν
745 2257 821 2321 ὡς
833 2259 986 2330 παρὰ
1008 2259 1102 2314 τοῦ
1126 2260 1512 2318 Ἰουστινιανοῦ
1538 2265 1839 2336 λεγομένην

229 2345 518 2415 γενέσθαι,
547 2350 642 2404 καὶ
679 2353 1036 2423 μεμνημένην
1070 2356 1164 2408 καὶ
1193 2355 1301 2408 τῶν
1327 2357 1465 2426 μετὰ
1495 2357 1586 2411 τὸν
1628 2359 1845 2413 Ἰουστι-

231 2440 427 2494 νιανὸν
450 2441 704 2510 συνόδων,
741 2444 836 2498 καὶ
868 2445 1013 2500 οὕτω
1039 2447 1239 2502 ἄτοπόν
1267 2466 1319 2502 τι
1342 2449 1504 2521 δῆθεν
1533 2468 1840 2506 κατασκευο

233 2533 508 2603 αζόντων,
538 2537 694 2591 αὐτοὶ
729 2539 932 2609 μᾶλλον
966 2541 1076 2594 κὰκ
1096 2541 1290 2596 τούτου
1321 2544 1842 2616 καταλαμϐάνεσθαι

233 2622 426 2693 εἷπον,
467 2629 529 2682 τὸ
574 2630 965 2687 οἰκειώσασθαι
1004 2634 1072 2688 τὰ
1115 2636 1217 2705 τῆς
1244 2639 1442 2709 νεαρᾶς
1465 2638 1556 2691 τὸν
1582 2637 1682 2711 τὴν
1707 2639 1843 2693 ἁνα-

237 2718 522 2792 θεὼρησιν
567 2722 663 2776 καὶ
705 2725 1083 2797 ἀνακάθαρσιν
1122 2730 1231 2782 τῶν
1260 2731 1441 2802 νόμων
1473 2734 1845 2805 ποιησάμενον

239 2811 501 2884 βασιλέα.
541 2817 604 2871 Εί
640 2818 747 2890 γὰρ
792 2823 868 2892 μὴ
909 2821 1068 2876 τοῦτο
1107 2818 1175 2895 ἦν
1215 2825 1317 2880 ούκ
1349 2826 1416 2880 ἂν
1449 2828 1546 2881 καὶ
1587 2829 1716 2894 τοὺς
1738 2829 1848 2884 τῶν

244 2912 735 2983 μεταγενεστέρων
769 2915 1005 2969 συνόδων
1030 2918 1264 2984 κανόνας
1296 2919 1372 2984 ὡς
1405 2922 1594 2993 νόμοις
1621 2926 1846 2994 κρατεῖν

241 2999 570 3089 προσέθετο,
601 3004 696 3058 καὶ
731 3005 808 3070 ὡς
835 3006 984 3072 θείας
1011 3009 1257 3080 Γραφάς.
1313 3012 1475 3068 Ἀλλὰ
1507 3014 1602 3067 καὶ
1639 3015 1849 3089 ταύτην

239 3088 327 3154 ὡς
354 3093 449 3145 καὶ
488 3091 655 3158 ἄλλας
697 3095 1162 3165 Ἰουστινιανείους
1195 3104 1397 3174 νεαρὰς
1434 3104 1521 3158 ἵνα
1555 3088 1848 3176 ἐσχόλασεν

245 3183 320 3236 ἐκ
351 3182 448 3238 τοῦ
483 3184 558 3258 μὴ
585 3191 974 3262 καταστρῶσαι
996 3193 1166 3264 αὐτὴν
1194 3196 1274 3259 είς
1306 3196 1372 3249 τὰ
1403 3196 1680 3267 βασιλικὰ,
1711 3200 1849 3272 ὅπερ

243 3277 472 3350 ἐδέχθη,
509 3282 602 3336 καὶ
639 3283 795 3356 παρὰ
832 3285 909 3356 τῷ
963 3286 1174 3358 βασιλεῖ
1214 3289 1292 3362 τῷ
1333 3290 1496 3362 ἁγίῳ.
1536 3292 1853 3364 Σημείωσαι

1938 2085 2267 2140 obturarunt
2298 2104 2313 2140 :
2345 2084 2633 2159 [camilla]
2665 2102 2900 2142 canones
2923 2095 3180 2157 tanquam
3209 2085 3353 2156 leges
3386 2093 3552 2153 atque

1947 2193 2133 2234 sacras
2188 2177 2506 2250 Seripturas
2545 2179 2934 2234 custodiendos
2987 2194 3135 2246 esse,
3171 2177 3338 2233 dicat.
3388 2176 3544 2242 Quod

1949 2287 2081 2328 vero
2106 2272 2181 2326 illi
2211 2273 2476 2335 dicerent,
2513 2287 2619 2328 non
2670 2272 3076 2341 suscipiendam
3096 2253 3400 2328 'esseillam
3443 2285 3550 2325 no-

1947 2363 2168 2425 vellam,
2212 2371 2272 2417 ut
2328 2379 2471 2434 quae,
2551 2379 2674 2418 cum
2717 2379 2747 2418 a
2777 2363 3089 2419 Justiuiano
3146 2362 3289 2416 edita
3335 2360 3551 2415 dicatur

1951 2453 2309 2508 conciliorum
2353 2462 2478 2524 post
2528 2450 2899 2508 Justinianum
2927 2451 3278 2525 [habitorum]
3311 2451 3551 2505 mentio‘

1953 2561 2074 2601 nem
2108 2545 2292 2611 faciat,
2323 2554 2489 2616 atque
2513 2547 2588 2600 ita
2647 2546 3040 2600 absurditatem
3103 2545 3396 2613 quamdam
3422 2557 3552 2596 cou-

1954 2641 2245 2696 stituereut
2279 2659 2293 2695 :
2324 2655 2383 2695 se
2413 2640 2540 2695 inde
2594 2641 2756 2694 etiam
2823 2639 2997 2710 magis
3039 2635 3261 2710 {illam}
3299 2635 3552 2705 amplecti

1959 2734 2199 2801 aiebant,
2243 2734 2388 2804 quod
2420 2749 2543 2803 quae
2579 2733 2790 2787 novella
2829 2732 3016 2797 tradit,
3048 2731 3094 2786 is
3129 2730 3426 2800 imperator
3458 2728 3550 2797 qui

1958 2828 2104 2896 leges
2149 2828 2464 2898 repurgavit
2494 2837 2657 2896 atque
2707 2825 3046 2898 recognovit,
3072 2823 3176 2879 sibi
3231 2821 3552 2876 vindicavit.

1956 2919 2090 2974 Nam
2117 2920 2158 2975 si
2185 2920 2236 2974 id
2262 2918 2384 2993 [ita]
2404 2935 2512 2975 non
2533 2928 2698 2983 esset,
2719 2932 2824 2972 non
2844 2918 3010 2972 etiam
3035 2915 3400 2988 posteriorum
3425 2920 3558 2968 eone

1960 3012 2214 3068 ciliorum
2240 3027 2503 3077 canones,
2535 3021 2591 3065 ut
2629 3012 2776 3082 leges
2805 3018 2970 3078 atque
3000 3023 3190 3064 sacras
3215 3005 3553 3076 Scripturas.

1961 3106 2144 3160 valere
2179 3103 2406 3178 [debere]
2428 3105 2738 3172 adiecisset.
2761 3102 2940 3173 Atque
2970 3104 3109 3157 hanc
3142 3102 3306 3157 etiam
3334 3098 3561 3172 [inquie-

1963 3196 2123 3269 bant]
2160 3208 2219 3252 ut
2257 3198 2394 3252 alias
2447 3195 2741 3252 Iustiniani
2801 3196 3065 3259 novellas,
3120 3194 3268 3248 velut
3323 3194 3558 3248 otiosam

1963 3291 2225 3353 reddidit,
2258 3291 2405 3361 quod
2432 3290 2608 3361 ipsam
2644 3288 2895 3344 Basilicis
2947 3303 3052 3342 nou
3108 3287 3363 3357 aspersit.
3399 3285 3557 3351 Quod

244 3370 357 3442 τὴν
399 3374 684 3444 παροῦσαν
715 3380 919 3450 νεαρὰν
955 3380 1032 3445 ὡς
1071 3360 1522 3455 νόμοιςνκρατεῖν
1565 3360 1640 3455 μὴ
1688 3387 1847 3456 μόνον

1960 3398 2093 3439 sane
2139 3360 2362 3438 sanctus
2398 3360 2698 3452 imperator
2741 3383 2904 3437 etiam
2939 3379 3224 3450 probabat.
3260 3377 3400 3432 Nota
3431 3389 3560 3430 vero

244 3466 385 3529 τοὺς
420 3468 573 3538 παρὰ
612 3469 726 3523 τῶν
754 3470 797 3535 ζ’
831 3473 1003 3542 ἁγίων
1049 3474 1284 3529 συνόδων
1330 3475 1654 3541 ἐκτεθέντας
1690 3477 1854 3532 κανό-

245 3575 375 3621 νας,
405 3559 542 3614 ἀλλὰ
571 3565 667 3616 καὶ
690 3564 817 3628 τοὺς
837 3564 990 3636 παρὰ
1009 3565 1216 3621 τούτων
1243 3567 1662 3638 βεϐαιωθέντας,
1687 3570 1856 3642 ἤγουν

248 3649 388 3714 τοὺς
433 3653 668 3719 κανόνας
709 3657 818 3710 τῶν
851 3658 1094 3713 τοπικῶν
1130 3661 1384 3718 συνόδων.
1425 3661 1535 3716 Καὶ
1579 3662 1855 3732 ἀνάγνωθι

249 3748 352 3802 τὸν
395 3745 440 3818 β’
471 3747 674 3804 κάνονα
702 3753 802 3822 τῆς
837 3759 892 3816 ς’
925 3753 1170 3818 συνόδου,
1218 3745 1539 3825 βεϐαιοῦντα
1577 3756 1651 3826 μὴ
1698 3759 1858 3828 μόνον

256 3842 368 3906 τὰς
396 3844 630 3909 τοπικὰς
665 3846 938 3912 συνόδους,
977 3848 1115 3901 ἁλλὰ
1145 3849 1238 3902 καὶ
1265 3849 1470 3920 ἐτέρων
1506 3851 1679 3918 ἁγίων
1720 3867 1855 3921 συγ-

252 3937 593 4007 γράμματα.
643 3936 1082 4010 Ἐπισημείωσαι
1104 3941 1203 4012 τὴν
1230 3941 1512 4012 παροῦσαν
1536 3944 1854 4015 ἑρμηνείαν,

255 4029 357 4082 καὶ
393 4028 537 4099 ἔχων
566 4029 737 4100 αὐτὴν
772 4032 864 4084 ἐπὶ
904 4033 1149 4104 μνήμης,
1187 4033 1312 4102 λέγε
1354 4035 1483 4098 τοὺς
1521 4035 1752 4100 κανόνας
1779 4037 1860 4090 ἱσ-

255 4121 419 4192 χύειν
453 4121 618 4175 πλέον
640 4123 751 4177 τῶν
783 4125 986 4194 νόμων.
1028 4126 1093 4178 01
1136 4125 1239 4196 μὲν
1285 4127 1396 4198 γὰρ
1428 4127 1596 4198 ἤγουν
1635 4130 1859 4193 κανόνες

257 4217 418 4288 παρὰ
449 4215 738 4286 βασιλέων,
769 4217 865 4273 καὶ
898 4218 1071 4286 ἁγίων
1115 4220 1373 4292 Πατέρων
1405 4222 1718 4285 ἐκτεθέντες
1763 4222 1860 4275 καὶ

258 4309 654 4379 στηριχθέντες
701 4310 778 4373 ὡς
829 4311 886 4363 αί
938 4311 1077 4364 θεῖαι
1134 4313 1349 4383 Γραφαὶ
1393 4313 1659 4384 δέχονται.
1697 4315 1760 4366 Ol
1803 4315 1861 4368 δὲ

257 4402 421 4472 νόμοι
452 4403 604 4472 παρὰ
637 4401 900 4471 βασιλέων
927 4404 1086 4474 μόνον
1107 4404 1404 4475 ἐδέχθησαν
1431 4404 1464 4476 ἢ
1495 4405 1861 4478 συνετέθησαν

259 4497 358 4548 καὶ
407 4494 497 4548 διὰ
540 4494 697 4548 τοῦτο
741 4497 801 4550 οὐ
853 4495 1244 4569 κατισχύσουσι
1286 4498 1396 4551 τῶν
1438 4497 1598 4552 θείων
1629 4500 1862 4570 Γραφῶν

258 4589 389 4643 οὐδὲ
417 4589 529 4643 τῶν
555 4592 818 4646 κανόνων.

1961 3487 2282 3547 praesentem
2327 3475 2622 3539 novellam,
2649 3491 2772 3545 quae
2802 3491 2908 3530 non
2941 3472 3104 3527 modo
3131 3487 3161 3526 a
3185 3481 3392 3540 septem
3431 3481 3560 3523 sau-

1959 3571 2062 3625 ctis
2113 3569 2360 3624 conciliis
2419 3569 2792 3638 promulgatos
2846 3581 3108 3629 canones,
3161 3578 3350 3619 verum
3391 3562 3557 3618 etiam

1960 3663 2053 3731 qui
2093 3661 2162 3716 ab
2195 3663 2304 3716 illis
2359 3661 2668 3717 coulirmati
2717 3669 2848 3715 sunt
2885 3656 3324 3730 (provincialium
3371 3655 3556 3710 conci-

1963 3753 2163 3808 liorum
2197 3769 2439 3810 canones
2477 3753 2692 3824 nempe)
2726 3762 2785 3807 ut
2822 3753 2971 3823 leges
3011 3752 3191 3804 valere
3228 3749 3380 3804 dicit.
3418 3747 3560 3818 Lege

1963 3848 2127 3904 etiam
2176 3848 2478 3904 secundum
2517 3862 2781 3902 canonem
2831 3847 2982 3920 sexti
3043 3844 3258 3900 concilii
3300 3843 3394 3914 qui
3449 3857 3559 3896 non

1963 3941 2141 3998 solum
2171 3941 2529 4012 provincialia
2559 3940 2814 4006 concilia,
2845 3941 2938 3996 sed
2965 3939 3132 3996 etiam
3165 3938 3398 3992 aliorum
3429 3950 3560 3991 san-
3663 3974 3666 3976 -

1963 4045 2176 4090 ctorum
2215 4034 2415 4104 scripta
2479 4033 2789 4088 confirmat.
2848 4031 2984 4086 Nota
3028 4031 3194 4098 igitur
3233 4038 3558 4099 praesentem

1965 4130 2494 4200 interpretationem,
2523 4143 2758 4198 eamque
2782 4127 2838 4182 in
2869 4126 3136 4182 memoria
3178 4125 3388 4179 habens
3428 4122 3556 4178 die:

1966 4238 2208 4278 canones
2243 4221 2465 4293 majoris
2507 4221 2852 4276 auctoritatis
2881 4235 3026 4284 esse,
3056 4233 3222 4288 quam
3266 4217 3432 4287 leges.
3481 4215 3560 4269 Illi

1966 4315 2111 4370 enim
2141 4329 2400 4377 canones,
2436 4328 2630 4381 nempe
2661 4327 2785 4366 cum
2821 4312 2891 4367 ab
2926 4309 3350 4381 imperatoribus
3395 4318 3560 4376 atque

1966 4407 2171 4462 sanctis
2217 4407 2474 4461 Patribus
2519 4404 2843 4474 promulgati
2909 4400 3286 4459 conlirmative
3321 4399 3452 4461 sint,
3502 4410 3562 4454 ut

1968 4516 2138 4555 saera:
2199 4499 2497 4570 Scriptura:
2527 4499 2907 4569 suscipiuntur
2955 4515 2968 4552 :
3019 4497 3164 4567 leges
3194 4510 3320 4550 vero
3363 4510 3393 4549 a
3428 4494 3561 4549 solis

1971 4591 2397 4662 imperatoribus
2427 4602 2696 4663 suscepta:
2727 4599 2874 4654 sunt,
2909 4599 3073 4659 atque
3126 4589 3331 4643 idcirco
3385 4587 3560 4643 sacris

1973 4683 2271 4754 Scripturis
2309 4685 2425 4741 sive
2472 4683 2780 4739 canonibus
2813 4697 2920 4737 non
2961 4681 3360 4751 przevalebunt.

337 4778 594 4832 ΚΕΦΑΛ.
627 4779 702 4834 Γν.
729 4808 799 4818 -
833 4779 974 4849 Περὶ
1002 4778 1110 4835 τοῦ
1137 4781 1548 4850 φυλάττεσθαι
1584 4781 1650 4836 τὸ
1688 4780 1847 4852 ἄγρα·

2043 4776 2274 4833 CAPUT
2308 4777 2396 4833 Ill.
2435 4807 2507 4818 —
2539 4776 2609 4831 Ut
2660 4777 2984 4831 consuetudo
3029 4774 3390 4829 ecclesiastica
3456 4787 3560 4825 non

261 4891 388 4944 ερον
424 4873 943 4942 ἐκκλησιαστικὸν
984 4874 1123 4940 ἔθος
1149 4876 1231 4942 ὡς
1254 4877 1464 4945 νόμον,
1499 4877 1599 4930 καὶ
1627 4874 1717 4928 ὅτι
1749 4875 1862 4929 οὐκ

261 4967 496 5036 ἔχομεν
553 4965 829 5036 ἀνάγκην
883 4965 1213 5036 φυλάττειν
1256 4965 1332 5020 τὰ
1382 4967 1490 5021 τοῦ
1541 4963 1866 5020 Μωσαῑκοῦ

263 5060 483 5128 νόμου.

345 5153 574 5207 Συνόδου
595 5159 648 5218 ς’
678 5150 861 5207 κανὼν
888 5158 1001 5207 πα’.
1028 5152 1313 5216 Βασίλειος
1336 5153 1446 5206 ἀπὸ
1468 5152 1568 5221 τῆς
1589 5151 1724 5223 πρὸς
1748 5149 1865 5205 Διό-

265 5243 445 5314 δωρον
469 5242 774 5312 ἐπιστολῆς,
818 5243 912 5296 καὶ
931 5244 997 5296 ἐκ
1026 5243 1121 5296 τοῦ
1151 5242 1255 5307 κζ’,
1287 5243 1384 5297 καὶ
1405 5243 1469 5296 ἐκ
1495 5241 1588 5295 τοῦ
1618 5243 1700 5296 κθ’
1735 5258 1862 5310 κεφ.

268 5338 381 5391 τῶν
427 5335 566 5407 πρὸς
626 5335 974 5408 Ἀμφιλόχιον
1025 5335 1323 5390 ἐπιστολῶν
1381 5337 1510 5408 περὶ
1558 5335 1653 5389 τοῦ
1705 5337 1863 5405 ἁγίου

269 5428 614 5498 Πνεύματος.

344 5521 658 5592 Κείμενον.
699 5521 813 5576 Καὶ
846 5521 939 5576 ἐπὶ
965 5520 1060 5577 τοῦ
1100 5521 1381 5577 πολιτικοῦ
1412 5521 1600 5594 νόμου,
1637 5540 1692 5576 κ.
1725 5539 1776 5577 τ.
1809 5521 1860 5576 λ.

271 5633 452 5688 usque
481 5615 550 5671 ad
577 5616 676 5688 τὴν
702 5616 1012 5689 συνήθειαν.

345 5712 626 5779 Σχόλιον.
662 5709 734 5763 Τὸ
759 5710 800 5764 δ’
823 5711 1096 5781 διάταγμα
1115 5708 1210 5765 τοῦ
1230 5716 1277 5780 γ’
1303 5709 1408 5764 τίτ.
1453 5708 1548 5763 τοῦ
1573 5715 1620 5762 α’
1658 5707 1866 5779 βιϐλίου

274 5805 384 5860 τῶν
433 5803 740 5872 Διατάξεὼν
779 5805 898 5858 ἐστι
943 5803 1148 5874 βιΰλίον
1172 5803 1283 5858 τῶν
1313 5802 1620 5856 Βασιλικῶν
1662 5802 1726 5872 β’,
1758 5802 1864 5856 τίτ.

276 5903 346 5966 α’,
375 5912 499 5968 κειρ.
538 5902 650 5968 μα’,
671 5895 815 5951 οὕτω
836 5897 991 5968 λέγον
1009 5914 1024 5928 ο
1048 5897 1182 5969 Περὶ
1207 5889 1282 5952 ὧν
1306 5894 1579 5968 ἔγγραφος
1606 5895 1666 5948 οὺ
1691 5895 1870 5949 κεῖται

1969 4868 2171 4936 scripta
2200 4876 2457 4931 servetur,
2486 4876 2545 4919 ut
2577 4865 2680 4920 tem.
2727 4863 2796 4918 Et
2825 4864 2966 4936 quod
2995 4877 3201 4917 necesse
3226 4877 3328 4916 non
3359 4860 3424 4915 sit
3457 4874 3563 4913 ser-

1967 4975 2091 5014 vare
2121 4959 2261 5030 leges
2299 4956 2593 5014 Mosaicas.

2041 5145 2274 5202 Coneilii
2322 5145 2462 5202 sexti
2505 5159 2684 5201 canon
2739 5143 2830 5212 81,
2859 5143 3096 5200 Basilius
3131 5157 3197 5195 ex
3230 5137 3460 5209 epistola
3493 5136 3562 5190 ad

1973 5239 2272 5293 Diodorum
2361 5247 2418 5294 et
2478 5252 2542 5292 ex
2576 5252 2698 5307 cap.
2744 5236 2815 5291 ‘27
2871 5245 2926 5290 et
2977 5235 3048 5289 29
3103 5233 3458 5302 epistolarqu
3493 5227 3561 5282 ad

1974 5329 2447 5400 Amphilochium,
2478 5329 2548 5384 de
2582 5329 2789 5399 Spiritu
2817 5336 3032 5382 sancto.

2050 5516 2267 5571 Τρωίας.
2306 5514 2372 5570 Ει
2400 5516 2453 5570 in
2480 5516 2607 5585 jure
2666 5513 2810 5570 civili
2843 5510 3185 5568 consuetudo
3209 5518 3342 5570 etc.,
3375 5521 3556 5576 usque,

1973 5609 2042 5664 ad
2068 5609 2519 5666 consuetudinem
2549 5605 3002 5678 transgredimur,
3035 5613 3091 5659 ut
3122 5620 3244 5674 pag.
3285 5599 3410 5654 466..

2051 5704 2343 5760 Scholium.
2403 5703 2679 5772 Digestutn
2730 5701 2785 5766 4,
2822 5701 2906 5756 tit.
2939 5700 2994 5762 5,
3026 5700 3123 5753 lib.
3173 5713 3186 5750 ι
3240 5694 3442 5763 Digest.
3484 5697 3572 5745 est

1977 5799 2072 5854 lib.
2130 5797 2301 5853 Basil.
2330 5814 2389 5861 ιι,
2419 5797 2500 5850 tit.
2544 5814 2582 5860 ι,
2620 5812 2742 5866 cap.
2769 5796 2861 5860 41,
2896 5794 3041 5864 quod
3073 5792 3153 5847 sic
3187 5791 3264 5844 ait
3293 5805 3306 5842 :
3347 5788 3420 5841 De
3445 5785 3572 5856 qni-

1981 5896 2083 5950 bus
2114 5892 2297 5949 causis
2338 5891 2486 5947 nulla
2527 5893 2729 5963 scripta
2763 5891 2851 5946 lex
2879 5895 2984 5956 est,
3027 5884 3296 5942 custodiri
3353 5888 3572 5953 oportet

1984 6057 2426 6075 ..κιο-’-ωρδδ---ιιοηοΑη
2453 6068 2460 6072 .
2501 6068 2515 6072 _
2541 6069 2546 6072 ,
2567 6067 2570 6070 ι
2594 6067 2606 6071 _
2685 6064 2722 6071 ,._
2753 6063 2850 6069 --ρ-η
2901 6061 2936 6068 η-
2973 6055 3062 6066 -Δα-
3123 6062 3128 6066 .
