  <div class='ocr_page' id='page_1' title='image "/cluster/home/n/w/nwhite01/storage/ocr_20150623/104/hvd.32044018872853/497.png"; bbox 0 0 4022 6464; ppageno 0'>
   <div class='ocr_carea' id='block_1_1' title="bbox 469 370 2090 445">
    <p class='ocr_par' dir='ltr' id='par_1_1' title="bbox 469 371 2090 445">
     <span class='ocr_line' id='line_1_1' title="bbox 469 371 2090 445; baseline -0.008 0"><span class='ocrx_word' id='word_1_1' title='bbox 469 378 575 445; x_wconf 79' lang='lat'><strong>983</strong></span> <span class='ocrx_word' id='word_1_2' title='bbox 1604 371 1872 435; x_wconf 82' lang='lat' dir='ltr'><strong>PHOTII</strong></span> <span class='ocrx_word' id='word_1_3' title='bbox 1907 371 2090 433; x_wconf 75' lang='lat' dir='ltr'><strong>PATE</strong></span> 
     </span>
    </p>
   </div>
   <div class='ocr_carea' id='block_1_2' title="bbox 2200 370 3751 445">
    <p class='ocr_par' dir='ltr' id='par_1_2' title="bbox 2200 370 3751 435">
     <span class='ocr_line' id='line_1_2' title="bbox 2200 370 3751 435; baseline 0.003 -4"><span class='ocrx_word' id='word_1_4' title='bbox 2200 370 2416 432; x_wconf 73' lang='grc' dir='ltr'><strong>ΒΟΗιΕ</strong></span> <span class='ocrx_word' id='word_1_5' title='bbox 2457 370 2565 433; x_wconf 88' lang='lat' dir='ltr'><strong>CP.</strong></span> <span class='ocrx_word' id='word_1_6' title='bbox 3655 372 3751 435; x_wconf 59' lang='lat'><strong>984</strong></span> 
     </span>
    </p>
   </div>
   <div class='ocr_carea' id='block_1_3' title="bbox 471 452 2090 555">
    <p class='ocr_par' dir='ltr' id='par_1_3' title="bbox 471 452 2090 551">
     <span class='ocr_line' id='line_1_3' title="bbox 471 452 2090 551; baseline -0.006 -4"><span class='ocrx_word' id='word_1_7' title='bbox 471 505 654 547; x_wconf 87' lang='lat' dir='ltr'><strong>mores</strong></span> <span class='ocrx_word' id='word_1_8' title='bbox 682 497 733 546; x_wconf 86' lang='lat' dir='ltr'><strong>et</strong></span> <span class='ocrx_word' id='word_1_9' title='bbox 762 485 1235 543; x_wconf 68' lang='lat' dir='ltr'><strong>consuetudinem.</strong></span> <span class='ocrx_word' id='word_1_10' title='bbox 1269 482 1424 551; x_wconf 87' lang='lat' dir='ltr'><strong>Quod</strong></span> <span class='ocrx_word' id='word_1_11' title='bbox 1476 452 1682 539; x_wconf 49' lang='lat' dir='ltr'><strong>si‘htec</strong></span> <span class='ocrx_word' id='word_1_12' title='bbox 1738 482 2056 547; x_wconf 88' lang='lat' dir='ltr'><strong>defecerint,</strong></span> <span class='ocrx_word' id='word_1_13' title='bbox 2088 536 2090 543; x_wconf 19' lang='grc' dir='ltr'><em>Α</em></span> 
     </span>
    </p>
   </div>
   <div class='ocr_carea' id='block_1_4' title="bbox 2200 452 3756 555">
    <p class='ocr_par' dir='ltr' id='par_1_4' title="bbox 2200 478 3756 555">
     <span class='ocr_line' id='line_1_4' title="bbox 2200 478 3756 555; baseline 0.004 -22"><span class='ocrx_word' id='word_1_14' title='bbox 2200 480 2349 550; x_wconf 72' lang='grc' dir='ltr'>ὀμος,</span> <span class='ocrx_word' id='word_1_15' title='bbox 2374 478 2818 550; x_wconf 76' lang='grc' dir='ltr'><strong>παραφυλάττειν</strong></span> <span class='ocrx_word' id='word_1_16' title='bbox 2837 480 2919 535; x_wconf 84' lang='grc' dir='ltr'><strong>δεῖ</strong></span> <span class='ocrx_word' id='word_1_17' title='bbox 2945 481 3007 536; x_wconf 82' lang='grc' dir='ltr'><strong>τδ</strong></span> <span class='ocrx_word' id='word_1_18' title='bbox 3037 481 3182 547; x_wconf 78' lang='grc' dir='ltr'>ἔθος,</span> <span class='ocrx_word' id='word_1_19' title='bbox 3206 481 3296 537; x_wconf 76' lang='grc' dir='ltr'>καὶ</span> <span class='ocrx_word' id='word_1_20' title='bbox 3328 480 3435 554; x_wconf 81' lang='grc' dir='ltr'><strong>τὴν</strong></span> <span class='ocrx_word' id='word_1_21' title='bbox 3463 482 3756 555; x_wconf 77' lang='grc' dir='ltr'>συνήθειαν.</span> 
     </span>
    </p>
   </div>
   <div class='ocr_carea' id='block_1_5' title="bbox 466 573 2056 654">
    <p class='ocr_par' dir='ltr' id='par_1_5' title="bbox 466 573 2056 654">
     <span class='ocr_line' id='line_1_5' title="bbox 466 573 2056 654; baseline -0.006 -16"><span class='ocrx_word' id='word_1_22' title='bbox 466 585 717 654; x_wconf 79' lang='lat' dir='ltr'><strong>proxima</strong></span> <span class='ocrx_word' id='word_1_23' title='bbox 744 580 1044 654; x_wconf 65' lang='lat' dir='ltr'><strong>propositae</strong></span> <span class='ocrx_word' id='word_1_24' title='bbox 1063 577 1356 650; x_wconf 61' lang='lat' dir='ltr'><strong>quaestioni</strong></span> <span class='ocrx_word' id='word_1_25' title='bbox 1385 575 1586 630; x_wconf 82' lang='lat' dir='ltr'><strong>similia</strong></span> <span class='ocrx_word' id='word_1_26' title='bbox 1605 583 1734 629; x_wconf 89' lang='lat' dir='ltr'><strong>sunt</strong></span> <span class='ocrx_word' id='word_1_27' title='bbox 1762 573 2056 645; x_wconf 87' lang='lat' dir='ltr'><strong>sequenda.</strong></span> 
     </span>
    </p>
   </div>
   <div class='ocr_carea' id='block_1_6' title="bbox 471 666 2062 744">
    <p class='ocr_par' dir='ltr' id='par_1_6' title="bbox 471 666 2062 744">
     <span class='ocr_line' id='line_1_6' title="bbox 471 666 2062 744; baseline -0.006 -13"><span class='ocrx_word' id='word_1_28' title='bbox 471 676 530 731; x_wconf 84' lang='lat' dir='ltr'><strong>Si</strong></span> <span class='ocrx_word' id='word_1_29' title='bbox 564 693 632 731; x_wconf 90' lang='lat' dir='ltr'><strong>ne</strong></span> <span class='ocrx_word' id='word_1_30' title='bbox 671 676 789 732; x_wconf 64' lang='lat' dir='ltr'><strong>haec</strong></span> <span class='ocrx_word' id='word_1_31' title='bbox 817 674 1037 744; x_wconf 86' lang='lat' dir='ltr'><strong>quidem</strong></span> <span class='ocrx_word' id='word_1_32' title='bbox 1072 670 1452 736; x_wconf 83' lang='lat' dir='ltr'><strong>inveniantur,</strong></span> <span class='ocrx_word' id='word_1_33' title='bbox 1486 679 1617 724; x_wconf 91' lang='lat' dir='ltr'><strong>tunc</strong></span> <span class='ocrx_word' id='word_1_34' title='bbox 1659 667 1752 737; x_wconf 86' lang='lat' dir='ltr'><strong>jus</strong></span> <span class='ocrx_word' id='word_1_35' title='bbox 1782 683 1891 737; x_wconf 89' lang='lat' dir='ltr'><strong>quo</strong></span> <span class='ocrx_word' id='word_1_36' title='bbox 1930 666 2062 721; x_wconf 90' lang='lat' dir='ltr'><strong>urbs</strong></span> 
     </span>
    </p>
   </div>
   <div class='ocr_carea' id='block_1_7' title="bbox 470 758 2061 834">
    <p class='ocr_par' dir='ltr' id='par_1_7' title="bbox 470 758 2061 834">
     <span class='ocr_line' id='line_1_7' title="bbox 470 758 2061 834; baseline -0.006 -11"><span class='ocrx_word' id='word_1_37' title='bbox 470 769 647 824; x_wconf 77' lang='lat' dir='ltr'><strong>Roma</strong></span> <span class='ocrx_word' id='word_1_38' title='bbox 680 768 875 830; x_wconf 90' lang='lat' dir='ltr'><strong>utitur,</strong></span> <span class='ocrx_word' id='word_1_39' title='bbox 909 764 1119 821; x_wconf 88' lang='lat' dir='ltr'><strong>servari</strong></span> <span class='ocrx_word' id='word_1_40' title='bbox 1173 770 1407 834; x_wconf 87' lang='lat' dir='ltr'><strong>oportet.</strong></span> <span class='ocrx_word' id='word_1_41' title='bbox 1463 761 1526 815; x_wconf 89' lang='lat' dir='ltr'><strong>Et</strong></span> <span class='ocrx_word' id='word_1_42' title='bbox 1560 760 1731 816; x_wconf 84' lang='lat' dir='ltr'><strong>them.</strong></span> <span class='ocrx_word' id='word_1_43' title='bbox 1759 758 1814 825; x_wconf 73' lang='lat'><strong>2,</strong></span> <span class='ocrx_word' id='word_1_44' title='bbox 1852 759 2061 815; x_wconf 81' lang='lat' dir='ltr'><strong>invete-</strong></span> 
     </span>
    </p>
   </div>
   <div class='ocr_carea' id='block_1_8' title="bbox 471 854 1596 929">
    <p class='ocr_par' dir='ltr' id='par_1_8' title="bbox 471 854 1596 929">
     <span class='ocr_line' id='line_1_8' title="bbox 471 854 1596 929; baseline -0.006 -13"><span class='ocrx_word' id='word_1_45' title='bbox 471 870 590 916; x_wconf 82' lang='lat' dir='ltr'><strong>rata</strong></span> <span class='ocrx_word' id='word_1_46' title='bbox 625 859 968 916; x_wconf 90' lang='lat' dir='ltr'><strong>consuetudo</strong></span> <span class='ocrx_word' id='word_1_47' title='bbox 995 873 1094 929; x_wconf 91' lang='lat' dir='ltr'><strong>pro</strong></span> <span class='ocrx_word' id='word_1_48' title='bbox 1122 858 1238 928; x_wconf 84' lang='lat' dir='ltr'><strong>lege</strong></span> <span class='ocrx_word' id='word_1_49' title='bbox 1266 854 1596 912; x_wconf 83' lang='lat' dir='ltr'><strong>custoditur.</strong></span> 
     </span>
    </p>
   </div>
   <div class='ocr_carea' id='block_1_9' title="bbox 547 1019 2071 1091">
    <p class='ocr_par' dir='ltr' id='par_1_9' title="bbox 547 1019 2071 1091">
     <span class='ocr_line' id='line_1_9' title="bbox 547 1019 2071 1091; baseline -0.005 -11"><span class='ocrx_word' id='word_1_50' title='bbox 547 1026 711 1080; x_wconf 80' lang='lat' dir='ltr'><strong>Aliud</strong></span> <span class='ocrx_word' id='word_1_51' title='bbox 755 1024 1034 1079; x_wconf 78' lang='lat' dir='ltr'><strong>scholium.</strong></span> <span class='ocrx_word' id='word_1_52' title='bbox 1083 1022 1276 1089; x_wconf 63' lang='lat' dir='ltr'><strong>Quaare</strong></span> <span class='ocrx_word' id='word_1_53' title='bbox 1320 1021 1353 1076; x_wconf 88' lang='lat'><strong>6</strong></span> <span class='ocrx_word' id='word_1_54' title='bbox 1384 1021 1551 1077; x_wconf 87' lang='lat' dir='ltr'><strong>them.</strong></span> <span class='ocrx_word' id='word_1_55' title='bbox 1583 1036 1703 1091; x_wconf 86' lang='lat' dir='ltr'><strong>cap.</strong></span> <span class='ocrx_word' id='word_1_56' title='bbox 1747 1021 1838 1087; x_wconf 53' lang='lat' dir='ltr'><strong>Ill,</strong></span> <span class='ocrx_word' id='word_1_57' title='bbox 1878 1021 1989 1088; x_wconf 70' lang='lat' dir='ltr'><strong>tit.i</strong></span> <span class='ocrx_word' id='word_1_58' title='bbox 2015 1019 2071 1087; x_wconf 77' lang='grc' dir='ltr'>Ι,</span> 
     </span>
    </p>
   </div>
   <div class='ocr_carea' id='block_1_10' title="bbox 473 1112 2068 1190">
    <p class='ocr_par' dir='ltr' id='par_1_10' title="bbox 473 1112 2068 1190">
     <span class='ocr_line' id='line_1_10' title="bbox 473 1112 2068 1190; baseline -0.004 -15"><span class='ocrx_word' id='word_1_59' title='bbox 473 1120 649 1184; x_wconf 75' lang='lat' dir='ltr'><strong>lih.&quot;,</strong></span> <span class='ocrx_word' id='word_1_60' title='bbox 677 1119 820 1190; x_wconf 89' lang='lat' dir='ltr'><strong>quod</strong></span> <span class='ocrx_word' id='word_1_61' title='bbox 847 1118 957 1171; x_wconf 85' lang='lat' dir='ltr'><strong>ait:</strong></span> <span class='ocrx_word' id='word_1_62' title='bbox 990 1115 1460 1183; x_wconf 80' lang='lat' dir='ltr'><strong>Quemadmodum</strong></span> <span class='ocrx_word' id='word_1_63' title='bbox 1498 1115 1629 1168; x_wconf 90' lang='lat' dir='ltr'><strong>latio</strong></span> <span class='ocrx_word' id='word_1_64' title='bbox 1670 1114 1800 1185; x_wconf 83' lang='lat' dir='ltr'><strong>legis</strong></span> <span class='ocrx_word' id='word_1_65' title='bbox 1848 1112 1987 1187; x_wconf 89' lang='lat' dir='ltr'><strong>[aut]</strong></span> <span class='ocrx_word' id='word_1_66' title='bbox 2017 1114 2068 1168; x_wconf 92' lang='lat' dir='ltr'><strong>in</strong></span> 
     </span>
    </p>
   </div>
   <div class='ocr_carea' id='block_1_11' title="bbox 472 1206 2071 1282">
    <p class='ocr_par' dir='ltr' id='par_1_11' title="bbox 472 1206 2071 1282">
     <span class='ocr_line' id='line_1_11' title="bbox 472 1206 2071 1282; baseline -0.006 -13"><span class='ocrx_word' id='word_1_67' title='bbox 472 1214 676 1282; x_wconf 77' lang='lat' dir='ltr'><strong>scripta</strong></span> <span class='ocrx_word' id='word_1_68' title='bbox 735 1210 986 1275; x_wconf 77' lang='lat' dir='ltr'><strong>refertur,</strong></span> <span class='ocrx_word' id='word_1_69' title='bbox 1015 1218 1108 1263; x_wconf 91' lang='lat' dir='ltr'><strong>aut</strong></span> <span class='ocrx_word' id='word_1_70' title='bbox 1166 1224 1273 1263; x_wconf 90' lang='lat' dir='ltr'><strong>non</strong></span> <span class='ocrx_word' id='word_1_71' title='bbox 1321 1206 1578 1271; x_wconf 83' lang='lat' dir='ltr'><strong>refertur,</strong></span> <span class='ocrx_word' id='word_1_72' title='bbox 1629 1206 1701 1261; x_wconf 88' lang='lat' dir='ltr'><strong>ita</strong></span> <span class='ocrx_word' id='word_1_73' title='bbox 1750 1206 1869 1276; x_wconf 83' lang='lat' dir='ltr'><strong>ejus</strong></span> <span class='ocrx_word' id='word_1_74' title='bbox 1906 1207 2071 1261; x_wconf 82' lang='lat' dir='ltr'><strong>etiam</strong></span> 
     </span>
    </p>
   </div>
   <div class='ocr_carea' id='block_1_12' title="bbox 469 1300 2076 1378">
    <p class='ocr_par' dir='ltr' id='par_1_12' title="bbox 469 1300 2076 1378">
     <span class='ocr_line' id='line_1_12' title="bbox 469 1300 2076 1378; baseline -0.006 -16"><span class='ocrx_word' id='word_1_75' title='bbox 469 1306 752 1378; x_wconf 84' lang='lat' dir='ltr'><strong>abrogatio</strong></span> <span class='ocrx_word' id='word_1_76' title='bbox 781 1310 902 1372; x_wconf 63' lang='lat' dir='ltr'><strong>aut)</strong></span> <span class='ocrx_word' id='word_1_77' title='bbox 925 1318 1019 1374; x_wconf 92' lang='lat' dir='ltr'><strong>per</strong></span> <span class='ocrx_word' id='word_1_78' title='bbox 1046 1303 1217 1373; x_wconf 88' lang='lat' dir='ltr'><strong>legem</strong></span> <span class='ocrx_word' id='word_1_79' title='bbox 1250 1300 1510 1371; x_wconf 86' lang='lat' dir='ltr'><strong>scriptam</strong></span> <span class='ocrx_word' id='word_1_80' title='bbox 1545 1300 1625 1362; x_wconf 85' lang='lat' dir='ltr'><strong>lit,</strong></span> <span class='ocrx_word' id='word_1_81' title='bbox 1672 1308 1766 1354; x_wconf 92' lang='lat' dir='ltr'><strong>aut</strong></span> <span class='ocrx_word' id='word_1_82' title='bbox 1792 1317 1896 1353; x_wconf 84' lang='lat' dir='ltr'><strong>non</strong></span> <span class='ocrx_word' id='word_1_83' title='bbox 1933 1300 2076 1355; x_wconf 83' lang='lat' dir='ltr'><strong>seri-</strong></span> 
     </span>
    </p>
   </div>
   <div class='ocr_carea' id='block_1_13' title="bbox 395 1392 2077 1471">
    <p class='ocr_par' dir='ltr' id='par_1_13' title="bbox 395 1392 2077 1471">
     <span class='ocr_line' id='line_1_13' title="bbox 395 1392 2077 1471; baseline -0.007 -15"><span class='ocrx_word' id='word_1_84' title='bbox 395 1406 403 1413; x_wconf 88' lang='lat'>&#39;</span> <span class='ocrx_word' id='word_1_85' title='bbox 470 1410 645 1471; x_wconf 87' lang='lat' dir='ltr'><strong>ptam,</strong></span> <span class='ocrx_word' id='word_1_86' title='bbox 674 1400 725 1455; x_wconf 91' lang='lat' dir='ltr'><strong>id</strong></span> <span class='ocrx_word' id='word_1_87' title='bbox 754 1409 974 1468; x_wconf 88' lang='lat' dir='ltr'><strong>est.per</strong></span> <span class='ocrx_word' id='word_1_88' title='bbox 998 1396 1437 1451; x_wconf 80' lang='lat' dir='ltr'><strong>desuetudinem.</strong></span> <span class='ocrx_word' id='word_1_89' title='bbox 1456 1392 1528 1447; x_wconf 82' lang='lat' dir='ltr'><strong>Et</strong></span> <span class='ocrx_word' id='word_1_90' title='bbox 1566 1409 1687 1464; x_wconf 78' lang='lat' dir='ltr'><strong>cap.</strong></span> <span class='ocrx_word' id='word_1_91' title='bbox 1710 1393 1780 1449; x_wconf 70' lang='grc'><strong>42</strong></span> <span class='ocrx_word' id='word_1_92' title='bbox 1807 1412 1819 1448; x_wconf 88' lang='lat'><strong>:</strong></span> <span class='ocrx_word' id='word_1_93' title='bbox 1853 1392 1927 1447; x_wconf 88' lang='lat' dir='ltr'><strong>De</strong></span> <span class='ocrx_word' id='word_1_94' title='bbox 1952 1394 2077 1464; x_wconf 68' lang='lat' dir='ltr'><strong>qn?-</strong></span> 
     </span>
    </p>
   </div>
   <div class='ocr_carea' id='block_1_14' title="bbox 471 1490 2077 1563">
    <p class='ocr_par' dir='ltr' id='par_1_14' title="bbox 471 1490 2077 1563">
     <span class='ocr_line' id='line_1_14' title="bbox 471 1490 2077 1563; baseline -0.007 -13"><span class='ocrx_word' id='word_1_95' title='bbox 471 1497 575 1552; x_wconf 84' lang='lat' dir='ltr'><strong>bus</strong></span> <span class='ocrx_word' id='word_1_96' title='bbox 627 1496 812 1552; x_wconf 85' lang='lat' dir='ltr'><strong>causis</strong></span> <span class='ocrx_word' id='word_1_97' title='bbox 850 1495 936 1550; x_wconf 81' lang='lat' dir='ltr'><strong>lex</strong></span> <span class='ocrx_word' id='word_1_98' title='bbox 976 1493 1179 1563; x_wconf 86' lang='lat' dir='ltr'><strong>scripta</strong></span> <span class='ocrx_word' id='word_1_99' title='bbox 1221 1507 1328 1546; x_wconf 91' lang='lat' dir='ltr'><strong>non</strong></span> <span class='ocrx_word' id='word_1_100' title='bbox 1356 1499 1459 1556; x_wconf 86' lang='lat' dir='ltr'><strong>est,</strong></span> <span class='ocrx_word' id='word_1_101' title='bbox 1498 1490 1799 1544; x_wconf 71' lang='lat' dir='ltr'><strong>inveterata</strong></span> <span class='ocrx_word' id='word_1_102' title='bbox 1838 1504 2077 1543; x_wconf 71' lang='lat' dir='ltr'><strong>conisu:-</strong></span> 
     </span>
    </p>
   </div>
   <div class='ocr_carea' id='block_1_15' title="bbox 2166 571 3761 647">
    <p class='ocr_par' dir='ltr' id='par_1_15' title="bbox 2166 571 3761 647">
     <span class='ocr_line' id='line_1_15' title="bbox 2166 571 3761 647; baseline 0.004 -22"><span class='ocrx_word' id='word_1_103' title='bbox 2166 573 2227 626; x_wconf 84' lang='lat' dir='ltr'><strong>El</strong></span> <span class='ocrx_word' id='word_1_104' title='bbox 2252 572 2308 625; x_wconf 84' lang='grc' dir='ltr'>δὲ</span> <span class='ocrx_word' id='word_1_105' title='bbox 2336 572 2429 626; x_wconf 80' lang='grc' dir='ltr'>καὶ</span> <span class='ocrx_word' id='word_1_106' title='bbox 2448 571 2607 627; x_wconf 89' lang='grc' dir='ltr'>τοῦτο</span> <span class='ocrx_word' id='word_1_107' title='bbox 2630 572 2890 641; x_wconf 82' lang='grc' dir='ltr'>ἐλλείπει,</span> <span class='ocrx_word' id='word_1_108' title='bbox 2918 574 3243 630; x_wconf 82' lang='grc' dir='ltr'><strong>ἀκολουθεῖν</strong></span> <span class='ocrx_word' id='word_1_109' title='bbox 3270 578 3390 640; x_wconf 86' lang='grc' dir='ltr'>τοῖς</span> <span class='ocrx_word' id='word_1_110' title='bbox 3414 575 3761 647; x_wconf 77' lang='grc' dir='ltr'><strong>πλησιάζουσι</strong></span> 
     </span>
    </p>
   </div>
   <div class='ocr_carea' id='block_1_16' title="bbox 2172 670 3766 747">
    <p class='ocr_par' dir='ltr' id='par_1_16' title="bbox 2172 670 3766 747">
     <span class='ocr_line' id='line_1_16' title="bbox 2172 670 3766 747; baseline 0.003 -24"><span class='ocrx_word' id='word_1_111' title='bbox 2172 670 2269 723; x_wconf 74' lang='grc' dir='ltr'>καὶ</span> <span class='ocrx_word' id='word_1_112' title='bbox 2300 671 2504 725; x_wconf 77' lang='grc' dir='ltr'>ἐοικόσι</span> <span class='ocrx_word' id='word_1_113' title='bbox 2529 670 2607 740; x_wconf 83' lang='grc' dir='ltr'>τῷ</span> <span class='ocrx_word' id='word_1_114' title='bbox 2637 671 2980 743; x_wconf 79' lang='grc' dir='ltr'>ζητουμένῳ.</span> <span class='ocrx_word' id='word_1_115' title='bbox 3021 673 3084 725; x_wconf 83' lang='grc' dir='ltr'><strong>Εἰ</strong></span> <span class='ocrx_word' id='word_1_116' title='bbox 3126 672 3183 726; x_wconf 80' lang='grc' dir='ltr'><strong>δέ</strong></span> <span class='ocrx_word' id='word_1_117' title='bbox 3219 674 3359 743; x_wconf 84' lang='grc' dir='ltr'>μήτε</span> <span class='ocrx_word' id='word_1_118' title='bbox 3390 671 3572 725; x_wconf 87' lang='grc' dir='ltr'>ταῦτα</span> <span class='ocrx_word' id='word_1_119' title='bbox 3601 674 3766 747; x_wconf 76' lang='grc' dir='ltr'>εὑρίσ-</span> 
     </span>
    </p>
   </div>
   <div class='ocr_carea' id='block_1_17' title="bbox 2168 758 3768 838">
    <p class='ocr_par' dir='ltr' id='par_1_17' title="bbox 2168 758 3768 838">
     <span class='ocr_line' id='line_1_17' title="bbox 2168 758 3768 838; baseline 0.003 -22"><span class='ocrx_word' id='word_1_120' title='bbox 2168 780 2347 829; x_wconf 83' lang='grc' dir='ltr'>κεται,</span> <span class='ocrx_word' id='word_1_121' title='bbox 2381 763 2503 817; x_wconf 86' lang='grc' dir='ltr'>τότε</span> <span class='ocrx_word' id='word_1_122' title='bbox 2532 764 2595 817; x_wconf 82' lang='grc' dir='ltr'>τὸ</span> <span class='ocrx_word' id='word_1_123' title='bbox 2628 764 2861 835; x_wconf 83' lang='grc' dir='ltr'>νόμιμον</span> <span class='ocrx_word' id='word_1_124' title='bbox 2893 758 3048 833; x_wconf 80' lang='grc' dir='ltr'>ᾧτινι</span> <span class='ocrx_word' id='word_1_125' title='bbox 3079 767 3112 837; x_wconf 83' lang='grc' dir='ltr'>ἡ</span> <span class='ocrx_word' id='word_1_126' title='bbox 3144 765 3333 836; x_wconf 83' lang='grc' dir='ltr'><strong>Ῥώμη</strong></span> <span class='ocrx_word' id='word_1_127' title='bbox 3388 766 3655 837; x_wconf 84' lang='grc' dir='ltr'>κέχρηται</span> <span class='ocrx_word' id='word_1_128' title='bbox 3678 786 3768 838; x_wconf 61' lang='lat' dir='ltr'><strong>qu-</strong></span> 
     </span>
    </p>
   </div>
   <div class='ocr_carea' id='block_1_18' title="bbox 2168 855 3767 931">
    <p class='ocr_par' dir='ltr' id='par_1_18' title="bbox 2168 855 3767 931">
     <span class='ocr_line' id='line_1_18' title="bbox 2168 855 3767 931; baseline 0.004 -22"><span class='ocrx_word' id='word_1_129' title='bbox 2168 855 2385 911; x_wconf 84' lang='grc' dir='ltr'>λάττειν</span> <span class='ocrx_word' id='word_1_130' title='bbox 2411 856 2510 920; x_wconf 87' lang='grc' dir='ltr'>δεῖ,</span> <span class='ocrx_word' id='word_1_131' title='bbox 2547 856 2641 910; x_wconf 77' lang='grc' dir='ltr'>καὶ</span> <span class='ocrx_word' id='word_1_132' title='bbox 2664 856 2809 928; x_wconf 88' lang='grc' dir='ltr'>θέμα</span> <span class='ocrx_word' id='word_1_133' title='bbox 2844 857 2887 929; x_wconf 86' lang='grc' dir='ltr'><strong>β’</strong></span> <span class='ocrx_word' id='word_1_134' title='bbox 2930 860 2963 929; x_wconf 84' lang='grc' dir='ltr'><strong>ἡ</strong></span> <span class='ocrx_word' id='word_1_135' title='bbox 2996 858 3200 913; x_wconf 88' lang='grc' dir='ltr'>παλαιά</span> <span class='ocrx_word' id='word_1_136' title='bbox 3232 859 3506 931; x_wconf 74' lang='grc' dir='ltr'>συνήθεια</span> <span class='ocrx_word' id='word_1_137' title='bbox 3544 860 3662 914; x_wconf 69' lang='grc' dir='ltr'>ἀντὶ</span> <span class='ocrx_word' id='word_1_138' title='bbox 3686 862 3767 916; x_wconf 71' lang='grc' dir='ltr'>νό-</span> 
     </span>
    </p>
   </div>
   <div class='ocr_carea' id='block_1_19' title="bbox 2175 948 2653 1019">
    <p class='ocr_par' dir='ltr' id='par_1_19' title="bbox 2175 948 2653 1019">
     <span class='ocr_line' id='line_1_19' title="bbox 2175 948 2653 1019; baseline 0 -18"><span class='ocrx_word' id='word_1_139' title='bbox 2175 965 2276 1019; x_wconf 85' lang='grc' dir='ltr'><strong>μου</strong></span> <span class='ocrx_word' id='word_1_140' title='bbox 2306 948 2653 1017; x_wconf 79' lang='grc' dir='ltr'><strong>φυλάττεται,</strong></span> 
     </span>
    </p>
   </div>
   <div class='ocr_carea' id='block_1_20' title="bbox 2249 1040 3775 1114">
    <p class='ocr_par' dir='ltr' id='par_1_20' title="bbox 2249 1040 3775 1114">
     <span class='ocr_line' id='line_1_20' title="bbox 2249 1040 3775 1114; baseline 0.003 -22"><span class='ocrx_word' id='word_1_141' title='bbox 2249 1040 2361 1093; x_wconf 73' lang='grc' dir='ltr'>Καὶ</span> <span class='ocrx_word' id='word_1_142' title='bbox 2413 1040 2555 1111; x_wconf 88' lang='grc' dir='ltr'>θέμα</span> <span class='ocrx_word' id='word_1_143' title='bbox 2577 1041 2846 1113; x_wconf 85' lang='grc' dir='ltr'>ς’ὦσπερ</span> <span class='ocrx_word' id='word_1_144' title='bbox 2885 1043 2919 1114; x_wconf 81' lang='grc' dir='ltr'>ὴ</span> <span class='ocrx_word' id='word_1_145' title='bbox 2968 1041 3116 1108; x_wconf 82' lang='grc' dir='ltr'><strong>θέσις</strong></span> <span class='ocrx_word' id='word_1_146' title='bbox 3162 1042 3255 1096; x_wconf 90' lang='grc' dir='ltr'><strong>τοῦ</strong></span> <span class='ocrx_word' id='word_1_147' title='bbox 3303 1042 3484 1113; x_wconf 83' lang='grc' dir='ltr'>νόμου</span> <span class='ocrx_word' id='word_1_148' title='bbox 3515 1042 3775 1114; x_wconf 72' lang='grc' dir='ltr'><strong>ἔγγραφος</strong></span> 
     </span>
    </p>
   </div>
   <div class='ocr_carea' id='block_1_21' title="bbox 2174 1132 3777 1209">
    <p class='ocr_par' dir='ltr' id='par_1_21' title="bbox 2174 1132 3777 1209">
     <span class='ocr_line' id='line_1_21' title="bbox 2174 1132 3777 1209; baseline 0.004 -24"><span class='ocrx_word' id='word_1_149' title='bbox 2174 1132 2269 1185; x_wconf 76' lang='grc' dir='ltr'>καὶ</span> <span class='ocrx_word' id='word_1_150' title='bbox 2303 1132 2547 1203; x_wconf 85' lang='grc' dir='ltr'>ἄγραφός</span> <span class='ocrx_word' id='word_1_151' title='bbox 2606 1137 2744 1197; x_wconf 85' lang='grc' dir='ltr'>ἐστι,</span> <span class='ocrx_word' id='word_1_152' title='bbox 2780 1134 2925 1189; x_wconf 74' lang='grc' dir='ltr'>οὕτω</span> <span class='ocrx_word' id='word_1_153' title='bbox 2960 1137 3058 1193; x_wconf 77' lang='grc' dir='ltr'>καὶ</span> <span class='ocrx_word' id='word_1_154' title='bbox 3112 1138 3145 1207; x_wconf 79' lang='grc' dir='ltr'><strong>η</strong></span> <span class='ocrx_word' id='word_1_155' title='bbox 3180 1136 3469 1209; x_wconf 82' lang='grc' dir='ltr'>ἀναίρεσις</span> <span class='ocrx_word' id='word_1_156' title='bbox 3520 1137 3556 1207; x_wconf 79' lang='grc' dir='ltr'><strong>ἥ</strong></span> <span class='ocrx_word' id='word_1_157' title='bbox 3603 1138 3669 1190; x_wconf 85' lang='grc' dir='ltr'><strong>δι’</strong></span> <span class='ocrx_word' id='word_1_158' title='bbox 3696 1140 3777 1206; x_wconf 85' lang='grc' dir='ltr'>ἐγ-</span> 
     </span>
    </p>
   </div>
   <div class='ocr_carea' id='block_1_22' title="bbox 2175 1225 3780 1302">
    <p class='ocr_par' dir='ltr' id='par_1_22' title="bbox 2175 1225 3780 1302">
     <span class='ocr_line' id='line_1_22' title="bbox 2175 1225 3780 1302; baseline 0.002 -23"><span class='ocrx_word' id='word_1_159' title='bbox 2175 1225 2393 1297; x_wconf 85' lang='grc' dir='ltr'>γράφου</span> <span class='ocrx_word' id='word_1_160' title='bbox 2422 1228 2630 1297; x_wconf 90' lang='grc' dir='ltr'>γίνεται</span> <span class='ocrx_word' id='word_1_161' title='bbox 2649 1228 2816 1297; x_wconf 86' lang='grc' dir='ltr'>νόμου</span> <span class='ocrx_word' id='word_1_162' title='bbox 2847 1230 2881 1302; x_wconf 77' lang='grc' dir='ltr'>ἢ</span> <span class='ocrx_word' id='word_1_163' title='bbox 2912 1229 2980 1284; x_wconf 88' lang='grc' dir='ltr'><strong>δι’</strong></span> <span class='ocrx_word' id='word_1_164' title='bbox 3026 1229 3298 1301; x_wconf 78' lang='grc' dir='ltr'><strong>ἀγράφου,</strong></span> <span class='ocrx_word' id='word_1_165' title='bbox 3338 1230 3496 1283; x_wconf 81' lang='grc' dir='ltr'>τοῦτ’</span> <span class='ocrx_word' id='word_1_166' title='bbox 3544 1229 3659 1283; x_wconf 78' lang='grc' dir='ltr'>ἐστι</span> <span class='ocrx_word' id='word_1_167' title='bbox 3692 1230 3780 1300; x_wconf 79' lang='grc' dir='ltr'>τῆς</span> 
     </span>
    </p>
   </div>
   <div class='ocr_carea' id='block_1_23' title="bbox 2176 1318 3781 1394">
    <p class='ocr_par' dir='ltr' id='par_1_23' title="bbox 2176 1318 3781 1394">
     <span class='ocr_line' id='line_1_23' title="bbox 2176 1318 3781 1394; baseline 0.002 -21"><span class='ocrx_word' id='word_1_168' title='bbox 2176 1318 2467 1389; x_wconf 75' lang='grc' dir='ltr'>ἀκρησίας.</span> <span class='ocrx_word' id='word_1_169' title='bbox 2520 1321 2630 1374; x_wconf 72' lang='grc' dir='ltr'><strong>Καὶ</strong></span> <span class='ocrx_word' id='word_1_170' title='bbox 2660 1338 2787 1390; x_wconf 88' lang='grc' dir='ltr'>κεφ.</span> <span class='ocrx_word' id='word_1_171' title='bbox 2839 1319 2968 1393; x_wconf 78' lang='grc' dir='ltr'>μβ’,</span> <span class='ocrx_word' id='word_1_172' title='bbox 3020 1324 3054 1393; x_wconf 85' lang='grc' dir='ltr'><strong>ἡ</strong></span> <span class='ocrx_word' id='word_1_173' title='bbox 3102 1321 3291 1394; x_wconf 87' lang='grc' dir='ltr'>μακρά</span> <span class='ocrx_word' id='word_1_174' title='bbox 3344 1322 3620 1393; x_wconf 83' lang='grc' dir='ltr'>συνήθεια</span> <span class='ocrx_word' id='word_1_175' title='bbox 3672 1323 3781 1376; x_wconf 81' lang='grc' dir='ltr'>ἀντὶ</span> 
     </span>
    </p>
   </div>
   <div class='ocr_carea' id='block_1_24' title="bbox 2180 1408 3779 1487">
    <p class='ocr_par' dir='ltr' id='par_1_24' title="bbox 2180 1408 3779 1487">
     <span class='ocr_line' id='line_1_24' title="bbox 2180 1408 3779 1487; baseline 0.003 -23"><span class='ocrx_word' id='word_1_176' title='bbox 2180 1411 2347 1481; x_wconf 72' lang='grc' dir='ltr'>νόμου</span> <span class='ocrx_word' id='word_1_177' title='bbox 2388 1414 2582 1483; x_wconf 85' lang='grc' dir='ltr'>κρατεῖ</span> <span class='ocrx_word' id='word_1_178' title='bbox 2620 1415 2681 1467; x_wconf 83' lang='grc' dir='ltr'><strong>ἐν</strong></span> <span class='ocrx_word' id='word_1_179' title='bbox 2721 1408 2804 1479; x_wconf 71' lang='grc' dir='ltr'><strong>οἷς</strong></span> <span class='ocrx_word' id='word_1_180' title='bbox 2852 1415 2955 1468; x_wconf 79' lang='grc' dir='ltr'>οὐκ</span> <span class='ocrx_word' id='word_1_181' title='bbox 2992 1414 3139 1470; x_wconf 79' lang='grc' dir='ltr'>ἐστιν</span> <span class='ocrx_word' id='word_1_182' title='bbox 3184 1417 3497 1487; x_wconf 75' lang='grc' dir='ltr'>ἔγγραφος,</span> <span class='ocrx_word' id='word_1_183' title='bbox 3535 1415 3632 1468; x_wconf 57' lang='grc' dir='ltr'><strong>καὶ⁵</strong></span> <span class='ocrx_word' id='word_1_184' title='bbox 3667 1432 3779 1485; x_wconf 82' lang='grc' dir='ltr'>κεφ.</span> 
     </span>
    </p>
   </div>
   <div class='ocr_carea' id='block_1_25' title="bbox 2186 1504 3781 1582">
    <p class='ocr_par' dir='ltr' id='par_1_25' title="bbox 2186 1504 3781 1582">
     <span class='ocr_line' id='line_1_25' title="bbox 2186 1504 3781 1582; baseline 0.001 -23"><span class='ocrx_word' id='word_1_185' title='bbox 2186 1504 2276 1575; x_wconf 75' lang='grc' dir='ltr'>μγ’</span> <span class='ocrx_word' id='word_1_186' title='bbox 2326 1506 2446 1559; x_wconf 84' lang='grc' dir='ltr'>τότε</span> <span class='ocrx_word' id='word_1_187' title='bbox 2494 1508 2816 1579; x_wconf 80' lang='grc' dir='ltr'>κεχρήμεθα</span> <span class='ocrx_word' id='word_1_188' title='bbox 2865 1512 2932 1581; x_wconf 75' lang='grc' dir='ltr'>τῇ</span> <span class='ocrx_word' id='word_1_189' title='bbox 2982 1508 3243 1582; x_wconf 77' lang='grc' dir='ltr'><strong>συνηθείᾳ</strong></span> <span class='ocrx_word' id='word_1_190' title='bbox 3288 1509 3443 1572; x_wconf 75' lang='grc' dir='ltr'>τινος</span> <span class='ocrx_word' id='word_1_191' title='bbox 3500 1506 3707 1571; x_wconf 83' lang='grc' dir='ltr'>πόλεως</span> <span class='ocrx_word' id='word_1_192' title='bbox 3752 1508 3781 1578; x_wconf 73' lang='grc' dir='ltr'>ἢ</span> 
     </span>
    </p>
   </div>
   <div class='ocr_carea' id='block_1_26' title="bbox 473 1580 2090 1675">
    <p class='ocr_par' dir='ltr' id='par_1_26' title="bbox 473 1580 2079 1660">
     <span class='ocr_line' id='line_1_26' title="bbox 473 1580 2079 1660; baseline -0.006 -16"><span class='ocrx_word' id='word_1_193' title='bbox 473 1590 605 1644; x_wconf 87' lang='lat' dir='ltr'><strong>tudo</strong></span> <span class='ocrx_word' id='word_1_194' title='bbox 630 1605 730 1660; x_wconf 92' lang='lat' dir='ltr'><strong>pro</strong></span> <span class='ocrx_word' id='word_1_195' title='bbox 755 1589 871 1658; x_wconf 92' lang='lat' dir='ltr'><strong>lege</strong></span> <span class='ocrx_word' id='word_1_196' title='bbox 899 1588 1063 1642; x_wconf 88' lang='lat' dir='ltr'><strong>valet.</strong></span> <span class='ocrx_word' id='word_1_197' title='bbox 1094 1588 1162 1641; x_wconf 89' lang='lat' dir='ltr'><strong>Et</strong></span> <span class='ocrx_word' id='word_1_198' title='bbox 1198 1600 1319 1655; x_wconf 88' lang='lat' dir='ltr'><strong>cap.</strong></span> <span class='ocrx_word' id='word_1_199' title='bbox 1352 1584 1440 1639; x_wconf 75' lang='grc'>45.</span> <span class='ocrx_word' id='word_1_200' title='bbox 1480 1580 1635 1638; x_wconf 85' lang='lat' dir='ltr'><strong>Tune</strong></span> <span class='ocrx_word' id='word_1_201' title='bbox 1662 1582 1894 1651; x_wconf 81' lang='lat' dir='ltr'><strong>alicujus</strong></span> <span class='ocrx_word' id='word_1_202' title='bbox 1925 1582 2079 1636; x_wconf 83' lang='lat' dir='ltr'><strong>urbis</strong></span> 
     </span>
    </p>
   </div>
   <div class='ocr_carea' id='block_1_27' title="bbox 2200 1580 3784 1675">
    <p class='ocr_par' dir='ltr' id='par_1_27' title="bbox 2200 1580 3784 1675">
     <span class='ocr_line' id='line_1_27' title="bbox 2200 1580 3784 1675; baseline 0.003 -25"><span class='ocrx_word' id='word_1_203' title='bbox 2200 1599 2473 1669; x_wconf 83' lang='grc' dir='ltr'>;παρχίας,</span> <span class='ocrx_word' id='word_1_204' title='bbox 2501 1601 2590 1654; x_wconf 83' lang='grc' dir='ltr'>ὅτε</span> <span class='ocrx_word' id='word_1_205' title='bbox 2616 1580 3103 1675; x_wconf 74' lang='grc' dir='ltr'>ἀμφισϐητηθεῖσα</span> <span class='ocrx_word' id='word_1_206' title='bbox 3133 1604 3191 1657; x_wconf 83' lang='grc' dir='ltr'><strong>ἐν</strong></span> <span class='ocrx_word' id='word_1_207' title='bbox 3209 1580 3564 1673; x_wconf 70' lang='grc' dir='ltr'><strong>δικαστηρίῳ</strong></span> <span class='ocrx_word' id='word_1_208' title='bbox 3589 1600 3784 1655; x_wconf 83' lang='grc' dir='ltr'>ἐ6ε6αι·</span> 
     </span>
    </p>
   </div>
   <div class='ocr_carea' id='block_1_28' title="bbox 472 1672 2090 1769">
    <p class='ocr_par' dir='ltr' id='par_1_28' title="bbox 472 1672 2078 1752">
     <span class='ocr_line' id='line_1_28' title="bbox 472 1672 2078 1752; baseline -0.005 -16"><span class='ocrx_word' id='word_1_209' title='bbox 472 1691 567 1737; x_wconf 88' lang='lat' dir='ltr'><strong>aut</strong></span> <span class='ocrx_word' id='word_1_210' title='bbox 609 1681 855 1752; x_wconf 80' lang='lat' dir='ltr'><strong>regionis</strong></span> <span class='ocrx_word' id='word_1_211' title='bbox 893 1678 1295 1735; x_wconf 81' lang='lat' dir='ltr'><strong>consuetudine</strong></span> <span class='ocrx_word' id='word_1_212' title='bbox 1350 1677 1580 1739; x_wconf 89' lang='lat' dir='ltr'><strong>utimur,</strong></span> <span class='ocrx_word' id='word_1_213' title='bbox 1612 1672 1833 1744; x_wconf 87' lang='lat' dir='ltr'><strong>quando</strong></span> <span class='ocrx_word' id='word_1_214' title='bbox 1865 1674 1917 1726; x_wconf 92' lang='lat' dir='ltr'><strong>in</strong></span> <span class='ocrx_word' id='word_1_215' title='bbox 1963 1674 2078 1728; x_wconf 87' lang='lat' dir='ltr'><strong>dis-</strong></span> 
     </span>
    </p>
   </div>
   <div class='ocr_carea' id='block_1_29' title="bbox 2200 1672 3781 1769">
    <p class='ocr_par' dir='ltr' id='par_1_29' title="bbox 2200 1672 3781 1769">
     <span class='ocr_line' id='line_1_29' title="bbox 2200 1672 3781 1769; baseline 0.002 -26"><span class='ocrx_word' id='word_1_216' title='bbox 2200 1689 2318 1760; x_wconf 72' lang='grc' dir='ltr'>ὓθη,</span> <span class='ocrx_word' id='word_1_217' title='bbox 2355 1691 2451 1746; x_wconf 75' lang='grc' dir='ltr'>καὶ</span> <span class='ocrx_word' id='word_1_218' title='bbox 2482 1711 2609 1763; x_wconf 84' lang='grc' dir='ltr'>κεφ.</span> <span class='ocrx_word' id='word_1_219' title='bbox 2647 1694 2750 1765; x_wconf 82' lang='grc' dir='ltr'>μδ⁹,</span> <span class='ocrx_word' id='word_1_220' title='bbox 2783 1672 2879 1749; x_wconf 59' lang='grc' dir='ltr'>καλ.</span> <span class='ocrx_word' id='word_1_221' title='bbox 2901 1693 2973 1749; x_wconf 85' lang='grc' dir='ltr'>τὰ</span> <span class='ocrx_word' id='word_1_222' title='bbox 3002 1696 3193 1767; x_wconf 78' lang='grc' dir='ltr'>μακρᾷ</span> <span class='ocrx_word' id='word_1_223' title='bbox 3243 1694 3520 1769; x_wconf 79' lang='grc' dir='ltr'>συνηθείᾳ</span> <span class='ocrx_word' id='word_1_224' title='bbox 3570 1694 3781 1764; x_wconf 85' lang='grc' dir='ltr'>δοκιμα-</span> 
     </span>
    </p>
   </div>
   <div class='ocr_carea' id='block_1_30' title="bbox 473 1764 2090 1859">
    <p class='ocr_par' dir='ltr' id='par_1_30' title="bbox 473 1764 2078 1844">
     <span class='ocr_line' id='line_1_30' title="bbox 473 1764 2078 1844; baseline -0.006 -16"><span class='ocrx_word' id='word_1_225' title='bbox 473 1774 839 1844; x_wconf 84' lang='lat' dir='ltr'><strong>ceptaliouem</strong></span> <span class='ocrx_word' id='word_1_226' title='bbox 872 1780 1087 1836; x_wconf 84' lang='lat' dir='ltr'><strong>vocata,</strong></span> <span class='ocrx_word' id='word_1_227' title='bbox 1117 1772 1169 1825; x_wconf 92' lang='lat' dir='ltr'><strong>in</strong></span> <span class='ocrx_word' id='word_1_228' title='bbox 1222 1770 1432 1840; x_wconf 89' lang='lat' dir='ltr'><strong>judicio</strong></span> <span class='ocrx_word' id='word_1_229' title='bbox 1457 1770 1672 1824; x_wconf 79' lang='lat' dir='ltr'><strong>ﬁrmata</strong></span> <span class='ocrx_word' id='word_1_230' title='bbox 1710 1776 1816 1821; x_wconf 86' lang='lat' dir='ltr'><strong>est.</strong></span> <span class='ocrx_word' id='word_1_231' title='bbox 1849 1764 1915 1819; x_wconf 87' lang='lat' dir='ltr'><strong>Et</strong></span> <span class='ocrx_word' id='word_1_232' title='bbox 1954 1780 2078 1836; x_wconf 88' lang='lat' dir='ltr'><strong>cap.</strong></span> 
     </span>
    </p>
   </div>
   <div class='ocr_carea' id='block_1_31' title="bbox 2200 1764 3785 1859">
    <p class='ocr_par' dir='ltr' id='par_1_31' title="bbox 2200 1764 3785 1859">
     <span class='ocr_line' id='line_1_31' title="bbox 2200 1764 3785 1859; baseline 0.002 -23"><span class='ocrx_word' id='word_1_233' title='bbox 2200 1783 2412 1845; x_wconf 65' lang='grc' dir='ltr'>σθέντα.</span> <span class='ocrx_word' id='word_1_234' title='bbox 2463 1786 2557 1839; x_wconf 73' lang='grc' dir='ltr'>καὶ</span> <span class='ocrx_word' id='word_1_235' title='bbox 2603 1764 2697 1841; x_wconf 80' lang='grc' dir='ltr'>ἐπὶ</span> <span class='ocrx_word' id='word_1_236' title='bbox 2732 1789 2948 1853; x_wconf 79' lang='grc' dir='ltr'>πολλοῖς</span> <span class='ocrx_word' id='word_1_237' title='bbox 2989 1764 3258 1853; x_wconf 77' lang='grc' dir='ltr'>ἐνιαυτοῖς</span> <span class='ocrx_word' id='word_1_238' title='bbox 3295 1764 3657 1859; x_wconf 79' lang='grc' dir='ltr'>φυλαχθέντα</span> <span class='ocrx_word' id='word_1_239' title='bbox 3700 1787 3785 1858; x_wconf 78' lang='grc' dir='ltr'><strong>οὐχ</strong></span> 
     </span>
    </p>
   </div>
   <div class='ocr_carea' id='block_1_32' title="bbox 472 1855 2090 1951">
    <p class='ocr_par' dir='ltr' id='par_1_32' title="bbox 472 1861 2085 1936">
     <span class='ocr_line' id='line_1_32' title="bbox 472 1861 2085 1936; baseline -0.004 -14"><span class='ocrx_word' id='word_1_240' title='bbox 472 1868 545 1922; x_wconf 72' lang='grc'><strong>44</strong></span> <span class='ocrx_word' id='word_1_241' title='bbox 580 1885 592 1922; x_wconf 87' lang='lat'>:</span> <span class='ocrx_word' id='word_1_242' title='bbox 639 1867 772 1933; x_wconf 67' lang='lat' dir='ltr'><strong>Quae</strong></span> <span class='ocrx_word' id='word_1_243' title='bbox 814 1866 973 1936; x_wconf 84' lang='lat' dir='ltr'><strong>longa</strong></span> <span class='ocrx_word' id='word_1_244' title='bbox 1013 1864 1413 1921; x_wconf 89' lang='lat' dir='ltr'><strong>consuetudine</strong></span> <span class='ocrx_word' id='word_1_245' title='bbox 1441 1861 1793 1932; x_wconf 89' lang='lat' dir='ltr'><strong>comprobata</strong></span> <span class='ocrx_word' id='word_1_246' title='bbox 1839 1868 1988 1922; x_wconf 88' lang='lat' dir='ltr'><strong>sunt,</strong></span> <span class='ocrx_word' id='word_1_247' title='bbox 2023 1874 2085 1915; x_wconf 87' lang='lat' dir='ltr'><strong>ac</strong></span> 
     </span>
    </p>
   </div>
   <div class='ocr_carea' id='block_1_33' title="bbox 2200 1855 3784 1951">
    <p class='ocr_par' dir='ltr' id='par_1_33' title="bbox 2200 1855 3784 1951">
     <span class='ocr_line' id='line_1_33' title="bbox 2200 1855 3784 1951; baseline 0.01 -27"><span class='ocrx_word' id='word_1_248' title='bbox 2200 1867 2352 1945; x_wconf 73' lang='grc' dir='ltr'>ἧττον</span> <span class='ocrx_word' id='word_1_249' title='bbox 2380 1874 2490 1929; x_wconf 82' lang='grc' dir='ltr'><strong>τῶν</strong></span> <span class='ocrx_word' id='word_1_250' title='bbox 2529 1877 2826 1947; x_wconf 78' lang='grc' dir='ltr'>ἐγγράφων</span> <span class='ocrx_word' id='word_1_251' title='bbox 2859 1878 3144 1951; x_wconf 75' lang='grc' dir='ltr'>κρατοῦσι,</span> <span class='ocrx_word' id='word_1_252' title='bbox 3178 1877 3276 1933; x_wconf 76' lang='grc' dir='ltr'>καὶ</span> <span class='ocrx_word' id='word_1_253' title='bbox 3306 1855 3589 1948; x_wconf 45' lang='grc' dir='ltr'>κεφίμεπ</span> <span class='ocrx_word' id='word_1_254' title='bbox 3612 1877 3686 1939; x_wconf 80' lang='grc' dir='ltr'><strong>ὡς</strong></span> 
     </span>
    </p>
   </div>
   <div class='ocr_carea' id='block_1_34' title="bbox 472 1953 2090 2041">
    <p class='ocr_par' dir='ltr' id='par_1_34' title="bbox 472 1953 2082 2032">
     <span class='ocr_line' id='line_1_34' title="bbox 472 1953 2082 2032; baseline -0.004 -17"><span class='ocrx_word' id='word_1_255' title='bbox 472 1976 574 2032; x_wconf 88' lang='lat' dir='ltr'><strong>per</strong></span> <span class='ocrx_word' id='word_1_256' title='bbox 606 1962 808 2016; x_wconf 91' lang='lat' dir='ltr'><strong>multos</strong></span> <span class='ocrx_word' id='word_1_257' title='bbox 838 1976 1010 2015; x_wconf 83' lang='lat' dir='ltr'><strong>annos</strong></span> <span class='ocrx_word' id='word_1_258' title='bbox 1040 1965 1354 2025; x_wconf 88' lang='lat' dir='ltr'><strong>observata,</strong></span> <span class='ocrx_word' id='word_1_259' title='bbox 1412 1972 1522 2013; x_wconf 89' lang='lat' dir='ltr'><strong>non</strong></span> <span class='ocrx_word' id='word_1_260' title='bbox 1555 1956 1739 2011; x_wconf 90' lang='lat' dir='ltr'><strong>minus</strong></span> <span class='ocrx_word' id='word_1_261' title='bbox 1771 1970 1934 2026; x_wconf 91' lang='lat' dir='ltr'><strong>quam</strong></span> <span class='ocrx_word' id='word_1_262' title='bbox 1970 1953 2082 2028; x_wconf 87' lang='lat' dir='ltr'><strong>[ea,</strong></span> 
     </span>
    </p>
   </div>
   <div class='ocr_carea' id='block_1_35' title="bbox 2200 1953 3782 2041">
    <p class='ocr_par' dir='ltr' id='par_1_35' title="bbox 2200 1961 3782 2041">
     <span class='ocr_line' id='line_1_35' title="bbox 2200 1961 3782 2041; baseline 0.009 -26"><span class='ocrx_word' id='word_1_263' title='bbox 2200 1961 2346 2018; x_wconf 71' lang='grc' dir='ltr'>τοῦτο</span> <span class='ocrx_word' id='word_1_264' title='bbox 2371 1964 2775 2037; x_wconf 79' lang='grc' dir='ltr'>δοκιμασθέντα</span> <span class='ocrx_word' id='word_1_265' title='bbox 2796 1967 2938 2023; x_wconf 83' lang='grc' dir='ltr'>ὥστε</span> <span class='ocrx_word' id='word_1_266' title='bbox 2965 1970 3063 2022; x_wconf 73' lang='grc' dir='ltr'>καὶ</span> <span class='ocrx_word' id='word_1_267' title='bbox 3090 1969 3165 2040; x_wconf 80' lang='grc' dir='ltr'>μὴ</span> <span class='ocrx_word' id='word_1_268' title='bbox 3191 1968 3459 2041; x_wconf 81' lang='grc' dir='ltr'>δεηθῆναι</span> <span class='ocrx_word' id='word_1_269' title='bbox 3489 1968 3782 2038; x_wconf 73' lang='grc' dir='ltr'>ἐγγράφου.</span> 
     </span>
    </p>
   </div>
   <div class='ocr_carea' id='block_1_36' title="bbox 474 2032 2090 2134">
    <p class='ocr_par' dir='ltr' id='par_1_36' title="bbox 474 2051 2083 2133">
     <span class='ocr_line' id='line_1_36' title="bbox 474 2051 2083 2133; baseline -0.006 -17"><span class='ocrx_word' id='word_1_270' title='bbox 474 2060 623 2133; x_wconf 64' lang='lat' dir='ltr'><strong>quae]</strong></span> <span class='ocrx_word' id='word_1_271' title='bbox 650 2062 849 2131; x_wconf 90' lang='lat' dir='ltr'><strong>scripta</strong></span> <span class='ocrx_word' id='word_1_272' title='bbox 879 2058 1033 2133; x_wconf 87' lang='lat' dir='ltr'><strong>[sunt</strong></span> <span class='ocrx_word' id='word_1_273' title='bbox 1069 2057 1220 2131; x_wconf 88' lang='lat' dir='ltr'><strong>jura]</strong></span> <span class='ocrx_word' id='word_1_274' title='bbox 1264 2066 1577 2114; x_wconf 76' lang='lat' dir='ltr'><strong>servantur.</strong></span> <span class='ocrx_word' id='word_1_275' title='bbox 1608 2056 1675 2111; x_wconf 86' lang='lat' dir='ltr'><strong>Et</strong></span> <span class='ocrx_word' id='word_1_276' title='bbox 1703 2069 1825 2125; x_wconf 87' lang='lat' dir='ltr'><strong>cap.</strong></span> <span class='ocrx_word' id='word_1_277' title='bbox 1857 2054 1929 2109; x_wconf 69' lang='grc'>45</span> <span class='ocrx_word' id='word_1_278' title='bbox 1955 2072 1967 2107; x_wconf 89' lang='lat'><strong>:</strong></span> <span class='ocrx_word' id='word_1_279' title='bbox 2012 2051 2083 2108; x_wconf 90' lang='lat' dir='ltr'><strong>Ut</strong></span> 
     </span>
    </p>
   </div>
   <div class='ocr_carea' id='block_1_37' title="bbox 2200 2032 3961 2134">
    <p class='ocr_par' dir='ltr' id='par_1_37' title="bbox 2200 2032 3961 2134">
     <span class='ocr_line' id='line_1_37' title="bbox 2200 2032 3961 2134; baseline 0.006 -25"><span class='ocrx_word' id='word_1_280' title='bbox 2200 2058 2435 2127; x_wconf 70' lang='grc' dir='ltr'>ιαικεφ.</span> <span class='ocrx_word' id='word_1_281' title='bbox 2470 2032 2567 2129; x_wconf 79' lang='grc' dir='ltr'>μς·’</span> <span class='ocrx_word' id='word_1_282' title='bbox 2592 2062 2651 2114; x_wconf 87' lang='grc' dir='ltr'><strong>ἐν</strong></span> <span class='ocrx_word' id='word_1_283' title='bbox 2680 2064 2745 2132; x_wconf 85' lang='grc' dir='ltr'><strong>τῇ</strong></span> <span class='ocrx_word' id='word_1_284' title='bbox 2777 2062 2886 2115; x_wconf 84' lang='grc' dir='ltr'>τῶν</span> <span class='ocrx_word' id='word_1_285' title='bbox 2906 2032 3401 2134; x_wconf 32' lang='grc' dir='ltr'>νόμωνυέρμηνείά,</span> <span class='ocrx_word' id='word_1_286' title='bbox 3428 2062 3506 2133; x_wconf 84' lang='grc' dir='ltr'>τῇ</span> <span class='ocrx_word' id='word_1_287' title='bbox 3533 2032 3782 2130; x_wconf 32' lang='lat' dir='ltr'><strong>Eni-meat;</strong></span> <span class='ocrx_word' id='word_1_288' title='bbox 3864 2044 3867 2045; x_wconf 58' lang='grc'><strong><em>⁷</em></strong></span> 
     </span>
    </p>
   </div>
   <div class='ocr_carea' id='block_1_38' title="bbox 476 2146 2090 2226">
    <p class='ocr_par' dir='ltr' id='par_1_38' title="bbox 476 2146 2081 2223">
     <span class='ocr_line' id='line_1_38' title="bbox 476 2146 2081 2223; baseline -0.004 -15"><span class='ocrx_word' id='word_1_289' title='bbox 476 2171 601 2223; x_wconf 67' lang='lat' dir='ltr'><strong>qua:</strong></span> <span class='ocrx_word' id='word_1_290' title='bbox 628 2154 682 2208; x_wconf 93' lang='lat' dir='ltr'><strong>in</strong></span> <span class='ocrx_word' id='word_1_291' title='bbox 719 2162 931 2209; x_wconf 87' lang='lat' dir='ltr'><strong>tantum</strong></span> <span class='ocrx_word' id='word_1_292' title='bbox 968 2152 1191 2222; x_wconf 88' lang='lat' dir='ltr'><strong>probata</strong></span> <span class='ocrx_word' id='word_1_293' title='bbox 1248 2150 1377 2216; x_wconf 85' lang='lat' dir='ltr'><strong>sint,</strong></span> <span class='ocrx_word' id='word_1_294' title='bbox 1422 2159 1479 2203; x_wconf 90' lang='lat' dir='ltr'><strong>ut</strong></span> <span class='ocrx_word' id='word_1_295' title='bbox 1505 2164 1613 2202; x_wconf 92' lang='lat' dir='ltr'><strong>non</strong></span> <span class='ocrx_word' id='word_1_296' title='bbox 1663 2146 1827 2201; x_wconf 84' lang='lat' dir='ltr'><strong>fuerit</strong></span> <span class='ocrx_word' id='word_1_297' title='bbox 1858 2160 2081 2202; x_wconf 80' lang='lat' dir='ltr'><strong>necesse</strong></span> 
     </span>
    </p>
   </div>
   <div class='ocr_carea' id='block_1_39' title="bbox 2200 2146 3785 2226">
    <p class='ocr_par' dir='ltr' id='par_1_39' title="bbox 2200 2150 3785 2226">
     <span class='ocr_line' id='line_1_39' title="bbox 2200 2150 3785 2226; baseline 0.008 -25"><span class='ocrx_word' id='word_1_298' title='bbox 2200 2151 2263 2202; x_wconf 74' lang='grc' dir='ltr'>ῑεί</span> <span class='ocrx_word' id='word_1_299' title='bbox 2296 2150 2587 2222; x_wconf 81' lang='grc' dir='ltr'>προσέχειν</span> <span class='ocrx_word' id='word_1_300' title='bbox 2621 2153 2722 2223; x_wconf 78' lang='grc' dir='ltr'>τῆς</span> <span class='ocrx_word' id='word_1_301' title='bbox 2772 2154 3004 2218; x_wconf 82' lang='grc' dir='ltr'>πόλεως,</span> <span class='ocrx_word' id='word_1_302' title='bbox 3053 2154 3149 2207; x_wconf 76' lang='grc' dir='ltr'>καὶ</span> <span class='ocrx_word' id='word_1_303' title='bbox 3193 2172 3321 2223; x_wconf 86' lang='grc' dir='ltr'>κεφ.</span> <span class='ocrx_word' id='word_1_304' title='bbox 3369 2151 3489 2226; x_wconf 56' lang='grc' dir='ltr'>μζ,</span> <span class='ocrx_word' id='word_1_305' title='bbox 3518 2153 3616 2207; x_wconf 72' lang='grc' dir='ltr'>καὶ</span> <span class='ocrx_word' id='word_1_306' title='bbox 3651 2153 3785 2215; x_wconf 79' lang='grc' dir='ltr'>ὅπως</span> 
     </span>
    </p>
   </div>
   <div class='ocr_carea' id='block_1_40' title="bbox 479 2239 2090 2317">
    <p class='ocr_par' dir='ltr' id='par_1_40' title="bbox 479 2239 2088 2317">
     <span class='ocr_line' id='line_1_40' title="bbox 479 2239 2088 2317; baseline -0.005 -17"><span class='ocrx_word' id='word_1_307' title='bbox 479 2247 690 2317; x_wconf 87' lang='lat' dir='ltr'><strong>scripto</strong></span> <span class='ocrx_word' id='word_1_308' title='bbox 730 2243 1211 2313; x_wconf 87' lang='lat' dir='ltr'><strong>comprehendere.</strong></span> <span class='ocrx_word' id='word_1_309' title='bbox 1238 2241 1305 2297; x_wconf 88' lang='lat' dir='ltr'><strong>Et</strong></span> <span class='ocrx_word' id='word_1_310' title='bbox 1337 2257 1458 2312; x_wconf 89' lang='lat' dir='ltr'><strong>cap.</strong></span> <span class='ocrx_word' id='word_1_311' title='bbox 1484 2242 1553 2296; x_wconf 77' lang='grc'><strong>46</strong></span> <span class='ocrx_word' id='word_1_312' title='bbox 1584 2257 1600 2297; x_wconf 87' lang='lat'><strong>:</strong></span> <span class='ocrx_word' id='word_1_313' title='bbox 1631 2239 1686 2294; x_wconf 85' lang='lat' dir='ltr'><strong>In</strong></span> <span class='ocrx_word' id='word_1_314' title='bbox 1706 2239 1884 2308; x_wconf 84' lang='lat' dir='ltr'><strong>legum</strong></span> <span class='ocrx_word' id='word_1_315' title='bbox 1921 2239 2088 2293; x_wconf 86' lang='lat' dir='ltr'><strong>inter—</strong></span> 
     </span>
    </p>
   </div>
   <div class='ocr_carea' id='block_1_41' title="bbox 2200 2239 3330 2317">
    <p class='ocr_par' dir='ltr' id='par_1_41' title="bbox 2200 2242 3330 2317">
     <span class='ocr_line' id='line_1_41' title="bbox 2200 2242 3330 2317; baseline 0.006 -24"><span class='ocrx_word' id='word_1_316' title='bbox 2200 2242 2291 2294; x_wconf 76' lang='grc' dir='ltr'>ἐπὶ</span> <span class='ocrx_word' id='word_1_317' title='bbox 2319 2242 2428 2295; x_wconf 82' lang='grc' dir='ltr'><strong>τῶν</strong></span> <span class='ocrx_word' id='word_1_318' title='bbox 2466 2244 2670 2312; x_wconf 83' lang='grc' dir='ltr'>ὁμοίων</span> <span class='ocrx_word' id='word_1_319' title='bbox 2699 2244 2787 2299; x_wconf 74' lang='grc' dir='ltr'><strong>διὰ</strong></span> <span class='ocrx_word' id='word_1_320' title='bbox 2816 2246 3016 2308; x_wconf 84' lang='grc' dir='ltr'>παντὸς</span> <span class='ocrx_word' id='word_1_321' title='bbox 3032 2246 3330 2317; x_wconf 71' lang='grc' dir='ltr'>ἐψηφίσθη.</span> 
     </span>
    </p>
   </div>
   <div class='ocr_carea' id='block_1_42' title="bbox 479 2334 3782 2415">
    <p class='ocr_par' dir='ltr' id='par_1_42' title="bbox 479 2334 3782 2415">
     <span class='ocr_line' id='line_1_42' title="bbox 479 2334 3782 2415; baseline 0 -23"><span class='ocrx_word' id='word_1_322' title='bbox 479 2340 785 2409; x_wconf 88' lang='lat' dir='ltr'><strong>pretatione</strong></span> <span class='ocrx_word' id='word_1_323' title='bbox 840 2337 1076 2392; x_wconf 80' lang='lat' dir='ltr'><strong>civitatis</strong></span> <span class='ocrx_word' id='word_1_324' title='bbox 1134 2337 1473 2393; x_wconf 88' lang='lat' dir='ltr'><strong>consuetudo</strong></span> <span class='ocrx_word' id='word_1_325' title='bbox 1532 2334 2015 2390; x_wconf 83' lang='lat' dir='ltr'><strong>animadvertenda</strong></span> <span class='ocrx_word' id='word_1_326' title='bbox 2065 2345 2168 2392; x_wconf 88' lang='lat' dir='ltr'><strong>est.</strong></span> <span class='ocrx_word' id='word_1_327' title='bbox 2233 2336 2299 2392; x_wconf 86' lang='lat' dir='ltr'><strong>Et</strong></span> <span class='ocrx_word' id='word_1_328' title='bbox 2332 2354 2453 2411; x_wconf 89' lang='lat' dir='ltr'><strong>cap.</strong></span> <span class='ocrx_word' id='word_1_329' title='bbox 2485 2339 2553 2395; x_wconf 74' lang='grc'><strong>47</strong></span> <span class='ocrx_word' id='word_1_330' title='bbox 2595 2358 2607 2394; x_wconf 88' lang='lat'>:</span> <span class='ocrx_word' id='word_1_331' title='bbox 2648 2339 3073 2414; x_wconf 88' lang='lat' dir='ltr'><strong>[lnspiciendum</strong></span> <span class='ocrx_word' id='word_1_332' title='bbox 3139 2341 3355 2415; x_wconf 83' lang='lat' dir='ltr'><strong>etiam,]</strong></span> <span class='ocrx_word' id='word_1_333' title='bbox 3387 2339 3676 2413; x_wconf 89' lang='lat' dir='ltr'><strong>quomodo</strong></span> <span class='ocrx_word' id='word_1_334' title='bbox 3735 2339 3782 2393; x_wconf 86' lang='lat' dir='ltr'><strong>in</strong></span> 
     </span>
    </p>
   </div>
   <div class='ocr_carea' id='block_1_43' title="bbox 476 2431 1596 2503">
    <p class='ocr_par' dir='ltr' id='par_1_43' title="bbox 476 2431 1596 2503">
     <span class='ocr_line' id='line_1_43' title="bbox 476 2431 1596 2503; baseline -0.005 -12"><span class='ocrx_word' id='word_1_335' title='bbox 476 2433 753 2491; x_wconf 80' lang='lat' dir='ltr'><strong>similibus</strong></span> <span class='ocrx_word' id='word_1_336' title='bbox 782 2443 1045 2503; x_wconf 89' lang='lat' dir='ltr'><strong>perpetuo</strong></span> <span class='ocrx_word' id='word_1_337' title='bbox 1074 2431 1379 2503; x_wconf 79' lang='lat' dir='ltr'><strong>iudicatum</strong></span> <span class='ocrx_word' id='word_1_338' title='bbox 1427 2432 1521 2488; x_wconf 89' lang='lat' dir='ltr'><strong>sit.</strong></span> <span class='ocrx_word' id='word_1_339' title='bbox 1577 2433 1596 2494; x_wconf 67' lang='grc' dir='ltr'>ζ</span> 
     </span>
    </p>
   </div>
   <div class='ocr_carea' id='block_1_44' title="bbox 553 2522 2084 2599">
    <p class='ocr_par' dir='ltr' id='par_1_44' title="bbox 553 2522 2084 2599">
     <span class='ocr_line' id='line_1_44' title="bbox 553 2522 2084 2599; baseline -0.003 -18"><span class='ocrx_word' id='word_1_340' title='bbox 553 2528 723 2583; x_wconf 87' lang='lat' dir='ltr'><strong>Docet</strong></span> <span class='ocrx_word' id='word_1_341' title='bbox 770 2542 935 2599; x_wconf 89' lang='lat' dir='ltr'><strong>porro</strong></span> <span class='ocrx_word' id='word_1_342' title='bbox 976 2528 1309 2598; x_wconf 89' lang='lat' dir='ltr'><strong>Stephanus,</strong></span> <span class='ocrx_word' id='word_1_343' title='bbox 1350 2541 1473 2596; x_wconf 91' lang='lat' dir='ltr'><strong>cap.</strong></span> <span class='ocrx_word' id='word_1_344' title='bbox 1508 2526 1603 2591; x_wconf 73' lang='grc'><strong>42,</strong></span> <span class='ocrx_word' id='word_1_345' title='bbox 1645 2523 1909 2596; x_wconf 75' lang='lat' dir='ltr'><strong>quiddam</strong></span> <span class='ocrx_word' id='word_1_346' title='bbox 1939 2522 2084 2593; x_wconf 82' lang='lat' dir='ltr'><strong>opti-</strong></span> 
     </span>
    </p>
   </div>
   <div class='ocr_carea' id='block_1_45' title="bbox 478 2614 2083 2690">
    <p class='ocr_par' dir='ltr' id='par_1_45' title="bbox 478 2614 2083 2690">
     <span class='ocr_line' id='line_1_45' title="bbox 478 2614 2083 2690; baseline -0.005 -14"><span class='ocrx_word' id='word_1_347' title='bbox 478 2636 658 2687; x_wconf 91' lang='lat' dir='ltr'><strong>mum,</strong></span> <span class='ocrx_word' id='word_1_348' title='bbox 684 2629 738 2676; x_wconf 92' lang='lat' dir='ltr'><strong>et</strong></span> <span class='ocrx_word' id='word_1_349' title='bbox 765 2635 887 2690; x_wconf 65' lang='lat' dir='ltr'><strong>quas</strong></span> <span class='ocrx_word' id='word_1_350' title='bbox 914 2620 1062 2675; x_wconf 90' lang='lat' dir='ltr'><strong>circa</strong></span> <span class='ocrx_word' id='word_1_351' title='bbox 1093 2618 1553 2674; x_wconf 86' lang='lat' dir='ltr'><strong>consuetudinem</strong></span> <span class='ocrx_word' id='word_1_352' title='bbox 1586 2631 1693 2670; x_wconf 93' lang='lat' dir='ltr'><strong>non</strong></span> <span class='ocrx_word' id='word_1_353' title='bbox 1716 2615 1977 2685; x_wconf 87' lang='lat' dir='ltr'><strong>scriptam</strong></span> <span class='ocrx_word' id='word_1_354' title='bbox 1999 2614 2083 2669; x_wconf 88' lang='lat' dir='ltr'><strong>di-</strong></span> 
     </span>
    </p>
   </div>
   <div class='ocr_carea' id='block_1_46' title="bbox 478 2706 2080 2783">
    <p class='ocr_par' dir='ltr' id='par_1_46' title="bbox 478 2706 2080 2783">
     <span class='ocr_line' id='line_1_46' title="bbox 478 2706 2080 2783; baseline -0.002 -18"><span class='ocrx_word' id='word_1_355' title='bbox 478 2714 712 2771; x_wconf 79' lang='lat' dir='ltr'><strong>versitas</strong></span> <span class='ocrx_word' id='word_1_356' title='bbox 754 2723 997 2783; x_wconf 88' lang='lat' dir='ltr'><strong>apparet,</strong></span> <span class='ocrx_word' id='word_1_357' title='bbox 1040 2712 1220 2768; x_wconf 82' lang='lat' dir='ltr'><strong>solvit:</strong></span> <span class='ocrx_word' id='word_1_358' title='bbox 1265 2710 1533 2765; x_wconf 89' lang='lat' dir='ltr'><strong>Diuturna</strong></span> <span class='ocrx_word' id='word_1_359' title='bbox 1569 2707 1915 2765; x_wconf 89' lang='lat' dir='ltr'><strong>consuetudo</strong></span> <span class='ocrx_word' id='word_1_360' title='bbox 1968 2706 2080 2781; x_wconf 90' lang='lat' dir='ltr'><strong>(in-</strong></span> 
     </span>
    </p>
   </div>
   <div class='ocr_carea' id='block_1_47' title="bbox 479 2798 2085 2874">
    <p class='ocr_par' dir='ltr' id='par_1_47' title="bbox 479 2798 2085 2874">
     <span class='ocr_line' id='line_1_47' title="bbox 479 2798 2085 2874; baseline -0.005 -16"><span class='ocrx_word' id='word_1_361' title='bbox 479 2804 700 2874; x_wconf 84' lang='lat' dir='ltr'><strong>quiens)</strong></span> <span class='ocrx_word' id='word_1_362' title='bbox 725 2812 854 2858; x_wconf 91' lang='lat' dir='ltr'><strong>tunc</strong></span> <span class='ocrx_word' id='word_1_363' title='bbox 871 2814 929 2857; x_wconf 90' lang='lat' dir='ltr'><strong>ut</strong></span> <span class='ocrx_word' id='word_1_364' title='bbox 955 2802 1038 2857; x_wconf 82' lang='lat' dir='ltr'><strong>lex</strong></span> <span class='ocrx_word' id='word_1_365' title='bbox 1056 2802 1217 2866; x_wconf 90' lang='lat' dir='ltr'><strong>valet,</strong></span> <span class='ocrx_word' id='word_1_366' title='bbox 1243 2800 1464 2870; x_wconf 87' lang='lat' dir='ltr'><strong>quando</strong></span> <span class='ocrx_word' id='word_1_367' title='bbox 1481 2798 1586 2868; x_wconf 82' lang='lat' dir='ltr'><strong>legi</strong></span> <span class='ocrx_word' id='word_1_368' title='bbox 1621 2798 1841 2867; x_wconf 60' lang='lat' dir='ltr'><strong>scripta}</strong></span> <span class='ocrx_word' id='word_1_369' title='bbox 1865 2812 1974 2851; x_wconf 89' lang='lat' dir='ltr'><strong>non</strong></span> <span class='ocrx_word' id='word_1_370' title='bbox 1996 2812 2085 2851; x_wconf 86' lang='lat' dir='ltr'><strong>re-</strong></span> 
     </span>
    </p>
   </div>
   <div class='ocr_carea' id='block_1_48' title="bbox 478 2890 2083 2967">
    <p class='ocr_par' dir='ltr' id='par_1_48' title="bbox 478 2890 2083 2967">
     <span class='ocr_line' id='line_1_48' title="bbox 478 2890 2083 2967; baseline -0.006 -15"><span class='ocrx_word' id='word_1_371' title='bbox 478 2905 707 2967; x_wconf 80' lang='lat' dir='ltr'><strong>pugnat.</strong></span> <span class='ocrx_word' id='word_1_372' title='bbox 740 2896 930 2965; x_wconf 86' lang='lat' dir='ltr'><strong>Neque</strong></span> <span class='ocrx_word' id='word_1_373' title='bbox 963 2910 1095 2949; x_wconf 87' lang='lat' dir='ltr'><strong>vero</strong></span> <span class='ocrx_word' id='word_1_374' title='bbox 1117 2894 1222 2949; x_wconf 90' lang='lat' dir='ltr'><strong>hoc</strong></span> <span class='ocrx_word' id='word_1_375' title='bbox 1248 2893 1338 2948; x_wconf 85' lang='lat' dir='ltr'><strong>fini</strong></span> <span class='ocrx_word' id='word_1_376' title='bbox 1365 2892 1631 2963; x_wconf 73' lang='lat' dir='ltr'><strong>prannissi</strong></span> <span class='ocrx_word' id='word_1_377' title='bbox 1662 2890 1855 2961; x_wconf 80' lang='lat' dir='ltr'><strong>digesti</strong></span> <span class='ocrx_word' id='word_1_378' title='bbox 1882 2890 2083 2945; x_wconf 86' lang='lat' dir='ltr'><strong>adver-</strong></span> 
     </span>
    </p>
   </div>
   <div class='ocr_carea' id='block_1_49' title="bbox 484 2986 2084 3057">
    <p class='ocr_par' dir='ltr' id='par_1_49' title="bbox 484 2986 2084 3057">
     <span class='ocr_line' id='line_1_49' title="bbox 484 2986 2084 3057; baseline -0.005 -10"><span class='ocrx_word' id='word_1_379' title='bbox 484 2993 593 3047; x_wconf 75' lang='lat' dir='ltr'><strong>sari</strong></span> <span class='ocrx_word' id='word_1_380' title='bbox 632 2991 938 3046; x_wconf 74' lang='lat' dir='ltr'><strong>existimes.</strong></span> <span class='ocrx_word' id='word_1_381' title='bbox 974 2989 1088 3044; x_wconf 89' lang='lat' dir='ltr'><strong>lllic</strong></span> <span class='ocrx_word' id='word_1_382' title='bbox 1138 2989 1285 3044; x_wconf 91' lang='lat' dir='ltr'><strong>enim</strong></span> <span class='ocrx_word' id='word_1_383' title='bbox 1326 2989 1393 3043; x_wconf 89' lang='lat' dir='ltr'><strong>de</strong></span> <span class='ocrx_word' id='word_1_384' title='bbox 1432 2987 1797 3043; x_wconf 85' lang='lat' dir='ltr'><strong>desuetudine</strong></span> <span class='ocrx_word' id='word_1_385' title='bbox 1832 2986 2084 3057; x_wconf 91' lang='lat' dir='ltr'><strong>loquens,</strong></span> 
     </span>
    </p>
   </div>
   <div class='ocr_carea' id='block_1_50' title="bbox 486 3079 2087 3155">
    <p class='ocr_par' dir='ltr' id='par_1_50' title="bbox 486 3079 2087 3155">
     <span class='ocr_line' id='line_1_50' title="bbox 486 3079 2087 3155; baseline -0.003 -16"><span class='ocrx_word' id='word_1_386' title='bbox 486 3085 635 3155; x_wconf 85' lang='lat' dir='ltr'><strong>quod</strong></span> <span class='ocrx_word' id='word_1_387' title='bbox 662 3085 750 3139; x_wconf 89' lang='lat' dir='ltr'><strong>illa</strong></span> <span class='ocrx_word' id='word_1_388' title='bbox 774 3085 943 3154; x_wconf 77' lang='lat' dir='ltr'><strong>legem</strong></span> <span class='ocrx_word' id='word_1_389' title='bbox 972 3083 1146 3154; x_wconf 89' lang='lat' dir='ltr'><strong>possit</strong></span> <span class='ocrx_word' id='word_1_390' title='bbox 1176 3083 1461 3151; x_wconf 76' lang='lat' dir='ltr'><strong>abrogare,</strong></span> <span class='ocrx_word' id='word_1_391' title='bbox 1496 3082 1628 3137; x_wconf 88' lang='lat' dir='ltr'><strong>dicit</strong></span> <span class='ocrx_word' id='word_1_392' title='bbox 1663 3101 1676 3137; x_wconf 89' lang='lat'><strong>:</strong></span> <span class='ocrx_word' id='word_1_393' title='bbox 1732 3081 1821 3136; x_wconf 88' lang='lat' dir='ltr'><strong>hic</strong></span> <span class='ocrx_word' id='word_1_394' title='bbox 1862 3096 1993 3135; x_wconf 90' lang='lat' dir='ltr'><strong>vero</strong></span> <span class='ocrx_word' id='word_1_395' title='bbox 2020 3079 2087 3134; x_wconf 94' lang='lat' dir='ltr'><strong>de</strong></span> 
     </span>
    </p>
   </div>
   <div class='ocr_carea' id='block_1_51' title="bbox 483 3175 2088 3247">
    <p class='ocr_par' dir='ltr' id='par_1_51' title="bbox 483 3175 2088 3247">
     <span class='ocr_line' id='line_1_51' title="bbox 483 3175 2088 3247; baseline -0.002 -14"><span class='ocrx_word' id='word_1_396' title='bbox 483 3177 888 3233; x_wconf 86' lang='lat' dir='ltr'><strong>consuetudine</strong></span> <span class='ocrx_word' id='word_1_397' title='bbox 936 3178 1178 3247; x_wconf 86' lang='lat' dir='ltr'><strong>loquitur</strong></span> <span class='ocrx_word' id='word_1_398' title='bbox 1208 3177 1415 3241; x_wconf 90' lang='lat' dir='ltr'><strong>dicens,</strong></span> <span class='ocrx_word' id='word_1_399' title='bbox 1452 3176 1598 3246; x_wconf 77' lang='lat' dir='ltr'><strong>quod</strong></span> <span class='ocrx_word' id='word_1_400' title='bbox 1630 3175 1969 3231; x_wconf 89' lang='lat' dir='ltr'><strong>consuetudo</strong></span> <span class='ocrx_word' id='word_1_401' title='bbox 1996 3175 2088 3244; x_wconf 89' lang='lat' dir='ltr'><strong>jus</strong></span> 
     </span>
    </p>
   </div>
   <div class='ocr_carea' id='block_1_52' title="bbox 484 3253 2162 3341">
    <p class='ocr_par' dir='ltr' id='par_1_52' title="bbox 484 3253 2162 3341">
     <span class='ocr_line' id='line_1_52' title="bbox 484 3253 2162 3341; baseline -0.002 -15"><span class='ocrx_word' id='word_1_402' title='bbox 484 3286 693 3327; x_wconf 85' lang='lat' dir='ltr'><strong>novum</strong></span> <span class='ocrx_word' id='word_1_403' title='bbox 713 3285 820 3326; x_wconf 83' lang='lat' dir='ltr'><strong>non</strong></span> <span class='ocrx_word' id='word_1_404' title='bbox 840 3271 1159 3339; x_wconf 86' lang='lat' dir='ltr'><strong>introducit,</strong></span> <span class='ocrx_word' id='word_1_405' title='bbox 1176 3272 1218 3325; x_wconf 89' lang='lat' dir='ltr'><strong>si</strong></span> <span class='ocrx_word' id='word_1_406' title='bbox 1239 3270 1408 3325; x_wconf 78' lang='lat' dir='ltr'><strong>veteri</strong></span> <span class='ocrx_word' id='word_1_407' title='bbox 1425 3268 1657 3340; x_wconf 89' lang='lat' dir='ltr'><strong>cuipiam</strong></span> <span class='ocrx_word' id='word_1_408' title='bbox 1678 3269 1779 3341; x_wconf 89' lang='lat' dir='ltr'><strong>legi</strong></span> <span class='ocrx_word' id='word_1_409' title='bbox 1809 3277 2086 3339; x_wconf 81' lang='lat' dir='ltr'><strong>repugnet.</strong></span> <span class='ocrx_word' id='word_1_410' title='bbox 2118 3253 2162 3313; x_wconf 68' lang='grc' dir='ltr'><strong>(ἶ</strong></span> 
     </span>
    </p>
   </div>
   <div class='ocr_carea' id='block_1_53' title="bbox 484 3363 2086 3435">
    <p class='ocr_par' dir='ltr' id='par_1_53' title="bbox 484 3363 2086 3435">
     <span class='ocr_line' id='line_1_53' title="bbox 484 3363 2086 3435; baseline -0.004 -15"><span class='ocrx_word' id='word_1_411' title='bbox 484 3364 633 3420; x_wconf 88' lang='lat' dir='ltr'><strong>Fieri</strong></span> <span class='ocrx_word' id='word_1_412' title='bbox 647 3366 790 3419; x_wconf 90' lang='lat' dir='ltr'><strong>enim</strong></span> <span class='ocrx_word' id='word_1_413' title='bbox 806 3374 1004 3433; x_wconf 87' lang='lat' dir='ltr'><strong>potest,</strong></span> <span class='ocrx_word' id='word_1_414' title='bbox 1019 3375 1071 3419; x_wconf 89' lang='lat' dir='ltr'><strong>ut</strong></span> <span class='ocrx_word' id='word_1_415' title='bbox 1098 3364 1620 3435; x_wconf 85' lang='lat' dir='ltr'><strong>perdesuetudinem</strong></span> <span class='ocrx_word' id='word_1_416' title='bbox 1637 3364 1759 3432; x_wconf 82' lang='lat' dir='ltr'><strong>jure</strong></span> <span class='ocrx_word' id='word_1_417' title='bbox 1778 3363 1962 3432; x_wconf 84' lang='lat' dir='ltr'><strong>aliquo</strong></span> <span class='ocrx_word' id='word_1_418' title='bbox 1981 3377 2086 3415; x_wconf 91' lang='lat' dir='ltr'><strong>non</strong></span> 
     </span>
    </p>
   </div>
   <div class='ocr_carea' id='block_1_54' title="bbox 484 3454 2090 3524">
    <p class='ocr_par' dir='ltr' id='par_1_54' title="bbox 484 3454 2090 3524">
     <span class='ocr_line' id='line_1_54' title="bbox 484 3454 2090 3524; baseline -0.002 -11"><span class='ocrx_word' id='word_1_419' title='bbox 484 3468 711 3515; x_wconf 87' lang='lat' dir='ltr'><strong>utamur</strong></span> <span class='ocrx_word' id='word_1_420' title='bbox 739 3477 752 3513; x_wconf 90' lang='lat'><strong>:</strong></span> <span class='ocrx_word' id='word_1_421' title='bbox 780 3474 886 3513; x_wconf 92' lang='lat' dir='ltr'><strong>non</strong></span> <span class='ocrx_word' id='word_1_422' title='bbox 909 3468 1114 3524; x_wconf 89' lang='lat' dir='ltr'><strong>autem,</strong></span> <span class='ocrx_word' id='word_1_423' title='bbox 1136 3457 1485 3514; x_wconf 86' lang='lat' dir='ltr'><strong>utcontrario</strong></span> <span class='ocrx_word' id='word_1_424' title='bbox 1502 3458 1667 3513; x_wconf 87' lang='lat' dir='ltr'><strong>modo</strong></span> <span class='ocrx_word' id='word_1_425' title='bbox 1690 3466 1928 3511; x_wconf 89' lang='lat' dir='ltr'><strong>utamur.</strong></span> <span class='ocrx_word' id='word_1_426' title='bbox 1952 3454 2090 3511; x_wconf 77' lang='lat' dir='ltr'><strong>Nata</strong></span> 
     </span>
    </p>
   </div>
   <div class='ocr_carea' id='block_1_55' title="bbox 492 3547 2088 3623">
    <p class='ocr_par' dir='ltr' id='par_1_55' title="bbox 492 3547 2088 3623">
     <span class='ocr_line' id='line_1_55' title="bbox 492 3547 2088 3623; baseline -0.004 -15"><span class='ocrx_word' id='word_1_427' title='bbox 492 3553 663 3623; x_wconf 81' lang='lat' dir='ltr'><strong>igitur</strong></span> <span class='ocrx_word' id='word_1_428' title='bbox 691 3553 831 3607; x_wconf 88' lang='lat' dir='ltr'><strong>hanc</strong></span> <span class='ocrx_word' id='word_1_429' title='bbox 855 3552 1189 3613; x_wconf 90' lang='lat' dir='ltr'><strong>doetriuam.</strong></span> <span class='ocrx_word' id='word_1_430' title='bbox 1225 3560 1285 3606; x_wconf 90' lang='lat' dir='ltr'><strong>ut</strong></span> <span class='ocrx_word' id='word_1_431' title='bbox 1310 3565 1433 3621; x_wconf 61' lang='lat' dir='ltr'><strong>quae</strong></span> <span class='ocrx_word' id='word_1_432' title='bbox 1466 3562 1519 3604; x_wconf 90' lang='lat' dir='ltr'><strong>ct</strong></span> <span class='ocrx_word' id='word_1_433' title='bbox 1553 3550 1797 3619; x_wconf 85' lang='lat' dir='ltr'><strong>speciosa</strong></span> <span class='ocrx_word' id='word_1_434' title='bbox 1828 3548 1919 3612; x_wconf 86' lang='lat' dir='ltr'><strong>sit,</strong></span> <span class='ocrx_word' id='word_1_435' title='bbox 1951 3558 2003 3601; x_wconf 93' lang='lat' dir='ltr'><strong>et</strong></span> <span class='ocrx_word' id='word_1_436' title='bbox 2034 3547 2088 3601; x_wconf 90' lang='lat' dir='ltr'><strong>in</strong></span> 
     </span>
    </p>
   </div>
   <div class='ocr_carea' id='block_1_56' title="bbox 486 3638 2091 3713">
    <p class='ocr_par' dir='ltr' id='par_1_56' title="bbox 486 3638 2091 3713">
     <span class='ocr_line' id='line_1_56' title="bbox 486 3638 2091 3713; baseline -0.002 -18"><span class='ocrx_word' id='word_1_437' title='bbox 486 3642 709 3713; x_wconf 71' lang='lat' dir='ltr'><strong>indiciis</strong></span> <span class='ocrx_word' id='word_1_438' title='bbox 741 3642 1136 3713; x_wconf 89' lang='lat' dir='ltr'><strong>frequentetur.</strong></span> <span class='ocrx_word' id='word_1_439' title='bbox 1160 3640 1350 3697; x_wconf 87' lang='lat' dir='ltr'><strong>Const.</strong></span> <span class='ocrx_word' id='word_1_440' title='bbox 1391 3641 1442 3705; x_wconf 84' lang='grc'>1,</span> <span class='ocrx_word' id='word_1_441' title='bbox 1470 3639 1525 3705; x_wconf 72' lang='grc'>2,</span> <span class='ocrx_word' id='word_1_442' title='bbox 1556 3640 1609 3703; x_wconf 83' lang='grc'>5,</span> <span class='ocrx_word' id='word_1_443' title='bbox 1642 3640 1722 3693; x_wconf 90' lang='lat' dir='ltr'><strong>tit.</strong></span> <span class='ocrx_word' id='word_1_444' title='bbox 1761 3638 1853 3705; x_wconf 70' lang='lat'><strong>59.,</strong></span> <span class='ocrx_word' id='word_1_445' title='bbox 1876 3638 1968 3691; x_wconf 90' lang='lat' dir='ltr'><strong>lih.</strong></span> <span class='ocrx_word' id='word_1_446' title='bbox 1994 3653 2091 3692; x_wconf 85' lang='lat' dir='ltr'><strong>vm</strong></span> 
     </span>
    </p>
   </div>
   <div class='ocr_carea' id='block_1_57' title="bbox 492 3731 2090 3807">
    <p class='ocr_par' dir='ltr' id='par_1_57' title="bbox 492 3731 2090 3807">
     <span class='ocr_line' id='line_1_57' title="bbox 492 3731 2090 3807; baseline -0.006 -13"><span class='ocrx_word' id='word_1_447' title='bbox 492 3738 631 3794; x_wconf 89' lang='lat' dir='ltr'><strong>Cod.</strong></span> <span class='ocrx_word' id='word_1_448' title='bbox 660 3738 714 3791; x_wconf 91' lang='lat' dir='ltr'><strong>in</strong></span> <span class='ocrx_word' id='word_1_449' title='bbox 744 3738 910 3807; x_wconf 84' lang='lat' dir='ltr'><strong>Basil.</strong></span> <span class='ocrx_word' id='word_1_450' title='bbox 950 3738 1145 3806; x_wconf 65' lang='lat' dir='ltr'><strong>posita:</strong></span> <span class='ocrx_word' id='word_1_451' title='bbox 1187 3751 1293 3790; x_wconf 89' lang='lat' dir='ltr'><strong>non</strong></span> <span class='ocrx_word' id='word_1_452' title='bbox 1329 3743 1478 3790; x_wconf 91' lang='lat' dir='ltr'><strong>sunt.</strong></span> <span class='ocrx_word' id='word_1_453' title='bbox 1504 3734 1779 3802; x_wconf 85' lang='lat' dir='ltr'><strong>Digesmm</strong></span> <span class='ocrx_word' id='word_1_454' title='bbox 1804 3749 1932 3787; x_wconf 85' lang='lat' dir='ltr'><strong>vero</strong></span> <span class='ocrx_word' id='word_1_455' title='bbox 1966 3731 2090 3796; x_wconf 72' lang='grc'><strong>102,</strong></span> 
     </span>
    </p>
   </div>
   <div class='ocr_carea' id='block_1_58' title="bbox 491 3826 2090 3900">
    <p class='ocr_par' dir='ltr' id='par_1_58' title="bbox 491 3826 2090 3900">
     <span class='ocr_line' id='line_1_58' title="bbox 491 3826 2090 3900; baseline -0.003 -15"><span class='ocrx_word' id='word_1_456' title='bbox 491 3830 669 3897; x_wconf 76' lang='grc' dir='ltr'>ιίι17,</span> <span class='ocrx_word' id='word_1_457' title='bbox 694 3831 784 3885; x_wconf 88' lang='lat' dir='ltr'><strong>lib.</strong></span> <span class='ocrx_word' id='word_1_458' title='bbox 810 3846 841 3885; x_wconf 89' lang='grc' dir='ltr'><strong>ι.</strong></span> <span class='ocrx_word' id='word_1_459' title='bbox 864 3831 1065 3900; x_wconf 80' lang='lat' dir='ltr'><strong>Digest.</strong></span> <span class='ocrx_word' id='word_1_460' title='bbox 1089 3838 1173 3885; x_wconf 89' lang='lat' dir='ltr'><strong>est</strong></span> <span class='ocrx_word' id='word_1_461' title='bbox 1200 3838 1361 3900; x_wconf 87' lang='lat' dir='ltr'><strong>caput</strong></span> <span class='ocrx_word' id='word_1_462' title='bbox 1385 3830 1501 3895; x_wconf 63' lang='grc'><strong>185,</strong></span> <span class='ocrx_word' id='word_1_463' title='bbox 1536 3830 1617 3883; x_wconf 93' lang='lat' dir='ltr'><strong>tit.</strong></span> <span class='ocrx_word' id='word_1_464' title='bbox 1648 3828 1701 3887; x_wconf 81' lang='lat'><strong>&#39;5.</strong></span> <span class='ocrx_word' id='word_1_465' title='bbox 1730 3828 1825 3882; x_wconf 92' lang='lat' dir='ltr'><strong>lib.</strong></span> <span class='ocrx_word' id='word_1_466' title='bbox 1861 3844 1899 3881; x_wconf 88' lang='grc' dir='ltr'><strong>ιι</strong></span> <span class='ocrx_word' id='word_1_467' title='bbox 1928 3826 2090 3881; x_wconf 82' lang='lat' dir='ltr'><strong>Basil.</strong></span> 
     </span>
    </p>
   </div>
   <div class='ocr_carea' id='block_1_59' title="bbox 493 3922 2091 3997">
    <p class='ocr_par' dir='ltr' id='par_1_59' title="bbox 493 3922 2091 3997">
     <span class='ocr_line' id='line_1_59' title="bbox 493 3922 2091 3997; baseline -0.001 -18"><span class='ocrx_word' id='word_1_468' title='bbox 493 3928 640 3997; x_wconf 75' lang='lat' dir='ltr'><strong>quod</strong></span> <span class='ocrx_word' id='word_1_469' title='bbox 677 3926 758 3982; x_wconf 91' lang='lat' dir='ltr'><strong>sic</strong></span> <span class='ocrx_word' id='word_1_470' title='bbox 796 3926 1002 3981; x_wconf 87' lang='lat' dir='ltr'><strong>habet:</strong></span> <span class='ocrx_word' id='word_1_471' title='bbox 1058 3924 1228 3996; x_wconf 59' lang='lat' dir='ltr'><strong>IEgre</strong></span> <span class='ocrx_word' id='word_1_472' title='bbox 1282 3926 1529 3993; x_wconf 88' lang='lat' dir='ltr'><strong>quidem,</strong></span> <span class='ocrx_word' id='word_1_473' title='bbox 1577 3933 1633 3979; x_wconf 89' lang='lat' dir='ltr'><strong>at</strong></span> <span class='ocrx_word' id='word_1_474' title='bbox 1680 3922 1875 3996; x_wconf 90' lang='lat' dir='ltr'><strong>[certe]</strong></span> <span class='ocrx_word' id='word_1_475' title='bbox 1912 3934 2091 3978; x_wconf 79' lang='lat' dir='ltr'><strong>tamen</strong></span> 
     </span>
    </p>
   </div>
   <div class='ocr_carea' id='block_1_60' title="bbox 496 4014 2091 4089">
    <p class='ocr_par' dir='ltr' id='par_1_60' title="bbox 496 4014 2091 4089">
     <span class='ocr_line' id='line_1_60' title="bbox 496 4014 2091 4089; baseline -0.004 -16"><span class='ocrx_word' id='word_1_476' title='bbox 496 4019 754 4089; x_wconf 65' lang='lat' dir='ltr'><strong>aequitate</strong></span> <span class='ocrx_word' id='word_1_477' title='bbox 778 4020 1031 4088; x_wconf 78' lang='lat' dir='ltr'><strong>exigente</strong></span> <span class='ocrx_word' id='word_1_478' title='bbox 1062 4025 1343 4071; x_wconf 91' lang='lat' dir='ltr'><strong>mutamus</strong></span> <span class='ocrx_word' id='word_1_479' title='bbox 1375 4016 1859 4071; x_wconf 86' lang='lat' dir='ltr'><strong>consuetudinem.</strong></span> <span class='ocrx_word' id='word_1_480' title='bbox 1891 4014 2091 4068; x_wconf 85' lang='lat' dir='ltr'><strong>Verum</strong></span> 
     </span>
    </p>
   </div>
   <div class='ocr_carea' id='block_1_61' title="bbox 496 4108 2091 4182">
    <p class='ocr_par' dir='ltr' id='par_1_61' title="bbox 496 4108 2091 4182">
     <span class='ocr_line' id='line_1_61' title="bbox 496 4108 2091 4182; baseline -0.004 -16"><span class='ocrx_word' id='word_1_481' title='bbox 496 4122 558 4167; x_wconf 87' lang='lat' dir='ltr'><strong>tu</strong></span> <span class='ocrx_word' id='word_1_482' title='bbox 626 4112 768 4166; x_wconf 87' lang='lat' dir='ltr'><strong>hanc</strong></span> <span class='ocrx_word' id='word_1_483' title='bbox 804 4112 1014 4182; x_wconf 80' lang='lat' dir='ltr'><strong>legem,</strong></span> <span class='ocrx_word' id='word_1_484' title='bbox 1068 4111 1371 4166; x_wconf 87' lang='lat' dir='ltr'><strong>secundum</strong></span> <span class='ocrx_word' id='word_1_485' title='bbox 1428 4109 1777 4180; x_wconf 89' lang='lat' dir='ltr'><strong>postmodum</strong></span> <span class='ocrx_word' id='word_1_486' title='bbox 1838 4108 2091 4178; x_wconf 68' lang='lat' dir='ltr'><strong>prmsenti</strong></span> 
     </span>
    </p>
   </div>
   <div class='ocr_carea' id='block_1_62' title="bbox 498 4201 2093 4276">
    <p class='ocr_par' dir='ltr' id='par_1_62' title="bbox 498 4201 2093 4276">
     <span class='ocr_line' id='line_1_62' title="bbox 498 4201 2093 4276; baseline -0.003 -17"><span class='ocrx_word' id='word_1_487' title='bbox 498 4202 631 4259; x_wconf 70' lang='lat' dir='ltr'><strong>huic</strong></span> <span class='ocrx_word' id='word_1_488' title='bbox 664 4204 698 4258; x_wconf 83' lang='lat'><strong>5</strong></span> <span class='ocrx_word' id='word_1_489' title='bbox 732 4220 855 4274; x_wconf 86' lang='lat' dir='ltr'><strong>cap.</strong></span> <span class='ocrx_word' id='word_1_490' title='bbox 875 4202 1161 4276; x_wconf 88' lang='lat' dir='ltr'><strong>[insertas]</strong></span> <span class='ocrx_word' id='word_1_491' title='bbox 1191 4203 1338 4271; x_wconf 75' lang='lat' dir='ltr'><strong>leges</strong></span> <span class='ocrx_word' id='word_1_492' title='bbox 1362 4203 1748 4271; x_wconf 87' lang='lat' dir='ltr'><strong>interpretare,</strong></span> <span class='ocrx_word' id='word_1_493' title='bbox 1783 4210 1950 4271; x_wconf 89' lang='lat' dir='ltr'><strong>atque</strong></span> <span class='ocrx_word' id='word_1_494' title='bbox 1984 4201 2093 4267; x_wconf 89' lang='lat' dir='ltr'><strong>die,</strong></span> 
     </span>
    </p>
   </div>
   <div class='ocr_carea' id='block_1_63' title="bbox 500 4294 2094 4368">
    <p class='ocr_par' dir='ltr' id='par_1_63' title="bbox 500 4294 2094 4368">
     <span class='ocr_line' id='line_1_63' title="bbox 500 4294 2094 4368; baseline -0.002 -17"><span class='ocrx_word' id='word_1_495' title='bbox 500 4309 618 4351; x_wconf 79' lang='lat' dir='ltr'><strong>tuin</strong></span> <span class='ocrx_word' id='word_1_496' title='bbox 643 4307 860 4368; x_wconf 83' lang='lat' dir='ltr'><strong>propter</strong></span> <span class='ocrx_word' id='word_1_497' title='bbox 880 4298 1170 4351; x_wconf 85' lang='lat' dir='ltr'><strong>utilitatem</strong></span> <span class='ocrx_word' id='word_1_498' title='bbox 1196 4295 1439 4365; x_wconf 88' lang='lat' dir='ltr'><strong>aliquam</strong></span> <span class='ocrx_word' id='word_1_499' title='bbox 1483 4294 1942 4350; x_wconf 80' lang='lat' dir='ltr'><strong>consuetudinem</strong></span> <span class='ocrx_word' id='word_1_500' title='bbox 1973 4310 2094 4348; x_wconf 89' lang='lat' dir='ltr'><strong>mu-</strong></span> 
     </span>
    </p>
   </div>
   <div class='ocr_carea' id='block_1_64' title="bbox 500 4386 2095 4460">
    <p class='ocr_par' dir='ltr' id='par_1_64' title="bbox 500 4386 2095 4460">
     <span class='ocr_line' id='line_1_64' title="bbox 500 4386 2095 4460; baseline -0.003 -15"><span class='ocrx_word' id='word_1_501' title='bbox 500 4391 631 4459; x_wconf 81' lang='lat' dir='ltr'><strong>tari,</strong></span> <span class='ocrx_word' id='word_1_502' title='bbox 659 4389 883 4460; x_wconf 87' lang='lat' dir='ltr'><strong>quando</strong></span> <span class='ocrx_word' id='word_1_503' title='bbox 933 4392 986 4443; x_wconf 88' lang='lat' dir='ltr'><strong>in</strong></span> <span class='ocrx_word' id='word_1_504' title='bbox 1020 4389 1233 4457; x_wconf 88' lang='lat' dir='ltr'><strong>judicio</strong></span> <span class='ocrx_word' id='word_1_505' title='bbox 1274 4389 1596 4443; x_wconf 83' lang='lat' dir='ltr'><strong>confirmata</strong></span> <span class='ocrx_word' id='word_1_506' title='bbox 1624 4404 1730 4443; x_wconf 91' lang='lat' dir='ltr'><strong>non</strong></span> <span class='ocrx_word' id='word_1_507' title='bbox 1762 4398 1848 4443; x_wconf 88' lang='lat' dir='ltr'><strong>est</strong></span> <span class='ocrx_word' id='word_1_508' title='bbox 1886 4407 1898 4443; x_wconf 92' lang='lat'>:</span> <span class='ocrx_word' id='word_1_509' title='bbox 1936 4386 2095 4459; x_wconf 89' lang='lat' dir='ltr'><strong>[alio-</strong></span> 
     </span>
    </p>
   </div>
   <div class='ocr_carea' id='block_1_65' title="bbox 502 4480 2093 4555">
    <p class='ocr_par' dir='ltr' id='par_1_65' title="bbox 502 4480 2093 4555">
     <span class='ocr_line' id='line_1_65' title="bbox 502 4480 2093 4555; baseline -0.002 -18"><span class='ocrx_word' id='word_1_510' title='bbox 502 4483 598 4552; x_wconf 90' lang='lat' dir='ltr'><strong>qui</strong></span> <span class='ocrx_word' id='word_1_511' title='bbox 667 4482 818 4555; x_wconf 89' lang='lat' dir='ltr'><strong>vero]</strong></span> <span class='ocrx_word' id='word_1_512' title='bbox 879 4493 1138 4553; x_wconf 87' lang='lat' dir='ltr'><strong>tauquam</strong></span> <span class='ocrx_word' id='word_1_513' title='bbox 1190 4482 1364 4551; x_wconf 85' lang='lat' dir='ltr'><strong>legem</strong></span> <span class='ocrx_word' id='word_1_514' title='bbox 1437 4482 1697 4551; x_wconf 84' lang='lat' dir='ltr'><strong>scriptam</strong></span> <span class='ocrx_word' id='word_1_515' title='bbox 1779 4480 2093 4535; x_wconf 80' lang='lat' dir='ltr'><strong>valituram.</strong></span> 
     </span>
    </p>
   </div>
   <div class='ocr_carea' id='block_1_66' title="bbox 500 4571 2095 4645">
    <p class='ocr_par' dir='ltr' id='par_1_66' title="bbox 500 4571 2095 4645">
     <span class='ocr_line' id='line_1_66' title="bbox 500 4571 2095 4645; baseline -0.003 -15"><span class='ocrx_word' id='word_1_516' title='bbox 500 4574 801 4645; x_wconf 87' lang='lat' dir='ltr'><strong>Propterea</strong></span> <span class='ocrx_word' id='word_1_517' title='bbox 845 4578 990 4629; x_wconf 87' lang='lat' dir='ltr'><strong>enim</strong></span> <span class='ocrx_word' id='word_1_518' title='bbox 1033 4575 1120 4630; x_wconf 92' lang='lat' dir='ltr'><strong>hic</strong></span> <span class='ocrx_word' id='word_1_519' title='bbox 1171 4574 1444 4645; x_wconf 77' lang='lat' dir='ltr'><strong>adjectum</strong></span> <span class='ocrx_word' id='word_1_520' title='bbox 1480 4583 1609 4630; x_wconf 85' lang='lat' dir='ltr'><strong>est:</strong></span> <span class='ocrx_word' id='word_1_521' title='bbox 1654 4572 1821 4641; x_wconf 62' lang='lat' dir='ltr'><strong>JEgre</strong></span> <span class='ocrx_word' id='word_1_522' title='bbox 1849 4571 2095 4643; x_wconf 89' lang='lat' dir='ltr'><strong>quidem,</strong></span> 
     </span>
    </p>
   </div>
   <div class='ocr_carea' id='block_1_67' title="bbox 503 4667 2103 4739">
    <p class='ocr_par' dir='ltr' id='par_1_67' title="bbox 503 4667 2103 4739">
     <span class='ocr_line' id='line_1_67' title="bbox 503 4667 2103 4739; baseline -0.001 -18"><span class='ocrx_word' id='word_1_523' title='bbox 503 4678 744 4723; x_wconf 90' lang='lat' dir='ltr'><strong>attamen</strong></span> <span class='ocrx_word' id='word_1_524' title='bbox 797 4669 1056 4737; x_wconf 71' lang='lat' dir='ltr'><strong>aequitate</strong></span> <span class='ocrx_word' id='word_1_525' title='bbox 1104 4668 1359 4739; x_wconf 83' lang='lat' dir='ltr'><strong>exigente</strong></span> <span class='ocrx_word' id='word_1_526' title='bbox 1404 4668 1862 4724; x_wconf 87' lang='lat' dir='ltr'><strong>consuetudinem</strong></span> <span class='ocrx_word' id='word_1_527' title='bbox 1901 4667 2103 4721; x_wconf 89' lang='lat' dir='ltr'><strong>immu-</strong></span> 
     </span>
    </p>
   </div>
   <div class='ocr_carea' id='block_1_68' title="bbox 508 4760 2102 4833">
    <p class='ocr_par' dir='ltr' id='par_1_68' title="bbox 508 4760 2102 4833">
     <span class='ocr_line' id='line_1_68' title="bbox 508 4760 2102 4833; baseline -0.001 -17"><span class='ocrx_word' id='word_1_528' title='bbox 508 4773 714 4818; x_wconf 85' lang='lat' dir='ltr'><strong>tamns.</strong></span> <span class='ocrx_word' id='word_1_529' title='bbox 744 4760 862 4817; x_wconf 85' lang='lat' dir='ltr'><strong>Non</strong></span> <span class='ocrx_word' id='word_1_530' title='bbox 895 4772 979 4817; x_wconf 89' lang='lat' dir='ltr'><strong>est</strong></span> <span class='ocrx_word' id='word_1_531' title='bbox 1016 4762 1101 4817; x_wconf 81' lang='lat' dir='ltr'><strong>lex</strong></span> <span class='ocrx_word' id='word_1_532' title='bbox 1150 4763 1377 4833; x_wconf 85' lang='lat' dir='ltr'><strong>scripta,</strong></span> <span class='ocrx_word' id='word_1_533' title='bbox 1415 4778 1539 4833; x_wconf 79' lang='lat' dir='ltr'><strong>quze</strong></span> <span class='ocrx_word' id='word_1_534' title='bbox 1579 4771 1807 4824; x_wconf 87' lang='lat' dir='ltr'><strong>statuat,</strong></span> <span class='ocrx_word' id='word_1_535' title='bbox 1838 4760 1960 4815; x_wconf 89' lang='lat' dir='ltr'><strong>utsi</strong></span> <span class='ocrx_word' id='word_1_536' title='bbox 1993 4776 2102 4829; x_wconf 86' lang='lat' dir='ltr'><strong>qua</strong></span> 
     </span>
    </p>
   </div>
   <div class='ocr_carea' id='block_1_69' title="bbox 507 4852 2101 4924">
    <p class='ocr_par' dir='ltr' id='par_1_69' title="bbox 507 4852 2101 4924">
     <span class='ocr_line' id='line_1_69' title="bbox 507 4852 2101 4924; baseline -0.002 -16"><span class='ocrx_word' id='word_1_537' title='bbox 507 4852 730 4908; x_wconf 87' lang='lat' dir='ltr'><strong>tonderi</strong></span> <span class='ocrx_word' id='word_1_538' title='bbox 782 4863 948 4924; x_wconf 88' lang='lat' dir='ltr'><strong>atque</strong></span> <span class='ocrx_word' id='word_1_539' title='bbox 1010 4854 1307 4909; x_wconf 87' lang='lat' dir='ltr'><strong>divortium</strong></span> <span class='ocrx_word' id='word_1_540' title='bbox 1351 4853 1532 4909; x_wconf 83' lang='lat' dir='ltr'><strong>facere</strong></span> <span class='ocrx_word' id='word_1_541' title='bbox 1563 4869 1687 4907; x_wconf 91' lang='lat' dir='ltr'><strong>cum</strong></span> <span class='ocrx_word' id='word_1_542' title='bbox 1722 4853 1921 4907; x_wconf 87' lang='lat' dir='ltr'><strong>marito</strong></span> <span class='ocrx_word' id='word_1_543' title='bbox 1952 4852 2101 4918; x_wconf 83' lang='lat' dir='ltr'><strong>velit,</strong></span> 
     </span>
    </p>
   </div>
   <div class='ocr_carea' id='block_1_70' title="bbox 508 4944 2103 5003">
    <p class='ocr_par' dir='ltr' id='par_1_70' title="bbox 508 4944 2103 5003">
     <span class='ocr_line' id='line_1_70' title="bbox 508 4944 2103 5003; baseline 0.001 -4"><span class='ocrx_word' id='word_1_544' title='bbox 508 4960 580 4999; x_wconf 83' lang='lat' dir='ltr'><strong>ne</strong></span> <span class='ocrx_word' id='word_1_545' title='bbox 612 4944 903 5000; x_wconf 89' lang='lat' dir='ltr'><strong>confestim</strong></span> <span class='ocrx_word' id='word_1_546' title='bbox 952 4946 1249 5002; x_wconf 87' lang='lat' dir='ltr'><strong>tondeatur</strong></span> <span class='ocrx_word' id='word_1_547' title='bbox 1295 4965 1309 5001; x_wconf 91' lang='lat'><strong>:</strong></span> <span class='ocrx_word' id='word_1_548' title='bbox 1362 4948 1456 5003; x_wconf 90' lang='lat' dir='ltr'><strong>sed</strong></span> <span class='ocrx_word' id='word_1_549' title='bbox 1494 4947 1547 5001; x_wconf 89' lang='lat' dir='ltr'><strong>in</strong></span> <span class='ocrx_word' id='word_1_550' title='bbox 1580 4946 1974 5003; x_wconf 86' lang='lat' dir='ltr'><strong>monasterium</strong></span> <span class='ocrx_word' id='word_1_551' title='bbox 2004 4947 2103 5001; x_wconf 90' lang='lat' dir='ltr'><strong>ab-</strong></span> 
     </span>
    </p>
   </div>
   <div class='ocr_carea' id='block_1_71' title="bbox 511 5038 2105 5113">
    <p class='ocr_par' dir='ltr' id='par_1_71' title="bbox 511 5038 2105 5113">
     <span class='ocr_line' id='line_1_71' title="bbox 511 5038 2105 5113; baseline 0.003 -20"><span class='ocrx_word' id='word_1_552' title='bbox 511 5038 768 5105; x_wconf 89' lang='lat' dir='ltr'><strong>ducatur,</strong></span> <span class='ocrx_word' id='word_1_553' title='bbox 802 5048 855 5094; x_wconf 90' lang='lat' dir='ltr'><strong>et</strong></span> <span class='ocrx_word' id='word_1_554' title='bbox 886 5039 1149 5096; x_wconf 87' lang='lat' dir='ltr'><strong>trimestri</strong></span> <span class='ocrx_word' id='word_1_555' title='bbox 1196 5042 1375 5112; x_wconf 84' lang='lat' dir='ltr'><strong>spatio</strong></span> <span class='ocrx_word' id='word_1_556' title='bbox 1420 5043 1759 5112; x_wconf 79' lang='lat' dir='ltr'><strong>exploretur,</strong></span> <span class='ocrx_word' id='word_1_557' title='bbox 1786 5042 1934 5113; x_wconf 70' lang='lat' dir='ltr'><strong>{num</strong></span> <span class='ocrx_word' id='word_1_558' title='bbox 1966 5039 2105 5097; x_wconf 84' lang='lat' dir='ltr'><strong>forte</strong></span> 
     </span>
    </p>
   </div>
   <div class='ocr_carea' id='block_1_72' title="bbox 510 5131 2103 5208">
    <p class='ocr_par' dir='ltr' id='par_1_72' title="bbox 510 5131 2103 5208">
     <span class='ocr_line' id='line_1_72' title="bbox 510 5131 2103 5208; baseline 0.003 -21"><span class='ocrx_word' id='word_1_559' title='bbox 510 5135 567 5187; x_wconf 71' lang='lat' dir='ltr'><strong>in</strong></span> <span class='ocrx_word' id='word_1_560' title='bbox 614 5131 758 5205; x_wconf 88' lang='lat' dir='ltr'><strong>[ipso</strong></span> <span class='ocrx_word' id='word_1_561' title='bbox 784 5134 957 5208; x_wconf 78' lang='lat' dir='ltr'><strong>Velut]</strong></span> <span class='ocrx_word' id='word_1_562' title='bbox 989 5151 1181 5208; x_wconf 79' lang='lat' dir='ltr'><strong>pugnae</strong></span> <span class='ocrx_word' id='word_1_563' title='bbox 1224 5136 1381 5191; x_wconf 90' lang='lat' dir='ltr'><strong>initio</strong></span> <span class='ocrx_word' id='word_1_564' title='bbox 1433 5146 1717 5191; x_wconf 91' lang='lat' dir='ltr'><strong>tonsuram</strong></span> <span class='ocrx_word' id='word_1_565' title='bbox 1758 5136 2103 5207; x_wconf 79' lang='lat' dir='ltr'><strong>deprecetur.</strong></span> 
     </span>
    </p>
   </div>
   <div class='ocr_carea' id='block_1_73' title="bbox 509 5228 2107 5303">
    <p class='ocr_par' dir='ltr' id='par_1_73' title="bbox 509 5228 2107 5303">
     <span class='ocr_line' id='line_1_73' title="bbox 509 5228 2107 5303; baseline 0.001 -18"><span class='ocrx_word' id='word_1_566' title='bbox 509 5228 618 5285; x_wconf 87' lang='lat' dir='ltr'><strong>Sed</strong></span> <span class='ocrx_word' id='word_1_567' title='bbox 656 5246 720 5284; x_wconf 85' lang='lat' dir='ltr'><strong>ex</strong></span> <span class='ocrx_word' id='word_1_568' title='bbox 777 5230 1039 5302; x_wconf 88' lang='lat' dir='ltr'><strong>inscripta</strong></span> <span class='ocrx_word' id='word_1_569' title='bbox 1079 5232 1499 5299; x_wconf 85' lang='lat' dir='ltr'><strong>consuetudine,</strong></span> <span class='ocrx_word' id='word_1_570' title='bbox 1537 5233 2107 5303; x_wconf 78' lang='lat' dir='ltr'><strong>saepenumeroinju-</strong></span> 
     </span>
    </p>
   </div>
   <div class='ocr_carea' id='block_1_74' title="bbox 511 5321 2107 5397">
    <p class='ocr_par' dir='ltr' id='par_1_74' title="bbox 511 5321 2107 5397">
     <span class='ocr_line' id='line_1_74' title="bbox 511 5321 2107 5397; baseline 0.003 -22"><span class='ocrx_word' id='word_1_571' title='bbox 511 5321 658 5375; x_wconf 82' lang='lat' dir='ltr'><strong>dicio</strong></span> <span class='ocrx_word' id='word_1_572' title='bbox 693 5322 914 5391; x_wconf 84' lang='lat' dir='ltr'><strong>probata</strong></span> <span class='ocrx_word' id='word_1_573' title='bbox 947 5334 1001 5379; x_wconf 91' lang='lat' dir='ltr'><strong>et</strong></span> <span class='ocrx_word' id='word_1_574' title='bbox 1029 5325 1355 5380; x_wconf 84' lang='lat' dir='ltr'><strong>confirmata</strong></span> <span class='ocrx_word' id='word_1_575' title='bbox 1396 5335 1678 5397; x_wconf 88' lang='lat' dir='ltr'><strong>receptum</strong></span> <span class='ocrx_word' id='word_1_576' title='bbox 1711 5335 1818 5389; x_wconf 86' lang='lat' dir='ltr'><strong>est,</strong></span> <span class='ocrx_word' id='word_1_577' title='bbox 1853 5342 1921 5381; x_wconf 91' lang='lat' dir='ltr'><strong>ne</strong></span> <span class='ocrx_word' id='word_1_578' title='bbox 1950 5327 2107 5381; x_wconf 80' lang='lat' dir='ltr'><strong>aliter</strong></span> 
     </span>
    </p>
   </div>
   <div class='ocr_carea' id='block_1_75' title="bbox 512 5419 2108 5493">
    <p class='ocr_par' dir='ltr' id='par_1_75' title="bbox 512 5419 2108 5493">
     <span class='ocr_line' id='line_1_75' title="bbox 512 5419 2108 5493; baseline 0.003 -19"><span class='ocrx_word' id='word_1_579' title='bbox 512 5419 731 5474; x_wconf 83' lang='lat' dir='ltr'><strong>mulieri</strong></span> <span class='ocrx_word' id='word_1_580' title='bbox 789 5429 1011 5475; x_wconf 75' lang='lat' dir='ltr'><strong>tonsura</strong></span> <span class='ocrx_word' id='word_1_581' title='bbox 1071 5423 1461 5490; x_wconf 86' lang='lat' dir='ltr'><strong>permittatur,</strong></span> <span class='ocrx_word' id='word_1_582' title='bbox 1500 5439 1664 5492; x_wconf 87' lang='lat' dir='ltr'><strong>quam</strong></span> <span class='ocrx_word' id='word_1_583' title='bbox 1712 5422 1758 5479; x_wconf 91' lang='lat' dir='ltr'><strong>si</strong></span> <span class='ocrx_word' id='word_1_584' title='bbox 1824 5432 1948 5493; x_wconf 88' lang='lat' dir='ltr'><strong>post</strong></span> <span class='ocrx_word' id='word_1_585' title='bbox 1998 5433 2108 5479; x_wconf 88' lang='lat' dir='ltr'><strong>tres</strong></span> 
     </span>
    </p>
   </div>
   <div class='ocr_carea' id='block_1_76' title="bbox 511 5510 2108 5583">
    <p class='ocr_par' dir='ltr' id='par_1_76' title="bbox 511 5510 2108 5583">
     <span class='ocr_line' id='line_1_76' title="bbox 511 5510 2108 5583; baseline 0 -18"><span class='ocrx_word' id='word_1_586' title='bbox 511 5524 735 5565; x_wconf 76' lang='lat' dir='ltr'><strong>nienses</strong></span> <span class='ocrx_word' id='word_1_587' title='bbox 774 5510 1108 5582; x_wconf 81' lang='lat' dir='ltr'><strong>interrogata</strong></span> <span class='ocrx_word' id='word_1_588' title='bbox 1163 5513 1254 5580; x_wconf 90' lang='lat' dir='ltr'><strong>sit,</strong></span> <span class='ocrx_word' id='word_1_589' title='bbox 1283 5530 1353 5568; x_wconf 89' lang='lat' dir='ltr'><strong>an</strong></span> <span class='ocrx_word' id='word_1_590' title='bbox 1404 5512 1460 5567; x_wconf 90' lang='lat' dir='ltr'><strong>in</strong></span> <span class='ocrx_word' id='word_1_591' title='bbox 1495 5514 1599 5567; x_wconf 90' lang='lat' dir='ltr'><strong>hoc</strong></span> <span class='ocrx_word' id='word_1_592' title='bbox 1635 5513 1779 5567; x_wconf 88' lang='lat' dir='ltr'><strong>bono</strong></span> <span class='ocrx_word' id='word_1_593' title='bbox 1831 5513 2108 5583; x_wconf 87' lang='lat' dir='ltr'><strong>proposito</strong></span> 
     </span>
    </p>
   </div>
   <div class='ocr_carea' id='block_1_77' title="bbox 511 5594 2109 5681">
    <p class='ocr_par' dir='ltr' id='par_1_77' title="bbox 511 5594 2109 5681">
     <span class='ocr_line' id='line_1_77' title="bbox 511 5594 2109 5681; baseline -0.001 -20"><span class='ocrx_word' id='word_1_594' title='bbox 511 5620 843 5677; x_wconf 88' lang='lat' dir='ltr'><strong>permanere</strong></span> <span class='ocrx_word' id='word_1_595' title='bbox 868 5604 1065 5679; x_wconf 85' lang='lat' dir='ltr'><strong>[velit].</strong></span> <span class='ocrx_word' id='word_1_596' title='bbox 1104 5606 1181 5663; x_wconf 84' lang='lat' dir='ltr'><strong>Ac</strong></span> <span class='ocrx_word' id='word_1_597' title='bbox 1216 5605 1396 5681; x_wconf 89' lang='lat' dir='ltr'><strong>[sane]</strong></span> <span class='ocrx_word' id='word_1_598' title='bbox 1428 5594 1546 5661; x_wconf 35' lang='lat' dir='ltr'><strong>.liae</strong></span> <span class='ocrx_word' id='word_1_599' title='bbox 1576 5608 1643 5661; x_wconf 89' lang='lat' dir='ltr'><strong>de</strong></span> <span class='ocrx_word' id='word_1_600' title='bbox 1686 5620 1744 5661; x_wconf 90' lang='lat' dir='ltr'><strong>re</strong></span> <span class='ocrx_word' id='word_1_601' title='bbox 1784 5621 1971 5661; x_wconf 90' lang='lat' dir='ltr'><strong>coram</strong></span> <span class='ocrx_word' id='word_1_602' title='bbox 2006 5605 2109 5660; x_wconf 86' lang='lat' dir='ltr'><strong>im-</strong></span> 
     </span>
    </p>
   </div>
   <div class='ocr_carea' id='block_1_78' title="bbox 513 5700 2105 5776">
    <p class='ocr_par' dir='ltr' id='par_1_78' title="bbox 513 5700 2105 5776">
     <span class='ocr_line' id='line_1_78' title="bbox 513 5700 2105 5776; baseline 0.001 -24"><span class='ocrx_word' id='word_1_603' title='bbox 513 5701 793 5771; x_wconf 86' lang='lat' dir='ltr'><strong>peratorio</strong></span> <span class='ocrx_word' id='word_1_604' title='bbox 848 5701 1108 5757; x_wconf 87' lang='lat' dir='ltr'><strong>tribunali</strong></span> <span class='ocrx_word' id='word_1_605' title='bbox 1168 5700 1431 5776; x_wconf 88' lang='lat' dir='ltr'><strong>[abunde]</strong></span> <span class='ocrx_word' id='word_1_606' title='bbox 1486 5701 1622 5756; x_wconf 88' lang='lat' dir='ltr'><strong>satis</strong></span> <span class='ocrx_word' id='word_1_607' title='bbox 1675 5710 1944 5755; x_wconf 89' lang='lat' dir='ltr'><strong>certatum</strong></span> <span class='ocrx_word' id='word_1_608' title='bbox 2002 5709 2105 5754; x_wconf 87' lang='lat' dir='ltr'><strong>est.</strong></span> 
     </span>
    </p>
   </div>
   <div class='ocr_carea' id='block_1_79' title="bbox 506 5792 2106 5869">
    <p class='ocr_par' dir='ltr' id='par_1_79' title="bbox 506 5792 2106 5869">
     <span class='ocr_line' id='line_1_79' title="bbox 506 5792 2106 5869; baseline -0.002 -18"><span class='ocrx_word' id='word_1_609' title='bbox 506 5792 651 5851; x_wconf 84' lang='lat' dir='ltr'><strong>Cum</strong></span> <span class='ocrx_word' id='word_1_610' title='bbox 687 5795 832 5849; x_wconf 89' lang='lat' dir='ltr'><strong>enim</strong></span> <span class='ocrx_word' id='word_1_611' title='bbox 859 5796 1014 5850; x_wconf 91' lang='lat' dir='ltr'><strong>multi</strong></span> <span class='ocrx_word' id='word_1_612' title='bbox 1044 5796 1310 5861; x_wconf 88' lang='lat' dir='ltr'><strong>dicerent,</strong></span> <span class='ocrx_word' id='word_1_613' title='bbox 1353 5798 1551 5852; x_wconf 88' lang='lat' dir='ltr'><strong>debere</strong></span> <span class='ocrx_word' id='word_1_614' title='bbox 1597 5793 1864 5869; x_wconf 90' lang='lat' dir='ltr'><strong>[cuidam]</strong></span> <span class='ocrx_word' id='word_1_615' title='bbox 1893 5794 2106 5848; x_wconf 88' lang='lat' dir='ltr'><strong>mulieri</strong></span> 
     </span>
    </p>
   </div>
   <div class='ocr_carea' id='block_1_80' title="bbox 513 5885 2107 5960">
    <p class='ocr_par' dir='ltr' id='par_1_80' title="bbox 513 5885 2107 5960">
     <span class='ocr_line' id='line_1_80' title="bbox 513 5885 2107 5960; baseline -0.001 -19"><span class='ocrx_word' id='word_1_616' title='bbox 513 5885 686 5943; x_wconf 76' lang='lat' dir='ltr'><strong>ﬂavos</strong></span> <span class='ocrx_word' id='word_1_617' title='bbox 720 5888 852 5945; x_wconf 89' lang='lat' dir='ltr'><strong>istos</strong></span> <span class='ocrx_word' id='word_1_618' title='bbox 888 5891 1072 5947; x_wconf 91' lang='lat' dir='ltr'><strong>crines</strong></span> <span class='ocrx_word' id='word_1_619' title='bbox 1108 5890 1399 5948; x_wconf 90' lang='lat' dir='ltr'><strong>confestim</strong></span> <span class='ocrx_word' id='word_1_620' title='bbox 1439 5890 1744 5956; x_wconf 85' lang='lat' dir='ltr'><strong>detonderi,</strong></span> <span class='ocrx_word' id='word_1_621' title='bbox 1772 5889 1914 5960; x_wconf 84' lang='lat' dir='ltr'><strong>quod</strong></span> <span class='ocrx_word' id='word_1_622' title='bbox 1964 5887 2107 5944; x_wconf 82' lang='lat' dir='ltr'><strong>firmi</strong></span> 
     </span>
    </p>
   </div>
   <div class='ocr_carea' id='block_1_81' title="bbox 2271 2528 3783 2602">
    <p class='ocr_par' dir='ltr' id='par_1_81' title="bbox 2271 2528 3783 2602">
     <span class='ocr_line' id='line_1_81' title="bbox 2271 2528 3783 2602; baseline 0.001 -21"><span class='ocrx_word' id='word_1_623' title='bbox 2271 2528 2524 2585; x_wconf 76' lang='grc' dir='ltr'>Διδάσκει</span> <span class='ocrx_word' id='word_1_624' title='bbox 2566 2530 2625 2585; x_wconf 85' lang='grc' dir='ltr'>δὲ</span> <span class='ocrx_word' id='word_1_625' title='bbox 2655 2533 2683 2586; x_wconf 87' lang='grc' dir='ltr'>ὁ</span> <span class='ocrx_word' id='word_1_626' title='bbox 2716 2532 2990 2600; x_wconf 82' lang='grc' dir='ltr'>Στέφανος</span> <span class='ocrx_word' id='word_1_627' title='bbox 3034 2532 3095 2584; x_wconf 88' lang='grc' dir='ltr'><strong>ἐν</strong></span> <span class='ocrx_word' id='word_1_628' title='bbox 3135 2529 3214 2602; x_wconf 82' lang='grc' dir='ltr'>τῷ</span> <span class='ocrx_word' id='word_1_629' title='bbox 3248 2530 3339 2601; x_wconf 76' lang='grc' dir='ltr'>μβ¹</span> <span class='ocrx_word' id='word_1_630' title='bbox 3366 2546 3505 2601; x_wconf 83' lang='grc' dir='ltr'>κεφ.</span> <span class='ocrx_word' id='word_1_631' title='bbox 3545 2529 3783 2584; x_wconf 82' lang='grc' dir='ltr'>διδασκα-</span> 
     </span>
    </p>
   </div>
   <div class='ocr_carea' id='block_1_82' title="bbox 2195 2620 3781 2694">
    <p class='ocr_par' dir='ltr' id='par_1_82' title="bbox 2195 2620 3781 2694">
     <span class='ocr_line' id='line_1_82' title="bbox 2195 2620 3781 2694; baseline 0.001 -21"><span class='ocrx_word' id='word_1_632' title='bbox 2195 2620 2315 2675; x_wconf 92' lang='grc' dir='ltr'>λίαν</span> <span class='ocrx_word' id='word_1_633' title='bbox 2345 2622 2598 2693; x_wconf 86' lang='grc' dir='ltr'>ἀρίστην.</span> <span class='ocrx_word' id='word_1_634' title='bbox 2648 2624 2744 2678; x_wconf 73' lang='grc' dir='ltr'>καὶ</span> <span class='ocrx_word' id='word_1_635' title='bbox 2780 2623 2896 2678; x_wconf 79' lang='grc' dir='ltr'>λύει</span> <span class='ocrx_word' id='word_1_636' title='bbox 2924 2623 3026 2687; x_wconf 88' lang='grc' dir='ltr'><strong>τάς</strong></span> <span class='ocrx_word' id='word_1_637' title='bbox 3052 2622 3182 2694; x_wconf 72' lang='grc' dir='ltr'>περὶ</span> <span class='ocrx_word' id='word_1_638' title='bbox 3200 2623 3455 2694; x_wconf 88' lang='grc' dir='ltr'>ἀγράφου</span> <span class='ocrx_word' id='word_1_639' title='bbox 3508 2621 3781 2693; x_wconf 78' lang='grc' dir='ltr'>συνηθείας</span> 
     </span>
    </p>
   </div>
   <div class='ocr_carea' id='block_1_83' title="bbox 2190 2714 3779 2786">
    <p class='ocr_par' dir='ltr' id='par_1_83' title="bbox 2190 2714 3779 2786">
     <span class='ocr_line' id='line_1_83' title="bbox 2190 2714 3779 2786; baseline -0.001 -18"><span class='ocrx_word' id='word_1_640' title='bbox 2190 2715 2653 2783; x_wconf 85' lang='grc' dir='ltr'>ἐναντιοφανείας,</span> <span class='ocrx_word' id='word_1_641' title='bbox 2671 2716 2847 2784; x_wconf 82' lang='grc' dir='ltr'>λέγων</span> <span class='ocrx_word' id='word_1_642' title='bbox 2867 2714 3063 2783; x_wconf 73' lang='grc' dir='ltr'>οὕτως,</span> <span class='ocrx_word' id='word_1_643' title='bbox 3093 2715 3158 2768; x_wconf 86' lang='grc' dir='ltr'><strong><em>Ἦ</em></strong></span> <span class='ocrx_word' id='word_1_644' title='bbox 3177 2714 3366 2785; x_wconf 85' lang='grc' dir='ltr'>χρονία</span> <span class='ocrx_word' id='word_1_645' title='bbox 3386 2714 3654 2786; x_wconf 85' lang='grc' dir='ltr'>συνήθεια</span> <span class='ocrx_word' id='word_1_646' title='bbox 3676 2714 3779 2766; x_wconf 73' lang='grc' dir='ltr'>τότε</span> 
     </span>
    </p>
   </div>
   <div class='ocr_carea' id='block_1_84' title="bbox 2192 2806 3775 2880">
    <p class='ocr_par' dir='ltr' id='par_1_84' title="bbox 2192 2806 3775 2880">
     <span class='ocr_line' id='line_1_84' title="bbox 2192 2806 3775 2880; baseline -0.002 -21"><span class='ocrx_word' id='word_1_647' title='bbox 2192 2806 2268 2867; x_wconf 82' lang='grc' dir='ltr'>ὡς</span> <span class='ocrx_word' id='word_1_648' title='bbox 2298 2807 2462 2878; x_wconf 82' lang='grc' dir='ltr'>νόμος</span> <span class='ocrx_word' id='word_1_649' title='bbox 2491 2811 2703 2880; x_wconf 87' lang='grc' dir='ltr'>κρατεῖ,</span> <span class='ocrx_word' id='word_1_650' title='bbox 2726 2809 2816 2861; x_wconf 84' lang='grc' dir='ltr'>ὅτε</span> <span class='ocrx_word' id='word_1_651' title='bbox 2848 2807 2925 2879; x_wconf 80' lang='grc' dir='ltr'>μὴ</span> <span class='ocrx_word' id='word_1_652' title='bbox 2959 2807 3222 2878; x_wconf 84' lang='grc' dir='ltr'>ἐγγράφῳ</span> <span class='ocrx_word' id='word_1_653' title='bbox 3251 2808 3596 2878; x_wconf 79' lang='grc' dir='ltr'>διαμάχηται</span> <span class='ocrx_word' id='word_1_654' title='bbox 3626 2806 3775 2875; x_wconf 80' lang='grc' dir='ltr'>νόμῳ.</span> 
     </span>
    </p>
   </div>
   <div class='ocr_carea' id='block_1_85' title="bbox 2196 2897 3776 2972">
    <p class='ocr_par' dir='ltr' id='par_1_85' title="bbox 2196 2897 3776 2972">
     <span class='ocr_line' id='line_1_85' title="bbox 2196 2897 3776 2972; baseline -0.003 -17"><span class='ocrx_word' id='word_1_655' title='bbox 2196 2902 2306 2955; x_wconf 66' lang='lat' dir='ltr'><strong>Kal</strong></span> <span class='ocrx_word' id='word_1_656' title='bbox 2339 2901 2415 2972; x_wconf 84' lang='grc' dir='ltr'>μὴ</span> <span class='ocrx_word' id='word_1_657' title='bbox 2438 2902 2629 2972; x_wconf 78' lang='grc' dir='ltr'>νόμιζε</span> <span class='ocrx_word' id='word_1_658' title='bbox 2646 2901 2806 2956; x_wconf 87' lang='grc' dir='ltr'>τοῦτο</span> <span class='ocrx_word' id='word_1_659' title='bbox 2823 2900 3066 2956; x_wconf 88' lang='grc' dir='ltr'>ἐναντίον</span> <span class='ocrx_word' id='word_1_660' title='bbox 3088 2897 3231 2955; x_wconf 77' lang='grc' dir='ltr'>εἶναι</span> <span class='ocrx_word' id='word_1_661' title='bbox 3255 2900 3334 2971; x_wconf 84' lang='grc' dir='ltr'>τῷ</span> <span class='ocrx_word' id='word_1_662' title='bbox 3358 2902 3510 2955; x_wconf 87' lang='grc' dir='ltr'>τέλει</span> <span class='ocrx_word' id='word_1_663' title='bbox 3536 2898 3630 2953; x_wconf 88' lang='grc' dir='ltr'><strong>τοῦ</strong></span> <span class='ocrx_word' id='word_1_664' title='bbox 3656 2914 3776 2969; x_wconf 89' lang='grc' dir='ltr'>προ-</span> 
     </span>
    </p>
   </div>
   <div class='ocr_carea' id='block_1_86' title="bbox 2196 2989 3778 3066">
    <p class='ocr_par' dir='ltr' id='par_1_86' title="bbox 2196 2989 3778 3066">
     <span class='ocr_line' id='line_1_86' title="bbox 2196 2989 3778 3066; baseline -0.002 -20"><span class='ocrx_word' id='word_1_665' title='bbox 2196 2993 2455 3059; x_wconf 78' lang='grc' dir='ltr'>λαϐόντος</span> <span class='ocrx_word' id='word_1_666' title='bbox 2479 2995 2877 3065; x_wconf 84' lang='grc' dir='ltr'>διατάγματος.</span> <span class='ocrx_word' id='word_1_667' title='bbox 2909 2995 3056 3048; x_wconf 81' lang='grc' dir='ltr'>Ἐκεῖ</span> <span class='ocrx_word' id='word_1_668' title='bbox 3086 2994 3186 3066; x_wconf 81' lang='grc' dir='ltr'>μὲν</span> <span class='ocrx_word' id='word_1_669' title='bbox 3218 2994 3326 3065; x_wconf 80' lang='grc' dir='ltr'><strong>γὰρ</strong></span> <span class='ocrx_word' id='word_1_670' title='bbox 3346 2993 3480 3065; x_wconf 72' lang='grc' dir='ltr'>περὶ</span> <span class='ocrx_word' id='word_1_671' title='bbox 3510 2989 3778 3063; x_wconf 76' lang='grc' dir='ltr'>συνηθείας</span> 
     </span>
    </p>
   </div>
   <div class='ocr_carea' id='block_1_87' title="bbox 2196 3083 3776 3159">
    <p class='ocr_par' dir='ltr' id='par_1_87' title="bbox 2196 3083 3776 3159">
     <span class='ocr_line' id='line_1_87' title="bbox 2196 3083 3776 3159; baseline -0.003 -20"><span class='ocrx_word' id='word_1_672' title='bbox 2196 3087 2373 3156; x_wconf 82' lang='grc' dir='ltr'>λέγον,</span> <span class='ocrx_word' id='word_1_673' title='bbox 2397 3088 2563 3159; x_wconf 74' lang='grc' dir='ltr'>φησὶν</span> <span class='ocrx_word' id='word_1_674' title='bbox 2581 3090 2663 3143; x_wconf 83' lang='grc' dir='ltr'>ὅτι</span> <span class='ocrx_word' id='word_1_675' title='bbox 2685 3089 2909 3143; x_wconf 76' lang='grc' dir='ltr'>δύναται</span> <span class='ocrx_word' id='word_1_676' title='bbox 2927 3088 3065 3159; x_wconf 77' lang='grc' dir='ltr'>αὐτὴ</span> <span class='ocrx_word' id='word_1_677' title='bbox 3084 3089 3247 3158; x_wconf 85' lang='grc' dir='ltr'>νόμον</span> <span class='ocrx_word' id='word_1_678' title='bbox 3264 3086 3500 3142; x_wconf 87' lang='grc' dir='ltr'>ἀνελεῖν.</span> <span class='ocrx_word' id='word_1_679' title='bbox 3537 3083 3776 3140; x_wconf 79' lang='grc' dir='ltr'>Ἐνταῦθα</span> 
     </span>
    </p>
   </div>
   <div class='ocr_carea' id='block_1_88' title="bbox 2197 3177 3775 3253">
    <p class='ocr_par' dir='ltr' id='par_1_88' title="bbox 2197 3177 3775 3253">
     <span class='ocr_line' id='line_1_88' title="bbox 2197 3177 3775 3253; baseline -0.003 -20"><span class='ocrx_word' id='word_1_680' title='bbox 2197 3180 2252 3234; x_wconf 83' lang='grc' dir='ltr'>δὲ</span> <span class='ocrx_word' id='word_1_681' title='bbox 2279 3198 2346 3235; x_wconf 88' lang='grc' dir='ltr'><strong>πε</strong></span> <span class='ocrx_word' id='word_1_682' title='bbox 2356 3182 2407 3252; x_wconf 67' lang='grc' dir='ltr'>ρὶ</span> <span class='ocrx_word' id='word_1_683' title='bbox 2427 3181 2717 3252; x_wconf 78' lang='grc' dir='ltr'>συνηθείας</span> <span class='ocrx_word' id='word_1_684' title='bbox 2738 3182 2870 3253; x_wconf 79' lang='grc' dir='ltr'>φησὶ</span> <span class='ocrx_word' id='word_1_685' title='bbox 2886 3184 2979 3235; x_wconf 68' lang='grc' dir='ltr'>καὶ</span> <span class='ocrx_word' id='word_1_686' title='bbox 2993 3180 3143 3249; x_wconf 84' lang='grc' dir='ltr'>λέγει</span> <span class='ocrx_word' id='word_1_687' title='bbox 3162 3181 3244 3234; x_wconf 86' lang='grc' dir='ltr'>ὅτι</span> <span class='ocrx_word' id='word_1_688' title='bbox 3261 3180 3448 3233; x_wconf 79' lang='grc' dir='ltr'>καινὸν</span> <span class='ocrx_word' id='word_1_689' title='bbox 3458 3180 3568 3233; x_wconf 83' lang='grc' dir='ltr'>οὐκ</span> <span class='ocrx_word' id='word_1_690' title='bbox 3589 3177 3775 3242; x_wconf 78' lang='grc' dir='ltr'>εἰσάγει</span> 
     </span>
    </p>
   </div>
   <div class='ocr_carea' id='block_1_89' title="bbox 2198 3268 3776 3345">
    <p class='ocr_par' dir='ltr' id='par_1_89' title="bbox 2198 3268 3776 3345">
     <span class='ocr_line' id='line_1_89' title="bbox 2198 3268 3776 3345; baseline -0.002 -21"><span class='ocrx_word' id='word_1_691' title='bbox 2198 3273 2426 3344; x_wconf 84' lang='grc' dir='ltr'>νόμιμον</span> <span class='ocrx_word' id='word_1_692' title='bbox 2498 3275 2531 3345; x_wconf 82' lang='grc' dir='ltr'>ἠ</span> <span class='ocrx_word' id='word_1_693' title='bbox 2597 3273 2858 3344; x_wconf 87' lang='grc' dir='ltr'>συνήθεια</span> <span class='ocrx_word' id='word_1_694' title='bbox 2924 3278 2972 3326; x_wconf 87' lang='grc' dir='ltr'>εῑ</span> <span class='ocrx_word' id='word_1_695' title='bbox 3032 3271 3250 3343; x_wconf 89' lang='grc' dir='ltr'>παλαιῷ</span> <span class='ocrx_word' id='word_1_696' title='bbox 3308 3289 3415 3325; x_wconf 86' lang='grc' dir='ltr'>τινι</span> <span class='ocrx_word' id='word_1_697' title='bbox 3469 3272 3627 3343; x_wconf 81' lang='grc' dir='ltr'>νόμῳ</span> <span class='ocrx_word' id='word_1_698' title='bbox 3687 3268 3776 3339; x_wconf 78' lang='grc' dir='ltr'>μά·</span> 
     </span>
    </p>
   </div>
   <div class='ocr_carea' id='block_1_90' title="bbox 2200 3362 3774 3436">
    <p class='ocr_par' dir='ltr' id='par_1_90' title="bbox 2200 3362 3774 3436">
     <span class='ocr_line' id='line_1_90' title="bbox 2200 3362 3774 3436; baseline -0.001 -19"><span class='ocrx_word' id='word_1_699' title='bbox 2200 3382 2384 3435; x_wconf 82' lang='grc' dir='ltr'>χηται,</span> <span class='ocrx_word' id='word_1_700' title='bbox 2453 3365 2713 3436; x_wconf 84' lang='grc' dir='ltr'>νομίμῳ,</span> <span class='ocrx_word' id='word_1_701' title='bbox 2798 3365 2860 3419; x_wconf 77' lang='grc' dir='ltr'>οὐ</span> <span class='ocrx_word' id='word_1_702' title='bbox 2948 3366 3046 3435; x_wconf 82' lang='grc' dir='ltr'>μὲν</span> <span class='ocrx_word' id='word_1_703' title='bbox 3115 3364 3375 3429; x_wconf 81' lang='grc' dir='ltr'>ἐναντίως</span> <span class='ocrx_word' id='word_1_704' title='bbox 3468 3362 3774 3436; x_wconf 75' lang='grc' dir='ltr'>κεχρῆσθαι.</span> 
     </span>
    </p>
   </div>
   <div class='ocr_carea' id='block_1_91' title="bbox 2199 3453 3775 3530">
    <p class='ocr_par' dir='ltr' id='par_1_91' title="bbox 2199 3453 3775 3530">
     <span class='ocr_line' id='line_1_91' title="bbox 2199 3453 3775 3530; baseline 0 -21"><span class='ocrx_word' id='word_1_705' title='bbox 2199 3457 2438 3512; x_wconf 80' lang='grc' dir='ltr'>Δυνατὸν</span> <span class='ocrx_word' id='word_1_706' title='bbox 2475 3457 2575 3528; x_wconf 85' lang='grc' dir='ltr'>μὲν</span> <span class='ocrx_word' id='word_1_707' title='bbox 2598 3456 2706 3530; x_wconf 84' lang='grc' dir='ltr'><strong>γάρ</strong></span> <span class='ocrx_word' id='word_1_708' title='bbox 2732 3458 2799 3511; x_wconf 87' lang='grc' dir='ltr'><strong>ἐκ</strong></span> <span class='ocrx_word' id='word_1_709' title='bbox 2832 3458 2932 3529; x_wconf 86' lang='grc' dir='ltr'>τῆς</span> <span class='ocrx_word' id='word_1_710' title='bbox 2959 3457 3292 3526; x_wconf 86' lang='grc' dir='ltr'>ἀσυνηθείας</span> <span class='ocrx_word' id='word_1_711' title='bbox 3346 3456 3422 3528; x_wconf 86' lang='grc' dir='ltr'>μὴ</span> <span class='ocrx_word' id='word_1_712' title='bbox 3465 3453 3775 3527; x_wconf 79' lang='grc' dir='ltr'>κεχρῆσθαι.</span> 
     </span>
    </p>
   </div>
   <div class='ocr_carea' id='block_1_92' title="bbox 2201 3548 3776 3624">
    <p class='ocr_par' dir='ltr' id='par_1_92' title="bbox 2201 3548 3776 3624">
     <span class='ocr_line' id='line_1_92' title="bbox 2201 3548 3776 3624; baseline -0.001 -21"><span class='ocrx_word' id='word_1_713' title='bbox 2201 3551 2513 3623; x_wconf 88' lang='grc' dir='ltr'>Σημείωσαι</span> <span class='ocrx_word' id='word_1_714' title='bbox 2572 3548 2665 3607; x_wconf 84' lang='grc' dir='ltr'><strong>οῦν</strong></span> <span class='ocrx_word' id='word_1_715' title='bbox 2720 3552 2819 3624; x_wconf 83' lang='grc' dir='ltr'>τὴν</span> <span class='ocrx_word' id='word_1_716' title='bbox 2875 3552 3135 3624; x_wconf 80' lang='grc' dir='ltr'>τοιαύτην</span> <span class='ocrx_word' id='word_1_717' title='bbox 3196 3552 3554 3606; x_wconf 85' lang='grc' dir='ltr'>διδασκαλίαν</span> <span class='ocrx_word' id='word_1_718' title='bbox 3590 3549 3776 3620; x_wconf 71' lang='grc' dir='ltr'>ὡραίαν</span> 
     </span>
    </p>
   </div>
   <div class='ocr_carea' id='block_1_93' title="bbox 2200 3640 3769 3717">
    <p class='ocr_par' dir='ltr' id='par_1_93' title="bbox 2200 3640 3769 3717">
     <span class='ocr_line' id='line_1_93' title="bbox 2200 3640 3769 3717; baseline 0.003 -19"><span class='ocrx_word' id='word_1_719' title='bbox 2200 3641 2387 3712; x_wconf 70' lang='grc' dir='ltr'>οὖσαν,</span> <span class='ocrx_word' id='word_1_720' title='bbox 2420 3647 2514 3701; x_wconf 70' lang='grc' dir='ltr'><strong>καὶ</strong></span> <span class='ocrx_word' id='word_1_721' title='bbox 2543 3648 2601 3700; x_wconf 85' lang='grc' dir='ltr'><strong>ἐν</strong></span> <span class='ocrx_word' id='word_1_722' title='bbox 2640 3649 2754 3712; x_wconf 81' lang='grc' dir='ltr'>τοῖς</span> <span class='ocrx_word' id='word_1_723' title='bbox 2782 3647 3158 3717; x_wconf 83' lang='grc' dir='ltr'>δικαστηρίοις</span> <span class='ocrx_word' id='word_1_724' title='bbox 3178 3646 3583 3716; x_wconf 75' lang='grc' dir='ltr'>συχνάζουσαν.</span> <span class='ocrx_word' id='word_1_725' title='bbox 3623 3644 3683 3697; x_wconf 84' lang='grc' dir='ltr'><strong>Ἦ</strong></span> <span class='ocrx_word' id='word_1_726' title='bbox 3713 3640 3769 3702; x_wconf 80' lang='grc' dir='ltr'><strong>α’.</strong></span> 
     </span>
    </p>
   </div>
   <div class='ocr_carea' id='block_1_94' title="bbox 2205 3734 3774 3809">
    <p class='ocr_par' dir='ltr' id='par_1_94' title="bbox 2205 3734 3774 3809">
     <span class='ocr_line' id='line_1_94' title="bbox 2205 3734 3774 3809; baseline -0.006 -12"><span class='ocrx_word' id='word_1_727' title='bbox 2205 3739 2247 3808; x_wconf 79' lang='grc' dir='ltr'><strong>β’</strong></span> <span class='ocrx_word' id='word_1_728' title='bbox 2279 3742 2373 3792; x_wconf 76' lang='grc' dir='ltr'>καὶ</span> <span class='ocrx_word' id='word_1_729' title='bbox 2393 3738 2440 3808; x_wconf 86' lang='grc' dir='ltr'>γ’</span> <span class='ocrx_word' id='word_1_730' title='bbox 2469 3739 2712 3806; x_wconf 81' lang='grc' dir='ltr'>διάταξις</span> <span class='ocrx_word' id='word_1_731' title='bbox 2737 3739 2830 3794; x_wconf 87' lang='grc' dir='ltr'><strong>τοῦ</strong></span> <span class='ocrx_word' id='word_1_732' title='bbox 2864 3738 2940 3809; x_wconf 87' lang='grc' dir='ltr'>νβ’</span> <span class='ocrx_word' id='word_1_733' title='bbox 2965 3740 3073 3793; x_wconf 88' lang='grc' dir='ltr'>τίτ.</span> <span class='ocrx_word' id='word_1_734' title='bbox 3096 3738 3191 3792; x_wconf 88' lang='grc' dir='ltr'><strong>τοῦ</strong></span> <span class='ocrx_word' id='word_1_735' title='bbox 3214 3737 3263 3809; x_wconf 89' lang='grc' dir='ltr'>η’</span> <span class='ocrx_word' id='word_1_736' title='bbox 3306 3738 3517 3809; x_wconf 72' lang='grc' dir='ltr'>βιϐλίου</span> <span class='ocrx_word' id='word_1_737' title='bbox 3544 3737 3637 3791; x_wconf 82' lang='grc' dir='ltr'><strong>τοῦ</strong></span> <span class='ocrx_word' id='word_1_738' title='bbox 3667 3734 3774 3788; x_wconf 84' lang='grc' dir='ltr'><strong>Κώ-</strong></span> 
     </span>
    </p>
   </div>
   <div class='ocr_carea' id='block_1_95' title="bbox 2201 3827 3773 3902">
    <p class='ocr_par' dir='ltr' id='par_1_95' title="bbox 2201 3827 3773 3902">
     <span class='ocr_line' id='line_1_95' title="bbox 2201 3827 3773 3902; baseline 0.001 -15"><span class='ocrx_word' id='word_1_739' title='bbox 2201 3834 2370 3898; x_wconf 88' lang='grc' dir='ltr'>δικος,</span> <span class='ocrx_word' id='word_1_740' title='bbox 2405 3834 2504 3887; x_wconf 80' lang='grc' dir='ltr'>οὐκ</span> <span class='ocrx_word' id='word_1_741' title='bbox 2530 3833 2689 3901; x_wconf 80' lang='grc' dir='ltr'>ἐτέθη</span> <span class='ocrx_word' id='word_1_742' title='bbox 2719 3834 2798 3896; x_wconf 83' lang='grc' dir='ltr'><strong>είς</strong></span> <span class='ocrx_word' id='word_1_743' title='bbox 2832 3832 2900 3886; x_wconf 70' lang='grc' dir='ltr'>τὰ</span> <span class='ocrx_word' id='word_1_744' title='bbox 2926 3832 3212 3887; x_wconf 87' lang='grc' dir='ltr'>Βασιλικά.</span> <span class='ocrx_word' id='word_1_745' title='bbox 3247 3831 3313 3885; x_wconf 82' lang='grc' dir='ltr'><strong>Ἦ</strong></span> <span class='ocrx_word' id='word_1_746' title='bbox 3344 3831 3401 3884; x_wconf 86' lang='grc' dir='ltr'>δὲ</span> <span class='ocrx_word' id='word_1_747' title='bbox 3441 3830 3523 3902; x_wconf 80' lang='grc' dir='ltr'>ρβ¹</span> <span class='ocrx_word' id='word_1_748' title='bbox 3550 3827 3773 3893; x_wconf 80' lang='grc' dir='ltr'>διάταξις</span> 
     </span>
    </p>
   </div>
   <div class='ocr_carea' id='block_1_96' title="bbox 2201 3915 3773 3996">
    <p class='ocr_par' dir='ltr' id='par_1_96' title="bbox 2201 3915 3773 3996">
     <span class='ocr_line' id='line_1_96' title="bbox 2201 3915 3773 3996; baseline -0.004 -15"><span class='ocrx_word' id='word_1_749' title='bbox 2201 3926 2297 3981; x_wconf 85' lang='grc' dir='ltr'><strong>τοῦ</strong></span> <span class='ocrx_word' id='word_1_750' title='bbox 2325 3924 2389 3991; x_wconf 79' lang='grc' dir='ltr'><strong>ιζ’</strong></span> <span class='ocrx_word' id='word_1_751' title='bbox 2419 3926 2523 3981; x_wconf 86' lang='grc' dir='ltr'>τίτ.</span> <span class='ocrx_word' id='word_1_752' title='bbox 2554 3926 2647 3980; x_wconf 86' lang='grc' dir='ltr'><strong>τοῦ</strong></span> <span class='ocrx_word' id='word_1_753' title='bbox 2675 3924 2717 3980; x_wconf 81' lang='grc' dir='ltr'>ν’</span> <span class='ocrx_word' id='word_1_754' title='bbox 2744 3925 2949 3996; x_wconf 77' lang='grc' dir='ltr'>βιϐλίου</span> <span class='ocrx_word' id='word_1_755' title='bbox 2975 3924 3071 3977; x_wconf 91' lang='grc' dir='ltr'><strong>τοῦ</strong></span> <span class='ocrx_word' id='word_1_756' title='bbox 3103 3923 3350 3987; x_wconf 81' lang='grc' dir='ltr'>Κὼδικός</span> <span class='ocrx_word' id='word_1_757' title='bbox 3376 3926 3491 3977; x_wconf 84' lang='grc' dir='ltr'>ἐστι</span> <span class='ocrx_word' id='word_1_758' title='bbox 3520 3940 3643 3991; x_wconf 86' lang='grc' dir='ltr'>κεφ.</span> <span class='ocrx_word' id='word_1_759' title='bbox 3668 3915 3773 3991; x_wconf 71' lang='grc' dir='ltr'>οτι-γ’</span> 
     </span>
    </p>
   </div>
   <div class='ocr_carea' id='block_1_97' title="bbox 2209 4014 3771 4090">
    <p class='ocr_par' dir='ltr' id='par_1_97' title="bbox 2209 4014 3771 4090">
     <span class='ocr_line' id='line_1_97' title="bbox 2209 4014 3771 4090; baseline -0.006 -16"><span class='ocrx_word' id='word_1_760' title='bbox 2209 4019 2304 4074; x_wconf 89' lang='grc' dir='ltr'><strong>τοῦ</strong></span> <span class='ocrx_word' id='word_1_761' title='bbox 2328 4017 2377 4089; x_wconf 85' lang='grc' dir='ltr'>γ’</span> <span class='ocrx_word' id='word_1_762' title='bbox 2408 4019 2516 4075; x_wconf 87' lang='grc' dir='ltr'>τίτ.</span> <span class='ocrx_word' id='word_1_763' title='bbox 2551 4018 2645 4073; x_wconf 88' lang='grc' dir='ltr'><strong>τοῦ</strong></span> <span class='ocrx_word' id='word_1_764' title='bbox 2676 4017 2721 4090; x_wconf 84' lang='grc' dir='ltr'><strong>β’</strong></span> <span class='ocrx_word' id='word_1_765' title='bbox 2751 4017 2956 4090; x_wconf 81' lang='grc' dir='ltr'>βιϐλίου</span> <span class='ocrx_word' id='word_1_766' title='bbox 2976 4017 3085 4072; x_wconf 84' lang='grc' dir='ltr'><strong>τῶν</strong></span> <span class='ocrx_word' id='word_1_767' title='bbox 3117 4015 3422 4073; x_wconf 82' lang='grc' dir='ltr'>Βασιλικῶν</span> <span class='ocrx_word' id='word_1_768' title='bbox 3452 4014 3579 4087; x_wconf 78' lang='grc' dir='ltr'>ἕχον</span> <span class='ocrx_word' id='word_1_769' title='bbox 3599 4014 3771 4073; x_wconf 76' lang='grc' dir='ltr'>οὕτως·</span> 
     </span>
    </p>
   </div>
   <div class='ocr_carea' id='block_1_98' title="bbox 2204 4104 3773 4185">
    <p class='ocr_par' dir='ltr' id='par_1_98' title="bbox 2204 4104 3773 4185">
     <span class='ocr_line' id='line_1_98' title="bbox 2204 4104 3773 4185; baseline -0.003 -19"><span class='ocrx_word' id='word_1_770' title='bbox 2204 4113 2497 4185; x_wconf 84' lang='grc' dir='ltr'>Δυσχερῶς</span> <span class='ocrx_word' id='word_1_771' title='bbox 2548 4112 2668 4183; x_wconf 81' lang='grc' dir='ltr'>μὲν,</span> <span class='ocrx_word' id='word_1_772' title='bbox 2712 4113 2863 4181; x_wconf 79' lang='grc' dir='ltr'>ὅμως</span> <span class='ocrx_word' id='word_1_773' title='bbox 2913 4110 2971 4164; x_wconf 87' lang='grc' dir='ltr'><strong>δέ</strong></span> <span class='ocrx_word' id='word_1_774' title='bbox 3034 4108 3131 4163; x_wconf 84' lang='grc' dir='ltr'><strong>τοῦ</strong></span> <span class='ocrx_word' id='word_1_775' title='bbox 3184 4107 3391 4162; x_wconf 89' lang='grc' dir='ltr'>δικαίου</span> <span class='ocrx_word' id='word_1_776' title='bbox 3437 4104 3773 4162; x_wconf 77' lang='grc' dir='ltr'>ἀπαιτοῦντος</span> 
     </span>
    </p>
   </div>
   <div class='ocr_carea' id='block_1_99' title="bbox 2203 4195 3771 4275">
    <p class='ocr_par' dir='ltr' id='par_1_99' title="bbox 2203 4195 3771 4275">
     <span class='ocr_line' id='line_1_99' title="bbox 2203 4195 3771 4275; baseline -0.01 -16"><span class='ocrx_word' id='word_1_777' title='bbox 2203 4206 2604 4275; x_wconf 78' lang='grc' dir='ltr'>ἐναλλάσσομεν</span> <span class='ocrx_word' id='word_1_778' title='bbox 2646 4204 2747 4275; x_wconf 79' lang='grc' dir='ltr'>τὴν</span> <span class='ocrx_word' id='word_1_779' title='bbox 2792 4201 3099 4274; x_wconf 85' lang='grc' dir='ltr'>συνήθειαν.</span> <span class='ocrx_word' id='word_1_780' title='bbox 3137 4200 3285 4271; x_wconf 79' lang='grc' dir='ltr'>Πλὴν</span> <span class='ocrx_word' id='word_1_781' title='bbox 3316 4200 3381 4253; x_wconf 77' lang='grc' dir='ltr'>σὺ</span> <span class='ocrx_word' id='word_1_782' title='bbox 3419 4198 3512 4251; x_wconf 85' lang='grc' dir='ltr'>τὸν</span> <span class='ocrx_word' id='word_1_783' title='bbox 3559 4195 3771 4250; x_wconf 85' lang='grc' dir='ltr'>τοιοῦτον</span> 
     </span>
    </p>
   </div>
   <div class='ocr_carea' id='block_1_100' title="bbox 2204 4289 3771 4370">
    <p class='ocr_par' dir='ltr' id='par_1_100' title="bbox 2204 4289 3771 4370">
     <span class='ocr_line' id='line_1_100' title="bbox 2204 4289 3771 4370; baseline -0.008 -17"><span class='ocrx_word' id='word_1_784' title='bbox 2204 4300 2370 4370; x_wconf 78' lang='grc' dir='ltr'>νόμον</span> <span class='ocrx_word' id='word_1_785' title='bbox 2397 4299 2670 4369; x_wconf 78' lang='grc' dir='ltr'>ἐρμήνευε</span> <span class='ocrx_word' id='word_1_786' title='bbox 2705 4297 2849 4351; x_wconf 83' lang='grc' dir='ltr'><strong>κατά</strong></span> <span class='ocrx_word' id='word_1_787' title='bbox 2892 4296 3019 4357; x_wconf 84' lang='grc' dir='ltr'>τοὺς</span> <span class='ocrx_word' id='word_1_788' title='bbox 3050 4292 3276 4347; x_wconf 76' lang='grc' dir='ltr'>ὄπισθεν</span> <span class='ocrx_word' id='word_1_789' title='bbox 3303 4289 3771 4361; x_wconf 82' lang='grc' dir='ltr'>καταστρωθέντας</span> 
     </span>
    </p>
   </div>
   <div class='ocr_carea' id='block_1_101' title="bbox 2205 4381 3769 4463">
    <p class='ocr_par' dir='ltr' id='par_1_101' title="bbox 2205 4381 3769 4463">
     <span class='ocr_line' id='line_1_101' title="bbox 2205 4381 3769 4463; baseline -0.011 -16"><span class='ocrx_word' id='word_1_790' title='bbox 2205 4394 2426 4463; x_wconf 82' lang='grc' dir='ltr'>νόμους,</span> <span class='ocrx_word' id='word_1_791' title='bbox 2458 4394 2626 4463; x_wconf 68' lang='grc' dir='ltr'>ἤγουν</span> <span class='ocrx_word' id='word_1_792' title='bbox 2653 4391 2807 4463; x_wconf 85' lang='grc' dir='ltr'>ἐντῷ</span> <span class='ocrx_word' id='word_1_793' title='bbox 2840 4388 3081 4461; x_wconf 78' lang='grc' dir='ltr'>παρόντι</span> <span class='ocrx_word' id='word_1_794' title='bbox 3105 4386 3153 4457; x_wconf 84' lang='grc' dir='ltr'>γ’</span> <span class='ocrx_word' id='word_1_795' title='bbox 3187 4405 3338 4455; x_wconf 86' lang='grc' dir='ltr'>κεφ.,</span> <span class='ocrx_word' id='word_1_796' title='bbox 3374 4387 3471 4439; x_wconf 72' lang='grc' dir='ltr'>καὶ</span> <span class='ocrx_word' id='word_1_797' title='bbox 3502 4385 3630 4454; x_wconf 87' lang='grc' dir='ltr'>λέγε</span> <span class='ocrx_word' id='word_1_798' title='bbox 3671 4381 3769 4435; x_wconf 74' lang='grc' dir='ltr'>τότε</span> 
     </span>
    </p>
   </div>
   <div class='ocr_carea' id='block_1_102' title="bbox 2205 4478 3771 4558">
    <p class='ocr_par' dir='ltr' id='par_1_102' title="bbox 2205 4478 3771 4558">
     <span class='ocr_line' id='line_1_102' title="bbox 2205 4478 3771 4558; baseline -0.008 -18"><span class='ocrx_word' id='word_1_799' title='bbox 2205 4488 2303 4558; x_wconf 73' lang='grc' dir='ltr'>τὴν</span> <span class='ocrx_word' id='word_1_800' title='bbox 2339 4486 2559 4558; x_wconf 77' lang='grc' dir='ltr'>μακράν</span> <span class='ocrx_word' id='word_1_801' title='bbox 2614 4485 2904 4557; x_wconf 82' lang='grc' dir='ltr'>συνήθειαν</span> <span class='ocrx_word' id='word_1_802' title='bbox 2932 4481 3359 4537; x_wconf 85' lang='grc' dir='ltr'>ἐναλλάσσεσθαι</span> <span class='ocrx_word' id='word_1_803' title='bbox 3390 4480 3479 4534; x_wconf 88' lang='grc' dir='ltr'><strong>διά</strong></span> <span class='ocrx_word' id='word_1_804' title='bbox 3514 4497 3566 4533; x_wconf 87' lang='grc' dir='ltr'><strong>τι</strong></span> <span class='ocrx_word' id='word_1_805' title='bbox 3604 4478 3771 4550; x_wconf 79' lang='grc' dir='ltr'>χρήσι-</span> 
     </span>
    </p>
   </div>
   <div class='ocr_carea' id='block_1_103' title="bbox 2212 4568 3769 4649">
    <p class='ocr_par' dir='ltr' id='par_1_103' title="bbox 2212 4568 3769 4649">
     <span class='ocr_line' id='line_1_103' title="bbox 2212 4568 3769 4649; baseline -0.006 -18"><span class='ocrx_word' id='word_1_806' title='bbox 2212 4595 2310 4649; x_wconf 91' lang='grc' dir='ltr'><strong>μον</strong></span> <span class='ocrx_word' id='word_1_807' title='bbox 2338 4580 2428 4633; x_wconf 83' lang='grc' dir='ltr'>ὅτε</span> <span class='ocrx_word' id='word_1_808' title='bbox 2480 4578 2554 4648; x_wconf 81' lang='grc' dir='ltr'>μὴ</span> <span class='ocrx_word' id='word_1_809' title='bbox 2607 4576 2881 4647; x_wconf 78' lang='grc' dir='ltr'>βεὸαιωθῇ</span> <span class='ocrx_word' id='word_1_810' title='bbox 2915 4575 3054 4646; x_wconf 76' lang='grc' dir='ltr'>αὑτὴ</span> <span class='ocrx_word' id='word_1_811' title='bbox 3098 4577 3155 4628; x_wconf 85' lang='grc' dir='ltr'><strong>ἐν</strong></span> <span class='ocrx_word' id='word_1_812' title='bbox 3182 4574 3543 4644; x_wconf 83' lang='grc' dir='ltr'>δικαστηρίῳ,</span> <span class='ocrx_word' id='word_1_813' title='bbox 3594 4571 3684 4625; x_wconf 69' lang='grc' dir='ltr'>καὶ</span> <span class='ocrx_word' id='word_1_814' title='bbox 3709 4568 3769 4629; x_wconf 75' lang='grc' dir='ltr'>ὡς</span> 
     </span>
    </p>
   </div>
   <div class='ocr_carea' id='block_1_104' title="bbox 2208 4660 3771 4739">
    <p class='ocr_par' dir='ltr' id='par_1_104' title="bbox 2208 4660 3771 4739">
     <span class='ocr_line' id='line_1_104' title="bbox 2208 4660 3771 4739; baseline -0.007 -18"><span class='ocrx_word' id='word_1_815' title='bbox 2208 4669 2371 4739; x_wconf 82' lang='grc' dir='ltr'>νόμος</span> <span class='ocrx_word' id='word_1_816' title='bbox 2392 4668 2669 4738; x_wconf 79' lang='grc' dir='ltr'>ἔγγραφος</span> <span class='ocrx_word' id='word_1_817' title='bbox 2694 4669 2985 4739; x_wconf 80' lang='grc' dir='ltr'>κρατήσει.</span> <span class='ocrx_word' id='word_1_818' title='bbox 3009 4667 3108 4720; x_wconf 85' lang='grc' dir='ltr'>Διά</span> <span class='ocrx_word' id='word_1_819' title='bbox 3138 4666 3246 4736; x_wconf 80' lang='grc' dir='ltr'><strong>γάρ</strong></span> <span class='ocrx_word' id='word_1_820' title='bbox 3267 4665 3429 4719; x_wconf 89' lang='grc' dir='ltr'>τοῦτο</span> <span class='ocrx_word' id='word_1_821' title='bbox 3446 4664 3543 4716; x_wconf 70' lang='grc' dir='ltr'>καὶ</span> <span class='ocrx_word' id='word_1_822' title='bbox 3567 4660 3771 4715; x_wconf 86' lang='grc' dir='ltr'>ἐνταῦθα</span> 
     </span>
    </p>
   </div>
   <div class='ocr_carea' id='block_1_105' title="bbox 2206 4753 3769 4834">
    <p class='ocr_par' dir='ltr' id='par_1_105' title="bbox 2206 4753 3769 4834">
     <span class='ocr_line' id='line_1_105' title="bbox 2206 4753 3769 4834; baseline -0.008 -19"><span class='ocrx_word' id='word_1_823' title='bbox 2206 4760 2526 4834; x_wconf 81' lang='grc' dir='ltr'>προσέθετο,</span> <span class='ocrx_word' id='word_1_824' title='bbox 2570 4761 2632 4815; x_wconf 82' lang='grc' dir='ltr'>τὸ</span> <span class='ocrx_word' id='word_1_825' title='bbox 2663 4761 2944 4831; x_wconf 81' lang='grc' dir='ltr'>δυσχερῶς</span> <span class='ocrx_word' id='word_1_826' title='bbox 2994 4760 3114 4829; x_wconf 84' lang='grc' dir='ltr'>μὲν,</span> <span class='ocrx_word' id='word_1_827' title='bbox 3148 4760 3300 4829; x_wconf 83' lang='grc' dir='ltr'>ὅμως</span> <span class='ocrx_word' id='word_1_828' title='bbox 3342 4757 3400 4811; x_wconf 82' lang='grc' dir='ltr'>δὲ</span> <span class='ocrx_word' id='word_1_829' title='bbox 3438 4756 3534 4812; x_wconf 81' lang='grc' dir='ltr'><strong>τοῦ</strong></span> <span class='ocrx_word' id='word_1_830' title='bbox 3587 4753 3769 4809; x_wconf 85' lang='grc' dir='ltr'>δικαίου</span> 
     </span>
    </p>
   </div>
   <div class='ocr_carea' id='block_1_106' title="bbox 2207 4848 3769 4924">
    <p class='ocr_par' dir='ltr' id='par_1_106' title="bbox 2207 4848 3769 4924">
     <span class='ocr_line' id='line_1_106' title="bbox 2207 4848 3769 4924; baseline -0.008 -12"><span class='ocrx_word' id='word_1_831' title='bbox 2207 4855 2570 4922; x_wconf 79' lang='grc' dir='ltr'>ἀπαιτοῦντος</span> <span class='ocrx_word' id='word_1_832' title='bbox 2629 4855 3032 4924; x_wconf 82' lang='grc' dir='ltr'>ἐναλλάσσομεν</span> <span class='ocrx_word' id='word_1_833' title='bbox 3084 4853 3182 4924; x_wconf 80' lang='grc' dir='ltr'>τὴν</span> <span class='ocrx_word' id='word_1_834' title='bbox 3244 4851 3557 4922; x_wconf 78' lang='grc' dir='ltr'>συνήθειαν.</span> <span class='ocrx_word' id='word_1_835' title='bbox 3615 4848 3769 4916; x_wconf 83' lang='grc' dir='ltr'>Νόμος</span> 
     </span>
    </p>
   </div>
   <div class='ocr_carea' id='block_1_107' title="bbox 2208 4942 3771 5023">
    <p class='ocr_par' dir='ltr' id='par_1_107' title="bbox 2208 4942 3771 5023">
     <span class='ocr_line' id='line_1_107' title="bbox 2208 4942 3771 5023; baseline -0.011 -16"><span class='ocrx_word' id='word_1_836' title='bbox 2208 4950 2457 5023; x_wconf 80' lang='grc' dir='ltr'>ἄγραφος</span> <span class='ocrx_word' id='word_1_837' title='bbox 2480 4950 2580 5004; x_wconf 77' lang='grc' dir='ltr'>οὐκ</span> <span class='ocrx_word' id='word_1_838' title='bbox 2612 4949 2726 5003; x_wconf 78' lang='grc' dir='ltr'>ἔστι</span> <span class='ocrx_word' id='word_1_839' title='bbox 2767 4947 3137 5018; x_wconf 79' lang='grc' dir='ltr'>διοριζόμενος</span> <span class='ocrx_word' id='word_1_840' title='bbox 3163 4944 3262 5014; x_wconf 79' lang='grc' dir='ltr'>τὴν</span> <span class='ocrx_word' id='word_1_841' title='bbox 3302 4943 3565 4998; x_wconf 74' lang='grc' dir='ltr'>θέλουσαν</span> <span class='ocrx_word' id='word_1_842' title='bbox 3592 4942 3771 4995; x_wconf 82' lang='grc' dir='ltr'>ἀποκα·</span> 
     </span>
    </p>
   </div>
   <div class='ocr_carea' id='block_1_108' title="bbox 2211 5029 3771 5117">
    <p class='ocr_par' dir='ltr' id='par_1_108' title="bbox 2211 5029 3771 5117">
     <span class='ocr_line' id='line_1_108' title="bbox 2211 5029 3771 5117; baseline -0.01 -19"><span class='ocrx_word' id='word_1_843' title='bbox 2211 5043 2373 5117; x_wconf 82' lang='grc' dir='ltr'>ρῆναι</span> <span class='ocrx_word' id='word_1_844' title='bbox 2404 5043 2496 5097; x_wconf 80' lang='grc' dir='ltr'>καὶ</span> <span class='ocrx_word' id='word_1_845' title='bbox 2525 5040 2845 5112; x_wconf 82' lang='grc' dir='ltr'>διαζυγῆναι</span> <span class='ocrx_word' id='word_1_846' title='bbox 2865 5038 2959 5092; x_wconf 89' lang='grc' dir='ltr'><strong>τοῦ</strong></span> <span class='ocrx_word' id='word_1_847' title='bbox 2987 5039 3191 5091; x_wconf 76' lang='grc' dir='ltr'>οἰκείου</span> <span class='ocrx_word' id='word_1_848' title='bbox 3212 5036 3405 5109; x_wconf 81' lang='grc' dir='ltr'>ἀνδρὸς</span> <span class='ocrx_word' id='word_1_849' title='bbox 3429 5036 3506 5107; x_wconf 78' lang='grc' dir='ltr'>μὴ</span> <span class='ocrx_word' id='word_1_850' title='bbox 3537 5029 3771 5088; x_wconf 81' lang='grc' dir='ltr'>άπεντεῦ·</span> 
     </span>
    </p>
   </div>
   <div class='ocr_carea' id='block_1_109' title="bbox 2210 5125 3770 5207">
    <p class='ocr_par' dir='ltr' id='par_1_109' title="bbox 2210 5125 3770 5207">
     <span class='ocr_line' id='line_1_109' title="bbox 2210 5125 3770 5207; baseline -0.011 -16"><span class='ocrx_word' id='word_1_851' title='bbox 2210 5136 2301 5191; x_wconf 89' lang='grc' dir='ltr'><strong>θεν</strong></span> <span class='ocrx_word' id='word_1_852' title='bbox 2337 5134 2751 5207; x_wconf 80' lang='grc' dir='ltr'>ἀποκείρεσθαι,</span> <span class='ocrx_word' id='word_1_853' title='bbox 2796 5132 2911 5188; x_wconf 88' lang='grc' dir='ltr'>ἀλλ’</span> <span class='ocrx_word' id='word_1_854' title='bbox 2954 5135 3034 5196; x_wconf 84' lang='grc' dir='ltr'><strong>είς</strong></span> <span class='ocrx_word' id='word_1_855' title='bbox 3079 5131 3445 5201; x_wconf 82' lang='grc' dir='ltr'>μοναστήριον</span> <span class='ocrx_word' id='word_1_856' title='bbox 3492 5125 3770 5195; x_wconf 75' lang='grc' dir='ltr'>ἀπάγεσθαι</span> 
     </span>
    </p>
   </div>
   <div class='ocr_carea' id='block_1_110' title="bbox 2210 5221 3769 5300">
    <p class='ocr_par' dir='ltr' id='par_1_110' title="bbox 2210 5221 3769 5300">
     <span class='ocr_line' id='line_1_110' title="bbox 2210 5221 3769 5300; baseline -0.012 -15"><span class='ocrx_word' id='word_1_857' title='bbox 2210 5232 2307 5285; x_wconf 76' lang='grc' dir='ltr'>καὶ</span> <span class='ocrx_word' id='word_1_858' title='bbox 2350 5230 2436 5283; x_wconf 82' lang='grc' dir='ltr'>διὰ</span> <span class='ocrx_word' id='word_1_859' title='bbox 2474 5228 2804 5300; x_wconf 86' lang='grc' dir='ltr'>τριμηναίου</span> <span class='ocrx_word' id='word_1_860' title='bbox 2844 5223 3041 5296; x_wconf 84' lang='grc' dir='ltr'>καιροῦ</span> <span class='ocrx_word' id='word_1_861' title='bbox 3091 5222 3513 5292; x_wconf 77' lang='grc' dir='ltr'>δοκιμάζεσθαι,</span> <span class='ocrx_word' id='word_1_862' title='bbox 3566 5221 3636 5291; x_wconf 86' lang='grc' dir='ltr'>μή</span> <span class='ocrx_word' id='word_1_863' title='bbox 3665 5231 3769 5269; x_wconf 85' lang='grc' dir='ltr'>ποτε</span> 
     </span>
    </p>
   </div>
   <div class='ocr_carea' id='block_1_111' title="bbox 2211 5306 3771 5393">
    <p class='ocr_par' dir='ltr' id='par_1_111' title="bbox 2211 5306 3771 5393">
     <span class='ocr_line' id='line_1_111' title="bbox 2211 5306 3771 5393; baseline -0.01 -16"><span class='ocrx_word' id='word_1_864' title='bbox 2211 5322 2355 5377; x_wconf 88' lang='grc' dir='ltr'><strong>κατά</strong></span> <span class='ocrx_word' id='word_1_865' title='bbox 2387 5322 2695 5393; x_wconf 73' lang='grc' dir='ltr'>ἀψιμαχίαν</span> <span class='ocrx_word' id='word_1_866' title='bbox 2719 5320 2818 5389; x_wconf 85' lang='grc' dir='ltr'>τὴν</span> <span class='ocrx_word' id='word_1_867' title='bbox 2850 5319 3158 5390; x_wconf 86' lang='grc' dir='ltr'>άπόκαρσιν</span> <span class='ocrx_word' id='word_1_868' title='bbox 3185 5315 3509 5389; x_wconf 76' lang='grc' dir='ltr'>ἐξῃτήσατο.</span> <span class='ocrx_word' id='word_1_869' title='bbox 3554 5311 3700 5367; x_wconf 80' lang='grc' dir='ltr'>Ἀλλά</span> <span class='ocrx_word' id='word_1_870' title='bbox 3725 5306 3771 5371; x_wconf 79' lang='grc' dir='ltr'>ἐξ</span> 
     </span>
    </p>
   </div>
   <div class='ocr_carea' id='block_1_112' title="bbox 2210 5402 3770 5487">
    <p class='ocr_par' dir='ltr' id='par_1_112' title="bbox 2210 5402 3770 5487">
     <span class='ocr_line' id='line_1_112' title="bbox 2210 5402 3770 5487; baseline -0.012 -16"><span class='ocrx_word' id='word_1_871' title='bbox 2210 5417 2462 5487; x_wconf 88' lang='grc' dir='ltr'>ἀγράφου</span> <span class='ocrx_word' id='word_1_872' title='bbox 2498 5413 2789 5487; x_wconf 82' lang='grc' dir='ltr'>συνηθείας</span> <span class='ocrx_word' id='word_1_873' title='bbox 2837 5410 3265 5481; x_wconf 83' lang='grc' dir='ltr'>δοκιμασθείσης</span> <span class='ocrx_word' id='word_1_874' title='bbox 3297 5408 3560 5472; x_wconf 83' lang='grc' dir='ltr'>πολλάκις</span> <span class='ocrx_word' id='word_1_875' title='bbox 3589 5407 3673 5460; x_wconf 74' lang='grc' dir='ltr'>ἐπὶ</span> <span class='ocrx_word' id='word_1_876' title='bbox 3706 5402 3770 5455; x_wconf 87' lang='grc' dir='ltr'>δι-</span> 
     </span>
    </p>
   </div>
   <div class='ocr_carea' id='block_1_113' title="bbox 2212 5501 3769 5584">
    <p class='ocr_par' dir='ltr' id='par_1_113' title="bbox 2212 5501 3769 5584">
     <span class='ocr_line' id='line_1_113' title="bbox 2212 5501 3769 5584; baseline -0.005 -17"><span class='ocrx_word' id='word_1_877' title='bbox 2212 5514 2512 5584; x_wconf 80' lang='grc' dir='ltr'>καστηρίου</span> <span class='ocrx_word' id='word_1_878' title='bbox 2559 5514 2653 5567; x_wconf 78' lang='grc' dir='ltr'>καὶ</span> <span class='ocrx_word' id='word_1_879' title='bbox 2706 5508 3099 5581; x_wconf 74' lang='grc' dir='ltr'>βεϐαιωθείσης</span> <span class='ocrx_word' id='word_1_880' title='bbox 3145 5506 3463 5577; x_wconf 86' lang='grc' dir='ltr'>νενόμισται</span> <span class='ocrx_word' id='word_1_881' title='bbox 3506 5503 3581 5576; x_wconf 81' lang='grc' dir='ltr'>μὴ</span> <span class='ocrx_word' id='word_1_882' title='bbox 3625 5501 3769 5559; x_wconf 75' lang='grc' dir='ltr'>ἄλλως</span> 
     </span>
    </p>
   </div>
   <div class='ocr_carea' id='block_1_114' title="bbox 2211 5590 3767 5678">
    <p class='ocr_par' dir='ltr' id='par_1_114' title="bbox 2211 5590 3767 5678">
     <span class='ocr_line' id='line_1_114' title="bbox 2211 5590 3767 5678; baseline -0.008 -18"><span class='ocrx_word' id='word_1_883' title='bbox 2211 5609 2309 5677; x_wconf 84' lang='grc' dir='ltr'>τὴν</span> <span class='ocrx_word' id='word_1_884' title='bbox 2359 5606 2666 5678; x_wconf 83' lang='grc' dir='ltr'>ἀπόκαρσιν</span> <span class='ocrx_word' id='word_1_885' title='bbox 2734 5601 3129 5674; x_wconf 82' lang='grc' dir='ltr'>ἐπιτρέπεσθαι</span> <span class='ocrx_word' id='word_1_886' title='bbox 3172 5600 3273 5669; x_wconf 82' lang='grc' dir='ltr'>τῆς</span> <span class='ocrx_word' id='word_1_887' title='bbox 3323 5598 3585 5668; x_wconf 83' lang='grc' dir='ltr'>γυναικὸς</span> <span class='ocrx_word' id='word_1_888' title='bbox 3628 5596 3671 5648; x_wconf 86' lang='grc' dir='ltr'><strong>εί</strong></span> <span class='ocrx_word' id='word_1_889' title='bbox 3709 5590 3767 5660; x_wconf 82' lang='grc' dir='ltr'>μὴ</span> 
     </span>
    </p>
   </div>
   <div class='ocr_carea' id='block_1_115' title="bbox 2216 5680 3767 5772">
    <p class='ocr_par' dir='ltr' id='par_1_115' title="bbox 2216 5680 3767 5772">
     <span class='ocr_line' id='line_1_115' title="bbox 2216 5680 3767 5772; baseline -0.01 -19"><span class='ocrx_word' id='word_1_890' title='bbox 2216 5700 2354 5772; x_wconf 69' lang='grc' dir='ltr'>μετὰ</span> <span class='ocrx_word' id='word_1_891' title='bbox 2387 5702 2649 5772; x_wconf 84' lang='grc' dir='ltr'>τρίμηνον</span> <span class='ocrx_word' id='word_1_892' title='bbox 2681 5698 3034 5768; x_wconf 79' lang='grc' dir='ltr'>ἐρωτωμένη,</span> <span class='ocrx_word' id='word_1_893' title='bbox 3073 5693 3153 5765; x_wconf 83' lang='grc' dir='ltr'>τῷ</span> <span class='ocrx_word' id='word_1_894' title='bbox 3184 5691 3375 5762; x_wconf 80' lang='grc' dir='ltr'>ἀγαθῷ</span> <span class='ocrx_word' id='word_1_895' title='bbox 3404 5689 3577 5761; x_wconf 83' lang='grc' dir='ltr'>τούτῳ</span> <span class='ocrx_word' id='word_1_896' title='bbox 3610 5680 3767 5751; x_wconf 82' lang='grc' dir='ltr'>σκοπῷ</span> 
     </span>
    </p>
   </div>
   <div class='ocr_carea' id='block_1_116' title="bbox 2212 5779 3767 5865">
    <p class='ocr_par' dir='ltr' id='par_1_116' title="bbox 2212 5779 3767 5865">
     <span class='ocr_line' id='line_1_116' title="bbox 2212 5779 3767 5865; baseline -0.012 -17"><span class='ocrx_word' id='word_1_897' title='bbox 2212 5794 2465 5865; x_wconf 82' lang='grc' dir='ltr'>ἐμμένει.</span> <span class='ocrx_word' id='word_1_898' title='bbox 2501 5794 2611 5847; x_wconf 74' lang='grc' dir='ltr'><strong>Καὶ</strong></span> <span class='ocrx_word' id='word_1_899' title='bbox 2640 5790 3061 5862; x_wconf 76' lang='grc' dir='ltr'>ἐγυμνάσθησαν</span> <span class='ocrx_word' id='word_1_900' title='bbox 3094 5786 3163 5842; x_wconf 78' lang='grc' dir='ltr'><strong>τά</strong></span> <span class='ocrx_word' id='word_1_901' title='bbox 3192 5786 3323 5857; x_wconf 57' lang='grc' dir='ltr'><strong>περὶ⁵</strong></span> <span class='ocrx_word' id='word_1_902' title='bbox 3352 5783 3545 5840; x_wconf 78' lang='grc' dir='ltr'>τούτου</span> <span class='ocrx_word' id='word_1_903' title='bbox 3569 5779 3645 5848; x_wconf 86' lang='grc' dir='ltr'>ἐφ’</span> <span class='ocrx_word' id='word_1_904' title='bbox 3670 5780 3767 5831; x_wconf 73' lang='lat' dir='ltr'><strong>lxa-</strong></span> 
     </span>
    </p>
   </div>
   <div class='ocr_carea' id='block_1_117' title="bbox 2215 5870 3765 5955">
    <p class='ocr_par' dir='ltr' id='par_1_117' title="bbox 2215 5870 3765 5955">
     <span class='ocr_line' id='line_1_117' title="bbox 2215 5870 3765 5955; baseline -0.013 -16"><span class='ocrx_word' id='word_1_905' title='bbox 2215 5885 2422 5940; x_wconf 73' lang='grc' dir='ltr'>νδνέπὶ</span> <span class='ocrx_word' id='word_1_906' title='bbox 2466 5883 2748 5955; x_wconf 77' lang='grc' dir='ltr'>βασιλικοῦ</span> <span class='ocrx_word' id='word_1_907' title='bbox 2796 5883 3063 5953; x_wconf 79' lang='grc' dir='ltr'>βήματος.</span> <span class='ocrx_word' id='word_1_908' title='bbox 3113 5876 3332 5934; x_wconf 85' lang='grc' dir='ltr'>Πολλῶν</span> <span class='ocrx_word' id='word_1_909' title='bbox 3383 5875 3494 5946; x_wconf 80' lang='grc' dir='ltr'><strong>γὰρ</strong></span> <span class='ocrx_word' id='word_1_910' title='bbox 3540 5870 3765 5939; x_wconf 81' lang='grc' dir='ltr'>λεγόντων</span> 
     </span>
    </p>
   </div>
   <div class='ocr_carea' id='block_1_118' title="bbox 3959 3632 3961 3695">
    <p class='ocr_par' dir='ltr' id='par_1_118' title="bbox 3959 3632 3961 3695">
     <span class='ocr_line' id='line_1_118' title="bbox 3959 3632 3961 3695; baseline 0 0"><span class='ocrx_word' id='word_1_911' title='bbox 3959 3632 3961 3695; x_wconf 72' lang='grc'><strong><em>4</em></strong></span> 
     </span>
    </p>
   </div>
  </div>
