4022 6400
170 424 259 490 985
1163 413 1652 482 NOMOCANON.
1680 445 1752 456 -

1855 421 1918 482 Τ.
1956 421 2008 496 I,
2049 420 2208 484 CAP.
2247 421 2346 496 ιν,
2383 421 2451 483 v.
3335 419 3443 486 νει

170 537 376 610 ὀφείλειν
420 534 519 606 τὴν
568 532 802 603 γυναῖκα
851 533 948 589 τοῦ
995 533 1459 610 Πυρρογεωργίου
1518 537 1732 594 ἐκείνου

1846 539 2142 614 [plenique]
2167 539 2364 610 judicii
2396 547 2564 604 esset,
2604 545 2665 594 ut
2708 551 2832 609 quat
2865 535 3031 593 etiam
3066 536 3434 609 quadraginta

169 627 467 687 ἀπεντεῦθεν
504 626 853 700 ἀποκαρῆναι
893 627 982 683 διὰ
1023 627 1104 696 to;
1145 625 1287 684 εἶναι
1321 629 1492 702 αὐτὴν
1521 634 1729 705 φρονή-

1847 648 2012 688 annos
2051 633 2276 688 haberet
2306 650 2320 689 :
2363 648 2428 688 ac
2459 646 2589 688 vero
2620 632 2769 686 nulla
2814 630 2899 686 lex
2932 630 3134 702 scripta
3156 630 3223 688 de
3251 631 3435 688 trime-

171 739 318 796 ματος
345 719 562 789 στερεοῦ
598 719 676 784 ὡς
705 721 802 775 καὶ
838 721 1249 792 τεσσαράκοντα
1297 723 1392 795 ἐτη
1428 723 1614 790 οὖσαν,
1653 725 1729 798 μὴ

1844 725 1932 780 Btri
1961 722 2113 797 [isto]
2153 733 2339 794 ageret
2372 742 2385 778 ι
2413 739 2444 779 a
2491 724 2600 780 Deo
2629 735 2928 780 coronatus
2948 724 3190 794 optimus
3211 731 3267 778 et
3298 737 3432 778 san-

171 815 292 873 εἱναι
315 815 369 869 δὲ
411 814 576 885 νόμον
613 812 894 888 ἔγγραφον
927 815 1088 887 χάριν
1126 815 1222 869 τοῦ
1255 817 1523 889 τριμήνου
1547 821 1577 872 ό
1605 818 1730 872 θεο-

1849 820 1956 866 :tus
2008 821 2196 866 noster
2247 814 2547 881 imperator
2600 813 2818 884 longam
2870 813 3345 880 consuetudinem,
3375 821 3437 870 ut

169 909 368 982 στεφὴς,
417 906 732 978 κράτιστος,
779 908 876 962 καὶ
929 909 1084 977 ἅγιος
1127 909 1284 980 ἡμῶν
1330 910 1588 980 βασιλεὺς
1631 911 1731 983 τὴν

1843 903 2040 959 dictum
2075 913 2181 970 est,
2211 903 2595 966 continuatam
2630 921 2734 976 pro
2768 905 2972 977 scripta
3019 907 3136 976 lege
3163 907 3431 977 suscepit,

170 1002 360 1076 μακρὰν
410 1001 703 1073 συνήθειαν
754 1001 1097 1074 κυρωθεῖσαν
1125 1003 1201 1068 ὼς
1236 1003 1456 1076 εἴρηται
1498 1005 1622 1059 ἀντὶ
1644 1006 1732 1060 νό-

1845 1008 1999 1067 atque
2032 1005 2165 1053 tunc
2220 1002 2476 1068 aequitate
2520 998 2860 1068 postulante,
2893 999 3011 1056 sive
3048 1001 3218 1071 justis
3245 1001 3433 1057 causis

171 1112 257 1162 μου
297 1094 569 1165 ἐγγράφου
620 1093 859 1162 ἐδέξατο,
909 1095 1006 1149 καὶ
1046 1095 1400 1168 σημειώματι
1443 1097 1731 1169 ἐστήριξεν

1839 1090 2154 1162 propositis,
2188 1107 2296 1145 non
2323 1090 2583 1162 scriptam
2621 1093 3077 1148 consuetudinem
3113 1093 3427 1164 transgredi

167 1188 284 1243 ὥστε
313 1188 425 1240 τότε
466 1186 719 1258 ἄγραφος
762 1188 1021 1258 συνήθεια
1069 1190 1472 1259 παραϐαίνεται
1527 1192 1616 1246 τοῦ
1645 1192 1730 1246 δι·

1846 1181 2072 1256 licere],
2106 1184 2330 1254 quando
2383 1183 2629 1255 jmliciali
2669 1186 2941 1241 sententia
2974 1202 3084 1241 non
3135 1194 3220 1242 est
3241 1201 3434 1241 corro-

168 1278 303 1335 καίου
329 1277 715 1346 ἀπαντούντος,
749 1281 920 1352 ἧγουν
942 1281 1136 1334 αἰτιῶν
1166 1283 1544 1354 προκειμένων
1574 1284 1730 1338 εὐλό-

1843 1279 2047 1342 borata,
2079 1278 2284 1348 scripto
2337 1278 2702 1334 conﬁrmavit.
2743 1275 2876 1334 Novi
2923 1289 3106 1335 autem
3148 1295 3257 1335 non
3289 1280 3431 1335 scri-

167 1389 262 1441 γων
283 1372 364 1426 ὅτε
396 1371 471 1443 μὴ
515 1372 820 1446 ἐϐεϐαιώθη
853 1373 946 1444 atat
985 1375 1317 1447 δικαστικῆς
1357 1375 1727 1446 διαγνώσεως.

1847 1381 1981 1444 ptam
2015 1371 2358 1446 [quamdam]
2391 1374 2872 1442 consuetudinem,
2897 1391 3020 1445 quae
3043 1374 3174 1446 quia
3211 1374 3286 1430 ita
3307 1389 3435 1429 cor-

166 1460 298 1518 Εῐδον
326 1464 431 1537 γὰρ
455 1465 550 1519 καὶ
577 1466 830 1536 ἄγραφον
861 1468 1154 1540 συνήθειαν
1191 1470 1265 1540 μὴ
1297 1468 1440 1523 οὕτω
1456 1469 1728 1540 κυρωθεῖ-

1849 1465 2227 1536 roboratalnon
2257 1455 2427 1527 esset,
2467 1464 2750 1536 reprobata
2778 1463 2855 1537 [et
2885 1463 3111 1538 reiecta]
3144 1474 3247 1521 est.
3299 1463 3437 1520 Cum

170 1574 254 1612 σαν
286 1557 660 1630 ἀθετηθεῖσαν.
702 1559 1002 1632 Συνηθείας
1055 1562 1168 1633 γὰρ
1216 1560 1386 1634 οὔσης
1435 1563 1563 1628 τοὺς
1620 1563 1729 1617 ἀπὸ

1851 1560 1979 1613 enim
2059 1558 2230 1614 moris
2303 1559 2547 1626 fuisset,
2624 1569 2684 1614 ut
2752 1558 2846 1630 qui
2903 1574 2969 1614 ex
3041 1557 3201 1614 laicis
3253 1571 3439 1613 sacer-

167 1649 327 1720 ίιρέων
345 1650 565 1716 λαῑκοὺς
591 1652 1055 1722 μονάσαντας.καὶ
1080 1653 1242 1720 ὄντας
1261 1655 1527 1725 πρότερον
1552 1671 1726 1709 κατα-

1846 1651 2050 1707 lotibus
2141 1652 2399 1707 monachi
2471 1651 2601 1708 facti
2667 1662 2873 1718 essent,
2938 1653 3203 1722 quoniam
3272 1650 3434 1720 prius

163 1741 548 1814 γεγραμμένους
579 1783 598 1809 ,
654 1744 734 1808 εἱς
773 1745 1050 1810 διακονίας
1101 1747 1311 1818 ἱερέων,
1340 1747 1436 1800 καὶ
1466 1749 1607 1818 μετά
1637 1746 1728 1800 τὸν

1846 1743 2142 1798 ministerio
2158 1743 2506 1800 sacerdotum
2531 1745 2752 1816 ascripti
2780 1744 3038 1813 fuissent,
3066 1755 3184 1816 post
3219 1743 3434 1816 [susce-

167 1835 345 1906 μονάδα
401 1835 514 1907 βίον
561 1836 644 1908 τῷ
691 1836 802 1892 τῶν
860 1838 1148 1893 διακονιῶν
1209 1839 1722 1910 συγκαταλέγεσθαι

1841 1832 2006 1906 ptam]
2041 1837 2208 1889 vitam
2265 1836 2652 1892 monachicam
2707 1837 2763 1892 in
2799 1852 3032 1909 corpore
3065 1836 3143 1910 [et
3171 1833 3429 1908 collegio]

167 1927 368 1999 σώματι,
398 1929 491 1983 καὶ
524 1929 668 2001 μετὰ
695 1930 902 1985 λαῖκῶν
947 1931 1138 2001 ἱερέων
1180 1933 1722 2005 συναναστρέφεσθαι

1844 1925 2276 1982 ministeriorum
2322 1933 2768 1994 recenserentur,
2801 1940 3006 1984 etcum
3045 1927 3432 1984 sacerdotibus

161 2021 592 2090 όπαναγιώτατος
636 2023 796 2093 ἡμῶν
817 2023 1086 2096 δεσπότης
1126 2025 1318 2096 κύριος
1357 2011 1732 2097 Μιχαὴλ,”ῗιὴν

1853 2018 1988 2074 aicis
2049 2031 2515 2076 conversarentur
2568 2038 2582 2074 :
2640 2021 3191 2078 sacrosanctissimus
3245 2029 3435 2076 noster

165 2115 352 2183 μακρὰν
379 2112 638 2184 τοιαύτην
665 2115 954 2187 συνήθειαν
981 2115 1058 2179 ὡς
1098 2115 1252 2170 οὐδὲν
1281 2115 1595 2184 ἐλογίσατο,
1635 2116 1731 2171 καὶ

1843 2110 1896 2166 D.
1933 2110 2164 2167 Michael
2195 2114 2586 2182 hanclongam
2620 2115 3080 2170 consuetudinem
3115 2130 3217 2186 pro
3254 2113 3431 2169 nihilo

161 2205 416 2276 διωρίσατο
443 2207 552 2260 ἀπὸ
584 2207 766 2279 μόνων
807 2209 1014 2264 λαῖκῶν
1058 2210 1250 2281 ἱερέων
1303 2208 1403 2274 τὰς
1454 2208 1732 2274 διακονίας

1843 2209 2128 2276 reputavit,
2180 2223 2245 2263 ac
2295 2206 2471 2281 [vero]
2531 2207 2792 2276 decrevit,
2835 2218 2894 2264 ut
2942 2224 3007 2264 ex
3069 2209 3224 2265 laicis
3251 2224 3431 2265 sacera

163 2299 499 2366 συνίστασθαι,
537 2302 637 2354 καὶ
673 2302 802 2365 τοὺς
854 2303 1124 2372 μοναχοὺς
1178 2302 1329 2372 παρά
1354 2303 1476 2363 ταῖς
1498 2299 1730 2366 οίκείαις

1842 2296 2053 2353 latibus
2076 2298 2258 2354 solum
2296 2300 2604 2357 ministeria
2637 2301 3127 2368 constituerentur,
3171 2302 3430 2357 monachi

161 2390 506 2461 προσεδρεύειν
539 2394 754 2462 μοναίς.
827 2391 1128 2462 Συνηθείας
1205 2391 1376 2460 οῠσης
1421 2391 1548 2453 τοὺς
1591 2388 1727 2444 Ἰου-

1841 2399 2014 2445 autem
2096 2392 2152 2446 in
2211 2377 2526 2452 recessibus
2579 2396 2696 2451 suis
2754 2395 2964 2452 assidui
3021 2405 3227 2451 essent.
3289 2394 3429 2452 Cum

160 2480 310 2547 datae;
344 2483 664 2548 δικάζεσθαι
698 2485 850 2556 παρὰ
883 2487 1030 2556 μόνῳ
1052 2484 1132 2554 τῷ
1157 2481 1450 2554 στρατηγῷ
1477 2480 1571 2536 τοῦ
1602 2498 1728 2535 στε-

1845 2479 2014 2556 'item]
2043 2485 2214 2541 moris
2241 2495 2408 2550 esset,
2451 2495 2513 2542 ut
2561 2485 2735 2542 Judaei
2785 2502 2971 2542 coram
3023 2487 3140 2544 solo
3179 2487 3433 2559 angipor-

161 2575 256 2640 νοῦ,
282 2577 308 2630 ό
333 2578 590 2650 κραταιὸς
636 2578 733 2632 καὶ
763 2578 919 2649 ἅγιος
948 2577 1110 2650 ἡμῶν
1140 2577 1396 2648 βασιλεὺς
1431 2575 1728 2648 διωρίσατο

1843 2585 1924 2642 tus
1952 2577 2213 2648 praefecto
2242 2578 2524 2649 litigarent
2548 2599 2561 2634 :
2598 2579 2840 2650 Optimus
2870 2589 3036 2650 atque
3059 2588 3286 2636 sanctus
3326 2593 3431 2634 no-

161 2669 290 2740 παρὰ
316 2671 510 2738 παντὸς
537 2671 900 2745 δικαστηρίου
930 2671 1076 2727 κατὰ
1093 2672 1294 2742 νόμους
1311 2670 1542 2733 τούτους
1567 2668 1723 2723 δικά·

1844 2679 1948 2726 ster
1977 2672 2273 2742 imperator
2300 2673 2513 2737 statuit.
2543 2682 2605 2728 ut
2647 2687 2832 2728 coram
2878 2687 3210 2744 quocunque
3252 2672 3432 2728 tribu-

161 2761 338 2827 ζεσθαι.
373 2764 480 2817 Καὶ
511 2767 542 2834 ἡ
577 2764 842 2837 συνήθεια
871 2763 1132 2836 ἐλογίσθη
1161 2763 1293 2818 ὡσεὶ
1314 2763 1468 2818 οὐδὲν
1491 2762 1567 2834 μὴ
1598 2779 1727 2832 στη-

1842 2761 1945 2816 nali
1971 2765 2272 2820 secundum
2305 2765 2451 2836 leges
2478 2781 2675 2821 causas
2697 2776 2945 2836 agerent.
2981 2765 3058 2820 Ac
3087 2765 3430 2822 consuetudo

162 2854 377 2928 ριχθεῑσα
423 2859 696 2930 νομίμως.

1839 2853 2106 2928 [quidem]
2133 2873 2233 2929 pro
2257 2860 2430 2914 nihilo
2459 2859 2641 2915 habita
2666 2866 2773 2928 est,
2799 2865 2859 2914 ut
2880 2872 3004 2928 qua:
3047 2856 3288 2928 legitime
3317 2872 3427 2914 non

1832 2951 2029 3009 fuisset
2056 2957 2408 3011 conlirmata.

217 3049 512 3120 Σημείωσαι
545 3049 652 3124 τὴν
684 3049 969 3122 παροῦσαν
1023 3049 1322 3122 ἑρμηνείαν
1345 3050 1508 3122 χάριν
1553 3047 1733 3119 ἀγρά-

1916 3049 2080 3104 Aliud
2112 3051 2396 3107 scholium.
2443 3052 2581 3108 Cum
2631 3054 2818 3110 multa:
2847 3053 2996 3125 leges
3018 3054 3083 3109 tle
3105 3052 3269 3125 longa
3299 3069 3435 3110 con-

107 3149 117 3162 '
161 3159 245 3211 φου
288 3143 564 3217 συνηθείας
614 3144 692 3207 ὡς
737 3143 1182 3215 ἀναγκαιοτάτην
1229 3143 1510 3215 διαφόρων
1551 3141 1695 3211 νόμω

1845 3146 2142 3200 suetudine
2168 3147 2554 3213 przescribant,
2581 3157 2635 3202 et
2658 3148 2762 3204 sibi
2788 3148 3021 3204 invicem
3051 3148 3433 3214 adversentur,

161 3236 269 3308 περὶ
299 3239 509 3309 μακρᾶς
557 3237 852 3308 συνηθείας
894 3236 1224 3309 νομοθετούν
1266 3254 1398 3305 των,
1445 3237 1542 3291 καὶ
1575 3238 1731 3290 ἐναν-

1843 3234 1986 3304 quod
2021 3235 2143 3290 alia:
2172 3236 2381 3299 dicant,
2416 3237 2635 3308 longam
2672 3238 3124 3293 consuetudinem
3163 3237 3431 3312 [tametsi]

159 3330 429 3400 τιουμένων
447 3329 709 3400 ἀλλήλοις
730 3331 806 3394 ὡς
827 3329 937 3384 τῶν
963 3330 1062 3400 μὲν
1082 3329 1351 3398 λεγόντων
1378 3330 1479 3399 τὴν
1511 3327 1730 3400 μακρὰν

1845 3326 1899 3379 in
1921 3324 2147 3392 jndiciis
2167 3325 2574 3392 confirmatam,
2599 3343 2724 3382 esse
2757 3329 2991 3395 irritam,
3017 3328 3062 3384 si
3089 3331 3306 3399 scriptae
3325 3329 3431 3401 legi

161 3421 416 3494 συνήθειαν
448 3425 505 3477 ἐν
535 3423 878 3495 δικαστηρίῳ
915 3422 1304 3496 πηριχθείσαν
1334 3422 1542 3492 ἄκυρον
1589 3415 1726 3474 εἶναι

1845 3424 2142 3484 repugnet;
2179 3416 2300 3470 alia:
2330 3431 2460 3470 vero
2493 3416 2664 3482 illam,
2693 3416 2909 3472 etiamsi
2961 3417 3181 3488 scriptae
3209 3418 3312 3486 legi
3341 3433 3431 3472 re-

157 3513 231 3566 ὅτε
259 3515 398 3588 νόμῳ
425 3515 770 3572 ἐναντιοῦται
799 3517 1084 3588 ἐγγράφω,
1103 3516 1213 3570 τῶν
1251 3515 1307 3569 δὲ
1348 3513 1726 3588 παρακελευο-

1843 3515 2064 3577 pugnet,
2095 3505 2278 3560 valere
2303 3505 2573 3575 jubeant;
2606 3522 2850 3576 praesens
2877 3507 2910 3562 6
2947 3507 3150 3574 thema,
3185 3523 3306 3577 cap.
3338 3507 3431 3575 42,

161 3608 312 3676 μένων
337 3609 537 3682 ταύτην
555 3613 784 3682 κρατεῖν
811 3610 915 3665 κᾶν
967 3611 1231 3682 ἐγγράφῳ
1285 3607 1626 3664 ἐναντιοῦται
1664 3609 1727 3662 τὸ

1847 3600 1922 3654 Lit.
1979 3598 2033 3664 1,
2069 3599 2168 3653 lib.
2204 3616 2240 3654 ιι
2284 3599 2450 3655 Basil.
2488 3600 2650 3656 solvit
2683 3616 2805 3671 qua:
2858 3600 2944 3655 his
3001 3601 3183 3656 inesse
3223 3602 3435 3656 videtur

157 3703 307 3772 παρὸν
353 3704 510 3759 ἐκτον
541 3704 692 3775 θέμα
734 3705 828 3758 τού
877 3703 968 3776 μη⁹
1005 3723 1129 3775 κεφ.
1179 3703 1273 3758 τοῦ
1313 3702 1490 3758 α’τίτ.
1532 3702 1627 3757 τοῦ
1681 3700 1726 3774 β’

1837 3695 2284 3751 contrarietatem
2321 3715 2334 3750 :
2367 3697 2497 3751 latio
2524 3697 2682 3768 legis,
2709 3697 2985 3768 inquiens,
3012 3707 3106 3752 aut
3135 3698 3187 3752 in
3213 3697 3413 3768 scripta

157 3792 336 3863 βισλίου
366 3797 472 3851 τῶν
491 3798 805 3854 Βασιλικῶν
826 3799 944 3852 λύει
971 3799 1067 3871 τὴν
1089 3799 1555 3868 ἐναντιοφάνειαν,
1589 3797 1724 3867 φησὶ

1843 3787 2098 3854 refertur,
2122 3799 2214 3844 aut
2257 3804 2366 3844 non
2419 3789 2656 3844 refertur
2694 3806 2707 3842 :
2754 3789 2911 3863 [sic]
2958 3790 3212 3847 similiter
3239 3788 3431 3864 [ejus]

155 3887 246 3955 γὰρ
268 3888 361 3960 τὴν
403 3889 552 3945 θέσιν
602 3889 699 3944 τοῦ
745 3891 912 3960 νόμου
939 3891 1186 3962 ἄγραφον
1216 3885 1358 3943 εἶναι
1391 3891 1483 3944 καὶ
1522 3891 1728 3960 ἔγγρα-

1839 3881 2148 3952 abrogatio.
2177 3881 2242 3936 Et
2266 3882 2534 3954 legislatio
2582 3882 2832 3954 quidem,
2862 3885 2908 3940 si
2949 3884 3133 3956 gravis
3187 3883 3427 3940 subditis

157 3995 257 4047 φον,
285 3981 543 4046 ὡσαύτως
576 3984 677 4036 καὶ⁷
719 3981 819 4053 τὴν
852 3983 1133 4056 ἀναίρεσιν
1171 3983 1266 4036 καὶ
1299 3983 1398 4036 τὴν
1434 3982 1533 4052 μὲν
1565 3981 1728 4048 ,θέσιν

1846 3973 1934 4038 sit,
1966 3971 2329 4029 humanitatis
2367 3973 2830 4044 contemplatione
2882 3990 2980 4046 per
3011 3977 3434 4032 desuetudinem

153 4071 228 4124 διὰ
269 4075 362 4144 τῆς
417 4075 523 4129 ὑπὸ
611 4075 864 4147 ἀγράφου
934 4074 1228 4146 συνηθείας
1289 4074 1591 4146 ἀχρηστίας
1651 4075 1728 4140 ὡς

1845 4079 1866 4117 a
1906 4079 2014 4119 non
2055 4067 2257 4135 scripta
2319 4065 2719 4121 consuetudine
2751 4066 3081 4137 abrogatur;
3147 4069 3433 4137 ahrogatio

154 4165 363 4240 ἐπιδαρῆ
391 4172 504 4232 τοῖς
536 4170 805 4240 ὑπηκόοις
834 4170 1176 4242 ἀναιρεῖσθαι
1207 4168 1296 4224 διὰ
1326 4170 1387 4224 τὸ
1417 4170 1726 4242 φιλάνθρω-

1840 4173 1970 4212 vero
2019 4173 2112 4228 per
2140 4159 2599 4214 consuetudinem
2633 4175 2732 4215 seu
2785 4159 2965 4231 legem
3004 4177 3112 4216 non
3163 4162 3428 4231 scriptam

154 4260 386 4332 πον,τὴν
422 4262 478 4314 δὲ
513 4262 800 4333 ἀναίρεσιν
843 4262 930 4315 διὰ
971 4261 1260 4333 συνηθείας
1307 4261 1426 4334 ἦτοι
1473 4263 1722 4333 ἀγράφου

1842 4251 2014 4306 otiosa
2045 4249 2119 4325 [et
2157 4251 2333 4325 irrita]
2363 4267 2470 4306 non
2503 4253 2582 4316 lit,
2639 4263 2926 4325 propterea
2978 4253 3125 4324 quod
3179 4255 3430 4323 benignae

154 4351 297 4423 vipoo
334 4355 404 4425 μὴ
451 4356 787 4428 ἀπρακτεῖν,
834 4355 922 4409 διὰ
982 4354 1044 4409 τὸ
1112 4354 1488 4408 ἐναντιοῦσθαι
1535 4355 1724 4424 φιλαν-

1848 4346 1939 4414 legi
1978 4345 2317 4401 adversetur.
2375 4344 2598 4418 [Atque]
2631 4345 2713 4401 sic
2767 4344 3032 4420 [quidem]
3075 4356 3436 4418 apparentem

156 4442 332 4517 θρώπῳ
369 4448 529 4519 ,νόμῳ
574 4446 721 4502 οὕτω
775 4445 938 4501 λύσον
985 4446 1084 4519 τὴν
1121 4448 1566 4516 ἐναντιοφάνειαν
1599 4448 1726 4501 ἁκοο

1843 4433 1919 4506 [in
1947 4434 2057 4508 his]
2095 4435 2538 4490 contrarietatem
2599 4435 2770 4499 solve,
2812 4452 3049 4507 sequens
3102 4437 3431 4507 explicatum

154 4532 332 4602 λοὶθως
364 4540 439 4612 τῷ
480 4540 822 4610 διαλεχθέντι
867 4539 1170 4612 κεφαλαίῳ,
1217 4544 1284 4613 τῇ
1331 4541 1600 4613 ἑρμηνείᾳ
1627 4541 1726 4596 τοῦ

1847 4539 2022 4598 caput,
2077 4529 2578 4598 interpretationem
2643 4529 2676 4581 6
2717 4528 2887 4582 them.
2937 4538 2992 4584 et
3073 4529 3244 4600 legem
3311 4544 3435 4599 quae

154 4627 421 4697 Στεφάνου,
461 4635 556 4686 καὶ
581 4632 662 4702 τῷ
696 4634 848 4704 νόμῳ
877 4632 956 4704 τῷ
996 4634 1229 4704 λέγοντι,
1270 4635 1408 4706 πρὸς
1448 4635 1510 4688 τὸ
1538 4635 1715 4705 φιλαν-

1843 4620 2126 4692 benignius
2177 4621 2319 4690 leges
2376 4619 2816 4690 interpretandas
2849 4636 2974 4676 esse
3031 4620 3300 4692 praecipit.
3357 4620 3431 4676 De

153 4717 469 4795 θρωπότερον
497 4724 630 4787 τοὺς
656 4725 857 4794 νόμους
889 4724 1315 4795 ἑρμηνεύεσθαι.
1343 4727 1480 4798 Περὶ
1510 4726 1726 4798 ἐκείνης

1845 4715 2107 4770 illaautem
2142 4714 2537 4770 consuetudine
2587 4713 2704 4770 hate
2737 4715 3000 4787 intelligo,
3041 4731 3164 4789 qua:
3197 4717 3251 4772 in
3286 4716 3433 4788 judi-

158 4809 318 4878 μέντοι
348 4816 442 4886 τῆς
468 4815 762 4887 συνηθείας
793 4816 1022 4870 ἐκϐαλοῦ
1045 4816 1220 4872 ταῦτα
1247 4821 1347 4891 τῆς
1378 4822 1436 4873 ἐν
1466 4821 1720 4893 δικαττη-
1832 4808 1934 4864 CiiS
1972 4808 2293 4864 COIlﬁl'lllalﬂ
2324 4818 2428 4864 θείο

157 4906 243 4977 ρίῳ
280 4912 686 4983 στηριχθείσης.
1755 4946 1806 5007 D

215 5001 430 5058 ΚΕΦΑΛ
474 5004 550 5060 Δ’.
601 5035 674 5048 --
704 5006 833 5059 Ὅτι
885 5008 1000 5077 οὐχ
1055 5009 1156 5079 ὑφ’
1199 5009 1338 5076 ἐντ’»ς
1383 5010 1724 5064 ἐπισκόπου
1755 4993 1800 5007 ν

1903 4995 2058 5057 CAP.
2103 4994 2192 5051 IV.
2227 5025 2298 5035 —
2330 4993 2485 5061 Quod
2523 5012 2626 5050 non
2661 4994 2725 5049 ab
2783 5012 2889 5050 uno
2947 4997 3228 5066 episcopo,
3269 4995 3360 5049 sed
3400 5011 3434 5050 ο

156 5089 272 5148 ἀλλ’
298 5097 413 5150 ὑπὸ
456 5097 570 5168 τῆς
619 5099 970 5168 κοινότητος
1004 5105 1057 5156 οἱ
1081 5103 1339 5170 κανόνες
1371 5103 1724 5158 ἐκτίθενται.

1826 5091 2092 5145 communi
2118 5091 2478 5161 episcoporum
2519 5098 2651 5144 cwtn
2677 5106 2904 5144 canones
2934 5088 3356 5158 promulgentur.

214 5209 481 5267 Βασιλείου
527 5216 712 5270 κανὼν
764 5215 895 5288 περὶ
940 5216 1002 5269 τὸ
1057 5215 1211 5280 τέλος
1260 5213 1385 5286 μζ·
1419 5215 1726 5289 Γρηγορίου

1898 5204 2080 5260 Basilii
2113 5220 2289 5262 canon
2337 5205 2426 5272 47,
2459 5205 2606 5261 circa
2657 5204 2843 5260 linem.
2883 5202 3136 5275 Gregorii
3192 5199 3428 5275 Nysseni

156 5298 352 5377 Νύσσης
381 5308 509 5378 περὶ
535 5307 608 5362 τὰ
639 5308 786 5378 μέσα
813 5306 998 5362 κανὼν
1029 5306 1104 5373 ς’.

971 5326 998 5362 ν
1029 5306 1104 5373 ς’,
1828 5314 2005 5355 canon
2028 5297 2082 5364 6,
2113 5296 2260 5352 circa
2292 5297 2558 5352 medium.

215 5419 451 5475 ΚΕΦΑΔ.
484 5420 562 5477 E'.
582 5453 653 5462 —
693 5422 831 5491 Περὶ
873 5421 1257 5494 πατριάρχῶν
1293 5423 1392 5478 καί
1421 5437 1726 5494 μητροπο-

1894 5412 2051 5470 CAP.
2079 5413 2146 5469 V.
2181 5444 2252 5455 —
2272 5412 2350 5468 De
2378 5413 2726 5484 patriam/tis,
2759 5411 3203 5482 metropolitanis,
3237 5419 3287 5465 et
3318 5409 3432 5480 pri-

155 5511 333 5580 λιτῶν,
359 5516 457 5570 καὶ
483 5515 606 5570 τῶν
625 5517 695 5570 ἐν
739 5517 978 5588 Ἀφρικῇ
1029 5517 1374 5588 λεγομένων
1395 5517 1721 5588 πριὸἀτων.

1029 5517 1374 5588 λεγομένων
1395 5517 1721 5588 πριὸἀτων.
1832 5512 1967 5567 vatis
1997 5511 2036 5564 Α
2047 5511 2218 5582 fricaz,
2252 5521 2309 5564 ut
2337 5523 2613 5567 vocantur.

228 5603 558 5663 ’Δποοτῧλων
578 5606 759 5662 κανὼν
787 5607 860 5662 λδ⁹
877 5624 892 5640 ο
921 5608 1142 5662 συνόδου
1172 5608 1412 5672 Νικαίας
1453 5605 1638 5664 κανὼν
1658 5607 1723 5674 δ’,

1904 5604 2294 5675 Apostolorum
2341 5619 2518 5659 canon
2561 5603 2654 5670 54,
2718 5599 2934 5658 concilii
2991 5598 3201 5656 Nicasni
3246 5612 3425 5653 canon

159 5700 222 5761 ς’,
248 5695 287 5763 ζ’
305 5715 318 5729 '
359 5702 580 5755 συνόδου
614 5701 949 5774 Ἀντιοχείας
979 5702 1163 5758 κανὼν
1193 5702 1237 5757 θ’
1263 5718 1279 5734 °
1326 5702 1547 5758 συνόδου
1575 5702 1726 5755 Κων-

1841 5698 1886 5766 ἱ,
1918 5698 1972 5764 6,
2005 5697 2059 5762 7,
2089 5698 2303 5752 concilii
2331 5698 2660 5752 Antiocheni
2693 5713 2868 5752 canon
2909 5695 3000 5755 59.
3030 5692 3246 5748 concilii
3279 5691 3429 5746 Con-

157 5792 629 5859 σταντινουπόλεως
685 5795 866 5849 κανὼν
933 5795 1000 5867 β’,
1078 5803 1128 5865 γ’
1149 5813 1164 5830 ο
1212 5797 1431 5854 συνόδου
1497 5795 1726 5866 Ἐφέσου

1835 5787 2306 5858 stantinopolitani
2330 5801 2505 5842 canon
2534 5787 2590 5850 2,
2618 5788 2684 5853 5;
2711 5784 2926 5841 concilii
2954 5781 3214 5855 Ephcsmi
3243 5794 3423 5835 canon

157 5881 319 5939 κανὼν
342 5885 423 5958 η’·
463 5886 682 5943 συνόδου
734 5889 1077 5960 Χαλκηδόνος
1143 5887 1324 5944 κανὼν
1371 5889 1437 5957 θ’,
1471 5886 1554 5956 ιζ’,
1598 5895 1685 5960 κη’
1709 5907 1723 5923 ·

1836 5884 1868 5939 8
1889 5901 1904 5950 ;
1925 5881 2147 5939 concilii
2176 5881 2638 5939 Chaltedoncnsis
2671 5896 2847 5937 canon
2881 5879 2934 5943 9,
2973 5876 3146 5943 17,29
3169 5894 3182 5944 ;
3205 5873 3423 5932 concilii
