3870 6290
529 374 635 441 987

1697 375 1964 439 PHOTII
2001 374 2508 438 PATRIARCHJE
2541 377 2649 438 CP.

3669 385 3752 450 988

534 485 884 545 Sardiccnsis
929 502 1108 547 canon
1147 487 1204 556 '5,
1232 487 1289 554 4,
1319 485 1392 550 ὅς
1424 484 1650 544 concilii
1679 485 2137 558 Carthaginiensis

2263 486 2466 541 ιυνόδου
2493 485 2767 560 Σαρδικῆς
2819 485 3001 543 κανὼν
3032 493 3104 558 γ’,
3134 485 3196 553 δ’,
3235 485 3305 540 ε’·
3345 487 3546 546 συνόδου
3571 491 3754 566 Rapaci.

533 594 715 636 canon
751 583 841 648 l7,
871 582 979 650 59;
1005 582 1226 638 concilii
1259 580 1402 637 sexti
1436 595 1613 636 canon
1655 581 1747 645 56,
1777 580 1870 637 39.

607 673 828 730 Textus.
866 675 944 730 De
981 674 1178 730 ordine
1209 673 1674 744 patriarcharum,
1706 681 1836 740 etc.,
1871 689 2034 746 usque
2060 673 2130 728 ad

532 764 846 836 provincias
877 764 1008 838 [sub
1041 763 1122 837 se]
1157 765 1372 829 habeat,
1409 773 1466 818 ut
1491 781 1614 835 pag.
1643 764 1771 820 473.

605 853 899 912 Scholium.
925 856 1115 913 Const.
1143 857 1194 922 7,
1229 857 1312 912 tit.
1348 857 1400 923 l,
1431 857 1525 912 lib.
1553 874 1568 912 ι
1612 857 1749 913 Cod.
1785 873 1891 914 non
1923 869 2010 916 est
2032 875 2131 932 po—

534 947 641 1004 sita
671 949 727 1004 in
755 948 922 1005 Basil.
957 949 1147 1007 Const.
1185 965 1315 1006 vero
1338 949 1391 1017 6,
1431 950 1515 1006 tit.
1541 951 1600 1017 ‘2,
1625 951 1871 1022 ejusdem
1915 953 2010 1008 lib.
2049 962 2133 1009 est

533 1057 658 1113 eap.
687 1043 720 1098 6
753 1044 836 1098 tit.
875 1043 927 1109 1,
967 1043 1061 1098 lib.
1103 1059 1159 1109 v,
1207 1042 1377 1099 Basil.
1423 1045 1668 1116 dicitque
1713 1045 1768 1100 in
1809 1046 1956 1102 hunc
2011 1061 2132 1100 mo-

534 1134 666 1188 dum
702 1153 715 1189 :
753 1137 977 1206 Oportet
1005 1135 1128 1191 illos
1157 1135 1247 1205 qui
1289 1136 1342 1190 in
1378 1136 1598 1208 Illyrico
1636 1137 1704 1192 de
1730 1136 1836 1210 [re]
1873 1138 2131 1208 quapiam

534 1227 801 1284 canonica
829 1229 1192 1298 quaestionem
1226 1237 1429 1295 movet,
1455 1229 1523 1286 dc
1553 1246 1616 1286 ea
1645 1231 1713 1286 ad
1747 1232 2132 1303 archiepisco-

534 1333 662 1388 pum
695 1317 1373 1392 Constantinopolitanum
1418 1322 1654 1392 referre,
1695 1333 1752 1381 et
1797 1327 1866 1380 al)
1893 1326 2014 1397 ipso
2065 1326 2131 1382 ad

533 1413 930 1470 sacerdotalem
983 1427 1338 1485 conventum,
1404 1419 1498 1488 qui
1550 1428 1744 1474 sancto
1802 1420 2012 1490 judicio
2081 1429 2136 1476 et

535 1503 720 1558 divina
781 1505 898 1576 lege
941 1504 1140 1580 [illam]
1203 1509 1492 1579 dijudicet.
1523 1508 1720 1565 Const.
1751 1509 1845 1576 20,
1875 1511 2041 1566 etiam
2074 1519 2131 1566 et

532 1597 608 1654 24
653 1599 906 1670 ejusdem
941 1603 1027 1657 tit.
1059 1610 1115 1657 et
1148 1603 1244 1656 lib.
1278 1603 1457 1672 posita
1492 1619 1601 1658 non
1627 1613 1713 1659 est
1742 1605 1793 1659 in
1826 1603 1996 1661 Basil.
2033 1603 2136 1660 Ve-

533 1708 657 1747 rum
681 1694 904 1750 constit.
936 1696 989 1759 2,
1024 1697 1108 1750 tit.
1142 1696 1166 1749 l
1199 1694 1548 1752 Novellarum
1580 1708 1663 1753 est
1703 1697 1999 1754 Justiniani
2030 1714 2136 1753 no-

535 1785 674 1840 vella
710 1785 832 1850 ιεδ,
869 1785 980 1861 [ac]
1015 1790 1190 1858 posita
1241 1788 1373 1862 [est]
1415 1791 1468 1846 in
1504 1791 1602 1847 lib.
1647 1807 1708 1848 Ill
1741 1792 1907 1848 Basil.
1954 1794 2036 1848 tit.
2082 1795 2132 1862 l,

2231 582 2401 652 γένης
2434 580 2618 634 κανὼν
2655 579 2742 647 ιζ’,
2776 579 2888 635 λθ”
2923 581 3145 636 συνόδου
3176 576 3229 647 ς’
3263 581 3435 636 κανὼν
3460 583 3560 651 λς’,
3581 585 3663 643 λθ’.

2300 673 2610 743 κείμενον.
2667 673 2805 746 Περὶ
2867 673 2968 744 τῆς
3030 673 3240 740 τάξεως
3282 673 3388 728 τῶν
3435 681 3756 752 πατριαρχῶν,

2231 782 2292 822 κ.
2323 783 2374 820 τ.
2411 765 2461 820 λ.
2506 781 2682 836 usque
2707 765 2774 821 ad
2803 767 2901 820 καὶ
2917 764 3080 830 ποίας
3102 765 3370 837 ἐπαρχίας
3401 765 3531 838 ἔχει,

2301 861 2585 928 Σχόλιον.
2642 858 2710 912 Ἠ
2748 858 2814 926 ζ’,
2857 858 3102 924 διάταξις
3149 857 3246 912 τοῦ
3293 865 3342 912 α’
3388 858 3488 914 τίτ.
3525 859 3610 915 τοῦ
3638 869 3678 916 α’
3702 863 3763 933 βι-

2233 951 2383 1006 ϐλίου
2413 952 2509 1006 τοῦ
2537 951 2770 1019 κώδικος
2798 952 2900 1008 οὐκ
2925 951 3085 1024 ἐτέθη
3127 952 3209 1016 είς
3250 951 3321 1005 τὰ
3347 950 3603 1022 βασιλικά.
3638 954 3692 1009 Ἦ
3718 957 3761 1012 δὲ

2234 1043 2289 1110 ς’
2350 1044 2595 1111 διάταξις
2617 1044 2714 1100 τοῦ
2780 1043 2826 1116 β’
2889 1063 2996 1100 τιτ.
3059 1043 3156 1099 τοῦ
3219 1043 3382 1098 αὐτοῦ
3442 1043 3626 1114 βιϐλίου
3676 1047 3764 1103 ἐστι

2235 1157 2363 1210 κεφ.
2413 1148 2465 1196 ς’
2495 1140 2590 1194 τοῦ
2618 1146 2665 1194 α’
2705 1140 2812 1194 τίτ.
2847 1139 2945 1194 τοῦ
2989 1139 3053 1194 ε’.
3093 1138 3300 1210 βιϐλίου
3358 1138 3465 1191 τῶν
3493 1140 3765 1207 Βασιλικῶν,

2235 1232 2332 1288 καί
2382 1249 2549 1304 φησιν
2586 1229 2774 1286 οὕτω·
2836 1233 2928 1285 Δεῖ
2963 1231 3091 1295 τοὺς
3147 1232 3208 1284 ἐν
3259 1229 3339 1302 τῷ
3390 1231 3645 1304 Ἰλλυρικῷ
3670 1239 3769 1308 περὶ

2237 1324 2524 1381 κανονικοῦ
2542 1342 2689 1390 τινος
2712 1325 2939 1396 ζήτησιν
2967 1323 3329 1393 ποιουμένους
3354 1322 3630 1394 ἀναφέρειν
3648 1324 3770 1378 τοῦτο

2237 1417 2334 1472 ἐπὶ
2388 1417 2482 1470 τὸν
2547 1416 2981 1488 ἀρχιεπίσκοπον
3022 1415 3661 1480 Κωνσταντινουπόλεως,
3701 1420 3770 1470 καὶ

2239 1509 2371 1581 παρ’
2395 1506 2563 1562 αὑτοῦ
2598 1510 2663 1579 τῇ
2691 1509 2940 1578 ίερατικῇ
2996 1507 3201 1578 συνόδῳ
3245 1506 3345 1560 καὶ
3376 1506 3506 1577 άγία
3530 1508 3686 1577 κρίσει
3705 1511 3771 1562 καὶ

2239 1601 2370 1672 θείῳ
2400 1598 2796 1672 διακρίνεσθαι.
2832 1599 2896 1654 Ἦ
2923 1599 2981 1654 δὲ
2996 1606 3042 1653 κ’
3067 1599 3160 1652 καὶ⁵
3183 1599 3260 1653 κδ¹
3283 1597 3523 1664 διάταξις
3544 1599 3628 1654 τοῦ
3649 1602 3772 1656 αὐτοῦ

2238 1693 2344 1748 τίτ.
2389 1695 2484 1748 καὶ
2517 1693 2726 1765 βιϐλίου
2764 1693 2866 1747 ούκ
2915 1692 3187 1763 ἐτέθησαν
3231 1694 3310 1756 είς
3344 1693 3414 1746 τά
3440 1691 3695 1751 Βασιλικά.
3729 1697 3774 1751 Ἡ

2251 1784 2437 1856 μέντοι
2467 1783 2511 1856 β’
2531 1783 2778 1851 διάταξις
2809 1781 2904 1837 τοῦ
2931 1790 2976 1837 α’
3004 1783 3111 1838 τίτ.
3130 1783 3239 1837 τῶν
3262 1783 3496 1855 Νεαρῶν
3522 1786 3624 1839 ἐστι
3649 1788 3776 1860 νεαρὰ

536 1892 658 1948 cap.
718 1878 772 1944 9,
823 1852 918 1950 qui
1082 1852 1290 1938 habet:
1327 1852 1445 1938 P'ra:
1480 1885 1752 1952 ,omnibus
1778 1895 1964 1942 autem
1999 1886 2131 1942 illud

2263 1852 2692 1944 ἰουστινιάνειος
2737 1887 2858 1950 ρκγ¹
2889 1881 3118 1951 κειμένη
3148 1883 3207 1934 ἐν
3247 1852 3442 1952 βιϐλίῳ
3470 1887 3514 1950 γ’
3543 1881 3639 1936 τῶν
3657 1852 3778 1937 Βασι-

538 1972 804 2025 custodiri
831 1973 1132 2038 sancimus,
1165 1985 1225 2030 ut
1254 1992 1418 2032 nemo
1447 1993 1545 2048 per
1591 1979 1941 2050 largitionem
1986 1982 2132 2046 auri,

541 2073 640 2118 aut
697 2065 932 2120 aliarum
972 2083 1155 2122 rerum
1206 2069 1488 2124 ordinetur
1529 2071 1850 2142 episcopus.
1911 2073 1968 2127 Si
2001 2074 2135 2143 quid

539 2157 648 2212 tale
695 2157 1069 2230 delinquatur,
1122 2172 1230 2215 tam
1285 2163 1376 2233 qui
1439 2163 1610 2228 dant,
1646 2180 1812 2235 quam
1862 2167 1956 2236 qui
1987 2169 2136 2223 acci-

539 2250 720 2320 piunt,
749 2259 803 2306 et
861 2253 1192 2309 mediatores
1221 2270 1440 2321 eorum,
1497 2256 1602 2326 ipsi
1628 2258 1841 2328 seipsos
1873 2260 2137 2314 condem-

543 2342 752 2397 uationi
810 2345 1114 2399 secundum
1182 2346 1400 2401 divinas
1441 2347 1758 2418 Scripturas
1808 2360 1864 2405 et
1921 2351 2137 2408 divinos

542 2451 786 2493 canones
847 2437 1167 2506 subjiciunt.
1227 2439 1304 2493 Ac
1335 2452 1626 2510 propterea
1657 2451 1764 2497 tam
1794 2443 1840 2498 is
1873 2445 1968 2512 qui
2021 2447 2136 2511 dat,

543 2545 708 2598 quain
741 2530 833 2600 qui
867 2531 1085 2600 accipit.
1117 2543 1172 2586 et
1203 2533 1471 2587 mediator
1499 2536 1778 2592 exsisteus
1806 2553 1835 2590 a
1863 2539 2126 2592 sacerdo-

543 2625 622 2679 tio
650 2634 747 2678 aut
794 2625 1033 2680 clericali
1083 2627 1295 2682 honore
1326 2639 1651 2684 removetor.
1683 2629 1839 2696 Quod
1887 2647 2015 2686 vero
2045 2648 2142 2702 per

545 2719 691 2772 hanc
728 2732 954 2773 causam
1021 2719 1210 2773 datum
1257 2720 1447 2785 fuerit,
1481 2721 1556 2775 illi
1611 2721 1870 2778 Ecclesiae
1896 2725 2141 2780 vindica-

545 2820 654 2874 tor,
687 2811 847 2878 cujus
883 2813 1253 2867 sacerdotium
1283 2814 1456 2868 voluit
1489 2814 1781 2871 redimere.
1813 2816 1870 2871 Si
1905 2819 2140 2872 munda-

548 2918 657 2957 nus
687 2903 757 2956 sit
785 2903 878 2972 qui
905 2919 1002 2974 per
1061 2904 1204 2960 lianc
1233 2921 1459 2961 causam
1489 2909 1712 2978 accipit,
1741 2918 1836 2963 aut
1876 2911 2146 2967 mediator

549 2993 606 3049 in
636 2999 852 3066 negotio
907 2997 1087 3053 factus
1115 3008 1227 3064 est,
1281 3000 1438 3056 datas
1477 3017 1566 3057 res
1616 3003 1671 3057 iu
1699 3004 1926 3074 duplum
1958 3006 2028 3059 al)
2079 3021 2145 3059 eo

551 3090 693 3160 exigi
718 3091 976 3159 jubemus
1007 3093 1364 3151 vindicandas
1399 3095 1662 3171 [scilicet]
1715 3097 1996 3154 Ecclesiae.
2028 3098 2145 3154 Non

555 3183 737 3238 solum
773 3195 954 3239 autem
1013 3202 1134 3257 qua:
1191 3188 1294 3242 lioc
1326 3189 1490 3244 modo
1544 3190 1668 3245 data
1703 3201 1852 3258 sunt,
1889 3192 2148 3247 vindicari

555 3275 908 3345 praecipimus
937 3296 950 3333 :
985 3279 1080 3334 sed
1115 3280 1281 3334 etiam
1310 3296 1533 3335 omnem
1561 3284 1878 3339 cautionem
1909 3300 2007 3354 pro
2044 3285 2148 3340 hoc

555 3383 887 3438 quocunque
914 3371 1076 3424 modo
1105 3373 1436 3440 expositam,
1475 3386 1571 3429 aut
1599 3377 1885 3445 pignorum
1919 3391 1985 3432 ac
2011 3377 2146 3433 ﬁde-

551 3458 792 3529 jussoris
867 3462 1309 3533 obligationem;
1381 3481 1600 3522 omnem
1679 3469 1917 3539 denique
1984 3471 2149 3528 aliam

557 3568 950 3624 quamcunque
1007 3557 1280 3613 actionem
1363 3575 1562 3616 vacare
1619 3566 1921 3618 snucimus.
1977 3565 2151 3634 Atque

558 3645 786 3716 insuper
843 3649 935 3718 qui
969 3651 1394 3719 promissionem
1447 3658 1772 3724 acceptavit,
1807 3674 1913 3712 non
1970 3660 2148 3715 solum

467 3730 471 3736 ’
559 3737 964 3796 confessionem
1025 3744 1238 3798 reddito
1273 3763 1284 3798 :
1329 3746 1422 3800 sed
1458 3749 1621 3802 etiam
1655 3751 1886 3805 alterum
1915 3763 2150 3818 tantum,

559 3840 830 3898 quantum
895 3834 1249 3890 confessione
1303 3840 1638 3904 continetur,
1695 3844 1953 3914 exigitor,
2005 3847 2154 3916 quod

562 3922 744 3990 ipsqu
782 3923 898 3979 dari
936 3927 1095 3982 debet
1125 3927 1402 3986 Ecclesiae.
1439 3933 1496 3986 Si
1537 3935 1663 4003 quis
1699 3944 1880 3991 tamen
1943 3954 2006 3993 ex
2041 3941 2155 4009 cpi-

563 4016 768 4084 scopis,
796 4017 909 4072 sive
938 4026 1065 4073 ante
1088 4021 1493 4077 ordinationem
1529 4041 1710 4090 suam,
1752 4029 1868 4083 sive
1901 4038 2027 4098 post
2059 4048 2152 4086 or-

563 4107 922 4173 dinationem,
957 4110 1187 4166 voluerit
1220 4116 1474 4184 proprias
1499 4133 1586 4171 res
1646 4135 1801 4185 suas,
1856 4131 1952 4175 aut
1983 4138 2049 4177 ex
2090 4123 2158 4178 iis

563 4208 776 4268 partem
870 4201 1145 4271 Ecclesiaa,
1217 4206 1375 4275 cujus
1440 4211 1811 4266 sacerdotium
1892 4216 2158 4285 suscepit,

565 4289 762 4346 offerre
797 4311 810 4347 :
846 4307 954 4349 nou
1006 4297 1185 4352 solum
1242 4299 1292 4354 id
1349 4317 1460 4356 non
1515 4304 1893 4373 prohibemus,
1923 4317 1978 4362 et
2007 4311 2159 4364 omni

565 4401 692 4442 eum
721 4389 1176 4448 contlemnatioue
1191 4409 1256 4449 ac
1285 4411 1446 4465 poena
1473 4399 1703 4453 liberum
1734 4416 1858 4461 esse
1890 4418 1984 4472 per
2019 4403 2159 4458 lianc

563 4479 737 4550 legem
771 4485 1092 4540 sancimus:
1127 4487 1220 4540 sed
1251 4488 1417 4543 etiam
1453 4493 1603 4545 omni
1627 4492 1786 4546 laude
1816 4494 2040 4564 dignum
2069 4496 2160 4565 ju-

2245 1969 2414 2024 λικῶν
2439 1969 2544 2026 τίτ.
2570 1977 2642 2037 α’,
2691 1989 2819 2042 κεφ.
2855 1972 2921 2039 θ’,
2955 1972 3129 2038 οὕτως
3147 1972 3330 2044 ἔχοντι
3348 1989 3364 2004 ⁶
3404 1975 3518 2046 Πρὸ
3541 1975 3594 2028 δέ
3614 1979 3780 2031 πάντων

2248 2063 2426 2117 ἐκεῖνο
2460 2063 2793 2136 θεσπίζομεν
2817 2065 3164 2136 φυλαχθῆναι
3199 2066 3288 2120 ῐνα
3317 2067 3509 2137 μηδεὶς
3525 2067 3603 2121 διὰ
3627 2067 3778 2134 δόσεως

2254 2157 2479 2227 χρυσίου
2508 2157 2541 2228 ἢ
2567 2156 2744 2211 ἄλλων
2769 2159 3115 2230 πραγμάτων
3141 2159 3444 2221 ἐπίσκοπος
3471 2161 3781 2233 χειροτονηθῆ-

2249 2249 2313 2304 El
2345 2250 2405 2304 δέ
2435 2268 2488 2304 τι
2519 2251 2758 2306 τοιοῦτον
2791 2252 3138 2324 ἀμαρτηθείη
3166 2252 3324 2306 αὐτοὶ
3356 2253 3575 2317 ἑαυτοὺς
3602 2255 3646 2308 οἱ
3668 2254 3787 2309 διδόν-

2247 2359 2341 2407 τες
2365 2344 2458 2396 καὶ
2495 2344 2544 2396 οἱ
2581 2343 2952 2414 λαμϐάνοντες
2988 2346 3082 2398 καὶ
3117 2346 3167 2399 οἱ
3199 2345 3362 2417 μέσοι
3379 2346 3554 2400 αὐτῶν
3577 2345 3696 2402 κατά
3719 2348 3786 2409 τὰς

2253 2431 2405 2498 Θείας
2444 2435 2670 2506 Γραφάς
2722 2437 2816 2490 καὶ
2862 2437 2991 2501 τοὺς
3034 2437 3214 2502 θείους
3251 2438 3491 2502 κανόνας
3520 2439 3786 2511 κατακρίσει

2256 2527 2646 2594 ὑποϐάλλουσι,
2681 2529 2776 2583 καὶ
2810 2529 2898 2582 διὰ
2947 2529 3108 2584 τοῦτο
3153 2531 3249 2585 καὶ
3283 2533 3315 2584 ὁ
3345 2531 3520 2595 διδοὺς
3546 2532 3670 2584 καὶὸ
3690 2532 3790 2599 λαμ·

2257 2621 2437 2676 ϐἀνων
2467 2623 2558 2676 καὶ
2588 2626 2616 2677 ό
2653 2623 2818 2694 μέσας
2864 2624 3153 2696 γινόμενος
3195 2625 3297 2695 τῆς
3341 2625 3648 2696 ἱερωσύνης,
3676 2625 3790 2695 ﬁci];

2256 2711 2351 2765 τοῦ
2388 2712 2593 2784 κλήρου
2622 2716 2792 2786 τιμῆς
2837 2715 3231 2770 ἀποκινείσθω.
3272 2716 3352 2769 Τὸ
3382 2715 3440 2769 δὲ
3485 2716 3616 2787 ὑπὲρ
3641 2715 3793 2785 ταύτης

2260 2805 2360 2877 τῆς
2391 2806 2570 2870 αἰτίας
2600 2806 2752 2860 δοθὲν
2801 2810 2870 2878 τῇ
2919 2808 3190 2880 ἐκκλησίᾳ⁴
3217 2809 3412 2880 ἐκείνῃ
3438 2807 3724 2863 ἐκδικείσθω
3746 2805 3793 2879 ἧς

2257 2900 2526 2971 ἐϐουλήθη
2577 2899 2681 2972 τὴν
2734 2899 3039 2970 ἱερωσύνην
3065 2899 3414 2970 ὠνήσασθαι.
3449 2901 3510 2954 El
3556 2901 3608 2954 δέ
3637 2902 3794 2954 mitto.

2262 2991 2460 3063 σμικὸς
2495 2991 2582 3061 εἴη
2609 2991 2638 3043 ό
2672 2990 2812 3058 ὑπὲρ
2838 2989 3044 3060 ταύτης
3080 2991 3179 3061 τῆς
3209 2993 3396 3057 αίτίας
3441 2991 3794 3063 ἀντιλαμϐάνων

2259 3085 2294 3157 ἢ
2360 3084 2523 3155 μέσος
2570 3084 2648 3155 τῷ
2697 3084 2987 3154 πράγματι
3039 3087 3356 3156 γινόμενος,
3416 3085 3485 3139 τά
3531 3085 3721 3139 δοθέντα
3747 3085 3831 3137 τάο

2265 3177 2565 3248 πράγματα
2609 3179 2668 3230 ἐν
2717 3176 2890 3247 διπλῷ
2925 3177 3090 3232 αὐτὸν
3144 3177 3502 3232 ἀπαιτεῖσθαι
3547 3177 3797 3248 κελεύομεν,

2263 3273 2329 3340 τῇ
2375 3269 2672 3340 Ἐκκλησία
2717 3269 3191 3341 ἐκδικηθησόμενα
3211 3311 3228 3337 ,
3269 3271 3335 3324 ού
3371 3271 3510 3342 μόνα
3541 3271 3596 3325 δὲ
3618 3272 3675 3325 τὰ
3700 3271 3800 3323 κατὰ

2263 3363 2354 3416 τὸν
2388 3361 2576 3414 τοῦτον
2607 3361 2871 3431 δεδομένα
2897 3363 3100 3433 τρόπον
3144 3362 3488 3418 ἐκδικείσθαι
3529 3362 3800 3433 προστάττοι

2270 3473 2390 3527 μεν,
2421 3454 2561 3509 ἀλλά
2591 3455 2684 3508 καὶ
2711 3455 2895 3508 πᾶσαν
2953 3455 3262 3524 ἀσφάλειαν
3329 3456 3476 3528 ύπέρ
3519 3455 3690 3510 τούτου
3714 3453 3801 3506 καθ’

2263 3546 2376 3604 οἷον
2404 3549 2604 3621 δήποτε
2637 3547 2840 3621 τρόπον
2865 3547 3203 3614 ἐκτεθεῖσαν,
3228 3548 3330 3604 καὶ
3349 3549 3452 3621 τὴν
3470 3547 3573 3602 τῶν
3593 3547 3801 3618 ἐνεχύρων

2267 3646 2300 3718 ἧ
2333 3646 2432 3716 τὴν
2487 3645 2582 3699 τοῦ
2633 3644 2902 3714 ἐγγυητοῦ
2929 3645 3122 3716 ἐνοχὴν
3163 3645 3260 3699 καὶ
3295 3647 3485 3700 πᾶσαν
3514 3644 3667 3715 άλλην
3693 3643 3802 3695 οἱαν-

2265 3741 2466 3810 δήποτε
2502 3739 2726 3810 ἀγωγὴν
2767 3740 2958 3809 ἀργεῖν
2988 3738 3346 3810 θεσπίζομεν.
3369 3739 3482 3793 Καὶ
3500 3738 3627 3810 πρὸς
3649 3734 3806 3796 τούτοις

2266 3841 2294 3892 ό
2320 3838 2415 3909 τὴν
2455 3835 2753 3906 ύπόσχεσιν
2793 3833 3090 3906 λαμϐάνων
3133 3834 3207 3906 μὴ
3241 3834 3411 3903 μόνον
3456 3834 3554 3904 τὴν
3578 3829 3806 3902 ὁμολογίαν

2267 3930 2587 3992 ἀποδιδότω,
2617 3927 2755 3980 ἀλλὰ
2789 3927 2884 3980 καὶ
2910 3925 3039 3980 ἄλλο
3093 3925 3354 3979 τοσοῦτον
3391 3926 3520 3979 ὅσον
3550 3927 3581 3995 η
3607 3921 3807 3994 ὁμολογία

2271 4022 2518 4094 περιέχει
2548 4018 2888 4074 ἀπαιτεῖσθω
2910 4018 3125 4088 ὀφείλον
3175 4020 3243 4090 τῇ
3295 4017 3596 4089 Ἐκκλησία
3625 4016 3805 4085 δοθῆναι.

2271 4115 2337 4168 Εἴ
2363 4133 2444 4177 τις
2479 4113 2665 4184 μέντοι
2697 4114 2762 4166 ἐκ
2788 4111 2896 4165 τῶν
2932 4111 3250 4164 ἐπισκόπων
3299 4110 3416 4164 εἴτε
3471 4109 3576 4182 πρὸ
3602 4108 3688 4178 τῆς
3713 4106 3808 4167 ιδίας

2273 4208 2631 4281 χειροτονίας,
2668 4206 2702 4278 ἢ
2741 4205 2880 4276 μετά
2905 4206 3006 4276 τὴν
3035 4203 3378 4275 χειροτονίαν
3406 4202 3636 4276 βουληθῇ
3662 4201 3717 4254 τὰ
3737 4199 3808 4250 [δια

2275 4299 2638 4370 πράγματαῆ
2678 4299 2844 4370 μέρος
2902 4297 2960 4365 ἐξ
3011 4298 3192 4351 αὐτῶν
3227 4300 3608 4370 προσαγαγεῖν
3634 4297 3690 4367 τῇ
3722 4292 3808 4346 Ἐκ-

2271 4393 2476 4466 κλησίᾳ
2503 4389 2568 4466 ἦς
2594 4392 2692 4463 τὴν
2718 4391 3019 4464 ἱερωσύνην
3049 4390 3344 4462 λαμϐάνει,
3383 4393 3447 4446 ού
3480 4392 3635 4463 μόνον
3662 4389 3713 4442 ού
3735 4404 3810 4439 κω·

2272 4487 2495 4556 λύομεν,
2521 4486 2616 4539 καὶ
2649 4486 2830 4556 πάσης
2856 4485 3158 4554 καταδίκης
3197 4490 3294 4539 καὶ
3353 4485 3549 4554 ποινῆς
3588 4479 3809 4546 ἐλεύθερον

567 4574 859 4630 dicamus:
918 4580 1362 4649 quandoquidem
1398 4581 1450 4635 id
1478 4598 1582 4637 non
1620 4585 1847 4654 emptio.
1883 4588 1977 4641 sed
2012 4588 2149 4642 obla«

2276 4581 2415 4639 εἶναι
2441 4583 2776 4654 θεσπίζομεν
2809 4583 2904 4636 τοῦ
2934 4583 3204 4654 παρόντος
3227 4582 3421 4653 νόμου,
3450 4581 3584 4635 ἀλλά
3609 4580 3690 4634 καὶ
3710 4593 3808 4628 πανο

568 4669 646 4721 ιίο
691 4679 792 4724 est.
829 4671 1062 4727 Constil.
1105 4673 1190 4737 16.
1238 4676 1318 4730 tit.
1350 4677 1404 4736 2.
1440 4677 1532 4732 lib.
1569 4692 1607 4742 ι,
1659 4691 1870 4734 nonest
1901 4680 2074 4749 posita
2110 4682 2164 4736 iu

571 4761 739 4815 llasil.
776 4778 954 4834 neque
987 4764 1197 4836 [etiam]
1233 4771 1454 4825 constit.
1491 4773 1558 4836 8,
1592 4772 1676 4826 tit.
1725 4772 1747 4825 l
1791 4772 2162 4842 Novellarum,

569 4872 692 4926 qua:
730 4870 813 4914 est
843 4861 900 4914 ll
941 4861 1232 4918 Justiniaui
1265 4868 1501 4922 novella.
1551 4869 1788 4925 Constit.
1825 4887 1956 4926 vero
1987 4873 2040 4930 5,
2078 4872 2162 4926 tit.

568 4949 604 5003 2
638 4948 1008 5016 Novellarum,
1061 4965 1146 5012 est
1198 4954 1500 5014 Justiniaui
1553 4964 1767 5018 novella
1802 4965 1922 5030 151,
1959 4980 2084 5033 quze
2115 4965 2166 5018 in

573 5044 669 5097 lib.
732 5061 786 5112 ν,
819 5048 902 5102 tit.
937 5049 993 5112 5,
1047 5066 1170 5120 cap.
1206 5052 1259 5114 1,
1311 5053 1550 5110 themate
1588 5057 1644 5118 ‘2,
1679 5059 1824 5112 hunc
1855 5061 1908 5111 in
1943 5058 2168 5112 modum

573 5137 751 5207 posita
798 5150 924 5196 est:
961 5143 1037 5197 Ac
1105 5155 1392 5214 propterea
1423 5148 1732 5216 sancimus,
1775 5159 1835 5203 ut
1862 5151 2167 5205 secumlum

574 5247 766 5286 eorum
817 5235 1162 5292 deﬁnitiones
1210 5239 1469 5294 sanctiss.
1522 5242 1726 5295 veteris
1769 5242 1957 5298 Romae
2005 5257 2168 5313 papa,

578 5327 789 5396 primus
820 5331 1064 5384 omnium
1091 5331 1444 5388 sacerdotum
1491 5334 1563 5390 sit
1594 5354 1608 5389 :
1657 5335 2010 5391 beatissimus
2047 5351 2175 5390 vero

578 5419 1544 5496 arcliiepiscopusConstantinopoiis
1572 5443 1725 5484 novae
1758 5428 1964 5492 Romzn,
1983 5445 2178 5484 secun-

577 5513 707 5569 dum
735 5513 914 5570 locum
943 5527 1064 5585 post
1091 5528 1338 5572 sant-tam
1371 5520 1729 5588 aposmlicam
1766 5520 1968 5576 veteris
1993 5519 2179 5573 Roma:

580 5603 766 5660 sedem
807 5606 1100 5672 obtineat,
1148 5610 1471 5680 czetct-isque
1522 5610 1777 5666 omnibus
1812 5610 2176 5682 Tprmfcratur.

582 5696 944 5754 Bcalissimus
1010 5711 1192 5756 autem
1264 5717 1363 5772 pro
1425 5713 1672 5774 tempore
1728 5703 2178 5773 archiepiscopus

627 5791 951 5848 ustiniauea:
970 5793 1157 5864 prima:
1178 5795 1369 5866 patria:
1394 5808 1619 5864 nostrze,
1646 5812 1862 5868 semper
1881 5797 1984 5853 sub
2004 5795 2179 5867 juris-

589 5883 828 5941 dictione
863 5902 960 5942 sua
1000 5887 1194 5944 liobcat
1228 5889 1516 5960 episcopos
1541 5890 1973 5960 pi'oviuciarium
2002 5889 2180 5947 Dacia:

2271 4677 2360 4739 τὸς
2388 4675 2613 4729 ἐπαίνου
2647 4673 2798 4738 ἄξιον
2857 4674 3119 4744 κρίνομεν
3159 4673 3352 4744 ἐπειδὴ
3399 4673 3561 4726 τοῦτο
3593 4671 3680 4724 ori:
3706 4666 3809 4718 ἐστιν

2271 4768 2482 4838 ἀγορὰ,
2523 4767 2656 4820 ἀλλὰ
2723 4767 3031 4838 προσφορά.
3081 4767 3144 4819 Ἦ
3199 4773 3274 4831 ις’
3323 4767 3470 4821 διατ,
3521 4765 3610 4820 τοῦ
3660 4763 3697 4833 β’
3737 4761 3808 4812 τίτ.

2275 4861 2371 4914 τοῦ
2420 4867 2468 4914 α’
2525 4859 2732 4931 βιϐλίου
2772 4861 2872 4912 οὐκ
2921 4859 3079 4930 ἐτέθη
3121 4861 3200 4924 είς
3233 4860 3303 4913 τά
3338 4859 3616 4930 βασιλικά.
3666 4852 3809 4917 Ούδὲὴ

2273 4960 2324 5026 η’
2349 4954 2488 5008 διάτ.
2523 4953 2616 5006 τοῦ
2647 4959 2694 5006 α’
2729 4952 2832 5007 τίτ.
2876 4953 2982 5004 τῶν
3011 4953 3336 5024 Νεαρῶν....
3378 4950 3518 5008 οὖσα
3563 4947 3810 5005 ’1ουστινιά-

2276 5066 2416 5111 νειος
2445 5047 2635 5118 νεαρά.
2683 5047 2747 5101 Ἡ
2773 5046 2827 5099 δὲ
2869 5053 2916 5114 γ’
2955 5047 3097 5102 διάτ.
3145 5046 3240 5100 τοῦ
3284 5047 3326 5117 β’
3359 5047 3469 5100 τίτ.
3501 5046 3606 5099 τῶν
3640 5040 3807 5109 Neapoli

2276 5147 2392 5197 ἐστι
2423 5143 2593 5212 νεαρά
2637 5141 3069 5206 Ἰουστινιὲινειος
3121 5143 3349 5212 κειμένη
3393 5143 3452 5194 ἐν
3486 5139 3664 5211 βιϐλίῳ
3687 5133 3808 5189 ε’τιῐίν

2279 5236 2605 5301 Βασιλικῶν,
2632 5235 2735 5290 τίτ.
2758 5235 2827 5304 γ’,
2859 5254 2986 5305 κεφ.
3019 5243 3088 5297 α’,
3125 5236 3322 5306 θέματι
3356 5234 3426 5305 β’,
3453 5234 3619 5298 οὕτως
3638 5231 3807 5302 ἔχουσι’

2279 5330 2390 5382 Καὶ
2422 5329 2511 5382 διὰ
2541 5327 2697 5382 τοῦτο
2751 5328 3086 5400 θεσπίζομεν
3145 5328 3287 5382 κατὰ
3317 5328 3446 5392 τοὺς
3499 5327 3666 5383 αὐτῶν
3699 5325 3810 5392 ὄρους

2280 5425 2370 5476 τὸν
2429 5423 2733 5492 ἁγιώτατον
2785 5423 2887 5493 τῆς
2953 5422 3332 5494 πρεσϐυτέρας
3401 5421 3618 5491 Ῥώμης
3653 5417 3808 5470 trimi

2281 5514 2499 5584 πρῶτον
2533 5509 2674 5568 εἶναι
2703 5512 2922 5566 πάντων
2965 5513 3073 5566 τῶν
3117 5514 3326 5584 ἱερέων,
3379 5513 3473 5566 τὸν
3502 5512 3557 5565 δὲ
3587 5501 3808 5580 μακαριώ-

2281 5627 2441 5662 τατον
2466 5607 2902 5679 ἀρχιεπίσκοττον
2954 5605 3582 5668 Κωνσταντινουπόλεως
3617 5601 3696 5671 τῆς
3720 5595 3807 5653 νέας

2295 5701 2515 5772 Ῥώμης
2537 5699 2795 5772 δευτέραν
2833 5695 2985 5764 τάξιν
3013 5698 3250 5769 ἐπέχειν,
3278 5698 3421 5767 μετὰ
3459 5697 3548 5750 τὸν
3569 5691 3805 5762 ἁγιώτατον

2284 5793 2641 5848 ἀποστολικδν
2673 5791 2859 5865 θρόνον
2874 5793 2973 5863 τῆς
3019 5791 3401 5864 πρεσϐυτέρας
3435 5777 3805 5859 Ῥὠμης,τῶνῦὲ

2291 5889 2465 5944 ἄλλων
2528 5886 2748 5942 πάντων
2796 5885 3196 5957 προτιμᾶσθαι,
3236 5883 3322 5938 τδν
3371 5883 3429 5936 δὲ
3470 5881 3604 5936 κατά
3641 5884 3807 5944 καιρῡις
