4022 6402
133 447 214 513 989
1081 445 1570 511 NOMOCANON.
1596 448 1841 512 --'TIT.
1885 451 1934 527 Ι,
1975 452 2133 515 CAP.
2174 455 2275 518 VI.

3274 458 3382 523 990

134 553 498 630 μακαριώτατον
547 552 981 627 ἀρχιεπίσκοπον
1027 557 1128 627 τῆς
1173 563 1220 610 α’
1276 556 1665 628 Ἱουστινιανῆς

1780 561 2208 633 mediterranea},
2238 573 2293 620 et
2340 561 2519 621 Dacia:
2574 564 2854 637 Ripeusis,
2897 566 3028 624 item
3077 565 3378 634 Prévaliie,

128 656 206 723 τῆς
233 652 482 724 ἡμετέρας
512 650 768 723 πατρίδος
824 652 971 724 ἔχειν
1021 653 1111 708 ἀεὶ
1172 653 1279 708 ὑπὸ
1321 655 1421 725 τὴν
1461 654 1670 709 οἰκείαν

128 746 438 805 δικαιοδοσίαν
464 746 588 808 τοὺς
620 746 959 811 ἐπισκόπους
998 746 1107 801 τῶν
1133 746 1416 819 ἐπαρχιῶν
1439 748 1666 812 Δακίας,

128 837 494 911 Μεδιτερανίας,
538 838 631 891 καὶ
660 838 867 902 Δακίας
907 838 1242 905 Ῥιπενσίας,
1295 838 1667 911 Πραιὸαλέας,

127 936 200 990 καὶ
224 932 520 1005 Δαρδανίας,
560 932 654 985 καὶ
711 932 930 996 Μυσίας
953 932 1051 1003 τῆς
1078 932 1383 1004 ἁνωτέρας,
1414 930 1511 986 καὶ
1540 932 1669 1004 παρ’

126 1025 260 1080 αύτοῦ
308 1023 522 1087 τούτους
576 1024 1026 1094 χειροτονεῖσθαι,
1085 1024 1179 1076 καὶ
1221 1025 1278 1076 ἐν
1326 1024 1518 1087 αὑταῖς
1548 1024 1671 1087 ταῖς

127 1118 466 1189 ὑποκειμέναις
519 1116 668 1187 αὑτῷ
723 1116 1018 1188 ἐπαρχίαις
1097 1116 1189 1169 τὸν
1237 1116 1404 1169 τόπον
1452 1116 1670 1187 ἐπέχειν

127 1214 256 1269 αὑτὸν
309 1211 394 1264 τοῦ
454 1210 813 1265 ἀποστολικοῦ
884 1209 1107 1281 Ῥώμης
1152 1211 1369 1283 θρόνου,
1417 1211 1561 1265 κατὰ
1601 1211 1669 1265 τὰ

126 1306 365 1379 ὁρισθέντα
416 1305 520 1359 ὑπὸ
572 1305 668 1358 τοῦ
704 1306 859 1373 ἁγίου
901 1305 1058 1358 πᾶπα
1090 1304 1395 1359 Βασιλείου,
1442 1304 1552 1357 Καὶ
1575 1302 1668 1356 τὸν

127 1404 275 1470 ὅμοιον
297 1399 489 1470 τρόπον
538 1399 599 1452 τὸ
665 1399 876 1452 δίκαιον
936 1400 1033 1469 τῆς
1079 1396 1493 1470 ἀρχιερωσύνης
1529 1398 1669 1469 ὅπερ

126 1494 186 1565 τῷ
206 1493 460 1564 ἐπισκόπῳ
487 1494 873 1564 ’ῐουστινιανῆς
903 1495 1063 1565 Καρχ
1076 1494 1253 1564 ηδόνος
1266 1494 1366 1565 τῆς
1398 1493 1668 1564 Ἀφρικῆς

125 1589 394 1657 διοικήσεως
418 1585 731 1657 δεδώκαμεν
766 1586 825 1654 ἐξ
850 1583 1023 1659 οὗπερ
1050 1592 1078 1642 ό
1128 1587 1259 1652 Θεὸς
1284 1586 1492 1660 ταύτην
1530 1588 1665 1658 ἡμῖν

125 1680 484 1751 ἀποκατέστησε
537 1680 911 1749 φυλάττεσθαι
968 1680 1283 1751 κελεύομεν.
1348 1680 1666 1751 Σημείωσαι

124 1772 209 1825 ἀπὸ
253 1772 338 1841 τῆς
381 1770 664 1843 παρούσης
710 1771 1146 1826 Ἰουστινιανείου
1196 1772 1399 1842 νεαρᾶς
1424 1771 1492 1824 τὰ
1533 1786 1667 1840 προ-

124 1865 253 1934 νόμια
292 1863 378 1917 τοῦ
441 1866 878 1935 ἀρχιεπισκόπου
940 1864 1300 1936 Βουλγαρίας,
1360 1857 1516 1927 οὗτος
1554 1863 1661 1933 γάρ

122 1960 238 2010 ἐστιν
255 1957 667 2027 ἁρχιεπίσκοπος
694 1957 796 2027 τῆς
824 1955 874 2010 α’
904 1957 1296 2027 ’1ουστινιανῆς
1324 1956 1425 2025 τῆς
1456 1954 1656 2026 πατρί-

1774 670 1838 712 ac
1884 656 2187 726 Dardaniae,
2232 668 2288 715 et
2344 657 2533 731 Mysim
2584 659 2887 731 superioris
2928 678 2942 716 :
2981 670 3038 717 et
3075 661 3145 717 ab
3174 663 3295 732 ipso
3321 661 3379 717 hi

1772 749 2118 813 ordinentur,
2171 758 2225 804 et
2287 749 2341 804 in
2403 750 2704 820 provinciis
2760 750 2863 821 ipsi
2889 753 3155 824 subjectis
3191 754 3376 810 locum

1774 850 1958 897 teneat
1981 842 2297 913 apostolica:
2324 843 2470 899 sedis
2496 840 2781 909 Romanae,
2814 846 3121 902 secundum
3145 861 3210 902 ea
3247 862 3373 918 quae

1773 945 1998 990 sanctus
2026 951 2165 1006 papa
2196 934 2428 1004 Vigilius
2473 937 2784 992 constituit.
2811 938 3103 994 Consimili
3131 940 3294 995 modo
3319 951 3376 998 et

1773 1028 2243 1098 archiepiscopale
2271 1044 2474 1083 munus
2499 1070 2515 1095 ,
2546 1029 2693 1099 quod
2726 1030 2987 1101 episcopo
3021 1029 3381 1087 Justinianeae

1771 1118 2118 1189 Carthaginis
2154 1118 2426 1174 Africana)
2475 1120 2778 1178 diceceseos
2823 1122 3112 1189 dedimus,
3148 1139 3215 1179 ex
3267 1138 3383 1194 quo

1774 1210 1918 1266 Deus
1968 1212 2131 1267 nobis
2178 1212 2322 1267 hanc
2393 1214 2656 1281 restituit,
2720 1216 3037 1271 conservari
3095 1216 3377 1287 juhemus.

1771 1303 1910 1358 Nota
1940 1320 2069 1359 vero
2103 1320 2168 1359 ex
2203 1306 2458 1374 praesenti
2506 1304 2859 1363 Jusliuianea
2890 1309 3124 1373 novella,
3158 1309 3383 1378 privile-

1771 1396 1857 1467 εἰει
1881 1395 2275 1466 archiepiscopi
2296 1395 2583 1465 Bulgarize.
2617 1397 2716 1454 Hic
2746 1414 2984 1470 namque
3005 1410 3090 1454 est
3110 1401 3384 1473 archiepi-

1772 1504 1973 1559 scopus
2043 1492 2232 1559 prima:
2292 1487 2695 1554 Justiniaueae,
2756 1493 2948 1561 patriae
3027 1494 3381 1564 imperatoris

1770 1580 2091 1635 Justiuiani.
2131 1583 2310 1651 Atque
2344 1581 2599 1653 Bulgaria
2632 1583 2852 1653 quidem
2885 1597 3173 1656 propterea
3206 1585 3381 1642 Justi—

1772 1675 1965 1730 nianea
2035 1674 2258 1732 dicitur.
2322 1675 2593 1731 Caeterum
2682 1676 3023 1733 Justinianea
3104 1677 3383 1751 Carthago

1768 1768 2041 1824 Africanae
2094 1769 2396 1824 dimceseos
2431 1810 2447 1836 ,
2507 1778 2824 1839 nuncupata
2871 1769 3215 1827 Justinianea
3271 1779 3380 1837 est,
3452 1800 3470 1807 -

1771 1862 1914 1932 quod
1985 1862 2286 1932 imperator
2313 1862 2664 1919 Justinianus
2700 1863 2983 1934 regionem
3030 1863 3181 1918 illam
3214 1863 3380 1920 resti—

1770 1957 1934 2011 tuerit
1986 1959 2359 2012 Romanorum
2389 1958 2643 2028 imperio.
2676 1958 2753 2012 Ac
2781 1958 2987 2014 idcirco
3024 1960 3191 2014 etiam
3241 1974 3383 2029 prae-

122 2046 286 2110 δοςτού
311 2046 567 2119 βασιλέως
609 2048 1016 2103 Ἰουστινιανοῦ.
1071 2048 1180 2100 Καὶ
1217 2048 1248 2118 ὴ
1294 2048 1392 2119 μὲν
1418 2046 1663 2116 Βουλγα-

1780 2064 1891 2105 ιριιε
1951 2058 2114 2119 caput
2180 2050 2235 2103 in
2291 2050 2651 2121 inscriptione
2708 2050 2960 2105 meminit
3040 2051 3381 2121 privatorum

126 2140 194 2207 ρία
220 2136 294 2191 διὰ
316 2137 465 2192 τοῦτο
485 2139 737 2193 καλεῖται
774 2140 1129 2209 Ἰουστινιανὴ
1158 2140 1248 2192 διὰ
1295 2138 1356 2192 τὸ
1378 2139 1471 2193 τὸν
1508 2137 1665 2209 βασι-

1762 2141 2036 2199 Africana:
2067 2143 2443 2213 Carthaginis,
2496 2145 2639 2215 quod
2661 2155 2745 2199 est
2786 2145 3217 2215 privilegiormm
3237 2145 3382 2216 ejus.

122 2232 195 2283 λέα
232 2232 588 2285 ’1ουστινιανὸν
648 2232 1100 2303 ἀποκαταστῆσαι
1147 2234 1212 2303 τῇ
1262 2230 1514 2303 βασιλείᾳ
1558 2230 1665 2285 τῶν

1780 2234 2077 2290 Secundum
2129 2236 2352 2303 Latinos
2400 2237 2547 2291 enim
2598 2238 2877 2306 privatum
2925 2237 3129 2292 dicitur
3179 2237 3240 2290 τὸ
3278 2238 3379 2291 ὶδι-

130 2324 368 2393 Ῥωμαίων
407 2323 504 2395 τὴν
564 2325 826 2395 τοιαύτην
861 2323 1065 2395 χώραν.
1108 2324 1207 2379 Διά
1246 2328 1356 2396 γὰρ
1382 2324 1540 2378 τοῦτο
1571 2325 1666 2395 μέ-

123 2421 360 2487 μνηταιτὸ
386 2420 556 2490 παρὸν
618 2437 744 2490 κεφ.
792 2421 870 2483 είς
915 2422 1016 2491 τὴν
1066 2420 1381 2491 ἐπιγραφὴν
1426 2418 1659 2473 καὶτῶν

122 2512 352 2583 πριϐἀτων
378 2514 473 2583 τῆς
500 2515 558 2567 ἐν
591 2516 661 2585 τῇ
709 2514 944 2585 Ἀφρικῇ
1000 2513 1369 2585 Καρχηδόνος,
1419 2512 1662 2583 δηλονότι

120 2606 203 2659 τῶν
226 2607 511 2678 προνομίων
556 2608 751 2678 αὐτῆς.
803 2607 1076 2677 ῐιρίϐατον
1118 2609 1227 2680 γὰρ
1268 2609 1487 2675 λέγεται
1527 2608 1669 2661 κατά

1766 2328 1881 2381 κόν.
1910 2326 2053 2399 Lege
2085 2344 2216 2383 vero
2242 2328 2406 2384 etiam
2459 2329 2620 2384 finem
2655 2329 2854 2385 scholii
2901 2331 3190 2401 praesentis
3227 2329 3380 2401 capi-

1767 2423 1863 2485 tis,
1898 2422 1992 2492 qui
2034 2438 2162 2491 pars
2211 2432 2297 2479 est
2352 2423 2445 2477 151
2479 2420 2840 2477 .lustinianea:
2891 2422 3139 2489 novellae,
3168 2430 3225 2477 et
3260 2431 3378 2478 sta-

1770 2515 1897 2581 tuit,
1937 2524 1997 2569 ut
2045 2515 2291 2571 Ecclesia
2350 2514 2805 2585 Carthagineusis
2867 2514 3186 2586 apostolici?
3220 2514 3377 2573 sedis

1776 2608 2060 2679 privilegia
2092 2609 2312 2663 haheat.

125 2699 340 2761 Λατίνους
363 2700 423 2753 τὸ
450 2700 641 2755 ἰδικόν.
678 2700 789 2755 Καὶ
846 2700 1130 2769 ἀνάγνωθι
1159 2701 1219 2754 τὸ
1248 2701 1403 2764 τέλος
1468 2699 1563 2754 ’τοῦ
1600 2700 1849 2772 σχολαίου
1882 2700 1975 2754 τοῦ
2032 2702 2301 2773 παρόντος
2377 2719 2501 2771 κεφ.
2575 2700 2739 2771 μέρος
2773 2699 2833 2755 δν
2862 2700 2961 2771 τῆς
2988 2699 3103 2773 ρλα¹
3151 2701 3380 2756 Ἰουστι-

122 2797 310 2850 νιανείου
333 2799 547 2871 νεαρᾶς,
576 2800 673 2852 καὶ
703 2797 1070 2869 διοριζόμενον
1096 2796 1241 2868 ἔχειν
1269 2798 1362 2851 καὶ
1391 2798 1491 2868 τὴν
1521 2796 1850 2868 Ἐκκλησίαν
1912 2800 2013 2870 τῆς
2040 2798 2395 2870 Καρχηδόνος
2453 2797 2523 2851 τὰ
2573 2797 2847 2869 προνόμια
2901 2795 2997 2851 τοῦ
3019 2796 3381 2853 ἀποστολικοῦ

122 2889 294 2960 θρόνου.

174 2983 394 3040 ΚΕΦΑΛ.
428 2987 518 3052 εἷ’.
543 3015 613 3026 -
643 2984 782 3054 Περὶ
802 2984 909 3039 τοῦ
930 2984 1101 3049 τινας
1134 2983 1232 3037 καὶ
1260 2982 1378 3036 ποῦ
1410 2999 1673 3051 χειροτο-

122 3075 301 3131 νοῦσιν
345 3080 724 3146 ἐπισκόπους
791 3078 828 3146 ἢ
884 3077 1251 3146 κληρίκοὺς,
1309 3076 1410 3131 καὶ
1472 3077 1582 3130 ἐὰν
1637 3078 1671 3130 ό

122 3175 508 3243 χειροτονηθείς
533 3174 636 3229 διὰ
664 3173 954 3230 λιόἐλλου
980 3172 1348 3243 παραιτεῖται
1389 3171 1504 3241 τὴν
1531 3172 1663 3226 ἐπι-

123 3266 343 3332 σκοπήν.

185 3358 489 3416 Ἀποστόλων
551 3361 737 3417 κανὼν
774 3360 844 3428 α’,
897 3359 963 3432 β’,
1010 3357 1085 3414 λε’
1110 3377 1123 3391 ·
1165 3358 1389 3413 συνόδου
1423 3356 1662 3420 Νικαίας

120 3453 263 3509 κανὼν
297 3456 357 3520 δ’,
412 3458 633 3513 συνόδου
668 3456 999 3526 ’Δντιοχείας
1040 3453 1131 3524 ιγ’,
1168 3452 1252 3519 ιδ’,
1281 3452 1364 3524 κβ⁹
1391 3471 1404 3484 ο
1442 3451 1661 3506 συνόδου

121 3546 395 3615 Λαοδικείας
452 3551 638 3605 κανὼν
692 3549 754 3615 ε’,
810 3548 912 3621 ιβ’·
948 3549 1169 3603 συνόδου
1220 3547 1447 3617 Ἐφέσου
1481 3544 1663 3601 κανὼν

119 3636 173 3707 η’·
203 3642 285 3695 καὶ
323 3645 573 3716 ἐπιστολὴ
615 3644 749 3715 πρὸς
799 3645 898 3715 τὴν
936 3645 995 3697 ἐν
1052 3642 1354 3715 Παμφυλίᾳ
1404 3640 1623 3694 σύνοδον
1646 3653 1661 3668 '

121 3733 299 3786 συνόδου
342 3738 614 3809 Σαρδικῆς
673 3736 856 3791 κανὼν
915 3743 967 3802 ς’
995 3752 1009 3767 ⁸
1063 3736 1283 3790 συνόδου
1318 3733 1664 3804 Χαλκηδόνος

119 3825 264 3879 κανὼν
288 3827 367 3899 κη’
394 3848 407 3861 ο
438 3832 662 3885 συνόδου
697 3831 1091 3901 Καρθαγέννης
1109 3828 1290 3883 κανὼν
1309 3826 1399 3896 ιγ’,
1429 3825 1518 3895 ιη’,
1551 3822 1662 3895 μθ’,

120 3916 220 3979 νῖ”
263 3922 471 3976 συνόδου
529 3923 585 3989 ς’
658 3923 839 3978 κανὼν
876 3923 977 3992 λγ’,
1008 3921 1081 3987 λζ’
1111 3941 1124 3955 ⁸
1174 3923 1397 3977 συνόδου
1428 3920 1664 3984 Νικαίας

117 4009 163 4058 τὸ
188 4008 223 4078 β’
260 4012 430 4067 κανὼν
480 4014 559 4086 ﬁ"
606 4017 828 4070 συνόδου
867 4015 914 4069 α’
948 4018 1040 4070 καὶ
1073 4013 1139 4086 β’,
1194 4013 1665 4084 συγκροτηθείσης

118 4098 162 4149 ἐν
188 4104 759 4178 Κωνςταντινουπόλει,
788 4111 844 4163 ἐν
878 4108 957 4180 τῷ
987 4108 1101 4180 ναῷ
1138 4109 1247 4161 τῶν
1294 4108 1466 4176 ἁγίων
1496 4108 1665 4162 Ἀπο-

120 4195 286 4251 στόὶων
332 4201 508 4255 κανὼν
569 4210 685 4268 ις’·
744 4203 1025 4257 Βασιλείου
1073 4202 1332 4273 ἐπιστολὴ
1369 4200 1507 4274 πρὸς
1537 4204 1665 4266 τοὺς

118 4297 544 4361 χιιιρεπιιικόπους⁸
612 4298 884 4370 Κυρίλλου
928 4300 992 4352 ἐκ
1020 4298 1120 4369 τῆς
1156 4298 1292 4366 πρὸς
1324 4298 1528 4369 Δόμνον
1553 4298 1671 4350 ἐπι-

118 4383 276 4453 στολῆς
317 4387 491 4442 κανὼν
519 4388 593 4457 α’,
621 4388 669 4459 γ’
698 4408 711 4421 ·
748 4390 1023 4461 Κυρίλλου
1064 4392 1130 4444 ἐκ
1163 4391 1261 4460 τῆς
1288 4392 1425 4461 πρὸς
1457 4392 1583 4454 τοὺς
1607 4391 1666 4443 ἐν

118 4472 260 4545 Λιϐύῃ
312 4481 402 4533 καὶ
456 4482 794 4537 Πενταπόλει
856 4484 1189 4547 ἐπισκόπους
1240 4483 1531 4555 ἐπιστολῆς
1565 4500 1666 4535 κα-

116 4563 202 4618 νὼν
245 4569 307 4634 α’.
372 4581 456 4643 γ”
516 4576 780 4646 Θεοφίλου
852 4580 915 4632 ἐκ
973 4578 1069 4632 τοῦ
1112 4578 1521 4649 ύπομνηστικοῦ
1569 4596 1669 4631 κα-

117 4657 201 4711 νὼν
232 4662 298 4727 ς’,

169 4756 451 4827 Ιιείμενον.
504 4762 720 4817 Βιϐλίον
767 4762 813 4816 α’
857 4763 950 4817 τοῦ
986 4764 1251 4829 Κώδικος,
1294 4782 1401 4818 τιτ.
1432 4762 1516 4832 γ’,
1553 4764 1669 4818 διά-

115 4846 238 4911 ταξις
290 4852 372 4924 ιβ’,
424 4854 487 4923 λ’,
528 4856 638 4928 μβ’,
684 4856 793 4929 μζ,
828 4856 925 4928 νβ’,
966 4858 1059 4911 καὶ
1097 4858 1201 4913 τίτ.
1227 4856 1275 4910 α’
1300 4858 1407 4911 τῶν
1436 4858 1668 4929 Νεαρῶν

114 4937 321 5010 διὰταξις
344 4947 410 5017 α’,
438 4950 505 5022 β’,
552 4950 640 5017 ιζ’.

172 5040 427 5106 Σχόλιον.
466 5045 530 5098 Ἠ
564 5044 648 5116 ιβ’
681 5047 927 5114 διάταξις
972 5049 1068 5100 καὶ
1127 5048 1160 5117 ἡ
1200 5044 1265 5112 λ’,
1304 5046 1416 5116 μβ’,
1448 5048 1533 5115 pc
1573 5046 1666 5098 καὶ

118 5126 286 5195 νβ’τοῦ
316 5134 557 5205 γ’τίτλου
616 5139 708 5193 τοῦ
772 5139 819 5193 α’
876 5139 1083 5211 βιϐλίου
1124 5140 1219 5192 τοῦ
1278 5139 1525 5201 Κώδικος
1567 5140 1667 5191 ούκ

115 5219 343 5297 ἐτέθησαν
383 5234 463 5296 εἰς
496 5234 565 5287 τὰ
598 5233 874 5303 βασιλικά.
916 5236 976 5287 'U
1000 5235 1055 5287 δὲ
1092 5233 1141 5287 α’
1172 5233 1348 5297 τίτλος
1380 5235 1489 5286 τῶν
1520 5234 1667 5287 Νεα-

118 5315 204 5380 Ρῶν
231 5324 313 5375 καὶ
343 5325 374 5395 ἡ
407 5325 575 5379 αὑτοῦ
602 5325 649 5379 α’
671 5329 764 5380 καὶ
791 5326 834 5397 β’
860 5328 951 5381 καὶ
994 5326 1077 5393 ιζ’,
1102 5325 1373 5393 διατάξεις
1405 5326 1668 5396 ἐτέθησαν

116 5407 180 5469 εἷς
205 5414 387 5484 νεαρὰς
411 5418 501 5471 τοῦ
535 5418 917 5473 Ὶουστινιανοῦ
954 5418 1028 5485 ς’,
1078 5418 1195 5491 ρκγ¹
1222 5419 1318 5473 καὶ
1355 5417 1489 5487 ρλζ’.
1522 5418 1669 5488 Πλὴν

115 5497 141 5565 ἡ
171 5500 255 5567 μὲν
284 5505 378 5560 οὐκ
432 5509 591 5580 ἐτέθη
648 5513 727 5575 είς
761 5511 830 5564 τὰ
878 5511 1163 5565 Βασιλικὰ.
1213 5511 1278 5563 Ἠ
1315 5511 1371 5563 δὲ
1405 5507 1522 5578 ρκγ⁹
1550 5510 1667 5561 ἐστὶ

113 5604 216 5659 κεφ.
250 5595 309 5659 θ’,
338 5598 429 5651 τοῦ
449 5598 496 5653 α’
524 5600 656 5667 τίτ.,
703 5603 798 5655 τοῦ
836 5600 882 5670 γ’
927 5603 1136 5673 βιϐλίου
1183 5603 1323 5672 ὅπερ
1360 5603 1455 5655 καὶ
1503 5600 1667 5669 ἐτέθη

114 5684 221 5754 παρ’
244 5689 389 5758 ἡμῶν
424 5694 504 5757 είς
540 5711 664 5766 κεφ.
704 5702 743 5749 ε’
785 5694 879 5749 τοῦ
937 5695 1203 5767 παρόντος
1246 5694 1354 5749 τίτ.
1394 5694 1488 5747 καὶ
1515 5692 1668 5763 ζήτει

112 5775 240 5831 αὑτό.
282 5780 343 5835 Ἡ
368 5783 422 5837 δὲ
453 5784 586 5857 ρλζ,
616 5790 787 5860 νεαρά
813 5791 929 5842 ἐστι
962 5807 1087 5859 κεφ.
1114 5795 1165 5859 η’
1211 5787 1305 5841 τοῦ
1338 5784 1386 5841 α’
1425 5784 1667 5855 τιτοιτοῦ

113 5865 151 5931 γ’
178 5868 365 5939 βιϐλίου
419 5879 559 5951 ὅπερ
617 5882 885 5953 κατετέθη
930 5886 1009 5946 εἰς
1052 5884 1264 5955 σχόλιον
1317 5882 1411 5937 τοῦ
1446 5889 1495 5954 η’
1538 5898 1663 5951 κεφ.

114 5960 189 6013 τοῦ
217 5970 471 6039 παρόντος
529 5972 637 6030 τίτ.
698 5976 824 6047 περὶ
848 5976 908 6029 τὸ
956 5976 1131 6041 τέλος»
1172 5976 1265 6029 καὶ
1300 5974 1453 6046 ζήτει
1484 5974 1663 6029 τοῦτο’

1697 4663 1746 4722 D

1855 2979 2010 3035 CAP.
2049 2978 2137 3034 Vl.
2170 3010 2237 3021 --
2287 2979 2413 3046 Qui,
2460 2987 2509 3033 et
2542 2979 2632 3033 ubi
2664 2981 2974 3036 ordinentur
3005 2981 3255 3052 episcopi,
3287 2989 3383 3036 aut

1775 3076 1973 3141 clerici,
2033 3085 2080 3129 et
2128 3076 2173 3129 si
2224 3076 2509 3130 ordinatus
2565 3094 2659 3146 per
2723 3076 2959 3131 libellum
3012 3078 3382 3149 episcopatum

1775 3178 2001 3222 recuset.

1847 3357 2232 3428 Apostolorum
2259 3373 2437 3413 canon
2472 3360 2523 3422 1,
2555 3359 2612 3424 2,
2646 3358 2752 3425 55;
2786 3358 3004 3413 concilii
3053 3355 3259 3412 Niczeui
3289 3371 3386 3412 ca-

1777 3466 1887 3503 non
1917 3450 1973 3513 ‘4,
2028 3450 2245 3506 concilii
2274 3450 2606 3507 Antiocheni
2639 3466 2822 3506 canon
2872 3451 2961 3509 15,
3000 3450 3090 3517 19,
3119 3449 3212 3515 22,
3241 3464 3381 3504 con-

1777 3546 1885 3600 cilii
1936 3544 2231 3601 Laodiceni
2260 3561 2438 3601 canon
2465 3546 2519 3607 5,
2546 3545 2646 3613 12;
2673 3545 2889 3601 concilii
2922 3544 3179 3615 Ephesini
3204 3558 3379 3598 canon

1774 3638 1829 3699 8.
1862 3648 1913 3695 et
1942 3640 2168 3709 epistola
2220 3639 2287 3693 ad
2317 3639 2724 3709 Pamphiliense
2756 3638 3051 3693 concilium
3099 3633 3318 3708 [missa]
3363 3650 3379 3700 ;

1777 3732 1997 3788 concilii
2032 3731 2378 3787 Sardicensis
2408 3747 2584 3787 canon
2614 3730 2681 3798 6;
2712 3730 2932 3785 concilii
2959 3728 3382 3784 Chalcedonen—

1780 3830 1858 3883 sis
1887 3843 2061 3882 canon
2099 3826 2200 3893 28;
2230 3826 2451 3881 concilii
2483 3823 2938 3895 Carthagincnsis
2956 3836 3134 3876 canon
3169 3820 3256 3882 15.
3285 3818 3379 3906 18,

1778 3920 1868 3985 69,
1912 3919 2001 3986 56,
2048 3920 2156 3985 98;
2212 3919 2430 3974 concilii
2475 3918 2613 3973 sexti
2664 3931 2839 3971 canon
2887 3916 2978 3980 55,
3007 3914 3072 3968 57
3106 3930 3120 3980 ;
3154 3911 3381 3969 concilil

1780 4012 1984 4067 Nicaeni
2013 4009 2239 4066 secundi
2279 4024 2455 4065 canon
2483 4010 2558 4076 2;
2609 4007 2826 4064 concilii
2855 4005 3019 4077 primi
3056 4015 3111 4060 et
3138 4002 3369 4059 secundi

1778 4103 2255 4173 Constantinpoli
2314 4102 2366 4156 in
2444 4101 2557 4155 aede
2596 4114 2916 4157 sanctorum
2972 4098 3366 4167 Apostolou'um

1781 4198 1956 4253 coacti
2010 4213 2188 4252 canon
2252 4195 2834 4266 l6;Basiliiepistola
2865 4194 2931 4248 ad
2974 4190 3204 4247 ditionis
3258 4205 3376 4245 sua:

1782 4293 2095 4363 episcopos,
2123 4291 2310 4363 Cyrilli
2341 4307 2408 4345 ex
2439 4290 2667 4360 cpistola
2696 4288 2762 4341 ad
2794 4287 3061 4341 Domuum
3117 4300 3293 4340 canon
3323 4283 3378 4346 1,

1781 4388 1836 4454 5;
1864 4386 2049 4457 Cyrilli
2078 4401 2143 4441 ex
2164 4384 2393 4452 epistola
2423 4383 2488 4438 ad
2521 4383 2805 4452 episcopos
2831 4379 3016 4451 Libya:
3037 4387 3093 4433 et
3115 4379 3387 4448 Pentapo-

1779 4482 1847 4536 lis
1873 4497 2049 4536 canon
2101 4481 2151 4545 1,
2211 4481 2284 4546 5;
2331 4477 2617 4548 Theophili
2670 4493 2738 4532 ex
2794 4473 3224 4531 commonitorio
3283 4486 3383 4527 ca-

1783 4590 1890 4630 non
1923 4575 1977 4630 5.

1847 4762 2064 4818 Tenus.
2109 4762 2228 4816 Lib.
2272 4759 2407 4815 Cod.
2443 4762 2492 4822 1,
2532 4760 2616 4815 til.
2660 4760 2725 4826 5,
2757 4756 2980 4814 constit.
3023 4756 3113 4821 12,
3154 4754 3243 4821 50,
3283 4752 3377 4821 ιε,

1770 4856 1863 4921 17,
1894 4856 1982 4924 52,
2015 4864 2070 4911 et
2095 4856 2177 4911 tit.
2218 4857 2236 4909 1
2282 4852 2630 4910 Novellarum
2663 4852 2888 4909 constit.
2920 4852 2974 4917 1,
3002 4850 3038 4905 2
3068 4857 3122 4905 et
3145 4848 3236 4904 17.

1843 5039 2134 5095 Scholium.
2172 5037 2407 5093 Constit.
2469 5036 2557 5101 12,
2594 5036 2685 5101 50,
2723 5034 2814 5097 42,
2848 5035 2937 5098 47,
2968 5034 3037 5088 52
3087 5031 3171 5085 tit.
3199 5030 3251 5095 1,
3279 5028 3374 5083 lib.

1775 5150 1786 5186 ι
1814 5178 1825 5193 ,
1861 5133 2001 5187 Cod.
2033 5134 2083 5185 in
2113 5130 2280 5187 Busil.
2316 5146 2421 5184 non
2456 5139 2585 5195 sunt
2627 5130 2835 5198 positae.
2866 5127 3086 5181 Primus
3117 5138 3249 5178 vero
3290 5123 3377 5178 tit.

1770 5226 2138 5286 Nivellaruni.
2201 5223 2638 5294 cjusdcmquei,
2676 5222 2711 5276 2
2766 5233 2819 5275 ct
2874 5220 2942 5273 17
2993 5218 3215 5274 constit.
3247 5216 3379 5271 suni

1771 5321 1825 5375 in
1865 5318 2106 5372 Novellis
2128 5316 2425 5372 Iustiniani
2452 5315 2517 5379 6,
2548 5316 2652 5369 125
2685 5324 2739 5369 et
2767 5313 2891 5371 157.
2920 5311 3143 5365 Interim
3180 5308 3235 5373 6,
3265 5322 3375 5361 non

1770 5424 1852 5469 est
1888 5413 1939 5466 in
1992 5411 2156 5468 Bzisil.
2201 5411 2403 5482 posita.
2450 5409 2553 5464 125
2587 5423 2720 5463 vero
2773 5418 2859 5463 est
2917 5422 3038 5476 cap.
3074 5406 3128 5467 9,
3194 5402 3284 5456 tit.
3318 5401 3372 5466 1,

1772 5510 1865 5579 iiii.
1901 5524 1983 5574 ιιι,
2031 5507 2174 5576 quod
2231 5521 2261 5560 ξι
2294 5506 2457 5559 nohis
2512 5502 2750 5572 positum
2803 5508 2889 5556 est
2922 5500 2976 5553 in
3010 5512 3130 5567 cap.
3170 5495 3203 5549 5
3234 5508 3374 5563 pra:-

1770 5600 1941 5657 scntis
2002 5599 2083 5653 tit.
2141 5598 2285 5667 quod
2319 5610 2556 5668 quaeras.
2618 5592 2840 5648 Novella
2901 5599 3080 5645 autem
3143 5586 3241 5641 157
3288 5590 3374 5639 est

1770 5709 1891 5764 cap.
1928 5694 1981 5756 8,
2017 5693 2099 5745 tit.
2138 5691 2189 5753 1,
2226 5691 2319 5744 lib.
2356 5704 2438 5752 ιιι,
2463 5688 2606 5759 quod
2636 5698 2919 5755 aspersum
2949 5690 3035 5735 est
3063 5676 3285 5733 scholio
3312 5675 3367 5741 8,

1770 5802 1892 5857 cap.
1936 5785 2222 5857 praesentis
2280 5784 2362 5838 tit.
2398 5783 2541 5838 circa
2600 5783 2784 5843 linem,
2826 5775 2971 5848 quod
3004 5774 3166 5829 etiam
3211 5783 3366 5840 qua:-

1772 5895 1882 5937 ras.
