3870 6290
587 379 687 446 991

1730 382 1995 445 ΡΗΟΤΙΙ
2022 383 2204 445 PATF

2320 384 2533 447 RCII/E
2572 386 2679 445 CP.
2776 380 2781 388 ’
3691 399 3765 466 992

657 489 813 546 CAP.
838 489 956 548 VII.
1002 522 1072 537 —
1127 493 1446 549 Electionem
1498 494 1836 549 sacerdotum
1866 497 2182 565 promiscua:

2360 501 2610 552 ΚΕΦΑΛ.
2638 500 2711 553 Z'.
2756 528 2813 538 -—
2844 497 2983 567 Περὶ
3037 497 3146 553 τοῦ
3192 496 3277 568 μὴ
3312 499 3451 569 χρῆν
3483 504 3591 574 τοῖς
3618 508 3768 583 ὄχλοις

585 584 725 656 plebi
757 589 1167 657 permittendum
1204 607 1307 644 non
1337 607 1469 645 esse.

652 702 882 760 Concilii
937 702 1294 761 Laodicensis
1346 706 1656 771 canon15;
1707 703 1929 761 concilii
1976 703 2184 759 Nicaeni

588 795 817 852 secundi
845 811 1023 852 canon
1056 797 1111 851 5.

658 913 814 969 CAP.
860 912 994 971 V'lll.
1032 943 1100 957 —-
1134 912 1212 969 De
1259 916 1700 983 contradictione,
1731 934 1849 988 qua:
1875 918 1926 971 in
1956 917 2188 987 episcopi

580 1006 928 1062 ordinatione
952 1009 1035 1079 ﬁt.

657 1124 889 1181 Concilii
924 1126 1252 1182 Antioclieni
1294 1143 1469 1185 canon
1505 1128 1613 1195 19;
1672 1128 1893 1185 concilii
1950 1128 2186 1186 Cartha-

589 1216 832 1288 ginensis
856 1233 1031 1273 canon
1065 1221 1154 1285 49,
1187 1222 1277 1277 55.

662 1330 883 1389 Toxlus.
914 1331 1023 1389 Tit.
1067 1335 1091 1388 1
1128 1333 1501 1404 Novellarum,
1538 1347 1717 1394 const.
1754 1339 1805 1403 1,
1840 1338 1895 1406 2,
1935 1338 2022 1402 17,
2058 1349 2189 1404 etc.,

600 1443 765 1497 usque
804 1428 874 1482 ad
909 1438 964 1484 et
1013 1430 1312 1499 praesulum
1343 1427 1916 1503 [monasteriorum],
1966 1440 2025 1485 ut
2067 1448 2191 1503 pag.

585 1521 715 1579 495.

658 1632 954 1688 δσΙιοίὶιιηι.
1006 1634 1249 1691 Constit.
1289 1636 1336 1701 ι,
1393 1636 1479 1692 tit.
1518 1635 1947 1702 1Novcllarum,
1978 1644 2062 1692 est
2100 1651 2199 1691 n0-

587 1725 726 1781 vella
780 1725 1077 1781 Justiniani
1117 1728 1173 1793 6,
1215 1744 1338 1799 quae
1404 1730 1457 1783 in
1493 1728 1661 1784 Basil.
1723 1747 1829 1785 non
1861 1742 1943 1787 est
1989 1734 2196 1803 posita.

589 1816 826 1871 Constit.
856 1817 892 1871 2
922 1818 1170 1887 ejusdem
1231 1821 1372 1875 1tit.
1418 1818 1791 1885 Novellarum,
1840 1834 1925 1879 est
1974 1828 2191 1883 novella

2291 591 2636 662 ἐπιτρέπειν
2673 591 2787 659 τὴν
2808 591 2927 645 τῶν
2956 591 3159 661 ἱερέων
3184 590 3478 662 ἐπιλογήν.

2357 705 2586 760 Συνόδου
2639 704 2960 769 Λαοδικείας
2994 702 3177 758 κανὼν
3231 701 3337 774 ιγ’·
3384 706 3575 763 συνόδου
3604 710 3775 782 Νικαίας

2287 799 2349 854 τὸ
2385 798 2427 871 β’
2462 798 2649 853 κανὼν
2675 796 2747 867 γ’.

2323 916 2616 985 ΡΚΕΦΑΛ.
2646 918 2728 973 H'.
2765 948 2827 961 -
2856 917 2994 987 Περὶ
3023 916 3135 986 τῆς
3175 914 3490 987 γενομένης
3517 919 3777 994 ἀντιλογίας

2289 1011 2390 1066 ἐπὶ
2423 1010 2495 1080 τῇ
2517 1009 2855 1081 χειροτονίᾳ
2877 1010 2984 1066 τοῦ
3019 1010 3381 1066 ἐπισκόπου.

2364 1128 2592 1183 Συνόδου
2646 1129 2983 1200 Ἀντιοχείας
3034 1127 3217 1183 κανὼν
3260 1129 3325 1182 ιθ¹
3352 1146 3365 1159 ο
3414 1130 3606 1186 συνόδου
3628 1135 3781 1209 Καρθι.

2294 1219 2492 1291 γέννης
2530 1220 2712 1275 κανὼν
2766 1219 2875 1293 μθ’.

2365 1332 2674 1402 Κείμενον.
2708 1332 2897 1396 Τίτ).ος
2927 1350 2963 1387 α
3003 1331 3118 1385 τῶν
3140 1331 3394 1403 Νεαρῶν,
3441 1332 3647 1400 διάταξις
3663 1336 3715 1403 α’,
3741 1339 3783 1409 β’,

2302 1427 2391 1493 ιζ’,
2416 1446 2473 1485 κ.
2509 1446 2561 1484 τ.
2590 1428 2642 1483 λ.
2679 1444 2858 1500 usque
2885 1429 2975 1497 ad,
3009 1428 3290 1501 κληρικῶν
3304 1426 3397 1480 καὶ
3427 1428 3695 1483 ἐπισκόπων
3719 1435 3781 1487 καὶ

2300 1522 2645 1596 ἡγουμένων.

2371 1642 2652 1713 Σχόλιον.
2690 1640 2757 1694 Ἦ
2788 1639 2836 1694 α’
2864 1639 3009 1696 διὰτ.
3048 1639 3143 1695 τοῦ
3167 1638 3215 1694 α’
3248 1657 3355 1695 τιτ.
3388 1638 3489 1692 τῶν
3510 1639 3789 1711 Nauporto-.1

2302 1735 2474 1807 νεαρὰ
2505 1733 2941 1794 Ἱουστινιάνειος
2972 1740 3051 1799 ς’,
3083 1734 3205 1805 ἥτις
3258 1732 3360 1786 οὐκ
3399 1731 3547 1801 ἐτέθη
3574 1735 3638 1796 είς
3664 1735 3713 1787 τὰ
3728 1736 3789 1787 Βι-

2305 1830 2510 1886 σιλικά.
2565 1830 2631 1883 ἸΙ
2691 1826 2735 1901 β’
2775 1827 3019 1893 διάταξις
3057 1827 3153 1881 τοῦ
3203 1825 3370 1881 αὐτοῦ
3404 1826 3504 1880 τὶτ.
3525 1825 3617 1881 τῶν
3636 1827 3791 1900 Νεαριῖιν

588 1907 888 1967 Justiniani
927 1914 1053 1969 123.
1084 1913 1220 1968 Illud
1249 1930 1378 1969 vero
1407 1915 1528 1986 ejus
1573 1926 1742 1987 caput
1776 1918 1939 1972 etiam
1974 1936 2081 1974 non
2112 1931 2200 1977 est

2320 1941 2421 1979 ιστι
2484 1923 2655 1996 νεαρὰ
2713 1921 3150 1985 ’ῐουστινιάνειος
3196 1919 3340 1992 ρκγ’,
3362 1919 3512 1974 τοῦτο
3540 1920 3590 1974 δὲ
3613 1920 3794 1992 αύτῆςτὸ

594 2002 835 2071 positum
892 2002 946 2058 in
1002 2002 1160 2059 Bas-il.
1211 2007 1435 2061 constit.
1493 2008 1603 2074 17,
1653 2019 1736 2064 est
1773 2010 1989 2065 novella
2020 2010 2197 2067 Justi-

591 2096 744 2151 niani
781 2096 901 2161 125,
936 2100 1113 2167 posita
1182 2098 1328 2171 [qum
1363 2099 1471 2172 est]
1508 2101 1560 2156 in
1599 2102 1695 2156 lib.
1732 2118 1793 2157 Ill
1825 2102 1992 2159 Basil.
2026 2105 2107 2159 tit.
2142 2106 2194 2173 1,

591 2204 716 2259 cap.
756 2190 811 2255 8,
846 2191 993 2261 quod
1026 2192 1173 2249 hunc
1211 2195 1263 2247 in
1299 2194 1522 2249 modum
1570 2195 1734 2250 habet
1770 2213 1784 2250 :
1826 2196 2102 2253 Caeterum
2148 2199 2196 2255 si

596 2284 723 2354 quis
755 2296 947 2341 contra
982 2302 1106 2341 eum
1142 2287 1235 2357 qui
1267 2288 1583 2359 episcopus,
1618 2300 1713 2345 aut
1745 2292 2054 2363 presbyter,
2097 2302 2201 2348 aut

597 2376 886 2445 diaconus,
934 2389 1029 2435 aut
1066 2381 1213 2437 alius
1238 2381 1498 2447 clericus,
1530 2392 1627 2438 aut
1657 2384 1822 2438 etiam
1845 2385 2043 2455 praesul
2076 2399 2196 2438 mo-

596 2474 823 2528 nasterii
852 2476 1192 2531 ordinandus
1238 2487 1341 2543 est,
1398 2478 1808 2533 accusationem
1848 2480 2086 2550 aliquam
2118 2479 2202 2534 in-

596 2561 791 2617 stituat
822 2579 1154 2635 quacunque
1189 2566 1255 2622 de
1290 2583 1481 2635 causa,
1514 2584 1639 2639 quae
1692 2570 1867 2640 possit
1895 2571 2200 2626 secundum

600 2656 747 2725 leges
796 2670 893 2712 aut
941 2674 1183 2715 canones
1241 2661 1364 2732 ejus
1421 2663 1688 2733 impedire
1750 2665 2199 2720 ordinationem:

599 2747 847 2803 dillertor
920 2750 1234 2820 hujusmodi
1316 2753 1650 2821 ordinatio,
1708 2764 1762 2810 et
1845 2756 2209 2827 interponitor

598 2842 754 2911 prius
806 2844 1145 2897 examinatio
1226 2847 1653 2903 accusationis:
1718 2858 1987 2915 prmsente
2037 2849 2202 2903 etiam

605 2945 950 3003 accusatore,
1003 2947 1057 2993 et
1093 2953 1157 2993 ea
1214 2955 1336 3009 (μιίε
1392 2941 1461 2995 ab
1521 2941 1643 3012 ipso
1694 2941 1746 2996 in
1778 2943 1986 2997 crimen
2019 2942 2201 2999 delata

604 3038 757 3095 sunt,
790 3030 855 3084 ad
898 3031 1193 3085 terminum
1221 3048 1396 3103 usque
1431 3044 1821 3104 persequente.
1853 3034 1968 3090 lmo
2002 3051 2199 3105 quam-

602 3122 684 3176 vis
718 3132 1006 3177 accusator
1042 3140 1102 3180 se
1132 3125 1403 3189 absentet,
1436 3134 1532 3180 aut
1559 3142 1741 3181 moras
1765 3136 1965 3193 nectat,
2003 3128 2203 3181 nihilo-

600 3214 786 3268 minus
810 3214 888 3269 sic
914 3229 1135 3286 quoque
1172 3216 1216 3271 is
1247 3218 1341 3287 qui
1390 3218 1798 3274 ordinationem
1827 3218 2074 3275 facturus
2099 3226 2203 3286 est,

604 3305 750 3359 intra
779 3321 997 3362 menses
1030 3316 1140 3362 tres
1191 3310 1606 3365 exactissimam
1655 3326 1718 3365 ea
1758 3312 1827 3367 de
1856 3328 1914 3369 re
1942 3313 2211 3382 quaestio-
2240 3302 2284 3360 C

605 3414 729 3455 nem
746 3399 981 3467 .liabeto.
1036 3400 1103 3455 Et
1128 3401 1173 3456 si
1207 3403 1431 3472 quidem
1465 3419 1592 3458 eum
1628 3405 1720 3474 qui
1757 3405 2119 3459 accusatione
2154 3405 2208 3459 in

604 3491 815 3547 crimen
874 3502 1101 3549 vocatus
1137 3494 1261 3562 fuit,
1291 3497 1409 3552 sive
1458 3500 1766 3553 secundum
1806 3514 1998 3553 sacros
2039 3513 2211 3551 cano-

604 3599 725 3649 nes,
761 3585 876 3641 sive
927 3589 1232 3643 secundum
1284 3599 1505 3646 nostras
1538 3591 1684 3660 leges
1732 3592 2030 3645 obnoxium
2062 3593 2215 3648 inve-

606 3678 770 3743 nerit,
822 3681 1147 3751 prohibetor
1202 3684 1497 3739 ordinatio.
1558 3685 1614 3739 Si
1672 3685 2086 3742 veroionoxius
2114 3702 2212 3757 ap-

607 3773 872 3841 paruerit,
935 3776 1245 3831 celebrator
1289 3778 1587 3843 ordinatio,
1630 3779 1749 3834 sive
1800 3789 2067 3849 pncscnte
2094 3781 2213 3835 sive

606 3865 834 3922 absente
887 3878 1231 3925 accusatore.
1287 3871 1597 3927 Accusator
1642 3882 1849 3941 autem,
1884 3874 1929 3927 si
1966 3889 2209 3942 prmsens

610 3973 720 4012 non
802 3962 1139 4030 probaverit,
1199 3966 1314 4019 sive
1368 3964 1707 4034 [institutam
1768 3966 2206 4039 accusationem]

607 4050 966 4108 deseruerit:
1004 4056 1050 4109 si
1075 4056 1298 4125 quidem
1351 4058 1590 4113 clericus
1635 4060 1729 4123 sit,
1783 4058 2007 4128 proprio
2037 4059 2210 4129 gradu

609 4142 937 4213 depcllitor;
994 4148 1040 4201 si
1088 4148 1307 4211 laicus,
1364 4159 1765 4220 competentem
1821 4150 2214 4205 coercitionem

610 4236 900 4292 sustinete.
942 4239 1012 4294 At
1065 4241 1111 4295 si
1168 4242 1293 4312 quis
1320 4254 1644 4298 accusatum
1698 4251 1824 4299 ante
1849 4244 2216 4315 examinatio-

612 4345 739 4384 nem
823 4332 1210 4389 ordinaverit:
1274 4346 1384 4392 tam
1440 4337 1533 4407 qui
1593 4337 1893 4400 ordinavit,
1922 4352 2084 4407 quam
2117 4336 2213 4406 qui

613 4424 899 4481 ordinatus
938 4437 1039 4492 est,
1088 4438 1317 4500 uterque
1353 4432 1661 4487 sacerdotio
1715 4431 2022 4502 depcllitor.
2076 4429 2214 4484 Nota

619 4525 801 4571 autem
833 4532 1156 4587 prmsentem
1182 4525 1477 4588 novellam,
1508 4527 1652 4594 quod
1683 4540 1809 4579 eum
1842 4524 1937 4595 qui
1976 4520 2217 4593 episc0pi

618 4611 1016 4669 ordinationem
1058 4617 1428 4673 calumniandi
1472 4620 1657 4674 animo
1701 4617 2029 4688 impedierit,
2080 4631 2219 4686 per-

2308 2035 2434 2086 κεφ.
2479 2018 2581 2071 ούκ
2622 2015 2780 2085 ἐτέθη
2827 2018 2907 2079 εἰς
2933 2012 3001 2068 τὰ
3023 2013 3315 2067 Βασιλικά.
3366 2012 3432 2066 Ἤ
3476 2010 3533 2078 ιζ’
3565 2012 3675 2068 διάτ.
3701 2016 3797 2068 ἐστιν

2307 2109 2479 2179 νεαρὰ
2521 2108 2954 2171 Ἰουστινιάνειος
3020 2106 3165 2177 ρκγ“,
3228 2106 3457 2176 κειμένη
3494 2107 3547 2157 ἐν
3591 2104 3733 2177 βιϐλίῳ
3769 2108 3797 2172 γ’

2308 2203 2417 2257 τῶν
2447 2200 2776 2267 Βασιλικῶν,
2800 2200 2908 2255 τίτ.
2933 2198 3006 2264 α’,
3042 2217 3167 2267 κεφ.
3204 2195 3279 2269 η’,
3318 2196 3488 2261 οὕτως
3514 2198 3678 2267 Excute
3703 2199 3797 2252 Εξὸἐ

2308 2313 2395 2360 τις
2419 2294 2761 2366 κατηγορίαν
2792 2293 2997 2365 ποιήσῃ
3026 2291 3154 2345 τινὰ
3187 2291 3335 2345 κατὰ
3367 2289 3458 2343 τοῦ
3478 2289 3711 2361 μέλλοντος
3728 2308 3798 2359 χει-

2313 2387 2654 2461 ροτονεῖσθαι
2692 2386 3018 2449 ἐπισκόπου,
3053 2384 3086 2455 ἢ
3121 2382 3573 2456 πρεσϐυτέρου,ἢ
3609 2382 3798 2445 διακόνου,

2311 2481 2345 2555 ἢ
2376 2482 2537 2537 ἄλλου
2567 2478 2857 2553 κληρικοῢ,
2894 2481 2993 2532 καὶ
3025 2476 3337 2548 ἡγουμένου
3384 2477 3468 2546 ἐφ’
3497 2475 3799 2548 οξᾳδήποτεαι-

2310 2575 2425 2648 τίᾳ,
2459 2573 2849 2629 ἀναϐαλλέσθω
2881 2573 2915 2645 ὴ
2946 2571 3172 2642 τοιαύτη
3194 2569 3520 2643 χειροτονία,
3557 2568 3805 2637 καὶγινὲςθω

2313 2667 2584 2738 πρότερον
2623 2664 2876 2731 ἐξέτασις
2942 2664 3044 2735 τῆς
3100 2661 3447 2737 κατηγορίας
3506 2660 3725 2732 παρόντος
3748 2660 3805 2711 τοῦ

2315 2760 2628 2830 κατηγόρου
2661 2759 2758 2813 καὶ
2785 2757 3100 2823 ἐπεξιόντος
3151 2756 3266 2820 τοῖς
3315 2753 3448 2825 παρ’
3473 2752 3620 2808 αὐτοῦ
3640 2768 3807 2823 1:90:17-

2313 2852 2612 2923 γελθεῖσίν.
2704 2852 2767 2905 Ei
2842 2851 2900 2905 δὲ
2959 2848 3502 2920 ἀπολιμπάνοιτο,ἥ
3552 2844 3809 2900 Mamiliam

2314 2948 2343 3000 ὁ
2369 2947 2699 3016 κατήγορος,
2733 2943 2827 2997 καὶ
2868 2942 3043 3007 οὕτως
3088 2943 3117 2995 ὁ
3151 2942 3252 3011 τὴν
3316 2939 3632 3012 χειροτονίαν
3672 2937 3809 3008 μῦλων

2316 3040 2492 3091 ποιεῖν
2536 3037 2765 3108 ζήτησιν
2825 3035 3233 3107 ἀκριϐεστάτην
3283 3032 3523 3087 ποείσθω
3566 3031 3713 3103 μηνῶν
3732 3032 3812 3081 εἴδω

2314 3133 2506 3203 τριῶν,
2538 3132 2633 3184 καὶ
2674 3132 2722 3184 εἰ
2786 3130 2885 3200 μὲν
2920 3128 3223 3183 ὑπεύθυνον
3262 3126 3403 3199 εὖρῃ
3433 3125 3521 3179 τὸν
3544 3124 3630 3195 τὴν
3653 3138 3812 3190 κατηγο

2321 3227 2442 3298 ρίαν
2478 3224 2852 3294 ὑπομείναντα
2925 3221 3036 3275 εἴτε
3091 3219 3234 3274 κατά
3286 3221 3416 3281 τοὺς
3452 3216 3614 3279 θείους
3639 3215 3813 3274 κανόνας,

2322 3320 2430 3372 εἴτε
2462 3318 2605 3371 κατὰ
2630 3315 3091 3387 τοὺςζὴμετέρους
3124 3314 3329 3385 νόμους
3355 3309 3673 3378 κωλυέσθωή
3695 3324 3813 3377 χειμ-

2321 3412 2495 3467 τονία.
2550 3412 2611 3465 Εί
2670 3410 2728 3464 δέ
2784 3409 3081 3472 ἀνεύθυνος
3132 3407 3331 3478 φανείη
3378 3407 3488 3459 εἴτε
3518 3403 3737 3475 παρόντος
3762 3398 3818 3451 τοῦ

2323 3505 2633 3577 κατηγόρου
2660 3504 2694 3575 ἢ
2721 3504 2816 3556 καὶ
2835 3502 3069 3565 ἀπόντος
3122 3499 3364 3570 γινέσθω
3401 3499 3434 3569 ἡ
3484 3496 3751 3569 χειροτονία.
3782 3492 3817 3542 ’θ

2321 3597 2379 3651 δέ
2437 3596 2746 3668 κατήγορος
2807 3594 2918 3647 εἴτε
2974 3591 3168 3666 παρὼν
3220 3593 3295 3663 μὴ
3336 3591 3607 3661 ἀποδείξῃ,
3627 3589 3713 3641 εἴτε
3732 3587 3820 3638 ἀπο-

2325 3691 2524 3765 φεύγῃ,
2556 3692 2603 3743 εἰ
2641 3690 2741 3760 μὲν
2765 3688 3027 3759 κληρικδς
3085 3686 3171 3757 εἴη
3222 3685 3531 3751 ἐξωθείσθω
3570 3681 3651 3735 τοῦ
3688 3677 3820 3732 οἰκείου

2326 3781 2561 3854 βαθμοῦ,
2595 3782 2644 3834 εί
2684 3780 2741 3834 δὲ
2773 3778 2963 3842 λαῖκδς
3005 3777 3091 3847 εἴη
3160 3777 3255 3829 τὸν
3308 3775 3641 3846 προσήκοντα
3682 3782 3825 3833 σωφρο-

2324 3876 2517 3944 νισμὸν
2583 3871 2925 3943 ὑπομενέτω.
2975 3871 3040 3923 Εἰ
3093 3869 3152 3922 δέ
3207 3885 3293 3931 τις
3334 3868 3445 3938 πρὸ
3494 3864 3743 3931 ἐξετάσεως
3770 3859 3825 3909 τὸν

2326 3968 2783 4039 κατηγορηθέντα
2812 3964 3193 4036 χειροτονήσῃ,
3238 3962 3330 4015 ὅτε
3364 3959 3719 4032 χειροτονήσας
3738 3952 3827 4007 καὶὸ

2328 4059 2731 4133 χειροτονηθεὶς
2753 4061 2852 4130 τῆς
2886 4057 3187 4130 ἱερωσύνης
3205 4053 3576 4110 ἐκϐαλλέσθω.
3598 4047 3827 4122 Σημείωςαι

2326 4153 2427 4224 τὴν
2463 4150 2748 4223 παροῦσαν
2809 4151 3011 4222 νεαρὰν
3072 4148 3314 4220 διηνεκεῖ
3346 4144 3630 4219 ἀφορισμῷ
3662 4140 3829 4196 καθυπ-

2329 4245 2632 4300 6ἁλλουσαν
2687 4243 2777 4297 τὸν
2827 4245 3201 4314 συκοφαντικῇ
3267 4241 3416 4312 ψυχῇ
3470 4237 3747 4293 κωλύσαντα
3770 4231 3829 4297 τὴν

2328 4339 2423 4393 τοῦ
2455 4336 2757 4392 ἐπισκόπου
2790 4335 3147 4406 χειροτονίαν,
3196 4334 3383 4406 Ὅπερ
3430 4332 3549 4387 ἐστὶ
3599 4327 3747 4384 καινὸν
3775 4321 3833 4375 καὶ

2330 4433 2419 4487 διὰ
2468 4431 2627 4485 τοῦτο
2678 4430 2774 4483 καὶ
2832 4429 3098 4501 ἀνῃρέθη.
3142 4429 3263 4481 Ἔτι
3311 4427 3612 4498 σημείωσαι
3647 4424 3713 4475 ὅτι
3754 4418 3833 4470 οὔτε

2333 4528 2449 4601 ’ἦς’
2483 4529 2654 4601 νεαρὰ
2689 4527 2784 4581 τοῦ
2828 4523 3210 4581 Ἰουστινιανοῦ
3261 4524 3295 4594 ἡ
3348 4520 3584 4589 διηνεκεῖ
3626 4515 3837 4584 ἀφοριςμῳ

2333 4624 2424 4676 τὸν
2481 4623 2789 4692 κατήγορον
2854 4618 3343 4673 καθυποὸἀλὶουσα
3394 4614 3518 4668 οὔτε
3563 4611 3616 4663 τὸ
3656 4608 3731 4676 τῆς
3762 4608 3835 4692 pb."

620 4715 794 4773 petua:
846 4714 1402 4770 excommunicationi
1444 4716 1717 4781 subjiciat.
1753 4712 1910 4780 Quod
1950 4727 2081 4768 sane
2122 4726 2204 4763 no-

2329 4716 2529 4786 νεοιρᾶς
2568 4691 3094 4781 κεφ.νδιοριζόμενον
3140 4704 3501 4761 ἐκϐάλλεσθαι
3534 4701 3624 4770 τῆς
3648 4691 3837 4786 Emittit;

620 4814 747 4852 vum
809 4811 914 4866 est,
976 4814 1030 4860 et
1088 4815 1370 4875 propterea
1441 4809 1603 4861 etiam
1655 4807 1997 4875 abrogatum.
2038 4804 2224 4873 Neque

619 4888 768 4945 enim
805 4894 1019 4949 novella
1046 4893 1342 4951 Justiniani
1370 4897 1423 4959 6,
1456 4912 1633 4967 neque
1662 4897 1761 4951 125
1792 4896 2017 4950 novellae
2043 4890 2224 4967 |illudj

620 4995 804 5054 caput,
846 4990 993 5059 quod
1028 5001 1406 5045 accusatorem
1450 4999 1605 5045 extra
1654 4990 1993 5061 provinciam
2032 4990 2083 5044 in
2114 5005 2221 5059 qua

624 5079 854 5146 habitat,
883 5083 1007 5153 ejici
1032 5084 1301 5154 praecipit,
1347 5084 1401 5137 in
1445 5083 1609 5139 Basil.
1646 5094 1866 5155 recepta
1907 5092 2056 5138 sunt.
2114 5083 2218 5138 Sed

2332 4797 2365 4875 ᾗ
2391 4782 2591 4855 ἐνοικεῖ
2616 4802 2709 4854 τὸ)
2738 4802 3065 4870 κατήγορον,
3091 4796 3392 4867 ἐδέχθησαν
3436 4796 3514 4856 εἰς
3549 4790 3612 4843 τὲ
3630 4783 3835 4875 Baetim,

2332 4870 2467 4949 αλλὰ
2501 4896 2561 4949 τὸ
2592 4892 3101 4965 φιλανθρωπότερον
3144 4907 3267 4958 κεφ.
3303 4888 3409 4958 τῆς
3448 4886 3607 4955 αὐτῆς
3636 4870 3838 4949 νεαρᾶςτδι

2330 4990 2698 5062 διοριζόμενον
2758 4989 2852 5041 τὸν
2902 4986 3147 5041 τοιοῦτον
3185 4984 3535 5053 συκοφάντην
3587 4974 3738 5031 λαῖκδν
3776 4968 3837 5038 μὲν

2328 5083 2458 5136 ὄντα
2484 5080 2938 5153 σωφρονίζεσθαι,
2963 5077 3229 5150 κληρικδν
3252 5077 3309 5131 δὲ
3343 5069 3716 5146 καθαιρεῖσθαι.

621 5175 913 5247 benignius
958 5177 1206 5247 ejusdem
1254 5178 1478 5233 novellae
1533 5186 1739 5249 caput,
1796 5178 1942 5249 quod
1995 5178 2160 5233 talem
2206 5178 2680 5242 calumniatorem,
2738 5177 2783 5231 si
2832 5176 3032 5243 laicus}
3062 5174 3154 5239 sit,
3192 5187 3315 5228 esse
3373 5165 3717 5241 castigandum
3750 5171 3836 5210 :S‘n

622 5272 875 5335 clericus,
913 5272 1297 5343 deponendum
1321 5274 1503 5329 statuit
1547 5274 1847 5347 [receptum
1877 5272 2003 5348 est].
2075 5290 2093 5331 ι

696 5382 864 5437 Aliud
894 5383 1175 5438 scholium.
1213 5383 1369 5451 Quod
1404 5385 1543 5439 intra
1579 5392 1692 5440 tres
1717 5401 1936 5440 menses
1966 5384 2221 5441 introdu-

629 5482 776 5530 ctam
829 5475 1095 5533 adversus
1159 5477 1526 5533 ordinandum
1596 5479 2039 5543 accusationem,
2107 5481 2222 5535 sive

630 5576 900 5637 praesente
921 5568 1037 5624 sive
1067 5570 1294 5626 absente
1321 5580 1660 5637 accusatore,
1702 5570 1881 5627 decidi
1913 5570 2227 5645 [oporteat],

634 5660 874 5731 speciale
899 5671 1003 5731 est,
1034 5662 1245 5737 [atque]
1283 5677 1505 5736 propter
1533 5666 1821 5721 utilitatem
1868 5666 2232 5724 ordinationis

638 5754 1072 5834 [constitutum].
1139 5760 1409 5818 Existimo
1443 5762 1628 5835 itaque
1694 5763 2035 5834 posteriores
2062 5763 2229 5836 leges,

639 5868 761 5922 qua:
788 5852 1005 5925 triginta
1037 5855 1229 5913 edictis
1254 5856 1459 5930 scripto
1505 5858 1919 5929 comprehensis
1947 5868 2234 5916 accusato-

2419 5385 2582 5441 Ἀλλὰ
2612 5385 2708 5441 καὶ
2756 5387 2816 5440 τδ
2860 5385 3010 5450 ὲντδς
3057 5384 3245 5457 μηνῶν
3271 5382 3444 5455 τριῶν
3501 5374 3749 5451 τέμνεσθαι
3775 5366 3839 5433 τὴν

2330 5482 2472 5536 κατὰ
2487 5480 2583 5535 τοῦ
2600 5479 3043 5552 χειροτονηθῆναι
3060 5479 3369 5550 ὀφείλοντος
3386 5471 3718 5544 εἰσαγομένην
3728 5478 3841 5527 κατῗ⁶

2331 5576 2523 5648 γορίαν
2543 5575 2576 5647 ἢ
2597 5574 2862 5646 παρόντος
2879 5573 2971 5627 τοῦ
2990 5572 3295 5646 κατηγόρου
3325 5572 3361 5643 ἥ
3380 5571 3477 5626 καὶ
3497 5567 3699 5625 ἀπόντος
3727 5555 3838 5611 Ξδικόν

2332 5673 2448 5725 ἐστι
2471 5669 2559 5724 διὰ
2578 5669 2637 5723 τὸ
2659 5668 2931 5739 χρήσιμον
2953 5667 3053 5739 τῆς
3085 5665 3443 5739 χειροτονίας.
3476 5658 3679 5733 Νομίζω
3696 5652 3764 5707 οὖν
3786 5649 3838 5699 ὅτε

2333 5766 2382 5817 οἱ
2412 5762 2865 5835 μεταγενέστεροι
2891 5760 3046 5832 νόμοι
3098 5761 3146 5816 οἱ
3173 5757 3531 5830 διοριζόμενοι
3556 5752 3633 5806 διὰ
3652 5758 3835 5818 19:11:91-

2335 5858 2596 5931 θημέρων
2656 5856 3103 5928 ἐπιφωνημὰτων
3142 5848 3561 5926 μετακαλεῖσθαι
3596 5846 3699 5905 τοὺς
3724 5848 3837 5899 καττι·
