4022 6454
124 412 225 475 ⁷993
1132 402 1618 467 NOMOCANON.
1643 426 1712 440 ο-
1747 403 1753 426 ¹

1882 448 1897 463 .
1944 402 1995 476 Ι,
2028 402 2188 463 CAP.
2224 402 2446 465 VII-X.
3220 394 3223 397 ’
3318 400 3425 466 994

130 524 316 595 γόρους
350 521 447 574 καὶ
476 518 547 573 τὰ
592 518 758 574 λοιπὰ
800 517 871 573 τὰ
903 518 1035 591 περὶ
1073 517 1401 589 κατηγόρων
1421 515 1753 588 νομοθετηη

1875 529 1913 570 :s
1967 500 2279 571 evocandos
2338 529 2461 570 esse
2490 521 2766 581 statuunt,
2812 526 2879 569 ac
2907 510 3179 585 [insuper]
3216 513 3428 584 reliqua

130 615 285 669 θέντα
312 613 416 667 οὐκ
455 610 641 682 ἔχουσι
680 609 867 682 χώραν
893 611 986 664 ἐπὶ
1022 608 1118 663 τοῦ
1148 609 1418 680 παρόντος
1453 608 1710 677 θέματος.

1875 622 1944 662 ne
1972 608 2039 663 de
2066 607 2483 664 accusatoribus
2518 606 2733 675 legibus
2759 606 2975 678 prodita
3010 614 3160 667 sunt,
3188 605 3242 660 in
3279 621 3424 676 prae-

132 708 191 762 Εί
214 706 323 775 γὰρ
351 704 538 777 δοθείῃ
570 701 728 757 τοῦτο
753 700 1009 774 σχολάσει
1045 700 1109 754 τὸ
1129 698 1377 770 γίνεσθαι
1399 700 1498 772 τὴν
1526 698 1717 766 ἐξέτα-

1875 698 1961 753 ιηιὶ
1992 699 2173 770 specie
2203 714 2315 755 non
2358 698 2562 754 habere
2599 700 2804 754 locum.
2833 695 2969 752 Nam
2999 697 3045 753 si
3098 696 3201 752 hoc
3230 711 3432 753 conce-

132 816 209 853 σιν
266 797 423 862 ἐντὸς
468 795 793 869 τριμηναίου
838 792 1057 866 καιροῦ.
1104 793 1168 848 Ἦ
1227 794 1411 865 μέντοι
1464 791 1575 846 τῶν
1618 792 1714 859 ὲγ-

1875 799 2003 856 itur,
2028 792 2366 861 superﬂuum
2385 790 2489 846 erit
2513 790 2659 861 quod
2683 791 2827 847 intra
2862 791 3143 846 trimestre
3187 790 3427 861 spatium

128 893 352 963 γράφων
404 891 552 955 δόσις
579 890 960 961 ἀπαραίτητος
997 889 1315 960 γενήσεται,
1348 886 1445 941 τοῦ
1474 885 1717 957 κατηγό-

1875 884 2160 939 ιαιηίιιοιὶο
2195 885 2311 939 ﬁeri
2348 885 2567 941 debeat.
2604 883 3113 950 Verumenimvero,
3143 901 3270 939 cum
3332 901 3429 940 ac-

132 1002 220 1054 ρου
253 981 323 1036 δι’
353 982 733 1054 όλιγοημέρων
771 980 1108 1052 μηνυμάτων
1133 981 1427 1051 ἐγγράφων
1485 995 1720 1051 μετακα-

1875 987 2049 1031 isator
2094 993 2393 1047 paucorum
2443 978 2659 1033 dierum
2730 977 2939 1048 scripto
3007 978 3429 1048 comprehensis

131 1077 413 1149 λουμένου.
1825 1067 2021 1122 edictis
2074 1068 2291 1123 evocari
2325 1068 2539 1136 debeat,
2574 1068 2960 1125 inevitabiliter
2985 1065 3063 1140 [et
3090 1067 3433 1141 necessario]

1826 1161 1917 1218 illa
1949 1162 2066 1216 dari
2101 1163 2394 1233 oportebit.

198 1280 454 1336 ΚΕΦΔΛ.
492 1280 571 1337 8'.
596 1311 669 1322 —
707 1280 849 1351 Περὶ
893 1280 1003 1335 τοῦ
1056 1279 1282 1350 χρόνου
1311 1273 1385 1335 οὗ
1431 1276 1606 1344 ἐντὸς
1638 1275 1732 1331 δεῖ

132 1376 271 1443 τοὺς
302 1376 680 1442 ἐπισκόπους
717 1374 1207 1446 χειροτονεῖσθαι.

199 1470 430 1525 Συνόδου
483 1468 829 1542 Χαλκηδόνος
879 1468 1062 1523 κανὼν
1114 1466 1215 1523 κε’·
1268 1468 1489 1523 συνόδου
1520 1466 1575 1534 ς’
1623 1485 1727 1522 κα-

134 1563 238 1618 νὼν
273 1562 355 1618 ιδ’.

205 1658 523 1727 Κείμενον.
586 1656 650 1710 Ἦ
687 1654 731 1728 β’
762 1656 907 1712 διάτ.
963 1654 1057 1709 τοῦ
1089 1652 1136 1711 α’
1194 1653 1300 1710 τίτ,
1337 1652 1446 1708 τῶν
1493 1652 1729 1726 Νειρῶν

139 1767 323 1822 φησιν,
358 1766 413 1805 κ.
452 1767 503 1805 τ.
548 1749 599 1803 λ.
620 1792 635 1818 ,
672 1764 847 1821 usque
873 1750 938 1805 ad
970 1747 1574 1821 παραφυλαττομένων.

1901 1277 2056 1334 CAP.
2080 1277 2178 1333 1X.
2207 1311 2273 1320 —
2300 1276 2458 1333 Intra
2489 1280 2630 1350 quod
2654 1290 2857 1351 tempus
2887 1250 3433 1353 episcopiordinandi

1831 1384 1957 1427 amt.

1904 1466 2135 1523 Concilii
2187 1465 2658 1525 Chalcedonensis
2702 1484 2901 1535 [canon
2959 1468 3062 1539 25;
3107 1466 3331 1527 concilii
3380 1482 3434 1522 νι

1834 1576 2013 1616 canon
2054 1561 2161 1629 l4;

1912 1652 2134 1708 Textus.
2209 1652 2403 1710 Const.
2454 1654 2511 1719 2,
2553 1654 2640 1709 ιίι.
2681 1654 2708 1709 1
2751 1652 3102 1711 Novellarum
3159 1655 3258 1723 ait,
3308 1664 3442 1726 etc.,

1838 1763 2001 1818 usque
2047 1747 2115 1800 ad
2158 1747 2264 1802 alia
2303 1748 2489 1803 omnia
2522 1756 2829 1815 servantor,
2863 1758 2918 1803 ut
2951 1766 3073 1822 pag.
3096 1750 3223 1807 498.

208 1866 493 1934 Σχόλιον.
542 1864 608 1919 Ἦ
642 1863 688 1936 β’
711 1863 851 1920 διάτ.
873 1863 968 1917 τοῦ
999 1862 1046 1917 α’
1079 1863 1185 1917 τίτ.
1218 1862 1327 1917 τῶν
1352 1861 1588 1934 Νεαρῶν
1614 1862 1731 1915 ἐστι

1875 1864 1887 1931 ᾖ
1912 1862 2213 1920 Scholium.
2246 1863 2486 1920 Constit.
2520 1865 2577 1931 2,
2609 1865 2696 1920 tit.
2726 1865 2749 1919 l
2801 1864 3149 1923 Novellarum
3177 1909 3194 1935 ,
3224 1879 3314 1925 est
3342 1886 3445 1925 no-

139 1960 313 2031 νεαρὰ
370 1959 801 2024 Ἰουστινιάνειος
855 1956 995 2030 ρκγῆ
1019 1957 1191 2012 Τοῦτο
1211 1957 1270 2011 δὲ
1314 1956 1487 2028 αὐτῆς
1515 1955 1575 2010 τὸ
1603 1973 1731 2025 κεφ.

1875 1958 1986 2013 'ella
2018 1956 2319 2013 Justiniani
2362 1957 2487 2012 125.
2524 1957 2641 2013 l-loc
2692 1967 2875 2015 autem
2917 1959 3010 2030 jus
3038 1975 3158 2030 cap.
3185 1960 3240 2016 in
3274 1962 3442 2019 Basil.

138 2056 241 2107 οὐκ
267 2052 428 2125 ἐτέθη
466 2053 547 2118 είς
588 2052 660 2107 τὰ
710 2051 1000 2119 Βασιλικὰ,
1029 2051 1121 2105 ἔσο
1159 2050 1217 2104 δὲ
1249 2049 1406 2114 είδὼς
1435 2049 1511 2114 ὡς
1543 2049 1621 2121 τῷ
1651 2067 1737 2103 νο-

1875 2050 2095 2103 ιοεὶιυιιι
2138 2064 2249 2104 non
2281 2058 2402 2115 ,est.
2437 2048 2640 2105 Verum
2681 2050 2826 2107 scias
2855 2053 3112 2108 sanctiss.
3161 2054 3447 2112 dominum

142 2148 300 2219 μίμῳ
361 2144 647 2219 χρώμενος
703 2148 732 2199 ό
785 2145 1094 2216 άγιώτατος
1141 2144 1299 2217 ήμῶν
1339 2143 1606 2214 δεσπότης
1640 2144 1737 2195 καὶ

139 2240 522 2313 οἱκουμενικὸς
568 2240 923 2313 πατριάρχης
974 2239 1163 2310 κύριος
1206 2237 1430 2310 Μιχαὴλ
1455 2238 1741 2308 ἐπεφωνή-

143 2352 279 2388 σατο
339 2334 433 2388 τὸν
490 2334 900 2407 μητροπολίτην
962 2334 1170 2387 ἐκεῖνον
1212 2331 1510 2402 Ἀμασείας
1550 2330 1740 2402 κύριον

142 2428 355 2482 Λέοντα
389 2430 454 2481 ἐκ
484 2427 672 2500 τρίτου
703 2428 867 2500 χάριν
893 2424 989 2480 τοῦ
1018 2425 1094 2498 μὴ
1121 2422 1461 2496 ψηφίσασθαι
1488 2423 1590 2495 τὴν
1621 2424 1742 2476 ἐπι-

143 2520 474 2593 σκοπὴνξτὴν
492 2521 749 2591 Ἀμινσὸν
779 2519 885 2591 πρὸ
898 2520 1092 2597 χρόνου
1110 2517 1228 2581 ἐνὸς
1245 2517 1348 2589 ἤδη
1368 2516 1736 2588 χηρεύσασαν.

145 2614 347 2682 Ἔλεγε
376 2613 487 2687 γὰρ
518 2613 594 2679 ὡς
627 2614 751 2668 ἐπεὶ
781 2614 1058 2685 χρονιαῖος
1091 2611 1338 2684 παρῆλθε
1369 2611 1560 2683 καιρὸς
1588 2611 1680 2664 καὶ
1707 2611 1740 2680 ἡ

148 2710 410 2781 Ἀμινσὸς
433 2711 534 2764 οὐκ
557 2708 833 2780 ἐψηφίσθη
863 2707 1013 2780 παρὰ
1038 2705 1132 2761 τοῦ
1163 2704 1581 2777 μητροπολίτου,
1608 2701 1745 2757 ἀλλὰ

143 2804 243 2856 καὶ
268 2802 401 2873 τρία
422 2802 684 2873 γεγόνασι
724 2801 861 2873 πρὸς
907 2800 1069 2853 αὑτὸν
1093 2798 1502 2869 ἐπιφωνήματα
1531 2795 1592 2862 ἐξ
1629 2798 1747 2869 όριοο

145 2894 294 2966 σμοῦ
318 2894 530 2963 τούτου,
561 2896 641 2960 ὡς
670 2893 737 2949 ἂν
785 2893 1093 2965 ψηφίσηται
1138 2890 1238 2963 τὴν
1264 2890 1597 2961 ἐπισκοπὴν,
1628 2889 1658 2942 ό
1684 2888 1745 2942 δέ

144 2988 253 3041 οὐκ
279 2986 508 3059 ἐποίησε
532 2985 694 3041 τοῦτο
733 2985 916 3049 καλῶς
942 2984 1103 3048 αὐτὸς
1132 2983 1274 3038 κατά
1299 2981 1398 3053 τὴν
1452 2981 1749 3054 περίληψιν

144 3078 398 3133 τοιούτου
430 3079 618 3150 νόμου,
651 3079 740 3133 ἵνα
760 3078 1068 3149 ψηφίσηται
1095 3076 1266 3147 αὐτὴν
1290 3076 1385 3129 καὶ
1416 3076 1619 3149 ποιήσῃ
1650 3073 1750 3146 τὴν

145 3171 495 3243 χειροτονίαν
518 3171 612 3225 τοῦ
646 3170 1157 3243 ψηφισθησομένου,
1188 3170 1278 3223 ὅτε
1334 3168 1427 3223 καί
1456 3185 1617 3225 τινων
1659 3168 1750 3223 λεο

1855 2152 2107 2197 noslrum
2158 2150 2214 2197 et
2270 2142 2638 2197 universalcm
2722 2144 3096 2213 patriarcbam
3162 2147 3447 2204 dominum

1855 2234 2183 2290 Michaelem
2225 2236 2331 2291 hoc
2355 2234 2483 2305 jure
2518 2252 2705 2301 usum,
2733 2253 2858 2291 cum
2893 2239 3069 2293 tribus
3095 2238 3308 2297 vicibus
3332 2257 3450 2298 me-

1856 2331 2252 2401 tropolitanum
2300 2331 2455 2385 illum
2484 2337 2822 2387 Amasenum
2873 2332 3157 2387 dominum
3190 2333 3457 2404 Leonem,

1856 2426 2039 2483 edicto
2072 2427 2384 2498 impeteret,
2432 2428 2578 2497 quod
2612 2426 2827 2481 Aminsi
2871 2426 3252 2499 episcopatum
3303 2429 3447 2485 ultra

1859 2535 2067 2576 annum
2106 2518 2262 2592 [jam]
2296 2528 2584 2575 vacantem
2609 2519 2817 2574 nemini
2849 2520 3195 2575 decerneret.
3230 2519 3457 2577 Dicebat

1814 2658 1817 2659 ν
1859 2615 2027 2681 enim,
2057 2616 2189 2685 quia
2226 2612 2384 2686 [jam]
2425 2614 2641 2669 diutino
2673 2625 2919 2684 tempore
2968 2612 3228 2669 Aminius
3269 2630 3301 2669 a
3341 2630 3458 2671 me-

1863 2709 2200 2780 tropolitano
2242 2706 2498 2781 [nemini]
2531 2708 2748 2763 decreta
2794 2716 2962 2774 esset,
2997 2722 3065 2762 ac
3101 2706 3326 2776 insuper
3357 2706 3456 2762 tri-

1860 2808 1966 2865 bus
2014 2806 2213 2864 edictis
2252 2818 2313 2863 ut
2366 2806 2745 2877 episcopatum
2800 2803 3100 2878 [cuiquam]
3135 2803 3460 2860 decerneret

1860 2900 2315 2973 praecipientibus
2348 2900 2415 2955 ad
2459 2899 2643 2970 ipsum
2674 2898 2917 2963 emissis,
2969 2899 3086 2969 ipse
3128 2907 3313 2954 tamen
3348 2898 3457 2955 hoc

1863 3012 1971 3051 non
2031 2995 2292 3051 fecisset:
2351 3009 2412 3050 se
2464 3001 2620 3050 recte
2666 3007 2734 3049 ex
2766 2991 3087 3063 praescripto
3136 2992 3297 3048 istius
3324 2989 3462 3062 legis

1862 3091 2181 3160 episcopum
2232 3087 2615 3153 decreturum,
2648 3086 2728 3141 'ac
2776 3083 2936 3158 [jam]
2975 3085 3255 3140 decretum
3307 3084 3461 3139 ordi-

1865 3190 2150 3235 naturum.
2187 3179 2324 3234 Cum
2360 3187 2543 3234 autem
2577 3175 2745 3250 [tum]
2776 3176 3029 3232 nonnulli
3056 3176 3326 3241 dicerent,
3358 3190 3462 3231 no-

148 3263 366 3332 γόντων
418 3263 494 3335 μὴ
543 3262 802 3334 δεχθῆναι
841 3264 921 3326 είς
954 3260 1024 3315 τὰ
1069 3259 1330 3332 βασιλικά
1359 3262 1462 3331 τὴν
1494 3260 1753 3331 τοιαύτην

1875 3274 2064 3330 rellum
2114 3271 2247 3328 illud
2279 3273 2664 3342 praescriptum
2702 3286 2812 3326 non
2844 3286 2968 3328 esse
3000 3271 3055 3326 in
3095 3269 3264 3329 Basil.
3309 3283 3464 3326 rece-

148 3355 256 3424 τῆς
292 3356 494 3423 νεαρᾶς
511 3355 775 3423 διάστιξιν
805 3353 1101 3408 κάντεῦθεν
1120 3352 1403 3426 ἄπρακτον
1432 3349 1570 3407 εἶναι
1588 3354 1753 3416 αύτῦς

147 3450 393 3519 ἐπέμενε
424 3450 597 3519 λέγων
633 3449 708 3521 μὴ
754 3449 963 3504 δίκαιον
992 3443 1134 3502 εἶναι
1155 3448 1386 3519 κεραίαν
1416 3446 1751 3519 ἁθετηθῆναι

145 3545 220 3595 ὲκ
252 3541 364 3596 τῶν
391 3542 451 3595 ἐν
480 3541 556 3614 τῷ
596 3541 945 3613 νομοκανόνῳ
973 3540 1381 3614 γεγραμμένων
1422 3538 1501 3611 τῷ
1530 3538 1606 3603 ὼς
1638 3539 1754 3593 θευ-

147 3637 395 3707 γράςροις
428 3635 643 3699 πλάκας
675 3638 742 3707 τῇ
773 3635 1042 3707 ἐκκλησίᾳ
1069 3632 1427 3705 λογιζομένῳ,
1457 3632 1569 3686 ἀλλ’
1588 3631 1754 3685 ὓστε-

150 3745 251 3799 ρον
285 3726 476 3798 μαθὼν
505 3729 569 3782 ἐκ
595 3744 657 3781 τε
687 3727 796 3781 τῶν
826 3726 1123 3798 βασιλικῶν
1149 3725 1394 3797 χειλέων,
1420 3726 1513 3779 καὶ
1542 3726 1608 3779 ἐκ
1642 3723 1753 3777 τῶν

150 3805 479 3892 προκρίτων
515 3821 613 3893 τῆς
646 3822 953 3892 συγκλήτου
1017 3818 1236 3890 βουλῆς.
1272 3819 1451 3890 Ὅπερ
1500 3818 1595 3872 καὶ
1621 3815 1755 3889 πρό⁹

143 3930 319 3986 τερον
350 3914 552 3986 ήκουεν
600 3915 680 3978 είς
721 3913 821 3985 τὴν
846 3913 943 3966 τοῦ
990 3910 1258 3983 παρόντος
1289 3912 1607 3983 πονήματος
1655 3911 1756 3963 ἐπ-

147 4009 398 4061 ἐσπευσε
435 4008 759 4078 συγγραφὴν
782 4005 966 4071 καθὼς
992 4005 1087 4059 καὶ
1107 4006 1165 4058 ἐν
1196 4004 1276 4077 τῷ
1314 4003 1587 4075 προοιμίῳ
1617 4020 1761 4074 παρ-

146 4100 537 4172 εδηλώσαμεν.
589 4101 699 4171 Τῆς
725 4098 857 4169 γοῦν
881 4102 1142 4170 τοιαύτης
1164 4100 1368 4170 νεαρᾶς
1398 4098 1475 4170 μὴ
1501 4096 1757 4169 ἐνεργούς-

149 4212 262 4266 an;
294 4197 543 4268 κρατεῖὸ
570 4194 669 4260 κε’,
708 4196 889 4250 κανὼν
926 4196 1021 4266 τῆς
1070 4196 1127 4248 ἐν
1167 4193 1471 4264 Χαλκηδόνι
1511 4193 1755 4247 συνόδου.

237 4526 484 4600 Σχόλιον.
503 4526 561 4581 Ὀ
586 4526 747 4598 χάριν
766 4525 865 4595 τῆς
882 4524 1216 4597 χειροτονίας
1238 4522 1332 4577 τοῦ
1354 4523 1656 4577 ἐπισκόπου
1680 4521 1759 4593 τῷ

1868 3376 2045 3439 ptum,
2088 3367 2325 3437 ideoque
2376 3366 2652 3421 nullarum
2689 3365 2887 3420 virium
2927 3379 3088 3428 esse;
3150 3362 3460 3436 [nihilomi-

1866 3459 1996 3533 nus]
2026 3459 2327 3530 permansit
2355 3459 2433 3533 [in
2468 3456 2789 3530 sententia],
2816 3467 2982 3528 atque
3007 3456 3295 3528 indignum
3330 3471 3455 3512 esse

1865 3553 2025 3621 dixit,
2066 3552 2111 3609 si
2149 3550 2257 3624 [vel
2291 3548 2459 3622 unus]
2502 3566 2641 3620 apex
2673 3564 2866 3605 eorum
2907 3563 3029 3618 qua:
3080 3550 3136 3602 in
3176 3545 3457 3603 Nomoca-

1866 3662 2031 3712 none,
2076 3644 2154 3719 [id
2179 3655 2283 3712 est,
2319 3645 2371 3699 in
2404 3645 2544 3699 libro
2567 3659 2634 3699 ex
2660 3643 2874 3714 legibus
2899 3650 2954 3696 et
2980 3640 3290 3696 canonibus
3326 3655 3460 3696 con-

1869 3736 2195 3808 sarcinato].
2224 3736 2431 3806 scripta
2475 3744 2605 3791 sunt
2638 3749 2766 3789 cum
2817 3730 2957 3805 [ille]
2995 3742 3256 3803 tanquam
3284 3746 3316 3787 a
3349 3730 3463 3787 Deo

1868 3834 2088 3903 scriptae
2123 3832 2323 3887 tabulae
2375 3830 2430 3884 in
2482 3828 2733 3885 Ecclesia
2767 3827 3088 3891 mstimetur,
3135 3825 3463 3896 reprobare-

1868 3936 1980 3983 tur.
2012 3926 2217 3981 Verum
2262 3939 2386 3980 cum
2429 3921 2785 3993 postmodum
2823 3920 2990 3982 idem.
3026 3918 3173 3989 quod
3213 3927 3361 3983 ante,
3393 3933 3462 3973 ex

1872 4017 2224 4090 imperatoris
2254 4030 2369 4081 ore,
2398 4022 2453 4071 et
2475 4012 2772 4085 praecipuis
2802 4009 3156 4066 senatoribus
3173 4008 3422 4064 audisset
3444 4049 3457 4071 ,

1876 4095 1935 4171 se
1983 4110 2272 4167 confestim
2332 4107 2398 4162 ad
2433 4105 2723 4177 przesentis
2766 4103 2951 4173 operis
2998 4100 3458 4171 compositionem

1872 4205 2127 4271 contulit,
2181 4200 2649 4274 quemadmodum
2693 4194 2907 4270 [etiam]
2957 4197 3013 4249 in
3059 4193 3332 4266 prooemio
3392 4194 3466 4249 si-

1872 4299 2280 4374 gniﬁcavimus.
2310 4294 2493 4367 Atque
2525 4296 2596 4348 ita
2632 4307 2769 4348 sane
2807 4289 3070 4345 inefficaci
3102 4288 3190 4345 isti
3222 4288 3460 4344 novellae

1872 4386 2338 4451 Chalcedonensis
2361 4386 2581 4443 concilii
2600 4399 2777 4441 canon
2807 4384 2895 4456 25;
2906 4382 3180 4454 praevalet.

1944 4507 2240 4565 Scholium.
2268 4504 2345 4559 De
2376 4500 2728 4558 ordinatione
2776 4497 3165 4568 episc0porum
3212 4494 3267 4550 in
3316 4510 3464 4567 prae-

150 4622 398 4695 παρόντι
420 4620 605 4674 κανόνι
630 4618 1020 4690 περιεχόμενος
1044 4614 1233 4688 χρόνος
1258 4616 1445 4679 διττῶς
1467 4616 1753 4688 ἑρμηνεύε-

1875 4604 2014 4661 senti
2058 4617 2184 4673 cap.
2224 4608 2446 4669 tempus
2480 4592 2941 4664 comprehensum
2992 4589 3267 4660 duplicem
3298 4588 3467 4645 habet

150 4732 277 4769 ται.
310 4711 371 4766 Ὀ
400 4710 498 4783 μὲν
531 4709 640 4780 γὰρ
660 4706 737 4762 κε’
771 4705 974 4770 κανὼν,
1006 4706 1107 4777 τῆς
1142 4708 1198 4760 ἐν
1220 4704 1525 4776 Χαλκηδόνι
1550 4701 1766 4757 συνόδου

150 4805 660 4881 διορίζεται,ιὲντδς
690 4803 856 4875 τριῶν
885 4801 1069 4873 μηνῶν
1087 4800 1164 4864 είς
1184 4798 1282 4862 τὰς
1303 4791 1645 4870 χηρευούσας
1677 4799 1771 4851 ἐκ·

155 4902 403 4975 κλησίας
434 4898 771 4961 ἐπισκόπους
806 4894 1310 4967 ἀποκηρύττεσθαι.
1365 4892 1422 4945 Ὀ
1461 4892 1517 4944 δὲ
1556 4889 1637 4956 ιδ’,
1667 4908 1767 4945 κα-

158 4995 276 5051 νὼν
302 4993 408 5063 τῆς
439 4990 494 5057 ς’
517 4991 739 5045 συνόδου
776 4988 904 5061 περὶ¹
949 4985 1045 5041 τοῦ
1077 4984 1273 5058 χρόνου
1304 4983 1401 5053 τῆς
1433 4982 1651 5053 ἡλικίας
1674 4979 1768 5033 τοῦ

154 5087 481 5143 ἐπισκόπου
539 5084 809 5139 διδάσκει.
854 5080 921 5135 Ἠ
974 5079 1031 5133 δέ
1079 5076 1391 5149 παράϐασις
1425 5076 1636 5129 ἐκείνου
1669 5074 1771 5143 μὲν

158 5178 622 5253 ἐκκλησιαστικῷ
680 5173 1088 5231 καθυποϐάλλει
1136 5169 1396 5242 ἐπιτιμίῳ
1424 5209 1439 5235 ,
1494 5166 1671 5240 τούτῳ
1716 5166 1771 5219 δὲ

156 5274 518 5348 καθαιρέσει.

245 5391 504 5447 ΚΕΦΑΔ.
538 5391 597 5443 1'.
638 5418 706 5428 -
734 5384 877 5454 Περὶ
903 5381 1009 5437 τοῦ
1022 5379 1108 5451 μὴ
1141 5377 1611 5449 χειροτονεῖσθαι
1640 5374 1773 5429 τινὰ

163 5488 537 5551 ἐπίσκοπον,
568 5482 608 5551 ἢ
668 5478 1097 5548 πρεσϐύτερον,
1131 5476 1168 5543 ἢ
1200 5473 1487 5527 διάκονον
1545 5469 1687 5539 πρὶν
1732 5469 1771 5536 ἣ

162 5581 410 5647 πάντας
445 5578 589 5642 τοὺς
615 5576 686 5629 ἐν
714 5572 794 5639 τῷ
819 5572 963 5636 οἴκῳ
983 5570 1173 5626 αὐτοῦ
1194 5566 1592 5638 Χριστιανοὺς
1607 5566 1773 5635 ὀρθο-

154 5676 395 5742 δόξους
417 5668 704 5739 ζποιῆσαι.

248 5765 483 5821 Συνόδου
512 5758 904 5833 Καρθαγέννης
928 5754 1105 5810 κανὼν
1134 5752 1248 5819 λς’.

243 5861 567 5931 Κείμενον.
597 5855 706 5908 Καὶ
728 5855 761 5923 ἡ
778 5850 846 5923 ιη’
864 5852 1005 5905 διὰτ.
1024 5847 1119 5903 τοῦ
1146 5848 1185 5903 ε’
1206 5849 1312 5903 τίτ.
1334 5846 1428 5900 τοῦ
1444 5844 1510 5911 α’,
1548 5862 1601 5899 κ.
1626 5861 1677 5900 τ.
1698 5842 1773 5910 λ.,

158 5971 351 6037 psque
378 5950 556 6026 (ιιι,τῴ
580 5949 719 6022 ἁγίῳ
755 5946 1121 6020 βαπτίσματι.

1878 4694 2409 4767 interpretationem.
2462 4687 2742 4760 Siquidem
2797 4685 2870 4741 25
2907 4699 3085 4740 canon
3142 4681 3455 4739 Chalcedo-

1872 4792 2060 4848 nensis
2093 4788 2313 4845 concilii
2348 4785 2563 4850 statuit,
2605 4795 2662 4838 ut
2691 4784 2835 4838 intra
2860 4790 2974 4837 tres
3006 4794 3227 4835 menses
3267 4780 3320 4833 in
3362 4793 3463 4833 va-

1871 4862 2059 4943 cantes
2094 4881 2357 4939 ecclesias
2377 4877 2622 4949 episcOpi
2667 4875 2945 4946 pmconio
2972 4874 3229 4930 declarati
3265 4872 3467 4946 [intro-

1873 4977 2197 5050 ducantnr.]
2253 4973 2486 5031 Concilii
2541 4986 2672 5026 vero
2729 4970 2761 5025 6
2811 4984 2991 5024 canon
3041 4966 3108 5022 14
3167 4968 3233 5022 de
3288 4952 3471 5023 aetatis

1873 5064 2269 5140 episcoporum
2319 5075 2567 5135 tempore
2606 5061 2787 5117 docet.
2823 5060 2903 5114 Ac
2944 5057 3312 5129 transgressio
3341 5056 3469 5129 qui-

1872 5165 1993 5220 dem
2045 5162 2217 5226 illius,
2267 5157 2660 5215 ecclesiasticae
2708 5169 2885 5227 ptenze
2930 5149 3136 5226 [reum]
3205 5150 3467 5220 subjicit:

1876 5258 2042 5329 bujus
2068 5272 2217 5321 vero,
2252 5253 2271 5328 [
2298 5270 2325 5308 a
2358 5250 2697 5323 sacerdotio]
2728 5245 3047 5304 remotioni.

1948 5370 2103 5425 CAP.
2134 5366 2203 5423 Χ.
2241 5397 2310 5407 -—
2339 5364 2423 5420 Ne
2445 5364 2730 5437 quisquam
2774 5369 2869 5415 aut
2893 5359 3192 5430 episcopus,
3230 5366 3319 5410 aut
3352 5371 3472 5426 pre-

1874 5467 2072 5536 sbyter,
2128 5474 2221 5517 aut
2260 5463 2543 5515 diaconus,
2573 5458 2851 5513 ordinetur
2878 5496 2892 5521 ,
2946 5454 3255 5524 priusquam
3293 5466 3472 5505 omnes

1878 5561 2195 5615 domesticos
2231 5574 2355 5611 suos
2379 5554 2611 5624 effecerit
2644 5550 2979 5606 Christianos
3014 5546 3359 5601 orthodoxos.

1949 5748 2181 5804 Concilii
2210 5740 2663 5814 Cartliaginensis
2688 5754 2864 5794 canon
2898 5734 2987 5791 56.

1956 5840 2177 5895 Tcxtus.
2214 5838 2391 5892 Etiam
2420 5840 2598 5888 const.
2631 5829 2839 5899 18,2tit.
2864 5829 2918 5897 5,
2948 5826 3040 5883 lib.
3071 5826 3121 5891 l,
3147 5832 3280 5890 etc.,
3309 5837 3473 5892 usque

1788 5990 1794 5997 .
1882 5938 1951 5991 ad
1995 5950 2103 5991 non
2137 5931 2429 5997 adducant,
2464 5936 2521 5980 ut
2546 5941 2671 5997 pag.
2702 5910 2828 5980 49.8.
