3870 6290
503 356 510 362 -
582 320 693 388 995

1730 317 1992 390 PlIOTII
2036 315 2547 378 PATRIARCH/E
2575 315 2688 378 op.
2872 321 2904 327 ··
3695 331 3794 396 996.

658 432 953 490 Scholium.
978 431 1170 490 Const.
1194 432 1281 499 18,
1316 433 1401 489 tit.
1436 434 1491 499 5,
1525 433 1623 488 lib.
1661 448 1715 496 ι,
1745 432 1880 488 Cod.
1915 433 1969 486 in
2009 433 2174 488 Basil.

2353 431 2637 501 Σχόλιον.
2674 429 2742 484 Ἠ
2799 427 2868 501 ιη’
2911 429 3053 484 διάτ.
3096 428 3191 484 τοῦ
3221 429 3259 483 ε’
3304 431 3402 486 τίτ.
3439 433 3522 490 τοῦ
3546 436 3586 490 α’
3619 439 3774 511 βιϐλίου

588 539 699 580 non
745 533 831 580 est
873 525 1076 597 posita,
1124 539 1302 596 neque
1351 533 1530 580 const.
1562 524 1652 588 10,
1690 523 1774 579 ιίι.
1821 523 1882 578 il
1935 524 2184 596 ejusdem

585 615 685 674 lib.
712 615 933 682 Quaeret
958 615 1194 672 fortasse
1226 616 1449 686 aliquis,
1481 631 1608 671 cum
1638 616 1708 670 36
1734 630 1913 671 canon
1966 615 2183 671 concilii

587 709 1042 780 Carthaginensis
1075 716 1304 772 statuat,
1328 725 1398 764 ne
1426 708 1724 779 quisquam
1764 708 1818 762 in
1853 707 2184 763 clericorum

590 819 885 859 numerum
921 801 1242 872 recipiatur,
1299 801 1406 857 nisi
1451 815 1648 855 omnes
1679 800 2016 856 domesticos
2056 816 2186 854 suos

591 897 944 954 Christianos
994 895 1185 962 faciat,
1229 894 1514 966 quomodo
1562 903 1858 964 praesentes
1911 893 2186 948 constitu-

589 991 794 1055 tiones,
847 1006 974 1046 cum
1005 990 1194 1045 dicant
1235 1004 1332 1044 eos
1379 989 1472 1058 qui
1500 1003 1566 1042 ex
1615 987 1846 1058 paganis
1884 985 2186 1041 Christiani

592 1082 727 1140 facti
779 1093 934 1147 sunt,
992 1082 1200 1155 puniri,
1259 1081 1368 1136 nisi
1411 1097 1614 1136 uxores
1671 1095 1803 1136 suas
1857 1088 1914 1134 et
1962 1079 2186 1143 liberos,

589 1189 896 1246 omnesque
929 1172 1268 1228 domesticos
1325 1187 1457 1227 suos
1505 1173 1569 1225 ad
1620 1178 2030 1226 sacrosanctum
2089 1167 2190 1222 ha-

595 1269 798 1340 ptisma
851 1266 1152 1331 adducant,
1201 1265 1392 1335 positae
1417 1281 1526 1319 non
1588 1275 1716 1321 sunt
1746 1265 1798 1319 iu
1838 1263 2007 1319 Basil.
2064 1277 2188 1318 cum

603 1358 839 1435 [tamen]
872 1360 931 1414 in
964 1361 1049 1415 his
1083 1375 1208 1414 cum
1243 1375 1453 1414 canone
1483 1360 1836 1415 conveniant.
1869 1357 2101 1415 Coustit.
2137 1359 2191 1414 in

601 1451 773 1508 Basil.
829 1462 1128 1523 assumptze
1199 1467 1306 1506 non
1355 1462 1503 1517 sunt,
1555 1463 1776 1522 propter
1823 1453 1998 1507 sancti
2037 1450 2192 1506 Pauli

597 1544 831 1615 apostoli
877 1554 1212 1615 praeceptum
1261 1545 1578 1609 statuentis,
1622 1560 1690 1598 ne
1727 1542 2030 1598 infidelium
2077 1560 2194 1599 ma-

597 1638 920 1694 trimonium
948 1638 1216 1702 solvatur,
1253 1638 1299 1693 si
1325 1638 1462 1693 alter
1492 1638 1708 1692 illorum
1740 1638 1917 1694 ﬁdelis
1950 1640 2062 1693 liat.
2091 1638 2194 1706 Qui

597 1742 838 1797 namque
870 1727 1003 1794 scis,
1038 1725 1240 1796 inquit,
1281 1742 1350 1781 an
1387 1727 1563 1781 ﬁdelis
1593 1728 1865 1782 inﬁdelem
1904 1727 2192 1797 conjugem

2289 525 2384 578 τοῦ
2408 523 2653 590 Κώδικος
2674 525 2775 580 οὐκ
2811 525 2969 598 ἐτέθη
3000 527 3082 590 είς
3116 525 3186 580 τὰ
3214 524 3644 608 Βασιλικά,οῦδὲὴ
3671 557 3686 590 ι
3708 542 3777 595 τοῦ

2293 615 2359 670 ια’
2397 616 2484 670 τίτ
2511 617 2606 670 τοῦ
2639 616 2804 671 αὐτοῦ
2837 617 3067 689 βιϐλίου.
3095 617 3388 690 Ἐρωτήσει
3424 639 3498 686 τις
3523 625 3588 688 ὡς
3621 629 3694 682 τοῦ
3716 631 3779 698 λς’

2234 765 2238 768 ,
2291 708 2516 768 κανόνος
2535 709 2633 780 τῆς
2661 711 2717 763 ὲν
2736 710 3098 783 Καρθαγέννῃ
3138 711 3357 765 συνόδου
3390 712 3706 788 διοριζομένου
3731 728 3784 799 μὴ

2290 800 2629 874 κληροῦσθαι
2670 819 2794 855 τινα
2830 804 2878 856 εί
2915 803 2991 875 μὴ
3024 804 3224 873 ποιήσῃ
3267 804 3594 876 Χριστιανοὺς
3630 813 3784 880 πάντας

2293 896 2419 958 τοὺς
2459 895 2518 946 ὲν
2545 893 2622 965 τῷ
2647 897 2782 965 οῐκῳ
2808 896 2998 961 αὐτοῦ,
3049 897 3166 961 πῶς
3210 898 3265 951 αἱ
3305 898 3558 968 παροῦσαι
3584 901 3788 973 διατάξεις

2293 988 2350 1043 αἱ
2401 988 2660 1058 λέγουσαι
2712 990 2840 1052 τοὺς
2892 988 2953 1054 ἐξ
3014 989 3288 1061 Ἑλλήνων
3323 991 3589 1059 γεγονότας
3624 1001 3789 1063 πιστοὺς

2292 1083 2676 1154 τιμωρεῖσθαι,
2711 1084 2758 1135 εἰ
2791 1081 2865 1154 μὴ
2904 1082 3241 1153 προσάγουσι
3271 1080 3346 1152 τῷ
3375 1083 3505 1154 ἁγίῳ
3533 1083 3790 1158 βαπτίσματι

2293 1174 2542 1246 γαμετὰς
2568 1175 2770 1240 αὐτῶν,
2804 1175 2901 1229 καὶ
2928 1175 3125 1239 παῖδας
3154 1174 3251 1228 καὶ
3280 1175 3481 1239 πάντας
3517 1178 3624 1241 τοὺς
3654 1181 3698 1233 ὲν
3715 1185 3792 1245 107.;

2293 1269 2463 1331 οἴκοις
2479 1267 2679 1333 αὐτῶν,
2706 1269 2807 1322 οὐκ
2827 1268 3094 1338 ἐτέθησαν
3125 1269 3204 1331 εἰς
3221 1267 3290 1321 τὰ
3310 1267 3557 1322 Βασιλικὰ
3581 1268 3793 1342 σύνδεσμοι

2291 1361 2473 1426 οὖσαι,
2507 1363 2603 1416 καὶ
2639 1363 2812 1416 ταῦτα
2847 1361 2924 1432 τῷ
2948 1361 3366 1426 κανόνι.Λύσις.
3401 1363 3466 1414 Αἱ
3493 1363 3578 1433 μὲν
3597 1363 3793 1432 Studiis;

2295 1456 2356 1510 οῦ
2389 1456 2826 1528 παρελήφθησαν
2856 1458 2937 1520 είς
2973 1456 3042 1509 τὰ
3073 1455 3340 1509 Βασιλικά
3365 1455 3451 1508 διὰ
3469 1454 3557 1526 τὴν
3581 1456 3660 1510 τοῦ
3689 1459 3793 1526 ἁγίου

2309 1549 2635 1603 Ἀποστόλου
2711 1548 3093 1618 παραγγελίαν
3141 1547 3280 1620 ,τὴν
3358 1547 3691 1620 διοριζομένην
3748 1554 3794 1623 μὴ

2296 1639 2522 1694 λύεσθαι
2578 1640 2680 1712 τὴν
2729 1641 2841 1694 τῶν
2879 1640 3125 1695 ἀπίστων
3165 1639 3497 1711 συνοίκησιν,
3529 1640 3610 1692 ἐὰν
3633 1641 3657 1693 ὁ
3681 1635 3737 1703 εἷς
3760 1643 3797 1706 ἐξ

2298 1735 2480 1788 αὐτῶν
2545 1735 2736 1798 πιστὸς
2775 1737 3027 1806 γένηται,
3073 1735 3140 1788 Τί
3191 1733 3325 1804 γὰρ,
3357 1733 3534 1804 φησὶν,
3564 1728 3684 1796 οἶδας
3701 1736 3799 1787 tiri

595 1839 755 1881 suam
803 1823 869 1877 ad
908 1823 1068 1879 ﬁdem
1121 1823 1194 1878 sit
1261 1823 1622 1885 deducturus,
1677 1829 1732 1876 et
1788 1837 1818 1875 ο
1873 1821 2192 1876 contrario?

2306 1829 2490 1892 πιστὸς
2524 1829 2814 1901 μεταγάγῃ
2843 1828 2978 1899 πρὸς
3017 1827 3116 1899 τὴν
3167 1827 3355 1881 πίστιν
3400 1825 3496 1899 τὴν
3524 1827 3714 1881 ἄπιστον
3739 1827 3798 1880 εύ-

599 1915 791 1970 Canon
820 1924 1004 1968 autem
1035 1914 1170 1979 vult,
1204 1929 1331 1969 eum
1361 1913 1457 1984 qui
1493 1927 1777 1984 nunquam
1810 1913 2067 1974 infidelis,
2098 1913 2192 1968 sed

599 2007 863 2081 [semper]
893 2008 1212 2063 orthodoxa)
1243 2007 1364 2062 ﬁdei
1408 2007 1531 2072 fuit,
1575 2007 1896 2062 cohabitare
1943 2007 2146 2062 inﬁdeli
2179 2025 2192 2062 :

598 2099 699 2173 [et]
745 2101 924 2155 multo
969 2100 1192 2171 quidem
1269 2100 1476 2164 minus,
1526 2109 1814 2168 postquam
1872 2100 1926 2154 iu
1980 2100 2189 2155 clerum

599 2191 853 2264 [allectus
882 2193 1000 2263 sit):
1026 2209 1090 2247 ac
1129 2193 1337 2248 idcirco
1365 2193 1417 2246 in
1448 2191 1658 2248 clerum
1692 2192 1898 2246 assumi
1929 2208 2036 2247 non
2071 2207 2194 2264 per-

603 2284 794 2340 mittit.
842 2283 987 2350 Quin
1034 2285 1126 2340 alii
1154 2301 1374 2356 quoque
1419 2300 1661 2341 canones
1708 2285 1920 2341 fidelem
1964 2283 2040 2358 [in
2075 2301 2194 2340 ma-

601 2375 954 2449 trimonium]
983 2377 1243 2449 conjungi
1282 2378 1484 2433 inﬁdeli
1522 2393 1628 2432 non
1682 2379 1891 2433 sinunt.
1928 2377 2023 2433 Est
2064 2393 2196 2449 ergo

599 2468 915 2526 dilferenlia
965 2470 1111 2526 inter
1138 2487 1265 2526 eum
1313 2472 1406 2542 qui
1447 2485 1573 2526 cum
1617 2471 1852 2526 inﬁdelis
1881 2472 2091 2538 fuisset,
2125 2473 2191 2526 ad

603 2563 761 2619 ﬁdem
795 2579 1100 2621 conversus
1127 2576 1234 2628 est,
1262 2573 1318 2620 et
1344 2581 1469 2620 eum
1499 2565 1595 2636 qui
1629 2581 1659 2620 a
1702 2567 1992 2622 nativitate
2018 2567 2195 2624 ﬁdelis

601 2656 725 2713 fuit.
755 2656 852 2713 Ille
895 2657 1044 2712 enim
1086 2659 1246 2713 venia
1275 2658 1477 2730 dignus
1517 2658 1785 2723 habetur,
1835 2660 1880 2713 si
1927 2669 2192 2729 cognatos

601 2749 678 2823 [et
701 2750 1072 2823 necessarios]
1106 2751 1357 2807 inﬁdeles
1392 2766 1504 2806 non
1545 2751 1753 2822 ejiciat,
1792 2752 1939 2823 quod
1974 2768 2033 2808 se
2073 2753 2197 2809 illos

598 2845 767 2898 etiam
813 2844 882 2899 ad
927 2845 1293 2900 orthodoxam
1337 2845 1496 2900 fidem
1543 2861 1943 2902 conversurum
1977 2859 2195 2918 speret:

603 2935 695 2990 hic
726 2950 858 2990 vero
913 2935 1161 3007 punitur,
1205 2947 1467 3007 tanquam
1502 2953 1627 2991 cum
1685 2938 1998 2994 inﬁdelibus
2039 2955 2193 2995 com-

604 3029 874 3083 mercium
925 3029 1146 3095 haheat,
1181 3037 1235 3085 et
1282 3038 1342 3084 ut
1394 3029 1447 3084 in
1477 3030 1685 3084 clerum
1721 3040 2037 3087 assumatur
2083 3047 2192 3087 non

604 3118 963 3187 permittitur.

2307 1922 2468 1991 ζυγον
2500 1922 2758 1976 αῦτοῦ....
2805 1922 2863 1976 Ὀ
2898 1921 2955 1974 δὲ
2995 1921 3178 1975 κανὼν
3232 1921 3294 1974 οὐ
3347 1918 3489 1974 θέλει
3513 1922 3732 1972 συνοικεῖν
3763 1922 3800 1974 οὗ

2311 2012 2583 2084 μηδέποτε
2610 2012 2876 2082 γεγονότα
2901 2012 3154 2076 ἄπιστον,
3187 2010 3303 2064 ἀλλ’
3347 2009 3695 2080 όρΘοδοξοῦντα
3713 2012 3804 2082 μετα

2307 2105 2562 2170 ἀπίστου,
2592 2104 2773 2177 πολλῷ
2817 2105 2876 2159 δὲ
2918 2104 3079 2158 πλέον
3141 2105 3281 2176 μετὰ
3325 2103 3589 2175 κλήρωσιν
3613 2103 3684 2157 διὰ
3702 2104 3807 2156 τοῦτο

2304 2198 2367 2251 οῦ
2396 2201 2724 2270 παραχωρεί
2751 2199 2914 2254 αὑτὸν
2966 2196 3346 2269 κληρωθῆναι.
3376 2198 3484 2250 Καὶ
3515 2195 3723 2267 ἓτεροιδὲ
3742 2213 3807 2249 κσ-

2305 2290 2455 2354 νόνες
2487 2292 2547 2344 οῦ
2584 2289 2981 2363 παραχωροῦσι
3035 2289 3114 2361 τῷ
3153 2288 3336 2361 πιστῷ
3385 2287 3688 2359 συνοφθῆναι
3721 2290 3809 2358 μετὰ

2309 2386 2562 2440 ἀπίστου.
2595 2386 2840 2457 Διαφορά
2879 2385 2975 2440 οῦν
3017 2387 3168 2439 ἐστιν
3212 2385 3450 2438 ἀπίστου
3479 2383 3552 2446 εἰς
3583 2384 3666 2454 τὴν
3685 2383 3808 2436 πίστιν

2307 2478 2762 2550 ἐπιστρέψαντος,
2805 2479 2902 2532 καὶ⁵
2952 2477 3046 2531 τοῦ
3101 2478 3170 2531 ἐκ
3207 2475 3440 2546 γενετῆς
3485 2474 3622 2537 ὄντος
3660 2474 3808 2528 πιστοῦ.

2317 2571 2379 2624 '0
2406 2569 2506 2641 μὲν
2535 2571 2642 2642 γὰρ
2675 2569 3011 2642 συγγνώμης
3058 2569 3305 2636 ἀξιοῦται
3360 2568 3435 2641 μὴ
3464 2566 3702 2621 ἐκϐάλλων
3728 2566 3810 2629 τοὺς

2308 2665 2631 2734 προσγενεῖς
2656 2662 2807 2734 αῦτῷ
2870 2662 3155 2728 ἀπίστους,
3207 2661 3580 2734 μεταστρέψαι
3606 2661 3813 2720 κάκείνους

2307 2753 2666 2824 ὲλπιζόμενος
2699 2755 2778 2818 είς
2849 2753 2948 2824 τὴν
3004 2735 3307 2824 ὀρθόδοξον
3357 2752 3555 2817 πίστιν,
3584 2754 3609 2804 ό
3632 2750 3679 2804 δὲ
3700 2768 3816 2820 ttat»-

2309 2848 2482 2918 ρείται
2511 2845 2587 2908 ὡς
2621 2846 2761 2915 μετὰ
2788 2846 3036 2900 ἀπίστων
3071 2846 3480 2915 συγκοινωνῶν,
3511 2847 3597 2898 καὶ
3622 2845 3673 2898 οὐ
3696 2862 3815 2913 παρα-

2309 2942 2567 3012 χωρείται
2598 2939 2958 3012 κληροῦσθαι.
3008 2940 3313 3010 Ἀνάγνωθι
3346 2942 3442 2996 καὶ
3469 2943 3556 2994 τὸν
3583 2939 3648 3010 οβ’
3675 2937 3816 2992 κανόνι

2309 3034 2409 3104 τῆς
2445 3035 2501 3087 ἐν
2534 3033 2612 3104 τῷ
2651 3033 2907 3107 Τρούλλῳ
2967 3035 3189 3088 συνόδου
3247 3034 3395 3089 οὕτω
3443 3032 3718 3106 διαιροῦντα
3739 3032 3819 3092 τοὺς

2312 3127 2538 3190 πιστοὺς
2557 3127 2654 3181 καὶ
2679 3127 2816 3199 πρὸς
2842 3127 2920 3198 τῷ
2948 3127 3092 3181 τέλει
3119 3126 3294 3180 ταῦτα
3333 3127 3612 3193 διεξιόντα,
3634 3125 3821 3198 ἡγίασταιι

602 3208 716 3281 γὰρ
741 3213 769 3264 ό
823 3212 1055 3277 ἄπιστος
1105 3213 1247 3286 ἀνὴρ
1279 3214 1339 3266 ὲν
1366 3215 1434 3285 τῇ
1472 3215 1721 3283 γυναικὶ,
1749 3217 1845 3268 καὶ
1884 3217 2203 3290 ἡγίασταιή
2246 3221 2476 3284 ἄπιστος
2534 3219 2674 3292 γυνὴ
2702 3221 2760 3274 ὲν
2824 3219 2903 3292 τῷ
2934 3220 3109 3293 ἀνδρί.
3159 3221 3466 3290 Ἀνάγνωθι
3515 3221 3601 3274 καὶ
3649 3217 3732 3270 ἀπὸ
3759 3215 3823 3283 τῆς

605 3305 742 3388 ῖερδς
788 3307 1108 3380 Κορινθίους
1134 3307 1459 3380 Ἐπιστολῆς
1515 3309 1609 3363 τοῦ
1661 3311 1820 3380 ἁγίου
1882 3313 2182 3367 ἀποστόλου
2261 3314 2472 3368 Παύλου
2522 3316 2586 3368 τὸ
2640 3316 2771 3386 περὶ
2834 3314 3028 3369 τούτου
3101 3317 3419 3388 πρόσφορον
3463 3311 3644 3384 χωρίον
3697 3309 3820 3375 λέγων.

604 3385 1052 3471 Ἀδελφοὶ,εί’τις
1079 3402 1313 3471 ἀδελφὴν
1333 3404 1571 3471 γυναῖκα
1599 3403 1712 3474 ἔχει
1734 3407 1985 3474 ἄπιστον,
2020 3409 2115 3461 καὶ
2156 3408 2225 3461 τὰ
2265 3408 2413 3479 ἑξῆς,
2439 3411 2534 3462 καὶ
2560 3408 2684 3463 εἰπὲ
2713 3385 2823 3462 ἀπὸ
2867 3409 3084 3463 πάντων
3131 3385 3336 3473 καλῶςν
3365 3406 3654 3481 ἱερωσύνης
3701 3402 3824 3467 (LE-.05-

603 3493 731 3548 σθαι
761 3492 1130 3565 βαπτισθέντα
1155 3496 1249 3548 atati.
1277 3495 1578 3564 ἀγιάζοντα
1607 3498 1802 3562 ἄλλους
1827 3500 1924 3553 καὶ
1951 3498 2059 3569 πρὸ
2103 3499 2198 3553 τοῦ
2243 3500 2508 3570 βαπτίσαι
2535 3500 2663 3564 τοὺς
2697 3500 2794 3554 σὺν
2815 3499 2966 3572 αῦτῷ
2989 3499 3300 3564 οἰκοῦντας.

675 3611 828 3666 CAP.
866 3610 962 3666 XI.
1001 3641 1066 3653 —
1120 3611 1200 3669 De
1233 3613 1315 3669 his
1364 3617 1455 3687 qui
1480 3633 1546 3671 ex
1593 3617 1850 3673 laicorum
1898 3629 2044 3674 statu
2093 3622 2195 3691 epi-

2383 3621 2635 3674 ΚΕΦΑΛ.
2663 3619 2768 3674 lA'.
2792 3651 2866 3661 —
2902 3620 3045 3690 Περὶ
3096 3617 3218 3674 τῶν
3261 3620 3389 3676 ἀπὸ
3421 3617 3643 3675 λατκῶν
3672 3615 3829 3688 τινομὲ-

604 3703 750 3765 scopi
776 3702 937 3772 ﬁunt.

679 3817 912 3873 Concilii
945 3816 1298 3875 Sardieensis
1331 3836 1510 3877 canon
1548 3823 1651 3892 1Ο;
1680 3826 1900 3880 concilii
1943 3827 2107 3898 primi
2148 3838 2204 3883 et

609 3909 839 3964 secundi
911 3909 968 3963 in
1021 3922 1342 3966 sanctorum
1396 3915 1787 3984 Apostolorum
1835 3919 1954 3974 aede
2001 3921 2202 3984 coacti,

606 4015 785 4055 canon
822 4000 910 4057 17.

607 4170 615 4179 .
684 4095 998 4155 Sclmlium.‘
1036 4099 1230 4159 Const.
1285 4102 1321 4157 2
1349 4102 1593 4172 ejusdem
1632 4107 1653 4161 1
1725 4107 1808 4163 tit.
1854 4109 2203 4166 Novellarum

613 4201 700 4248 est
729 4191 813 4264 (ut
846 4195 1101 4265 superius
1121 4193 1330 4252 dictum
1357 4199 1463 4267 est)
1495 4198 1794 4257 Justiniani
1822 4205 2034 4258 novella
2078 4206 2200 4261 125.

616 4283 734 4340 llnc
771 4302 901 4343 vero
931 4287 1054 4359 ejus
1083 4299 1250 4360 caput
1290 4306 1400 4346 non
1436 4303 1521 4348 est
1548 4297 1792 4364 positum
1831 4299 1882 4352 in
1929 4297 2096 4354 Basil.
2147 4300 2210 4354 Et

614 4389 794 4435 const.
823 4380 875 4446 1,
903 4383 989 4436 tit.
1025 4398 1040 4435 l
1084 4382 1460 4450 Novellarum,
1485 4398 1567 4443 est
1589 4389 1806 4444 novella
1829 4389 2124 4447 Iustiniani
2151 4395 2206 4450 ϐ.

614 4473 682 4526 Et
711 4489 892 4544 neque
927 4477 1064 4541 hac,
1101 4492 1226 4533 cum
1270 4477 1506 4554 [tamen]
1552 4483 1621 4538 de
1666 4483 1753 4540 his
1809 4486 1902 4556 qui
1932 4502 1998 4541 ex
2051 4488 2208 4542 laicis

611 4565 855 4638 episcopi
884 4568 1043 4637 ﬁunt,
1067 4578 1281 4635 tractet,
1301 4571 1503 4629 inserta
1527 4585 1610 4631 est
1630 4575 1824 4642 Basil.,
1851 4582 2209 4649 quemadmo-

615 4657 749 4714 dum
808 4676 988 4732 neque
1042 4679 1388 4738 quaecunque
1434 4667 1778 4725 Justitiuiani
1809 4671 2024 4726 novella
2078 4673 2208 4739 alia,

612 4767 741 4821 qua:
769 4751 871 4807 hac
899 4755 967 4810 de
997 4771 1056 4810 re
1087 4756 1328 4816 disserit.
1361 4761 1538 4832 Hujus
1569 4763 1734 4834 igitur
1761 4763 1888 4838 [rei]
1915 4781 2082 4822 causa
2115 4771 2206 4822 uni

618 4846 685 4900 17
715 4849 912 4902 cauoui
945 4849 970 4902 1
1003 4861 1055 4906 et
1097 4851 1133 4906 2
1179 4857 1393 4912 concilii
1456 4858 1509 4912 in
1559 4871 1876 4916 sanctorum
1918 4863 2212 4932 Apostolo-

2313 3731 2437 3768 νων
2462 3715 2836 3770 ἐπισκόπων.

2389 3831 2621 3883 Συνόδου
2682 3830 2956 3903 Σαρδικῆς
3004 3829 3186 3886 κανὼν
3248 3831 3322 3886 ι”
3384 3832 3603 3887 συνόδου
3642 3829 3774 3884 α’κσί
3805 3824 3830 3894 β’

2320 3924 2791 3998 συγκροτηθείσης
2829 3927 2888 3978 ὲν
2929 3925 3010 3997 τῷ
3042 3924 3156 3997 ναῷ
3189 3924 3300 3979 τῶν
3352 3926 3533 3996 ἁγίων
3575 3920 3835 3978 Ἀποστόλων

2319 4018 2502 4072 κανὼν
2534 4016 2621 4082 ιζ’.

2393 4113 2674 4181 Σχόλιον.
2725 4113 2788 4166 Ἢ
2821 4111 2865 4184 β’
2889 4112 3031 4168 διάτ.
3059 4111 3154 4167 τοῦ
3178 4111 3349 4169 α’τίτ.
3371 4113 3488 4167 τῶν
3517 4109 3838 4182 Νεαρῶνὲπιν

2318 4203 2393 4266 ὡς
2426 4204 2634 4260 ἀνωθεν
2657 4207 2873 4278 εἴρηται
2899 4205 3069 4277 νεαρά
3109 4206 3553 4268 Ἰουστινιάνειος
3585 4201 3709 4275 ρκγ⁹,
3734 4200 3838 4253 τοῦτο

2321 4296 2378 4349 δὲ
2408 4297 2580 4365 αὐτῆς
2611 4297 2672 4351 τὸ
2706 4315 2834 4368 κεφ.
2868 4297 2969 4351 οῦκ
2997 4297 3159 4368 ἐτέθη
3199 4299 3280 4362 εἰς
3327 4299 3402 4352 τὰ
3431 4297 3700 4360 Βασιλικὰ,
3728 4287 3842 4346 xa‘ta'

2318 4389 2459 4445 διάτ.
2482 4389 2574 4443 τοῦ
2608 4388 2656 4443 α’
2689 4391 2794 4446 τίτ.
2843 4391 2952 4444 τῶν
2982 4391 3214 4463 Νεαρῶν
3244 4393 3360 4444 ἐστι
3398 4392 3570 4464 νεαρά
3605 4387 3840 4444 Ἰοῦστινεάο

2322 4501 2464 4548 νειος
2488 4482 2564 4548 ς’.
2602 4485 2710 4537 Καὶ
2737 4483 2858 4538 οὐδὲ
2904 4485 3044 4556 αὐτὴ
3091 4486 3220 4555 περὶ
3259 4484 3367 4538 τῶν
3399 4485 3510 4538 ἀπὸ
3555 4483 3841 4550 λαῖκῶνγινα·

2326 4577 2505 4647 μένων
2535 4576 2850 4630 ἐπισκόπων
2884 4574 3348 4646 διαλαμϐάνουσα,
3383 4575 3716 4648 κατεστρώθη
3734 4573 3791 4631 εἰς
3802 4569 3845 4621 τἁ

2325 4670 2612 4732 Βασιλικὰ,
2638 4669 2831 4742 ὥσπερ
2862 4669 2998 4742 ἄλλη
3062 4669 3307 4742 οῐαδήτις
3355 4669 3697 4738 Ἰοῦστινιανὴ
3729 4661 3846 4732 νεαρὰ

2325 4765 2455 4834 περὶ
2480 4765 2676 4817 τούτου
2711 4763 2859 4835 μόνῳ
2892 4762 2972 4835 τῷ
3027 4760 3091 4828 ιζ’
3126 4763 3310 4817 κανόνι
3338 4763 3445 4834 τῆς
3480 4765 3538 4816 ἐν
3569 4760 3640 4832 τῷ
3667 4757 3755 4828 ναῷ
3773 4755 3844 4806 τῶν

2327 4860 2500 4928 ἁγίων
2526 4858 2870 4912 Ἀποστόλων
2899 4856 3369 4929 συγκροτηϐείσης
3411 4855 3465 4911 α’
3491 4855 3586 4911 acati
3610 4852 3649 4926 β’
3670 4849 3843 4906 συνόδου.

616 4954 740 4994 rum
770 4940 886 4997 azde
917 4945 1113 5011 coacti,
1138 4950 1385 5005 animum
1413 4951 1632 5008 adhibe.
1668 4951 1784 5009 lllic
1802 4954 1950 5009 enim
1982 4957 2195 5011 omnim

2337 4953 2545 5007 Ἐκεῐσε
2597 4951 2653 5004 δὲ
2708 4950 2928 5014 πάντως
2975 4950 3259 5021 εἰρήσεται
3296 4950 3449 5014 ὅπως
3473 4949 3543 5002 τὰ
3565 4945 3653 5000 τοῦ
3687 4943 3845 4999 κσνὸνῠς

617 5033 855 5102 dicetur,
923 5041 1207 5108 quomodo
1260 5059 1440 5100 canon
1500 5045 1949 5118 iuterpretandus
2020 5051 2111 5116 sit,
2162 5060 2218 5108 ct

617 5124 751 5196 quid
788 5141 854 5182 ex
891 5125 1192 5188 Justiniaui
1220 5133 1574 5205 imperatoris
1607 5138 1840 5194 novellis
1869 5139 2141 5196 obtineat.

615 5227 631 5282 ε
690 5217 848 5275 CAP.
871 5219 993 5278 XII.
1033 5255 1104 5265 —
1129 5230 1406 5294 Quomodo
1431 5229 1666 5301 gentilis,
1704 5242 1797 5284 aut
1820 5245 2070 5303 (egrotus,
2129 5246 2222 5291 aut

615 5325 797 5366 recens
836 5313 1162 5384 baptizatus,
1215 5330 1307 5373 aut
1351 5319 1724 5394 [quisquam]
1785 5339 1850 5378 ea:
1890 5326 2040 5381 mula
2095 5344 2221 5383 con-

616 5406 914 5464 versatione
966 5409 1261 5485 [prodicns]
1306 5415 1585 5469 ordinetur
1611 5413 1754 5489 [aut]
1798 5418 2096 5490 episcopus,
2126 5434 2220 5477 aut

618 5497 867 5556 clericus.

689 5592 1086 5662 Apostolorum
1117 5613 1296 5655 canon
1323 5599 1425 5668 80;
1463 5601 1682 5656 concilii
1707 5599 1914 5657 Nicaeni
1943 5619 2117 5660 canon
2141 5607 2174 5661 2
2198 5625 2214 5673 ;

616 5687 840 5741 concilii
890 5687 1356 5749 Neocaesarieusis
1392 5709 1571 5750 canon
1609 5693 1712 5761 12;
1748 5696 1965 5751 concilii
2013 5697 2214 5755 Laodi-

613 5780 797 5837 censis
831 5797 1011 5840 canon
1034 5785 1090 5843 5.

2325 5048 2786 5119 ὲκλαμὸἀνονται,
2822 5047 2916 5100 καὶ
2947 5043 3057 5100 ἀπὸ
3083 5044 3190 5098 τῶν
3216 5043 3454 5115 Νεαρῶν
3487 5041 3582 5098 τοῦ
3611 5040 3841 5095 ’1ουστινισσ

2328 5143 2422 5198 νοῦ
2444 5141 2542 5196 τοῦ
2572 5140 2843 5214 βασιλέως
2877 5158 2930 5193 τι
2959 5142 3175 5212 κρατεῖ.

2402 5236 2655 5291 ΚΕΦΔΛ.
2680 5235 2782 5290 ur.
2807 5265 2877 5275 —
2898 5231 3032 5299 Πῶς
3061 5235 3094 5288 δ
3117 5233 3375 5299 ἐθνικὸς,
3410 5232 3451 5302 ἢ
3487 5234 3521 5288 δ
3562 5231 3629 5286 ἐν
3652 5230 3793 5290 νίσφ.
3818 5217 3841 5284 ἡ

2330 5331 2362 5383 ό
2389 5326 2607 5382 νεωστί
2644 5325 3008 5392 ,ϐαπτισθεὶς
3072 5326 3171 5378 καί
3208 5327 3240 5379 ό
3272 5326 3339 5378 ἐκ
3362 5326 3606 5394 φαύλης
3625 5313 3843 5388 διαγωγῆς

2329 5419 2753 5493 χειροτονεῖται
2788 5419 3146 5484 ἐπίσκοπος,
3172 5417 3210 5487 ἢ
3237 5419 3552 5487 κληρικός.

2398 5603 2594 5656 Κανὼν
2633 5603 2948 5660 ἀποστόλων
2982 5602 3063 5657 π’·
3119 5603 3602 5665 συνόδου-Νικαίας
3624 5598 3769 5657 κανὼν
3790 5594 3839 5662 .5"

2328 5697 2546 5751 συνόδου
2571 5699 3005 5771 Νεοκαισαρείας
3029 5699 3206 5752 κανὼν
3226 5698 3291 5770 ιβ’
3312 5717 3325 5730 ο
3360 5700 3580 5755 συνόδου
3603 5689 3844 5752 Λαοδικείας

2325 5789 2506 5844 κανὼν
2535 5788 2604 5860 γ’.
