4022 6398
398 353 462 366 ο..
516 356 525 363 .

161 393 258 458 997

1141 397 1630 460 NOMOCANON.
1663 400 1885 461 -T1T.
1918 402 1968 475 Ι,
2003 402 2162 463 CAP.
2203 403 2475 467 XIOXIV.

3355 404 3463 471 998

225 513 484 567 ΚΕΦΔΛ.
513 511 611 568 ην.
654 512 789 579 Πῶς
822 517 855 568 ό
881 512 1197 584 σχολάζων
1225 506 1561 581 ἐπίσκοπος
1598 517 1754 586 γίνε-

1929 518 2084 575 CAP.
2122 519 2266 576 XIII.
2300 553 2371 561 —
2435 520 2712 586 Quomodo
2761 522 3039 592 episcopus
3096 524 3460 593 episcopatum

162 624 251 660 ται
276 608 367 673 εις
396 606 849 676 σχολάζουσιαν
878 607 1245 677 ἐπισκοπήν.

224 698 456 754 Συνόδου
491 701 825 773 Ἀντιοχείας
857 701 1039 756 κανὼν
1067 702 1166 768 ις’.

224 809 486 869 ΚΕΦΑΛ.
518 814 615 865 lA'.
641 841 712 853 -—
739 812 893 868 Πότε
920 814 1145 885 γίνεται
1181 814 1519 885 ἐπίσκοπος
1545 817 1583 887 ἢ
1612 818 1760 890 κλῆ-

154 903 320 973 ρικὸς
357 903 674 975 ὲυνοῦχος,
698 906 736 976 ἢ
771 906 974 975 ἄλλως
1002 907 1278 978 ἐμπαθὴς
1310 910 1377 963 τὸ
1420 909 1611 981 σῶμα.

223 1088 567 1144 Ἀποστόλων
596 1089 779 1145 κανὼν
796 1090 904 1158 κα’,
929 1089 1038 1163 κβ’,
1068 1091 1169 1161 οζ’,
1200 1099 1281 1165 οη⁹
1319 1109 1334 1126 '
1387 1094 1606 1150 συνόδου
1656 1098 1759 1152 Νι-

156 1177 318 1241 καίας
350 1177 532 1232 κανὼν
561 1186 632 1234 α’.

220 1272 530 1341 Κείμενον.
570 1271 630 1326 Ὀ
659 1272 935 1340 πολιτικὸς
966 1278 1131 1349 νόμος
1167 1281 1294 1344 τοὺς
1317 1280 1541 1345 ἑαυτοὺς
1572 1283 1605 1354 ἢ
1647 1283 1763 1339 ἐτέ-

157 1380 283 1433 ρους
319 1364 756 1435 εύνουχίξοντας,
798 1384 922 1422 κ.τ.
945 1368 992 1423 λ.
1021 1385 1197 1441 usque
1239 1371 1308 1427 ad
1344 1373 1761 1444 εύνουχιζόντων

156 1454 282 1526 ρμβ⁹
312 1456 505 1528 νεαρᾷο

222 1550 261 1601 Σ
271 1552 506 1619 χολιον.
544 1549 609 1603 Ἥ
639 1556 688 1603 α’
710 1551 804 1604 καὶ
833 1552 877 1622 β’
908 1553 1050 1610 διάτ.
1078 1555 1175 1609 τοῦ
1213 1557 1304 1627 μβ⁹
1336 1558 1440 1613 τίτ.
1494 1558 1588 1613 τοῦ
1612 1560 1656 1613 δ’
1683 1559 1765 1631 βι-

152 1639 303 1694 6λίου
356 1639 454 1694 τοῦ
512 1639 761 1706 Κώδικος
810 1644 1076 1717 ἐτέθησαν
1123 1647 1182 1700 ὲν
1246 1647 1438 1721 βλιὸίῳ
1498 1650 1610 1706 τῶν
1661 1652 1765 1705 Βα-

154 1733 379 1788 σιλικῶν
431 1736 518 1799 ιθ¹,
574 1736 679 1790 τίτ.
733 1744 782 1792 α’
819 1778 831 1800 .
890 1757 1014 1810 κεφ.
1068 1739 1159 1805 πζ¹
1190 1742 1264 1807 ,ὃ
1327 1744 1424 1797 καὶ
1484 1744 1597 1814 ἔχει
1672 1742 1763 1797 οῦ-

153 1846 282 1891 τωςο
332 1828 399 1883 Ἦ
454 1829 696 1898 διάταξις
753 1832 967 1887 κελεύει
1026 1834 1168 1889 ὥστε
1221 1836 1426 1908 μηδένα
1497 1836 1766 1909 Ῥωμαῖον

1862 628 1964 666 non
1988 613 2207 677 habens,
2240 614 2308 667 ad
2335 623 2610 669 vacantem
2634 614 2997 685 episcopatum
3034 618 3325 686 perveniat.

1932 704 2164 761 Concilii
2200 706 2530 763 Antiocheni
2560 723 2739 763 canon
2772 708 2861 763 16.

1935 796 2086 851 CAP.
2118 795 2260 852 XIV.
2288 828 2359 838 —
2387 797 2614 863 Quando
2638 800 2932 866 eunuchus,
2976 810 3069 854 aut
3115 800 3207 871 qui
3255 800 3458 871 alioqui

1863 890 2002 945 male
2060 891 2251 961 affecto
2298 908 2515 963 corpore
2565 900 2667 959 est,
2710 894 2987 964 episcopus
3022 934 3038 960 ,
3089 902 3184 948 aut
3226 892 3453 949 clericus

1863 994 2088 1039 creetur.

1936 1076 2323 1147 Apostolorum
2364 1091 2543 1132 canon
2570 1074 2665 1143 21,
2708 1074 2804 1141 22,
2830 1074 2918 1141 77,
2947 1073 3015 1129 ‘78
3053 1092 3068 1142 ;
3102 1074 3323 1130 concilii
3360 1074 3457 1129 Ni-

1873 1172 2011 1226 casni
2055 1186 2229 1226 canon
2262 1171 2311 1226 1.

1940 1261 2153 1315 Textus.
2195 1260 2386 1316 Civilis
2417 1261 2499 1316 lex
2527 1276 2621 1317 eos
2657 1261 2750 1331 qui
2792 1261 3005 1331 seipsos
3045 1267 3140 1313 aut
3192 1259 3328 1315 alios
3362 1275 3457 1316 ca-

1867 1360 2062 1415 straut,
2106 1361 2236 1415 etc.,
2290 1367 2454 1422 usque
2503 1350 2572 1405 ad
2617 1350 2713 1421 qui
2764 1351 3046 1405 eunuchos
3098 1347 3349 1416 faciunt,
3398 1358 3458 1403 ut

1864 1459 1990 1514 pag.
2024 1441 2151 1497 503.

1939 1533 2238 1590 Scholium.
2288 1534 2478 1591 Const.
2528 1534 2553 1588 1
2605 1542 2661 1589 et
2707 1533 2763 1598 2,
2800 1533 2885 1589 tit.
2940 1534 3031 1602 42,
3073 1533 3170 1589 lib.
3227 1550 3281 1589 tv
3332 1534 3459 1589 cod.

1865 1628 2061 1698 positae
2088 1639 2217 1683 sunt
2267 1629 2321 1682 in
2365 1629 2455 1683 lib.
2490 1628 2638 1683 Basil
2681 1643 2798 1693 xix,
2835 1627 2916 1682 tit.
2950 1627 3002 1693 1,
3038 1643 3158 1697 cap.
3192 1626 3280 1690 17,
3312 1627 3462 1697 quod

1868 1723 1934 1775 ad
1964 1724 2109 1777 hunc
2140 1724 2363 1777 modum
2401 1724 2597 1777 habet:
2654 1721 2990 1777 Constitutio
3025 1722 3201 1792 jubet,
3236 1737 3303 1778 ne
3336 1723 3463 1794 quis

1870 1812 2155 1871 Romanus
2207 1815 2498 1871 eunuchus
2534 1814 2648 1878 ﬁat,
2700 1830 2768 1869 ne
2795 1825 2952 1869 extra
2985 1813 3295 1869 Romanum
3341 1815 3467 1885 qui-

151 1923 583 1995 εύνουχίζεσθαι,
613 1924 749 1997 μηδὲ
776 1925 881 1991 ἔξω
911 1924 1004 1979 τοῦ
1035 1899 1346 1997 Ῥωμαῖίκοῦ
1377 1899 1629 1998 ἐδάφους,
1652 1947 1759 2001 μη-

1877 1909 1991 1963 tlem
2037 1908 2264 1975 solum;
2318 1918 2372 1963 et
2418 1923 2484 1962 ne
2542 1905 2715 1980 [quis]
2766 1907 3081 1961 Romanum
3145 1906 3463 1963 eunuchum

150 2014 205 2066 δὲ
249 2015 547 2086 ἀγοράζειν
612 2015 817 2087 μηδένα
855 2017 947 2071 τὸν
999 2018 1420 2089 εύνουχισθέντα
1458 2020 1755 2093 Ῥωμαῖον,

147 2106 290 2159 ἀλλά
316 2108 411 2160 καὶ
436 2106 530 2161 τὸν
559 2108 970 2179 εὐνουχίσαντα,
991 2110 1085 2164 καὶ
1103 2112 1267 2164 αὐτὸν
1289 2114 1641 2182 ἀγοράσαντα
1662 2116 1759 2170 καὶ

149 2199 241 2252 τὸν
259 2198 777 2273 συμϐολαιογράφον
800 2202 892 2256 τὸν
916 2202 1311 2275 συγγράψαντα
1336 2205 1505 2259 αὑτοῦ
1524 2206 1584 2258 τὸ
1619 2224 1682 2259 συ
1691 2225 1759 2278 μ-

150 2289 394 2356 ϐόλαιον,
426 2291 522 2347 καὶ
545 2292 638 2345 τὸν
660 2292 899 2364 τελώνην
946 2295 1036 2347 τδν
1076 2296 1449 2366 κομισάμενον
1506 2296 1661 2362 τέλος
1704 2315 1755 2352 τι

149 2382 296 2456 ὑπὲρ
323 2383 517 2438 τούτου
542 2386 920 2457 τιμωρεῖσθαι.
955 2386 1037 2441 Τὰ
1069 2388 1127 2442 δὲ
1160 2388 1412 2461 βάρϐαρα
1448 2390 1758 2461 ἀνδράποδα

148 2480 218 2532 τὰ
251 2478 677 2551 εύνουχιζόμενα
701 2480 902 2545 ἔξωθεν
928 2482 1022 2535 τοῦ
1052 2480 1363 2553 Ῥωμαϊκοῦ
1402 2482 1634 2553 ἐδάφους
1665 2482 1755 2548 ἐξ-

149 2569 294 2623 έστω
328 2571 462 2623 πᾶσι
488 2572 601 2633 τοῖς
626 2571 889 2641 ἐμπόροις
918 2571 1015 2625 καὶ
1062 2572 1356 2643 ἀγοράζειν
1394 2574 1490 2627 καὶ
1546 2573 1757 2644 πιπρά-

150 2678 327 2717 σκειν.
344 2661 453 2717 Τοῦ
480 2663 537 2718 δὲ
571 2662 664 2735 μη⁹
695 2664 898 2735 βιϐλίου
920 2665 1015 2718 τοῦ
1040 2665 1288 2732 Κώδικος
1311 2668 1338 2721 ὁ
1358 2673 1409 2737 η’
1435 2667 1611 2732 τίτλος
1641 2670 1757 2722 κεῖ-

147 2773 239 2809 ται
274 2757 333 2809 ὲν
362 2755 553 2829 βιϐλίῳ
574 2757 616 2825 ξ’
637 2757 746 2811 τῶν
767 2756 1096 2822 Βασιλικῶν,
1132 2760 1237 2814 τῖτ.
1274 2758 1374 2821 λθ’,
1398 2760 1466 2813 τά
1494 2760 1553 2813 δὲ
1584 2763 1758 2829 κεφά-

154 2848 290 2901 λαια
316 2848 491 2902 ταῦτα
520 2848 969 2919 παρελείφθησαν
992 2851 1083 2903 καὶ
1136 2850 1239 2904 ούκ
1269 2850 1557 2923 ἐτέθησαν.
1600 2851 1663 2904 'II
1702 2852 1762 2905 δὲ

153 2947 291 3013 ρμα⁸
329 2940 503 3013 νεαρὰ
547 2940 641 2994 τοῦ
686 2941 1071 2994 Ἰουστινιανοῦ
1109 2942 1270 3014 ἐτέθη
1302 2945 1382 3007 είς
1419 2943 1622 3014 βιϐλίον
1648 2944 1758 2997 τῶν

149 3031 465 3086 Βασιλικῶν
495 3032 559 3098 ξ’,
599 3031 778 3086 τίτλον
806 3040 906 3098 να’,
942 3052 1067 3104 κεφ.
1101 3034 1140 3087 δ’
1167 3052 1180 3065 ·
1204 3035 1232 3088 ὃ
1268 3037 1361 3089 καὶ
1409 3037 1519 3105 ἔχει
1549 3037 1721 3101 οὕτως
1745 3053 1760 3069 ’

150 3124 506 3195 Θεσπίζομεν
532 3126 590 3178 ἐν
610 3126 934 3198 “οίῳδήποτε
992 3128 1143 3199 τόπῳ
1164 3128 1264 3198 τῆς
1291 3129 1567 3201 ἡμετέρας
1603 3130 1759 3184 πολι-

151 3219 307 3283 τείας
352 3218 687 3290 εὐνουχίζειν
754 3219 1080 3292 τολμῶντας
1118 3222 1152 3291 ἢ
1213 3222 1585 3293 τολμήσοντας
1613 3224 1755 3276 οἱον-

149 3312 360 3383 δὴποτε
395 3313 711 3383 πρόσωπον,
746 3313 795 3365 εἰ
843 3313 942 3384 μὲν
972 3312 1166 3385 ἄνδρες
1196 3312 1306 3368 εἷεν
1342 3316 1392 3368 οἱ
1441 3314 1602 3370 τοῦτο
1638 3316 1761 3369 τολ-

154 3407 456 3476 μήσαντες,
498 3407 532 3477 ἢ
585 3406 681 3460 καὶ
713 3405 1022 3477 τολμῶντες
1051 3449 1066 3473 ,
1102 3407 1268 3461 ταὺτὸ
1302 3407 1460 3462 τοῦτο
1499 3409 1695 3464 παθεῖν
1735 3410 1765 3463 ὃ

151 3498 517 3567 πεποιήκασι,
540 3499 636 3553 καὶ
677 3500 726 3552 εί
783 3499 1138 3571 περισωθεῖεν
1158 3543 1173 3569 ,
1216 3500 1284 3554 τὰ
1310 3484 1624 3573 πράγματα
1655 3502 1755 3555 αύ-

150 3590 270 3644 τῶν
292 3590 373 3660 τῷ
420 3591 666 3663 δημοσίῳ
705 3592 1177 3665 προσκυροῦσθαι,
1213 3594 1303 3648 διὰ
1340 3593 1436 3648 τοῦ
1468 3595 1609 3649 κατὰ
1640 3614 1763 3649 καιο

152 3685 253 3754 ρδν
284 3683 387 3754 τὴν
416 3685 515 3752 τῆς
546 3685 645 3756 σῆς
676 3685 1020 3758 ἐνδοξότητος
1050 3686 1305 3751 ἀνύοντος
1337 3688 1536 3758 ἀρχὴν,
1570 3687 1761 3741 κάκεί-

150 3793 269 3839 νοις
304 3777 365 3829 ἐν
389 3775 548 3848 γύψῳ
575 3778 915 3850 πέμπεσθαι,
948 3779 1265 3848 ὀφείλοντας
1296 3779 1388 3833 τὸν
1411 3780 1627 3835 ἅπαντα
1662 3781 1763 3852 τῆς

151 3870 307 3941 ζωῆς
337 3869 518 3923 αὐτῶν
545 3872 737 3942 χρόνον
771 3874 888 3926 ἐκεῖ
909 3868 1069 3927 εἶναι.
1101 3873 1163 3927 Εἰ
1183 3873 1241 3927 δὲ
1283 3876 1541 3942 γυναῖκες
1568 3868 1678 3927 εἷεν
1700 3873 1760 3927 αι

149 3960 320 4015 τοῦτο
338 3960 607 4028 ποιοῦσαι,
644 3963 737 4015 καὶ
758 3962 961 4026 ταύτας
983 3962 1369 4033 τιμωρεῖσθαι,
1394 3965 1487 4018 καὶ
1505 3963 1572 4019 τά
1608 3963 1755 4032 πρά-

151 4070 358 4124 γματα
388 4054 565 4109 αὐτῶν
584 4056 670 4108 διὰ
691 4054 786 4109 τοῦ
812 4056 952 4108 κατά
978 4056 1168 4126 καιρὸν
1186 4058 1283 4128 τὴν
1314 4059 1485 4128 αὐτὴν
1505 4056 1761 4121 ἀνύοντος

149 4148 337 4219 ἀρχὴν
368 4147 446 4219 τῷ
460 4148 705 4220 δημοσίῳ
727 4149 1189 4221 προσκυροῦσθαι,
1204 4153 1299 4205 καὶ
1317 4154 1396 4215 είς
1411 4152 1623 4224 ἐξορὶαν
1649 4156 1761 4226 πέμ

151 4240 367 4295 πεσθαι
399 4281 415 4308 ,
464 4242 555 4295 ἵνα
609 4240 670 4308 ἐξ
708 4236 778 4315 ἧς
814 4243 1075 4311 ἐνόμισαν
1126 4245 1158 4315 ἢ
1200 4246 1430 4318 ἐνόησαν
1507 4248 1763 4313 ἀσεϐείας

153 4335 359 4408 κέρδος
390 4337 575 4401 αὐτοῖς
626 4340 937 4410 περιποιεῖν
961 4338 1022 4402 ἐξ
1054 4339 1228 4410 αὐτῆς
1254 4341 1525 4414 τιμωρίαν
1551 4342 1644 4397 καὶ
1674 4342 1766 4396 ἔκ-

150 4443 373 4481 πτωσιν
395 4427 506 4483 τῶν
531 4427 677 4483 ἰδίων
706 4430 1055 4499 πραγμάτων
1083 4430 1383 4487 ὑποστῶσι.
1404 4432 1544 4495 Τοὺς
1582 4434 1762 4502 μέντοι

150 4520 553 4587 ἐπιτάξαντας,
576 4522 672 4576 καὶ
684 4522 777 4574 ἐπὶ
791 4522 964 4594 τούτῳ
981 4522 1271 4595 πρόσωπον
1288 4541 1365 4578 πα
1373 4524 1708 4595 ραδεδωύτα
1716 4544 1762 4591 ς,

1869 2002 2076 2057 factum
2130 2010 2324 2057 emat:
2391 2000 2484 2056 sed
2559 2010 2616 2056 ut
2672 2002 2765 2069 qui
2820 2003 3143 2057 eunuchum
3196 2001 3348 2067 fecit,
3401 2016 3467 2055 ac

1869 2098 1985 2169 ipse
2014 2107 2249 2168 emptor,
2278 2095 2445 2168 [tum]
2475 2103 2529 2150 et
2552 2096 2773 2151 tabellio
2802 2096 2893 2166 qui
2927 2097 2993 2152 de
3022 2113 3085 2152 ea
3118 2095 3225 2169 [re]
3259 2096 3467 2152 instru-

1870 2202 2118 2248 mentum
2174 2193 2528 2263 couscripsit,
2580 2200 2635 2248 et
2666 2192 2994 2262 publicanus
3042 2190 3325 2264 [denique]
3369 2192 3465 2261 qui

1872 2283 2161 2354 vectigalis
2198 2285 2405 2354 aliquid
2441 2300 2539 2355 pro
2572 2300 2638 2339 eo
2667 2285 2934 2354 suscepit,
2966 2285 3295 2354 puniantur.
3332 2281 3467 2337 Bar-

1871 2379 2006 2435 bara
2063 2394 2193 2433 vero
2244 2378 2540 2448 mancipia,
2582 2387 2736 2433 extra
2762 2376 3095 2449 ,Romauum
3144 2376 3322 2431 solum
3361 2390 3458 2430 ca-

1871 2481 2065 2538 strata,
2094 2472 2516 2544 quibuscunque
2576 2471 3010 2541 negotiatoribus
3066 2483 3254 2524 emere
3303 2469 3465 2525 liceat

1872 2578 1929 2624 et
1978 2568 2237 2622 vendere.
2285 2565 2393 2622 Tit.
2446 2582 2609 2636 porro
2639 2565 2693 2630 8,
2744 2565 2839 2618 lib.
2898 2580 3065 2618 XLVIII
3107 2561 3229 2633 Dig.
3271 2571 3357 2619 est
3406 2564 3462 2618 in

1868 2662 1964 2716 lib.
1995 2677 2064 2716 ιιι
2098 2659 2266 2725 Basil,
2307 2661 2391 2713 tit.
2424 2660 2512 2714 38.
2554 2657 2680 2713 Ηιιεε
2710 2672 2841 2711 vero
2872 2656 3047 2726 capita
3075 2655 3283 2712 omissa
3311 2665 3463 2722 sunt,

1870 2765 2051 2811 etnon
2086 2754 2284 2825 posita.
2317 2752 2539 2807 Novella
2572 2759 2759 2806 autem
2789 2749 3085 2805 Justiniani
3114 2749 3238 2816 142,
3284 2748 3463 2820 posita

1869 2858 1954 2905 est
1980 2850 2031 2903 in
2058 2848 2151 2902 lib.
2183 2845 2348 2901 Basil.
2377 2846 2464 2912 17,
2491 2846 2575 2899 tit.
2604 2845 2693 2909 51,
2720 2860 2844 2912 cap.
2873 2844 2943 2911 4;
2975 2844 3124 2914 quod
3155 2842 3236 2898 sic
3268 2842 3461 2897 habet:

1872 2941 2188 3007 Sancimus,
2236 2938 2415 3010 utqui
2464 2938 2518 2993 in
2559 2952 2901 3010 quocunque
2990 2935 3305 3006 reipublicre
3366 2950 3465 2989 no-

1870 3049 1999 3092 strte
2031 3035 2149 3091 loco
2202 3049 2593 3105 quamcunque
2622 3046 2915 3103 personam
2965 3038 3209 3085 castrare
3250 3043 3468 3099 prmsuo

1871 3136 2049 3192 munt,
2102 3138 2195 3183 aut
2240 3131 2405 3183 etiam
2446 3132 2939 3198 praesumpserunt,
3010 3123 3055 3179 si
3084 3122 3305 3194 quidem
3362 3121 3466 3175 viri

1871 3230 2002 3278 sunt
2029 3221 2122 3292 qui
2152 3222 2256 3277 hoc
2286 3221 2467 3275 facere
2499 3218 2975 3291 praesumpserint,
3008 3225 3100 3271 aut
3123 3216 3287 3270 etiam
3319 3229 3465 3285 prte-

1871 3323 2121 3377 sumunt,
2176 3314 2317 3368 idem
2352 3314 2457 3367 hoc
2501 3312 2648 3383 quod
2678 3313 2801 3368 aliis
2835 3311 3104 3375 fecerunt,
3148 3318 3201 3364 et
3231 3310 3333 3380 ipsi
3363 3324 3465 3379 pa-

1873 3408 2101 3463 tiantur.
2129 3406 2194 3462 Et
2220 3408 2265 3462 si
2299 3406 2605 3462 incolumes
2624 3413 2942 3467 evaserunt,
2966 3412 3079 3458 tam
3111 3402 3252 3457 bona
3271 3416 3462 3456 eorum

1872 3502 2193 3557 addicantur
2226 3502 2377 3567 ﬁsco,
2408 3515 2505 3569 per
2544 3516 2667 3554 eum
2723 3499 2815 3570 qui
2846 3512 2952 3569 pro
2984 3506 3233 3566 tempore
3283 3494 3463 3565 magi-

1873 3605 2104 3653 SIratum
2156 3597 2271 3653 obit
2320 3596 2507 3667 gloria:
2548 3604 2654 3650 tua:
2693 3613 2705 3648 :
2737 3608 2903 3664 quam
2938 3591 3043 3665 ipsi
3091 3592 3380 3646 mittantur
3408 3588 3462 3641 in

1874 3705 2125 3761 gypsum,
2161 3690 2253 3744 ubi
2295 3691 2544 3746 locorum
2595 3703 2692 3759 per
2741 3702 2907 3742 omne
2938 3686 3062 3741 vitae
3108 3699 3223 3740 sua:
3246 3691 3465 3752 tempus

1871 3801 1996 3841 esse
2025 3784 2323 3840 debebunt.
2367 3783 2464 3839 Sin
2502 3797 2633 3837 vero
2656 3781 2919 3837 mulieres
2954 3786 3084 3835 sunt
3112 3792 3235 3848 quae
3267 3775 3319 3830 id
3338 3789 3466 3845 ege-

1875 3886 2024 3945 runt,
2055 3876 2363 3933 adiciantur
2412 3885 2467 3933 et
2506 3877 2637 3947 ipsae
2675 3874 2969 3946 supplicio,
3008 3880 3062 3927 et
3092 3872 3237 3927 bona
3269 3883 3462 3925 earum

1876 3990 1972 4044 per
2003 3988 2125 4027 eum
2173 3973 2265 4043 qui
2301 3987 2402 4043 pro
2428 3979 2672 4041 tempore
2700 3969 2841 4039 gerit
2872 3966 3252 4037 magistratum
3287 3972 3463 4023 tuum,

1875 4067 2200 4121 addicuntur
2228 4066 2383 4132 fisco,
2430 4065 2829 4133 mittanturque
2870 4061 2923 4115 in
2958 4059 3255 4122 exsilium,
3292 4063 3350 4110 ut
3399 4068 3463 4107 ex

1875 4174 1987 4230 quo
2047 4156 2292 4228 putarint
2346 4164 2442 4210 aut
2487 4154 2787 4223 cogitariut
2838 4152 3068 4222 impium
3135 4164 3194 4203 se
3247 4146 3462 4201 lucrum

1876 4259 2251 4317 assecuturas,
2290 4264 2359 4303 ex
2391 4263 2456 4303 eo
2482 4247 2714 4319 suplicia
2745 4245 2907 4301 simul
2939 4256 2995 4300 et
3028 4244 3300 4298 bonorum
3333 4254 3466 4295 suo-

1877 4358 1999 4397 rum
2046 4340 2403 4395 amissionem
2439 4339 2776 4394 sustineant.
2815 4335 2990 4390 Porro
3021 4343 3078 4391 et
3124 4348 3221 4388 eos
3269 4330 3362 4401 qui
3396 4328 3463 4384 ad

1877 4434 1983 4489 hoc
2030 4432 2348 4486 mandatum
2391 4429 2663 4491 dederint,
2728 4426 3096 4482 obtulerintve
3177 4437 3465 4494 personas,

1877 4536 1973 4581 aut
1999 4526 2163 4580 etiam
2217 4525 2415 4579 domos
2448 4523 2534 4577 vel
2569 4522 2746 4577 locum
2784 4520 3021 4589 aliquem
3068 4515 3135 4571 ad
3178 4516 3283 4570 hoc
3326 4529 3469 4584 pra:-

149 4614 186 4685 ἢ
230 4612 334 4666 καὶ
359 4613 551 4678 οἴκοις,
581 4613 614 4685 ἢ
646 4614 813 4667 τόπον
867 4615 991 4668 τινὰ
1020 4616 1115 4669 ἐπὶ
1147 4616 1322 4688 τούτῳ
1354 4618 1762 4689 παρεχομένους

1884 4617 2122 4681 buerint,
2152 4623 2248 4669 aut
2274 4614 2544 4686 praebent,
2582 4612 2697 4668 sive
2740 4612 2841 4665 viri
2871 4609 2985 4666 sint
3015 4608 3131 4663 sive
3177 4605 3464 4667 mulieres,

150 4709 280 4760 cite
314 4708 676 4778 παρέχοντας,
714 4709 824 4761 εἴτε
851 4707 1046 4777 ἄνδρες
1078 4705 1210 4776 εἷεν,
1230 4711 1342 4765 εἴτε
1372 4714 1633 4780 γυναῖκες
1662 4713 1762 4777 τάς

148 4798 335 4863 αὑτὰς
366 4800 662 4872 κελεύομεν
712 4802 1016 4874 ὑποστῆναι
1069 4805 1339 4876 τιμωρίας
1394 4806 1468 4867 ὠς
1515 4798 1763 4860 συνίστο-

153 4909 269 4960 ρας
301 4894 610 4963 γινομένοις
643 4894 745 4963 τῆς
795 4895 986 4949 ἀδίκου
1016 4895 1224 4969 ταύτης
1254 4898 1529 4970 πράξεως,
1570 4899 1765 4962 αὐτοὺς

148 4987 215 5041 δὲ
250 4986 383 5049 τοὺς
412 4984 861 5057 εύνουχισθέντας
896 4987 1068 5060 ἐχρῆν
1106 4987 1205 5059 μὲν
1248 4989 1357 5043 ἀπὸ
1384 4989 1768 5061 παλαιοτέρων

152 5079 397 5151 χρόνων.
425 5079 573 5149 Πλὴν
597 5079 894 5151 κελεύομεν
948 5083 1077 5146 τοὺς
1111 5082 1219 5137 ἀπὸ
1281 5083 1381 5154 τῆς
1446 5084 1477 5138 ι’
1502 5084 1767 5155 ἐπινεμή-

152 5190 305 5237 σεως
366 5173 463 5227 τοῦ
512 5174 610 5229 νῦν
655 5175 980 5241 ἐπελθόντος
1018 5192 1033 5208 ο
1068 5175 1274 5231 κύκλου
1319 5178 1768 5249 εύνουχισθέντας

153 5266 301 5339 παρ’
347 5266 663 5321 οὑτινοσοῦν
704 5269 764 5323 ἐν
790 5270 977 5334 τόποις
1008 5271 1107 5341 τῆς
1162 5272 1441 5343 ἡμετέρας
1494 5271 1769 5335 πολιτείας

148 5361 487 5432 ἐλευθέρους
516 5356 679 5429 εἶναι,
706 5364 801 5417 καὶ
831 5364 975 5418 κατὰ
1001 5365 1207 5435 μηδένα
1243 5365 1445 5435 τρόπον
1480 5366 1513 5435 ἢ
1565 5366 1772 5437 οἱονδή-

152 5470 299 5505 ποτε
342 5449 483 5516 εἶδος
514 5453 962 5525 συναλλάγματος
995 5457 1074 5519 είς
1101 5455 1345 5509 δουλείαν
1384 5456 1769 5521 καθέλκεσθαι,

150 5544 301 5617 μηδὲ
334 5544 663 5615 συμϐόλαιον
702 5547 789 5599 ἐπ’
828 5550 1013 5610 αὐτοῖς
1043 5551 1298 5619 ἀγοραῖον
1326 5589 1339 5613 ,
1399 5548 1431 5612 ἢ
1489 5549 1771 5619 ίδιόχειρον

150 5637 290 5692 καθ’
330 5637 649 5709 οἱονδήποτε
678 5639 939 5711 τρόπονῆ
978 5642 1121 5694 κατά
1156 5642 1440 5712 περίνοιαν
1480 5640 1769 5710 γινόμενον

146 5728 188 5799 ἢ
232 5730 599 5800 γενησόμενον
634 5732 896 5797 κρατεῖν,
952 5730 1088 5784 ἀλλά
1145 5732 1275 5806 μηδὲ
1324 5732 1421 5795 τὰς
1478 5731 1775 5801 λεγομένας

146 5820 489 5892 ἀνακρίσεις
506 5822 598 5875 ἐπὶ
618 5823 881 5887 τοιούτοις
908 5824 1153 5892 γίνεσθαι
1175 5825 1540 5898 προσώποιςῆ
1561 5823 1776 5896 γινομέ-

108 5978 115 5981 _
150 5929 267 5978 νας
292 5917 537 5985 κρατεῖν.
577 5916 737 5973 Ἀλλά
769 5918 864 5971 καὶ
886 5918 1245 5990 πάνταςξίτοὺς
1274 5918 1549 5984 τοιούτους
1584 5918 1777 5974 συναλ-

1873 4711 2059 4766 eadem
2088 4708 2276 4764 subire
2303 4707 2570 4778 supplicia
2595 4706 2855 4777 jubemus
2878 4722 2891 4757 :
2916 4710 3106 4772 utpote
3129 4699 3224 4771 qui
3247 4698 3467 4767 injustas

1871 4804 2036 4875 hujus
2066 4803 2301 4858 actionis
2339 4811 2509 4858 testes
2538 4800 2665 4856 facti
2718 4808 2867 4855 sunt.
2925 4794 3127 4853 Verum
3164 4796 3316 4866 ipsos
3370 4806 3465 4847 ca-

1868 4908 2072 4954 stratos
2099 4897 2315 4951 tametsi
2349 4910 2378 4949 a
2411 4893 2808 4950 vetustioribus
2852 4889 3194 4961 temporibus
3260 4887 3466 4940 liberos

1868 5006 1989 5046 esse
2017 4989 2345 5059 oportebat:
2376 4987 2640 5053 jubemus
2672 4996 2879 5049 tamen,
2917 4992 2977 5038 ut
3005 4982 3099 5053 qui
3129 4980 3243 5051 jam
3273 4978 3401 5033 inde
3429 4992 3460 5031 a

1869 5083 2079 5139 decima
2116 5081 2417 5135 indictione
2443 5079 2693 5134 ineuntis
2718 5076 2909 5133 circuli
2945 5089 3039 5143 per
3076 5083 3465 5143 quemcunque

1872 5176 1924 5229 in
1953 5178 1957 5188 '
1984 5175 2121 5229 locis
2163 5183 2363 5227 uestra?
2401 5172 2713 5243 reipubliea:
2762 5170 2987 5226 castrati
3019 5167 3262 5229 fuerunt,
3305 5162 3462 5219 liberi

1870 5268 1980 5323 sint
2006 5284 2019 5321 :
2051 5283 2231 5337 neque
2260 5267 2371 5321 ullo
2398 5266 2581 5329 modo,
2612 5273 2707 5319 aut
2747 5262 2949 5334 quovis
2972 5273 3173 5331 genere
3237 5264 3465 5312 contra-

1873 5371 1995 5416 ctus
2030 5362 2084 5415 in
2123 5361 2446 5415 servitutem
2482 5360 2860 5414 retrahantur:
2888 5370 3067 5425 neque
3094 5353 3224 5407 item
3260 5351 3467 5405 instru-

1877 5462 2116 5509 mentum
2155 5455 2219 5507 «ιο
2252 5453 2388 5524 ipsis
2433 5452 2517 5507 vel
2575 5451 2878 5521 publicum,
2924 5449 3011 5502 vel
3058 5446 3268 5515 privata
3302 5457 3466 5496 tuauu

1875 5549 2268 5617 conscriptum,
2322 5561 2653 5616 quocunque
2702 5543 2922 5597 tandem
2982 5540 3168 5602 modo,
3222 5546 3317 5591 aut
3368 5549 3466 5603 per

1878 5637 2126 5693 fraudem
2180 5637 2408 5703 factum,
2440 5646 2535 5692 aut
2582 5634 2845 5700 liendum,
2881 5633 3079 5686 valeat.
3130 5626 3235 5683 Sed
3288 5639 3467 5694 neque

1880 5733 2191 5800 inquirendi
2230 5733 2445 5786 illorum
2472 5740 2651 5786 status
2698 5744 2865 5784 causa
2904 5726 3244 5795 cognitiones
3274 5764 3288 5785 ,
3342 5724 3466 5788 qua:

1880 5827 2202 5897 ἀνακρίσεις
2229 5825 2507 5889 dicuntur,
2538 5822 2606 5877 de
2649 5820 2964 5876 istiusmodi
2999 5815 3250 5889 personis
3293 5814 3465 5867 inter-

1884 5930 2182 5995 ponantur,
2234 5922 2328 5972 θυι
2369 5915 2703 5988 interpositae
2740 5914 2975 5971 valeant.
3020 5910 3126 5969 Sed
3180 5916 3234 5966 et
3273 5918 3469 5963 omnes
