3870 6290
543 350 652 413 999
1706 342 1972 403 PHO’I’II
2004 338 2515 403 PATRIARCHE
2553 338 2665 400 cp.
3665 345 3770 414 1000

541 477 640 518 eos
676 459 772 530 qui
831 458 927 515 tali
966 455 1275 514 contractui
1321 455 1377 510 in
1429 463 1709 526 posterum
1760 455 2068 511 ministeriu

2239 451 2479 523 λάγμασι
2501 452 2563 505 τὸ
2590 449 2778 505 λοιπὸν
2794 445 3346 520 ὑπουργούντας,τὰς
3362 448 3592 523 ἀνωτέρω
3620 456 3767 512 iam.

542 553 810 624 praebent,
855 552 1110 623 superius
1140 550 1373 606 traditas
1417 548 1606 605 subire
1634 563 1827 619 prunas
1861 548 2070 619 jubemt

2248 562 2381 616 ομεν
2416 544 2716 617 εἰρημένας
2733 541 3289 613 ὑποστῆναιξποινὰςξ
3311 539 3372 595 Εί
3404 540 3570 611 μέντοι
3597 545 3671 601 διὰ
3693 554 3771 605 πά.

546 628 823 704 Praeterea
872 646 918 701 si
959 644 1275 709 usuveniat,
1309 651 1369 697 ut
1396 656 1591 697 servus
1634 652 1860 713 propter
1889 643 2074 697 morbu

2250 641 2345 705 θος
2381 640 2567 711 συμὸῇ
2594 637 2781 693 δοῦλον
2836 635 3290 709 εὐνουχισθῆναι,
3324 637 3561 693 κάκεῖνον
3601 642 3774 699 κελεύο-

548 748 823 797 castretur
847 779 861 804 ,
906 737 1188 808 jubemus,
1216 744 1275 788 ut
1300 742 1353 789 et
1384 734 1473 789 ille
1509 734 1816 788 libertatem
1852 735 2076 789 nancisc

2254 753 2353 805 μεν
2378 737 2477 805 τῆς
2510 732 2829 804 ἐλευθερίας
2849 731 3161 803 τυγχάνειν.
3192 731 3256 783 Οί
3282 728 3389 800 γὰρ
3413 730 3643 803 ὲξὶἀρχῆς
3664 736 3778 804 ὄντες

549 841 661 888 tur.
685 830 790 898 Qui
843 831 991 885 enim
1029 829 1097 883 ab
1134 828 1289 881 initio
1314 826 1467 881 liberi
1502 835 1651 890 sunt,
1680 826 1724 881 si
1770 825 1911 881 forte
1957 828 2008 881 in
2045 828 2075 880 II

2250 828 2523 899 ἐλεύθεροι
2552 827 2714 882 πάθει
2737 827 2813 889 ὼς
2840 826 2987 890 εἰκὸς
3016 824 3245 895 τοιούτῳ
3278 826 3665 894 περιπίπτοντες
3686 833 3778 885 tau.

548 941 725 997 genus
761 922 940 978 morbi
995 922 1267 985 incidunt,
1311 920 1393 974 sui
1433 928 1761 989 potestatem
1812 920 2040 986 habent,

2252 920 2356 972 τῶν
2382 918 2597 989 ἔχουσιν
2630 917 2877 985 ἐξουσίαν
2905 916 2972 987 ἡν
3007 915 3075 969 ἂν
3110 915 3307 968 θέλωσι
3366 914 3639 988 θεραπείαν
3684 923 3780 975 ἑαν-

549 1017 698 1089 quod
752 1017 943 1080 velint,
998 1014 1102 1069 sibi
1148 1014 1451 1067 remedium
1499 1012 1818 1066 adhibeant.
1880 1010 2074 1066 Jubem

2252 1015 2363 1076 τοῖς
2417 1012 2753 1083 προσάγειν.
2792 1010 2933 1073 Τοὺς
3000 1009 3450 1080 εύνουχισθέντας
3499 1010 3655 1063 τοίνυν
3699 1015 3780 1069 ἀπδ

553 1107 740 1177 igitur,
799 1114 859 1159 ut
913 1104 964 1156 in
1014 1112 1203 1157 nostra
1250 1101 1527 1171 republica
1566 1100 1790 1155 castrati
1818 1100 1931 1171 jam
1963 1100 2081 1156 inde

2253 1103 2347 1157 τοῦ
2378 1101 2849 1174 μνημονευθέντος
2872 1100 3066 1171 χρόνου
3099 1101 3159 1153 ὲν
3193 1102 3258 1171 τῇ
3292 1100 3534 1171 ἡμετέρα
3586 1102 3781 1177 πολιτείᾳ

550 1207 859 1256 memorato
913 1207 1180 1265 tempore,
1224 1196 1367 1266 apud
1418 1210 1808 1265 quamcunque
1853 1209 2078 1265 persona

2255 1196 2387 1269 παρ’
2414 1195 2716 1267 οίῳδὴποτε
2741 1193 3021 1267 προσώπῳ
3056 1193 3218 1257 ὄντας
3249 1192 3541 1265 κελεύομεν
3566 1194 3783 1268 ἀναζητη-

554 1293 688 1360 sint,
730 1292 1146 1362 perquirantur,
1196 1300 1251 1345 et
1291 1289 1447 1345 liberi
1502 1288 1633 1355 sint,
1676 1304 1854 1359 neque
1904 1303 2082 1359 unqua

2258 1290 2543 1362 θῆναι,καὶ
2568 1288 2894 1361 ἐλευθέρους
2920 1282 3060 1341 εἶναι
3084 1288 3178 1341 καὶ
3212 1287 3484 1359 μηδέποτε
3506 1288 3577 1350 είς
3598 1287 3786 1343 δουλείαν

550 1388 605 1442 in
640 1388 960 1442 servitutem
1012 1387 1388 1441 retrahuntur.
1436 1384 1705 1439 Caaterum
1737 1386 1780 1439 si
1813 1385 1907 1455 qui
1958 1399 2078 1439 eort:

2258 1384 2475 1449 τούτους
2520 1382 2903 1437 καθέλκεσθαι.
2944 1381 3007 1435 Εἰ
3040 1381 3225 1453 μέντοι
3253 1380 3584 1452 θαρῤἡσουσί
3606 1398 3723 1444 τινες
3747 1383 3786 1448 ἐξ

550 1488 677 1551 post
708 1490 1034 1549 praesentem
1086 1488 1329 1534 nostram
1393 1478 1566 1549 legem
1614 1477 1826 1545 aliquos
1872 1476 2078 1530 destine

2258 1479 2434 1534 αὐτῶν
2484 1478 2593 1531 τῶν
2620 1476 3102 1548 εύνουχισθέντων,
3138 1476 3292 1540 τινας
3324 1475 3466 1546 μετὰ
3484 1474 3569 1527 τὸν
3599 1476 3786 1547 παρόντι

553 1573 696 1645 apud
719 1587 778 1627 se
800 1582 1074 1628 castratos
1096 1572 1547 1644 praesumpserint
1570 1613 1585 1637 ,
1610 1572 1807 1627 dauuis
1828 1570 1992 1625 etiam
2016 1570 2081 1640 ip:

2259 1573 2409 1644 ἡμῶν
2431 1572 2681 1642 ἐπισχεῖν
2707 1571 2894 1642 νόμον,
2922 1570 3178 1641 διδόαμεν
3206 1569 3390 1624 ἄδειαν
3420 1570 3633 1633 καὶτοῖς
3657 1570 3787 1625 εὐνου-

550 1668 809 1723 castratis
842 1668 1147 1733 licentium,
1180 1666 1441 1721 nimirum
1467 1665 1559 1736 qui
1590 1665 1759 1721 semei
1780 1680 1844 1720 ex
1883 1678 2078 1735 praeser

2257 1668 2487 1739 χισθεῖσι
2535 1667 2721 1729 αὐτοῖς
2767 1667 2843 1730 ὡς
2888 1664 3037 1730 ἆπαξ
3069 1662 3387 1737 ἐλευθερίας
3416 1663 3482 1715 ἐκ
3510 1660 3597 1715 τοῦ
3628 1664 3785 1731 παρόν-

553 1770 747 1816 nostra
771 1761 888 1831 lege
924 1761 1230 1816 libertatem
1263 1760 1693 1832 promeruerint,
1726 1768 1785 1814 ut
1810 1759 1898 1814 hic
1929 1758 2081 1830 quidc

2260 1778 2350 1823 τος
2382 1759 2542 1831 ἡμῶν
2573 1757 2800 1830 τυχοῦσι
2834 1758 3025 1829 νόμου,
3074 1755 3313 1811 ἐνταῦθα
3351 1755 3456 1827 μὲν
3484 1757 3547 1825 τῇ
3595 1772 3645 1808 τε
3674 1756 3787 1826 βασι-

553 1854 898 1925 majestatem
958 1854 1392 1925 imperatoriam,
1453 1862 1507 1909 et
1568 1853 1981 1908 sanetissimum
2046 1869 2078 1921 p

2260 1852 2383 1924 λείᾳ
2413 1851 2724 1920 προσιέναι,
2775 1850 2853 1922 τῷ
2893 1868 2954 1904 τε
2986 1851 3127 1904 κατὰ
3182 1849 3373 1920 καιρὸν
3405 1846 3676 1918 ἁγιωτάτῳ
3712 1867 3785 1901 m-

556 1959 809 2017 tempore
838 1948 1212 2017 pzttriarebam
1244 1950 1461 2013 adeant,
1502 1962 1677 2015 neque
1713 1962 1821 1999 non
1848 1944 1990 2015 apud
2032 1946 2081 2015 gl

2262 1947 2524 2017 τριάρχῃ,
2539 1946 2632 1999 καὶ
2657 1947 2768 2006 τοῖς
2795 1943 3159 2009 ἐνδοξοτάτοις
3180 1943 3336 2015 ἡμῶν
3359 1942 3584 2014 ἄρχουσι
3608 1959 3790 2011 προσαγ-

557 2042 894 2097 riosissimos
942 2040 1158 2111 imperii
1210 2040 1382 2095 nostri
1421 2054 1676 2110 proceres
1730 2037 2051 2091 relationem

2262 2041 2496 2110 γέλλειν.
2564 2039 2655 2095 Ἐν
2696 2039 2755 2093 δὲ
2809 2040 2930 2103 ταῖς
2977 2038 3271 2110 ἐπαρχίαις
3318 2039 3443 2099 τοῖς
3496 2036 3627 2089 κατὰ
3669 2036 3787 2090 τόπον

554 2133 627 2189 de
669 2150 726 2189 re
754 2134 1079 2189 instituant:
1115 2134 1169 2187 in
1203 2133 1504 2203 provinciis
1551 2147 1704 2195 vero,
1747 2130 1893 2200 apud
1937 2129 2082 2201 religi

2262 2133 2581 2197 όσιωτάτοις
2611 2132 2933 2194 ἐπισκόποις
2968 2131 3060 2185 καὶ
3098 2134 3214 2192 τοῖς
3242 2129 3458 2183 τούτων
3486 2129 3710 2200 ἄρχουσιν
3733 2131 3790 2197 ἐφ’

556 2226 815 2280 sissimos
861 2226 1106 2279 locorum
1138 2226 1454 2295 episcopos,
1505 2232 1559 2277 et
1598 2222 1796 2277 horum
1852 2222 2081 2291 praeside

2264 2222 2306 2297 ᾧ
2358 2228 2588 2301 προνοίᾳ
2653 2227 2871 2289 πάντως
2918 2225 3029 2279 τῶν
3079 2224 3367 2297 ἡμετέρων
3420 2224 3693 2295 ἀρχόντων,
3728 2226 3792 2277 καὶ

556 2333 667 2387 quo
701 2317 929 2373 omnino
983 2317 1323 2386 providentia
1362 2326 1673 2371 nostrorum
1711 2315 2084 2384 magistratum

2262 2321 2495 2392 κινδύνῳ
2532 2321 2640 2374 τῶν
2698 2318 3037 2390 πειθομένων
3081 2318 3268 2382 αὐτοῖς
3340 2318 3572 2383 τάξεων,
3620 2316 3710 2369 εἴτε
3752 2316 3790 2366 ἐν

555 2420 610 2466 et
638 2411 884 2481 periculo
933 2411 1429 2480 obtemperantium
1480 2410 1615 2480 ipsis
1647 2408 1962 2464 cohortium
2014 2408 2082 2477 (si

2264 2412 2858 2475 Κωνσταντινουπόλει,
2892 2412 3007 2465 εἴτε
3053 2412 3111 2465 ὲν
3160 2411 3331 2485 ἑτέρῳ
3363 2410 3649 2482 οίῳδήποτε
3688 2408 3792 2478 τόπῳ

555 2501 1056 2572 Constantinopoli,
1094 2504 1209 2557 sive
1254 2502 1609 2573 alibicuuque
1648 2502 1895 2557 locorqu
1950 2512 2083 2557 nost‘

2264 2508 2360 2577 τῆς
2392 2507 2671 2579 ἡμετέρας
2696 2506 2975 2569 πολιτείας
3014 2504 3240 2569 τούτους
3262 2504 3598 2559 ὲκδικεῖσθαι
3624 2506 3701 2558 καὶ
3722 2521 3792 2570 ςυ-

555 2593 895 2665 reipublicm)
950 2595 1035 2650 his
1068 2595 1374 2650 secundum
1417 2595 1725 2650 libertatem
1775 2594 1978 2649 dentur
2031 2594 2081 2648 vi

2267 2600 2558 2654 λάττεσθαι
2589 2600 2689 2669 τὴν
2718 2600 2784 2654 ἐκ
2830 2598 2925 2653 τοῦ
2951 2598 3223 2669 παρόντος
3253 2596 3416 2669 ἡμῶν
3445 2598 3604 2669 νόμου
3638 2595 3795 2665 δεδομέ-

555 2688 736 2753 dieue,
768 2688 1099 2758 libertasque
1126 2704 1193 2743 ex
1216 2700 1487 2759 praesente
1511 2698 1703 2745 nostra
1726 2690 1847 2760 lege
1875 2688 2011 2760 ipsis
2039 2688 2083 2743 la

2265 2712 2363 2766 νην
2395 2694 2581 2758 αὐτοῖς
2634 2692 2973 2765 ἐλευθερίαν.
3010 2692 3268 2764 Παριδείν
3300 2691 3413 2763 γὰρ
3446 2692 3631 2759 φόνους
3654 2689 3793 2743 τοσού-

560 2782 671 2854 gita
728 2790 1111 2838 conservetur.
1166 2779 1304 2836 Nam
1363 2790 1446 2837 tot
1503 2784 1679 2838 czedes
1726 2780 2082 2837 eonniveotib

2269 2804 2388 2852 τους
2409 2786 2728 2858 γινομένους
2747 2786 2891 2840 κατά
2934 2785 3211 2857 πρόφασιν
3240 2783 3349 2838 τῶν
3370 2784 3597 2838 τοιαῦτα
3613 2782 3797 2854 τολμών-

556 2875 735 2931 oculis
767 2875 1019 2945 accipere
1050 2890 1144 2945 per
1173 2891 1402 2931 causam
1434 2890 1625 2931 eorum
1655 2874 1748 2945 qui
1782 2874 1911 2929 talia
1941 2890 2084 2945 praes

2267 2897 2371 2933 των
2402 2880 2459 2932 ὲν
2489 2881 2555 2951 τῇ
2590 2877 2838 2950 ἡμετέρᾳ
2865 2876 3112 2948 πολιτεία
3154 2875 3413 2946 οὐδαμῶς
3438 2874 3729 2945 ἀνεχόμεθα.
3754 2873 3795 2927 Εἰ

557 2978 738 3034 munt,
774 2970 830 3022 in
887 2979 1077 3024 nostra
1120 2970 1425 3039 republica,
1473 2969 1796 3040 neutiquam
1831 2970 2083 3025 sustiuue

2266 2974 2373 3045 γὰρ
2402 2972 2683 3044 Βάρδαροι
2712 2970 3046 3034 ἀκούσαντες
3074 2969 3185 3024 τῶν
3209 2969 3502 3042 ἡμετέρων
3526 2969 3641 3039 περὶ
3655 2964 3794 3021 τούτου

558 3078 707 3118 IIIIIS.
743 3058 801 3116 Si
833 3061 982 3115 enim
1040 3060 1290 3129 Barbari,
1335 3062 1670 3133 simulatque
1699 3072 1888 3118 nostra
1929 3061 1999 3119 de
2045 3062 2086 3115 bl

2269 3068 2740 3140 παραγγελμάτων
2768 3064 2944 3120 ταῦτα
2972 3063 3269 3134 ἐφύλαξαν,
3297 3063 3416 3127 πῶς
3448 3062 3519 3117 ἂν
3549 3063 3691 3133 ἡμεῖς
3706 3076 3797 3128 συγ-

558 3154 857 3209 audierunt
905 3156 1182 3223 mandata,
1246 3155 1362 3211 haec
1392 3156 1815 3212 cusmtlierunt:
1875 3172 2086 3226 quomot

2268 3163 2609 3233 χωρήσωμεν
2648 3159 2787 3232 μετά
2838 3158 3112 3223 τοσαύτας
3162 3158 3271 3212 τῶν
3303 3158 3413 3230 πρὸ
3448 3156 3604 3229 ἡμῶν
3632 3154 3796 3226 βεὸασι-

557 3243 779 3297 tantlcm
826 3245 1231 3314 permittemus,
1278 3256 1337 3301 ut
1380 3258 1507 3318 post
1541 3256 1619 3302 tot
1665 3256 1813 3302 retro
1843 3248 2085 3318 principu

2268 3258 2542 3312 λευκότων
2602 3254 2927 3328 νομοθεσίας
2976 3254 3220 3309 τοιοῦτόν
3279 3272 3333 3307 τι
3368 3248 3796 3325 ἁμαρτάνεσθαι,ῆ

555 3336 877 3391 sanctiones
913 3337 1019 3391 tale
1053 3340 1181 3407 quid
1220 3338 1402 3393 denuo
1438 3339 1813 3409 delinquatur,
1841 3350 1936 3396 aut
1983 3342 2083 3397 etia

2268 3352 2364 3406 καὶ
2411 3352 2767 3422 ἀνεκδίκητον
2820 3352 2888 3421 τῇ
2940 3349 3189 3421 ἡμετέρα
3238 3347 3493 3419 πολιτείᾳ
3514 3342 3796 3414 καταλιμπά-

558 3426 796 3482 iuultutu
832 3429 1179 3500 relinquatur
1205 3431 1259 3485 in
1294 3442 1484 3487 nostra
1518 3432 1846 3503 republica?
2268 3444 2477 3498 νεσοαι.

623 3563 777 3620 CAP.
815 3564 934 3621 XV.
988 3596 1059 3607 —
1096 3566 1163 3622 Ut
1202 3569 1292 3638 qui
1349 3568 1642 3623 dwmonem
1699 3568 1879 3636 habet,
1930 3570 2151 3627 clericus

2338 3579 2593 3632 ΚΕΦΑΛ.
2624 3577 2724 3633 lE'.
2760 3608 2831 3619 —
2875 3576 3016 3649 Περὶ
3056 3577 3166 3633 τοῦ
3216 3576 3327 3631 τὸν
3367 3570 3797 3646 δαιμονιζόμενον

554 3674 659 3712 non
686 3658 807 3727 ﬁat.

2264 3670 2351 3741 μὴ
2395 3670 2791 3741 κληροῦσθαι.

626 3750 1019 3820 Apostolorum
1045 3766 1224 3808 canon
1258 3752 1349 3807 78.

2356 3765 2698 3819 ’Λποστόλων
2730 3764 2911 3818 κανὼν
2938 3762 3041 3833 οη’.

627 3881 783 3937 CAP.
818 3882 958 3939 XVI.
988 3914 1059 3924 —
1106 3884 1183 3939 De
1211 3903 1271 3941 eo
1321 3890 1525 3959 quisuo
1562 3894 1805 3964 episcopo
1839 3910 1943 3948 non
1979 3893 2154 3949 obedit

2342 3901 2599 3956 ΚΕΦΑΛ.
2629 3899 2749 3967 ις’.
2773 3928 2844 3937 -
2870 3897 3014 3968 Περὶ
3052 3898 3161 3954 τοῦ
3183 3899 3270 3969 μὴ
3317 3897 3718 3969 πειθαρχοῦντι
3749 3893 3803 3957 τῷ

556 3976 753 4030 volenti
791 3976 965 4046 ipsum
1000 3977 1251 4032 ordinare
1278 3980 1334 4034 in
1365 3982 1611 4037 altiorem
1640 3988 1891 4055 gradum.

2276 3992 2400 4061 ίδίῳ
2420 3994 2757 4058 ἐπισκόπφ,
2785 3990 3146 4063 βουλομένῳ
3174 3993 3544 4063 χειροτονεῖν
3563 3990 3726 4046 αὑτὸν
3746 3990 3804 4052 εις

882 4146 918 4159 ,η
1013 4148 1024 4159 .
1122 4148 1133 4159 .
1282 4151 1292 4159 .
1539 4155 1599 4159 __
1657 4154 1687 4159 __
1784 4158 1793 4159 ί
1830 4158 1835 4159 ν
2265 4086 2510 4157 μείζονα
2530 4086 2793 4156 βαθμόν.

626 4145 856 4201 Concilii
878 4146 1326 4219 Carthaginiensis
1344 4168 1520 4209 canon
1538 4155 1627 4221 54,
1654 4154 1840 4214 Basilii
1861 4175 2037 4215 canon
2064 4163 2151 4217 I0.

2276 4145 2283 4157 ν
2344 4145 2572 4234 Σνυνόδου
2623 4145 3024 4253 ἰξαρθαγέννης
3071 4181 3252 4237 κανὼν
3271 4178 3354 4237 λα’
3379 4196 3393 4211 °
3439 4180 3703 4235 Βασιλείου
3739 4193 3804 4229 κα-

627 4334 785 4392 (ΖᾹΡ.
820 4334 990 4393 AVII.
1027 4369 1095 4378 —
1130 4338 1205 4394 De
1244 4343 1515 4413 episc0po,
1541 4354 1634 4398 aut
1666 4346 1857 4401 clerico
1883 4350 2155 4418 ordinato,

2276 4293 2377 4327 νων
2412 4292 2461 4327 ι.

2348 4365 2600 4419 ΚΕΦΑΛ.
2652 4362 2751 4419 ΙΖ’.
2775 4394 2845 4404 -
2894 4366 3037 4434 Περὶ
3072 4366 3450 4431 ἐπισκόπου,
3488 4366 3524 4434 ἢ
3575 4358 3804 4432 adoptatori

556 4434 649 4502 qui
675 4433 738 4484 ab
770 4433 960 4486 incolis
990 4450 1096 4488 non
1123 4436 1440 4507 suscipitur,
1485 4449 1579 4493 aut
1627 4456 1732 4494 non
1777 4443 2022 4513 suscipit,
2069 4463 2084 4496 ι

2277 4459 2821 4531 χειροτονηθέντος,
2845 4460 2946 4515 καὶ
2976 4460 3061 4529 μὴ
3101 4460 3425 4531 δεχθέντος
3446 4433 3560 4516 ὑπὸ
3585 4458 3683 4526 τῆς
3701 4472 3805 4521 παρ-

561 4531 711 4580 ubire
752 4543 857 4580 non
889 4537 1081 4597 potest.

2278 4551 2486 4616 οικίας,
2524 4550 2563 4618 ἢ
2615 4552 2703 4621 μὴ
2765 4549 3279 4621 καταδεξαμένων,
3320 4553 3361 4621 ἢ
3401 4550 3487 4622 μὴ
3522 4545 3806 4617 δυναμένων

2268 4642 2576 4698 ἀπελθεῖν.

636 4716 1024 4788 Apostolorum
1087 4735 1263 4776 canon
1298 4721 1401 4787 56;
1463 4724 1686 4780 concilii
1725 4725 2003 4798 Ancyrani
2068 4747 2153 4785 ca-

2356 4736 2700 4791 Ἀποστόλων
2754 4735 2936 4791 κανὼν
2979 4736 3069 4803 λς’
3093 4755 3109 4769 ’
3151 4739 3374 4794 συνόδου
3440 4736 3694 4809 Ἀγκύρας
3735 4750 3807 4784 κα·

564 4828 672 4865 nou
704 4810 803 4877 18;
842 4814 1058 4868 concilii
1091 4816 1420 4871 Antioclteui
1452 4834 1629 4873 canon
1668 4821 1754 4885 I7,
1797 4821 1903 4889 18;
1942 4827 2092 4879 conci

2277 4826 2377 4881 νὼν
2413 4826 2518 4898 ιη’*
2568 4828 2788 4881 συνόδου
2846 4828 3180 4900 Ἀντιοχείας
3225 4828 3410 4884 κανὼν
3446 4828 3526 4895 ιζ’,
3581 4832 3674 4896 tr,"
3714 4839 3805 4874 συν·

565 4921 618 4961 v1
654 4922 831 4961 canon
867 4906 954 4961 I7.

2271 4920 2392 4973 όδου
2428 4917 2481 4985 ς’
2504 4919 2685 4974 κανὼν
2718 4918 2802 4985 ιζ’.

640 5040 794 5097 CAP.
828 5043 1016 5099 XVIII.
1038 5047 1281 5112 —Quod
1314 5039 1844 5119 episcopus‘moriens
1868 5070 1969 5109 non
2002 5058 2168 5126 possit

2344 5052 2597 5108 ΚΕΦΑΛ.
2658 5052 2766 5108 III'.
2812 5083 2882 5093 ——-
2932 5056 3073 5123 Περὶ
3120 5054 3230 5109 τοῦ
3281 5054 3370 5125 μὴ
3422 5054 3693 5108 δύνασθαι
3728 5048 3803 5100 τόν

567 5135 737 5191 alium
767 5155 863 5208 pro
893 5156 947 5194 se
980 5142 1248 5198 ordinare.

2273 5145 2656 5201 τελευτῶντα
2683 5146 3032 5203 ἐπίσκοπον
3060 5148 3267 5219 ἕτερον
3291 5150 3423 5204 ἀντ’
3460 5146 3633 5202 αὐτοῦ
3654 5157 3801 5215 χειρε-

2272 5253 2430 5289 τονει
2436 5253 2475 5289 ν
2481 5278 2493 5292 .

641 5323 1032 5392 Apostolorum
1067 5342 1244 5383 canon
1294 5327 1390 5394 76;
1440 5332 1655 5385 concilii
1702 5333 2028 5389 Antinchcni
2082 5351 2169 5389 ca-

2350 5329 2474 5381 Τῶν
2505 5330 2678 5397 ἁγίων
2698 5332 3015 5387 ἀποστόλων
3043 5333 3225 5387 κανὼν
3257 5331 3344 5398 ος¹
3365 5347 3379 5363 ⁸
3409 5332 3612 5385 συνόδου
3648 5329 3804 5382 Ἄντιον·

574 5429 682 5469 non
709 5416 802 5471 25.

2276 5421 2430 5491 χείας
2460 5422 2642 5475 κανὼν
2677 5422 2783 5493 κγ’.

640 5549 795 5605 CAP.
831 5550 974 5607 XIX.
1011 5586 1076 5596 —
1108 5554 1191 5610 Ne
1242 5567 1431 5614 temere
1487 5562 1537 5614 in
1596 5580 1761 5631 parra
1815 5565 2025 5619 civitate
2082 5577 2168 5619 aut

2353 5558 2601 5614 ΚΕΦΛΛ.
2642 5558 2743 5614 ΙΘ’.
2775 5593 2841 5604 —-
2876 5562 3016 5632 Περὶ
3048 5564 3152 5618 τοῦ
3199 5566 3286 5635 μὴ
3331 5564 3522 5632 ἁπλῶς
3559 5564 3623 5616 ἐν
3666 5558 3802 5611 πόλει

570 5658 708 5711 pago
732 5645 1008 5714 cpiscopus
1033 5648 1149 5716 ﬁat.

2276 5653 2557 5722 βραχείᾳ,
2591 5653 2627 5723 ἣ
2665 5653 2829 5724 κώμῃ
2860 5657 3133 5723 γίνεσθαι
3168 5660 3514 5715 ἐπίσκοπον.

639 5730 870 5788 Concilii
906 5734 1261 5797 Laodicensis
1286 5757 1463 5800 canon
1488 5742 1593 5815 57;
1629 5746 1847 5803 concilii
1890 5744 2167 5806 Sardicen-

2355 5746 2583 5800 Συνόδου
2619 5748 2941 5815 Λαοδικείας
2970 5750 3151 5807 κανὼν
3182 5750 3260 5819 νίζ’
3288 5773 3298 5784 ·
3348 5754 3541 5809 συνόδου
3573 5746 3803 5821 Σαρδικᾱ

570 5818 649 5874 sis
678 5835 856 5878 canon
886 5820 937 5880 6.

2182 5887 2217 5915 ,κ
2285 5836 2463 5895 κανὼν
2492 5856 2529 5905 ς
2551 5880 2565 5895 .
3328 5824 3335 5829 ’
3558 5865 3627 5905 ιρ..
