4022 6402
214 386 345 455 1001
1100 392 1589 459 NOMOCANON.
1627 421 1700 434 -
1736 397 1888 462 TIT.
1930 399 1981 475 I,
2023 399 2182 462 CAP.
2240 401 2599 465 XV-XXIII.
3366 404 3501 472 1002

274 506 530 561 ΚΕΦΑΛ.
563 504 739 563 K'.-—
769 504 909 575 Περὶ
940 506 1049 563 τοῦ
1068 508 1156 579 μὴ
1190 505 1348 565 εἶναι
1382 510 1454 565 ἐν
1467 509 1579 582 μιᾷ
1616 512 1797 583 ἐπαρ-
1824 513 1862 576 Α

1999 515 2127 571 ZAP.
2158 514 2277 571 XX.
2307 548 2377 557 —
2408 517 2492 572 Ne
2534 520 2587 572 in
2612 534 2718 573 una
2752 520 3028 590 provincia
3063 522 3168 577 duo
3194 525 3499 595 metropoti-
3584 520 3587 524 ⁴

209 598 311 668 χίᾳ
341 597 455 652 δύο
494 598 962 688 μητροπολίτας,
994 599 1034 667 ἢ
1061 599 1130 653 ἐν
1152 598 1262 670 μιᾷ
1303 602 1478 656 πόλει
1520 602 1631 658 δύο
1675 604 1797 659 ἐπι·

1915 609 2030 662 tani
2058 610 2185 675 sint,
2218 620 2313 665 aut
2350 612 2406 666 in
2456 629 2565 668 una
2624 614 2845 669 civitate
2902 616 3011 671 duo
3042 617 3295 688 episcopi,
3321 628 3415 674 aut
3443 621 3499 673 in

207 690 511 756 σκόπους,
554 687 594 758 ἢ
620 690 690 743 ἐν
726 688 871 744 δυσί
913 690 1176 745 πόλεσιν
1206 691 1315 746 ἕνα
1343 694 1658 763 κληρικίν.

1343 694 1658 763 κληρικίν.
1911 701 2118 756 duabus
2152 704 2457 760 civitatibus
2496 721 2636 761 unus
2670 707 2918 763 clericus.

288 781 520 836 Συνόδου
557 780 799 845 Νικαίας
853 781 1038 837 κανὼν
1076 780 1128 852 η’
1151 799 1167 818 ο
1208 784 1429 839 συνόδου
1459 786 1806 858 Χαλκηδόνος

1984 795 2215 851 Concilii
2266 797 2470 854 Nicaeni
2522 813 2700 856 canon
2739 800 2804 869 7;
2839 802 3060 857 concilii
3086 801 3502 862 Chalcedonen-

206 874 392 928 κανὼν
423 873 477 939 ι’,
514 872 581 946 ιβ’
606 891 621 906 ·
652 875 875 929 συνόδου
910 875 1145 942 Νικαίας
1184 877 1246 931 τὸ
1279 877 1346 949 β’,
1388 879 1571 934 κανὼν
1613 879 1696 935 ιε’.

1910 886 1988 941 sis
2019 901 2197 941 canon
2225 886 2314 953 10,
2347 888 2446 956 12ς
2476 890 2695 945 concilii
2718 890 2925 947 Nicaeni
2958 894 3186 949 secundi
3209 910 3383 951 canon
3407 896 3498 951 15.

275 968 589 1037 Κείμενον.
638 967 697 1021 Ὀ
750 967 1128 1033 Ἐλενόποντος
1170 969 1264 1024 δύο
1308 971 1422 1042 ἔχει
1472 973 1807 1047 μητροπολί-

1984 976 2207 1033 Tactus.
2230 977 2640 1052 Helenopontus
2665 983 2805 1038 duos
2834 986 3288 1055 metropolitanos
3318 986 3502 1053 habet,

206 1077 328 1126 τας,
354 1078 411 1117 κ.
465 1078 520 1116 τ.
582 1062 657 1129 λ.,
693 1076 872 1132 usque
911 1062 981 1119 ad
1039 1062 1180 1121 διάτ.
1222 1062 1300 1119 λθ⁹
1351 1065 1446 1120 τοῦ
1503 1067 1669 1120 αὑτοῦ
1728 1068 1794 1122 τί·

1916 1075 2040 1138 etc.,
2070 1085 2233 1147 usque
2253 1069 2322 1125 ad
2345 1080 2597 1141 ut,const.
2625 1073 2716 1141 59,
2735 1074 2983 1146 ejusdem
3015 1077 3126 1143 tit.,
3156 1088 3213 1133 ut
3238 1078 3504 1150 pag.510.

201 1153 350 1210 τλου.

272 1248 562 1316 Σχόλιον.
604 1247 669 1302 Ἦ
693 1255 779 1320 κη’
807 1250 978 1323 νεαρὰ
1007 1252 1181 1305 κεῖται
1209 1252 1289 1315 είς
1323 1252 1527 1324 βιϐλίον
1556 1253 1666 1308 τῶν
1691 1256 1801 1308 Βα-

1983 1256 2279 1314 Scholium.
2346 1258 2569 1316 Novella
2594 1262 2665 1318 28
2692 1262 2871 1333 posita
2902 1274 2986 1320 est
3016 1264 3071 1319 in
3105 1264 3202 1319 lib.
3237 1280 3307 1321 vr.
3337 1266 3502 1323 Basil.

206 1341 433 1395 σιλικῶν
459 1339 540 1407 ς’,
565 1342 673 1398 τίτ.
713 1340 800 1412 ιβ’,
842 1360 971 1413 κεφ.
996 1341 1067 1410 α’,
1105 1344 1229 1414 ἥτις
1262 1345 1497 1399 ἐνταῦθα
1525 1346 1625 1400 οὐκ
1647 1349 1794 1418 ἐτέθτ

1911 1351 1995 1405 tit.
2030 1349 2119 1417 12,
2150 1366 2274 1423 cap.
2312 1353 2363 1419 1,
2397 1369 2520 1424 qua:
2549 1354 2639 1408 hic
2666 1371 2695 1408 a
2727 1355 2888 1412 nobis
2933 1354 3105 1429 [ideo]
3140 1374 3247 1414 non
3278 1368 3364 1414 est
3400 1375 3499 1429 po-

206 1434 340 1506 παρ’
388 1434 547 1505 ἡμῶν
580 1434 669 1488 διὰ
697 1434 761 1489 τὸ
797 1435 1053 1505 μεγάλως
1094 1436 1453 1508 ἀλλοιωθῆναι
1484 1439 1585 1511 τὴν
1614 1441 1723 1495 τῶν
1750 1444 1794 1495 ἐκ

1916 1444 2039 1510 sita,
2079 1447 2225 1516 quod
2250 1461 2489 1516 quarum
2526 1448 2811 1519 regionum
2835 1448 3168 1505 mentionem
3203 1451 3355 1517 facit,
3382 1453 3504 1507 illa-

202 1526 375 1597 ταύτῃ
399 1526 751 1597 δηλουμένων
775 1528 971 1598 χωρῶν
996 1529 1334 1583 κατάστασιν
1363 1530 1469 1584 ὑπὸ
1497 1532 1606 1585 τῶν
1631 1532 1790 1587 ἀθέωη

1917 1552 2038 1591 rum
2092 1539 2327 1594 multum
2392 1541 2461 1596 ab
2520 1540 2706 1611 impiis
2753 1540 3014 1597 Barbaris
3067 1544 3391 1603 immutatus
3431 1546 3505 1601 sit

202 1620 533 1692 Βαρϐάρων,
554 1621 650 1673 καὶ
672 1620 761 1674 διὰ
780 1620 940 1674 τοῦτο
965 1622 1320 1694 ἁπρακτῆσαι
1347 1626 1441 1678 καλ⁸
1463 1626 1532 1679 τὰ
1556 1626 1657 1696 τῆς
1686 1644 1790 1680 νεαι

1917 1639 2111 1697 status,
2146 1647 2323 1704 eaque
2356 1634 2569 1688 ratione
2592 1633 2764 1689 irritae
2784 1632 2943 1691 facta:
2974 1635 3355 1694 sintnovellte.
3391 1636 3505 1693 No-

200 1716 325 1784 ρᾶς.
362 1715 476 1769 Καὶ
500 1712 650 1785 ήζκν
680 1715 852 1787 νεαρὰ
921 1717 1135 1788 ἐγράφη
1165 1719 1243 1781 είς
1272 1717 1477 1788 βιϐλίον
1506 1719 1616 1773 τῶν
1645 1722 1780 1775 Bato:

1913 1721 2051 1777 vella
2096 1738 2228 1779 vero
2282 1723 2355 1778 29
2399 1725 2605 1797 scripta
2646 1726 2809 1781 estin
2852 1726 2951 1782 lib.
2986 1726 3154 1784 Basil.
3201 1729 3255 1794 6,
3290 1730 3374 1785 tit.
3407 1731 3501 1796 15,

197 1813 370 1866 λικῶν
404 1812 482 1878 ς’,
509 1814 620 1869 τίτ.
655 1811 745 1883 ιγ’,
774 1831 900 1884 κεφ.
932 1811 1005 1880 α’,
1038 1814 1275 1868 ἐνταῦθα
1304 1814 1359 1868 δὲ
1392 1815 1492 1867 οὐκ
1529 1814 1687 1885 ἐτέθη
1720 1814 1785 1867 δι(

1919 1830 2037 1885 cap.
2070 1816 2123 1884 I;
2150 1816 2239 1872 hic
2268 1825 2452 1872 autem
2485 1826 2713 1890 propter
2741 1820 2990 1875 eamdem
3020 1834 3245 1877 causam
3277 1838 3388 1879 non
3421 1831 3507 1878 est

194 1906 295 1978 τὴν
336 1907 512 1979 αὐτὴν
557 1908 759 1964 αἰτίαν.
810 1908 874 1962 Ἦ
916 1908 990 1961 λε’
1047 1907 1189 1961 διάτ.
1239 1908 1335 1962 τοῦ
1387 1904 1436 1976 γ’
1480 1907 1587 1962 τίτ.
1624 1907 1717 1979 τοῦ
1749 1926 1782 1961 α

1916 1879 2118 1977 posita.
2145 1907 2316 1963 Porro
2341 1908 2412 1963 55
2458 1879 2637 1965 coast.
2685 1910 2770 1964 tit.
2798 1912 2834 1966 5
2860 1910 2954 1966 lib.
2978 1927 3016 1978 ι,
3045 1912 3167 1968 cod.
3194 1921 3280 1968 est
3304 1928 3424 1983 cap.
3446 1915 3504 1979 5,

198 2000 410 2071 βιϐλίου
434 2000 530 2054 τοῦ
566 2001 799 2066 κώδικός
823 2004 938 2055 ἐστι
968 2018 1099 2071 κεφ.
1150 1998 1222 2069 γ’,
1263 2000 1358 2054 τοῦ
1395 1999 1444 2054 α’
1475 2001 1581 2056 τίτ.
1620 2000 1716 2054 τοῦ
1751 2019 1784 2070 γ

1919 2000 1999 2055 tit.
2036 2001 2062 2055 1
2124 2000 2217 2056 lib.
2255 2002 2309 2065 5,
2344 2001 2538 2067 Basil.,
2569 2003 2717 2073 quod
2744 2002 2825 2059 sic
2849 2004 2959 2058 ait:
2989 2002 3151 2069 Eum,
3184 2004 3277 2074 qui
3310 2020 3507 2075 quam-

195 2094 412 2166 βιϐλίου
464 2094 575 2149 τῶν
622 2094 1120 2160 Βασιλικῶν,οὖτω
1153 2093 1347 2163 λέγονο
1388 2094 1494 2149 Τὸν
1534 2093 1783 2164 ἀφαιρού-

1918 2110 2133 2164 cunque
2186 2108 2428 2151 veterem
2485 2106 2582 2152 aut
2639 2098 3168 2153 recens-conditam
3222 2098 3506 2155 civitatem

197 2204 365 2257 μενον
394 2188 605 2253 πόλεως
655 2187 981 2258 οἱασδήποτέ
1014 2204 1159 2252 τινος
1204 2188 1374 2241 πάλαι
1402 2186 1591 2258 οὔσης,
1637 2187 1670 2258 ἥ
1702 2185 1785 2239 νῦν

1916 2186 2124 2257 proprii
2156 2187 2511 2257 episcopatus
2532 2186 2680 2257 jure,
2745 2187 2925 2244 aliove
2964 2188 3254 2261 privilegio
3303 2191 3504 2260 privat,

197 2279 554 2352 πολισθείσης
576 2281 638 2334 τὸ
657 2281 756 2350 τῆς
786 2279 963 2350 ίδικῆς
993 2280 1301 2350 ἐπισκοπῆς
1332 2278 1588 2351 δίκαιονῆ
1612 2278 1785 2349 ἕτεροι

1921 2278 2136 2334 tametsi
2169 2278 2436 2350 principis
2464 2280 2745 2351 permissu
2776 2279 2854 2352 [id
2892 2279 3078 2353 faciat]
3106 2300 3119 2335 :
3153 2280 3380 2337 infamia
3408 2299 3509 2338 no-

195 2373 502 2444 προνόμιον
560 2372 667 2428 κᾶν
720 2373 830 2427 ἀπὸ
883 2371 1173 2444 βασιλικῆς
1221 2372 1547 2444 ἐπιτροπῆς,
1615 2374 1783 2442 ἀτιμο

1973 2383 1991 2425 ι
2019 2370 2324 2441 multatque
2376 2372 2536 2427 bonis
2557 2372 2901 2438 constitutio,
2923 2387 2988 2428 ac
3031 2373 3195 2428 simul
3224 2374 3506 2445 inceptum
3544 2444 3555 2453 _

198 2466 298 2520 καὶ
331 2465 566 2537 δημεύει
602 2469 635 2535 ἡ
668 2464 931 2530 διάταξις,
965 2465 1248 2538 άκυροῦσα
1283 2466 1378 2518 καὶ
1408 2466 1508 2535 τὴν
1546 2464 1786 2535 ἐγχείρη·

1921 2462 2047 2519 l‘acit
2075 2463 2316 2519 irritum.
2349 2463 2568 2535 Excipit
2596 2474 2778 2520 autem
2812 2464 3049 2536 Scythiae
3083 2467 3424 2536 provincias,
3451 2478 3509 2523 et

199 2572 309 2620 σιν,
341 2555 634 2629 ὑπεξαιρεῖ
664 2556 722 2609 δὲ
754 2556 853 2620 τὰς
883 2557 941 2609 ἐν
970 2555 1179 2627 Σκυθίᾳ
1212 2556 1483 2628 ἐπαρχίας
1516 2555 1610 2610 καὶ
1636 2557 1787 2609 Λεον-

1917 2555 2295 2628 Leontopolim
2325 2559 2382 2612 in
2426 2558 2662 2615 Isauria.
2706 2557 3020 2630 [Deinceps]
3061 2573 3193 2614 vero
3219 2560 3351 2617 huic
3383 2561 3505 2617 loco

195 2650 427 2704 τόπολιν
457 2651 557 2719 τῆς
598 2649 894 2721 Ἰσαυρίας.
937 2650 1001 2702 Ἡ
1036 2649 1093 2703 δὲ
1127 2648 1203 2702 λθ¹
1233 2648 1475 2716 διάταξις
1507 2648 1603 2701 τοῦ
1635 2647 1783 2702 αὐτοί

1917 2650 2138 2707 insertae
2180 2651 2285 2723 legi
2331 2654 2480 2723 (cap.
2532 2652 2784 2707 videlicet
2813 2651 2868 2719 5,
2910 2652 2996 2706 tit.
3060 2667 3100 2716 I,
3162 2652 3258 2707 lib.
3282 2653 3338 2723 5)
3378 2655 3502 2709 ani-

193 2744 309 2797 τίτ.
344 2744 442 2797 καὶ
472 2736 679 2813 βιϐλίου
705 2744 807 2796 οὐκ
835 2742 995 2813 ἐτέθη
1030 2743 1110 2806 είς
1130 2741 1200 2795 τά
1224 2740 1514 2796 Βασιλικά.
1546 2741 1768 2812 Σημείω

1927 2757 2081 2797 mum
2132 2757 2202 2798 ne
2257 2742 2537 2799 advertas.
2581 2742 2867 2815 Siquidem
2920 2758 2952 2799 a
3007 2758 3220 2800 canone
3257 2744 3287 2797 7
3336 2744 3502 2801 Chal-

197 2853 293 2890 σαι
342 2834 424 2908 τῷ
464 2835 702 2889 ἐνταῦθα
752 2834 1200 2905 καταστρωθέντι
1234 2834 1383 2906 νόμῳ
1427 2834 1597 2907 ἧγουν
1647 2833 1725 2906 τῷ
1752 2851 1784 2903 γ

1916 2837 2244 2894 cedonensis
2295 2838 2537 2904 concilii,
2587 2846 2642 2893 et
2673 2853 2887 2894 canone
2948 2836 3022 2893 58
3070 2838 3124 2893 in
3163 2837 3354 2895 Trullo
3384 2839 3504 2911 [ha-

196 2945 330 2997 κεφ.
361 2926 458 2981 τοῦ
485 2925 533 2981 α’
558 2927 665 2983 τίτ.
685 2927 781 2981 τοῦ
813 2926 1087 2997 γ’βιϐλίου
1126 2926 1203 3000 μὴ
1224 2928 1493 3001 πρόσχῃς.
1527 2927 1784 3001 Ἀνῃρέθτ

1916 2930 2040 3005 biti]
2070 2931 2313 2998 concilii,
2359 2939 2443 2987 est
2475 2931 2760 3002 abrogata.
2797 2929 2976 3002 Legas
3007 2938 3193 2985 autem
3224 2928 3294 2985 58
3346 2930 3500 2986 illum

200 3027 319 3099 γὰρ
351 3027 459 3081 ὑπὸ
500 3027 593 3081 τοῦ
648 3024 715 3091 ιζ’
750 3026 975 3090 κανόνος
1000 3026 1098 3095 τῆς
1126 3026 1186 3078 ἐν
1220 3024 1526 3097 Χαλκηδόνι
1558 3024 1788 3092 συνόδου1

1917 3042 2207 3093 canonem,
2265 3027 2499 3100 ejusque
2586 3025 3017 3095 expositionem.
3106 3025 3317 3081 Inserta
3374 3034 3505 3082 sunt

194 3121 300 3174 xui.
325 3119 426 3173 τοῦ
468 3121 549 3193 λη’
609 3121 834 3185 κανόνος
880 3121 979 3190 τῆς
1037 3120 1096 3172 ἐν
1139 3117 1217 3189 τῷ
1255 3118 1512 3192 Τρούλλῳ
1559 3118 1778 3172 συνόδου

1917 3126 2060 3181 enim
2093 3126 2171 3180 illi
2209 3123 2403 3195 scripti
2434 3122 2775 3193 imperatorii
2823 3120 3013 3184 verba,
3048 3136 3193 3191 quae,
3225 3120 3505 3191 quomodo

198 3216 314 3270 Καὶ
336 3215 613 3284 ἀνάγνωθι
638 3216 732 3268 τὸν
786 3215 1028 3268 τοιοῦτον
1048 3210 1132 3285 λη’
1163 3212 1363 3267 κανόνα
1386 3214 1480 3267 καὶ
1504 3213 1604 3286 τὴν
1627 3214 1786 3284 ἑρμη-

1917 3218 2341 3290 imperatoribus
2366 3216 2484 3287 jura
2504 3214 2897 3286 privilegiaqne
2915 3213 3290 3270 ecclesiasuca
3317 3221 3505 3269 trans-

195 3307 355 3362 νείαν
411 3306 577 3361 αὐτοῦ
601 3323 616 3339 ⁸
652 3304 1114 3378 κατεστρώθησαν
1148 3305 1258 3375 γάρ
1310 3306 1367 3357 ἐν
1404 3304 1544 3376 αὐτῇ
1584 3305 1783 3376 σημεὶιγ

1914 3320 2132 3367 mutare
2183 3308 2536 3371 concedatur,
2567 3307 2862 3377 explicant.
2919 3302 3156 3361 Constit.
3193 3305 3285 3373 59,
3318 3304 3407 3360 tit.
3446 3304 3500 3370 5,

200 3400 347 3473 μετὰ
375 3400 632 3472 βασιλικὰ
653 3402 877 3472 ῥήματα
896 3398 1340 3470 διαλαμϐάνοντα
1363 3397 1479 3462 πῶς
1498 3400 1613 3462 τοῖς
1642 3398 1788 3467 βασι-

1918 3405 2005 3460 lib.
2036 3401 2358 3473 t,cod.qu'.e
2376 3400 2567 3457 statuit
2591 3416 2659 3455 ne
2680 3401 2804 3470 quis
2827 3402 3022 3472 praesul
3050 3402 3285 3458 duorum
3310 3418 3477 3460 mona
3502 3432 3506 3444 ι

194 3494 358 3549 λεῦσι
393 3496 603 3563 ἐφεῖται
651 3494 1086 3565 ἐκκλησιαστικὰ
1137 3491 1566 3563 μετασκευάζειν
1609 3491 1782 3545 δίκαια

1918 3498 2204 3553 sleriorum
2226 3498 2338 3564 Iiat,
2366 3493 2727 3567 [quanquam]
2756 3495 2961 3550 nullius
2991 3494 3245 3551 eﬂicacia:
3265 3511 3389 3552 esse
3406 3498 3506 3551 de-

195 3588 300 3641 καὶ
352 3587 647 3658 προνόμια.
691 3587 1006 3658 Σημείωσαι
1034 3585 1135 3639 ’Ἦ
1175 3582 1254 3638 λθ¹
1291 3584 1433 3639 διάτ.
1476 3583 1573 3639 τοῦ
1602 3582 1653 3653 γ’
1684 3584 1783 3641 τίτ.

1912 3592 2060 3655 beat,
2109 3591 2256 3661 quod
2295 3590 2349 3644 in
2378 3587 2634 3644 Basilicis
2666 3589 2845 3657 posita
2904 3604 3017 3644 non
3064 3588 3171 3644 sit:
3201 3588 3500 3644 eIIicaciam

194 3676 293 3732 τοῦ
325 3675 374 3731 α’
405 3677 614 3748 βιϐλίου
637 3678 732 3731 τοῦ
759 3677 991 3741 κώδικος
1016 3677 1049 3749 ἡ
1072 3676 1415 3748 διοριζομένη
1449 3676 1524 3747 μὴ
1549 3675 1774 3744 γίνεσθα

1914 3681 2147 3755 [tamen]
2176 3682 2339 3737 habet
2361 3696 2427 3737 ex
2458 3681 2909 3751 interpretatione
2944 3681 3011 3735 14
3030 3681 3260 3737 canonis
3274 3682 3497 3737 concilii

193 3787 325 3823 τινα
354 3770 449 3824 δύο
498 3771 901 3842 μοναστηρίων,
938 3770 1012 3841 μὴ
1043 3770 1336 3840 ὀφείλουσα
1359 3772 1607 3843 ἐνεργεῖν
1629 3769 1717 3823 διὰ
1737 3769 1781 3821 τί

1913 3774 2134 3844 septimi
2158 3773 2568 3839 constituentis,
2617 3789 2686 3827 ne
2719 3773 2844 3844 quis
2894 3774 2948 3828 in
2981 3772 3197 3829 duabus
3241 3773 3497 3831 ecclesiis

198 3866 281 3937 μὴ
313 3864 540 3935 τεθῆναι
583 3865 663 3927 είς
700 3864 769 3917 τὰ
801 3863 1096 3937 βασιλικὰ,
1114 3865 1332 3934 ἐνεργεῖ
1380 3861 1688 3928 ἀκολούθως
1718 3862 1786 3934 τᾷ

1916 3869 2079 3924 unius
2119 3869 2273 3924 urbis
2302 3867 2539 3922 clericus
2583 3866 2697 3921 ﬁat.
2728 3866 2786 3921 Si
2816 3881 3054 3937 namque
3082 3881 3189 3921 non
3219 3866 3499 3937 permitti-

198 3934 279 4012 ιεί
313 3958 503 4011 κανόνι
523 3956 626 4026 τῆς
649 3954 694 4022 ζ’
720 3934 944 4010 συνόδου
976 3957 1054 4029 τῷ
1076 3934 1436 4028 διοριζομένῳ
1457 3956 1530 4027 μὴ
1550 3956 1786 4025 γίνεσθαι

1914 3968 2004 4015 tur
2056 3961 2312 4029 cuiquam
2370 3960 2423 4012 in
2466 3958 2677 4013 duabus
2738 3957 2989 4013 ecclesiis
3037 3957 3301 4013 clericum
3353 3957 3496 4020 ﬁeri,

195 4065 325 4103 τινα
350 4046 614 4120 κληρικόν
648 4049 728 4111 είς
755 4047 848 4101 δύο
869 4046 1167 4117 ἐκκλησίας
1198 4049 1326 4119 μιᾶς
1353 4048 1583 4113 πόλεως.
1601 4049 1667 4104 Ei
1688 4050 1783 4118 γὰρ

1915 4052 2086 4107 multo
2134 4052 2308 4121 magis
2339 4049 2539 4119 praesul
2580 4049 2692 4104 duo
2724 4049 3058 4105 monasteria
3101 4063 3213 4103 non
3241 4048 3497 4104 modéra-

198 4144 304 4197 οὐκ
326 4143 537 4211 ἐφεῖται
558 4141 661 4213 κλη
672 4140 897 4213 ροῦσθαί
919 4158 1041 4194 τινα
1063 4142 1142 4204 εἰς
1158 4140 1251 4194 δύο
1276 4141 1593 4214 ἐκκλησίας,
1616 4140 1786 4209 πολλᾷ

1913 4146 2088 4201 bitur:
2122 4141 2586 4213 quemadmodum
2621 4155 2797 4211 neque
2829 4155 2999 4193 unum
3030 4148 3199 4208 caput
3223 4138 3336 4194 duo
3364 4154 3494 4195 cor-

199 4236 369 4291 πλέον
406 4235 527 4289 οὐδὲ
561 4233 863 4306 ἡγούμενος
876 4233 970 4287 δύο
989 4234 1370 4306 μοναστηρίων
1401 4234 1787 4306 προστήσεται,

1912 4255 2063 4310 pora.
2121 4238 2277 4303 Quod
2313 4245 2496 4290 autem
2527 4233 3030 4289 Pantocratorenus
3074 4230 3276 4302 praisul
3308 4231 3500 4287 multis

199 4330 396 4400 ὥσπερ
414 4327 536 4381 οὐδὲ
558 4326 767 4398 κεφαλὴ
795 4327 895 4397 μία
921 4326 1015 4380 δύο
1036 4328 1329 4397 σωμάτων.
1354 4326 1428 4380 Τὸ
1448 4327 1505 4380 δὲ
1529 4328 1787 4398 προΐστα-

1913 4329 2265 4385 monasteriis
2318 4335 2541 4398 praeest,
2598 4339 2710 4379 non
2742 4324 3064 4379 adversatur
3097 4322 3317 4377 cauoni.
3354 4321 3494 4376 Nam

200 4420 331 4474 σθαι
370 4419 463 4473 τὸν
493 4418 1008 4491 Παντοκρατορηνὸν
1031 4419 1336 4490 ἡγούμενον
1384 4416 1595 4473 πολλῶν
1626 4437 1788 4491 μονα-

1911 4420 2081 4474 multa
2119 4418 2208 4471 illa
2244 4412 2575 4469 monasteria
2627 4423 2688 4467 ut
2732 4428 2901 4466 unum
2955 4419 3305 4482 reputantur,
3340 4412 3490 4481 quod

202 4510 449 4583 πηρέων
500 4510 601 4564 οὐκ
640 4509 978 4564 ἐναντιοῦται
1014 4510 1094 4581 τῷ
1134 4510 1355 4565 κανόνι·
1383 4512 1446 4565 τὸ
1483 4511 1592 4583 γὰρ
1623 4510 1790 4564 πολλὰ

1404 4512 1446 4565 τὸ
1483 4511 1592 4583 γὰρ
1623 4510 1796 4564 πολλὰ
1911 4511 2141 4568 auctarii
2163 4510 2338 4564 instar
2354 4509 2422 4563 ad
2446 4508 2599 4563 illum
2626 4506 2992 4561 devenerunt.

203 4603 551 4674 μοναστήρια
586 4602 662 4666 ὡς
706 4602 765 4656 ἓν
798 4601 1132 4672 λογίζονται,
1158 4604 1248 4658 διὰ
1292 4604 1355 4658 τὸ
1400 4605 1523 4658 κατ’
1560 4605 1801 4659 ἐπίδοσιν
1837 4622 1880 4678 υ

201 4695 519 4767 περιελθεῖν
550 4696 629 4758 είς
659 4695 753 4748 τὸν
781 4695 1224 4767 παντοκράτορα.

275 4789 536 4845 ΚΕΦΑΛ.
584 4785 715 4843 ΚΑ’.
740 4820 811 4831 --
858 4790 997 4860 Περὶ
1030 4790 1153 4844 τῶν
1184 4792 1694 4860 χειροτονούντων
1736 4792 1805 4846 ἐν

1982 4793 2137 4851 CAP.
2164 4791 2304 4848 XXI.
2336 4824 2404 4835 —
2439 4791 2510 4846 Dc
2536 4792 2616 4846 his
2643 4792 2732 4862 qui
2767 4791 3020 4846 ordinant
3069 4790 3125 4845 in
3166 4790 3494 4860 civitatibus,

204 4886 341 4952 ταῖς
391 4884 475 4956 μὴ
528 4883 746 4949 οὔσαις
802 4882 907 4940 ὑπ’
952 4884 1178 4952 αὐτοὺς
1229 4885 1491 4941 πόλεσιν
1535 4885 1573 4954 ἢ
1620 4870 1792 4955 ἐπαρι

1535 4885 1573 4954 ἢ
1620 4870 1805 4955 ἐπαρ-
1912 4892 2006 4937 aut
2035 4883 2339 4954 provinciis,
2379 4899 2499 4952 qua:
2535 4882 2632 4937 sub
2676 4882 2806 4952 ipsis
2836 4899 2938 4937 non
2971 4890 3116 4937 sunt.

205 4980 395 5051 χίαις.

295 5073 641 5129 Ἀποστόλων
690 5073 871 5130 κανὼν
902 5071 1014 5127 λε’·
1061 5072 1282 5125 συνόδου
1324 5070 1662 5144 Ἀντιοχείας
1706 5088 1807 5126 κα-

1985 5076 2373 5148 Apostolorum
2408 5089 2585 5129 canon
2619 5073 2717 5138 35;
2747 5072 2967 5128 concilii
3001 5071 3339 5126 Antiochea!
3393 5087 3494 5129 ca-

206 5166 318 5220 νὼν
350 5166 439 5236 ιγ’,
470 5165 553 5238 κβ¹
574 5186 587 5201 ο
619 5169 840 5223 συνόδου
886 5167 1114 5236 Ἐφέσου
1146 5165 1327 5220 κανὼν
1358 5164 1430 5237 η’.

1914 5187 2022 5227 ηοη
2066 5171 2152 5236 15,
2188 5170 2297 5236 22;
2323 5168 2539 5223 concilii
2570 5167 2831 5238 Epltesini
2872 5181 3048 5222 canon
3086 5167 3139 5222 8.

282 5259 539 5315 ΚΕΦΑΛ.
597 5258 724 5315 KB’.
770 5292 841 5301 —
889 5260 1034 5331 Περὶ
1081 5258 1203 5315 τῶν
1255 5259 1354 5317 διὰ
1418 5259 1803 5330 προστασίας

1984 5263 2136 5319 CAP.
2177 5260 2501 5317 XXII.—De
2529 5263 2607 5315 his
2636 5262 2726 5333 qui
2745 5261 3055 5333 'patrocinio
3086 5264 3504 5334 magistratuum

204 5354 526 5425 ἀρχόντων
552 5355 885 5426 γινομένων
919 5352 1227 5426 ἐγκρατῶν
1256 5352 1625 5421 ἐκκλησιῶν.

882 5374 885 5385 ι
919 5352 1227 5426 ἐγκρατῶν
1256 5352 1625 5421 ἐκκλησιῶν.
1914 5354 2162 5410 ecclesias
2190 5361 2470 5422 occupant.

296 5448 640 5503 ’Δποστόλων
726 5447 907 5504 κανὼν
958 5447 1003 5503 λ’
1033 5463 1046 5476 ·
1106 5448 1327 5504 συνόδου
1374 5447 1615 5513 Νικαίας
1661 5447 1723 5503 τὸ
1762 5447 1807 5520 β’

1986 5447 2371 5518 Apostolorum
2417 5458 2592 5499 canon
2631 5442 2728 5511 30;
2761 5441 2984 5497 concilii
3019 5441 3227 5500 Νίσαξηὶ
3274 5444 3505 5501 secundi

212 5541 399 5597 κανὼν
420 5540 490 5613 γ’.

1916 5557 2092 5599 canon
2130 5541 2186 5595 '5.
3494 5592 3500 5601 ,

299 5635 602 5705 Ἀνάγνωθι
632 5636 692 5691 τὸ
724 5644 770 5692 α’
818 5655 945 5709 κεφ.
990 5636 1084 5692 τοῦ
1138 5636 1190 5709 η’
1239 5637 1348 5693 τίτ.
1383 5636 1476 5692 τοῦ
1512 5653 1625 5709 παρ
1656 5637 1809 5703 όντος

1990 5637 2288 5693 δείιοίίοιηι-
2328 5634 2470 5705 Lege
2498 5647 2626 5703 cap.
2664 5632 2718 5699 1,
2758 5631 2846 5687 ιιι.
2877 5632 2930 5696 8,
2978 5630 3264 5703 prtesentis
3294 5630 3511 5705 operis.

219 5730 626 5801 συντάγματος,
656 5732 751 5787 καὶ
788 5732 859 5787 τὰ
890 5733 948 5786 ἐν
979 5733 1129 5803 αὐτῷ
1165 5733 1713 5804 παραγεγραμμένα.

1165 5733 1713 5804 παραγεγραμμένα.
1916 5740 1970 5788 et
2000 5746 2122 5802 qua:
2153 5730 2206 5783 in
2239 5728 2333 5781 illo
2361 5734 2726 5782 annotantur.

289 5824 546 5879 ΚΕΦΛΛ.
585 5826 711 5880 KI".
738 5858 808 5867 —
840 5827 980 5897 Περὶ
1014 5826 1133 5882 τῶν
1162 5827 1261 5884 διὰ
1288 5827 1481 5899 γάμον
1507 5826 1547 5899 ἢ
1572 5830 1809 5885 παλλα-

1985 5823 2139 5879 CAP.
2183 5820 2374 5877 XXIII.
2405 5851 2475 5863 -—
2508 5818 2586 5874 De
2606 5818 2689 5874 his
2735 5818 2827 5890 qui
2854 5826 3069 5889 propter
3107 5814 3510 5873 matrimonium

216 5915 445 5988 κισμὸν
468 5917 553 5991 μὴ
576 5919 1125 5991 χειροτονουμένων
1152 5918 1523 5977 ἐπισκόπων.

1922 5924 2011 5974 aut
2043 5915 2453 5974 concubinatum
2477 5930 2579 5969 non
2602 5912 2921 5969 ordinantur
2933 5911 3164 5984 episcopi
3191 5920 3283 5969 aut
3306 5911 3504 5970 clerici.

549 6019 818 6081 Parnoc.
852 6019 968 6081 (in.
1004 6015 1163 6079 CIV.
2976 6005 3055 6066 32
