3904 6298
207 355 317 420 1005

1108 328 1596 400 NOMOCANON.
1632 353 1702 368 -
1738 328 1887 393 TIT.
1924 328 1975 407 Ῑ,
2018 329 2177 393 CAP.
2216 329 2428 397 XXIV.

3295 332 3432 398 1006

202 468 392 536 ἔχονται,
435 455 545 522 πῶς
572 455 725 511 οὐδέν
781 473 833 510 τι
872 454 939 509 ἐκ
979 450 1187 506 τούτων
1241 449 1484 520 σήμερον
1525 447 1739 536 ὲνεργεί

1858 445 1946 499 »ἱιιι
1979 446 2061 500 lex
2086 488 2101 511 ,
2157 463 2280 517 quae
2331 447 2524 502 statuit
2557 455 2615 503 ut
2639 446 2854 518 judices
2908 447 3204 519 propositis
3242 462 3434 504 sacro-

200 534 285 609 ἀπὸ
321 548 403 605 τοῦ
431 546 469 601 δ’
498 546 717 610 κανόνος
765 544 868 615 τῆς
925 544 984 596 ἐν
1027 538 1235 611 Νικαίᾳ
1270 537 1512 602 συνόδου,
1547 536 1643 589 τοῦ
1674 534 1742 589 ιθ’

1848 540 2055 593 sanctis
2097 539 2408 611 Evangeliis
2439 542 2704 613 judicent,
2738 542 2941 597 nullam
2965 542 3077 597 vim
3108 551 3162 597 et
3195 542 3435 597 auctori-

200 646 279 714 τῆς
324 644 375 696 ἑν
428 637 741 708 Ἀντιοχείᾳ,
782 635 880 690 καὶ
929 633 1026 687 τοῦ
1076 630 1144 703 ιη’
1197 631 1298 701 τῆς
1330 631 1389 683 ὲν
1446 628 1739 701 Λαοδικείᾳ

1862 643 2004 686 atem
2036 633 2215 688 habet.
2247 634 2405 701 Quod
2456 651 2587 691 vero
2636 638 2703 692 de
2734 638 2912 691 tribus
2935 636 3185 706 personis
3220 636 3289 690 ab
3319 635 3434 705 epi-

196 733 531 806 διοριζομένων
578 730 679 793 τὰς
727 728 944 799 ψήφους
972 726 1082 779 τῶν
1130 722 1456 795 ἀρχιερέων,
1495 719 1592 775 καὶ
1639 720 1739 783 τὰς

1840 724 2023 792 scopis
2055 722 2267 799 [etiam]
2301 727 2464 783 hodie
2493 728 2712 785 decreta
2741 729 2880 784 ﬁunt
2911 746 2925 783 :
2959 729 3026 783 ad
3066 729 3143 795 id,
3171 729 3224 783 ni
3248 726 3431 791 fallor,

196 824 484 899 χειροτονίας
513 823 665 894 παρὰ
699 820 1020 874 ἐπισκόπων
1055 816 1150 873 ἐπὶ
1174 815 1252 887 τῷ
1275 816 1505 887 κρίματι
1530 814 1737 867 τούτων

1858 830 2080 871 πηιεοιιδ
2113 819 2328 873 novella
2366 818 2562 892 [ipsos]
2594 822 2784 892 adigit.

206 914 429 984 γίνεσθαι,
462 914 783 984 ηπράκτησε
813 911 894 977 τὸ,
928 909 1306 981 προκειμένων
1334 908 1444 960 τῶν
1475 906 1647 976 ἁγίων
1671 907 2016 976 Εὐαγγελίων
2042 910 2288 978 γίνεσθαι
2308 911 2406 977 τὰς
2426 913 2643 985 ψήφους
2671 914 2780 969 τῶν
2804 915 3122 968 ἐπισκόπων
3146 915 3300 986 παρὰ
3327 913 3437 968 τῶν

193 1007 443 1080 κληρικῶν,
463 1006 557 1059 καὶ
580 1006 688 1059 τῶν
708 1004 959 1059 πολιτῶν.
976 1005 1073 1057 Διὰ
1092 1004 1198 1074 γὰρ
1216 1002 1396 1070 τοῦτο,
1417 1001 1494 1065 ὡς
1516 1001 1711 1064 ἔοικεν,
1735 1000 1837 1054 οὐκ
1866 1004 2081 1074 ἐνεργεῖ
2100 1004 2197 1057 καὶ
2220 1006 2317 1060 ὁὲν
2344 1007 2421 1077 τῷ
2447 1005 2491 1071 ζ’
2512 1008 2704 1081 βιϐλίῳ
2726 1008 2977 1079 κείμενος
3000 1009 3185 1079 νόμος,
3211 1010 3306 1063 καὶ
3326 1009 3438 1062 διο-

192 1100 427 1170 meum
446 1096 686 1161 δικάζειν
705 1098 831 1161 τοὺς
852 1097 1114 1159 δικαστὰς
1135 1096 1513 1167 προκειμένων
1529 1095 1638 1148 τῶν
1662 1094 1831 1163 ἁγίων
1853 1094 2006 1165 Εὑαγ
2017 1097 2226 1164 γελίων.
2254 1098 2329 1152 Τὸ
2345 1101 2496 1154 esset
2535 1103 2682 1171 τρισὶ
2713 1101 3031 1174 προσώποις
3060 1120 3085 1170 γ
3100 1102 3117 1155 ί
3132 1102 3310 1158 μεσθαι
3335 1103 3438 1169 τὰς

188 1196 361 1265 ςιήφους
386 1190 525 1261 παρὰ
546 1190 654 1243 τῶν
672 1191 987 1245 ἐπισκόπων
1020 1190 1119 1262 τὴν
1140 1191 1401 1261 σήμερον,
1433 1188 1509 1253 ὡς
1536 1187 1765 1258 νομίζω,
1791 1186 1901 1240 ἀπὸ
1930 1188 2032 1257 τῆς
2063 1190 2550 1265 παρούσηςνεαρᾶς
2579 1194 2995 1265 ἠναγκασμένον
3029 1196 3168 1250 ἐστί.

240 1286 461 1340 ΚΕΦΑΛ.
498 1284 624 1338 ΚΔ’.
659 1313 727 1325 ——
756 1288 896 1354 Περὶ
936 1284 1057 1340 τῶν
1095 1286 1193 1339 ἐπὶ
1240 1283 1506 1355 χρήμασι
1531 1298 1724 1353 χειρο-

188 1377 518 1447 τονουμένων
544 1378 818 1447 ὀφφίκια.

238 1471 441 1524 Συνόδου
479 1470 828 1541 Χαλκηδόνος
867 1471 1048 1526 κανὼν
1083 1470 1127 1541 β’
1147 1490 1161 1504 ·
1187 1472 1503 1525 ἀποστόλων
1540 1468 1724 1523 κανὼν

184 1564 275 1617 κθ·
308 1562 514 1616 συνόδου
560 1568 638 1628 ς’,
688 1563 869 1617 κανὼν
891 1563 999 1635 κβ’,
1028 1571 1135 1634 κγ’.
1164 1565 1437 1636 Ταρασίου
1471 1566 1725 1634 ἀρχιεπι-

182 1656 348 1710 σκόπου
371 1655 502 1725 πρὸς
533 1655 817 1727 Ἀδριανὸν
843 1657 1032 1711 πάπαν
1057 1657 1279 1727 Ῥώμης
1300 1656 1579 1726 ἐπιστολὴ,
1611 1673 1706 1708 συν
1722 1686 1736 1694 -

1903 1280 2058 1337 CAP.
2092 1282 2283 1339 XXIV.
2313 1317 2383 1327 —
2409 1285 2489 1341 De
2508 1288 2589 1341 his
2626 1288 2714 1357 qui
2738 1289 2881 1341 datis
2905 1288 3145 1357 pecuniis
3179 1289 3439 1345 ordinan-

1833 1382 1939 1440 tur,
1973 1386 2066 1431 aut
2095 1379 2384 1447 suscipiunt
2420 1382 2609 1451 oﬂicia.

1903 1469 2133 1526 Concilii
2184 1471 2655 1530 Chalcedonensis
2695 1490 2870 1531 canon
2924 1475 2995 1542 2;
3055 1475 3437 1547 apostolorum

1832 1579 2015 1620 canon
2052 1564 2163 1629 29;
2197 1566 2416 1621 concilii
2442 1567 2585 1621 sexti
2614 1582 2791 1623 canon
2822 1569 2915 1635 22,
2951 1570 3022 1623 23
3050 1586 3064 1635 ;
3100 1567 3317 1624 Tarasii
3347 1584 3440 1623 ar-

1840 1658 2179 1728 chiepiscopi
2243 1660 2309 1714 ad
2370 1659 2672 1715 Adrianum
2717 1676 2913 1731 papam
2947 1662 3110 1716 Rom.
3154 1662 3431 1731 epistola;

183 1750 276 1802 ὁδου
294 1748 515 1812 Νικαίας
537 1750 599 1803 τὸ
624 1749 690 1818 β’,
721 1750 903 1804 κανὼν
928 1751 992 1818 δ’,
1019 1758 1082 1816 ε’,
1114 1751 1199 1814 ιϐ’,
1225 1750 1509 1803 Βασιλεῐου
1538 1752 1602 1802 ὲκ
1632 1753 1728 1820 τῆς

1858 1753 2055 1806 :oncilii
2086 1749 2296 1806 Nicaani
2332 1753 2559 1807 secundi
2593 1768 2770 1809 canon
2802 1753 2859 1817 4,
2898 1754 2951 1821 5,
2991 1755 3096 1819 19;
3146 1754 3332 1810 Basilii
3362 1770 3429 1809 ex

179 1839 287 1909 πρὸς
304 1840 421 1904 τοὺς
466 1840 804 1904 ἐπισκόπους
853 1842 1167 1912 ἐπιστολῆς·
1196 1841 1481 1894 Γενναδίου
1506 1842 1599 1893 καὶ
1629 1840 1725 1906 τῆς

181 1939 258 1989 σὺν
281 1936 414 2007 αὐτῷ
443 1937 664 1991 συνόδου
696 1940 761 1992 ἐκ
785 1937 884 2009 τῆς
916 1939 1207 2005 ἐγκυκλίου
1244 1938 1384 2009 πρὸς
1412 1937 1539 2001 τοὺς
1567 1938 1728 1990 ὁσιω-

180 2029 340 2091 τάτους
374 2030 780 2101 μητροπολίτας
810 2031 1125 2101 ἐπιπολῆς.

232 2119 517 2188 Κείμενον.
551 2118 769 2173 Βιϐλίον
794 2118 865 2186 α’,
896 2122 1003 2176 τίτ.
1029 2119 1100 2191 γ’,
1123 2119 1365 2187 διάταξις
1394 2119 1461 2185 λ’,
1494 2117 1606 2190 μα’,
1637 2121 1733 2173 καὶ

179 2211 262 2264 τίτ.
281 2208 344 2275 α’,
373 2211 477 2264 τῶν
514 2212 749 2283 Νεαρῶν
781 2212 1024 2280 διάταξις
1048 2210 1117 2279 α’,
1151 2211 1217 2284 β’,
1247 2212 1335 2279 ια’,
1369 2215 1427 2266 ὲν
1457 2208 1546 2276 αἷς
1580 2214 1732 2284 εἴρη-

172 2322 258 2367 ται,
289 2322 339 2369 κ,
367 2322 416 2360 τ.
447 2304 523 2371 λ.,
542 2323 722 2377 usque
747 2307 812 2362 ad
840 2311 957 2371 ταῖς
992 2307 1342 2379 Ἐκκλησίαις
1376 2309 1729 2378 προσφέρειν.

226 2398 484 2466 Σχόλιον.
530 2399 597 2451 Ἦ
631 2397 675 2451 λ’
716 2400 811 2453 καὶ
841 2398 953 2471 μα’.
1016 2401 1160 2458 διάτ.
1192 2400 1287 2454 τοῦ
1316 2408 1365 2469 γ’
1406 2401 1512 2455 τίτ.
1572 2399 1665 2452 τοῦ
1690 2404 1736 2452 α’

174 2489 344 2559 βιϐλίου
376 2488 471 2542 τοῦ
502 2489 738 2554 κώδικος
765 2491 868 2544 οὐκ
904 2489 1171 2563 ἐτέθησαν
1214 2493 1295 2554 είς
1341 2492 1410 2545 τὰ
1448 2490 1735 2556 Βασιλικὰ,

174 2581 249 2634 καὶ
285 2581 366 2635 διὰ
396 2580 561 2635 τοῦτο
611 2583 1000 2655 ὴπράκτησαν.
1041 2583 1108 2637 Ἠ
1146 2584 1331 2655 μέντοι
1355 2581 1424 2647 α’,
1460 2581 1505 2654 β’
1536 2584 1629 2637 καὶ
1672 2591 1741 2636 ια’

169 2674 284 2728 δυάτ.
311 2674 401 2727 τοῦ
452 2671 514 2726 α’.
547 2674 657 2728 τίτ.
682 2674 792 2727 τῶν
843 2674 1070 2746 Νεαρῶν
1097 2678 1234 2729 εἰσιν
1258 2675 1469 2747 Νεαραὶ
1514 2674 1735 2728 Ἰουστι-

1840 1843 2002 1911 epist.
2036 1842 2102 1896 ad
2139 1858 2272 1897 suos
2305 1843 2630 1913 episcopos;
2663 1841 2933 1898 Gennadii
2965 1852 3019 1898 et
3048 1842 3274 1916 [coacti]
3308 1860 3435 1900 cum

1839 1934 1960 2003 ipso
1989 1934 2229 2001 concilii,
2252 1951 2317 1989 ex
2339 1935 2617 2005 encyclica
2650 1935 2717 1990 ad
2749 1936 3134 1992 sanctissimos
3158 1949 3438 2008 metrOpo-

1839 2026 2038 2083 litauos
2068 2028 2317 2098 epistola.

1919 2116 2139 2174 Textus.
2175 2118 2317 2191 Lege
2347 2120 2441 2176 lib.
2477 2122 2528 2188 1,
2564 2122 2652 2176 tit.
2672 2121 2729 2186 5,
2752 2131 2933 2177 const.
2965 2121 3055 2189 50,
3090 2123 3155 2177 41
3187 2131 3242 2178 et
3270 2124 3355 2178 tit.
3385 2123 3437 2176 1.

1843 2210 2214 2279 Novellarum,
2239 2223 2369 2279 etc.,
2400 2231 2567 2286 usque
2589 2215 2659 2269 ad
2684 2213 2944 2271 Ecclesiis
2963 2213 3277 2288 [quidlibet]
3310 2213 3444 2272 οπο-

1847 2314 1988 2369 rant,
2020 2317 2075 2359 ut
2107 2324 2228 2377 pag.
2261 2306 2388 2363 559.

1926 2396 2221 2454 Scltolium.
2263 2400 2456 2458 Const.
2496 2403 2566 2458 50
2588 2413 2643 2457 et
2671 2403 2763 2470 4|,
2802 2404 2887 2458 tit.
2920 2404 2974 2469 5,
3002 2404 3095 2459 lib.
3131 2418 3146 2458 1
3187 2403 3309 2459 cod.
3340 2417 3442 2475 p0-

1853 2489 1974 2546 sitae
1997 2508 2103 2546 non
2129 2502 2258 2549 sunt
2285 2494 2338 2548 in
2375 2494 2543 2551 Basil.
2580 2505 2747 2567 atque
2774 2497 3086 2552 ideoirrita:
3113 2494 3271 2551 factae
3288 2504 3439 2551 sunt.

1850 2585 2041 2640 Const.
2070 2596 2250 2641 autem
2282 2590 2334 2652 1,
2372 2588 2428 2654 2,
2462 2588 2551 2653 11,
2592 2590 2674 2645 ιίι.
2718 2590 2743 2645 1
2773 2590 3146 2655 Novellarum,
3174 2598 3303 2647 sunt
3326 2586 3442 2643 Νο-

1850 2678 2001 2733 vella:
2019 2678 2317 2735 Justiuiani
2341 2682 2395 2748 6,
2419 2681 2526 2737 125
2556 2693 2611 2737 et
2640 2682 2917 2753 56.Atque
2957 2682 2990 2737 6
3013 2683 3235 2753 quidem
3260 2692 3439 2736 const.

173 2767 364 2819 νιάνειοι
396 2763 472 2831 ς’,
506 2764 631 2837 ρκγ⁹
685 2768 782 2821 καὶ
810 2765 932 2830 ag"
969 2768 1067 2821 καὶ
1098 2769 1197 2838 τῆς
1246 2769 1344 2838 μὲν
1383 2766 1436 2830 ς’
1471 2766 1531 2821 τὸ
1566 2768 1739 2839 παρὸν

1858 2789 2097 2844 praesens
2120 2783 2286 2844 caput
2317 2790 2424 2830 non
2446 2785 2530 2832 est
2547 2777 2785 2847 positum
2823 2777 2876 2831 in
2905 2776 3070 2831 Basil.
3107 2791 3289 2846 neque
3311 2776 3441 2831 item

171 2876 272 2927 κεφ.
305 2859 401 2913 οὐκ
432 2858 598 2929 ἐτέθη
639 2860 719 2922 είς
766 2860 833 2913 τὰ
880 2861 1167 2927 Βασιλικὰ,
1217 2861 1476 2924 ὡσαύτως
1529 2860 1650 2914 οὐδὲ
1704 2863 1738 2931 η

172 2950 242 3015 νς¹
262 2953 421 3025 νεαρὰ
455 2952 794 3008 διδάσκουσα
829 2956 958 3026 περὶ
1004 2956 1114 3009 τῶν
1148 2959 1205 3009 ἐν
1238 2955 1318 3027 τῷ
1354 2955 1635 3027 Βυζαντίῳ
1662 2955 1741 3009 δι-

169 3046 383 3115 δομένων
403 3047 825 3118 ὲμφανιστικῶν
862 3049 1007 3120 παρὰ
1028 3049 1139 3102 τῶν
1164 3052 1222 3103 ὲν
1245 3048 1419 3121 τούτῳ
1442 3050 1742 3122 γινομένων

1853 2868 2068 2923 novella
2100 2868 2189 2934 56,
2223 2884 2347 2939 qua:
2372 2869 2439 2924 de
2465 2870 2817 2926 insinuativis
2841 2886 2965 2940 quae
2996 2869 3241 2941 Byzantii
3270 2885 3301 2924 a
3333 2870 3443 2924 cleo

1855 2962 1987 3017 ricis
2027 2962 2138 3015 illic
2196 2962 2522 3018 ordinamlis
2568 2964 2795 3027 dantur,
2835 2964 3016 3018 docet.
3053 2960 3278 3017 Novella
3311 2977 3445 3017 vero

1854 3056 1981 3122 l25,
2012 3065 2072 3110 ut
2104 3071 2249 3125 saepe
2279 3056 2489 3111 dictum
2517 3066 2633 3122 est,
2666 3057 2842 3127 posita
2867 3056 3028 3111 estin
3068 3071 3126 3109 ιιι
3155 3054 3250 3109 lib.
3274 3053 3442 3110 Basil.

171 3137 440 3211 κληρικῶν.
481 3139 549 3193 Ἡ
574 3139 650 3192 οδὲ
681 3138 799 3211 ρκγ¹
836 3144 1008 3215 νεαρὰ
1036 3142 1220 3214 ὲτέθη,
1255 3143 1333 3207 ώς
1366 3143 1630 3206 πολλάκις
1660 3142 1738 3196 εί-

1858 3150 1941 3203 tit.
1977 3150 2028 3215 1,
2060 3165 2181 3219 cap.
2214 3152 2267 3215 9,
2292 3159 2346 3205 et
2375 3151 2654 3220 deinceps.
2692 3149 2849 3217 Quod
2903 3147 3203 3222 [quidem]
3250 3149 3283 3204 9
3321 3164 3443 3219 cap.

170 3249 308 3302 ρηται
343 3236 401 3288 ἐν
440 3235 638 3308 βιϐλίῳ
666 3235 714 3306 γ’
761 3236 869 3290 τῶν
902 3236 1209 3290 Βασιλικῶν
1256 3239 1361 3291 τίτ.
1395 3233 1466 3301 α’,
1499 3254 1626 3307 κεφ,
1671 3238 1737 3302 0',

169 3328 343 3397 καὶὲφ⁹
384 3329 538 3401 ἑξῆς,
578 3322 716 3402 ὅπερ
768 3329 813 3385 θ’
844 3349 970 3400 κεφ.
1002 3329 1362 3402 κατεστρώθη
1393 3331 1595 3397 ἔξωθεν
1639 3333 1733 3387 τοῦ

164 3417 197 3470 ε’
222 3437 338 3489 κεφ.
377 3422 472 3476 τοῦ
508 3425 785 3496 παρόντος
813 3424 945 3487 τίτ..
980 3424 1009 3477 ὃ
1052 3423 1146 3478 καὶ
1175 3425 1448 3495 ἀνάγνωθι
1484 3425 1738 3479 διδάσκον

166 3515 275 3584 περὶ
298 3515 403 3569 τῶν
431 3518 528 3571 ἐπὶ
564 3519 809 3590 χρήμασι
838 3520 1353 3591 χειροτονουμένων.
1383 3519 1517 3592 Περὶ
1545 3519 1601 3572 δὲ
1628 3521 1737 3572 τῶν

164 3606 431 3677 διδομένων
454 3611 689 3683 διαρίων
712 3611 867 3683 ζήτει
900 3613 995 3666 τοῦ
1026 3612 1193 3666 αὑτοῦ
1249 3611 1457 3683 βιϐλίου
1487 3611 1583 3667 καὶ
1628 3612 1734 3667 τίτ.

167 3714 273 3765 κεφ.
302 3699 371 3752 λε’
416 3704 515 3756 καὶ
571 3702 681 3768 λς’,
713 3703 889 3769 οὕτως
940 3706 1081 3778 ἔχονο
1129 3707 1268 3760 Ἀλλ’
1321 3706 1444 3760 οὐδὲ
1477 3707 1737 3778 κληρικὸν

161 3790 455 3863 οἱουδὴποτε
488 3795 705 3866 βαθμοῦ
739 3797 940 3851 διδόναι
974 3815 1030 3851 τι
1068 3800 1265 3870 ἐκείνῳ
1294 3799 1385 3870 ὑφ’
1410 3791 1470 3852 οὗ
1496 3816 1737 3871 χειροτο-

164 3887 313 3939 νεῖται
341 3887 375 3958 ἢ
414 3889 569 3958 ἄλλῳ
594 3890 870 3961 οἱῳδήτινι
912 3893 1190 3963 προσώπῳ
1220 3894 1281 3947 οὐ
1318 3895 1735 3966 συγχωροῦμεν,

164 3978 310 4046 μόνας
332 3980 390 4035 δὲ
420 3983 886 4053 παρέχεινκαὺτὸν
908 3985 1008 4049 τὰς
1042 3986 1329 4057 συνηθείας
1371 3990 1487 4052 τοῖς
1515 3987 1594 4060 τῷ
1622 4005 1738 4058 χει-

163 4071 452 4137 ροτονοῦντι
511 4075 986 4145 ὑπηρετουμένοις
1012 4116 1028 4140 ,
1087 4079 1183 4131 καὶ
1212 4078 1272 4144 ἐξ
1315 4078 1470 4143 ἔθους
1518 4080 1731 4151 κομιζοο

163 4163 327 4231 μένοις
355 4167 478 4230 ἐνὸς
512 4168 769 4222 ἐνιαυτοῦ
811 4169 996 4240 διάρια
1030 4170 1105 4241 μὴ
1138 4170 1595 4243 ὑπερϐαινούσας.
1651 4173 1739 4225 Ἐν

160 4253 206 4305 δὲ
225 4259 287 4326 τῇ
317 4257 607 4331 ἁγιωτάτῃ
637 4259 941 4331 Ἐκκλησία
1043 4263 1438 4316 κατατάττεται
1467 4263 1565 4334 τὴν
1590 4262 1741 4317 θείαν

161 4348 385 4419 πληροῦν
416 4350 791 4423 λειτουργίαν,
816 4354 910 4406 καὶ
939 4353 1105 4425 μηδὲν
1136 4354 1418 4419 παντελῶς
1446 4357 1557 4418 τοῖς
1593 4355 1742 4418 ἰδίοις

163 4444 539 4515 συγκληρικοῖς
568 4444 771 4498 διδόναι
798 4446 940 4516 ὑπὲρ
970 4447 1069 4515 τῆς
1096 4446 1231 4511 ίδίας
1254 4447 1579 4517 ἐμφανείας,
1606 4448 1740 4519 μηδὲ

158 4541 235 4592 διὰ
254 4542 463 4613 ταύτην
493 4542 595 4613 τὴν
622 4543 801 4596 αἰτίαν
830 4543 940 4596 τῶν
980 4544 1127 4598 ίδίων
1152 4546 1543 4616 παραμυθιών,
1573 4546 1606 4617 ἢ
1634 4546 1745 4599 τῶν

159 4630 322 4685 ἄλλων
370 4634 678 4703 μεριτικών
729 4633 893 4688 αὑτὸν
940 4637 1387 4707 ἀποστερεῖσθαι,
1423 4638 1558 4691 ἀλλὰ
1614 4639 1747 4710 μηδὲ

162 4722 433 4796 ξενοδὸχον
464 4727 499 4797 ἢ
536 4728 949 4799 πτωχοτρόφον,
986 4730 1019 4799 ἣ
1045 4730 1364 4799 νοσοκόμον,
1390 4732 1422 4801 ἣ
1452 4731 1613 4785 ἄλλου
1653 4733 1745 4784 εῦ-

158 4817 310 4885 αγοῦς
334 4820 658 4891 οἱουδήποτε
704 4823 855 4875 οἴκου
896 4820 1197 4893 διοικητὴν,
1234 4824 1266 4893 ἢ
1298 4824 1613 4887 οἱονδήποτε
1659 4826 1747 4876 ὲκ-

158 4914 544 4983 κλησιαστικὺν
570 4915 882 4985 φρόντισμα
915 4917 1221 4986 χειρίζοντα
1247 4916 1444 4970 διδόναι
1473 4935 1523 4970 τι
1556 4918 1748 4986 ἐκείνῳ

159 5004 239 5073 ὑφ’
289 5000 352 5058 οὗ
412 5006 809 5076 προϐάλλεται,
854 5008 889 5080 ἢ
930 5010 1076 5080 ἄλλῳ
1124 5010 1429 5081 οἱῳδήποτε
1470 5009 1748 5082 προσώπῳ

156 5098 286 5170 ὑπὲρ
312 5100 416 5170 τῆς
449 5102 914 5171 ὲμπιστευθείσης
934 5103 1082 5173 αῦτῴ
1098 5102 1440 5175 διοικήσεως,
1464 5108 1491 5157 ὁ
1513 5104 1570 5157 δὲ
1598 5106 1747 5177 παρὰ

156 5190 318 5245 ταῦτα
377 5194 529 5264 ἅπερ
584 5192 1063 5265 διετυπώσαμενῆ
1106 5193 1342 5268 διδοὺςῆ
1394 5195 1748 5268 λαμϐάνωνῆ

159 5285 382 5357 μεσίτης
414 5286 713 5356 γενόμενος
754 5286 853 5357 τῆς
891 5288 1195 5359 ἱερωσύνης
1249 5289 1367 5359 ἤτοι
1417 5290 1511 5342 τοῦ
1542 5290 1747 5362 κλήρου

157 5378 185 5446 ἦ
237 5378 339 5447 τῆς
397 5378 871 5449 ὲμπιστευθείσης
933 5378 1086 5449 αὑτῴ
1164 5381 1489 5453 οίασδήποτε
1539 5382 1743 5452 διοική-

158 5489 308 5537 σεως,
351 5476 786 5545 γυμνωθήσεται
819 5475 931 5529 τῶν
974 5477 1294 5547 διδομένων,
1345 5479 1748 5551 ὲκδικουμένων

156 5568 225 5634 τῲ
259 5568 457 5637 εὐανγεί
487 5570 640 5638 τόπῳ
667 5561 875 5632 οὗτινος
919 5570 981 5623 τὸ
1020 5570 1262 5625 τοιοῦτον
1314 5572 1608 5642 πρόσωπον
1650 5572 1749 5644 τὴν

155 5663 494 5731 χειροτονίαν
524 5664 557 5736 ἢ
588 5666 899 5735 φρόντισμα
950 5664 983 5738 ἢ
1036 5665 1302 5736 διοίκησιν
1340 5666 1551 5723 ἐλαϐεν.
1599 5669 1659 5722 Εἰ
1692 5671 1748 5726 δὲ

158 5754 423 5823 κοσμικὸς
453 5755 539 5827 εἴη
574 5756 604 5808 ὁ
636 5755 954 5826 λαμῦάνων,
983 5755 1017 5827 ἢ
1053 5757 1283 5828 μεσίτης
1332 5759 1642 5830 γινόμενος,
1690 5762 1750 5816 τὸ

153 5842 300 5899 δοθὲν
340 5846 573 5901 διπλοῦν
620 5847 1087 5921 ἁπαιτηθησεται,
1137 5854 1232 5906 καὶ
1279 5850 1357 5922 τῷ
1388 5854 1581 5924 εὐαγεῖ
1606 5856 1752 5926 τόπῳ

1858 3244 2249 3314 ρι-ωδεηιίειὶι.
2278 3258 2400 3313 cap.
2424 3244 2458 3299 5
2484 3244 2831 3299 extrinsecus
2862 3241 2940 3315 [in
2969 3238 3194 3297 Scholio
3224 3240 3444 3314 nempe]

1858 3335 2123 3389 insertum
2155 3342 2239 3387 est
2276 3352 2290 3389 :
2339 3334 2483 3404 quod
2522 3335 2694 3406 legas,
2730 3330 2964 3405 [utpote]
2994 3334 3137 3402 quod
3162 3333 3231 3387 de
3263 3333 3331 3387 iis
3349 3334 3447 3404 qui

1855 3410 2280 3498 datispecuniis
2304 3426 2655 3491 ordinantur,
2684 3427 2901 3481 doceat.
2936 3427 3109 3482 Porro
3147 3426 3215 3480 de
3250 3423 3447 3481 diariis

1855 3537 1977 3591 qua:
2005 3522 2243 3587 dantur,
2294 3537 2479 3591 quaere
2506 3521 2751 3591 ejusdem
2798 3520 2893 3574 lib.
2930 3529 2986 3575 et
3016 3521 3099 3574 tit.
3131 3534 3255 3589 cap.
3287 3517 3360 3573 55
3391 3527 3449 3574 et

1855 3610 1959 3676 56,
2011 3627 2134 3682 quae
2191 3612 2272 3667 sic
2326 3612 2577 3667 habent:
2611 3610 2886 3667 Caeterum
2948 3625 3129 3678 neque
3180 3608 3447 3665 clericum

1857 3705 2241 3775 cujuscunque
2272 3705 2478 3775 gradus
2517 3705 2651 3759 dare
2698 3704 2982 3774 quippiam
3018 3702 3097 3756 illi
3148 3716 3180 3756 a
3212 3716 3323 3771 quo
3355 3716 3451 3756 or-

1854 3799 2077 3854 dinatur
2106 3841 2121 3865 ,
2167 3799 2252 3853 vel
2298 3798 2609 3867 cuicunque
2651 3798 2740 3851 alii
2773 3812 3021 3867 personae
3052 3795 3448 3866 permittimus.

1855 3892 2262 3953 Tantummodo
2290 3892 2412 3963 ejus
2438 3893 2531 3963 qui
2590 3892 2829 3954 ordinat,
2856 3889 3144 3945 ministris.
3172 3897 3227 3945 et
3250 3888 3347 3959 qui
3379 3902 3447 3943 ex

1859 4004 2011 4043 more
2038 3986 2289 4057 accipere
2329 3982 2577 4058 [solent],
2624 3984 3056 4040 consuetudines
3088 3981 3258 4046 dabit,
3323 3994 3448 4051 qua

1856 4091 2037 4135 tamen
2070 4080 2235 4135 unius
2278 4078 2409 4133 anui
2438 4079 2611 4132 diaria
2661 4092 2770 4131 non
2820 4086 3173 4147 exsuperent.
3219 4075 3275 4129 In
3316 4089 3451 4130 sau—

1857 4175 2107 4228 ctissitna
2137 4170 2381 4226 Ecclesia
2407 4171 2461 4225 in
2493 4185 2660 4240 quam
2685 4169 2959 4238 allegitur,
2988 4182 3208 4223 sacrum
3242 4180 3465 4220 munus

1857 4264 2093 4333 explebit
2122 4306 2137 4329 ,
2187 4274 2241 4317 et
2272 4263 2407 4317 nihil
2441 4263 2669 4316 omnino
2701 4262 2924 4331 collegis
2955 4261 3070 4316 suis
3097 4276 3198 4330 pro
3229 4274 3330 4315 sua
3364 4258 3451 4313 in-

1858 4357 2178 4413 sinuatione
2204 4356 2379 4415 dabit.
2408 4370 2587 4425 neque
2617 4370 2715 4424 per
2744 4355 2888 4409 hanc
2920 4367 3172 4417 causam,
3197 4362 3293 4408 aut
3323 4351 3452 4408 soli-

1859 4450 1926 4504 da
1960 4466 2058 4504 sua
2095 4452 2367 4513 mercede,
2404 4456 2499 4501 aut
2529 4446 2651 4500 aliis
2697 4462 2820 4516 qua:
2849 4446 3224 4516 particulatim
3282 4444 3453 4500 obve-

1855 4544 2051 4607 niunt,
2107 4541 2488 4596 frustrabitur.
2556 4541 2662 4594 Sed
2721 4555 2898 4610 neque
2938 4540 3301 4606 xenodocho,
3357 4547 3455 4594 aut

1854 4634 2277 4705 ptochotmplto,
2310 4641 2404 4686 aut
2430 4646 2753 4699 uosocomo,
2776 4641 2872 4686 aut
2897 4632 3039 4687 alius
3067 4632 3453 4702 cujuscunque

1856 4741 2027 4780 sacra:
2076 4726 2273 4780 donms
2313 4724 2714 4794 dispensatori,
2774 4735 2867 4779 aut
2906 4724 3219 4798 [denique]
3270 4723 3323 4780 ei
3353 4724 3451 4795 qui

1856 4821 2297 4889 qualemcunque
2351 4818 2792 4873 ecclesiasticam
2829 4836 3021 4874 curam
3062 4821 3312 4889 suscipit,
3351 4832 3450 4887 pro

1854 4913 2173 4969 concredita
2203 4914 2301 4983 ipsi
2330 4914 2814 4967 administratione
2831 4914 3134 4985 quidquam
3168 4914 3243 4967 illi
3276 4928 3308 4967 a
3340 4928 3451 4983 quo

1857 5009 2173 5080 praeﬁcitur,
2225 5009 2385 5062 aliive
2417 5009 2789 5078 qualicunque
2832 5025 3100 5079 personui,
3135 5009 3265 5063 dare
3293 5007 3453 5079 [con-

1855 5101 2155 5175 cedimus].
2186 5103 2288 5168 ριιί
2329 5119 2460 5156 vero
2497 5113 2694 5173 praeter
2721 5104 2835 5157 hare
2865 5118 2988 5171 quae
3027 5102 3446 5166 constituimus,

1856 5210 1951 5252 aut
1974 5197 2210 5263 dederit,
2246 5207 2341 5251 aut
2369 5199 2598 5266 ceperit,
2630 5206 2727 5250 aut
2750 5197 3020 5249 mediator
3050 5195 3229 5249 factus
3260 5194 3450 5259 fuerit,

1857 5291 2168 5348 sacerdotio
2208 5293 2324 5346 sive
2361 5292 2624 5345 clericatu
2647 5331 2663 5356 ,
2691 5298 2787 5345 aut
2819 5290 3135 5345 concredita
3170 5290 3274 5360 ipsi
3307 5304 3451 5361 qua-

1858 5389 2115 5456 licunque
2167 5386 2650 5441 administratione
2708 5384 3008 5440 nudabilur
3039 5402 3053 5439 :
3089 5401 3209 5455 qua:
3258 5393 3445 5439 autem

1857 5482 1986 5535 data
2029 5490 2213 5545 erunt,
2246 5481 2672 5535 vindicabuntur
2701 5494 2863 5534 sacro
2898 5480 3053 5543 loco,
3106 5479 3268 5548 cujus
3320 5478 3449 5532 talis

1856 5588 2095 5644 persona
2130 5581 2223 5626 aut
2252 5572 2682 5635 ordinationem,
2711 5582 2805 5626 aut
2838 5588 3051 5637 ettram,
3083 5582 3179 5625 aut
3209 5570 3449 5625 admini-

1858 5669 2182 5725 strationem
2216 5668 2477 5737 suscepit.
2523 5665 2630 5721 Sed
2673 5667 2716 5721 si
2752 5667 3061 5720 mundanus
3096 5666 3186 5729 sit,
3222 5666 3315 5733 qui
3358 5680 3453 5719 ca-

1858 5767 1958 5835 pit,
1974 5773 2067 5817 aut
2088 5758 2357 5815 mediator
2381 5757 2650 5830 [negotio]
2683 5758 3068 5815 intervenerit:
3088 5757 3233 5828 quod
3262 5758 3451 5815 datum

1875 5866 1978 5921 est,
2008 5859 2127 5925 ejus
2157 5854 2385 5925 duplum
2437 5854 2689 5924 exigetur
2713 5894 2728 5921 ,
2763 5868 3031 5927 sacroque
3065 5854 3187 5912 loco
3237 5854 3292 5911 in
3342 5871 3452 5926 quo
