3904 6298
397 292 529 356 1007

1549 284 1813 346 ΡΗΟΤΙΙ
1854 283 2362 344 ΡΑΤΒΙΑΒΟΗᾸΞ
2399 279 2546 345 (ΖΡ.’

3533 284 3657 352 ἱθθὸ

386 407 487 460 illa
510 416 747 475 persona
767 399 851 456 vel
878 397 1435 463 administrationem,
1454 396 1537 452 vel
1556 396 2028 460 ordinationem“

2150 413 2157 442 ι
2186 390 2231 464 ᾧ
2260 396 2320 448 τὸ
2355 394 2597 449 τοιοῦτον
2640 392 2933 464 πρόσωπον
2964 394 3062 465 τὴν
3092 393 3356 465 διοίκησιν
3382 395 3414 467 ἢ
3446 399 3542 469 τὴν
3563 418 3661 470 χει-

396 496 485 551 vel
539 508 728 549 curam
783 490 1064 561 suscepit,
1119 487 1469 560 praebebitur.
1521 485 1579 540 Si
1630 486 1754 556 quis
1809 495 1991 539 tamen

396 589 635 646 clericus
660 586 1043 657 cujuscunque
1067 582 1292 654 gradus,
1321 588 1414 635 aut
1436 578 1786 649 dispensator
1808 562 1994 649 cujus-

400 696 621 752 cunque
652 692 824 735 sacra:
866 674 1086 741 domus,
1140 681 1236 729 aut
1282 681 1407 727 ante
1437 669 1863 734 ordinationem,
1902 678 1997 723 aut

400 782 527 828 ante
559 768 934 827 concreditum
960 766 1063 837 ipsi
1096 765 1541 836 qualemcunque
1564 760 1997 817 administratio-

402 876 531 917 nem
566 860 650 916 vel
673 872 864 915 curam
892 852 1224 928 [autetiam]
1253 851 1607 923 postmodum
1640 849 1880 905 voluerit
1900 848 1999 902 ali-

400 955 531 1027 quid
565 969 748 1009 rerum
781 965 1007 1007 suarum
1037 945 1519 1017 oll'errexecclesia:
1552 944 1606 999 in
1636 959 1800 1015 quam
1845 942 1997 997 ordi-

402 1056 588 1111 natur,
638 1044 725 1101 vel
777 1042 898 1098 loco
928 1039 1089 1111 cujus
1144 1037 1684 1095 administrationem
1734 1050 1998 1092 curamve

404 1136 669 1208 suscipit:
691 1151 800 1192 non
833 1134 1011 1191 solum
1043 1132 1097 1187 id
1117 1132 1232 1187 ﬁeri
1254 1146 1362 1186 non
1392 1130 1774 1201 prohibemus,
1802 1143 1997 1185 verum

406 1230 574 1286 etiam
612 1241 672 1283 ut
708 1224 762 1283 i'd
808 1242 911 1299 pro
958 1226 1135 1283 salute
1192 1225 1390 1279 anima:
1424 1239 1541 1279 sua:
1566 1221 1793 1288 faciant,
1837 1222 2003 1277 etiam

410 1322 773 1394 atque’etiam
817 1321 971 1392 ipsos
1014 1320 1324 1375 hortamur.
1359 1315 1455 1371 llla
1491 1315 1637 1371 enim
1666 1315 1785 1371 dari
1814 1314 2008 1386 prohi-

413 1419 629 1480 bemus,
665 1428 787 1484 quae
845 1412 1076 1482 privatis
1104 1409 1457 1482 quibuspiam
1497 1407 1820 1463 hominibus
1862 1421 2005 1477 prae-

408 1510 627 1573 bentur,
652 1522 763 1561 non
784 1505 950 1561 etiam
975 1520 1097 1576 quae
1115 1503 1486 1559 sanctissimis
1507 1502 1755 1557 ecclesiis
1778 1500 2010 1570 aliisque

412 1600 587 1655 sacris
618 1599 755 1654 locis
786 1597 1111 1653 oll‘eruntur.
1147 1595 1290 1667 Lege
1343 1594 1507 1649 etiam
1542 1594 1704 1648 finem
1768 1608 1889 1663 cap.
1951 1589 2006 1654 9,

2101 487 2346 560 ροτονίαν
2381 486 2536 559 ἢτὴν
2565 486 2824 558 φροντίδα
2854 486 3015 540 ἕλαϐε
3048 503 3122 539 πα
3133 485 3392 559 ρεχέσθω.
3419 489 3479 542 Et
3509 490 3562 544 δέ
3590 510 3664 558 τις

2098 580 2359 652 κληρικὸς
2381 581 2703 652 οἱουδήποτε
2733 579 2970 651 βαθμοῦ,
3010 579 3042 651 ἢ
3065 579 3344 651 διοικητὴς
3371 582 3668 653 οίουδήποτε

2099 671 2330 741 ἐναγοῦς
2384 671 2559 738 οἴκου,
2588 670 2622 741 ἢ
2682 671 2789 741 πρὸ
2812 671 2911 741 τῆς
2951 671 3312 742 χοιροτονίας,
3343 671 3495 742 ἢτῆς
3523 674 3669 744 ἐμπι-

2101 763 2422 835 στευθείσης
2453 762 2603 834 αύτῷ
2630 763 2955 833 οἱασδήποτε
2985 762 3308 831 διοικήσεως
3335 762 3377 832 ,ἢ
3412 765 3671 834 φροντίδος

2105 852 2244 925 μετὰ
2268 852 2442 907 ταῦτα
2482 851 2719 923 βουληθῇ
2750 868 2805 903 τι
2832 850 2941 903 τῶν
2967 850 3114 904 ἰδίων
3142 849 3485 920 πραγμάτων
3516 867 3672 921 προσ-

2103 948 2332 1015 αγαγεῖν
2371 948 2438 1017 τῇ
2470 943 2739 1015 ἐκκλησίᾳ
2767 944 2824 997 ἐν
2923 945 3336 1015 χειροτονεῖται,
3380 942 3414 1014 ἢ
3447 942 3523 1013 τῷ
3543 946 3675 1014 τόπῳ

2106 1030 2317 1103 οὗτινος
2350 1038 2447 1109 τὴν
2497 1036 2788 1108 διοίκησιν,
2828 1036 2992 1108 ἢτὴν
3047 1035 3303 1110 φροντίδα
3352 1034 3674 1107 ἀναδέχεται,

2106 1131 2165 1184 οὐ
2198 1132 2360 1203 μόνον
2390 1130 2452 1184 ού
2482 1128 2767 1200 κωλύομεν
2793 1127 2953 1182 τοῦτο
2974 1126 3247 1196 γίνεσθαι,
3266 1126 3406 1181 ἀλλὰ
3438 1129 3530 1181 καὶ
3559 1130 3679 1199 μᾶλ-

2106 1224 2196 1277 λον
2233 1222 2617 1295 προτρέπομεν
2650 1221 2847 1285 αὐτοὺς
2876 1219 2945 1275 τὰ
2973 1220 3200 1274 τοιαῦτα
3251 1219 3392 1291 ὑπὲρ
3424 1220 3678 1291 σωτηρίας

2107 1315 2374 1386 τῆςίδίας
2417 1314 2599 1385 ψυχῆς
2634 1314 2831 1367 ποιεῖν.
2874 1313 3065 1382 Ἡμεῖς
3097 1311 3208 1383 γάρ
3239 1312 3427 1365 ἐκεῖνα
3457 1311 3589 1382 μόνα
3613 1313 3682 1366 δί-

2112 1407 2302 1460 δοσθαι
2339 1405 2626 1477 κωλύομεν
2666 1405 2828 1459 ἅτινα
2860 1405 3045 1467 ίδικοῑς
3074 1421 3184 1458 τισι
3213 1402 3528 1475 προσώποις
3564 1420 3686 1476 παρ-

2113 1502 2353 1572 έχονται,
2397 1502 2458 1555 ού
2505 1501 2606 1573 μὲν
2640 1502 2759 1563 ταῖς
2817 1500 3152 1568 ἁγιωτάταις
3210 1498 3555 1570 ἐκκλησίαις,
3599 1502 3681 1552 καὶ

2118 1596 2230 1658 τοῖς
2249 1594 2428 1658 ἄλλοις
2462 1592 2717 1663 εύαγέσιν
2738 1593 2908 1656 οἴκοις
2937 1591 3381 1664 προσφερόμενα.
3413 1590 3690 1658 ’Δνάγνωθι

422 1692 505 1744 tit.
544 1691 595 1755 1,
634 1690 731 1743 lih.
771 1704 853 1754 Ill,
891 1688 945 1745 in
978 1703 1102 1757 cap.
1136 1686 1169 1741 5
1219 1686 1507 1756 praesentis
1565 1686 1649 1740 tit.
1701 1685 1851 1754 quod
1906 1682 2014 1737 illis

2150 1688 2214 1741 Lai.
2240 1689 2300 1741 τὸ
2319 1688 2472 1751 τέλος
2489 1686 2581 1741 τοῦ
2631 1685 2675 1740 θ’
2728 1704 2856 1757 κεφ.
2887 1685 2980 1738 τοῦ
3006 1682 3175 1739 α’τίτ.
3202 1682 3296 1737 τοῦ
3324 1682 3372 1753 γ’
3407 1682 3605 1754 βιϐλίου
3625 1683 3692 1744 είς

413 1797 653 1853 praesens
686 1780 770 1836 lex
800 1782 1004 1836 inserta
1033 1779 1122 1834 sit.

489 1963 650 2018 Aliud
684 1962 965 2017 scholium.
1019 1960 1267 2017 Praesens
1301 1959 1515 2015 novella
1546 1955 1843 2013 remotioni
1883 1955 2012 2011 sub-

417 2056 541 2126 jicit
593 2054 937 2119 canonicos,
997 2055 1091 2124 qui
1149 2052 1291 2107 datis
1353 2052 1603 2123 pecuniis
1663 2050 2014 2113 ordinantur,

423 2147 658 2202 aliamve
676 2144 988 2216 quampiam
1011 2143 1443 2200 ecclesiasticam
1464 2143 1777 2213 suscipiunt
1794 2156 2011 2196 curam:

425 2254 589 2313 atque
621 2241 794 2296 laicos
855 2239 950 2310 qui
982 2239 1037 2293 in
1084 2240 1169 2295 his
1225 2236 1469 2311 [rebus]
1530 2237 1860 2292 mediatores
1891 2234 2020 2291 facti

427 2342 578 2400 sunt,
600 2335 722 2401 ejus
739 2334 885 2405 quod
908 2332 1043 2403 ipsis
1065 2332 1255 2388 datum
1284 2340 1390 2399 est,
1420 2332 1474 2386 in
1498 2330 1724 2401 duplum
1747 2330 2020 2386 exactioni

427 2427 560 2482 facit
600 2426 895 2481 obnoxios.
944 2424 1134 2479 Canon
1179 2422 1423 2481 autem2
1450 2422 1669 2478 concilii
1720 2420 2022 2478 Chalcedo-

432 2520 642 2587 nensis,
670 2519 849 2575 laicos
879 2518 975 2589 qui
1022 2517 1079 2573 in
1128 2518 1213 2574 his
1263 2517 1596 2573 mediatores
1628 2515 2022 2578 interveniunt,

429 2612 762 2669 anathemati
814 2610 1060 2682 subjicit.
1102 2608 1302 2665 Verum
1359 2609 1507 2680 quod
1556 2608 1683 2663 laici
1732 2591 1836 2678 qui.
1882 2606 2026 2663 datis

429 2706 683 2776 pecuniis
715 2718 1004 2760 sacrorum
1038 2702 1289 2758 locorum
1326 2698 1839 2755 administrationes
1893 2714 2023 2753 sus-

429 2798 663 2868 cipiunt,
722 2796 1051 2867 puniantur,
1108 2810 1176 2851 ex
1223 2793 1483 2865 praesenti
1533 2791 1748 2847 novella
1783 2800 2024 2847 constat.

435 2888 581 2961 [At]
629 2889 887 2963 quisnam
931 2884 1198 2961 [tandem]
1249 2886 1422 2942 laicus
1455 2885 1593 2941 citra
1622 2885 1903 2939 dationem
1935 2894 2033 2939 aut

432 2985 881 3054 procurationem
905 2981 1049 3038 sacri
1072 2981 1203 3048 loci,
1228 2982 1666 3036 ministeriumvc
1694 2980 2031 3036 ecclesiasti-

2127 1794 2251 1846 κεφ.
2273 1773 2313 1829 ε’
2329 1774 2421 1829 τοῦ
2455 1775 2723 1848 παρόντος
2746 1773 2880 1841 τίτ.,
2908 1772 2999 1826 διὰ
3023 1771 3085 1825 τὸ
3114 1773 3233 1826 ἐκεῖ
3260 1771 3693 1843 καταστρωθῑνδαι

2128 1870 2221 1922 τὸν
2245 1868 2495 1938 παρόντα
2515 1868 2700 1939 νόμον.

2202 1961 2297 2033 [al.
2334 1960 2589 2030 ’Ἕτερον
2643 1955 2949 2031 σχόλιον.]
2998 1956 3333 2029 Σημείωσαι·
3374 1957 3441 2010 Ἦ
3456 1958 3556 2029 μὲν
3609 1975 3698 2012 πα-

2137 2054 2310 2123 ροῦσα
2357 2053 2529 2125 νεαρὰ
2586 2052 2905 2123 καθαιρέσει
2954 2049 3356 2105 καθυποϐάλλει
3405 2049 3535 2112 τοὺς
3562 2067 3701 2105 κανο-

2131 2147 2313 2210 νικοὺς
2344 2145 2870 2217 χειροτονουμένους,
2904 2142 2938 2215 ἢ
2964 2141 3152 2214 ἔτερόν
3206 2159 3261 2196 τι
3288 2143 3595 2214 φρόντισμα
3623 2144 3700 2196 ἐκ·

2133 2238 2514 2310 κλησιαστικδν
2566 2238 2658 2291 ἐπὶ
2716 2238 2964 2308 χρήμασι
3005 2234 3416 2306 λαμϐάνοντας,
3451 2236 3547 2290 καὶ
3596 2236 3705 2299 τοὺς

2139 2331 2485 2402 μεσάσαντας
2510 2331 2603 2384 ἐπὶ
2635 2328 2847 2393 τούτοις
2873 2326 3117 2392 λαῖκοὺς,
3151 2330 3219 2398 τῇ
3252 2330 3331 2391 είς
3364 2327 3425 2380 τὸ
3445 2326 3705 2381 διπλάσιον

2137 2424 2433 2494 ἀπαιτήσει
2475 2422 2569 2477 τοῦ
2609 2422 2853 2486 δοθέντος
2896 2424 3081 2485 αὐτοῖς
3114 2421 3436 2493 ἐνοχοποιεῖ.
3473 2420 3531 2475 '0
3571 2422 3624 2475 δὲ
3648 2419 3706 2491 β’,

2138 2514 2321 2570 κανὼν
2345 2515 2443 2587 τῆς
2477 2515 2535 2569 ἐν
2557 2515 2863 2586 Χαλκηδόνι
2892 2516 3110 2570 συνόδου
3132 2515 3439 2588 άναθέματι
3490 2516 3707 2583 καθυποτ

2140 2609 2326 2665 ϐάλλει
2362 2610 2491 2674 τοὺς
2527 2608 2598 2663 τά
2623 2609 2850 2663 τοιαῦτα
2878 2610 3218 2681 μεσάζοντας
3250 2610 3498 2677 λαῖκούς.
3530 2611 3599 2664 Τὸ
3623 2611 3707 2682 μέν

2139 2720 2221 2756 τοι
2271 2701 2635 2774 τιμωρεῖσθαι
2663 2702 2791 2766 τοὺς
2824 2702 3047 2768 λαῖκοὺς
3091 2703 3185 2757 ἐπὶ
3221 2704 3503 2775 χρήμασιν
3544 2705 3711 2759 ἀναδε-

2141 2794 2405 2866 χομένους
2436 2793 2734 2866 διοικήσεις
2762 2794 2977 2864 εύαγῶν
2998 2794 3163 2849 οἴκων
3191 2796 3300 2849 ἀπὸ
3322 2796 3423 2867 τῆς
3453 2796 3711 2869 παρούσης

2143 2889 2343 2961 νεαρᾶς
2378 2889 2759 2956 ἀναφαίνεται.
2788 2889 2948 2953 Ποίος
2980 2888 3074 2942 οὖν
3104 2890 3253 2943 ἐστιν
3283 2891 3313 2943 ό
3343 2890 3711 2962 ἀναδεχόμενος

2143 2981 2332 3046 λαϊκδς
2370 2980 2639 3053 διοίκησιν
2688 2981 2923 3051 εὐαγοῦς
2970 2984 3143 3050 οἴκου,
3180 2982 3214 3054 ἤ
3256 2982 3504 3038 δουλείαν
3535 2984 3712 3057 ἐκκλη-

435 3092 560 3132 cum
594 3076 883 3147 suscipiat,
918 3084 1011 3131 aut
1043 3075 1278 3131 clericus
1310 3074 1424 3140 (lat,
1477 3084 1573 3129 aut
1604 3074 1660 3127 in
1689 3074 1882 3129 cellam
1917 3088 2028 3126 mo-

2150 3074 2460 3147 σιαστικὴν,
2502 3075 2535 3146 ἢ
2578 3074 2840 3147 κληρικδς
2880 3078 3187 3147 γινόμενος,
3237 3078 3271 3149 ἢ
3308 3078 3366 3131 ἐν
3411 3077 3712 3149 κελλιωτικῇ

439 3166 708 3220 nasticam
748 3165 1074 3219 admittatur
1100 3203 1114 3229 ,
1158 3161 1484 3236 [equidem]
1529 3162 1763 3235 ignoro;
1811 3177 1877 3218 ac
1908 3176 2037 3233 pro-

439 3266 629 3326 pterea
661 3254 819 3312 ﬂexis
850 3257 1083 3326 genibus
1114 3255 1282 3311 Deum
1335 3272 1435 3311 oro
1470 3264 1530 3311 ut
1582 3272 1680 3313 nos
1727 3257 1795 3312 ab
1842 3256 2036 3312 istius-

440 3353 589 3409 modi
628 3352 797 3408 tniuis
829 3353 1063 3408 liberare
1094 3353 1225 3407 velit
1257 3350 1553 3425 [clamans]
1588 3370 1601 3407 :
1639 3350 1699 3407 Si
1730 3351 2038 3423 iniquitates

443 3445 830 3512 observaveris,
853 3445 1093 3512 Domine,
1113 3447 1229 3515 quis
1254 3446 1531 3500 sustinebit
1554 3445 1612 3497 ‘?

511 3536 666 3595 CAP.
694 3536 867 3593 XXV.
895 3568 967 3579 —
1001 3537 1087 3594 Ne
1118 3537 1483 3594 ordinationes
1514 3541 1793 3594 iterentur.

516 3720 910 3792 Apostolorum
942 3734 1122 3777 canon
1160 3721 1232 3778 68
1267 3739 1282 3791 ;
1325 3722 1548 3778 concilii
1581 3721 2040 3797 Carthaginiensis

446 3824 624 3868 canon
650 3810 742 3866 55.

525 3902 680 3959 CAP.
712 3900 907 3957 XXVI.
933 3934 1003 3945 —-
1042 3902 1122 3958 Ne
1152 3906 1427 3976 episcopus
1464 3916 1556 3959 aut
1585 3906 1808 3963 clericus
1842 3923 1906 3962 ex
1936 3925 2041 3963 una

450 3996 669 4050 civitate
693 3996 750 4048 in
791 3994 960 4049 aliam
990 4004 1251 4051 transeat.

522 4087 980 4144 ConciliiNicaeni
1010 4105 1190 4157 canon
1226 4090 1313 4157 15,
1349 4090 1447 4158 16;
1476 4092 1699 4147 concilii
1718 4093 2043 4149 Antiocheni

454 4196 632 4239 canon
660 4181 725 4235 2i
753 4199 767 4250 ;
809 4182 1511 4241 conciliiChalcedonensis
1539 4201 1713 4240 canon
1740 4186 1792 4254 5,
1819 4186 1906 4251 l2,
1941 4186 2047 4253 20;

456 4276 675 4333 concilii
714 4276 1063 4333 Sardicensis
1085 4292 1262 4333 canon
1288 4280 1340 4341 1,
1360 4278 1417 4346 2,
1441 4279 1543 4345 l5;
1575 4280 1796 4335 concilii
1820 4279 2050 4336 Cartha-

457 4369 700 4441 ginensis
713 4382 891 4425 canon
914 4369 1007 4434 54,
1023 4369 1094 4425 90
1116 4387 1130 4436 ;
1150 4371 1369 4426 concilii
1386 4373 1523 4426 sexti
1547 4387 1723 4427 canon
1740 4372 1828 4440 l7,
1854 4372 2043 4437 18,20.

533 4463 747 4519 Τρωίας.
786 4462 932 4535 Lege
984 4464 1178 4519 Const.
1218 4464 1252 4520 9
1281 4472 1334 4519 et
1382 4464 1470 4531 10,
1504 4466 1586 4519 tit.
1624 4465 1648 4518 1
1702 4465 2052 4521 Novellarum

458 4566 592 4621 etc,
626 4573 788 4627 usque
815 4558 884 4611 ad
906 4558 1094 4615 clerici
1131 4559 1557 4627 transferantur,
1577 4570 1703 4627 etc.,
1733 4570 1789 4615 ut
1820 4578 1873 4632 p.
1895 4562 2021 4617 517.

535 4649 1041 4707 Sclzolium.Const.
1071 4652 1128 4717 9,
1166 4654 1247 4707 tit.
1282 4651 1701 4717 lNovellarum,
1734 4664 1818 4709 est
1847 4653 2057 4709 novella

466 4742 762 4798 Justiniani
789 4744 844 4808 5,
884 4747 1281 4818 propositaque
1312 4756 1399 4802 est
1438 4749 1492 4801 in
1543 4746 1638 4801 lib.
1671 4745 1839 4803 Basil.
1881 4748 1935 4814 5,
1973 4748 2053 4802 tit.

467 4839 519 4901 2,
538 4850 659 4907 cap.
689 4838 740 4902 l,
766 4851 886 4905 quae
910 4839 998 4892 ubi
1028 4840 1398 4904 enumeravit,
1427 4848 1563 4910 quot
1582 4840 1767 4895 clerici
1788 4840 1841 4894 in
1866 4838 2059 4911 Magna

2150 3170 2287 3240 μονῇ
2323 3171 2798 3241 καταταττόμενος
2850 3169 3021 3235 ἁδοτὶ,
3056 3170 3256 3239 ἀγνοῶ.
3299 3172 3410 3225 Καὶ
3444 3172 3530 3226 διὰ
3578 3171 3717 3225 τοῦτο

2146 3262 2433 3329 γονυπετῶ
2478 3262 2615 3332 πρὸς
2656 3261 2789 3315 Θεὸν
2824 3263 3032 3326 πάντας
3074 3263 3222 3334 ἡμᾶς
3254 3263 3319 3316 ἐκ
3352 3262 3453 3332 τῆς
3483 3260 3716 3331 τοιαύτης

2150 3355 2416 3425 ρυσθῆναι
2448 3353 2704 3423 ἀπειλῆς,
2745 3353 2887 3408 Ἐὰν
2912 3354 3022 3425 γὰρ
3053 3355 3308 3425 ἀνομίας
3341 3353 3717 3424 παρατηρήσῃ

2150 3448 2387 3518 Κύριος,
2414 3448 2509 3514 τίς
2534 3444 2952 3513 ὑποστήσεται
2976 3462 2995 3512 ;

2222 3538 2475 3592 ΚΕΦΑΛ.
2509 3538 2638 3593 KE'.
2667 3567 2733 3576 -
2764 3538 2904 3607 Περὶ
2944 3535 3052 3593 τοῦ
3077 3536 3164 3608 μὴ
3199 3536 3473 3607 γίνεσθαι
3503 3537 3720 3607 ἀναχεί-

2144 3632 2527 3703 ροτονήσεις.

2238 3726 2578 3781 Ἀποστόλων
2609 3725 2791 3780 κανὼν
2825 3722 2904 3796 ξη⁹
2928 3740 2940 3754 ·
2980 3724 3200 3778 συνόδου
3243 3724 3601 3797 Καρθαγένης
3628 3741 3718 3778 κα-

2151 3818 2256 3873 νὼν
2296 3817 2407 3890 μη’.

2224 3913 2479 3968 ΚΕΦΑΛ.
2519 3913 2667 3979 KG'.
2686 3942 2756 3951 —-
2778 3910 2922 3980 Περὶ
2956 3912 3062 3968 τοῦ
3088 3910 3174 3982 μὴ
3198 3916 3470 3981 μετιέναι
3498 3923 3719 3965 επισκο-

2155 4022 2274 4063 πον
2297 4006 2333 4077 ἢ
2359 4007 2653 4078 κληρικὸν
2682 4006 2803 4061 ἀπὸ
2838 4008 3073 4073 πόλεως
3106 4007 3194 4073 εὶς
3223 4006 3428 4060 πόλιν.

2229 4101 2457 4156 Συνόδου
2509 4099 2747 4164 Νικαίας
2779 4098 2962 4153 κανὼν
3000 4097 3083 4163 ιε’,
3122 4097 3196 4164 ις’
3219 4115 3233 4129 ·
3286 4097 3503 4152 συνόδου
3539 4096 3717 4150 Ἀντιο-

2159 4192 2312 4262 χείας
2342 4189 2525 4246 κανὼν
2559 4188 2673 4245 κα’⁶
2709 4190 2930 4243 συνόδου
2971 4189 3314 4261 Χαλκηδόνος
3350 4187 3527 4243 κανὼν
3552 4185 3606 4251 ε’,
3641 4187 3717 4259 ιβ’,

2162 4281 2209 4336 κ’
2230 4300 2243 4314 ο
2282 4284 2500 4337 συνόδου
2532 4282 2807 4354 Σαρδικῆς
2834 4282 3014 4336 κανὼν
3041 4279 3111 4349 α’,
3137 4280 3203 4353 β’,
3226 4279 3286 4336 ιε’
3308 4298 3322 4311 ·
3356 4280 3568 4334 συνόδου
3591 4282 3717 4349 Καρ⁴

2082 4418 2135 4478 D
2164 4374 2429 4478 θαῖένγης
2445 4372 2810 4478 κανὼνέδῖίθ
2839 4370 3462 4478 σιυνόδουξςᾏ-κανὼνιξ,
3486 4369 3549 4478 ιη’
3565 4370 3647 4424 καὶ
3661 4368 3718 4472 κ’.

2235 4468 2549 4537 Κείμενον.
2598 4465 2662 4520 Ἡ
2716 4466 2760 4519 θ’
2795 4467 2891 4520 καὶ
2928 4463 2958 4520 ι’
2995 4466 3238 4531 διάταξις
3278 4465 3373 4519 τοῦ
3412 4462 3461 4520 α’
3486 4464 3582 4518 τίτ.
3626 4460 3717 4514 τῶν

2158 4558 2409 4630 Νεαρῶν,
2442 4575 2553 4612 κ.τ.
2572 4558 2649 4623 λ.,
2670 4574 2845 4628 usque
2866 4559 2933 4613 ad
2962 4557 3361 4628 μετατίθενται.

2233 4652 2513 4721 Σχόλιον.
2564 4651 2629 4705 ἸΙ
2670 4650 2712 4705 θ’
2754 4653 2895 4707 διάτ.
2947 4651 3043 4705 τοῦ
3110 4650 3159 4705 α’
3207 4651 3313 4706 τίτ.
3364 4651 3471 4705 τῶν
3525 4648 3719 4722 Νεαρῶν

2162 4748 2279 4800 ἐστι
2335 4748 2503 4818 νεαρὰ
2530 4746 2962 4811 Ἰουστινιάνειος
2998 4753 3066 4816 γ’,
3100 4747 3194 4799 καὶ
3235 4744 3396 4816 ἐτέθη
3448 4745 3524 4808 εἰς
3549 4741 3716 4814 βιϐλίον

2164 4840 2273 4892 τῶν
2308 4839 2614 4895 Βασιλικῶν
2639 4838 2711 4909 γ’,
2747 4841 2853 4894 τίτ.
2878 4838 2943 4911 β’,
2979 4856 3105 4909 κεφ.
3148 4836 3220 4905 α’,
3244 4839 3369 4910 ἥτις
3407 4837 3540 4909 μετά
3558 4835 3610 4889 τὸ
3636 4836 3719 4889 ἀπ’

469 4928 704 4983 ecclesia
758 4929 995 5000 aliisque
1050 4932 1224 4987 sacris
1272 4931 1484 4987 aedibus
1534 4947 1656 4987 esse
1698 4930 1954 4998 debeant,
2007 4949 2028 4988 e

2167 4933 2476 5005 αριθμῆσαι
2520 4934 2648 4997 τοὺς
2687 4933 3005 5003 ὀφείλοντας
3049 4927 3189 4985 εἶναι
3236 4931 3529 5002 κληρικοὺς
3563 4927 3634 4991 εἷς
3674 4940 3719 4976 τε

469 5020 854 5077 transitionem
890 5022 1217 5077 clericorum
1264 5039 1332 5077 ex
1366 5038 1474 5078 una
1522 5023 1754 5079 ecclesia
1804 5026 1855 5079 in
1898 5024 2061 5079 aliam

469 5113 792 5185 prohibuit:
818 5112 873 5168 in
900 5116 1015 5168 haec
1045 5116 1209 5170 verba
1238 5116 1481 5187 loquitur
1518 5135 1531 5172 :
1558 5115 1694 5173 Nam
1727 5120 1771 5176 si
1808 5118 1860 5174 in
1891 5122 2062 5178 sacris

472 5204 823 5261 monasteriis
856 5204 1239 5277 prohibemus,
1283 5222 1351 5262 ne
1386 5207 1511 5277 quis
1538 5208 1606 5264 de
1638 5225 1748 5265 uno
1793 5211 1862 5266 ad
1914 5211 2064 5267 aliud

469 5305 756 5353 transeat:
792 5299 967 5353 multo
999 5299 1182 5356 minus
1225 5298 1281 5354 id
1322 5302 1803 5361 reverendissimis
1846 5304 2061 5362 clericis

466 5388 874 5460 permittemus,
907 5390 1011 5444 rati
1046 5391 1364 5461 hujusmodi
1414 5394 1769 5465 cupiditatem
1820 5397 2060 5468 speciem

470 5499 579 5553 pra:
605 5498 664 5539 se
691 5482 837 5540 ferre
866 5493 1115 5555 quaestus
1155 5496 1209 5542 et
1231 5488 1673 5546 nundinationis.
1710 5490 1982 5547 Cmterum
2015 5492 2061 5548 si

468 5579 690 5647 quando
741 5587 796 5634 et
856 5577 963 5634 hoc
1017 5580 1362 5640 transitionis
1410 5598 1585 5655 genus
1618 5584 1699 5641 vel
1739 5585 2060 5644 beatitudini

544 5739 575 5811 ³,
597 5738 737 5795 Psal.
770 5754 956 5809 enix,
989 5741 1042 5797 5.

2166 5029 2267 5099 τὴν
2332 5028 2594 5100 Μεγάλην
2648 5026 2969 5097 ἐκκλησίαν,
3034 5027 3129 5079 καὶ
3173 5027 3254 5088 εἰς
3306 5024 3485 5086 θείους
3536 5020 3718 5091 ἐτέρους

2169 5121 2355 5189 ναοὺς,
2406 5120 2501 5176 καὶ
2551 5117 2796 5173 κωλῦσαι
2850 5118 2949 5189 τὴν
2999 5116 3058 5185 ἐξ
3108 5118 3304 5188 ἐτέρας
3346 5114 3629 5186 ἐκκλησίας
3659 5110 3719 5171 εἰς

2174 5215 2369 5286 ἑτέραν
2410 5214 2712 5285 μετάϐασιν
2758 5212 2865 5266 τῶν
2900 5211 3223 5283 κληρικῶν,
3270 5210 3408 5283 φησὶ
3459 5210 3551 5263 καὶ
3579 5204 3722 5260 ταῦτα

2172 5306 2373 5380 ῥητῶς·
2403 5308 2450 5359 εἰ
2477 5309 2585 5378 γὰρ
2615 5306 2708 5360 ἐπὶ
2737 5306 2847 5360 τῶν
2881 5305 3095 5373 εύαγῶν
3133 5303 3515 5375 μοναστηρίων
3552 5297 3724 5355 κωλύο-

2176 5417 2276 5472 μεν
2304 5398 2364 5464 ἐξ
2386 5400 2575 5471 ἐτέρου
2603 5399 2971 5471 μοναστηρίου
3004 5398 3142 5468 πρὸς
3168 5398 3360 5469 ἓτερον
3393 5394 3721 5468 μεταϐαίνειν,

2173 5491 2354 5565 πολλῴ
2411 5490 2611 5563 μᾶλλον
2668 5493 2789 5546 οὐδέ
2848 5494 2963 5556 τοῖς
3005 5490 3427 5553 εύλαϐεστάτοις
3475 5485 3719 5560 κληρικοῖς

2173 5586 2332 5642 τοῦτο
2359 5588 2638 5661 ἐψήσομεν
2674 5584 2897 5659 κέρδους
2948 5602 3006 5639 τε
3046 5585 3139 5639 καὶ
3179 5586 3451 5656 ἐμπορίας
3491 5575 3721 5640 ἀπόδειξιν
