3904 6298
234 322 353 447 ne

1009 374 1496 438 NOMOCANON.
1540 402 1611 413 ·--
1639 380 1784 441 ΤΙΤ.
1828 380 1877 453 Ι,
1919 381 2079 442 CAP.
2117 382 2579 469 ΧΧν-ΧΧνΙΠ.

3351 390 3507 453 ι-θια

238 495 361 565 ἔχειν
394 491 485 561 τὴν
512 486 764 559 τοιαύτην
795 488 1096 561 ἐπιθυμίαν
1132 492 1448 563 ἡγούμενοι.
1486 493 1551 550 Εί
1594 494 1653 548 δὲ
1686 494 1781 549 καί

1911 512 2014 561 ure,
2052 496 2134 552 vel
2162 512 2262 568 pro
2291 507 2538 569 tempore
2569 497 2845 569 maiestati
2878 499 3245 570 imperatoriae
3285 505 3486 575 proba-

234 601 346 641 ποτε
372 580 615 651 τοιαύτην
643 580 976 651 μετάστασιν
998 583 1032 652 ἡ
1056 583 1122 654 σὴ
1150 585 1488 657 μακαριότης
1517 586 1550 658 ἢ
1582 588 1615 656 ἡ
1639 588 1782 643 κατά

234 673 396 745 καιρὸν
445 670 687 741 βασιλεία
737 671 993 740 γενέσθαι
1036 673 1223 746 συνίδῃ
1269 675 1344 747 μὴ
1407 674 1582 741 ἄλλως
1618 676 1783 731 τοῦτο

232 762 530 837 πράττεσθαι
560 802 574 827 ,
632 763 760 833 πρὶν
830 763 898 818 ἂν
974 765 1054 830 είς
1120 766 1213 820 τὸν
1288 768 1581 839 εἰρημένον
1647 771 1782 840 ἡμῖν

231 853 436 927 ἀριθμὸν
481 852 796 924 περισταίη,
840 852 982 907 ὥστε
1013 853 1116 926 τὴν
1166 854 1261 909 τοῦ
1296 857 1577 922 λείποντος
1625 858 1782 923 τάξιν

226 947 461 1017 γίνεσθαι.
492 945 630 999 Ἀλλ’
667 945 764 1017 ούχ
790 946 930 1018 ὑπὲρ
965 946 1057 1002 τὸν
1079 949 1316 1021 ἀριθμόν
1345 968 1467 1005 τινα
1503 951 1782 1016 παντελῶς

227 1038 542 1111 ἐμϐαίνοντα’
566 1040 726 1092 τοῦτο
760 1037 870 1111 γὰρ
900 1039 960 1106 ἐξ
984 1040 1245 1112 οὐδεμιᾶς
1274 1044 1546 1114 μηχανῆς,
1569 1044 1691 1099 οὐδὲ
1719 1043 1784 1097 ἐκ

114 1122 119 1130 ’
225 1149 349 1195 τινος
378 1131 571 1200 τρόπου
600 1132 852 1199 γίνεσθαι
904 1133 1319 1206 συγχωροῦμεν.
1364 1136 1427 1189 Ἢ
1453 1136 1511 1190 δὲ
1561 1144 1591 1191 ι’
1636 1137 1779 1192 διάτ.

223 1220 303 1274 τοῦ
320 1218 364 1273 α’
379 1220 477 1273 τίτ.
503 1218 612 1273 τῶν
630 1221 881 1293 Νεαρῶν,
899 1220 1013 1275 ἐστι
1040 1226 1209 1296 νεαρά
1227 1224 1657 1290 ’1ουστινιάνειος
1679 1225 1781 1292 ις’,

224 1314 303 1368 καὶ
320 1313 468 1382 ἐτέθη
492 1314 548 1365 ἐν
572 1312 762 1384 βιϐλίῳ
785 1313 832 1383 γ’
857 1314 967 1369 τῶν
986 1314 1315 1383 Βασιλικῶν,
1338 1318 1445 1372 τίτ.
1467 1317 1537 1388 γ’,
1563 1337 1690 1390 κεφ.
1712 1318 1783 1385 α’,

222 1406 344 1461 ὁκαὶ
364 1405 651 1474 ἀνάγνωθι,
672 1407 923 1463 διδάσκον
948 1411 1015 1462 τὰ
1046 1410 1186 1465 αὐτὰ
1221 1411 1409 1481 σχεδὸν
1440 1414 1534 1466 καὶ
1561 1413 1621 1466 τὸ
1658 1416 1786 1478 τοὺς

223 1497 477 1561 λείποντας
522 1498 839 1570 κληρικοὺς,
868 1502 977 1555 ἀπὸ
1024 1503 1135 1558 τῶν
1179 1505 1457 1576 περισσῶν
1486 1506 1786 1560 δουλευτών

222 1590 458 1659 γίνεσθαι.
492 1591 809 1662 Σημείωσαι
837 1594 919 1647 ὅτι
959 1594 1066 1648 ἀπὸ
1108 1595 1212 1666 τῆς
1262 1598 1547 1670 παρούσης
1586 1602 1786 1670 νεαρᾶς

217 1679 409 1751 ἐνεδόθη
439 1679 514 1750 τῷ
546 1682 1175 1749 Κωνσταντινουπόλεως
1216 1686 1532 1760 πατριάρχῃ
1555 1690 1651 1743 καὶ
1691 1692 1788 1745 καὶ

221 1772 349 1843 μόνῳ
381 1772 572 1843 ἐτέρας
609 1775 827 1847 ἐνορίας
855 1776 951 1829 καὶ
982 1776 1108 1847 δίχα
1135 1777 1365 1851 γνώμης
1406 1779 1501 1833 τοῦ
1550 1782 1776 1836 ἐπισκό-

1884 586 2033 642 hitur
2064 605 2080 642 :
2114 602 2184 643 ne
2217 587 2376 643 aliter
2403 588 2459 643 id
2489 588 2604 653 ﬁat,
2651 589 2758 645 nisi
2783 592 2937 660 prius
2970 590 3082 665 [res
3107 593 3247 667 ipsa]
3280 596 3348 650 ad
3379 611 3484 665 nu-

1888 693 2102 733 merum
2142 695 2307 750 quem
2343 680 2725 750 praediximus.
2762 683 3063 754 redigatur,
3089 694 3149 739 ut
3176 701 3239 739 ea
3272 688 3481 741 transi-

1885 773 1962 827 tio
1994 773 2051 828 in
2083 773 2388 831 deﬁcientis
2417 774 2597 830 locum
2652 775 2744 830 ﬁat
2774 816 2789 841 ,
2832 792 3014 847 neque
3058 793 3486 849 supernumera-

1885 865 2005 921 rius
2031 864 2258 922 omnino
2288 868 2493 939 aliquis
2524 868 2752 940 irrepat.
2794 868 2952 925 Nulla
2988 872 3133 925 enim
3175 871 3226 926 id
3277 873 3487 928 machi-

1885 958 2132 1024 natione,
2164 974 2344 1031 neque
2372 961 2486 1016 ullo
2533 964 2695 1017 modo
2723 963 2839 1018 fieri
2890 964 3282 1034 permittimus.
3314 965 3487 1020 Porro

1890 1051 1960 1106 IO
1999 1065 2177 1109 const.
2213 1054 2239 1108 1
2280 1053 2365 1109 tit.
2406 1052 2779 1119 Novellarum,
2821 1065 2907 1112 est
2932 1054 3227 1112 Iustiniani
3270 1058 3485 1113 novella

1894 1142 1981 1211 I6,
2019 1146 2311 1217 positaque
2341 1157 2425 1203 est
2456 1148 2511 1203 in
2540 1148 2637 1203 lib.
2684 1148 2853 1204 Basil.
2903 1165 2963 1207 ιιι
2987 1190 3003 1214 ,
3050 1151 3134 1204 tit.
3179 1151 3243 1216 5,
3276 1165 3399 1220 cap.
3433 1151 3485 1213 1,

1888 1239 2037 1307 quod
2075 1239 2211 1309 lege,
2241 1240 2368 1310 quia
2402 1242 2591 1295 eadem
2618 1240 2791 1295 ferme
2817 1260 2831 1305 ;
2862 1251 2916 1297 et
2940 1251 2997 1297 ut
3028 1241 3164 1314 [quo
3195 1241 3340 1313 loco]
3375 1241 3487 1296 cle-

1888 1329 1987 1383 rici
2033 1328 2273 1392 desunt,
2340 1346 2404 1384 ex
2459 1330 2751 1400 superﬂuis
2792 1331 3116 1388 ministeriis
3171 1329 3485 1404 [defectus]

1890 1419 2210 1489 suppleatur
2236 1420 2414 1475 docet.
2440 1419 2577 1475 Nota
2614 1436 2766 1483 vero,
2803 1423 2951 1493 quod
2998 1438 3029 1477 a
3075 1423 3328 1493 praesenti
3388 1437 3490 1477 no-

1887 1511 2033 1567 vella
2085 1511 2570 1586 [archiepiscopo]
2615 1514 3231 1585 Constantinopolitano
3267 1531 3332 1570 ex
3368 1514 3491 1568 aliis

1888 1604 2138 1660 ecclesiis
2170 1604 2403 1661 clericos
2430 1606 2734 1675 suscipere,
2755 1622 2967 1677 suoque
2991 1606 3139 1660 clero
3169 1622 3487 1675 accensere,

1890 1706 1983 1751 aut
2012 1697 2179 1751 etiam
2206 1698 2495 1768 episcopos
2521 1697 2736 1754 edicere
2756 1699 3101 1755 conceditur.
3138 1699 3294 1765 Quod
3324 1702 3491 1757 etiam

1892 1802 1921 1840 a
1961 1802 2173 1842 canone
2204 1790 2532 1845 conceditur
2552 1789 2816 1859 episcopo
2842 1788 3285 1861 Carthaginensi.

214 1885 303 1921 που
326 1868 514 1926 αύτών.
558 1871 800 1942 Ἔχειδέ
828 1871 990 1926 τοῦτο
1032 1875 1329 1945 προνόμιον
1360 1876 1456 1930 καὶ
1497 1879 1525 1931 6
1584 1880 1976 1953 Καρθαγέννης
2005 1883 2307 1948 ἐπίσκοπος
2368 1884 2465 1939 καὶ
2515 1885 2667 1955 ζήτει
2726 1884 2835 1939 ἀπὸ
2890 1886 3091 1956 ἐτέρων
3148 1886 3494 1956 Ἐκκλησιῶν

211 1964 430 2035 δέχεσθαι
495 1966 816 2038 κληρικοὺς,
865 1969 962 2023 καὶ
1012 1969 1090 2041 τῷ
1140 1970 1254 2042 ἰδίῳ
1326 1973 1514 2045 κλήρῳ
1551 1976 1968 2048 ἐγκαταλέγειν,
2035 1980 2069 2051 ἦ
2118 1980 2215 2034 καὶ
2266 1980 2604 2044 ἐπισκόπους
2692 1982 2887 2034 ποιεῖν.
2926 1978 3100 2034 Τοῦτο
3136 1980 3195 2034 δέ
3267 1980 3489 2051 ἐνεδόθη

213 2058 388 2129 καὶτῷ
432 2060 722 2129 ὲπισκόπῳ
767 2062 1141 2133 Καρχηδόνος.
1202 2064 1504 2135 Ἀνάγνωθι
1545 2070 1777 2141 καὶτῆς
1812 2072 1872 2126 ἐν
1940 2071 2302 2145 Καρθαγέννῃ
2372 2072 2592 2127 συνόδου
2617 2074 2819 2127 κανόνα
2854 2070 2948 2136 νε’,
3004 2072 3102 2127 καὶ
3153 2072 3255 2142 τῆς
3307 2074 3494 2128 οίκου-

217 2152 416 2222 μενικῆς
444 2150 488 2218 ζ’
530 2154 755 2208 συνόδου
784 2156 988 2209 κανόνα
1017 2155 1070 2223 ι’,
1103 2158 1198 2212 καὶ¹
1219 2158 1289 2212 τὰ
1319 2162 1377 2213 ἐν
1417 2161 1599 2226 αὐτοῖς
1639 2164 1942 2233 γραφέντα,
2004 2167 2126 2219 τότε
2152 2165 2209 2218 δέ
2272 2164 2530 2234 λέγεσθαι
2593 2165 2856 2219 δύνασθαι
2920 2165 3012 2217 τὸν
3040 2167 3494 2219 Κωνσταντινου-

215 2244 399 2309 πόλεως
451 2246 547 2299 καὶ
583 2247 676 2301 τὸν
723 2248 1074 2319 Καρχηδόνος
1104 2252 1213 2305 ἀπὸ
1239 2252 1443 2323 ἐτέρων
1473 2254 1700 2327 ἐνοριῶν
1767 2257 2065 2330 κληρικοὺς
2106 2259 2522 2332 σφετερίζεσθαι
2564 2261 2714 2331 παρά
2742 2259 2969 2330 γνώμην
3026 2258 3135 2311 τῶν
3178 2276 3495 2329 χειροτονη-

215 2336 402 2391 σάντων
432 2339 631 2403 αὐτοὺς
666 2342 755 2394 ὅτε
806 2343 865 2394 ἐν
895 2339 1076 2414 ἐνδείᾳ
1126 2344 1235 2396 εἰσὶ
1310 2344 1601 2415 κληρικοῦ.
1643 2347 1822 2419 Ὅπερ
1861 2348 1999 2413 τέως
2046 2351 2127 2414 είς
2153 2348 2253 2421 τὴν
2304 2350 2940 2413 Κωνσταντινουπόλεως
2988 2349 3175 2421 χώραν
3241 2351 3341 2404 ούκ
3380 2350 3495 2420 ἔχει

211 2427 286 2482 διὰ
316 2430 373 2483 τὸ
405 2430 614 2501 πλῆθος
643 2432 736 2486 τοῦ
770 2433 975 2506 κλήρου
997 2434 1188 2501 αὐτοῦ,
1225 2436 1406 2491 καὶτὸ
1442 2439 1663 2501 πάντως
1693 2440 1788 2494 ἐπὶ
1825 2443 1998 2497 πᾶσιν
2020 2443 2267 2508 ἀνενδεές
2329 2445 2425 2497 καὶ
2453 2445 2580 2498 ὅταν
2632 2443 2689 2497 δὲ
2730 2444 2944 2513 ἀνάγκη
3014 2443 3228 2514 συνωθῇ
3269 2444 3495 2509 τούτους

214 2522 470 2595 ἀλλότριον
489 2525 683 2579 λαϐεῖν
714 2528 976 2602 κληρικδν
1000 2529 1175 2595 ἄλλως
1203 2532 1262 2584 ού
1287 2533 1609 2604 δυνήσονται
1632 2533 1793 2588 τοῦτο
1832 2536 2061 2605 ποιῆσαι
2098 2540 2146 2591 εἰ
2183 2539 2258 2609 μὴ
2290 2537 2519 2607 ἐλλιπής
2585 2540 2732 2590 ἐστιν
2771 2535 3006 2608 ἀριθμὸς
3064 2536 3173 2590 τῶν
3214 2537 3500 2607 κληρικῶν

216 2616 392 2674 αὐτῶν.
424 2618 621 2683 Ὅπως
654 2620 712 2673 δὲ
742 2623 982 2694 σήμερον
1005 2622 1099 2676 τοῦ
1130 2622 1367 2695 ἀριθμοῦ
1401 2625 1514 2680 τῶν
1549 2626 1830 2701 κληρικῶν
1868 2632 1902 2701 ή
1934 2629 2214 2700 ἀθέτησις,
2242 2629 2543 2693 ἀκινδύνως
2572 2628 2805 2699 γίνεται,
2838 2630 3041 2698 ἀγνοῶ.

275 2711 512 2766 ΚΕΦΔΛ.
549 2715 677 2769 KZ’.
712 2745 782 2755 —
814 2716 956 2786 Περὶ
982 2716 1382 2788 ὑποκειμένου
1417 2719 1789 2793 ἁμαρτήματι

1964 2722 2118 2779 CAP.
2148 2721 2361 2776 XXVII.
2390 2752 2457 2761 —
2490 2721 2564 2777 De
2584 2738 2673 2786 eo,
2707 2723 2796 2790 qui
2829 2723 2951 2775 dum
2980 2722 3237 2775 obnoxius
3277 2733 3495 2791 peccato

216 2801 303 2856 καί
334 2807 888 2875 χειροτονηθέντος.

274 2897 491 2953 Συνόδου
523 2901 767 2965 Νικαίας
797 2902 982 2957 κανὼν
1013 2902 1078 2971 0',
1106 2902 1170 2958 ι’·
1216 2905 1436 2959 συνόδου
1485 2907 1791 2962 Νεοκαισα-

216 2991 349 3061 ρείας
400 2993 588 3049 κανὼν
617 2994 683 3061 θ’,
710 2994 741 3048 ι’
762 3013 774 3026 ·
827 2996 1114 3050 Βασιλείου
1169 2996 1348 3051 κανὼν
1380 3001 1463 3065 κζ’
1484 3016 1497 3032 ’
1527 3001 1790 3071 Θεοφίλου

212 3084 267 3137 ἐκ
291 3085 377 3138 τοῦ
406 3086 824 3159 ύπομνηστικοῦ
852 3085 1031 3142 κανὼν
1059 3086 1123 3151 δ’,
1156 3087 1221 3151 ε’,
1252 3088 1323 3161 η’.

272 3177 520 3234 ΚΕΦΔΛ.
556 3180 691 3234 KH’.
719 3210 791 3220 -—
818 3182 958 3249 Περὶ
1003 3179 1114 3248 τῆς
1160 3182 1404 3249 ἡλικίας
1449 3182 1568 3237 τῶν
1596 3200 1789 3254 χειρο-

209 3273 583 3343 τονουμένων
608 3274 881 3343 ἀρῤἐνων
910 3276 1013 3330 καὶ
1043 3277 1321 3345 θηλειῶν.

273 3365 491 3420 Συνόδου
509 3368 911 3439 Καρθαγὲννης
945 3369 1125 3425 κανὼν
1145 3369 1243 3436 ις’·
1267 3370 1489 3425 συνόδου
1514 3370 1588 3438 ς’,
1609 3371 1791 3427 κανὼν

212 3457 293 3523 ια’,
324 3458 412 3512 ιε”
445 3460 673 3515 συνόδου
708 3462 1147 3535 Νεοκαισαρείας
1192 3464 1373 3519 κανὼν
1430 3462 1532 3518 ια’·
1570 3465 1795 3519 συνόδου

208 3551 543 3624 Χαλκηδόνος
569 3555 750 3609 κανὼν
784 3554 865 3609 ιε’.

270 3648 583 3716 Κείμενον.
626 3649 690 3703 Ἥ
722 3648 766 3702 θ’
798 3649 1044 3715 διάταξις
1086 3650 1181 3705 τοῦ
1205 3649 1253 3721 γ’
1306 3652 1412 3708 τίτ.
1444 3652 1538 3706 τοῦ
1589 3652 1637 3707 α’
1679 3653 1788 3724 βι6.

208 3740 293 3795 τοῦ
326 3743 558 3807 κώδικος
583 3744 647 3797 οὐ
696 3747 994 3815 συγχωρεῖ,
1033 3762 1087 3800 κ.
1113 3763 1165 3801 τ.
1197 3746 1271 3811 λ.,
1310 3762 1486 3817 usque
1516 3746 1582 3801 ad
1624 3748 1794 3819 ὑπερ-

210 3835 493 3908 ϐεϐηκέναι
526 3837 597 3891 τὰ
621 3836 664 3890 λ’
696 3838 813 3910 ἐτη.

270 3932 551 3998 Σχόλιον.
599 3932 665 3985 Ἦ
707 3931 751 3985 θ’
797 3932 940 3987 διάτ.
1006 3931 1101 3987 τοῦ
1147 3931 1196 3987 α’
1249 3933 1358 4003 βιὸ.
1421 3935 1514 3989 τοῦ
1563 3934 1794 3999 κώδικος

206 4022 296 4075 οὐκ
322 4026 485 4095 ἐτέθη
518 4028 602 4088 εἰς
638 4026 709 4079 τὰ
736 4027 1021 4089 Βασιλικὰ,
1081 4027 1203 4081 ούδέ
1249 4030 1281 4097 ἡ
1324 4026 1371 4081 α’
1414 4028 1659 4095 διάταξις
1697 4028 1793 4081 τοῦ

1906 2826 2061 2882 esset,
2103 2816 2383 2871 ordinatus
2421 2826 2521 2871 est.

1981 2907 2212 2963 Concilii
2231 2905 2436 2963 Nicaeni
2460 2922 2637 2963 canon
2658 2907 2713 2971 9,
2733 2906 2833 2971 ‘10;
2860 2907 3075 2962 concilii
3096 2906 3502 2962 Neocaesarien-

1905 3000 1986 3056 sis
2012 3015 2189 3055 canon
2217 3000 2286 3065 9;
2333 2999 2521 3055 Basilii
2565 3016 2744 3056 canon
2780 2999 2883 3068 27;
2917 2999 3205 3069 Theophili
3251 3017 3317 3055 ex
3347 3018 3496 3056 com-

1910 3092 2209 3147 monitorio
2239 3107 2418 3146 canon
2445 3092 2500 3157 4,
2531 3092 2584 3155 5,
2608 3095 2661 3147 8.

1978 3184 2131 3243 CAP.
2179 3184 2417 3239 XXVIII.
2456 3214 2527 3225 -——-
2570 3184 2643 3239 De
2709 3194 2866 3239 aetate
2921 3185 3345 3239 ordinandorum
3396 3188 3501 3241 sive

1910 3293 2080 3331 mares
2116 3277 2222 3332 sive
2252 3278 2463 3347 feminae
2489 3278 2617 3331 sint.

1983 3368 2213 3423 Concilii
2239 3367 2690 3437 Carthaginensis
2724 3381 2903 3421 canon
2952 3367 3058 3433 16;
3096 3368 3315 3422 concilii
3363 3370 3504 3422 sexti

1906 3477 2083 3517 canon
2118 3461 2207 3523 I4,
2245 3461 2342 3527 15;
2398 3459 2615 3515 concilii
2651 3459 3112 3515 Neoczesariensis
3156 3475 3333 3513 canon
3391 3462 3451 3515 ll
3485 3478 3499 3525 ;

1907 3551 2128 3608 concilii
2167 3550 2633 3608 Chalcedonensis
2664 3565 2844 3605 canon
2874 3551 2963 3605 15.

1985 3649 2195 3700 Textus.
2257 3643 2400 3716 Lege
2447 3653 2627 3700 const.
2668 3643 2723 3709 9,
2773 3644 2857 3698 tit.
2912 3647 2964 3708 I,
3008 3645 3104 3699 lib.
3143 3645 3193 3700 I.
3227 3646 3349 3700 cod.
3381 3644 3499 3703 Non

1907 3738 2178 3803 concedit,
2233 3746 2361 3803 etc.,
2416 3752 2576 3807 usque
2639 3736 2709 3790 ad
2771 3751 2981 3791 annum
3044 3738 3364 3794 excesserit.
3444 3749 3503 3792 ut

1906 3847 2029 3901 pag.
2060 3830 2188 3886 555.

1981 3921 2275 3977 Scholium.
2300 3921 2488 3977 Const.
2526 3920 2579 3985 9,
2616 3921 2699 3976 tit.
2736 3921 2788 3985 l,
2816 3920 2911 3974 lib.
2944 3936 2982 3985 ι,
3013 3921 3138 3976 cod.
3176 3920 3356 3992 posita
3394 3937 3498 3975 non

1907 4028 1991 4070 est
2021 4016 2073 4070 in
2106 4014 2272 4069 Basil.
2302 4031 2481 4085 neque
2526 4030 2657 4070 vero
2687 4025 2864 4069 const.
2900 4016 2948 4079 ι,
2984 4014 3065 4068 tit.
3097 4016 3116 4068 I
3150 4013 3503 4069 Novellarunt

209 4114 250 4168 α’
277 4117 375 4172 τίτ.
406 4119 522 4173 τῶν
572 4119 801 4189 Νεαρῶν
828 4118 903 4184 ς’,
929 4116 1065 4173 οὖσα
1092 4120 1263 4192 νεαρὰ
1278 4122 1705 4185 Ἰουστινάνειος,
1730 4120 1805 4185 ὡς

1911 4125 2031 4179 quae
2061 4110 2276 4164 novella
2304 4118 2455 4164 sexta
2480 4106 2777 4164 Iustiniani
2808 4117 2914 4171 εει,
2950 4117 3008 4162 ιιι
3037 4108 3366 4177 explicatum
3395 4118 3499 4162 est.

206 4207 531 4281 διείληπται.
567 4212 635 4265 Ἦ
657 4210 700 4283 β’
726 4211 972 4277 διάταξις
1009 4211 1104 4266 τοῦ
1135 4210 1180 4266 α’
1208 4213 1390 4267 τίτλου
1418 4213 1529 4268 τῶν
1562 4211 1794 4281 Νεαρῶν

206 4304 313 4357 ἐστι
338 4306 517 4377 νεαρά
554 4305 985 4369 Ἰουστινιάνειος
1018 4305 1162 4378 ρκγ’,
1196 4310 1373 4363 κεῖται
1408 4309 1464 4362 δὲ
1513 4310 1569 4361 ἐν
1603 4308 1795 4378 βιϐλίῳ

202 4397 303 4449 τῶν
324 4398 638 4451 Βασιλικῶν
672 4399 743 4469 γ’,
791 4400 896 4454 τίτ.
932 4408 1005 4464 α’,
1040 4419 1167 4471 κεφ.
1212 4400 1315 4467 κο’,
1372 4401 1548 4470 ἔχοντι
1600 4398 1793 4461 οὕτως·

205 4489 561 4544 Διακόνισσαν
582 4491 639 4544 δέ
667 4493 725 4543 ἐν
755 4493 885 4563 ἁγίᾳ
911 4494 1209 4565 Ἐκκλησία
1240 4492 1314 4563 μὴ
1348 4491 1795 4563 χειροτονεῖσθαι,

204 4581 319 4650 ἥτις
376 4584 628 4638 ἐλάττων
687 4586 835 4638 ἐστὶν
892 4587 1159 4640 ἐνιαυτῶν
1192 4584 1264 4656 μ’,
1319 4586 1351 4655 ἢ
1407 4588 1487 4649 είς
1541 4584 1821 4656 δεύτερονί

204 4666 328 4742 ἦλθε
359 4676 566 4744 γάμον.
596 4676 894 4741 Ὡσαύτως,
919 4680 1073 4748 φησὶ,
1096 4677 1189 4731 τοῦ
1215 4676 1379 4729 αὑτοῦ
1403 4678 1510 4730 τίτ.
1540 4695 1662 4746 κεςρ.
1686 4677 1793 4746 κη’,

206 4766 363 4836 μέρος
390 4767 453 4820 ὃν
483 4766 587 4838 τῆς
624 4767 796 4839 αὐτῆς
836 4769 1058 4839 νεαρᾶς,
1085 4766 1279 4820 ταῦτα·
1319 4767 1703 4838 Πρεσϐύτερον
1736 4768 1793 4820 δὲ

204 4856 462 4913 ἐλάττονα
494 4858 604 4913 τῶν
645 4860 687 4912 λ’
750 4860 1015 4913 ἐνιαυτῶν
1046 4860 1324 4929 γενέσθαι,
1363 4859 1464 4911 οὐκ
1504 4860 1797 4929 ἐπιτρέπο-

206 4967 320 5017 μεν,
341 4950 462 5005 ἀλλ’
487 4951 611 5005 οὐδὲ
640 4951 891 5006 διάκονον
921 4952 955 5023 ἢ
992 4951 1342 5005 ύποδιάκονον
1364 4952 1564 5021 ἥττονα
1584 4949 1692 5002 τῶν
1721 4947 1797 5002 κε’

203 5047 489 5114 ἐνιαυτῶν,
532 5049 657 5103 οὔτε
686 5048 1043 5121 ἀναγνώστην
1096 5048 1356 5101 ἐλάττονα
1386 5046 1490 5099 τῶν
1517 5043 1583 5114 ιη’
1619 5046 1798 5097 ἐνιαυ-

202 5142 330 5197 τών.
356 5142 511 5214 Πλὴν
545 5143 781 5211 γίνωσκε
808 5144 890 5196 ὅτι
918 5144 950 5213 ὴ
978 5144 1075 5211 μὲν
1104 5140 1273 5212 νεαρᾶ
1306 5140 1399 5193 τοῦ
1417 5136 1795 5192 ’1ουστινιανοῦ

203 5235 279 5299 εἰς
310 5236 520 5300 πλάτος
552 5236 942 5308 εύρισκομένη,
981 5235 1128 5304 λέγει
1164 5234 1410 5304 γίνεσθαι
1442 5232 1796 5302 ἀναγνώστην

202 5328 288 5381 τὸν
316 5328 452 5383 ὄντα
488 5330 707 5401 χρόνων
729 5334 803 5401 η’,
841 5331 937 5384 καὶ
963 5331 1261 5383 ἐπίσκοπον
1308 5329 1399 5381 τὸν
1432 5327 1561 5380 ὄντα
1588 5327 1796 5397 χρόνων

203 5418 291 5472 λε’.
322 5420 530 5486 Καθὼς
560 5420 719 5477 τοῦτό
762 5440 916 5493 φησι,
946 5424 1041 5476 καὶ
1071 5422 1131 5476 τὸ
1166 5422 1341 5493 παρὸν
1385 5420 1610 5491 βιϐλίον,
1641 5423 1701 5473 ἐν
1741 5421 1799 5474 δὲ

204 5518 267 5586 τῇ
298 5517 683 5585 ἀνακαθάρσει
714 5520 742 5571 6
779 5517 879 5589 μὲν
918 5518 1114 5590 χρόνος
1152 5517 1246 5570 τοῦ
1276 5515 1604 5579 ἐπισκόπου,
1655 5532 1801 5585 παρ-

206 5611 429 5683 ελείφθη
460 5612 706 5678 τελείως,
734 5614 762 5665 ὁ
798 5613 856 5666 δὲ
887 5613 1077 5682 χρόνος
1115 5611 1205 5664 τοῦ
1234 5608 1585 5679 ἀναγνώστου
1617 5608 1804 5662 ἐπλεόο

207 5721 392 5758 νασενυ
427 5706 550 5760 ἀντὶ
577 5706 688 5778 γὰρ
719 5705 767 5778 η’
815 5706 1042 5777 χρόνων,
1096 5704 1164 5776 ιη’
1206 5706 1413 5777 χρόνων
1477 5703 1615 5758 εἷναί
1667 5721 1799 5773 φησι

208 5797 295 5851 τὶν
324 5799 707 5873 ἀναγνώστην.
760 5800 1027 5869 ὐφεξλεις
1063 5798 1153 5852 ’,ὒν
1183 5800 1467 5870 προσέχειν
1502 5796 1662 5851 πλέον
1694 5798 1803 5861 τοῖς

1910 4203 2103 4260 Const.
2134 4212 2319 4258 autem
2351 4202 2407 4265 2,
2447 4202 2531 4256 tit.
2569 4200 2963 4256 INovellarum
2988 4211 3071 4254 est
3094 4200 3303 4253 novella
3329 4198 3503 4255 Justi-

1909 4297 2059 4353 niani
2092 4296 2219 4362 125,
2254 4295 2598 4365 habeturque
2627 4294 2721 4348 lib.
2755 4292 2923 4349 Basil.
2951 4294 3004 4355 5,
3042 4293 3122 4347 tit.
3166 4293 3217 4357 1,
3251 4308 3373 4363 cap.
3408 4292 3501 4355 29,

1909 4391 2055 4460 quod
2083 4391 2163 4446 sic
2188 4389 2354 4444 habet
2385 4406 2399 4443 :
2438 4387 2755 4443 Diaconissa
2784 4394 2967 4442 autem
2998 4387 3050 4440 in
3083 4396 3274 4441 sancta
3314 4387 3503 4441 Eccle-

1912 4483 1991 4539 sia
2025 4496 2134 4537 non
2190 4479 2499 4544 or’dinator,
2547 4494 2669 4549 qua:
2716 4478 2898 4532 minor
2942 4476 3305 4548 quadraginta
3338 4479 3499 4531 annis

1911 4578 2006 4642 sit,
2064 4584 2161 4630 aut
2209 4573 2276 4628 ad
2329 4573 2603 4630 secundas
2646 4571 2891 4642 pervenit
2940 4571 3178 4641 nuptias.
3238 4570 3502 4626 Similiter

1911 4669 2157 4742 ejusdem
2193 4670 2277 4723 tit.
2313 4683 2437 4738 cap.
2472 4666 2564 4726 28,
2611 4665 2760 4735 quod
2794 4664 3040 4736 ejusdem
3091 4663 3320 4718 novellae
3373 4678 3501 4733 pars

1911 4774 2017 4824 cst.
2071 4761 2187 4817 haec
2215 4760 2387 4816 dicit:
2424 4758 2814 4828 Presbyterum
2850 4771 2981 4811 vero
3022 4757 3288 4811 minorem
3339 4754 3502 4809 annis

1915 4855 2135 4926 triginta
2166 4854 2282 4908 ﬁeri
2313 4868 2421 4909 non
2448 4852 2826 4908 concedimus.
2860 4848 2967 4905 Sed
2993 4865 3171 4919 neque
3205 4849 3499 4904 diaconum

1911 4960 2005 5003 aut
2037 4946 2437 5004 subdiaconum
2472 4945 2743 5000 minorem
2784 4943 2973 5012 viginti
3001 4944 3247 5012 quinque
3284 4960 3296 4995 :
3323 4958 3500 5012 neque

1911 5042 2041 5095 item
2084 5042 2342 5095 lectorem
2378 5038 2644 5092 minorem
2686 5036 2849 5091 annis
2892 5036 3082 5090 decem
3116 5043 3171 5088 et
3206 5043 3351 5089 octo.
3395 5035 3498 5090 Ve-

1914 5145 2227 5190 rumtamen
2278 5132 2444 5197 scias,
2485 5130 2632 5202 quod
2666 5127 2979 5195 .Justiniaui
3028 5128 3267 5193 novella,
3324 5139 3383 5183 ut
3428 5129 3500 5183 ad

1911 5230 2135 5300 longum
2168 5228 2467 5288 invenitur,
2497 5225 2759 5279 lectorem
2789 5222 2904 5277 ﬁeri
2953 5222 3107 5285 dicit,
3144 5221 3240 5291 qui
3279 5230 3367 5276 est
3399 5236 3501 5276 an-

1913 5338 2107 5376 norum
2139 5329 2263 5376 octo
2293 5338 2306 5375 :
2340 5329 2394 5375 et
2425 5318 2767 5389 episcopum,
2801 5315 2892 5385 qui
2947 5325 3033 5370 est
3085 5314 3311 5385 triginta
3339 5314 3501 5385 quin-

1912 5432 2020 5487 que
2044 5434 2057 5470 :
2085 5412 2549 5485 quemadmodum
2575 5411 2680 5465 hoc
2710 5411 2873 5465 etiam
2914 5423 3158 5479 prtesens
3184 5406 3323 5462 liber
3341 5407 3496 5462 dicit.

1910 5510 2209 5565 Enimvero
2236 5510 2287 5563 in
2324 5505 2556 5581 [legum]
2583 5503 2970 5575 repurgatione
3006 5500 3247 5572 episc0pi
3278 5508 3495 5570 tempus

1906 5601 2149 5673 perfecte
2212 5610 2294 5656 cst
2343 5607 2631 5669 exceptum
2684 5594 2703 5668 [
2733 5610 2797 5652 ac
2824 5590 3196 5665 descriptum]
3227 5610 3238 5645 :
3275 5590 3498 5645 lectoris

1910 5706 2095 5751 autem
2132 5705 2369 5764 tempus,
2403 5690 2936 5762 superabumlanter.
2969 5687 3077 5741 Pro
3100 5696 3223 5740 octo
3263 5698 3499 5753 namque

1910 5790 2091 5857 annis,
2122 5787 2426 5846 octodecim
2456 5784 2643 5858 [habet
2677 5800 2739 5840 ac
2783 5781 2880 5853 tot]
2919 5792 3189 5836 annorum
3234 5778 3505 5835 lectorem.
