3904 6298
388 313 400 330 ’
484 347 612 413 1011

1648 360 1915 421 PHOTII
1954 357 2460 421 PATRIARCHE
2490 363 2599 424 ΕΡ.

3605 371 3706 434 illi?

483 439 729 533 [debere]
758 477 881 520 esse
908 465 1061 522 dicit.
1089 467 1264 526 Debes
1287 469 1474 541 itaque
1507 474 1684 543 magis
1707 475 1900 530 audire
1951 490 2050 546 qua

2177 475 2590 545 γεγραμμένοις
2620 479 2677 527 ἐν
2711 477 2824 539 τοῖς
2852 476 3162 542 Βασιλικοῖς
3189 477 3342 550 παρά
3374 479 3482 544 τοῖς
3515 497 3711 555 περιεχο-

480 555 534 609 in
572 553 742 612 Basil.
773 558 978 630 scripta
1003 570 1152 629 sunt,
1181 579 1344 634 quam
1373 581 1495 636 quae
1519 567 2070 638 comprehenduntur

479 646 535 700 in
565 647 722 704 libris
750 650 843 719 qui
881 660 1008 708 ante
1043 657 1486 726 repurgationem
1531 659 1916 716 auctoritatem
1962 662 2067 717 ob-

479 736 782 808 tinuerunt,
809 741 1004 817 [nunc]
1031 755 1211 801 autem
1247 748 1385 804 irriti
1417 760 1567 806 sunt.

546 831 711 885 Aliud
737 832 1234 893 scltolium.Const.
1267 839 1350 903 l7,
1385 842 1468 897 tit.
1500 844 1551 903 l.
1583 843 1957 915 Novellarum,
1983 861 2069 905 est

475 924 693 980 novella
723 923 1023 983 JuStiniani
1064 931 1188 993 l57,
1227 947 1350 1001 qua:
1380 935 1554 1001 posita
1582 949 1666 993 est
1695 938 1748 993 in
1774 940 1868 996 lib.
1897 940 2063 998 Basil.

474 1032 539 1080 ιι,
572 1018 658 1073 tit.
692 1020 745 1086 l,
776 1035 898 1091 cap.
929 1023 983 1086 8,
1017 1024 1160 1093 quod
1209 1023 1437 1100 [ipsum]
1469 1039 1634 1100 caput
1667 1047 1953 1102 aspersum
1982 1044 2068 1091 est

473 1108 568 1175 25,
606 1127 726 1182 cap.
764 1116 1057 1183 przesentis
1087 1116 1172 1172 tit.
1204 1119 1271 1172 ad
1303 1119 1448 1175 hunc
1494 1123 1715 1178 modum
1749 1125 2015 1198 incipiens
2049 1149 2062 1184 :

479 1202 794 1267 Sancimns,
830 1218 890 1260 ul
923 1210 1143 1276 quoties
1176 1227 1315 1280 opus
1344 1211 1508 1268 fuerit
1540 1218 1798 1273 ordinare
1850 1221 2066 1289 episco-

471 1309 625 1364 pum.
659 1295 735 1352 De
763 1313 830 1353 eo
864 1309 1079 1365 autem,
1129 1305 1224 1373 qui
1257 1305 1552 1376 episcopus
1581 1309 1922 1370 ordinandus
1958 1325 2060 1379 est,

469 1387 602 1442 illud
645 1400 811 1460 caput
847 1408 912 1447 ex
965 1404 1118 1462 parte
1155 1397 1270 1453 haec
1315 1399 1522 1457 diserte
1569 1403 1702 1458 dicit
1736 1424 1749 1460 :
1784 1403 1886 1461 Sed
1915 1410 2058 1478 quod

468 1481 650 1538 sciant
697 1485 848 1555 ipsos
903 1499 1068 1544 rectae
1113 1503 1166 1545 et
1214 1494 1499 1551 catholicae
1531 1497 1690 1565 tidei,
1723 1516 1786 1555 ac
1820 1503 2060 1558 honestae

467 1575 596 1632 vita:
624 1594 766 1645 esse,
793 1589 848 1634 et
873 1596 1037 1651 supra
1064 1584 1406 1655 trigesimum
1442 1590 1621 1644 aetatis
1654 1607 1858 1647 annum
1887 1633 1900 1658 ,
1956 1595 2058 1650 hos

464 1673 749 1746 elegerint.
777 1678 1022 1746 Abrogat
1077 1681 1245 1753 igitur
1290 1685 1404 1740 hinc
1435 1688 1670 1752 novella,
1697 1699 1959 1760 quantum
1987 1694 2055 1748 ad

465 1775 678 1822 aetatem
711 1770 953 1841 episcopi
994 1771 1234 1848 [attinet]
1265 1778 1530 1833 novellam
1566 1780 1688 1835 125.

531 1858 699 1914 Aliud
748 1843 1028 1921 scholiunt.
1081 1866 1162 1922 Ex
1214 1843 1474 1940 praesenti
1516 1872 1588 1928 28
1640 1889 1762 1946 cap.
1799 1890 1864 1932 ac
1896 1879 1950 1932 in
1990 1893 2058 1934 eo
2091 1843 2136 1900 Β

467 1952 714 2024 scriptis,
745 1954 986 2012 didicisti
1027 1968 1218 2017 aetates
1247 1963 1708 2022 ordinandorum.
1747 1967 1822 2024 De
1855 1969 1925 2026 iis
1951 1986 2052 2026 au-

468 2050 575 2096 tem
619 2044 714 2114 qui
760 2046 815 2101 in
848 2046 1161 2119 imperfecta
1210 2063 1370 2110 aetate
1419 2057 1594 2114 ollicia
1630 2069 1722 2114 aut
1762 2061 2056 2134 dignitates

465 2137 793 2209 suscipiunt,
813 2143 1109 2213 repositum
1129 2155 1215 2201 est
1231 2147 1284 2201 in
1306 2148 1539 2218 publicis
1559 2154 1790 2210 secretis
1813 2156 2053 2212 edictum

465 2244 561 2285 nu.
588 2232 760 2288 Alexii
780 2234 1044 2291 Comneni
1077 2253 1297 2310 semper
1311 2241 1625 2300 celebrandi
1677 2247 2052 2318 imperatoris.

469 2319 576 2394 [Tu
611 2324 764 2398 vero]
807 2326 938 2382 illud
961 2327 1126 2383 etiam
1159 2345 1454 2403 cognosce.
1495 2333 1670 2392 Habet
1704 2336 1937 2414 [autem]
1978 2341 2054 2398 ita

463 2415 535 2470 ad
564 2418 787 2474 verbum
820 2438 832 2475 :
865 2419 1022 2476 Multi
1050 2422 1164 2490 ubi,
1202 2424 1275 2480 ob
1319 2425 1698 2487 denuntiatam
1739 2434 2057 2505 reipublica:

464 2507 703 2578 aliquam
734 2512 1022 2568 utilitatem
1043 2555 1058 2580 ,
1089 2525 1184 2571 aut
1221 2531 1320 2586 per
1367 2520 1748 2586 ambitionem,
1799 2526 2056 2596 qualem-

464 2615 683 2673 cunque
713 2603 1036 2675 dignitatem
1062 2610 1147 2664 vel
1170 2609 1404 2667 cilicium
1437 2623 1532 2669 aut
1560 2631 1776 2686 capere,
1811 2630 1906 2674 aut
1923 2636 2052 2691 per-

463 2704 701 2762 mutare,
739 2700 1090 2756 autvendere
1121 2704 1394 2773 petierunt
1417 2724 1430 2760 :
1450 2722 1513 2762 ea
1548 2709 1598 2762 iu
1624 2725 1822 2778 parvos
1847 2730 2054 2784 pueros

383 2843 388 2848 ,
463 2787 827 2844 transferunt.
883 2790 961 2846 Ne
993 2793 1157 2864 igitur
1195 2797 1297 2851 hoc
1329 2798 1454 2864 liat,
1494 2816 1672 2871 neque
1703 2805 1840 2860 tales
1873 2808 2052 2876 impo-

461 2895 591 2935 nere
641 2879 878 2956 [nobis]
915 2897 1013 2939 aut
1063 2887 1314 2958 decipere
1361 2893 1777 2962 conspiciantur
1812 2915 1826 2952 :
1861 2901 2053 2955 statuit

461 2971 814 3042 imperatoria
857 2992 978 3032 mea
1015 2979 1280 3050 majestas
1308 2993 1365 3038 ut
1388 2988 1705 3058 quicunque
1724 2989 2046 3060 dignitatem

458 3066 542 3120 vel
571 3065 809 3121 ofﬁcium
845 3068 964 3124 sive
1003 3081 1226 3142 propter
1257 3075 1753 3147 denuntiationem,
1775 3083 1889 3140 sive
1921 3103 2049 3155 pro-

456 3162 578 3224 pter
616 3155 1052 3214 benevolentiam
1097 3161 1361 3232 aliqua-m,
1387 3167 1503 3222 sive
1532 3185 1628 3239 per
1657 3179 2046 3234 commutatio-

455 3264 605 3306 nem.
653 3250 768 3306 sive
819 3256 874 3306 in
931 3271 1130 3310 munus
1157 3265 1210 3310 et
1252 3275 1344 3326 per
1383 3261 1752 3331 largitionem,
1795 3281 1890 3324 aut
1917 3271 2049 3330 dum

455 3338 699 3394 animum
740 3351 988 3397 nostrum
1017 3346 1384 3414 oblectamus,
1430 3352 1498 3405 ab
1548 3353 1899 3425 imperatoria
1930 3379 2048 3419 ma-

2174 570 2360 639 μένοις
2387 569 2448 620 ὲν
2478 571 2592 631 τοῖς
2632 566 2859 639 βιϐλίοις
2885 571 2999 633 τοῖς
3033 569 3322 642 ἐνεργοῦσι
3353 572 3463 642 πρὸ
3492 573 3576 644 τῆς
3605 575 3708 629 ἁνα-

2171 661 2491 733 καθάρσεως
2525 663 2619 718 καὶ
2661 659 3004 733 σχολάσασιν.

2231 854 2476 923 Ἕτερον
2490 855 2770 925 σκόλιον.
2788 855 2852 909 Ἦ
2870 853 2935 919 ιζ’
2954 855 3095 910 διάτ.
3113 853 3207 909 τοῦ
3229 853 3279 910 α’
3293 855 3400 912 τίτ.
3421 856 3527 910 τῶν
3538 857 3720 929 Νεαρῶν

2166 949 2286 1002 ἐστι
2311 948 2482 1020 νεαρὰ
2517 949 2943 1012 Ίουστινιάνειος
2968 947 3100 1020 ρλξ,
3122 949 3246 1020 ἥτις
3289 949 3448 1020 ἐτέθη
3477 953 3532 1005 ὲν
3574 951 3724 1023 βιϐλίῳ

2165 1039 2276 1092 τῶν
2296 1038 2598 1092 Βασιλικῶν
2625 1037 2674 1107 γ’
2682 1079 2696 1099 ,
2729 1039 2835 1093 τίτ.
2863 1037 2913 1094 α’
2932 1079 2948 1105 ,
2993 1057 3120 1109 κεφ.
3151 1038 3201 1112 η’
3253 1081 3268 1104 ,
3312 1041 3449 1114 ὅπερ
3478 1041 3724 1109 κεφάλαιον

2169 1129 2524 1202 κατεστρώθη
2559 1132 2617 1184 ὲν
2644 1131 2724 1202 τῷ
2753 1129 2838 1198 κγ’
2869 1147 2996 1200 κεφ.
3040 1131 3133 1185 τοῦ
3176 1133 3446 1201 παρόντος
3473 1131 3596 1196 τίτ.,
3631 1134 3727 1204 ἕχον

2165 1223 2311 1276 κατὰ
2376 1223 2476 1286 τὰς
2522 1223 2696 1294 ἀρχὰς
2733 1221 2940 1287 οὕτως’
2970 1223 3314 1294 Θεσπίζομεν
3375 1224 3563 1288 ὁσάκις
3601 1225 3726 1295 χρεία

2162 1319 2390 1388 γένηται
2455 1316 2901 1388 χειροτονηθῆναι
2951 1317 3285 1380 ἐπίσκοπον,
3345 1318 3522 1371 ταῦτα
3577 1318 3723 1387 ῥητῶς

2161 1413 2219 1464 ἐν
2269 1411 2446 1482 μέρει.
2487 1409 2628 1463 Ἀλλ’
2658 1409 2859 1471 εἰδότες
2885 1410 3083 1466 αὐτοὺς
3134 1409 3234 1479 τῆς
3269 1408 3438 1480 ὀρθῆς
3493 1409 3584 1463 καὶ
3622 1411 3730 1462 καθ.

2158 1502 2349 1572 ολικῆς
2383 1502 2638 1565 πίστεως,
2665 1502 2761 1554 καὶ
2801 1499 3001 1571 σεμνοῦ
3035 1500 3152 1571 βίου
3183 1501 3279 1554 καὶ
3304 1499 3450 1572 ὑπὲρ
3480 1499 3544 1553 τὸ
3570 1498 3608 1552 λ’
3632 1501 3729 1566 ἔτος

2159 1593 2303 1650 εἶναι
2326 1596 2553 1660 τούτους
2591 1596 2938 1662 ἐπελέξαντο.
2961 1595 3206 1668 Ἀναιρεῖ
3228 1596 3361 1665 γοῦν
3379 1598 3602 1670 τοιαύτη
3629 1605 3732 1665 νεαζ

2158 1690 2228 1762 ρὰ
2273 1691 2397 1744 ὅσον
2464 1690 2545 1754 εἰς
2588 1689 2715 1753 τοὺς
2754 1689 2985 1759 χρόνους
3021 1689 3115 1744 τοῦ
3144 1690 3449 1744 ἐπισκόπου
3479 1691 3578 1763 τὴν
3639 1710 3724 1764 ρκγ

2170 1801 2262 1838 νεα
2273 1784 2394 1853 ραν.

2245 1879 2495 1947 “Ετερον
2529 1879 2808 1948 σκόλιον.
2840 1876 3155 1947 Σημείωσαι
3199 1877 3282 1930 ὅτι
3324 1876 3435 1930 ἀπὺ
3479 1877 3574 1930 τοῦ
3612 1895 3732 1950 παρ-

2173 1973 2328 2036 όντος
2352 1970 2438 2042 κη’
2466 1988 2593 2041 κεφ.
2630 1971 2726 2025 καὶ
2762 1969 2872 2024 τῶν
2901 1971 2963 2024 ὲν
2996 1969 3146 2040 αὐτῷ
3186 1970 3532 2042 γραφέντων,
3565 1969 3735 2039 ἔμαθες

2171 2068 2302 2128 τοὺς
2327 2065 2551 2136 χρόνους
2579 2064 2690 2119 τῶν
2731 2063 3061 2134 ὀφειλόντων
3111 2063 3566 2134 χειροτονεῖσθαι·
3586 2064 3659 2117 ὅτι
3691 2063 3736 2117 δὲ

2174 2159 2336 2231 χάριν
2359 2157 2470 2212 τῶν
2500 2156 2890 2228 λαμϐανόντων
2919 2155 3152 2223 ὀφφίκια
3179 2154 3212 2225 ἢ
3249 2154 3540 2226 ἀξιώματα
3559 2155 3735 2208 ἀτελῶν

2171 2251 2550 2321 κατέττρωται
2577 2250 2658 2313 είς
2691 2250 2752 2301 τὸ
2782 2247 3118 2320 δημοσίακον
3151 2245 3410 2318 σέκρετον
3433 2247 3736 2317 πρόσταγμα

2170 2342 2267 2397 τοῦ
2299 2340 2546 2412 ἀοιδίμου
2591 2340 2859 2412 βασιλέως
2903 2340 3097 2411 κυρίου
3129 2339 3373 2404 Ἀλεξίου
3411 2338 3505 2393 τοῦ
3543 2340 3735 2410 Κομνηο

2169 2436 2284 2490 νοῦ.
2339 2435 2582 2488 Γίνωσκε
2626 2432 2720 2488 καὶ
2768 2431 2926 2486 τοῦτο
2959 2431 3084 2502 ἕχον
3131 2431 3275 2484 κατὰ
3325 2430 3481 2503 ῥῆμα
3511 2447 3527 2462 ο
3562 2429 3734 2483 Πολλοὶ

2170 2527 2667 2600 προσαγγείλαντες
2705 2524 2977 2593 ὠφέλειαν
3007 2523 3103 2577 τοῦ
3151 2522 3419 2594 δημοσίου
3465 2520 3584 2574 τινὰ
3611 2521 3640 2591 ἢ
3667 2524 3735 2575 αἱ·

2167 2621 2419 2691 τούμενοι
2470 2620 2612 2674 κατά
2669 2617 2982 2689 φιλοτιμίαν
3015 2616 3220 2682 λαϐεῖν,
3267 2616 3301 2687 ἥ
3343 2614 3731 2684 ἀνταλλάξαι,ῆ

2171 2714 2422 2784 πωλῆσαι
2459 2709 2679 2784 ἀξίωμα
2721 2709 3096 2782 οἱονδήποτεῆ
3130 2709 3410 2780 όφφίκιον,
3455 2707 3732 2776 μεταδιδά-

2170 2809 2320 2873 Coum
2357 2807 2535 2861 ταῦτα
2561 2808 2641 2870 εἰς
2676 2806 2871 2869 παῖδας
2897 2802 3148 2876 μικρούς.
3190 2803 3311 2856 ’Ἰνα
3337 2798 3432 2856 οὖν
3473 2802 3545 2871 μὴ
3590 2799 3729 2853 τοῦτο

2169 2903 2396 2972 γένηται
2420 2899 2556 2971 μηδὲ
2579 2898 2780 2952 δοκῶσι
2797 2896 3057 2968 φενακίζε
3067 2897 3161 2968 ινῆ
3193 2896 3413 2967 ἀπατᾷν
3434 2896 3481 2948 οἱ
3500 2893 3730 2956 τοιοῦτοι,

2165 2993 2464 3065 διορίζεται
2495 2993 2527 3062 ἠ
2562 2990 2811 3063 βασιλεία
2848 3005 2952 3062 μου
2987 2989 3078 3044 ἵνα
3105 2989 3256 3051 ὅστις
3289 2987 3429 3060 λάϐῃ
3473 2985 3730 3055 ἀξίωμαῆ

2165 3087 2423 3157 ὀφφίκιον
2480 3085 2592 3139 εἴτε
2651 3084 2740 3137 διὰ
2788 3080 3232 3154 προσαγγελίαν,
3276 3081 3387 3134 εἴτε
3419 3079 3489 3133 δι’
3540 3077 3733 3132 εὔνοιάν

2172 3197 2315 3244 τινα,
2343 3181 2452 3232 εἴτε
2508 3177 2649 3231 κατά
2697 3175 3022 3248 ἐναλλαγὴν,
3079 3174 3191 3227 εἴτε
3245 3175 3390 3228 κατὰ
3426 3171 3628 3243 δωρεὰν
3649 3170 3732 3225 καὶ

2171 3271 2484 3342 φιλοτιμίαν
2509 3270 2610 3341 τῆς
2642 3269 2920 3341 βασιλείας
2962 3288 3087 3342 μου,
3119 3270 3152 3342 ἢ
3202 3267 3434 3340 ψυχικὸν
3471 3267 3634 3337 αὐτῆς
3666 3265 3732 3337 μὴ

2155 3365 2410 3434 δέχεσθαι
2439 3365 2733 3435 πρόσωπον
2756 3364 2817 3417 τὸ
2845 3364 3160 3436 τιμώμενον
3181 3363 3406 3418 ἔλαττον
3426 3362 3532 3416 τῶν
3547 3360 3598 3432 η’
3617 3361 3729 3433 χρό-

449 3430 648 3500 jestate
695 3436 970 3505 acceperit
1003 3454 1017 3491 :
1048 3453 1117 3494 ne
1146 3439 1572 3515 [is]quempiam
1601 3450 1692 3518 qui
1728 3452 2046 3527 honoretur,

454 3525 645 3596 viginti
673 3527 833 3584 annis
871 3530 1142 3586 minorem
1205 3533 1285 3606 [in
1334 3536 1513 3594 locum
1551 3544 1740 3617 suum]
1771 3525 2042 3608 admittat.

451 3616 595 3682 Quin
654 3635 849 3676 omnes
891 3623 1212 3696 quicunque
1260 3642 1360 3698 per
1422 3632 1646 3689 easdem
1698 3616 1897 3697 causas
1949 3655 2046 3702 aut

451 3710 767 3781 dignitatem
797 3723 894 3770 aut
918 3715 1155 3772 ollirium
1189 3722 1513 3793 accipiunt,
1572 3729 1812 3801 majores
1849 3737 2041 3808 viginti

449 3805 612 3859 anuis
644 3816 829 3862 sunto.
849 3806 1082 3874 Quando
1107 3813 1612 3884 veroimperatoria
1638 3838 1757 3878 mea
1783 3805 2044 3897 majestas

452 3916 561 3956 non
596 3910 818 3971 pmpter
859 3905 1020 3958 talem
1062 3921 1312 3972 causam,
1350 3913 1444 3966 sed
1487 3915 1635 3971 nulla
1667 3934 1832 3978 causa
1873 3924 2043 3980 inter-

451 3995 703 4050 veniente
755 3997 1111 4056 honoraverit
1149 4006 1486 4075 quempiam,
1520 4022 1615 4064 aut
1650 4013 1828 4070 oﬂlcio
1871 4019 2045 4076 dona-

450 4083 591 4138 verit
624 4102 637 4139 :
666 4089 882 4144 tametsi
918 4090 1220 4149 honoratus
1244 4095 1432 4166 viginti
1455 4101 1615 4154 annis
1640 4103 1825 4160 minor
1856 4107 2060 4177 fuerit,

451 4176 590 4232 citra
607 4176 1004 4237 dubitationem
1031 4192 1210 4241 tamen
1231 4187 1304 4242 illi
1327 4188 1613 4268 [insignia]
1639 4176 2038 4258 insternuntor.

451 4267 773 4340 Reponatur
797 4275 962 4344 igitur
987 4293 1230 4348 praesens
1257 4282 1372 4338 haec
1408 4285 1604 4342 tabella
1639 4288 1782 4346 inter
1815 4294 2038 4351 chartas

449 4375 790 4420 secretorum
824 4379 1162 4439 nostrorum,
1204 4374 1269 4428 ad
1301 4379 1694 4436 ostendendam
1730 4384 2035 4455 imperandi

2163 4394 2206 4448 Ξὲ
2255 4393 2578 4465 προκεῖσθαι
2629 4396 2708 4456 εἰς
2746 4394 2804 4446 τὸ
2847 4394 3134 4448 πιττάκιον
3166 4393 3260 4446 τοῦ
3297 4394 3516 4465 ἀμέσως
3563 4408 3721 4462 τιμω-

446 4457 898 4532 guhernandique
928 4463 1292 4533 imperatoria.
1344 4487 1478 4527 mea:
1532 4477 1838 4544 ntajestatis
1869 4483 2036 4537 ratio-

2163 4457 2336 4550 ν.ἐνού,
2368 4487 2429 4539 τὸ
2485 4487 2951 4560 καταστρωθήτω,
2995 4487 3072 4558 μὴ
3113 4488 3462 4558 κωλυόμενον
3487 4489 3590 4542 ἀπὸ
3632 4488 3723 4555 τῆς

448 4562 597 4613 nem,
630 4551 732 4624 [et]
779 4563 838 4608 ut
872 4554 977 4610 hoc
1008 4559 1172 4612 modo
1203 4561 1462 4633 deinceps
1492 4564 1545 4619 in
1587 4583 1752 4624 omne
1787 4570 2033 4629 futurum

2163 4581 2436 4648 γεγονυίας
2471 4551 3008 4654 προστάξεωςπαρὰ
3037 4584 3137 4654 τῆς
3169 4582 3451 4654 βασιλείας
3477 4601 3575 4653 μου
3601 4579 3720 4650 περὶ

449 4651 664 4711 tempus
692 4643 988 4702 edicaciam
1026 4649 1244 4705 haheat.
1277 4651 1450 4710 Debet
1473 4667 1656 4714 autem
1689 4660 1742 4714 in
1772 4662 1893 4732 ejus
1946 4668 2039 4736 qui

445 4737 583 4791 citra
613 4737 887 4814 [causam]
927 4745 1163 4800 mediam
1201 4746 1506 4804 honoratur
1533 4793 1547 4817 ,
1609 4754 1793 4810 tabula
1827 4760 1986 4830 adjici
2021 4779 2036 4817 :

445 4829 792 4889 lnstcrnitor.
829 4835 1033 4908 [Atque
1067 4839 1164 4912 ita]
1198 4857 1304 4896 non
1326 4844 1654 4913 iuipedietur
1673 4865 1769 4918 per
1791 4829 2036 4910 edictum

2163 4829 2223 4924 in;
2258 4829 2317 4914 έν
2350 4829 2553 4932 εἰδήσει
2580 4861 2774 4916 τούτου
2806 4829 3104 4934 γινομένης
3151 4864 3251 4934 τῆς
3303 4861 3578 4934 βασιλείας
3621 4877 3714 4931 μου

443 4925 512 4979 de
565 4926 632 4982 iis
686 4929 778 4998 qui.
835 4931 1079 4986 minores
1121 4933 1310 5003 viginti
1347 4937 1510 4992 annis
1541 4939 1921 5012 honorantur,
1965 4948 2036 5003 ab

2163 4953 2227 5023 τῷ
2254 4955 2384 5024 μηνὶ
2414 4955 3081 5026 ἸανουαρίῳΊνδικτιῶνος
3101 4963 3182 5021 ιε’,
3209 4957 3300 5011 διὰ
3325 4957 3416 5011 τοῦ
3445 4956 3713 5028 βασιλέως.

448 5017 801 5083 imperatoria
837 5037 956 5076 mea
998 5023 1287 5092 majestate
1330 5027 1556 5083 lactant.
1609 5032 1686 5087 Ac
1737 5052 1868 5092 vero
1910 5050 2034 5096 esto
2069 5042 2173 5097 hoc
2234 5045 2796 5118 signumeorum,qui
2831 5049 2915 5118 (ut
2975 5049 3181 5104 dictum
3210 5050 3318 5122 est)
3349 5052 3483 5106 citra
3505 5064 3713 5104 causam

442 5112 678 5166 mediam
734 5114 1077 5170 honorantur
1117 5135 1130 5169 :
1171 5130 1432 5190 tanquam
1495 5123 1849 5196 imperatoria
1904 5149 2025 5190 mea
2068 5137 2330 5207 majestas
2411 5139 2516 5192 hoc
2583 5139 2825 5194 seivcrit.
2881 5140 3070 5198 Mense
3111 5141 3380 5198 Januario
3432 5142 3715 5198 indictione

439 5207 654 5272 qu'nta.
678 5221 775 5275 per
806 5207 1214 5276 imperatorem.

511 5300 675 5353 Aliud
715 5301 1000 5358 scholium.
1025 5306 1146 5360 Alia
1172 5308 1391 5377 quidem
1418 5311 1609 5392 [certe]
1643 5319 1822 5392 legum
1853 5321 1942 5378 hic
1964 5323 2032 5380 de

438 5394 850 5465 episcoporum,
883 5401 1256 5468 sacerdotum,
1282 5405 1664 5479 diaconorum,
1703 5425 1871 5487 atque
1893 5419 2028 5473 sub-

435 5487 801 5543 diaconorum
830 5492 1008 5548 aetatis
1030 5495 1192 5551 annis
1213 5513 1560 5568 aspersarum
1595 5504 1841 5580 [capita],
1880 5512 2025 5580 quod

434 5580 626 5636 eadem
649 5589 704 5636 et
729 5583 1040 5640 canonibus
1072 5587 1414 5660 placuerunt,
1447 5595 1523 5668 [in
1556 5601 1859 5675 republica]
1891 5604 2028 5657 obti-

436 5683 565 5728 nent
602 5683 767 5745 atque
799 5689 916 5733 rata
947 5689 1078 5736 sunt
1112 5699 1126 5736 :
1173 5683 1304 5739 illud
1345 5697 1528 5745 autem
1556 5692 1625 5746 de
1660 5703 1821 5748 aetate
1857 5697 2027 5751 lecto-

435 5780 556 5818 ium
593 5783 701 5838 qua
742 5767 812 5824 de
866 5786 1033 5828 causa
1085 5790 1194 5829 non
1228 5779 1494 5848 obtineat,
1541 5799 1647 5838 non
1686 5787 1866 5842 video.
1913 5789 2024 5843 Ta-

431 5861 592 5918 metsi
616 5867 761 5923 enim
799 5867 886 5927 lex
919 5869 1090 5942 dicat,
1131 5873 1430 5935 octodecim
1465 5895 1738 5938 annorum
1766 5882 2027 5944 lectorem

2161 3475 2289 3512 νων.
2329 3457 2490 3512 Ἀλλὰ
2523 3457 2725 3521 πάντες
2760 3458 2810 3510 oi
2835 3457 2924 3510 διὰ
2948 3457 3046 3520 τὰς
3069 3457 3242 3520 αὑτὰς
3262 3456 3444 3520 αἰτίας
3473 3457 3506 3527 ἢ
3530 3455 3728 3525 ἀξίωμα

2157 3555 2190 3626 ἢ
2244 3554 2499 3626 όφφίκιον
2548 3555 2953 3626 λαμϐάνοντες,
3009 3554 3257 3608 ἔστωσαν
3306 3554 3524 3626 μείζους
3553 3552 3660 3606 τῶν
3686 3549 3729 3604 κ’

2155 3651 2387 3721 χρόνων.
2411 3649 2543 3703 Ὅτε
2577 3649 2635 3702 δὲ
2684 3651 2718 3719 ἡ
2777 3648 3025 3720 βασιλεία
3076 3666 3204 3718 μου,
3241 3648 3302 3702 ού
3350 3647 3439 3703 διὰ
3491 3645 3729 3716 τοιαύτην

2156 3742 2358 3806 αἰτίαν,
2393 3743 2530 3798 ἀλλὰ
2566 3743 2787 3814 ἀμέσως
2817 3743 3026 3815 τιμήσῃ
3051 3742 3228 3813 τινὰῆ
3259 3742 3559 3814 δωρήσεται
3584 3739 3728 3811 όφφί-

2155 3837 2272 3891 κιόν
2296 3853 2425 3899 τινι,
2445 3835 2551 3890 κάν
2583 3835 2822 3888 ἐλάττων
2910 3835 3017 3889 τῶν
3039 3841 3090 3888 κ’
3119 3834 3329 3906 χρόνων
3351 3836 3380 3888 ό
3415 3832 3724 3904 τιμώμενος,

2154 3927 2698 3998 καταστρωννυέσθω
2726 3927 2902 3992 οὕτως
2946 3926 3359 3998 ἀναμφιϐόλως.
3405 3928 3726 3994 Καταστρω-

2155 4020 2305 4090 Οήτω
2335 4017 2429 4074 οὖν
2478 4021 2538 4075 τὸ
2573 4021 2748 4090 παρόν
2781 4021 3072 4074 πιττάκιον
3100 4023 3160 4074 ὲν
3191 4023 3307 4084 τοῖς
3330 4021 3440 4074 τῶν
3475 4019 3562 4089 ὑφ’
3589 4017 3721 4088 ἡμᾶς

2152 4113 2425 4184 δεκρέτων
2454 4114 2722 4185 χαρτίοις,
2754 4116 2833 4179 είς
2865 4115 3098 4188 δήλωσιν
3131 4115 3232 4185 τῆς
3273 4111 3615 4186 προστάξεως
3638 4111 3722 4164 καὶ

2152 4207 2467 4278 οἰκονομίας
2499 4210 2597 4279 τῆς
2633 4205 2912 4277 βασιλείας
2948 4226 3073 4278 μου,
3121 4209 3198 4272 ὼς
3250 4207 3319 4263 ἂν
3361 4207 3534 4271 οὕτως
3579 4207 3722 4276 ἐνερ-

2151 4305 2330 4366 γεῖται
2354 4301 2463 4354 ἀπὸ
2493 4301 2587 4354 τοῦ
2616 4299 2712 4353 νῦν
2738 4303 2833 4354 καὶ
2869 4302 2963 4355 ἐπὶ
2997 4302 3065 4356 τὰ
3105 4300 3439 4372 ἔμπροσθεν.
3504 4299 3719 4369 Ὀφείλει

2147 4676 2257 4728 τῶν
2284 4677 2615 4746 τιμωμένων
2658 4676 2965 4729 ἐλαττόνων
3004 4676 3113 4728 τῶν
3140 4675 3189 4729 κ’
3236 4677 3397 4730 ἐτῶν.
3443 4675 3549 4730 Καὶ
3592 4674 3720 4727 ἔστω

2148 4767 2441 4840 γνώρισμα
2469 4768 2626 4822 τοῦτο
2653 4770 2761 4822 τῶν
2782 4771 3024 4840 ἀμέσως,
3058 4771 3132 4835 ὡς
3149 4774 3388 4843 εἴρηται,
3408 4771 3717 4840 τιμωμένων

2189 5329 2442 5399 ’Ἕτερον
2455 5332 2733 5400 σκόλιον.
2753 5332 2833 5386 Τὰ
2853 5333 2950 5402 μὲν
2962 5333 3098 5388 ἄλλα
3110 5332 3218 5388 τῶν
3237 5332 3716 5406 καταπρωθέντων

2139 5423 2374 5476 ἐνταῦθα
2385 5424 2565 5494 νόμων
2584 5425 2742 5495 χάριν
2763 5426 2871 5480 τῶν
2892 5427 3232 5494 ἐπισκόπων,
3253 5429 3362 5481 τῶν
3375 5429 3577 5500 ίερέων,
3606 5425 3711 5478 τῶν

2136 5518 2422 5584 διακόνων,
2456 5520 2550 5572 καὶ
2578 5519 2688 5572 τῶν
2716 5519 3086 5574 ὐποδιακόνων
3113 5522 3243 5592 περὶ
3262 5521 3372 5576 τῶν
3402 5522 3596 5594 χρόνων
3615 5517 3710 5585 τῆς

2138 5610 2354 5682 ἡλικίας
2384 5612 2584 5680 αὐτῶν,
2622 5613 2884 5686 κρατοῦσι
2904 5615 3000 5669 καὶ
3025 5616 3365 5685 ἐνεργοῦσιν,
3387 5617 3465 5670 ὅτι
3498 5613 3728 5674 καὶτοῖς-

2138 5704 2327 5758 κανόσι
2341 5707 2512 5760 ταῦτα
2527 5707 2734 5772 ἔδοξαν.
2756 5707 2829 5762 Τὸ
2848 5708 2903 5762 δὲ
2920 5709 3164 5782 περὶτῆς
3185 5710 3404 5782 ἡλικίας
3421 5709 3508 5764 τοῦ
3524 5707 3704 5779 χρόνον

2136 5793 2247 5847 τῶν
2266 5795 2630 5866 ἀναγνωστῶν
2653 5799 2804 5862 ὅπως
2830 5800 2930 5853 οὐκ
2965 5801 3202 5871 ἐνεργεῖ,
3233 5802 3414 5870 ἀγνοῶ
3437 5819 3451 5834 ·
3481 5799 3568 5854 τοῦ
3599 5797 3701 5866 γάρ

2137 5887 2301 5961 νόμου
2323 5889 2572 5961 λέγοντος
2607 5887 2676 5963 ιη’
2700 5891 2908 5962 χρόνων
2929 5891 3168 5962 ὀφείλειν
3201 5890 3341 5950 εἶναι
3371 5895 3456 5950 τὸν
3478 5886 3696 5962 ἀναγνώρ
