3904 6298
169 339 274 405 1013

935 339 1421 402 NOMOCA‘NON.
1462 367 1535 377 --
1569 339 1716 400 ΤΙΤ.
1760 339 1810 414 Ι,
1851 343 2009 408 CAP.
2052 349 2267 429 XXIX,
2310 357 2495 422 XXX.

3254 369 3390 435 10H

169 477 289 529 στην,
331 455 550 527 σήμερον
581 454 979 526 σφραγίζονται
1038 455 1387 526 ἀναγνῶσται
1437 457 1690 528 κληρικοὶ

1808 477 1920 518 esse
1951 465 2146 522 debere
2181 489 2194 525 :
2230 471 2604 543 insigniuntur
2655 487 2837 537 tamen
2901 485 3063 541 hodie
3114 487 3384 547 lectorum

166 549 378 618 ἑξαετεῖς,
407 547 516 600 ἐστι
547 546 589 600 δ’
615 547 704 601 ὅτε
723 549 818 602 καὶ
851 551 1109 619 τριετεῖς.
1153 549 1454 619 Ἀνάγνωθι
1479 545 1573 604 οὖν
1603 549 1694 604 τὸν

169 646 216 698 ιδ’
238 642 317 696 καὶ
363 647 417 693 ιε’
467 638 665 694 κανόνα
692 640 795 710 τῆς
835 640 889 708 ς’
924 642 1146 697 συνόδου
1196 642 1516 714 καθαιρέσει
1559 642 1698 698 καθ-

165 736 482 794 υωδάλλοντα
509 735 633 798 τοὺς
649 737 1093 808 χειροτονοῦντας
1120 737 1402 802 διακόνους
1431 737 1528 791 καὶ
1554 737 1688 791 ὐποο

164 831 396 894 διακόνους
420 829 520 898 πρὸ
552 828 1004 901 συμπληρώσεως
1030 830 1126 884 τοῦ
1157 829 1234 884 κε’
1261 831 1454 902 χρόνου
1487 830 1691 895 αὐτῶν,

163 921 378 986 ὡσαύτως
420 922 509 974 καὶ
545 923 670 984 τοὺς
721 923 885 992 ίερεϊς
924 923 1031 994 πρὸ
1055 923 1150 977 τοῦ
1177 923 1220 976 λ’
1277 924 1494 996 χρόνου.
1538 925 1602 977 Οἱ
1639 923 1694 977 δὲ

165 1016 366 1083 λέγοντες
394 1015 464 1084 μὴ
500 1013 832 1082 βλάπτεσθαι
881 1017 1008 1079 τοὺς
1046 1017 1521 1088 σφραγιζομένους
1555 1016 1692 1069 ἀνα-

163 1108 365 1178 γνώστας
391 1108 491 1179 πρὸ
513 1125 574 1160 συ
583 1107 962 1179 μπληρώσεως
985 1108 1080 1162 τοῦ
1119 1109 1188 1182 ιη’
1211 1111 1407 1182 χρόνου
1444 1111 1546 1180 τῆς
1571 1109 1692 1178 ἡλι-

163 1202 260 1264 κίας
285 1199 446 1253 αὐτῶν
481 1199 649 1253 διὰτὸ
684 1201 759 1271 μὴ
811 1201 1125 1272 μεμνῆσθαι
1170 1203 1264 1256 καὶ
1310 1201 1516 1256 τούτων
1567 1203 1695 1266 τοὺς

163 1297 351 1358 κανόνας
398 1295 583 1358 κακῶς
623 1295 898 1365 λέγουσιν.
941 1297 1111 1350 Ἔνθα
1153 1297 1253 1367 μὲν
1297 1298 1406 1368 γὰρ
1458 1298 1612 1352 οὐδέν
1641 1315 1693 1350 τι

161 1391 200 1443 oi
219 1388 412 1452 κανόνες
432 1387 781 1458 διορίζονται,
806 1389 1100 1459 ὀφείλομεν
1123 1393 1236 1454 τοῖς
1261 1389 1448 1460 νόμοις
1469 1389 1695 1444 ἀκολου-

161 1482 263 1545 θεῖν,
295 1481 323 1552 ῆ
354 1483 413 1535 ἐκ
445 1481 551 1535 τῶν
586 1483 791 1552 ὁμοίων
819 1483 1040 1554 τέμνειν
1063 1483 1134 1536 τὰ
1161 1483 1343 1553 ὅμοια.

208 1683 424 1738 ΚΕΦΑΛ.
457 1683 585 1740 KG’.
605 1713 675 1724 —
694 1685 832 1754 Περὶ
868 1684 1170 1755 ποιήσεως
1194 1688 1691 1756 χωρεπισκόπων,

1798 553 2122 613 clericorum
2155 559 2390 638 [titulo],
2427 569 2522 638 qui
2554 585 2648 625 sex
2678 586 2974 640 annorum,
3010 586 3065 632 et
3109 579 3386 636 interdum

1797 647 1963 740 etiam
1991 651 2155 707 trium
2187 653 2614 736 [tantummodo]
2657 673 2806 721 sunt.
2859 667 3000 739 Lege
3027 670 3193 740 igitur
3230 674 3297 728 l4
3335 683 3390 730 et

1799 737 1867 794 15
1889 754 2130 799 canones
2183 749 2404 805 concilii
2440 755 2604 820 sexti,
2632 757 2727 826 qui
2755 737 3072 817 remotioni—
3087 764 3390 834 subjiciunt

1795 846 1912 898 eos,
1946 834 2041 902 qui
2081 836 2345 897 diaconos
2379 854 2474 899 aut
2525 849 2900 908 subdiaconos
2945 854 3208 911 ordinant
3262 868 3391 914 antae

1795 927 2126 998 completum
2160 933 2482 1004 vigesimum
2515 941 2769 1010 quintum
2830 944 3089 1022 [aetatis]
3143 951 3388 1021 ipsorum

1795 1035 2003 1079 annum
2041 1044 2056 1080 :
2089 1037 2184 1082 aut
2225 1033 2542 1091 sacerdotes
2585 1049 2713 1094 ante
2770 1041 3114 1110 trigesimum
3157 1060 3388 1100 annum.

1796 1112 1902 1180 Qui
1938 1131 2066 1172 vero
2097 1118 2290 1176 dicunt
2320 1139 2426 1179 non
2467 1130 2710 1196 peccari,
2731 1131 2775 1186 si
2811 1132 3044 1191 lectores
3089 1145 3217 1192 ante
3239 1153 3391 1193 com-

1795 1205 2000 1276 pletum
2032 1209 2539 1284 duodevigesimum
2573 1223 2752 1276 aetatis
2811 1240 2926 1280 sua:
2990 1243 3194 1283 annum
3251 1231 3390 1287 insi-

1795 1300 2079 1370 gniantur,
2116 1305 2262 1374 quod
2305 1306 2550 1377 ipsorum
2587 1327 2832 1371 canones
2887 1319 3223 1375 mentionem
3283 1338 3392 1378 non

1797 1393 2023 1462 faciant,
2051 1400 2192 1456 male
2223 1400 2433 1456 dicunt.
2468 1401 2572 1458 Ubi
2598 1407 2744 1460 enim
2777 1423 3024 1468 canones
3047 1413 3185 1468 nihil
3209 1415 3392 1471 deter-

1799 1489 2032 1558 minant,
2075 1495 2233 1560 sequi
2266 1495 2533 1552 debemus
2568 1497 2736 1570 leges,
2765 1511 2820 1558 et
2843 1502 3045 1560 similia
3080 1521 3146 1562 ex
3187 1507 3388 1563 simili-

1797 1581 1904 1640 hus
1939 1585 2213 1641 dedicere.

1865 1694 2020 1752 CAP.
2075 1697 2268 1754 XXIX.
2323 1730 2394 1742 --
2459 1702 2533 1758 De
2633 1707 2902 1762 creatione
2981 1710 3392 1782 episcOporum,

156 1779 230 1833 καί
249 1781 395 1842 πότε,
426 1777 523 1831 καὶ
557 1777 684 1844 πῶς
720 1778 1179 1849 προσφέρουσιν
1216 1778 1254 1846 ἢ
1273 1777 1687 1849 μεταδιδόασι,

1808 1788 1884 1858 yui
1923 1789 2182 1859 episcopis
2212 1791 2471 1861 subsunt,
2509 1806 2558 1850 et
2595 1799 2834 1864 quando,
2877 1809 2927 1855 et
2969 1777 3232 1872 quomodo
3263 1805 3397 1875 0θέ-

152 1872 225 1929 καὶ
249 1872 399 1936 τινας
423 1871 877 1939 χειροτονοῦσιν
908 1873 946 1940 ἢ
983 1873 1078 1926 οὔ.

202 1963 395 2016 Συνόδου
437 1963 711 2034 Ἀγκύρας
747 1965 932 2018 κανὼν
974 1964 1043 2034 ιγ’
1070 1982 1084 1996 ⁸
1127 1965 1344 2019 συνόδου
1374 1965 1683 2020 Νεοκαισα-

151 2057 268 2127 ρείας
282 2057 448 2110 κανὼν
480 2064 551 2125 ιγ’
576 2075 590 2088 ·
625 2059 842 2112 συνόδου
867 2059 1199 2130 Ἀντιοχείας
1221 2059 1403 2114 κανὼν
1432 2067 1461 2114 ι’
1482 2077 1496 2092 ο
1524 2061 1690 2115 Βασι-

147 2149 258 2203 λείου
281 2151 338 2202 ἐκ
363 2149 460 2219 τῆς
492 2151 630 2222 πρὸς
659 2151 787 2215 τοὺς
820 2153 1272 2224 χωρεπισκόπους
1301 2153 1613 2226 ἐπιστολῆς.

195 2352 415 2406 ΚΕΦΑΛ.
473 2356 558 2408 Λ’.
586 2385 658 2396 -ο
684 2354 826 2425 Περὶ
868 2355 976 2410 τοῦ
1019 2355 1068 2418 ζ’
1106 2356 1205 2411 καὶ
1239 2358 1484 2441 ⁸μόνους
1532 2353 1688 2413 εἶναι

143 2445 438 2515 διακόνους,
472 2447 595 2502 κᾶν
622 2449 662 2517 ἡ
690 2449 872 2514 πόλις
899 2447 1138 2520 μεγάλη
1167 2443 1229 2522 ᾗ.

194 2563 393 2616 Συνόδου
439 2562 881 2636 Νεοκαισαρείας
932 2563 1114 2619 κανὼν
1183 2567 1275 2622 ιδνο
1331 2567 1550 2622 συνόδου
1607 2568 1685 2634 ς’,

142 2655 287 2708 κανὼν
319 2654 400 2724 ιβ’.
551 2645 560 2654 ’

191 2751 473 2819 Κείμενον.
518 2750 587 2804 Ἦ
631 2749 680 2806 α’
713 2750 854 2806 διάτ.
897 2752 993 2806 τοῦ
1027 2751 1076 2806 α’
1115 2753 1220 2808 τίτ.
1280 2753 1391 2807 τῶν
1434 2754 1684 2826 Νεαρῶν,

139 2861 179 2897 κ.
203 2861 244 2897 τ.
271 2843 338 2909 λ.,
377 2861 556 2918 usque
595 2845 663 2900 ad
696 2845 897 2916 ψάλται
931 2843 1031 2910 κε’,
1065 2845 1306 2918 θυρωροὶ
1349 2846 1442 2900 σε’.

191 2961 440 3029 Σχόλιον.
496 2962 565 3014 Ἦ
617 2959 664 3015 α’
733 2961 871 3017 διάτ.
915 2961 1011 3015 τοῦ
1042 2960 1088 3014 α’
1141 2963 1248 3017 τίτ.
1299 2963 1409 3016 τῶν
1459 2962 1689 3033 Νεαρῶν

136 3054 228 3106 ἐστι
253 3055 410 3125 νεαρὰ
440 3055 880 3120 ἰουστινιάνειος
910 3053 985 3122 ς’,
1025 3055 1184 3109 τοῦτο
1206 3057 1262 3110 δὲ
1280 3057 1340 3111 τὸ
1363 3075 1488 3126 κεφ.
1518 3057 1688 3128 αὐτῆς

1799 1891 2051 1946 rant,aut
2072 1888 2479 1950 communicent,
2524 1898 2572 1944 et
2599 1906 2730 1960 quos
2755 1891 3018 1958 ordinent,
3051 1905 3147 1948 aut
3169 1912 3294 1950 non.

1871 1977 2100 2034 Concilii
2140 1979 2418 2053 Ancyram
2469 1998 2650 2038 canon
2679 1983 2780 2048 l5,
2832 1988 3052 2044 concilii
3105 1987 3396 2046 Neocaesa-

1799 2069 2003 2126 riensis
2045 2086 2224 2127 canon
2283 2073 2370 2137 l3,
2411 2073 2514 2140 li;
2556 2075 2778 2130 concilii
2825 2077 3158 2135 Antiocheni
3213 2095 3394 2136 canon

1803 2161 1908 2230 10;
1948 2161 2188 2220 Basilius
2231 2179 2296 2220 ex
2341 2164 2572 2235 cpistola
2642 2165 2710 2221 ad
2749 2166 3041 2240 episcopos
3106 2170 3214 2241 ipsi
3263 2171 3400 2228 sub-

1803 2249 1994 2320 jectos.

1869 2363 2024 2421 CAP.
2050 2365 2317 2422 XXX.—
2352 2366 2420 2422 Ut
2461 2379 2654 2432 septem
2697 2371 2963 2425 duntaxat
3009 2371 3225 2428 diaconi
3266 2376 3397 2440 sint,

1799 2459 2012 2513 etiamsi
2055 2461 2244 2514 civitas
2277 2477 2470 2532 magna
2501 2462 2594 2516 sit.

1877 2573 2111 2630 Concilii
2141 2575 2600 2633 Neoea'sariensis
2640 2593 2816 2633 canon
2869 2579 2976 2648 15;
3004 2581 3222 2636 concilii
3256 2583 3398 2637 sexti

1802 2679 1979 2722 canon
2012 2665 2100 2729 12,
2142 2667 2230 2722 l6.

1877 2755 2092 2813 Textus.
2117 2759 2308 2816 Const.
2338 2762 2390 2825 i,
2425 2763 2510 2818 tit.
2542 2765 2562 2818 l
2595 2763 2964 2829 Novellarum,
2997 2772 3103 2820 etc.
3135 2779 3298 2834 usque
3329 2763 3398 2816 ad

1804 2850 2018 2906 ostiarii
2055 2854 2401 2925 septuaginta
2435 2857 2698 2928 quinque,
2731 2869 2788 2912 ut
2815 2875 2938 2929 pag.
2971 2856 3101 2912 555.

1877 2965 2170 3022 Scholium.
2193 2968 2386 3026 Const.
2417 2971 2468 3039 Ι,
2493 2972 2578 3027 tit.
2606 2972 2652 3026 ι.
2685 2970 3056 3030 Novellarum.
3081 2980 3167 3026 est
3185 2972 3398 3026 novella

1801 3055 2100 3115 Justiniani
2137 3059 2188 3116 6.
2234 3060 2350 3117 lloe
2398 3073 2578 3119 autem
2608 3065 2731 3135 ejus
2763 3076 2927 3137 caput
2965 3081 3072 3121 non
3119 3077 3204 3123 est
3250 3066 3400 3137 posi-

134 3146 212 3198 ούκ
244 3147 387 3217 ἐτέθη
427 3149 510 3211 είς
559 3149 629 3202 τὰ
662 3149 948 3213 Βασιλικὰ,
983 3149 1077 3203 τοῦ
1129 3149 1296 3204 αὐτοῦ
1338 3151 1395 3204 δὲ
1432 3143 1539 3205 τίτ.
1570 3152 1603 3222 ἠ
1641 3150 1684 3203 θ’

1808 3169 1909 3207 .um
1945 3153 1998 3206 in
2031 3153 2194 3210 Basil.
2221 3153 2478 3226 Ejusdem
2513 3173 2642 3214 vero
2670 3158 2755 3214 tit.
2785 3170 2965 3216 const.
2998 3159 3052 3222 9,
3076 3171 3159 3216 est
3185 3161 3394 3216 novella

133 3239 378 3294 διατ.ὲστὶ
439 3243 616 3312 νεαρὰ
670 3242 1172 3313 ’Ῑουστινιάνειοςγ
1203 3244 1432 3316 κειμένη
1489 3245 1546 3297 ὲν
1604 3243 1688 3314 βι-

133 3329 240 3401 ὁλὶῳ
261 3332 358 3384 τῶν
377 3333 686 3389 Βασιλικῶν
710 3333 780 3406 γ’,
809 3337 916 3390 τίτ.
954 3333 1018 3406 β’,
1064 3355 1190 3406 κεφ.
1218 3345 1287 3405 α’,
1318 3338 1516 3410 θέματι
1545 3355 1684 3410 προ-

131 3423 402 3498 τελευταίῳ,
434 3428 614 3493 οὕτως
639 3429 816 3500 ἔχοντι
839 3449 852 3463 ·
889 3433 1053 3487 ’Ὥστε
1079 3433 1407 3503 θεσπίζομεν
1442 3432 1516 3504 μὴ
1548 3449 1687 3504 περ·

130 3521 296 3593 αιτέρω
323 3523 422 3594 μὲν
447 3523 490 3591 ξ’
530 3525 924 3598 πρεσϐυτέρων
970 3526 1112 3581 κατὰ
1145 3525 1244 3599 τὴν
1288 3525 1553 3596 Μεγάλην
1593 3526 1686 3578 ὲκ-

129 3615 324 3684 κλησίαν
348 3616 512 3684 εἶναι,
552 3621 836 3684 διακόνους
881 3622 936 3676 δὲ
981 3622 1219 3695 ἄρρενας
1255 3628 1324 3692 ρ’,
1386 3622 1480 3676 καὶ
1510 3627 1561 3692 μ’
1587 3619 1686 3689 θη-

130 3700 270 3771 λείας,
318 3711 410 3762 καὶ
447 3710 843 3775 ὑποδιακόνους
864 3709 934 3779 ιζ,
967 3710 1323 3780 ἀναγνώστας
1350 3711 1407 3765 δὲ
1455 3716 1542 3782 ρι’,
1592 3712 1689 3764 καὶ

123 3795 305 3864 es)”;
333 3807 432 3864 κε’,
465 3801 548 3863 ὡς
572 3794 714 3854 εἶναι
752 3801 846 3855 τὸν
873 3801 1090 3856 ἅπαντα
1120 3802 1357 3873 ἀριθμὸν
1388 3801 1497 3854 τῶν
1527 3801 1688 3854 εὐλα-

128 3889 368 3946 ϐεστάτων
413 3893 699 3964 κληρικῶν
729 3894 830 3965 τῆς
859 3894 1116 3966 Μεγάλης
1151 3894 1452 3965 ἐκκλησίας
1483 3894 1540 3947 ὲν
1575 3899 1690 3947 υκε’

125 3981 424 4051 προσώποις,
461 3986 562 4039 καὶ
590 3981 632 4055 ρ’
660 3986 796 4057 πρὸς
825 3986 1036 4052 τούτοις
1062 3987 1171 4040 τῶν
1203 3985 1554 4056 καλουμένων
1580 4003 1686 4039 πυ-

125 4070 304 4140 λωρῶν,
331 4077 424 4127 καὶ
457 4077 489 4146 ἡ
533 4083 562 4129 ι’
596 4078 736 4132 διάτ.
785 4077 880 4131 τοῦ
943 4085 992 4132 α’
1025 4078 1130 4132 τίτ.
1173 4078 1280 4130 τῶν
1314 4076 1544 4146 Νεαρῶν
1571 4077 1690 4129 ἐστι

124 4163 263 4230 νεαρὰ
298 4163 730 4231 Ἰουστινιάνειος
767 4166 842 4233 ις’
888 4169 1120 4239 κειμένη
1160 4171 1217 4220 ὲν
1271 4167 1460 4238 βιϐλίῳ
1487 4165 1540 4236 γ’
1571 4165 1680 4219 τῶν

125 4252 396 4310 Βασιλικῶν
460 4260 567 4314 τίτ.
602 4259 674 4328 γ’,
722 4278 846 4329 κεφ.
875 4260 943 4325 α’,
982 4262 1012 4314 ὃ
1073 4261 1167 4314 καὶ
1197 4259 1470 4330 ἀνάγνωθι
1504 4262 1551 4312 εἰ
1601 4258 1688 4312 θέο

124 4345 212 4412 λεις
255 4351 314 4403 οὐ
369 4354 732 4426 κατεστρώθη
789 4355 895 4425 γὰρ
951 4354 1186 4408 ἐνταῦθα
1241 4356 1330 4408 διὰ
1385 4355 1446 4406 τὸ
1487 4370 1686 4406 παντε-

122 4439 208 4504 λῶς
262 4445 632 4517 ἀχρηστῆσαι.
690 4447 765 4499 Οὐ
816 4450 953 4518 μόνα
1021 4447 1076 4500 δὲ
1135 4449 1202 4501 τὰ
1270 4445 1363 4500 τοῦ
1443 4447 1687 4498 τοιούτου

1799 3247 1835 3301 '5
1896 3246 2194 3303 Justiniani
2250 3249 2428 3321 posita
2492 3248 2637 3323 [que
2667 3251 2790 3324 est]
2868 3254 2922 3308 in
2982 3253 3078 3308 lih.
3136 3251 3308 3310 Bas-il.
3365 3255 3400 3308 5

1799 3336 1886 3391 tit.
1927 3337 1982 3401 2,
2013 3355 2134 3406 cap.
2169 3339 2218 3404 l,
2257 3340 2499 3395 themate
2532 3341 2858 3411 penultimo,
2891 3343 3037 3412 quod
3078 3343 3161 3398 sic
3199 3342 3396 3397 habet:

1800 3428 2148 3496 Quapropter
2197 3429 2523 3493 sancimus,
2565 3445 2632 3484 ne
2683 3430 2904 3500 quando
2964 3431 3017 3484 in
3074 3429 3266 3501 Magna
3305 3431 3398 3484 ec-

1800 3518 1967 3573 clesia
2006 3519 2149 3573 ultra
2215 3519 2501 3590 sexaginta
2559 3521 2932 3592 presbyteros,
2973 3521 3238 3577 diaconos
3267 3536 3400 3576 vero

1799 3626 1986 3667 mares
2034 3620 2274 3676 centum,
2333 3611 2569 3669 feminas
2626 3614 2992 3685 quadraginta
3021 3653 3036 3677 ,
3082 3623 3136 3669 et
3175 3613 3396 3670 subdia-

1800 3717 1975 3758 conos
2019 3704 2342 3770 nonaginta,
2388 3705 2626 3762 lectores
2680 3715 2862 3761 autem
2901 3706 3042 3760 ultra
3087 3715 3306 3761 centum
3348 3715 3402 3760 et

1803 3795 2016 3859 decem,
2045 3806 2304 3852 cantores
2341 3798 2484 3853 ultra
2509 3799 2701 3870 viginti
2725 3799 2968 3870 quinque
2998 3798 3266 3854 exsistant
3292 3817 3304 3853 :
3344 3810 3404 3854 nt

1802 3886 2096 3942 universus
2157 3888 2748 3946 reverendissimorum
2802 3890 3132 3946 clericorum
3181 3887 3404 3960 Majoris

1801 3978 2050 4032 ecclesia:
2084 3995 2350 4035 numerus
2386 3983 2439 4035 in
2472 3981 2894 4052 quadringentis
2927 3982 3119 4054 viginti
3158 3981 3403 4053 quinque

1800 4069 2076 4140 personis,
2107 4080 2163 4125 et
2201 4083 2424 4127 centum
2467 4084 2730 4142 praeterea
2774 4075 3022 4130 ostiariis
3059 4076 3143 4145 (ut
3178 4076 3402 4143 vocant)

1801 4163 2089 4217 censistat.
2145 4162 2212 4218 Et
2270 4172 2451 4220 eonst.
2495 4167 2584 4232 10,
2649 4167 2736 4220 tit.
2801 4166 2820 4220 Ι
2884 4164 3257 4232 Novellarum,
3320 4175 3404 4219 est

1801 4256 2018 4311 novella
2070 4254 2369 4312 Justiniani
2415 4257 2521 4323 i6,
2556 4257 2737 4329 posita
2786 4257 2916 4332 [que
2949 4257 3064 4331 cst]
3127 4259 3181 4313 in
3234 4257 3400 4312 Basil.

1802 4362 1888 4414 ιιι,
1920 4349 2004 4402 tit.
2043 4349 2098 4412 5,
2140 4363 2262 4419 cap.
2292 4351 2344 4411 1,
2379 4351 2526 4420 quod
2573 4350 2740 4404 etiam
2795 4348 2970 4420 legas,
3003 4351 3047 4405 si
3079 4350 3256 4405 visum
3300 4353 3393 4406 sit.

1805 4440 1946 4507 Quia
1995 4440 2142 4494 enim
2212 4441 2438 4496 omnino
2503 4441 2558 4496 in
2611 4458 2716 4497 usu
2771 4458 2895 4497 esse
2934 4442 3114 4507 desiit,
3171 4442 3260 4499 hic
3291 4459 3399 4497 non

121 4535 260 4606 νόμου
307 4541 692 4610 ὴχρήστησαν,
751 4541 888 4594 ἀλλὰ
945 4542 1039 4594 καὶ
1089 4540 1158 4594 τὰ
1202 4540 1300 4610 τῆς
1363 4539 1688 4611 Ἡρακλείου

1808 4532 2085 4588 inseritur.
2127 4530 2317 4604 Neque
2363 4548 2497 4588 vero
2561 4533 2678 4589 hate
2725 4533 2808 4589 lex
2842 4535 2957 4590 sola
3017 4535 3069 4588 in
3120 4550 3225 4590 usu
3278 4551 3401 4590 esse

121 4636 292 4703 νεαρᾶς
342 4636 443 4704 τῆς
495 4636 980 4706 μνημονευομένης
1035 4636 1093 4687 ἐν
1155 4635 1233 4706 τῷ
1281 4637 1506 4707 παρόντι
1568 4653 1694 4689 συν-

117 4727 330 4797 τάγματι
380 4731 478 4782 καὶ
524 4728 743 4794 ἐδέξατο
790 4729 900 4783 ἀπὸ
945 4729 1232 4800 συνηθείας
1280 4731 1512 4803 ἀριθμὸν
1561 4731 1693 4802 κλη-

120 4821 265 4888 ρικῶν
310 4825 344 4894 ἡ
398 4823 702 4894 Ἐκκλησία
751 4823 938 4894 ἕτερον
987 4823 1075 4877 διὰ
1115 4825 1216 4893 τὴν
1272 4825 1382 4876 τῶν
1430 4823 1690 4894 πραγμά·

118 4929 207 4965 των
245 4917 585 4988 ἀνωμαλίαν.
642 4914 834 4971 Οὐδενὶ
884 4917 994 4987 γὰρ
1043 4918 1308 4987 ἠγνόηται
1333 4916 1410 4980 ὡς
1441 4919 1489 4970 εἰ
1527 4919 1600 4988 μὴ
1631 4916 1693 4970 τὸ

119 5006 246 5072 ἕλεος
275 5011 366 5064 τοῦ
408 5008 678 5082 κραταιοῦ
736 5010 832 5064 καὶ
880 5010 1035 5080 ἁγίου
1075 5010 1233 5079 ἡμῶν
1270 5012 1558 5081 βασιλέως,
1594 5013 1693 5066 καὶ

117 5101 193 5153 τοῦ
225 5104 377 5171 ἁγίου
409 5103 676 5174 βασιλέως
721 5103 880 5174 ἡμῶν
933 5106 1027 5157 καὶ
1072 5104 1279 5174 πατρὸς
1336 5105 1500 5158 αὑτοῦ
1559 5122 1693 5174 προ-

119 5194 326 5262 έφθασεν
351 5200 436 5262 εἰς
466 5198 564 5271 τὴν
594 5198 854 5267 Μεγάλην
886 5198 1184 5267 ἐκκλησίαν
1233 5198 1309 5261 ὡς
1357 5200 1451 5251 καὶ
1486 5216 1694 5252 παντα-

117 5288 196 5354 χοῦ
222 5292 298 5353 εἰς
320 5291 504 5358 ὀλίγον
536 5292 886 5345 παντάποσον
919 5291 1005 5344 ἵνα
1047 5290 1310 5362 περιέστη
1355 5291 1382 5342 ό
1415 5289 1526 5342 τῶν
1557 5289 1692 5360 κλη-

120 5383 270 5451 ρικῶν
293 5385 530 5457 ἀριθμὸς
560 5385 648 5439 διὰ
666 5385 766 5457 τὴν
792 5385 902 5438 τῶν
930 5385 1276 5456 πραγμάτων
1303 5383 1688 5454 στενοχωρίαν.

118 5475 194 5528 Διὸ
225 5478 318 5531 καὶ
374 5479 556 5532 αὐτῶν
609 5479 709 5548 μὲν
748 5477 1150 5548 ὑπερεύχεσθαι
1204 5475 1406 5549 χρεὼν,
1461 5478 1584 5540 ταῖς
1635 5477 1690 5530 δὲ

118 5566 230 5634 περὶ
256 5565 353 5620 τοῦ
384 5567 622 5638 ἀριθμοῦ
659 5567 770 5621 τῶν
800 5569 1082 5639 κληρικῶν
1110 5569 1502 5641 παλαιοτέραις
1533 5585 1696 5638 νομο-

120 5654 308 5722 θεσίαις
366 5659 444 5730 μὴ
505 5661 820 5730 προσέχειν,
863 5659 1096 5730 ἀρκετὸν
1149 5661 1259 5730 γὰρ
1297 5662 1346 5713 εἰ
1395 5665 1461 5732 τῇ
1508 5662 1696 5734 μακρᾷ

122 5749 362 5821 συνηθεέα
393 5751 660 5822 ἑπόμεθα,
695 5752 789 5806 καὶ
815 5752 956 5805 κατὰ
983 5751 1188 5824 ταύτην
1222 5750 1509 5823 ποιοῦμεν.

1799 4625 1979 4692 desiit,
2033 4640 2223 4680 verum
2285 4627 2449 4680 etiam
2521 4625 2765 4682 Heraclii
2815 4627 3054 4694 novella,
3121 4627 3282 4698 cujus
3344 4627 3399 4682 in

1798 4721 2054 4790 praesenti
2095 4719 2272 4790 capite
2299 4720 2503 4775 mentio
2560 4722 2641 4776 lit.
2676 4719 2906 4790 Propter
2942 4737 3127 4776 rerum
3160 4736 3402 4790 namque

1798 4810 2224 4880 inaequalitatem
2261 4807 2502 4863 Ecclesia
2539 4825 2606 4863 ex
2647 4808 3052 4864 consuetudine
3100 4825 3396 4865 numerum

1797 4903 2128 4959 clericorum
2182 4903 2347 4957 alium
2377 4902 2641 4973 suscepit.
2684 4900 2860 4957 Nemo
2901 4903 3050 4958 enim
3085 4919 3190 4957 non
3225 4905 3398 4968 novit,

1797 4999 1939 5066 quod
1957 4997 2059 5052 nisi
2076 4996 2454 5052 misericordia
2471 4997 2663 5067 optimi
2680 5008 2841 5068 atque
2864 4999 3037 5054 sancti
3054 4999 3403 5068 imperatoris

1797 5091 2248 5160 nostri,ejusque
2280 5091 2458 5161 patris
2483 5091 2788 5163 [similiter]
2821 5093 2996 5147 sancti
3024 5093 3197 5147 nostri
3229 5093 3402 5162 impe-

1797 5183 2016 5248 ratoris,
2070 5183 2278 5252 Magnae
2319 5184 2566 5239 ecclesia:
2610 5184 3022 5250 succurrisset,
3063 5186 3398 5240 clericorum

1799 5292 2066 5332 numerus
2130 5285 2352 5348 propter
2412 5293 2593 5332 rerum
2671 5277 2957 5348 angustias
3026 5277 3079 5331 in
3142 5277 3396 5349 exiguam

1799 5373 2030 5426 omnino
2063 5371 2466 5441 quantitatem,
2518 5378 2578 5424 ut
2652 5368 2856 5438 ubique
2889 5367 3216 5442 [locorum]
3244 5371 3399 5424 reda-

1799 5475 1923 5521 ctus
1957 5462 2172 5519 fuisset.
2203 5462 2573 5530 Quamobrem
2615 5477 2714 5532 pro
2744 5461 2857 5516 illis
2897 5461 3121 5534 [Deus]
3169 5478 3398 5533 precano

1799 5561 1904 5616 dus
1934 5569 2039 5627 est,
2074 5558 2460 5626 veteribustlne
2496 5555 2564 5610 de
2592 5555 2926 5610 clericorum
2972 5571 3202 5611 numero
3233 5557 3398 5628 legis-

1803 5654 2102 5709 lationilius
2161 5668 2269 5705 non
2336 5649 2783 5704 auscultandum.
2845 5647 3054 5704 Sullieit
3116 5650 3300 5711 enim,
3351 5650 3398 5704 si

1801 5751 2024 5820 longam
2037 5746 2490 5803 consuetudinem
2509 5759 2825 5814 sequamur,
2843 5759 2907 5798 ac
2924 5743 3225 5798 secundum
3249 5741 3395 5798 illam

1803 5845 2089 5900 faciamus.
