3904 6298
499 284 638 353 1015

1631 281 1923 346 ῬΗΟΤΙΙ
1960 282 2465 346 PATRIARCH/B
2495 287 2606 348 ΕΡ.

3617 290 3731 358 1016

576 394 728 450 LAP.
772 393 965 451 XXXI.
1000 423 1069 434 --
1108 395 1339 461 Quinam
1373 393 1549 449 clerici
1578 394 1981 449 ecclesiasticive
2005 409 2094 449 or-

2278 396 2528 451 ΚΕΦΑΛ.
2556 399 2681 452 ΛΑ’.
2716 428 2785 438 -
2820 398 2985 465 Τίνες
3008 396 3130 453 εισι
3164 400 3432 469 κληρικοί
3474 401 3511 471 ἣ
3538 402 3633 474 τῆς
3654 410 3735 463 ἐι·-

496 488 637 545 dini;
668 490 797 545 sint.

577 583 811 639 Concilii
840 582 1135 640 Laodiceni
1174 597 1355 638 canon
1389 582 1480 637 24.

576 673 797 730 Texlus.
824 673 1013 729 Const.
1034 675 1068 727 ‘2.
1091 674 1174 728 tit.
1204 674 1286 728 14.
1310 672 1681 739 Νοιριιιιιίιιη,
1713 672 2089 743 presbyteros,

499 768 799 833 diaconos,
842 767 1111 833 lectores,
1154 776 1427 833 cantores,
1462 764 1693 821 clericos
1720 765 1891 837 [csso]
1930 766 2087 820 dicit.

501 860 645 927 Quin
683 861 1084 915 exorcistarum
1117 858 1282 913 etiam
1313 868 1368 913 et
1412 858 1766 914 ostiariorum
1811 867 1992 914 const.
2034 856 2090 925 6,

504 954 589 1009 tit.
630 953 687 1020 ’5,
714 953 808 1008 lib.
846 953 870 1006 1
904 952 1023 1007 cod.
1062 951 1333 1007 meminit.

584 1142 879 1199 Scholium.
951 1143 1142 1196 Const.
1204 1141 1277 1205 2,
1335 1141 1418 1196 tit.
1476 1140 1501 1193 1
1569 1138 1961 1207 Noveiiarum,
2011 1150 2095 1194 est

498 1237 709 1293 novella
752 1236 1047 1291 Justiniani
1109 1235 1236 1299 125,
1292 1233 1471 1304 posita
1539 1233 1685 1308 [que
1718 1233 1837 1307 est]
1884 1234 1937 1289 in
1993 1235 2089 1289 lib.

498 1330 667 1384 Basil.
728 1330 785 1396 5,
841 1329 924 1383 tit.
994 1329 1047 1394 1,
1106 1343 1229 1397 c:~p.
1283 1327 1373 1385 42.
1426 1328 1573 1398 quod
1629 1328 1737 1384 tale
1793 1328 2093 1398 quiddam,

495 1421 660 1491 quale
714 1436 835 1492 cap.
875 1421 938 1475 31
997 1421 1050 1475 in
1104 1430 1255 1475 textu
1312 1421 1465 1487 dicit,
1524 1437 1635 1475 non
1687 1420 2092 1490 complectitur.

496 1512 689 1569 Tradit
750 1524 932 1570 autem
1000 1515 1147 1581 haec,
1210 1514 1265 1569 in
1331 1515 1447 1569 haec
1505 1515 1722 1569 verba:
1782 1513 2092 1587 Presbyteri

500 1612 684 1657 autem
752 1614 805 1658 et
868 1604 1137 1668 diaconi,
1204 1618 1306 1659 nec
1374 1618 1481 1658 non
1566 1605 1893 1659 subdiaconi
1932 1646 1947 1669 ,
2040 1614 2095 1659 ct

495 1694 757 1760 lectores,
782 1710 848 1751 ac
870 1704 1151 1763 cantores,
1185 1711 1325 1765 quos
1357 1710 1555 1752 omnes
1586 1698 1820 1753 clericos
1856 1698 2089 1768 appella-

2200 488 2644 557 κλησιαστικιῆς
2678 488 2922 555 τάξεως.

2273 582 2497 636 Συνόδου
2529 583 2855 645 Λαοδικείας
2894 580 3075 636 κανὼν
3108 580 3209 638 κδ’.

2267 675 2579 744 Κείμενον.
2651 676 2713 728 ἸΙ
2756 673 2800 744 β’
2844 676 2984 729 διάτ.
3031 675 3125 729 τοῦ
3166 674 3214 729 α’
3246 675 3349 733 τίτ.
3396 677 3503 732 τῶν
3543 679 3741 753 Νεαρῶν

2197 767 2495 837 κληρικοὺς
2538 767 2707 833 λέγει,
2741 766 3182 839 πρεσϐυτέρους,
3216 767 3516 833 διακόνους,
3554 771 3745 827 ὑποδια-

2198 861 2411 924 κόνους,
2443 859 2822 929 ἀναγνώστας,
2869 860 3106 931 ψάλτας,
3142 861 3175 931 ἡ
3210 861 3390 931 μέντοι
3427 858 3480 925 ς’
3509 861 3639 917 διάτ.
3665 866 3745 920 τοῦ

2197 953 2245 1024 γ’
2278 956 2382 1009 τίτ.
2414 955 2507 1009 τοῦ
2538 954 2584 1011 α’
2632 955 2839 1026 βιϐλίου
2868 954 2967 1010 τοῦ
3014 955 3268 1022 κώδικος,
3308 954 3406 1010 καὶ
3453 952 3746 1025 ἐξορκιστῶν

2198 1046 2293 1099 καὶ
2314 1045 2582 1118 πυλωρῶν
2615 1048 2912 1118 μέμνηται.

2268 1136 2550 1205 Σχόλιον.
2593 1136 2656 1189 Ἢ
2688 1136 2732 1206 β’
2760 1138 2902 1191 διάτ.
2931 1136 3027 1189 τοῦ
3055 1134 3104 1190 α’
3137 1136 3244 1191 τίτ.
3272 1137 3383 1190 τῶν
3413 1138 3629 1209 Νεαρῶν
3651 1142 3747 1196 ἐστι

2198 1229 2365 1299 νεαρὰ
2405 1228 2839 1293 Ἰουστινιάνειος
2888 1228 3029 1302 ρκγ’,
3066 1230 3301 1301 κειμένη
3342 1233 3403 1284 ὲν
3463 1232 3642 1304 βιϐλίῳ
3660 1236 3749 1288 τῶν

2198 1320 2501 1377 Βασιλικῶν
2534 1322 2602 1393 γ’,
2638 1324 2745 1379 τίτ.
2780 1331 2851 1387 α’,
2909 1341 3036 1394 κεφ.
3081 1324 3195 1395 μβ’,
3224 1328 3469 1380 τοιοῦτον
3524 1327 3615 1396 μὲν
3660 1324 3751 1381 οἷον

2197 1416 2349 1479 ἐντός
2386 1432 2541 1485 φησι,
2575 1416 2635 1469 τὸ
2686 1417 2767 1471 λα’
2800 1435 2954 1488 κεφ.,
2987 1418 3062 1488 μὴ
3115 1419 3449 1490 περιέχοντι,
3491 1419 3755 1492 διαλαμϐάο

2198 1526 2343 1561 νοντι
2376 1508 2431 1561 δὲ
2469 1508 2643 1562 ταῦτα
2691 1509 2870 1581 ῥητῶς
2902 1526 2917 1539 ·
2955 1511 3095 1575 Τοὺς
3140 1510 3195 1563 δὲ
3225 1511 3641 1583 πρεσϐυτέρους,
3681 1516 3757 1568 καὶ

2197 1601 2500 1666 διακόνους,
2560 1604 2654 1655 καὶ
2703 1603 3113 1668 ὑποδιακόνους,
3144 1605 3237 1657 καὶ
3273 1605 3642 1674 ἀναγνώστας,
3682 1612 3755 1661 καὶ

2196 1695 2405 1766 ψάλτας
2424 1694 2519 1759 οὓς
2542 1696 2749 1759 πάντας
2770 1696 3067 1767 κληρικοὺς
3090 1696 3388 1767 καλοῦμεν,
3407 1700 3474 1750 τὰ
3498 1700 3758 1770 πράγματα

500 1802 648 1851 mus,
691 1796 749 1841 ut
791 1801 879 1842 res
911 1802 1245 1856 quocunque
1290 1791 1453 1842 modo
1506 1787 1573 1843 ad
1630 1788 1876 1859 ipsorum
1911 1791 2091 1845 domi-

2219 1787 2288 1855 ιφ’
2308 1787 2626 1859 οἱουδὴποτε
2651 1789 2855 1859 τρόπου
2876 1790 2954 1851 εἰς
2979 1789 3079 1861 τὴν
3105 1789 3283 1842 αὐτῶν
3300 1788 3615 1843 δεσποτείαν
3634 1809 3756 1864 περι·

501 1880 654 1935 nium
710 1880 1009 1936 devolutas
1060 1881 1165 1936 sub
1219 1890 1491 1951 potestate
1555 1897 1655 1938 sua
1718 1883 1957 1939 habeant
2026 1886 2093 1940 ad

504 1971 683 2025 instar
709 1970 1075 2027 castrensium
1112 1970 1483 2040 peculiorum,
1517 1971 1903 2041 prtecipimus:
1948 1980 2005 2026 ut
2042 1980 2097 2027 et

505 2062 718 2119 donare
762 2079 857 2119 eas
904 2063 1141 2133 possint,
1173 2072 1228 2119 et
1271 2064 1337 2118 de
1387 2063 1474 2119 his
1517 2065 1706 2119 testari
1741 2065 1960 2119 tametsi
1993 2065 2097 2120 sub

505 2164 786 2227 patestate
812 2166 1101 2228 parentum
1134 2156 1262 2212 sint.
1316 2158 1392 2212 Ita
1420 2167 1627 2222 tamen,
1656 2164 1715 2210 ut
1742 2156 1938 2211 horum
1975 2157 2094 2224 ﬁlii,

501 2258 598 2303 aut
630 2248 716 2304 his
740 2264 849 2304 non
885 2249 1337 2315 subsistentibus,
1369 2256 1631 2320 parentes
1672 2264 1865 2305 eorum
1918 2249 2100 2322 legiti-

499 2359 645 2400 mam
680 2344 992 2414 portiouem
1027 2343 1228 2399 ferant.

591 2525 787 2583 Const.
848 2526 906 2592 6,
945 2526 1031 2581 tit.
1084 2528 1139 2592 5,
1207 2526 1283 2581 lib
1337 2544 1354 2582 ι
1398 2526 1521 2584 cod.
1558 2527 1734 2597 posita
1790 2536 1877 2584 est
1918 2527 1974 2583 in
2002 2526 2097 2582 lib.

502 2617 779 2684 Basil.m,
813 2633 934 2689 cap.
968 2619 1029 2685 5',
1066 2634 1257 2673 verum
1302 2619 1590 2675 exorcistae
1630 2619 1821 2675 omissi
1862 2629 1991 2675 sunt
2045 2619 2101 2673 in

508 2712 927 2783 repurgatione;
978 2710 1142 2766 habet
1178 2712 1322 2765 enim
1366 2713 1493 2766 illud
1525 2724 1691 2784 caput
1725 2713 1867 2768 hunc
1898 2712 1953 2767 in
1982 2727 2103 2766 mo-

506 2802 678 2858 dum:
720 2802 917 2859 Omnis
962 2805 1198 2860 clericus
1227 2821 1403 2875 usque
1434 2807 1501 2860 ad
1539 2808 1798 2861 ostiarios
1833 2822 1864 2860 a
1908 2821 2098 2875 perso-

508 2899 727 2953 nalibus
762 2909 1057 2953 excusator
1107 2899 1449 2953 muneribus.
1487 2901 1667 2971 Atque
1707 2901 1820 2955 haec
1880 2889 2102 2971 quidem

418 3016 423 3017 ί
511 2991 617 3046 hoc
648 2991 831 3046 modo.
861 2991 1083 3046 interim
1113 2991 1276 3046 etiam
1302 2993 1467 3059 scias,
1499 2993 1647 3063 quod
1676 2992 1837 3048 hodie
1858 2991 2105 3048 Ecclesia

512 3083 652 3139 alios
672 3092 933 3153 agnOSCat
964 3084 1241 3139 ostiarius.
1269 3082 1617 3155 Quapropter
1646 3102 1753 3140 non
1786 3086 1856 3140 iis
1885 3101 2008 3155 quae
2037 3084 2105 3140 de

514 3176 601 3232 his
635 3176 841 3246 scripta
890 3185 1039 3240 sunt,
1083 3177 1177 3231 sed
1221 3175 1535 3231 inveterata:
1563 3176 1948 3232 consuetudini
1995 3185 2080 3231 est

514 3270 1026 3341 obteinperandum.
1061 3269 1460 3326 Clericiautem
1496 3273 1797 3326 etiamnum
1839 3271 2003 3325 hodie
2032 3269 2107 3324 illi

517 3372 784 3417 vocantur
806 3405 821 3430 ,
852 3378 992 3434 quos
1030 3362 1102 3418 42
1135 3379 1258 3433 cap.
1300 3363 1381 3417 tit.
1410 3364 1433 3418 1
1460 3405 1476 3430 ,
1520 3364 1613 3418 lib.
1658 3364 1711 3430 5,
1741 3364 2107 3430 cuumeravit,

517 3457 662 3528 quod
693 3466 749 3513 et
788 3457 1045 3528 superius
1067 3457 1267 3527 partim
1294 3458 1563 3513 insertum
1594 3465 1699 3512 est.

594 3648 673 3703 Ex
704 3660 972 3719 praesente
994 3648 1119 3714 hac,
1143 3664 1318 3719 eaque
1336 3649 1452 3705 sola
1478 3648 1595 3720 lege
1619 3656 1839 3705 constat
1866 3688 1883 3714 ,
1916 3664 2023 3706 non
2047 3649 2117 3706 li-

524 3742 704 3798 berari
726 3756 1059 3812 quemquam
1087 3756 1121 3796 a
1143 3741 1316 3811 patria
1336 3749 1627 3811 potestate,
1645 3755 1712 3795 eo
1745 3738 1891 3811 quod
1918 3740 1972 3795 in
1999 3740 2111 3796 cle-

523 3851 646 3890 rum
676 3835 988 3890 asciscitur.
1011 3834 1169 3901 Quod
1199 3849 1329 3889 vero
1363 3831 1609 3906 [dicitur]
1634 3833 1895 3889 clericum
1929 3832 2118 3903 patriae

524 3928 780 4001 potestati
798 3927 1124 3992 obnoxium,
1144 3927 1304 3997 pleno
1326 3926 1555 3982 dominii
1578 3934 1746 3996 atque
1764 3924 2119 3982 ususfructus

519 4023 645 4093 jure
670 4021 735 4077 ad
773 4022 948 4076 instar
983 4019 1345 4077 castrensium
1376 4018 1718 4089 peculiorum
1770 4017 1972 4074 habere
2029 4033 2120 4074 res

524 4130 858 4186 quocunque
895 4116 1059 4171 modo
1099 4114 1205 4185 ipsi
1239 4115 1572 4185 acquisitas;
1611 4111 1715 4185 [id]
1745 4129 1815 4169 ne
1846 4113 2117 4184 intelligas

523 4210 591 4266 de
620 4209 687 4264 iis
716 4225 838 4280 quae
866 4209 970 4279 ipsi
999 4224 1063 4264 ex
1108 4206 1325 4278 legatis,
1353 4206 1785 4272 haereditatibus,
1825 4206 1910 4261 vel
1947 4207 2119 4261 dona-

524 4303 767 4357 tionibus
831 4302 1139 4368 obvenere,
1183 4316 1307 4372 quae
1375 4300 1587 4372 peculia
1652 4298 1963 4370 profectitia
2031 4298 2114 4353 vel

523 4393 826 4449 adventitia
862 4394 1242 4464 appellantur:
1293 4393 1388 4449 sed
1434 4394 1502 4449 de
1531 4393 1600 4449 iis
1643 4394 1826 4459 modo,
1855 4408 1978 4463 quae
2012 4392 2117 4463 ipsi

2200 1881 2459 1945 ελθόντας
2490 1881 2596 1935 ὑπὸ
2628 1881 2725 1954 τὴν
2755 1882 2891 1935 ἰδίαν
2919 1882 3066 1953 ἔχειν
3101 1882 3355 1946 ἐξουσίαν
3388 1884 3759 1957 προστάττομεν

2198 1974 2321 2028 καθ’
2352 1975 2649 2045 ὁμοιότητα
2704 1975 2814 2028 τῶν
2863 1975 3273 2045 στρατιωτικῶν
3314 1976 3611 2030 πεκουλξων
3648 1977 3760 2032 ὥστε

2199 2066 2462 2120 δύνασθαι
2518 2067 2717 2128 αὐτοὺς
2772 2067 2867 2119 καὶ
2920 2064 3213 2136 δωρεῖσθαι
3263 2064 3410 2119 κατὰ
3462 2066 3647 2134 νόμους
3688 2070 3761 2121 καὶ

2199 2162 2287 2215 ἐπ’
2316 2163 2502 2225 αὐτοῖς
2531 2160 2886 2214 διατίθεσθαι.
2919 2159 2980 2211 Εἰ
3007 2158 3063 2212 δὲ
3092 2159 3185 2212 καὶ
3212 2158 3319 2210 ὑπὸ
3349 2157 3451 2229 τὴν
3474 2158 3577 2210 τῶν
3596 2158 3761 2226 γονέων

2200 2254 2338 2307 εἰσὶν
2371 2252 2643 2319 ἐξουσίαν,
2687 2253 2832 2307 οὕτω
2878 2254 3062 2323 μέντοι
3111 2270 3176 2321 γε
3226 2251 3373 2306 ὥστε
3427 2252 3553 2315 τοὺς
3595 2252 3763 2306 τούτων

2201 2346 2419 2410 παῖδας,
2459 2346 2493 2417 ἢ
2532 2345 2740 2401 τούτων
2784 2345 2860 2417 μὴ
2893 2346 3140 2399 ὑπόντων
3168 2344 3294 2409 τοὺς
3324 2347 3508 2414 γονεῖς
3532 2344 3692 2399 αὐτῶν
3717 2345 3761 2398 τὸ

2202 2440 2436 2511 νόμιμον
2465 2440 2630 2511 μέρος
2656 2440 3001 2511 κομίζεσθαι.

2284 2534 2349 2586 Ἦ
2388 2540 2447 2598 ς’
2472 2533 2621 2587 διάτσ
2650 2533 2746 2587 τοῦ
2774 2532 2822 2603 γ’
2850 2534 2955 2588 τίτ.
2989 2530 3081 2588 τοῦ
3112 2530 3160 2586 α’
3191 2531 3403 2607 βιϐλίου
3445 2532 3539 2586 τοῦ
3569 2532 3759 2595 κώδικος

2204 2626 2366 2695 ἐτέθη
2392 2628 2449 2678 ὲν
2472 2626 2663 2698 βιϐλίῳ
2682 2632 2731 2695 γ’
2746 2627 2850 2679 τῶν
2868 2627 3298 2681 Βασιλικῶντίτ.
3324 2624 3541 2696 γ’,κεφ.
3567 2632 3623 2680 ε’.
3650 2626 3765 2695 Πλὴν

2203 2721 2265 2775 τὸ
2282 2720 2531 2791 περὶτῶν
2549 2720 2881 2792 ἐξορκιστῶν
2900 2719 3234 2792 παρελείφθη
3251 2721 3309 2772 ὲν
3323 2724 3394 2791 τῇ
3412 2719 3767 2792 ἀνακαθάρσεε.

2209 2812 2363 2882 Ἔχει
2392 2812 2501 2881 γὰρ
2535 2809 2679 2864 οὕτω
2712 2811 2772 2864 τὸ
2794 2829 2922 2880 κεφ.
2953 2811 3069 2874 Πᾶς
3114 2809 3380 2881 κληρικδς
3424 2810 3552 2881 ἄχρι
3579 2811 3768 2863 καὶτῶν

2205 2900 2892 2972 ὀστιαρίων,προσωπικῶν
2906 2899 3427 2968 ὲξκουσσατευέσθω
3438 2900 3766 2970 λειτουργιῶν.

2208 2995 2505 3049 Καὶταῦτα
2525 2995 2624 3065 μὲν
2650 2994 2813 3049 οὕτω.
2834 2996 2906 3049 Σὺ
2929 2994 2986 3047 δὲ
3000 2995 3235 3062 γίνωσκε
3258 2992 3446 3046 ὃτιᾰλ)
3457 3012 3549 3057 ους
3571 2994 3773 3065 σήμερον

2209 3088 2571 3157 ἐπιγινώσκει
2611 3091 2647 3160 ἡ
2692 3089 2991 3161 Ἐκκλησία
3022 3089 3334 3161 όστιαρίους
3366 3089 3468 3144 καὶ
3505 3086 3771 3157 πυλωροὺς,

2211 3182 2293 3238 διὸ
2322 3183 2423 3237 οὐκ
2484 3183 2772 3253 ὀφείλομεν
2811 3183 3102 3254 προσέχειν
3143 3185 3259 3245 τοῖς
3294 3183 3429 3252 περὶ
3476 3179 3670 3234 τούτων
3701 3194 3771 3245 γε·

2213 3278 2579 3350 γραμμένοις,
2624 3277 2761 3331 ἀλλὰ
2791 3279 2858 3349 τῇ
2914 3277 3197 3349 κρατούσῃ
3229 3275 3517 3347 συνηθείᾳ.
3546 3273 3772 3343 Κληρικοὶ

2210 3371 2268 3425 δὲ
2292 3372 2491 3423 ἐκεῖνοι
2533 3368 2825 3422 καλοῦνται
2859 3369 2957 3423 καὶ
3008 3369 3251 3441 σήμερον
3293 3366 3392 3432 οὒς
3442 3369 3501 3420 τὸ
3542 3364 3625 3437 μβ¹
3673 3381 3771 3433 κεφ.

2212 3461 2309 3516 τοῦ
2338 3460 2384 3516 α’
2425 3462 2534 3517 τίτ.
2583 3461 2678 3516 τοῦ
2709 3459 2757 3532 γ’
2804 3462 3009 3533 βιϐλίου
3053 3460 3513 3534 ἀπηριθμήσατο,
3551 3460 3675 3530 ὅπερ
3702 3458 3774 3511 καὶ

2228 3555 2588 3627 κατεστρώθη
2620 3557 2677 3609 ὲν
2706 3555 2863 3627 μέρει
2888 3554 3115 3610 ἄνωθεν.

2289 3647 2625 3719 Σημείωσαι.
2663 3645 2795 3699 Ἀπὸ
2837 3644 2931 3699 τοῦ
2976 3645 3245 3718 παρόντος
3285 3643 3460 3716 νόμου
3512 3642 3606 3697 καὶ
3643 3640 3774 3711 μόνου

2217 3738 2619 3808 ἀναφαίνεσθαι
2642 3738 2703 3791 τὸ
2732 3738 2807 3810 μὴ
2828 3737 3163 3793 ἀπολύεσθαι
3189 3739 3255 3791 ὲκ
3282 3738 3386 3807 τῆς
3422 3734 3778 3801 ὑπεξουσιότηι

2218 3850 2310 3896 τος
2339 3832 2429 3886 διὰ
2458 3832 2519 3887 τὸ
2554 3832 2923 3904 κληρωθῆναι.
2955 3830 3030 3887 Τὸ
3058 3833 3114 3886 δὲ
3138 3832 3284 3904 ἔχειν
3316 3829 3639 3896 ύπεξούσιον
3670 3826 3776 3896 κλη-

2225 3928 2374 3998 ρικὸν
2415 3924 2484 3979 τὰ
2517 3927 2609 3997 ἀφ’
2656 3927 2973 3997 οίουδήποτε
3013 3924 3217 3997 τρόπου
3262 3922 3630 3995 ὲπικτηθέντα
3661 3916 3781 3989 αὐτῷ

2221 4020 2525 4090 πράγματα
2547 4017 2689 4072 κατὰ
2714 4018 3033 4072 δεσποτείαν
3068 4019 3378 4089 καὶχρῆσιν
3403 4015 3779 4086 καθ’όμοιότητιι

2219 4113 2330 4165 τῶν
2348 4112 2757 4184 στρατιωτικῶν
2784 4112 3091 4166 πεκουλίων
3123 4114 3198 4182 μὴ
3229 4110 3490 4175 ὲκλαϐοὖ,
3535 4110 3623 4163 καὶ
3645 4108 3711 4169 εἰς
3729 4103 3779 4158 τὰ

2220 4203 2329 4258 ἀπὸ
2376 4203 2693 4274 ληγάτωνῆ
2738 4202 3095 4275 κληρονομῶν
3137 4202 3169 4273 ἦ
3217 4200 3441 4272 δωρεῶν
3467 4198 3778 4270 περιελθόντα

2220 4300 2404 4363 αὐτοῖς
2458 4297 2528 4352 τὰ
2579 4300 2675 4352 xui.
2723 4298 2994 4369 λεγόμενα
3066 4294 3331 4349 πεκούλια
3382 4292 3778 4366 ἀπροσπόριστα.

2221 4393 2366 4446 am
2395 4394 2477 4456 εἰς
2512 4392 2648 4463 μόνα
2670 4393 2739 4446 τὰ
2763 4390 3041 4463 προφάσει
3088 4389 3181 4444 τοῦ
3213 4390 3421 4460 κλήρου
3457 4384 3780 4456 ἐπικτηθέντα

524 4488 822 4543 occasione
871 4488 1165 4543 clericatus
1219 4503 1523 4543 accessere.
1590 4488 1666 4542 Ita
1737 4488 1885 4541 enim
1948 4487 2108 4552 illud1

2227 4486 2430 4549 αὐτοῖς.
2463 4484 2623 4537 Οὒτω
2651 4486 2758 4555 γὰρ
2792 4482 3092 4555 ὲκληπτὲον
3124 4481 3185 4536 τὸ
3219 4483 3309 4551 ἀφ’
3343 4480 3664 4550 οίουδήτινος
3684 4473 3781 4545 τρό-

526 4579 870 4652 Quocunque
906 4582 1093 4645 modo,
1122 4582 1547 4653 rintelligendum
1595 4582 1696 4636 est.
1731 4580 1867 4635 Nam
1920 4596 1951 4635 a
1980 4596 2120 4651 pra:-

532 4683 690 4729 senle
729 4674 845 4744 lege
873 4673 1021 4743 leges
1054 4672 1124 4729 de
1150 4675 1376 4744 peculiis
1408 4690 1515 4728 non
1548 4682 1896 4729 evertuntur.
1921 4672 2119 4740 Quaare

528 4783 661 4823 vero
685 4767 847 4822 etiam
888 4766 959 4823 55
984 4782 1249 4822 canonem
1281 4767 1494 4822 concilii
1525 4766 2120 4836 Carthaginensis,'qui

525 4863 594 4918 de
615 4862 919 4931 rebusquaa
948 4861 1241 4917 clericatus
1264 4861 1553 4916 occasione
1578 4861 1645 4915 ad
1675 4860 1905 4916 clericos
1937 4859 2124 4915 devol-

524 4965 763 5022 vuntur,
798 4963 854 5011 et
881 4970 1000 5023 qua:
1027 4954 1096 5009 ab
1136 4953 1270 5024 ipsis
1307 4955 1361 5008 in
1390 4954 1733 5010 testamentis
1775 4952 2007 5022 relinqui
2033 4952 2128 5007 de-

532 5051 700 5116 bent,
733 5049 1012 5104 diversqu
1069 5047 1329 5119 quiddam
1381 5048 1450 5102 ab
1494 5047 1595 5102 hac
1632 5055 1901 5115 praesente
1943 5046 2123 5101 docet.

526 5142 799 5198 Existimo
819 5142 964 5196 enim
992 5140 1221 5197 canonis
1252 5139 1684 5213 [praescriptum]
1719 5140 2000 5210 praelatum
2036 5140 2126 5206 iri,

527 5252 846 5307 quanquam
866 5236 917 5290 id
946 5251 1054 5290 non
1082 5236 1245 5291 faciat
1267 5235 1409 5290 maia
1429 5234 1789 5291 consuetudo.
1813 5234 1989 5303 Atque
2012 5234 2128 5289 haec

527 5330 756 5403 quidem
779 5332 845 5387 de
866 5331 1025 5387 bonis
1056 5331 1404 5394 clericorum,
1438 5338 1605 5400 atque
1650 5327 1824 5398 patria
1861 5335 2131 5397 potestate

525 5429 584 5484 in
637 5428 810 5498 ipsos.
879 5425 1050 5481 Porro
1131 5427 1462 5498 patriarcha:
1507 5423 2127 5491 Constantinopolitani,

533 5520 702 5597 [eius]
729 5536 839 5593 que
883 5521 1053 5577 solius
1084 5519 1502 5592 magistratuum
1528 5518 1790 5590 insignia,
1819 5519 1993 5588 patria
2029 5534 2129 5589 po-

528 5612 729 5669 testale
746 5611 981 5668 clericos
1000 5611 1256 5667 liberant.
1286 5609 1406 5677 Qua
1435 5611 1502 5665 de
1536 5625 1595 5664 re
1632 5609 1751 5680 lege
1779 5625 1902 5680 qua:
1928 5610 1980 5665 in
2003 5625 2126 5681 cap.

528 5705 602 5763 56
658 5706 948 5778 praesentis
970 5705 1056 5761 tit.
1108 5720 1139 5760 a
1169 5703 1325 5761 nobis
1357 5703 1558 5774 scripta
1586 5712 1734 5760 sunt.
1767 5698 2130 5774 Episcopatus

532 5815 672 5859 vero
693 5798 931 5873 dignitas
957 5799 1012 5856 in
1041 5798 1159 5873 ipsa
1188 5795 1478 5856 confestim
1511 5797 1856 5857 ordinatione
1895 5813 1925 5854 a
1951 5798 2134 5870 patria

2231 4597 2359 4643 που,
2393 4579 2476 4632 ὅτι
2506 4577 2627 4631 οὐδὲ
2657 4577 3049 4647 ἀνετράπησαν
3079 4575 3188 4628 ὑπὸ
3222 4574 3494 4645 παρόντος
3533 4572 3702 4641 νόμου,
3743 4564 3781 4618 οὶ

2230 4674 2360 4743 περὶ
2386 4672 2494 4725 τῶν
2519 4671 2823 4724 πεκουλίων
2850 4670 3026 4740 νόμοι.
3058 4670 3221 4740 Ζήτει
3268 4668 3327 4720 δὲ
3358 4668 3457 4720 καὶ
3493 4666 3581 4717 τὸν
3605 4660 3674 4733 λβ⁹
3701 4677 3779 4713 και

2229 4765 2358 4818 νόνα
2383 4766 2482 4834 τῆς
2510 4765 2567 4817 ὲν
2594 4764 2955 4834 Καρθαγέννῃ
2988 4762 3207 4815 συνόδου
3232 4760 3420 4830 ’ἐτερόν
3440 4776 3492 4811 τι
3510 4757 3781 4811 διδάσκοντα

2234 4854 2384 4923 παρὰ
2408 4853 2498 4905 τὸν
2526 4853 2773 4923 παρόντα
2800 4850 2966 4923 νόμον
2983 4851 3142 4922 χάριν
3159 4850 3268 4903 τῶν
3288 4849 3558 4919 προφάσει
3578 4843 3663 4897 τοῦ
3681 4842 3782 4912 κλή-

2236 4962 2333 5017 ρου
2362 4943 2755 5015 περιελθόντων
2779 4943 3125 5015 πραγμάτων
3151 4944 3232 5005 εἰς
3256 4941 3385 5005 τοὺς
3408 4938 3689 5012 κληρικοὺς
3709 4935 3781 4987 καὶ

2234 5042 2394 5111 χάριν
2425 5038 2534 5092 τῶν
2576 5038 2922 5108 ὲνδιαθήκοις
2959 5036 3471 5107 καταλιμπάνεσθαι
3501 5030 3781 5103 ὀφειλόντων

2236 5135 2341 5187 ὑπὸ
2387 5131 2593 5185 τούτων
2627 5130 2970 5203 πραγμάτων
2995 5144 3009 5158 ·
3035 5126 3246 5199 νομίζω
3281 5128 3393 5199 γὰρ
3439 5126 3513 5189 ὡς
3551 5135 3781 5195 προτιμη-

2236 5228 2493 5296 θήσονται
2523 5226 2593 5277 τὰ
2620 5224 2712 5277 τοῦ
2744 5224 2968 5286 κανόνος
2996 5222 3100 5276 κᾶν
3125 5221 3235 5275 ἀπὸ
3266 5219 3555 5291 συνηθείας
3570 5214 3712 5270 τοῦτο
3736 5209 3780 5263 οὐ

2235 5324 2467 5391 γίνεται.
2502 5322 2613 5374 Καὶ
2657 5317 2834 5372 ταῦτα
2886 5318 2986 5381 μὲν
3016 5317 3176 5388 χάριν
3212 5315 3322 5369 τῶν
3351 5313 3678 5385 πραγμάτων
3698 5305 3781 5359 τῶν

2238 5416 2540 5489 κληρικῶν,
2586 5415 2680 5469 καὶ
2714 5412 2814 5483 τῆς
2847 5410 3297 5479 ὑπεξουσιότητος
3340 5406 3517 5462 αὐτῶν
3540 5405 3606 5457 τὰ
3635 5402 3683 5454 δὲ
3710 5393 3782 5451 τοῦ

2237 5504 2866 5568 Κωνσταντινουπόλεως
2888 5504 2982 5558 καὶ
3009 5503 3171 5573 μόνον
3189 5498 3503 5571 ἀρχοντίκια
3530 5490 3781 5550 ἀπολύουσι

2237 5612 2337 5680 τῆς
2371 5602 2827 5672 ὑπεξουσιότητος
2857 5600 2983 5662 τοὺς
3013 5597 3331 5668 κληρικοὺς,
3352 5593 3446 5647 καὶ
3462 5585 3707 5680 ἀνάγνωθι
3728 5580 3780 5633 τὰ

2238 5678 2370 5769 περὶ
2428 5693 2618 5750 τούτου
2668 5689 2800 5762 παρ’
2828 5688 2987 5760 ἡμῶν
3024 5684 3306 5759 γραφέντα
3355 5682 3436 5747 είς
3474 5678 3531 5733 τὸ
3574 5679 3652 5741 λς’

2238 5761 2333 5848 τού
2365 5789 2632 5859 παρόντος
2654 5761 2759 5839 τίτ.
2795 5784 2868 5838 Τὸ
2891 5780 2947 5836 δὲ
2982 5780 3201 5852 ἀξίωμα
3228 5776 3331 5849 τῆς
3361 5770 3647 5841 ἐπισκοπῆς
3672 5761 3778 5821 dmi-
