  <div class='ocr_page' id='page_1' title='image "/cluster/home/n/w/nwhite01/storage/ocr_20150623/104/hvd.32044018872853/514.png"; bbox 0 0 4022 6408; ppageno 0'>
   <div class='ocr_carea' id='block_1_1' title="bbox 211 350 322 416">
    <p class='ocr_par' dir='ltr' id='par_1_1' title="bbox 211 350 322 416">
     <span class='ocr_line' id='line_1_1' title="bbox 211 350 322 416; baseline -0.036 0"><span class='ocrx_word' id='word_1_1' title='bbox 211 350 322 416; x_wconf 83' lang='grc'>1017</span> 
     </span>
    </p>
   </div>
   <div class='ocr_carea' id='block_1_2' title="bbox 964 344 2583 424">
    <p class='ocr_par' dir='ltr' id='par_1_2' title="bbox 964 344 2583 424">
     <span class='ocr_line' id='line_1_2' title="bbox 964 344 2583 424; baseline 0.002 -15"><span class='ocrx_word' id='word_1_2' title='bbox 964 344 1453 410; x_wconf 84' lang='lat' dir='ltr'>NOMOCANON.</span> <span class='ocrx_word' id='word_1_3' title='bbox 1494 372 1565 383; x_wconf 89' lang='lat'><strong>—</strong></span> <span class='ocrx_word' id='word_1_4' title='bbox 1600 349 1747 409; x_wconf 88' lang='lat' dir='ltr'>TIT.</span> <span class='ocrx_word' id='word_1_5' title='bbox 1792 349 1841 424; x_wconf 88' lang='grc' dir='ltr'>Ι,</span> <span class='ocrx_word' id='word_1_6' title='bbox 1885 348 2045 415; x_wconf 81' lang='lat' dir='ltr'><strong>CAP.</strong></span> <span class='ocrx_word' id='word_1_7' title='bbox 2086 350 2583 413; x_wconf 78' lang='lat' dir='ltr'><strong>XXXI-XXXIV.</strong></span> 
     </span>
    </p>
   </div>
   <div class='ocr_carea' id='block_1_3' title="bbox 3310 354 3449 420">
    <p class='ocr_par' dir='ltr' id='par_1_3' title="bbox 3310 354 3449 420">
     <span class='ocr_line' id='line_1_3' title="bbox 3310 354 3449 420; baseline 0.022 -2"><span class='ocrx_word' id='word_1_8' title='bbox 3310 354 3449 420; x_wconf 77' lang='lat'>1018</span> 
     </span>
    </p>
   </div>
   <div class='ocr_carea' id='block_1_4' title="bbox 207 458 1769 535">
    <p class='ocr_par' dir='ltr' id='par_1_4' title="bbox 207 458 1769 531">
     <span class='ocr_line' id='line_1_4' title="bbox 207 458 1769 531; baseline -0.004 -12"><span class='ocrx_word' id='word_1_9' title='bbox 207 464 337 519; x_wconf 77' lang='lat' dir='ltr'>vaOsv</span> <span class='ocrx_word' id='word_1_10' title='bbox 349 458 659 515; x_wconf 78' lang='grc' dir='ltr'>ἀπαλλάττει</span> <span class='ocrx_word' id='word_1_11' title='bbox 683 458 809 522; x_wconf 81' lang='grc' dir='ltr'>τοὺς</span> <span class='ocrx_word' id='word_1_12' title='bbox 828 458 1342 529; x_wconf 85' lang='grc' dir='ltr'>χειροτονουμένους</span> <span class='ocrx_word' id='word_1_13' title='bbox 1365 461 1429 513; x_wconf 79' lang='grc' dir='ltr'>ἐκ</span> <span class='ocrx_word' id='word_1_14' title='bbox 1469 460 1569 531; x_wconf 80' lang='grc' dir='ltr'>τῆς</span> <span class='ocrx_word' id='word_1_15' title='bbox 1608 462 1740 514; x_wconf 83' lang='grc' dir='ltr'>ὑπε-</span> <span class='ocrx_word' id='word_1_16' title='bbox 1767 524 1769 530; x_wconf 21' lang='grc' dir='ltr'><strong>η</strong></span> 
     </span>
    </p>
   </div>
   <div class='ocr_carea' id='block_1_5' title="bbox 1867 458 3443 535">
    <p class='ocr_par' dir='ltr' id='par_1_5' title="bbox 1867 464 3443 535">
     <span class='ocr_line' id='line_1_5' title="bbox 1867 464 3443 535; baseline 0.008 -21"><span class='ocrx_word' id='word_1_17' title='bbox 1867 470 2109 518; x_wconf 77' lang='lat' dir='ltr'>totestate</span> <span class='ocrx_word' id='word_1_18' title='bbox 2140 464 2355 525; x_wconf 86' lang='lat' dir='ltr'>liberal,</span> <span class='ocrx_word' id='word_1_19' title='bbox 2391 465 2851 535; x_wconf 81' lang='lat' dir='ltr'>quemadmodum</span> <span class='ocrx_word' id='word_1_20' title='bbox 2894 468 2999 522; x_wconf 89' lang='lat' dir='ltr'>hoc</span> <span class='ocrx_word' id='word_1_21' title='bbox 3052 466 3217 523; x_wconf 79' lang='lat' dir='ltr'>etiam</span> <span class='ocrx_word' id='word_1_22' title='bbox 3255 468 3309 523; x_wconf 92' lang='lat' dir='ltr'>in</span> <span class='ocrx_word' id='word_1_23' title='bbox 3344 488 3443 525; x_wconf 88' lang='lat' dir='ltr'>eo-</span> 
     </span>
    </p>
   </div>
   <div class='ocr_carea' id='block_1_6' title="bbox 207 548 1746 624">
    <p class='ocr_par' dir='ltr' id='par_1_6' title="bbox 207 548 1746 624">
     <span class='ocr_line' id='line_1_6' title="bbox 207 548 1746 624; baseline -0.001 -16"><span class='ocrx_word' id='word_1_24' title='bbox 207 553 523 623; x_wconf 81' lang='grc' dir='ltr'>ξουσιότητος,</span> <span class='ocrx_word' id='word_1_25' title='bbox 566 548 749 615; x_wconf 80' lang='grc' dir='ltr'>καθὼς</span> <span class='ocrx_word' id='word_1_26' title='bbox 781 550 877 602; x_wconf 74' lang='grc' dir='ltr'>καὶ</span> <span class='ocrx_word' id='word_1_27' title='bbox 919 549 990 602; x_wconf 84' lang='grc' dir='ltr'>τὰ</span> <span class='ocrx_word' id='word_1_28' title='bbox 1017 550 1146 621; x_wconf 73' lang='grc' dir='ltr'>περὶ</span> <span class='ocrx_word' id='word_1_29' title='bbox 1174 550 1367 605; x_wconf 86' lang='grc' dir='ltr'>τούτου</span> <span class='ocrx_word' id='word_1_30' title='bbox 1411 552 1470 607; x_wconf 76' lang='grc' dir='ltr'>ὲν</span> <span class='ocrx_word' id='word_1_31' title='bbox 1493 551 1572 624; x_wconf 82' lang='grc' dir='ltr'>τῷ</span> <span class='ocrx_word' id='word_1_32' title='bbox 1595 553 1746 624; x_wconf 84' lang='grc' dir='ltr'>αὐτῷ</span> 
     </span>
    </p>
   </div>
   <div class='ocr_carea' id='block_1_7' title="bbox 206 642 1163 717">
    <p class='ocr_par' dir='ltr' id='par_1_7' title="bbox 206 642 1163 717">
     <span class='ocr_line' id='line_1_7' title="bbox 206 642 1163 717; baseline -0.006 -14"><span class='ocrx_word' id='word_1_33' title='bbox 206 665 307 717; x_wconf 80' lang='grc' dir='ltr'>κεφ.</span> <span class='ocrx_word' id='word_1_34' title='bbox 336 643 652 715; x_wconf 76' lang='grc' dir='ltr'>πλατύτερον</span> <span class='ocrx_word' id='word_1_35' title='bbox 675 642 1163 715; x_wconf 83' lang='grc' dir='ltr'>παρεδηλώσαμεν.</span> 
     </span>
    </p>
   </div>
   <div class='ocr_carea' id='block_1_8' title="bbox 271 753 1745 827">
    <p class='ocr_par' dir='ltr' id='par_1_8' title="bbox 271 753 1745 827">
     <span class='ocr_line' id='line_1_8' title="bbox 271 753 1745 827; baseline 0 -16"><span class='ocrx_word' id='word_1_36' title='bbox 271 756 775 826; x_wconf 79' lang='grc' dir='ltr'>Ἕτερονσχόλιον.</span> <span class='ocrx_word' id='word_1_37' title='bbox 817 753 1154 825; x_wconf 83' lang='grc' dir='ltr'>Σημείωσαι.</span> <span class='ocrx_word' id='word_1_38' title='bbox 1194 754 1252 807; x_wconf 82' lang='grc' dir='ltr'>Ὀ</span> <span class='ocrx_word' id='word_1_39' title='bbox 1279 756 1376 825; x_wconf 81' lang='grc' dir='ltr'>μὲν</span> <span class='ocrx_word' id='word_1_40' title='bbox 1415 756 1745 827; x_wconf 75' lang='grc' dir='ltr'>συνθέμενος</span> 
     </span>
    </p>
   </div>
   <div class='ocr_carea' id='block_1_9' title="bbox 203 846 1747 920">
    <p class='ocr_par' dir='ltr' id='par_1_9' title="bbox 203 846 1747 920">
     <span class='ocr_line' id='line_1_9' title="bbox 203 846 1747 920; baseline -0.001 -15"><span class='ocrx_word' id='word_1_41' title='bbox 203 851 252 905; x_wconf 85' lang='grc' dir='ltr'>τὺ</span> <span class='ocrx_word' id='word_1_42' title='bbox 275 848 606 920; x_wconf 85' lang='grc' dir='ltr'>νομοκάνονον</span> <span class='ocrx_word' id='word_1_43' title='bbox 628 846 970 918; x_wconf 78' lang='grc' dir='ltr'>πατριάρχου</span> <span class='ocrx_word' id='word_1_44' title='bbox 1002 847 1210 918; x_wconf 81' lang='grc' dir='ltr'>μέλλων</span> <span class='ocrx_word' id='word_1_45' title='bbox 1227 847 1438 913; x_wconf 77' lang='grc' dir='ltr'>διδάξαι</span> <span class='ocrx_word' id='word_1_46' title='bbox 1462 848 1607 914; x_wconf 86' lang='grc' dir='ltr'>τίνες</span> <span class='ocrx_word' id='word_1_47' title='bbox 1640 852 1747 903; x_wconf 75' lang='grc' dir='ltr'>εἰσὶ</span> 
     </span>
    </p>
   </div>
   <div class='ocr_carea' id='block_1_10' title="bbox 204 934 1744 1015">
    <p class='ocr_par' dir='ltr' id='par_1_10' title="bbox 204 934 1744 1015">
     <span class='ocr_line' id='line_1_10' title="bbox 204 934 1744 1015; baseline -0.002 -17"><span class='ocrx_word' id='word_1_48' title='bbox 204 941 422 1015; x_wconf 76' lang='grc' dir='ltr'>κληρικοὶ</span> <span class='ocrx_word' id='word_1_49' title='bbox 460 939 819 1013; x_wconf 67' lang='grc' dir='ltr'>παρέπεμψεν</span> <span class='ocrx_word' id='word_1_50' title='bbox 849 940 982 993; x_wconf 77' lang='grc' dir='ltr'>αὐτὸ</span> <span class='ocrx_word' id='word_1_51' title='bbox 1022 941 1102 1002; x_wconf 84' lang='grc' dir='ltr'>εἱς</span> <span class='ocrx_word' id='word_1_52' title='bbox 1146 934 1237 993; x_wconf 76' lang='grc' dir='ltr'>τὸν</span> <span class='ocrx_word' id='word_1_53' title='bbox 1275 938 1352 994; x_wconf 64' lang='grc' dir='ltr'>κδ</span> <span class='ocrx_word' id='word_1_54' title='bbox 1410 942 1617 996; x_wconf 78' lang='grc' dir='ltr'>κανόνα</span> <span class='ocrx_word' id='word_1_55' title='bbox 1646 946 1744 1015; x_wconf 79' lang='grc' dir='ltr'>τῆς</span> 
     </span>
    </p>
   </div>
   <div class='ocr_carea' id='block_1_11' title="bbox 204 1032 1749 1106">
    <p class='ocr_par' dir='ltr' id='par_1_11' title="bbox 204 1032 1749 1106">
     <span class='ocr_line' id='line_1_11' title="bbox 204 1032 1749 1106; baseline -0.001 -17"><span class='ocrx_word' id='word_1_56' title='bbox 204 1039 251 1089; x_wconf 74' lang='grc' dir='ltr'>ἐν</span> <span class='ocrx_word' id='word_1_57' title='bbox 270 1033 533 1106; x_wconf 77' lang='grc' dir='ltr'>Λαοδικείᾳ</span> <span class='ocrx_word' id='word_1_58' title='bbox 566 1034 787 1086; x_wconf 83' lang='grc' dir='ltr'>συνόδου</span> <span class='ocrx_word' id='word_1_59' title='bbox 832 1032 1270 1103; x_wconf 69' lang='grc' dir='ltr'>συναριθμοῦνται</span> <span class='ocrx_word' id='word_1_60' title='bbox 1300 1036 1412 1097; x_wconf 84' lang='grc' dir='ltr'>τοῖς</span> <span class='ocrx_word' id='word_1_61' title='bbox 1463 1034 1749 1106; x_wconf 87' lang='grc' dir='ltr'>κληρικοῖς</span> 
     </span>
    </p>
   </div>
   <div class='ocr_carea' id='block_1_12' title="bbox 201 1119 1752 1198">
    <p class='ocr_par' dir='ltr' id='par_1_12' title="bbox 201 1119 1752 1198">
     <span class='ocr_line' id='line_1_12' title="bbox 201 1119 1752 1198; baseline 0.001 -17"><span class='ocrx_word' id='word_1_62' title='bbox 201 1128 276 1182; x_wconf 78' lang='grc' dir='ltr'>καὶ</span> <span class='ocrx_word' id='word_1_63' title='bbox 300 1126 410 1189; x_wconf 81' lang='grc' dir='ltr'>τοὺς</span> <span class='ocrx_word' id='word_1_64' title='bbox 430 1124 712 1195; x_wconf 81' lang='grc' dir='ltr'>μοναχούς.</span> <span class='ocrx_word' id='word_1_65' title='bbox 731 1122 871 1194; x_wconf 85' lang='grc' dir='ltr'>Ἐγὼ</span> <span class='ocrx_word' id='word_1_66' title='bbox 894 1125 951 1179; x_wconf 76' lang='grc' dir='ltr'>δὲ</span> <span class='ocrx_word' id='word_1_67' title='bbox 973 1127 1077 1179; x_wconf 86' lang='grc' dir='ltr'>ούκ</span> <span class='ocrx_word' id='word_1_68' title='bbox 1103 1126 1407 1197; x_wconf 73' lang='grc' dir='ltr'>ἀφίσταμαι</span> <span class='ocrx_word' id='word_1_69' title='bbox 1434 1119 1509 1180; x_wconf 83' lang='grc' dir='ltr'>ὧν</span> <span class='ocrx_word' id='word_1_70' title='bbox 1536 1127 1752 1198; x_wconf 70' lang='grc' dir='ltr'>ἔγραψα</span> 
     </span>
    </p>
   </div>
   <div class='ocr_carea' id='block_1_13' title="bbox 202 1215 1747 1287">
    <p class='ocr_par' dir='ltr' id='par_1_13' title="bbox 202 1215 1747 1287">
     <span class='ocr_line' id='line_1_13' title="bbox 202 1215 1747 1287; baseline 0.002 -14"><span class='ocrx_word' id='word_1_71' title='bbox 202 1221 264 1284; x_wconf 79' lang='grc' dir='ltr'>εἱς</span> <span class='ocrx_word' id='word_1_72' title='bbox 291 1218 371 1272; x_wconf 83' lang='grc' dir='ltr'>τὸν</span> <span class='ocrx_word' id='word_1_73' title='bbox 401 1215 455 1270; x_wconf 88' lang='grc' dir='ltr'>ιδ’</span> <span class='ocrx_word' id='word_1_74' title='bbox 476 1218 674 1271; x_wconf 83' lang='grc' dir='ltr'>κανόνα</span> <span class='ocrx_word' id='word_1_75' title='bbox 725 1218 828 1287; x_wconf 80' lang='grc' dir='ltr'>τῆς</span> <span class='ocrx_word' id='word_1_76' title='bbox 885 1215 928 1282; x_wconf 77' lang='grc' dir='ltr'>ζ’</span> <span class='ocrx_word' id='word_1_77' title='bbox 986 1219 1227 1282; x_wconf 80' lang='grc' dir='ltr'>συνόδου,</span> <span class='ocrx_word' id='word_1_78' title='bbox 1260 1219 1355 1273; x_wconf 71' lang='grc' dir='ltr'>καὶ</span> <span class='ocrx_word' id='word_1_79' title='bbox 1406 1220 1510 1274; x_wconf 76' lang='grc' dir='ltr'>ἀνὰ</span> <span class='ocrx_word' id='word_1_80' title='bbox 1549 1221 1747 1276; x_wconf 81' lang='grc' dir='ltr'>ταῦτα.</span> 
     </span>
    </p>
   </div>
   <div class='ocr_carea' id='block_1_14' title="bbox 207 1310 1744 1387">
    <p class='ocr_par' dir='ltr' id='par_1_14' title="bbox 207 1310 1744 1387">
     <span class='ocr_line' id='line_1_14' title="bbox 207 1310 1744 1387; baseline 0.002 -21"><span class='ocrx_word' id='word_1_81' title='bbox 207 1311 505 1384; x_wconf 80' lang='grc' dir='ltr'>Προστίθημι</span> <span class='ocrx_word' id='word_1_82' title='bbox 530 1310 585 1364; x_wconf 80' lang='grc' dir='ltr'>δὲ</span> <span class='ocrx_word' id='word_1_83' title='bbox 615 1313 727 1376; x_wconf 88' lang='grc' dir='ltr'>τοῖς</span> <span class='ocrx_word' id='word_1_84' title='bbox 758 1315 1053 1384; x_wconf 73' lang='grc' dir='ltr'>γραφεῖσιν</span> <span class='ocrx_word' id='word_1_85' title='bbox 1082 1319 1175 1368; x_wconf 76' lang='grc' dir='ltr'>καὶ</span> <span class='ocrx_word' id='word_1_86' title='bbox 1203 1314 1396 1381; x_wconf 78' lang='grc' dir='ltr'>ταῦτα,</span> <span class='ocrx_word' id='word_1_87' title='bbox 1426 1316 1509 1369; x_wconf 85' lang='grc' dir='ltr'>ὅτι</span> <span class='ocrx_word' id='word_1_88' title='bbox 1537 1316 1585 1368; x_wconf 82' lang='grc' dir='ltr'>εἰ</span> <span class='ocrx_word' id='word_1_89' title='bbox 1614 1315 1744 1387; x_wconf 82' lang='grc' dir='ltr'>δοθῇ</span> 
     </span>
    </p>
   </div>
   <div class='ocr_carea' id='block_1_15' title="bbox 200 1403 1748 1478">
    <p class='ocr_par' dir='ltr' id='par_1_15' title="bbox 200 1403 1748 1478">
     <span class='ocr_line' id='line_1_15' title="bbox 200 1403 1748 1478; baseline 0.002 -18"><span class='ocrx_word' id='word_1_90' title='bbox 200 1406 289 1460; x_wconf 84' lang='grc' dir='ltr'>ἀπὺ</span> <span class='ocrx_word' id='word_1_91' title='bbox 315 1405 468 1475; x_wconf 85' lang='grc' dir='ltr'>μόνης</span> <span class='ocrx_word' id='word_1_92' title='bbox 494 1403 593 1475; x_wconf 85' lang='grc' dir='ltr'>τῆς</span> <span class='ocrx_word' id='word_1_93' title='bbox 635 1406 1001 1478; x_wconf 84' lang='grc' dir='ltr'>ἁποκάρσεως</span> <span class='ocrx_word' id='word_1_94' title='bbox 1051 1408 1409 1476; x_wconf 77' lang='grc' dir='ltr'>ἀναγνώστας</span> <span class='ocrx_word' id='word_1_95' title='bbox 1446 1406 1587 1464; x_wconf 75' lang='grc' dir='ltr'>εἶναι</span> <span class='ocrx_word' id='word_1_96' title='bbox 1619 1411 1748 1474; x_wconf 78' lang='grc' dir='ltr'>τοὺς</span> 
     </span>
    </p>
   </div>
   <div class='ocr_carea' id='block_1_16' title="bbox 203 1496 1743 1571">
    <p class='ocr_par' dir='ltr' id='par_1_16' title="bbox 203 1496 1743 1571">
     <span class='ocr_line' id='line_1_16' title="bbox 203 1496 1743 1571; baseline 0.001 -19"><span class='ocrx_word' id='word_1_97' title='bbox 203 1496 433 1567; x_wconf 81' lang='grc' dir='ltr'>μοναχοὺς</span> <span class='ocrx_word' id='word_1_98' title='bbox 464 1497 825 1563; x_wconf 83' lang='grc' dir='ltr'>ἀδιαστίκτως</span> <span class='ocrx_word' id='word_1_99' title='bbox 860 1499 929 1552; x_wconf 81' lang='grc' dir='ltr'>τά</span> <span class='ocrx_word' id='word_1_100' title='bbox 956 1499 1067 1553; x_wconf 83' lang='grc' dir='ltr'>τῶν</span> <span class='ocrx_word' id='word_1_101' title='bbox 1110 1500 1477 1569; x_wconf 83' lang='grc' dir='ltr'>ἀναγνωστῶν</span> <span class='ocrx_word' id='word_1_102' title='bbox 1512 1502 1743 1571; x_wconf 79' lang='grc' dir='ltr'>ἐνεργή-</span> 
     </span>
    </p>
   </div>
   <div class='ocr_carea' id='block_1_17' title="bbox 201 1591 1745 1665">
    <p class='ocr_par' dir='ltr' id='par_1_17' title="bbox 201 1591 1745 1665">
     <span class='ocr_line' id='line_1_17' title="bbox 201 1591 1745 1665; baseline 0.004 -24"><span class='ocrx_word' id='word_1_103' title='bbox 201 1607 325 1642; x_wconf 87' lang='grc' dir='ltr'>σουσι</span> <span class='ocrx_word' id='word_1_104' title='bbox 372 1591 567 1655; x_wconf 77' lang='grc' dir='ltr'>πάντες</span> <span class='ocrx_word' id='word_1_105' title='bbox 626 1593 852 1663; x_wconf 79' lang='grc' dir='ltr'>μοναχοὶ</span> <span class='ocrx_word' id='word_1_106' title='bbox 909 1592 1358 1665; x_wconf 83' lang='grc' dir='ltr'>ἀποκεκαρμένοι</span> <span class='ocrx_word' id='word_1_107' title='bbox 1424 1593 1527 1647; x_wconf 83' lang='grc' dir='ltr'>κᾶν</span> <span class='ocrx_word' id='word_1_108' title='bbox 1590 1593 1745 1665; x_wconf 86' lang='grc' dir='ltr'>παρά</span> 
     </span>
    </p>
   </div>
   <div class='ocr_carea' id='block_1_18' title="bbox 199 1684 1743 1759">
    <p class='ocr_par' dir='ltr' id='par_1_18' title="bbox 199 1684 1743 1759">
     <span class='ocr_line' id='line_1_18' title="bbox 199 1684 1743 1759; baseline 0.003 -24"><span class='ocrx_word' id='word_1_109' title='bbox 199 1684 415 1754; x_wconf 62' lang='grc' dir='ltr'>μοναχᾶη</span> <span class='ocrx_word' id='word_1_110' title='bbox 474 1684 662 1755; x_wconf 80' lang='grc' dir='ltr'>ἱερέων</span> <span class='ocrx_word' id='word_1_111' title='bbox 738 1685 1101 1757; x_wconf 87' lang='grc' dir='ltr'>ἀπεκάρησαν</span> <span class='ocrx_word' id='word_1_112' title='bbox 1206 1687 1342 1756; x_wconf 80' lang='grc' dir='ltr'>μήτε</span> <span class='ocrx_word' id='word_1_113' title='bbox 1416 1688 1743 1759; x_wconf 75' lang='grc' dir='ltr'>ἡγουμένων</span> 
     </span>
    </p>
   </div>
   <div class='ocr_carea' id='block_1_19' title="bbox 1848 552 2993 623">
    <p class='ocr_par' dir='ltr' id='par_1_19' title="bbox 1848 552 2993 623">
     <span class='ocr_line' id='line_1_19' title="bbox 1848 552 2993 623; baseline 0.006 -18"><span class='ocrx_word' id='word_1_114' title='bbox 1848 552 1974 606; x_wconf 92' lang='lat' dir='ltr'>dem</span> <span class='ocrx_word' id='word_1_115' title='bbox 2029 553 2208 623; x_wconf 86' lang='lat' dir='ltr'>capite</span> <span class='ocrx_word' id='word_1_116' title='bbox 2269 552 2431 608; x_wconf 91' lang='lat' dir='ltr'>latius</span> <span class='ocrx_word' id='word_1_117' title='bbox 2470 554 2993 612; x_wconf 77' lang='lat' dir='ltr'>demonstravimus.</span> 
     </span>
    </p>
   </div>
   <div class='ocr_carea' id='block_1_20' title="bbox 1922 763 3444 837">
    <p class='ocr_par' dir='ltr' id='par_1_20' title="bbox 1922 763 3444 837">
     <span class='ocr_line' id='line_1_20' title="bbox 1922 763 3444 837; baseline 0.004 -20"><span class='ocrx_word' id='word_1_118' title='bbox 1922 763 2088 818; x_wconf 82' lang='lat' dir='ltr'>Aliud</span> <span class='ocrx_word' id='word_1_119' title='bbox 2137 764 2417 818; x_wconf 84' lang='lat' dir='ltr'>scholinm.</span> <span class='ocrx_word' id='word_1_120' title='bbox 2475 764 2818 829; x_wconf 85' lang='lat' dir='ltr'>Patriarelta,</span> <span class='ocrx_word' id='word_1_121' title='bbox 2858 765 2953 837; x_wconf 88' lang='lat' dir='ltr'>qui</span> <span class='ocrx_word' id='word_1_122' title='bbox 3006 781 3444 824; x_wconf 89' lang='lat' dir='ltr'>nomocanonem</span> 
     </span>
    </p>
   </div>
   <div class='ocr_carea' id='block_1_21' title="bbox 1850 862 3437 937">
    <p class='ocr_par' dir='ltr' id='par_1_21' title="bbox 1850 862 3437 937">
     <span class='ocr_line' id='line_1_21' title="bbox 1850 862 3437 937; baseline 0.001 -20"><span class='ocrx_word' id='word_1_123' title='bbox 1850 862 2180 931; x_wconf 82' lang='lat' dir='ltr'>composuit,</span> <span class='ocrx_word' id='word_1_124' title='bbox 2203 862 2465 917; x_wconf 87' lang='lat' dir='ltr'>docturus</span> <span class='ocrx_word' id='word_1_125' title='bbox 2492 863 2717 931; x_wconf 85' lang='lat' dir='ltr'>quinam</span> <span class='ocrx_word' id='word_1_126' title='bbox 2748 862 2855 917; x_wconf 90' lang='lat' dir='ltr'>sint</span> <span class='ocrx_word' id='word_1_127' title='bbox 2876 863 3084 927; x_wconf 87' lang='lat' dir='ltr'>clerici,</span> <span class='ocrx_word' id='word_1_128' title='bbox 3120 864 3437 937; x_wconf 78' lang='lat' dir='ltr'>[lectoretnI</span> 
     </span>
    </p>
   </div>
   <div class='ocr_carea' id='block_1_22' title="bbox 1850 953 3439 1029">
    <p class='ocr_par' dir='ltr' id='par_1_22' title="bbox 1850 953 3439 1029">
     <span class='ocr_line' id='line_1_22' title="bbox 1850 953 3439 1029; baseline 0.004 -22"><span class='ocrx_word' id='word_1_129' title='bbox 1850 968 1977 1007; x_wconf 72' lang='lat' dir='ltr'>mox</span> <span class='ocrx_word' id='word_1_130' title='bbox 2011 953 2225 1007; x_wconf 91' lang='lat' dir='ltr'>remisit</span> <span class='ocrx_word' id='word_1_131' title='bbox 2249 953 2316 1007; x_wconf 91' lang='lat' dir='ltr'>ad</span> <span class='ocrx_word' id='word_1_132' title='bbox 2343 969 2611 1008; x_wconf 89' lang='lat' dir='ltr'>canonem</span> <span class='ocrx_word' id='word_1_133' title='bbox 2644 954 2714 1008; x_wconf 67' lang='lat' dir='ltr'>2i</span> <span class='ocrx_word' id='word_1_134' title='bbox 2745 955 2965 1010; x_wconf 86' lang='lat' dir='ltr'>concilii</span> <span class='ocrx_word' id='word_1_135' title='bbox 2992 954 3316 1022; x_wconf 82' lang='lat' dir='ltr'>Laudiceni,</span> <span class='ocrx_word' id='word_1_136' title='bbox 3346 962 3439 1029; x_wconf 87' lang='lat' dir='ltr'>qui</span> 
     </span>
    </p>
   </div>
   <div class='ocr_carea' id='block_1_23' title="bbox 1851 1045 3441 1120">
    <p class='ocr_par' dir='ltr' id='par_1_23' title="bbox 1851 1045 3441 1120">
     <span class='ocr_line' id='line_1_23' title="bbox 1851 1045 3441 1120; baseline 0.005 -20"><span class='ocrx_word' id='word_1_137' title='bbox 1851 1045 2065 1101; x_wconf 89' lang='lat' dir='ltr'>clericis</span> <span class='ocrx_word' id='word_1_138' title='bbox 2089 1046 2252 1099; x_wconf 75' lang='lat' dir='ltr'>etiam</span> <span class='ocrx_word' id='word_1_139' title='bbox 2282 1046 2587 1101; x_wconf 82' lang='lat' dir='ltr'>monachos</span> <span class='ocrx_word' id='word_1_140' title='bbox 2615 1056 3003 1103; x_wconf 90' lang='lat' dir='ltr'>connumerat.</span> <span class='ocrx_word' id='word_1_141' title='bbox 3028 1050 3142 1120; x_wconf 86' lang='lat' dir='ltr'>Ego</span> <span class='ocrx_word' id='word_1_142' title='bbox 3176 1065 3303 1105; x_wconf 90' lang='lat' dir='ltr'>vero</span> <span class='ocrx_word' id='word_1_143' title='bbox 3335 1068 3441 1108; x_wconf 87' lang='lat' dir='ltr'>non</span> 
     </span>
    </p>
   </div>
   <div class='ocr_carea' id='block_1_24' title="bbox 1852 1137 3446 1212">
    <p class='ocr_par' dir='ltr' id='par_1_24' title="bbox 1852 1137 3446 1212">
     <span class='ocr_line' id='line_1_24' title="bbox 1852 1137 3446 1212; baseline 0.003 -19"><span class='ocrx_word' id='word_1_144' title='bbox 1852 1138 2049 1193; x_wconf 79' lang='lat' dir='ltr'>recedo</span> <span class='ocrx_word' id='word_1_145' title='bbox 2081 1138 2150 1192; x_wconf 91' lang='lat' dir='ltr'>ab</span> <span class='ocrx_word' id='word_1_146' title='bbox 2186 1138 2253 1193; x_wconf 92' lang='lat' dir='ltr'>iis</span> <span class='ocrx_word' id='word_1_147' title='bbox 2290 1153 2413 1208; x_wconf 72' lang='lat' dir='ltr'>qua:</span> <span class='ocrx_word' id='word_1_148' title='bbox 2466 1137 2520 1191; x_wconf 92' lang='lat' dir='ltr'>in</span> <span class='ocrx_word' id='word_1_149' title='bbox 2575 1154 2843 1193; x_wconf 88' lang='lat' dir='ltr'>canonem</span> <span class='ocrx_word' id='word_1_150' title='bbox 2876 1139 2944 1193; x_wconf 75' lang='lat' dir='ltr'><strong>M</strong></span> <span class='ocrx_word' id='word_1_151' title='bbox 2976 1140 3195 1195; x_wconf 90' lang='lat' dir='ltr'>concilii</span> <span class='ocrx_word' id='word_1_152' title='bbox 3225 1144 3446 1212; x_wconf 89' lang='lat' dir='ltr'>septimi</span> 
     </span>
    </p>
   </div>
   <div class='ocr_carea' id='block_1_25' title="bbox 1853 1226 3447 1300">
    <p class='ocr_par' dir='ltr' id='par_1_25' title="bbox 1853 1226 3447 1300">
     <span class='ocr_line' id='line_1_25' title="bbox 1853 1226 3447 1300; baseline 0.004 -18"><span class='ocrx_word' id='word_1_153' title='bbox 1853 1228 2071 1296; x_wconf 86' lang='lat' dir='ltr'>scripsi,</span> <span class='ocrx_word' id='word_1_154' title='bbox 2124 1243 2245 1298; x_wconf 72' lang='lat' dir='ltr'>quae</span> <span class='ocrx_word' id='word_1_155' title='bbox 2296 1228 2432 1299; x_wconf 83' lang='lat' dir='ltr'>lege.</span> <span class='ocrx_word' id='word_1_156' title='bbox 2471 1226 2615 1294; x_wconf 88' lang='lat' dir='ltr'>Quin</span> <span class='ocrx_word' id='word_1_157' title='bbox 2663 1229 2884 1299; x_wconf 75' lang='lat' dir='ltr'>scriptis</span> <span class='ocrx_word' id='word_1_158' title='bbox 2931 1229 3156 1299; x_wconf 83' lang='lat' dir='ltr'>adjicio,</span> <span class='ocrx_word' id='word_1_159' title='bbox 3212 1233 3359 1300; x_wconf 87' lang='lat' dir='ltr'>quod</span> <span class='ocrx_word' id='word_1_160' title='bbox 3400 1234 3447 1288; x_wconf 85' lang='lat' dir='ltr'>si</span> 
     </span>
    </p>
   </div>
   <div class='ocr_carea' id='block_1_26' title="bbox 1855 1321 3447 1391">
    <p class='ocr_par' dir='ltr' id='par_1_26' title="bbox 1855 1321 3447 1391">
     <span class='ocr_line' id='line_1_26' title="bbox 1855 1321 3447 1391; baseline 0.002 -15"><span class='ocrx_word' id='word_1_161' title='bbox 1855 1321 2189 1376; x_wconf 82' lang='lat' dir='ltr'>concedatur</span> <span class='ocrx_word' id='word_1_162' title='bbox 2243 1337 2339 1391; x_wconf 88' lang='lat' dir='ltr'>per</span> <span class='ocrx_word' id='word_1_163' title='bbox 2390 1322 2566 1377; x_wconf 87' lang='lat' dir='ltr'>solam</span> <span class='ocrx_word' id='word_1_164' title='bbox 2612 1323 2919 1376; x_wconf 88' lang='lat' dir='ltr'>tonsionem</span> <span class='ocrx_word' id='word_1_165' title='bbox 2984 1324 3286 1380; x_wconf 85' lang='lat' dir='ltr'>monachos</span> <span class='ocrx_word' id='word_1_166' title='bbox 3329 1325 3447 1379; x_wconf 87' lang='lat' dir='ltr'>ﬁeri</span> 
     </span>
    </p>
   </div>
   <div class='ocr_carea' id='block_1_27' title="bbox 1854 1414 3448 1486">
    <p class='ocr_par' dir='ltr' id='par_1_27' title="bbox 1854 1414 3448 1486">
     <span class='ocr_line' id='line_1_27' title="bbox 1854 1414 3448 1486; baseline 0.003 -17"><span class='ocrx_word' id='word_1_167' title='bbox 1854 1414 2108 1479; x_wconf 87' lang='lat' dir='ltr'>lectores,</span> <span class='ocrx_word' id='word_1_168' title='bbox 2169 1415 2307 1469; x_wconf 90' lang='lat' dir='ltr'>citra</span> <span class='ocrx_word' id='word_1_169' title='bbox 2364 1414 2775 1469; x_wconf 88' lang='lat' dir='ltr'>distinctionem</span> <span class='ocrx_word' id='word_1_170' title='bbox 2825 1416 3142 1486; x_wconf 89' lang='lat' dir='ltr'>quicunque</span> <span class='ocrx_word' id='word_1_171' title='bbox 3189 1418 3448 1473; x_wconf 89' lang='lat' dir='ltr'>monachi</span> 
     </span>
    </p>
   </div>
   <div class='ocr_carea' id='block_1_28' title="bbox 1856 1507 3448 1581">
    <p class='ocr_par' dir='ltr' id='par_1_28' title="bbox 1856 1507 3448 1581">
     <span class='ocr_line' id='line_1_28' title="bbox 1856 1507 3448 1581; baseline 0.001 -18"><span class='ocrx_word' id='word_1_172' title='bbox 1856 1508 2038 1574; x_wconf 89' lang='lat' dir='ltr'>tonsi,</span> <span class='ocrx_word' id='word_1_173' title='bbox 2094 1524 2217 1579; x_wconf 74' lang='lat' dir='ltr'>qua:</span> <span class='ocrx_word' id='word_1_174' title='bbox 2287 1507 2556 1563; x_wconf 87' lang='lat' dir='ltr'>lectorum</span> <span class='ocrx_word' id='word_1_175' title='bbox 2625 1507 2933 1581; x_wconf 70' lang='lat' dir='ltr'>[propria]</span> <span class='ocrx_word' id='word_1_176' title='bbox 2998 1518 3146 1577; x_wconf 90' lang='lat' dir='ltr'>sunt,</span> <span class='ocrx_word' id='word_1_177' title='bbox 3201 1508 3448 1565; x_wconf 78' lang='lat' dir='ltr'>facient:</span> 
     </span>
    </p>
   </div>
   <div class='ocr_carea' id='block_1_29' title="bbox 1855 1597 3451 1669">
    <p class='ocr_par' dir='ltr' id='par_1_29' title="bbox 1855 1597 3451 1669">
     <span class='ocr_line' id='line_1_29' title="bbox 1855 1597 3451 1669; baseline 0.001 -18"><span class='ocrx_word' id='word_1_178' title='bbox 1855 1598 2073 1653; x_wconf 88' lang='lat' dir='ltr'>tametsi</span> <span class='ocrx_word' id='word_1_179' title='bbox 2095 1614 2124 1653; x_wconf 91' lang='lat' dir='ltr'>a</span> <span class='ocrx_word' id='word_1_180' title='bbox 2165 1599 2451 1654; x_wconf 91' lang='lat' dir='ltr'>monachis</span> <span class='ocrx_word' id='word_1_181' title='bbox 2486 1598 2890 1661; x_wconf 74' lang='lat' dir='ltr'>sacerdotibus,</span> <span class='ocrx_word' id='word_1_182' title='bbox 2926 1598 3017 1667; x_wconf 87' lang='lat' dir='ltr'>qui</span> <span class='ocrx_word' id='word_1_183' title='bbox 3051 1597 3451 1669; x_wconf 85' lang='lat' dir='ltr'>[monasterio-</span> 
     </span>
    </p>
   </div>
   <div class='ocr_carea' id='block_1_30' title="bbox 1857 1684 3454 1759">
    <p class='ocr_par' dir='ltr' id='par_1_30' title="bbox 1857 1684 3454 1759">
     <span class='ocr_line' id='line_1_30' title="bbox 1857 1684 3454 1759; baseline 0.003 -20"><span class='ocrx_word' id='word_1_184' title='bbox 1857 1684 2019 1757; x_wconf 89' lang='lat' dir='ltr'>rum]</span> <span class='ocrx_word' id='word_1_185' title='bbox 2057 1686 2317 1755; x_wconf 83' lang='lat' dir='ltr'>praesules</span> <span class='ocrx_word' id='word_1_186' title='bbox 2361 1700 2469 1741; x_wconf 85' lang='lat' dir='ltr'>non</span> <span class='ocrx_word' id='word_1_187' title='bbox 2508 1694 2657 1751; x_wconf 91' lang='lat' dir='ltr'>sunt,</span> <span class='ocrx_word' id='word_1_188' title='bbox 2703 1701 2883 1755; x_wconf 90' lang='lat' dir='ltr'>neque</span> <span class='ocrx_word' id='word_1_189' title='bbox 2915 1686 2982 1740; x_wconf 89' lang='lat' dir='ltr'>ab</span> <span class='ocrx_word' id='word_1_190' title='bbox 3013 1686 3272 1757; x_wconf 88' lang='lat' dir='ltr'>episcopo</span> <span class='ocrx_word' id='word_1_191' title='bbox 3301 1686 3454 1759; x_wconf 87' lang='lat' dir='ltr'>[ton-</span> 
     </span>
    </p>
   </div>
   <div class='ocr_carea' id='block_1_31' title="bbox 195 1775 1769 1853">
    <p class='ocr_par' dir='ltr' id='par_1_31' title="bbox 195 1776 1742 1847">
     <span class='ocr_line' id='line_1_31' title="bbox 195 1776 1742 1847; baseline 0.003 -18"><span class='ocrx_word' id='word_1_192' title='bbox 195 1776 365 1843; x_wconf 68' lang='grc' dir='ltr'>ὄντων,</span> <span class='ocrx_word' id='word_1_193' title='bbox 439 1778 573 1847; x_wconf 84' lang='grc' dir='ltr'>μήτε</span> <span class='ocrx_word' id='word_1_194' title='bbox 613 1776 724 1831; x_wconf 71' lang='grc' dir='ltr'>ἀπὸ</span> <span class='ocrx_word' id='word_1_195' title='bbox 784 1779 1088 1832; x_wconf 76' lang='grc' dir='ltr'>ἐπισκόπου</span> <span class='ocrx_word' id='word_1_196' title='bbox 1141 1778 1417 1833; x_wconf 86' lang='grc' dir='ltr'>λαϐόντων</span> <span class='ocrx_word' id='word_1_197' title='bbox 1469 1780 1530 1833; x_wconf 83' lang='grc' dir='ltr'>τὸ</span> <span class='ocrx_word' id='word_1_198' title='bbox 1591 1780 1742 1833; x_wconf 79' lang='grc' dir='ltr'>ἐνδό-</span> 
     </span>
    </p>
   </div>
   <div class='ocr_carea' id='block_1_32' title="bbox 1867 1775 3450 1853">
    <p class='ocr_par' dir='ltr' id='par_1_32' title="bbox 1867 1775 3450 1849">
     <span class='ocr_line' id='line_1_32' title="bbox 1867 1775 3450 1849; baseline 0.002 -18"><span class='ocrx_word' id='word_1_199' title='bbox 1867 1777 2044 1849; x_wconf 88' lang='lat' dir='ltr'>lendi]</span> <span class='ocrx_word' id='word_1_200' title='bbox 2082 1775 2396 1833; x_wconf 81' lang='lat' dir='ltr'>facultatem</span> <span class='ocrx_word' id='word_1_201' title='bbox 2430 1786 2798 1848; x_wconf 87' lang='lat' dir='ltr'>acceperunt,</span> <span class='ocrx_word' id='word_1_202' title='bbox 2835 1777 2980 1831; x_wconf 90' lang='lat' dir='ltr'>tonsi</span> <span class='ocrx_word' id='word_1_203' title='bbox 3016 1776 3165 1832; x_wconf 88' lang='lat' dir='ltr'>sint:</span> <span class='ocrx_word' id='word_1_204' title='bbox 3196 1778 3343 1847; x_wconf 89' lang='lat' dir='ltr'>quod</span> <span class='ocrx_word' id='word_1_205' title='bbox 3381 1780 3450 1834; x_wconf 92' lang='lat' dir='ltr'>ab</span> 
     </span>
    </p>
   </div>
   <div class='ocr_carea' id='block_1_33' title="bbox 197 1868 1742 1941">
    <p class='ocr_par' dir='ltr' id='par_1_33' title="bbox 197 1868 1742 1941">
     <span class='ocr_line' id='line_1_33' title="bbox 197 1868 1742 1941; baseline 0.001 -20"><span class='ocrx_word' id='word_1_206' title='bbox 197 1885 355 1938; x_wconf 86' lang='grc' dir='ltr'>σιμον,</span> <span class='ocrx_word' id='word_1_207' title='bbox 393 1868 523 1941; x_wconf 82' lang='grc' dir='ltr'>ὅπερ</span> <span class='ocrx_word' id='word_1_208' title='bbox 551 1868 755 1923; x_wconf 80' lang='grc' dir='ltr'>ἄτοπον</span> <span class='ocrx_word' id='word_1_209' title='bbox 810 1870 904 1923; x_wconf 72' lang='grc' dir='ltr'>καὶ</span> <span class='ocrx_word' id='word_1_210' title='bbox 946 1868 1161 1938; x_wconf 78' lang='grc' dir='ltr'>γυναιξὶ</span> <span class='ocrx_word' id='word_1_211' title='bbox 1191 1869 1245 1923; x_wconf 82' lang='grc' dir='ltr'>δὲ</span> <span class='ocrx_word' id='word_1_212' title='bbox 1289 1872 1551 1941; x_wconf 79' lang='grc' dir='ltr'>μοναχαῖς</span> <span class='ocrx_word' id='word_1_213' title='bbox 1582 1869 1742 1924; x_wconf 75' lang='grc' dir='ltr'>τοῦτο</span> 
     </span>
    </p>
   </div>
   <div class='ocr_carea' id='block_1_34' title="bbox 192 1961 1740 2034">
    <p class='ocr_par' dir='ltr' id='par_1_34' title="bbox 192 1961 1740 2034">
     <span class='ocr_line' id='line_1_34' title="bbox 192 1961 1740 2034; baseline 0.001 -20"><span class='ocrx_word' id='word_1_214' title='bbox 192 1961 474 2015; x_wconf 77' lang='grc' dir='ltr'>τὸδίκαιον</span> <span class='ocrx_word' id='word_1_215' title='bbox 537 1961 1124 2033; x_wconf 76' lang='grc' dir='ltr'>ὲπιφιλοτιμηθήσεται</span> <span class='ocrx_word' id='word_1_216' title='bbox 1191 1962 1282 2016; x_wconf 72' lang='grc' dir='ltr'>διὰ</span> <span class='ocrx_word' id='word_1_217' title='bbox 1336 1961 1436 2033; x_wconf 84' lang='grc' dir='ltr'>τὴν</span> <span class='ocrx_word' id='word_1_218' title='bbox 1492 1963 1740 2034; x_wconf 85' lang='grc' dir='ltr'>ἀπόκαρ-</span> 
     </span>
    </p>
   </div>
   <div class='ocr_carea' id='block_1_35' title="bbox 191 2054 1743 2127">
    <p class='ocr_par' dir='ltr' id='par_1_35' title="bbox 191 2054 1743 2127">
     <span class='ocr_line' id='line_1_35' title="bbox 191 2054 1743 2127; baseline 0.003 -21"><span class='ocrx_word' id='word_1_219' title='bbox 191 2071 279 2119; x_wconf 84' lang='grc' dir='ltr'>σιν,</span> <span class='ocrx_word' id='word_1_220' title='bbox 313 2056 439 2125; x_wconf 84' lang='grc' dir='ltr'>ὅπερ</span> <span class='ocrx_word' id='word_1_221' title='bbox 481 2054 631 2107; x_wconf 74' lang='grc' dir='ltr'>ἐστὶν</span> <span class='ocrx_word' id='word_1_222' title='bbox 681 2055 775 2108; x_wconf 76' lang='grc' dir='ltr'>ἐπὶ</span> <span class='ocrx_word' id='word_1_223' title='bbox 834 2055 998 2109; x_wconf 83' lang='grc' dir='ltr'>πλέον</span> <span class='ocrx_word' id='word_1_224' title='bbox 1045 2056 1415 2110; x_wconf 81' lang='grc' dir='ltr'>ἀτοπώτατον.</span> <span class='ocrx_word' id='word_1_225' title='bbox 1455 2056 1547 2127; x_wconf 83' lang='grc' dir='ltr'>Μὴ</span> <span class='ocrx_word' id='word_1_226' title='bbox 1611 2056 1743 2126; x_wconf 79' lang='grc' dir='ltr'>γοῦν</span> 
     </span>
    </p>
   </div>
   <div class='ocr_carea' id='block_1_36' title="bbox 187 2146 1738 2220">
    <p class='ocr_par' dir='ltr' id='par_1_36' title="bbox 187 2146 1738 2220">
     <span class='ocr_line' id='line_1_36' title="bbox 187 2146 1738 2220; baseline 0.003 -23"><span class='ocrx_word' id='word_1_227' title='bbox 187 2148 400 2217; x_wconf 81' lang='grc' dir='ltr'>πρόσχῃς</span> <span class='ocrx_word' id='word_1_228' title='bbox 454 2148 520 2217; x_wconf 83' lang='grc' dir='ltr'>τῇ</span> <span class='ocrx_word' id='word_1_229' title='bbox 569 2149 715 2217; x_wconf 85' lang='grc' dir='ltr'>κακῇ</span> <span class='ocrx_word' id='word_1_230' title='bbox 766 2146 1048 2218; x_wconf 74' lang='grc' dir='ltr'>συνηθείᾳ,</span> <span class='ocrx_word' id='word_1_231' title='bbox 1081 2148 1231 2219; x_wconf 77' lang='grc' dir='ltr'>ζήτει</span> <span class='ocrx_word' id='word_1_232' title='bbox 1260 2147 1315 2201; x_wconf 84' lang='grc' dir='ltr'>δὲ</span> <span class='ocrx_word' id='word_1_233' title='bbox 1348 2147 1448 2220; x_wconf 80' lang='grc' dir='ltr'>τὴν</span> <span class='ocrx_word' id='word_1_234' title='bbox 1474 2147 1738 2203; x_wconf 85' lang='grc' dir='ltr'>διάλυσιν.</span> 
     </span>
    </p>
   </div>
   <div class='ocr_carea' id='block_1_37' title="bbox 245 2234 1743 2306">
    <p class='ocr_par' dir='ltr' id='par_1_37' title="bbox 245 2234 1743 2306">
     <span class='ocr_line' id='line_1_37' title="bbox 245 2234 1743 2306; baseline 0.004 -21"><span class='ocrx_word' id='word_1_235' title='bbox 245 2234 471 2287; x_wconf 77' lang='grc' dir='ltr'>ΚΕΦΑΛ.</span> <span class='ocrx_word' id='word_1_236' title='bbox 512 2235 636 2288; x_wconf 84' lang='lat' dir='ltr'>AB’.</span> <span class='ocrx_word' id='word_1_237' title='bbox 674 2266 746 2274; x_wconf 90' lang='lat'>—-</span> <span class='ocrx_word' id='word_1_238' title='bbox 790 2235 931 2302; x_wconf 78' lang='grc' dir='ltr'>Περὶ</span> <span class='ocrx_word' id='word_1_239' title='bbox 975 2235 1084 2290; x_wconf 83' lang='grc' dir='ltr'>τοῦ</span> <span class='ocrx_word' id='word_1_240' title='bbox 1127 2236 1210 2305; x_wconf 84' lang='grc' dir='ltr'>μὴ</span> <span class='ocrx_word' id='word_1_241' title='bbox 1270 2236 1743 2306; x_wconf 82' lang='grc' dir='ltr'>χειροτονεῖσθαι</span> 
     </span>
    </p>
   </div>
   <div class='ocr_carea' id='block_1_38' title="bbox 184 2322 1741 2400">
    <p class='ocr_par' dir='ltr' id='par_1_38' title="bbox 184 2322 1741 2400">
     <span class='ocr_line' id='line_1_38' title="bbox 184 2322 1741 2400; baseline 0.002 -20"><span class='ocrx_word' id='word_1_242' title='bbox 184 2322 390 2394; x_wconf 78' lang='grc' dir='ltr'>οὗτινος</span> <span class='ocrx_word' id='word_1_243' title='bbox 413 2327 450 2395; x_wconf 80' lang='grc' dir='ltr'><strong><em>ἠ</em></strong></span> <span class='ocrx_word' id='word_1_244' title='bbox 481 2327 642 2397; x_wconf 73' lang='grc' dir='ltr'>γυνὴ</span> <span class='ocrx_word' id='word_1_245' title='bbox 676 2329 1017 2399; x_wconf 80' lang='grc' dir='ltr'>ἐμοιχεύθη,</span> <span class='ocrx_word' id='word_1_246' title='bbox 1066 2329 1164 2384; x_wconf 78' lang='grc' dir='ltr'>καὶ</span> <span class='ocrx_word' id='word_1_247' title='bbox 1195 2328 1306 2383; x_wconf 76' lang='grc' dir='ltr'>ἐὰν</span> <span class='ocrx_word' id='word_1_248' title='bbox 1332 2328 1490 2400; x_wconf 75' lang='grc' dir='ltr'>γυνὴ</span> <span class='ocrx_word' id='word_1_249' title='bbox 1527 2332 1741 2399; x_wconf 60' lang='lat' dir='ltr'>unpe-</span> 
     </span>
    </p>
   </div>
   <div class='ocr_carea' id='block_1_39' title="bbox 187 2421 620 2491">
    <p class='ocr_par' dir='ltr' id='par_1_39' title="bbox 187 2421 620 2491">
     <span class='ocr_line' id='line_1_39' title="bbox 187 2421 620 2491; baseline 0.005 -18"><span class='ocrx_word' id='word_1_250' title='bbox 187 2424 280 2475; x_wconf 84' lang='grc' dir='ltr'>κυῦ</span> <span class='ocrx_word' id='word_1_251' title='bbox 308 2438 401 2491; x_wconf 83' lang='grc' dir='ltr'>μοι</span> <span class='ocrx_word' id='word_1_252' title='bbox 405 2421 595 2491; x_wconf 79' lang='grc' dir='ltr'>χευθῇ</span> <span class='ocrx_word' id='word_1_253' title='bbox 605 2460 620 2475; x_wconf 95' lang='grc'>.</span> 
     </span>
    </p>
   </div>
   <div class='ocr_carea' id='block_1_40' title="bbox 239 2530 1227 2604">
    <p class='ocr_par' dir='ltr' id='par_1_40' title="bbox 239 2530 1227 2604">
     <span class='ocr_line' id='line_1_40' title="bbox 239 2530 1227 2604; baseline 0.004 -22"><span class='ocrx_word' id='word_1_254' title='bbox 239 2530 445 2585; x_wconf 89' lang='grc' dir='ltr'>Συνόδου</span> <span class='ocrx_word' id='word_1_255' title='bbox 472 2531 915 2604; x_wconf 85' lang='grc' dir='ltr'>Νεοκαισαρείας</span> <span class='ocrx_word' id='word_1_256' title='bbox 943 2530 1126 2586; x_wconf 87' lang='grc' dir='ltr'>κανὼν</span> <span class='ocrx_word' id='word_1_257' title='bbox 1153 2530 1227 2603; x_wconf 84' lang='grc' dir='ltr'>η’.</span> 
     </span>
    </p>
   </div>
   <div class='ocr_carea' id='block_1_41' title="bbox 242 2623 1741 2705">
    <p class='ocr_par' dir='ltr' id='par_1_41' title="bbox 242 2623 1741 2705">
     <span class='ocr_line' id='line_1_41' title="bbox 242 2623 1741 2705; baseline 0.009 -30"><span class='ocrx_word' id='word_1_258' title='bbox 242 2623 526 2688; x_wconf 78' lang='grc' dir='ltr'>Κείμενον.</span> <span class='ocrx_word' id='word_1_259' title='bbox 547 2625 661 2678; x_wconf 73' lang='grc' dir='ltr'>Καὶ</span> <span class='ocrx_word' id='word_1_260' title='bbox 688 2626 717 2678; x_wconf 87' lang='grc' dir='ltr'><strong>ὁ</strong></span> <span class='ocrx_word' id='word_1_261' title='bbox 744 2626 1022 2692; x_wconf 80' lang='grc' dir='ltr'>πολιτικὸς</span> <span class='ocrx_word' id='word_1_262' title='bbox 1037 2628 1200 2700; x_wconf 86' lang='grc' dir='ltr'>νόμος</span> <span class='ocrx_word' id='word_1_263' title='bbox 1230 2647 1283 2683; x_wconf 89' lang='grc' dir='ltr'>κ.</span> <span class='ocrx_word' id='word_1_264' title='bbox 1302 2648 1353 2688; x_wconf 98' lang='lat'>1.</span> <span class='ocrx_word' id='word_1_265' title='bbox 1379 2630 1454 2698; x_wconf 90' lang='grc' dir='ltr'>λ.,</span> <span class='ocrx_word' id='word_1_266' title='bbox 1484 2648 1657 2705; x_wconf 83' lang='lat' dir='ltr'>usque</span> <span class='ocrx_word' id='word_1_267' title='bbox 1674 2632 1741 2689; x_wconf 86' lang='lat' dir='ltr'>ad</span> 
     </span>
    </p>
   </div>
   <div class='ocr_carea' id='block_1_42' title="bbox 184 2711 835 2789">
    <p class='ocr_par' dir='ltr' id='par_1_42' title="bbox 184 2711 835 2789">
     <span class='ocr_line' id='line_1_42' title="bbox 184 2711 835 2789; baseline 0.015 -27"><span class='ocrx_word' id='word_1_268' title='bbox 184 2711 435 2780; x_wconf 74' lang='grc' dir='ltr'>ῥεπουδίου</span> <span class='ocrx_word' id='word_1_269' title='bbox 475 2714 583 2786; x_wconf 79' lang='grc' dir='ltr'>ρλδ¹</span> <span class='ocrx_word' id='word_1_270' title='bbox 612 2719 835 2789; x_wconf 81' lang='grc' dir='ltr'>νεαρᾶς.</span> 
     </span>
    </p>
   </div>
   <div class='ocr_carea' id='block_1_43' title="bbox 238 2825 1744 2909">
    <p class='ocr_par' dir='ltr' id='par_1_43' title="bbox 238 2825 1744 2909">
     <span class='ocr_line' id='line_1_43' title="bbox 238 2825 1744 2909; baseline 0.009 -31"><span class='ocrx_word' id='word_1_271' title='bbox 238 2826 279 2877; x_wconf 89' lang='grc' dir='ltr'><strong><em>Σ</em></strong></span> <span class='ocrx_word' id='word_1_272' title='bbox 279 2825 497 2895; x_wconf 73' lang='grc' dir='ltr'>χόλιον.</span> <span class='ocrx_word' id='word_1_273' title='bbox 518 2826 577 2880; x_wconf 86' lang='grc' dir='ltr'>Ὁ</span> <span class='ocrx_word' id='word_1_274' title='bbox 597 2826 641 2880; x_wconf 84' lang='grc' dir='ltr'>θ’</span> <span class='ocrx_word' id='word_1_275' title='bbox 662 2828 767 2882; x_wconf 87' lang='grc' dir='ltr'>τίτ.</span> <span class='ocrx_word' id='word_1_276' title='bbox 793 2827 890 2882; x_wconf 92' lang='lat'>106</span> <span class='ocrx_word' id='word_1_277' title='bbox 917 2826 961 2883; x_wconf 82' lang='grc' dir='ltr'>θ’</span> <span class='ocrx_word' id='word_1_278' title='bbox 988 2828 1195 2901; x_wconf 80' lang='grc' dir='ltr'>βιϐλίου</span> <span class='ocrx_word' id='word_1_279' title='bbox 1216 2830 1309 2885; x_wconf 82' lang='grc' dir='ltr'>τοῦ</span> <span class='ocrx_word' id='word_1_280' title='bbox 1333 2831 1565 2900; x_wconf 83' lang='grc' dir='ltr'>κὼδικος</span> <span class='ocrx_word' id='word_1_281' title='bbox 1583 2837 1744 2909; x_wconf 78' lang='grc' dir='ltr'>ἐτέθη</span> 
     </span>
    </p>
   </div>
   <div class='ocr_carea' id='block_1_44' title="bbox 181 2914 1745 2994">
    <p class='ocr_par' dir='ltr' id='par_1_44' title="bbox 181 2914 1745 2994">
     <span class='ocr_line' id='line_1_44' title="bbox 181 2914 1745 2994; baseline 0.008 -29"><span class='ocrx_word' id='word_1_282' title='bbox 181 2914 228 2965; x_wconf 83' lang='grc' dir='ltr'>ὲν</span> <span class='ocrx_word' id='word_1_283' title='bbox 259 2915 433 2987; x_wconf 85' lang='grc' dir='ltr'>βιϐλίῳ</span> <span class='ocrx_word' id='word_1_284' title='bbox 458 2914 501 2984; x_wconf 78' lang='grc' dir='ltr'>ξ’</span> <span class='ocrx_word' id='word_1_285' title='bbox 526 2918 640 2971; x_wconf 82' lang='grc' dir='ltr'>τῶν</span> <span class='ocrx_word' id='word_1_286' title='bbox 668 2918 979 2972; x_wconf 85' lang='grc' dir='ltr'>Βασιλικῶν</span> <span class='ocrx_word' id='word_1_287' title='bbox 1018 2918 1124 2974; x_wconf 89' lang='grc' dir='ltr'>τίτ.</span> <span class='ocrx_word' id='word_1_288' title='bbox 1147 2916 1246 2986; x_wconf 75' lang='grc' dir='ltr'>λζ’,</span> <span class='ocrx_word' id='word_1_289' title='bbox 1277 2939 1407 2991; x_wconf 73' lang='grc' dir='ltr'>κειρ⁶</span> <span class='ocrx_word' id='word_1_290' title='bbox 1446 2920 1553 2994; x_wconf 80' lang='grc' dir='ltr'>μβ’,</span> <span class='ocrx_word' id='word_1_291' title='bbox 1586 2924 1745 2977; x_wconf 81' lang='grc' dir='ltr'>τοῦτο</span> 
     </span>
    </p>
   </div>
   <div class='ocr_carea' id='block_1_45' title="bbox 178 3005 1743 3084">
    <p class='ocr_par' dir='ltr' id='par_1_45' title="bbox 178 3005 1743 3084">
     <span class='ocr_line' id='line_1_45' title="bbox 178 3005 1743 3084; baseline 0.007 -25"><span class='ocrx_word' id='word_1_292' title='bbox 178 3005 306 3060; x_wconf 82' lang='grc' dir='ltr'>δὲτὸ</span> <span class='ocrx_word' id='word_1_293' title='bbox 331 3026 451 3078; x_wconf 83' lang='grc' dir='ltr'>κεφ.</span> <span class='ocrx_word' id='word_1_294' title='bbox 490 3010 837 3083; x_wconf 77' lang='grc' dir='ltr'>παρελείφθη</span> <span class='ocrx_word' id='word_1_295' title='bbox 861 3026 875 3040; x_wconf 83' lang='lat'><strong><em>°</em></strong></span> <span class='ocrx_word' id='word_1_296' title='bbox 921 3012 954 3082; x_wconf 82' lang='grc' dir='ltr'>ἡ</span> <span class='ocrx_word' id='word_1_297' title='bbox 1017 3011 1124 3081; x_wconf 86' lang='grc' dir='ltr'>ρλδ⁸</span> <span class='ocrx_word' id='word_1_298' title='bbox 1157 3012 1328 3084; x_wconf 83' lang='grc' dir='ltr'>νεαρὰ</span> <span class='ocrx_word' id='word_1_299' title='bbox 1374 3014 1469 3068; x_wconf 89' lang='lat'>106</span> <span class='ocrx_word' id='word_1_300' title='bbox 1512 3016 1743 3070; x_wconf 82' lang='grc' dir='ltr'>Ἰουστι-</span> 
     </span>
    </p>
   </div>
   <div class='ocr_carea' id='block_1_46' title="bbox 178 3101 1743 3177">
    <p class='ocr_par' dir='ltr' id='par_1_46' title="bbox 178 3101 1743 3177">
     <span class='ocr_line' id='line_1_46' title="bbox 178 3101 1743 3177; baseline 0.008 -24"><span class='ocrx_word' id='word_1_301' title='bbox 178 3101 339 3155; x_wconf 83' lang='grc' dir='ltr'>νιανοῦ</span> <span class='ocrx_word' id='word_1_302' title='bbox 387 3103 545 3176; x_wconf 78' lang='grc' dir='ltr'>ἐτέθη</span> <span class='ocrx_word' id='word_1_303' title='bbox 584 3106 644 3158; x_wconf 85' lang='grc' dir='ltr'>ὲν</span> <span class='ocrx_word' id='word_1_304' title='bbox 676 3104 869 3176; x_wconf 83' lang='grc' dir='ltr'>βιϐλίῳ</span> <span class='ocrx_word' id='word_1_305' title='bbox 915 3103 1003 3176; x_wconf 86' lang='grc' dir='ltr'>κη’</span> <span class='ocrx_word' id='word_1_306' title='bbox 1050 3105 1158 3159; x_wconf 84' lang='grc' dir='ltr'>τῶν</span> <span class='ocrx_word' id='word_1_307' title='bbox 1189 3107 1496 3163; x_wconf 85' lang='grc' dir='ltr'>Βασιλικῶν</span> <span class='ocrx_word' id='word_1_308' title='bbox 1538 3110 1646 3163; x_wconf 82' lang='grc' dir='ltr'>τίτ.</span> <span class='ocrx_word' id='word_1_309' title='bbox 1674 3109 1743 3177; x_wconf 76' lang='grc' dir='ltr'>ζ’,</span> 
     </span>
    </p>
   </div>
   <div class='ocr_carea' id='block_1_47' title="bbox 1853 1870 3449 1929">
    <p class='ocr_par' dir='ltr' id='par_1_47' title="bbox 1853 1870 3449 1929">
     <span class='ocr_line' id='line_1_47' title="bbox 1853 1870 3449 1929; baseline 0.001 -2"><span class='ocrx_word' id='word_1_310' title='bbox 1853 1872 2080 1928; x_wconf 83' lang='lat' dir='ltr'>surdum</span> <span class='ocrx_word' id='word_1_311' title='bbox 2120 1880 2224 1927; x_wconf 91' lang='lat' dir='ltr'>est.</span> <span class='ocrx_word' id='word_1_312' title='bbox 2280 1872 2398 1925; x_wconf 87' lang='lat' dir='ltr'>luto</span> <span class='ocrx_word' id='word_1_313' title='bbox 2432 1886 2561 1925; x_wconf 81' lang='lat' dir='ltr'>vero</span> <span class='ocrx_word' id='word_1_314' title='bbox 2619 1870 2949 1924; x_wconf 87' lang='lat' dir='ltr'>mulieribus</span> <span class='ocrx_word' id='word_1_315' title='bbox 3001 1870 3449 1929; x_wconf 68' lang='lat' dir='ltr'>monachis-hoc</span> 
     </span>
    </p>
   </div>
   <div class='ocr_carea' id='block_1_48' title="bbox 1845 1962 3449 2035">
    <p class='ocr_par' dir='ltr' id='par_1_48' title="bbox 1845 1962 3449 2035">
     <span class='ocr_line' id='line_1_48' title="bbox 1845 1962 3449 2035; baseline 0 -16"><span class='ocrx_word' id='word_1_316' title='bbox 1845 1965 1942 2035; x_wconf 85' lang='lat' dir='ltr'>jus</span> <span class='ocrx_word' id='word_1_317' title='bbox 2006 1974 2228 2035; x_wconf 87' lang='lat' dir='ltr'>propter</span> <span class='ocrx_word' id='word_1_318' title='bbox 2272 1965 2584 2019; x_wconf 92' lang='lat' dir='ltr'>tonsionem</span> <span class='ocrx_word' id='word_1_319' title='bbox 2647 1964 2813 2018; x_wconf 90' lang='lat' dir='ltr'>etiam</span> <span class='ocrx_word' id='word_1_320' title='bbox 2862 1962 3133 2033; x_wconf 83' lang='lat' dir='ltr'>indulgeri</span> <span class='ocrx_word' id='word_1_321' title='bbox 3194 1963 3449 2030; x_wconf 88' lang='lat' dir='ltr'>debebit,</span> 
     </span>
    </p>
   </div>
   <div class='ocr_carea' id='block_1_49' title="bbox 1852 2054 3449 2130">
    <p class='ocr_par' dir='ltr' id='par_1_49' title="bbox 1852 2054 3449 2130">
     <span class='ocr_line' id='line_1_49' title="bbox 1852 2054 3449 2130; baseline 0.001 -19"><span class='ocrx_word' id='word_1_322' title='bbox 1852 2058 1998 2130; x_wconf 89' lang='lat' dir='ltr'>quod</span> <span class='ocrx_word' id='word_1_323' title='bbox 2031 2060 2191 2129; x_wconf 84' lang='lat' dir='ltr'>longe</span> <span class='ocrx_word' id='word_1_324' title='bbox 2223 2058 2684 2112; x_wconf 88' lang='lat' dir='ltr'>absurdissimum</span> <span class='ocrx_word' id='word_1_325' title='bbox 2725 2066 2829 2110; x_wconf 89' lang='lat' dir='ltr'>est.</span> <span class='ocrx_word' id='word_1_326' title='bbox 2861 2054 2941 2109; x_wconf 88' lang='lat' dir='ltr'>Ne</span> <span class='ocrx_word' id='word_1_327' title='bbox 2973 2055 3141 2125; x_wconf 82' lang='lat' dir='ltr'>igitur</span> <span class='ocrx_word' id='word_1_328' title='bbox 3170 2057 3449 2113; x_wconf 89' lang='lat' dir='ltr'>auscultes</span> 
     </span>
    </p>
   </div>
   <div class='ocr_carea' id='block_1_50' title="bbox 1855 2147 3294 2216">
    <p class='ocr_par' dir='ltr' id='par_1_50' title="bbox 1855 2147 3294 2216">
     <span class='ocr_line' id='line_1_50' title="bbox 1855 2147 3294 2216; baseline 0 -12"><span class='ocrx_word' id='word_1_329' title='bbox 1855 2150 2011 2205; x_wconf 67' lang='lat' dir='ltr'>malae</span> <span class='ocrx_word' id='word_1_330' title='bbox 2045 2147 2455 2209; x_wconf 85' lang='lat' dir='ltr'>consuetudini,</span> <span class='ocrx_word' id='word_1_331' title='bbox 2490 2147 2584 2202; x_wconf 87' lang='lat' dir='ltr'>sed</span> <span class='ocrx_word' id='word_1_332' title='bbox 2617 2148 3019 2201; x_wconf 90' lang='lat' dir='ltr'>correctionem</span> <span class='ocrx_word' id='word_1_333' title='bbox 3058 2162 3294 2216; x_wconf 75' lang='lat' dir='ltr'>qumras.</span> 
     </span>
    </p>
   </div>
   <div class='ocr_carea' id='block_1_51' title="bbox 1923 2233 3452 2301">
    <p class='ocr_par' dir='ltr' id='par_1_51' title="bbox 1923 2233 3452 2301">
     <span class='ocr_line' id='line_1_51' title="bbox 1923 2233 3452 2301; baseline -0.003 -9"><span class='ocrx_word' id='word_1_334' title='bbox 1923 2236 2082 2292; x_wconf 80' lang='lat' dir='ltr'><strong>CAP.</strong></span> <span class='ocrx_word' id='word_1_335' title='bbox 2113 2234 2333 2292; x_wconf 80' lang='lat' dir='ltr'>XXXII.</span> <span class='ocrx_word' id='word_1_336' title='bbox 2361 2263 2412 2275; x_wconf 79' lang='lat'>-—</span> <span class='ocrx_word' id='word_1_337' title='bbox 2456 2233 2539 2289; x_wconf 87' lang='lat' dir='ltr'>Ne</span> <span class='ocrx_word' id='word_1_338' title='bbox 2560 2236 2859 2301; x_wconf 80' lang='lat' dir='ltr'>ordinetur,</span> <span class='ocrx_word' id='word_1_339' title='bbox 2895 2233 3049 2299; x_wconf 81' lang='lat' dir='ltr'>cuius</span> <span class='ocrx_word' id='word_1_340' title='bbox 3104 2251 3242 2289; x_wconf 80' lang='lat' dir='ltr'>uxor</span> <span class='ocrx_word' id='word_1_341' title='bbox 3294 2235 3452 2289; x_wconf 81' lang='lat' dir='ltr'>adul-</span> 
     </span>
    </p>
   </div>
   <div class='ocr_carea' id='block_1_52' title="bbox 1854 2326 3451 2393">
    <p class='ocr_par' dir='ltr' id='par_1_52' title="bbox 1854 2326 3451 2393">
     <span class='ocr_line' id='line_1_52' title="bbox 1854 2326 3451 2393; baseline -0.003 -9"><span class='ocrx_word' id='word_1_342' title='bbox 1854 2332 2046 2385; x_wconf 78' lang='lat' dir='ltr'>terium</span> <span class='ocrx_word' id='word_1_343' title='bbox 2109 2329 2395 2393; x_wconf 79' lang='lat' dir='ltr'>commisit,</span> <span class='ocrx_word' id='word_1_344' title='bbox 2466 2337 2516 2382; x_wconf 88' lang='lat' dir='ltr'>et</span> <span class='ocrx_word' id='word_1_345' title='bbox 2574 2327 2621 2381; x_wconf 92' lang='lat' dir='ltr'>si</span> <span class='ocrx_word' id='word_1_346' title='bbox 2684 2326 2867 2381; x_wconf 78' lang='lat' dir='ltr'>clerici</span> <span class='ocrx_word' id='word_1_347' title='bbox 2939 2342 3076 2381; x_wconf 74' lang='lat' dir='ltr'>uxor</span> <span class='ocrx_word' id='word_1_348' title='bbox 3126 2329 3451 2383; x_wconf 79' lang='lat' dir='ltr'>adulterium</span> 
     </span>
    </p>
   </div>
   <div class='ocr_carea' id='block_1_53' title="bbox 1855 2420 2209 2475">
    <p class='ocr_par' dir='ltr' id='par_1_53' title="bbox 1855 2420 2209 2475">
     <span class='ocr_line' id='line_1_53' title="bbox 1855 2420 2209 2475; baseline -0.011 0"><span class='ocrx_word' id='word_1_349' title='bbox 1855 2420 2209 2475; x_wconf 78' lang='lat' dir='ltr'>commiserit.</span> 
     </span>
    </p>
   </div>
   <div class='ocr_carea' id='block_1_54' title="bbox 1928 2527 2956 2585">
    <p class='ocr_par' dir='ltr' id='par_1_54' title="bbox 1928 2527 2956 2585">
     <span class='ocr_line' id='line_1_54' title="bbox 1928 2527 2956 2585; baseline -0.001 0"><span class='ocrx_word' id='word_1_350' title='bbox 1928 2530 2159 2585; x_wconf 83' lang='lat' dir='ltr'>Concilii</span> <span class='ocrx_word' id='word_1_351' title='bbox 2194 2527 2655 2583; x_wconf 68' lang='lat' dir='ltr'>Neocresariensis</span> <span class='ocrx_word' id='word_1_352' title='bbox 2683 2543 2861 2583; x_wconf 91' lang='lat' dir='ltr'>canon</span> <span class='ocrx_word' id='word_1_353' title='bbox 2902 2527 2956 2584; x_wconf 91' lang='lat'><strong>8.</strong></span> 
     </span>
    </p>
   </div>
   <div class='ocr_carea' id='block_1_55' title="bbox 1929 2616 3452 2689">
    <p class='ocr_par' dir='ltr' id='par_1_55' title="bbox 1929 2616 3452 2689">
     <span class='ocr_line' id='line_1_55' title="bbox 1929 2616 3452 2689; baseline -0.001 -15"><span class='ocrx_word' id='word_1_354' title='bbox 1929 2620 2139 2675; x_wconf 72' lang='lat' dir='ltr'>Textns.</span> <span class='ocrx_word' id='word_1_355' title='bbox 2182 2617 2357 2671; x_wconf 89' lang='lat' dir='ltr'>Etiam</span> <span class='ocrx_word' id='word_1_356' title='bbox 2399 2618 2483 2671; x_wconf 82' lang='lat' dir='ltr'>lex</span> <span class='ocrx_word' id='word_1_357' title='bbox 2530 2616 2706 2672; x_wconf 84' lang='lat' dir='ltr'>civilis</span> <span class='ocrx_word' id='word_1_358' title='bbox 2745 2626 2877 2683; x_wconf 90' lang='lat' dir='ltr'>etc.,</span> <span class='ocrx_word' id='word_1_359' title='bbox 2913 2633 3076 2689; x_wconf 85' lang='lat' dir='ltr'>usque</span> <span class='ocrx_word' id='word_1_360' title='bbox 3108 2617 3176 2670; x_wconf 84' lang='lat' dir='ltr'>ad</span> <span class='ocrx_word' id='word_1_361' title='bbox 3223 2616 3452 2673; x_wconf 72' lang='lat' dir='ltr'>novellzn</span> 
     </span>
    </p>
   </div>
   <div class='ocr_carea' id='block_1_56' title="bbox 1855 2708 2763 2780">
    <p class='ocr_par' dir='ltr' id='par_1_56' title="bbox 1855 2708 2763 2780">
     <span class='ocr_line' id='line_1_56' title="bbox 1855 2708 2763 2780; baseline -0.003 -13"><span class='ocrx_word' id='word_1_362' title='bbox 1855 2712 1960 2767; x_wconf 69' lang='grc'>154</span> <span class='ocrx_word' id='word_1_363' title='bbox 1991 2713 2056 2766; x_wconf 88' lang='lat' dir='ltr'>de</span> <span class='ocrx_word' id='word_1_364' title='bbox 2088 2710 2354 2780; x_wconf 86' lang='lat' dir='ltr'>repudiis.</span> <span class='ocrx_word' id='word_1_365' title='bbox 2388 2720 2444 2763; x_wconf 87' lang='lat' dir='ltr'>ut</span> <span class='ocrx_word' id='word_1_366' title='bbox 2477 2726 2598 2780; x_wconf 85' lang='lat' dir='ltr'>pag.</span> <span class='ocrx_word' id='word_1_367' title='bbox 2635 2708 2763 2764; x_wconf 76' lang='grc'>555.</span> 
     </span>
    </p>
   </div>
   <div class='ocr_carea' id='block_1_57' title="bbox 1930 2819 3448 2892">
    <p class='ocr_par' dir='ltr' id='par_1_57' title="bbox 1930 2819 3448 2892">
     <span class='ocr_line' id='line_1_57' title="bbox 1930 2819 3448 2892; baseline -0.003 -14"><span class='ocrx_word' id='word_1_368' title='bbox 1930 2822 2229 2878; x_wconf 76' lang='grc' dir='ltr'>δσΙιοΙὶιιηι.</span> <span class='ocrx_word' id='word_1_369' title='bbox 2296 2819 2407 2876; x_wconf 88' lang='lat' dir='ltr'>Tit.</span> <span class='ocrx_word' id='word_1_370' title='bbox 2451 2819 2484 2875; x_wconf 84' lang='lat'>9</span> <span class='ocrx_word' id='word_1_371' title='bbox 2552 2820 2646 2875; x_wconf 92' lang='lat' dir='ltr'>lib.</span> <span class='ocrx_word' id='word_1_372' title='bbox 2692 2837 2746 2875; x_wconf 70' lang='grc' dir='ltr'>ιιι</span> <span class='ocrx_word' id='word_1_373' title='bbox 2794 2821 2919 2876; x_wconf 91' lang='lat' dir='ltr'>cod.</span> <span class='ocrx_word' id='word_1_374' title='bbox 2974 2820 3188 2892; x_wconf 88' lang='lat' dir='ltr'>positus</span> <span class='ocrx_word' id='word_1_375' title='bbox 3251 2829 3335 2876; x_wconf 89' lang='lat' dir='ltr'>est</span> <span class='ocrx_word' id='word_1_376' title='bbox 3396 2822 3448 2875; x_wconf 91' lang='lat' dir='ltr'>itt</span> 
     </span>
    </p>
   </div>
   <div class='ocr_carea' id='block_1_58' title="bbox 1851 2898 3454 2986">
    <p class='ocr_par' dir='ltr' id='par_1_58' title="bbox 1851 2898 3454 2986">
     <span class='ocr_line' id='line_1_58' title="bbox 1851 2898 3454 2986; baseline -0.002 -15"><span class='ocrx_word' id='word_1_377' title='bbox 1851 2917 1951 2973; x_wconf 91' lang='lat' dir='ltr'>lib.</span> <span class='ocrx_word' id='word_1_378' title='bbox 1982 2916 2150 2972; x_wconf 86' lang='lat' dir='ltr'>Basil.</span> <span class='ocrx_word' id='word_1_379' title='bbox 2205 2931 2294 2981; x_wconf 76' lang='lat' dir='ltr'>LX,</span> <span class='ocrx_word' id='word_1_380' title='bbox 2343 2915 2429 2970; x_wconf 90' lang='lat' dir='ltr'>tit.</span> <span class='ocrx_word' id='word_1_381' title='bbox 2481 2914 2575 2980; x_wconf 79' lang='grc'>57,</span> <span class='ocrx_word' id='word_1_382' title='bbox 2633 2898 2761 2986; x_wconf 84' lang='lat' dir='ltr'>cap.</span> <span class='ocrx_word' id='word_1_383' title='bbox 2789 2914 2882 2968; x_wconf 68' lang='lat'>42.</span> <span class='ocrx_word' id='word_1_384' title='bbox 2937 2914 3055 2970; x_wconf 86' lang='lat' dir='ltr'>lloe</span> <span class='ocrx_word' id='word_1_385' title='bbox 3107 2930 3239 2969; x_wconf 87' lang='lat' dir='ltr'>vero</span> <span class='ocrx_word' id='word_1_386' title='bbox 3286 2923 3454 2982; x_wconf 89' lang='lat' dir='ltr'>caput</span> 
     </span>
    </p>
   </div>
   <div class='ocr_carea' id='block_1_59' title="bbox 1855 3005 3451 3081">
    <p class='ocr_par' dir='ltr' id='par_1_59' title="bbox 1855 3005 3451 3081">
     <span class='ocr_line' id='line_1_59' title="bbox 1855 3005 3451 3081; baseline -0.003 -16"><span class='ocrx_word' id='word_1_387' title='bbox 1855 3012 2126 3066; x_wconf 90' lang='lat' dir='ltr'>omissum</span> <span class='ocrx_word' id='word_1_388' title='bbox 2184 3018 2287 3065; x_wconf 89' lang='lat' dir='ltr'>est.</span> <span class='ocrx_word' id='word_1_389' title='bbox 2354 3008 2577 3063; x_wconf 83' lang='lat' dir='ltr'>Novella</span> <span class='ocrx_word' id='word_1_390' title='bbox 2658 3005 2930 3081; x_wconf 89' lang='lat' dir='ltr'>[autem]</span> <span class='ocrx_word' id='word_1_391' title='bbox 2987 3005 3287 3062; x_wconf 67' lang='lat' dir='ltr'>Iustiniani</span> <span class='ocrx_word' id='word_1_392' title='bbox 3348 3006 3451 3061; x_wconf 67' lang='grc'><strong>154</strong></span> 
     </span>
    </p>
   </div>
   <div class='ocr_carea' id='block_1_60' title="bbox 1856 3100 3453 3177">
    <p class='ocr_par' dir='ltr' id='par_1_60' title="bbox 1856 3100 3453 3177">
     <span class='ocr_line' id='line_1_60' title="bbox 1856 3100 3453 3177; baseline -0.003 -16"><span class='ocrx_word' id='word_1_393' title='bbox 1856 3107 2037 3177; x_wconf 89' lang='lat' dir='ltr'>posita</span> <span class='ocrx_word' id='word_1_394' title='bbox 2070 3116 2155 3161; x_wconf 89' lang='lat' dir='ltr'>est</span> <span class='ocrx_word' id='word_1_395' title='bbox 2189 3106 2242 3160; x_wconf 92' lang='lat' dir='ltr'>in</span> <span class='ocrx_word' id='word_1_396' title='bbox 2278 3104 2371 3159; x_wconf 89' lang='lat' dir='ltr'>lib.</span> <span class='ocrx_word' id='word_1_397' title='bbox 2404 3103 2575 3159; x_wconf 84' lang='lat' dir='ltr'>Basil.</span> <span class='ocrx_word' id='word_1_398' title='bbox 2619 3118 2818 3168; x_wconf 73' lang='lat' dir='ltr'>xxvrn,</span> <span class='ocrx_word' id='word_1_399' title='bbox 2853 3102 2939 3156; x_wconf 91' lang='lat' dir='ltr'>tit.</span> <span class='ocrx_word' id='word_1_400' title='bbox 2978 3100 3030 3166; x_wconf 90' lang='lat'>7,</span> <span class='ocrx_word' id='word_1_401' title='bbox 3066 3116 3191 3169; x_wconf 88' lang='lat' dir='ltr'>cap.</span> <span class='ocrx_word' id='word_1_402' title='bbox 3242 3102 3293 3166; x_wconf 88' lang='lat' dir='ltr'>I,</span> <span class='ocrx_word' id='word_1_403' title='bbox 3334 3101 3453 3156; x_wconf 90' lang='lat' dir='ltr'>tbc-</span> 
     </span>
    </p>
   </div>
   <div class='ocr_carea' id='block_1_61' title="bbox 179 3168 1769 3275">
    <p class='ocr_par' dir='ltr' id='par_1_61' title="bbox 179 3168 1743 3275">
     <span class='ocr_line' id='line_1_61' title="bbox 179 3168 1743 3275; baseline 0.01 -32"><span class='ocrx_word' id='word_1_404' title='bbox 179 3209 286 3262; x_wconf 86' lang='grc' dir='ltr'>κεφ.</span> <span class='ocrx_word' id='word_1_405' title='bbox 311 3193 376 3263; x_wconf 65' lang='grc' dir='ltr'>αξ,</span> <span class='ocrx_word' id='word_1_406' title='bbox 405 3194 469 3261; x_wconf 90' lang='grc' dir='ltr'>θ’,</span> <span class='ocrx_word' id='word_1_407' title='bbox 500 3168 608 3263; x_wconf 54' lang='grc' dir='ltr'>ναί,</span> <span class='ocrx_word' id='word_1_408' title='bbox 652 3168 759 3252; x_wconf 73' lang='lat' dir='ltr'><strong>1E1.</strong></span> <span class='ocrx_word' id='word_1_409' title='bbox 786 3168 853 3262; x_wconf 79' lang='grc' dir='ltr'>ζ’</span> <span class='ocrx_word' id='word_1_410' title='bbox 880 3201 939 3251; x_wconf 86' lang='grc' dir='ltr'>ὲν</span> <span class='ocrx_word' id='word_1_411' title='bbox 976 3168 1139 3269; x_wconf 69' lang='grc' dir='ltr'>μέρει</span> <span class='ocrx_word' id='word_1_412' title='bbox 1172 3199 1346 3266; x_wconf 81' lang='grc' dir='ltr'>οὓτως</span> <span class='ocrx_word' id='word_1_413' title='bbox 1385 3201 1589 3272; x_wconf 74' lang='grc' dir='ltr'>ἔχοντι·</span> <span class='ocrx_word' id='word_1_414' title='bbox 1630 3168 1743 3275; x_wconf 50' lang='lat' dir='ltr'>Tir;</span> 
     </span>
    </p>
   </div>
   <div class='ocr_carea' id='block_1_62' title="bbox 1867 3168 3455 3275">
    <p class='ocr_par' dir='ltr' id='par_1_62' title="bbox 1867 3168 3455 3271">
     <span class='ocr_line' id='line_1_62' title="bbox 1867 3168 3455 3271; baseline -0.003 -16"><span class='ocrx_word' id='word_1_415' title='bbox 1867 3211 2002 3257; x_wconf 81' lang='lat' dir='ltr'>nate</span> <span class='ocrx_word' id='word_1_416' title='bbox 2035 3200 2087 3265; x_wconf 90' lang='lat'>7,</span> <span class='ocrx_word' id='word_1_417' title='bbox 2122 3200 2269 3271; x_wconf 91' lang='lat' dir='ltr'>quod</span> <span class='ocrx_word' id='word_1_418' title='bbox 2294 3215 2393 3270; x_wconf 86' lang='lat' dir='ltr'>pro</span> <span class='ocrx_word' id='word_1_419' title='bbox 2416 3208 2571 3269; x_wconf 87' lang='lat' dir='ltr'>parte</span> <span class='ocrx_word' id='word_1_420' title='bbox 2598 3197 2676 3252; x_wconf 90' lang='lat' dir='ltr'>ita</span> <span class='ocrx_word' id='word_1_421' title='bbox 2706 3196 2912 3252; x_wconf 86' lang='lat' dir='ltr'>habet:</span> <span class='ocrx_word' id='word_1_422' title='bbox 2949 3168 3149 3250; x_wconf 81' lang='lat' dir='ltr'>Mulier</span> <span class='ocrx_word' id='word_1_423' title='bbox 3180 3210 3311 3250; x_wconf 86' lang='lat' dir='ltr'>vero</span> <span class='ocrx_word' id='word_1_424' title='bbox 3333 3211 3455 3264; x_wconf 70' lang='lat' dir='ltr'>qua:</span> 
     </span>
    </p>
   </div>
   <div class='ocr_carea' id='block_1_63' title="bbox 181 3288 1744 3365">
    <p class='ocr_par' dir='ltr' id='par_1_63' title="bbox 181 3288 1744 3365">
     <span class='ocr_line' id='line_1_63' title="bbox 181 3288 1744 3365; baseline 0.006 -26"><span class='ocrx_word' id='word_1_425' title='bbox 181 3288 536 3359; x_wconf 85' lang='grc' dir='ltr'>μοιχευθεῖσαν</span> <span class='ocrx_word' id='word_1_426' title='bbox 572 3293 813 3360; x_wconf 88' lang='grc' dir='ltr'>γυναῖκα</span> <span class='ocrx_word' id='word_1_427' title='bbox 844 3294 965 3356; x_wconf 88' lang='grc' dir='ltr'>ταῖς</span> <span class='ocrx_word' id='word_1_428' title='bbox 1005 3293 1414 3365; x_wconf 83' lang='grc' dir='ltr'>προσηκούσαις</span> <span class='ocrx_word' id='word_1_429' title='bbox 1438 3294 1744 3349; x_wconf 73' lang='grc' dir='ltr'>ὑποϐαλλοο</span> 
     </span>
    </p>
   </div>
   <div class='ocr_carea' id='block_1_64' title="bbox 181 3376 1748 3459">
    <p class='ocr_par' dir='ltr' id='par_1_64' title="bbox 181 3376 1748 3459">
     <span class='ocr_line' id='line_1_64' title="bbox 181 3376 1748 3459; baseline 0.008 -31"><span class='ocrx_word' id='word_1_430' title='bbox 181 3376 327 3447; x_wconf 85' lang='grc' dir='ltr'>μένην</span> <span class='ocrx_word' id='word_1_431' title='bbox 351 3383 559 3445; x_wconf 81' lang='grc' dir='ltr'>ποιναῖς</span> <span class='ocrx_word' id='word_1_432' title='bbox 586 3383 643 3434; x_wconf 81' lang='grc' dir='ltr'>ἐν</span> <span class='ocrx_word' id='word_1_433' title='bbox 668 3382 1017 3455; x_wconf 83' lang='grc' dir='ltr'>μονασνηρίῳ</span> <span class='ocrx_word' id='word_1_434' title='bbox 1042 3383 1430 3454; x_wconf 75' lang='grc' dir='ltr'>ἐμϐάλλεσθαι,</span> <span class='ocrx_word' id='word_1_435' title='bbox 1458 3388 1552 3440; x_wconf 82' lang='grc' dir='ltr'>καὶ</span> <span class='ocrx_word' id='word_1_436' title='bbox 1576 3389 1625 3441; x_wconf 87' lang='grc' dir='ltr'>εἰ</span> <span class='ocrx_word' id='word_1_437' title='bbox 1649 3388 1748 3459; x_wconf 84' lang='grc' dir='ltr'>μὲν</span> 
     </span>
    </p>
   </div>
   <div class='ocr_carea' id='block_1_65' title="bbox 178 3470 1749 3551">
    <p class='ocr_par' dir='ltr' id='par_1_65' title="bbox 178 3470 1749 3551">
     <span class='ocr_line' id='line_1_65' title="bbox 178 3470 1749 3551; baseline 0.008 -31"><span class='ocrx_word' id='word_1_438' title='bbox 178 3470 291 3523; x_wconf 77' lang='grc' dir='ltr'>εἴσω</span> <span class='ocrx_word' id='word_1_439' title='bbox 312 3471 511 3538; x_wconf 87' lang='grc' dir='ltr'>διετὶας</span> <span class='ocrx_word' id='word_1_440' title='bbox 540 3476 571 3529; x_wconf 85' lang='grc' dir='ltr'>ὁ</span> <span class='ocrx_word' id='word_1_441' title='bbox 624 3475 766 3547; x_wconf 82' lang='grc' dir='ltr'>ἀνὴρ</span> <span class='ocrx_word' id='word_1_442' title='bbox 791 3475 960 3547; x_wconf 82' lang='grc' dir='ltr'>αὐτὴν</span> <span class='ocrx_word' id='word_1_443' title='bbox 991 3476 1286 3531; x_wconf 85' lang='grc' dir='ltr'>ἀναλαϐεῖν</span> <span class='ocrx_word' id='word_1_444' title='bbox 1334 3477 1626 3551; x_wconf 84' lang='grc' dir='ltr'>βουληθείη</span> <span class='ocrx_word' id='word_1_445' title='bbox 1663 3478 1749 3544; x_wconf 77' lang='grc' dir='ltr'>ἐξ·</span> 
     </span>
    </p>
   </div>
   <div class='ocr_carea' id='block_1_66' title="bbox 178 3566 1749 3639">
    <p class='ocr_par' dir='ltr' id='par_1_66' title="bbox 178 3566 1749 3639">
     <span class='ocr_line' id='line_1_66' title="bbox 178 3566 1749 3639; baseline 0.006 -23"><span class='ocrx_word' id='word_1_446' title='bbox 178 3566 347 3619; x_wconf 85' lang='grc' dir='ltr'>ουσίαν</span> <span class='ocrx_word' id='word_1_447' title='bbox 388 3568 537 3633; x_wconf 82' lang='grc' dir='ltr'>αὐτῷ</span> <span class='ocrx_word' id='word_1_448' title='bbox 576 3567 833 3639; x_wconf 88' lang='grc' dir='ltr'>διδόαμεν</span> <span class='ocrx_word' id='word_1_449' title='bbox 888 3568 1050 3634; x_wconf 77' lang='grc' dir='ltr'>τοῦτο</span> <span class='ocrx_word' id='word_1_450' title='bbox 1097 3573 1295 3638; x_wconf 88' lang='grc' dir='ltr'>ποιεῖν,</span> <span class='ocrx_word' id='word_1_451' title='bbox 1338 3574 1433 3626; x_wconf 74' lang='grc' dir='ltr'>καὶ</span> <span class='ocrx_word' id='word_1_452' title='bbox 1476 3574 1749 3627; x_wconf 85' lang='grc' dir='ltr'>συνοικεῖν</span> 
     </span>
    </p>
   </div>
   <div class='ocr_carea' id='block_1_67' title="bbox 178 3657 1748 3736">
    <p class='ocr_par' dir='ltr' id='par_1_67' title="bbox 178 3657 1748 3736">
     <span class='ocr_line' id='line_1_67' title="bbox 178 3657 1748 3736; baseline 0.006 -28"><span class='ocrx_word' id='word_1_453' title='bbox 178 3657 297 3729; x_wconf 79' lang='grc' dir='ltr'>αὐτῇ</span> <span class='ocrx_word' id='word_1_454' title='bbox 336 3660 542 3730; x_wconf 79' lang='grc' dir='ltr'>μηδένα</span> <span class='ocrx_word' id='word_1_455' title='bbox 603 3661 852 3715; x_wconf 86' lang='grc' dir='ltr'>κίνδυνον</span> <span class='ocrx_word' id='word_1_456' title='bbox 878 3662 1130 3717; x_wconf 78' lang='grc' dir='ltr'>ἐντεῦθεν</span> <span class='ocrx_word' id='word_1_457' title='bbox 1168 3663 1575 3735; x_wconf 82' lang='grc' dir='ltr'>εὐλαϐουμένῳ,</span> <span class='ocrx_word' id='word_1_458' title='bbox 1611 3668 1748 3736; x_wconf 86' lang='grc' dir='ltr'>μήτε</span> 
     </span>
    </p>
   </div>
   <div class='ocr_carea' id='block_1_68' title="bbox 175 3746 1747 3826">
    <p class='ocr_par' dir='ltr' id='par_1_68' title="bbox 175 3746 1747 3826">
     <span class='ocr_line' id='line_1_68' title="bbox 175 3746 1747 3826; baseline 0.005 -26"><span class='ocrx_word' id='word_1_459' title='bbox 175 3746 253 3801; x_wconf 69' lang='grc' dir='ltr'>διὰ</span> <span class='ocrx_word' id='word_1_460' title='bbox 298 3750 402 3803; x_wconf 86' lang='grc' dir='ltr'>τῶν</span> <span class='ocrx_word' id='word_1_461' title='bbox 445 3752 503 3805; x_wconf 81' lang='grc' dir='ltr'>ὲν</span> <span class='ocrx_word' id='word_1_462' title='bbox 546 3754 701 3823; x_wconf 87' lang='grc' dir='ltr'>μέσῳ</span> <span class='ocrx_word' id='word_1_463' title='bbox 740 3753 1045 3823; x_wconf 85' lang='grc' dir='ltr'>γινομένων</span> <span class='ocrx_word' id='word_1_464' title='bbox 1085 3754 1611 3826; x_wconf 86' lang='grc' dir='ltr'>καταϐλαπτομένου</span> <span class='ocrx_word' id='word_1_465' title='bbox 1653 3754 1747 3808; x_wconf 80' lang='grc' dir='ltr'>τοῦ</span> 
     </span>
    </p>
   </div>
   <div class='ocr_carea' id='block_1_69' title="bbox 174 3840 1749 3919">
    <p class='ocr_par' dir='ltr' id='par_1_69' title="bbox 174 3840 1749 3919">
     <span class='ocr_line' id='line_1_69' title="bbox 174 3840 1749 3919; baseline 0.005 -25"><span class='ocrx_word' id='word_1_466' title='bbox 174 3840 354 3912; x_wconf 80' lang='grc' dir='ltr'>γάμου,</span> <span class='ocrx_word' id='word_1_467' title='bbox 385 3844 678 3900; x_wconf 75' lang='grc' dir='ltr'>καὶταῦτα</span> <span class='ocrx_word' id='word_1_468' title='bbox 710 3847 811 3917; x_wconf 87' lang='grc' dir='ltr'>μέν</span> <span class='ocrx_word' id='word_1_469' title='bbox 859 3865 1029 3918; x_wconf 84' lang='grc' dir='ltr'>φησιν</span> <span class='ocrx_word' id='word_1_470' title='bbox 1064 3850 1092 3901; x_wconf 87' lang='grc' dir='ltr'>ὁ</span> <span class='ocrx_word' id='word_1_471' title='bbox 1128 3847 1408 3912; x_wconf 77' lang='grc' dir='ltr'>πολιτικὸς</span> <span class='ocrx_word' id='word_1_472' title='bbox 1431 3848 1617 3919; x_wconf 88' lang='grc' dir='ltr'>νόμος.</span> <span class='ocrx_word' id='word_1_473' title='bbox 1642 3849 1749 3902; x_wconf 75' lang='grc' dir='ltr'>Καὶ</span> 
     </span>
    </p>
   </div>
   <div class='ocr_carea' id='block_1_70' title="bbox 175 3931 1750 4014">
    <p class='ocr_par' dir='ltr' id='par_1_70' title="bbox 175 3931 1750 4014">
     <span class='ocr_line' id='line_1_70' title="bbox 175 3931 1750 4014; baseline 0.008 -29"><span class='ocrx_word' id='word_1_474' title='bbox 175 3931 254 4003; x_wconf 77' lang='grc' dir='ltr'>ἔχε</span> <span class='ocrx_word' id='word_1_475' title='bbox 282 3937 348 3990; x_wconf 80' lang='grc' dir='ltr'>τὰ</span> <span class='ocrx_word' id='word_1_476' title='bbox 386 3939 484 4010; x_wconf 82' lang='grc' dir='ltr'>τῆς</span> <span class='ocrx_word' id='word_1_477' title='bbox 523 3942 729 4011; x_wconf 85' lang='grc' dir='ltr'>νεαρᾶς</span> <span class='ocrx_word' id='word_1_478' title='bbox 766 3940 976 4012; x_wconf 84' lang='grc' dir='ltr'>ταύτης</span> <span class='ocrx_word' id='word_1_479' title='bbox 1023 3941 1116 3995; x_wconf 79' lang='grc' dir='ltr'>ἐπὶ</span> <span class='ocrx_word' id='word_1_480' title='bbox 1165 3942 1274 3996; x_wconf 82' lang='grc' dir='ltr'>τῶν</span> <span class='ocrx_word' id='word_1_481' title='bbox 1309 3941 1537 4008; x_wconf 85' lang='grc' dir='ltr'>λαῖκῶν,</span> <span class='ocrx_word' id='word_1_482' title='bbox 1570 3943 1599 3995; x_wconf 89' lang='grc' dir='ltr'>ό</span> <span class='ocrx_word' id='word_1_483' title='bbox 1640 3944 1750 4014; x_wconf 85' lang='grc' dir='ltr'>γάρ</span> 
     </span>
    </p>
   </div>
   <div class='ocr_carea' id='block_1_71' title="bbox 172 4026 1750 4105">
    <p class='ocr_par' dir='ltr' id='par_1_71' title="bbox 172 4026 1750 4105">
     <span class='ocr_line' id='line_1_71' title="bbox 172 4026 1750 4105; baseline 0.008 -29"><span class='ocrx_word' id='word_1_484' title='bbox 172 4026 612 4097; x_wconf 77' lang='grc' dir='ltr'>ἑκκλησιαστικὺς</span> <span class='ocrx_word' id='word_1_485' title='bbox 634 4032 797 4101; x_wconf 88' lang='grc' dir='ltr'>νόμος</span> <span class='ocrx_word' id='word_1_486' title='bbox 822 4033 942 4104; x_wconf 78' lang='grc' dir='ltr'>ἦτοι</span> <span class='ocrx_word' id='word_1_487' title='bbox 971 4036 999 4086; x_wconf 84' lang='grc' dir='ltr'>ό</span> <span class='ocrx_word' id='word_1_488' title='bbox 1019 4030 1070 4105; x_wconf 83' lang='grc' dir='ltr'>η’</span> <span class='ocrx_word' id='word_1_489' title='bbox 1100 4031 1280 4087; x_wconf 87' lang='grc' dir='ltr'>κανὼν</span> <span class='ocrx_word' id='word_1_490' title='bbox 1302 4033 1404 4105; x_wconf 85' lang='grc' dir='ltr'>τῆς</span> <span class='ocrx_word' id='word_1_491' title='bbox 1430 4036 1487 4088; x_wconf 82' lang='grc' dir='ltr'>ἐν</span> <span class='ocrx_word' id='word_1_492' title='bbox 1512 4034 1750 4088; x_wconf 77' lang='grc' dir='ltr'>Νεοκαι-</span> 
     </span>
    </p>
   </div>
   <div class='ocr_carea' id='block_1_72' title="bbox 176 4121 1753 4201">
    <p class='ocr_par' dir='ltr' id='par_1_72' title="bbox 176 4121 1753 4201">
     <span class='ocr_line' id='line_1_72' title="bbox 176 4121 1753 4201; baseline 0.008 -30"><span class='ocrx_word' id='word_1_493' title='bbox 176 4121 354 4194; x_wconf 70' lang='grc' dir='ltr'>σαρείᾳ</span> <span class='ocrx_word' id='word_1_494' title='bbox 397 4125 621 4179; x_wconf 84' lang='grc' dir='ltr'>συνόδου</span> <span class='ocrx_word' id='word_1_495' title='bbox 677 4125 803 4179; x_wconf 71' lang='grc' dir='ltr'>οὔτε</span> <span class='ocrx_word' id='word_1_496' title='bbox 851 4126 942 4180; x_wconf 83' lang='grc' dir='ltr'>τὸν</span> <span class='ocrx_word' id='word_1_497' title='bbox 995 4127 1168 4197; x_wconf 85' lang='grc' dir='ltr'>ἀνδρα</span> <span class='ocrx_word' id='word_1_498' title='bbox 1214 4128 1313 4197; x_wconf 82' lang='grc' dir='ltr'>τῆς</span> <span class='ocrx_word' id='word_1_499' title='bbox 1368 4129 1753 4201; x_wconf 82' lang='grc' dir='ltr'>μοιχευθείσης</span> 
     </span>
    </p>
   </div>
   <div class='ocr_carea' id='block_1_73' title="bbox 172 4218 1753 4296">
    <p class='ocr_par' dir='ltr' id='par_1_73' title="bbox 172 4218 1753 4296">
     <span class='ocr_line' id='line_1_73' title="bbox 172 4218 1753 4296; baseline 0.006 -29"><span class='ocrx_word' id='word_1_500' title='bbox 172 4218 411 4284; x_wconf 73' lang='grc' dir='ltr'>γυναικὸς</span> <span class='ocrx_word' id='word_1_501' title='bbox 445 4221 527 4283; x_wconf 84' lang='grc' dir='ltr'>εἱς</span> <span class='ocrx_word' id='word_1_502' title='bbox 567 4220 877 4291; x_wconf 84' lang='grc' dir='ltr'>ὑπηρεσίαν</span> <span class='ocrx_word' id='word_1_503' title='bbox 910 4220 1195 4292; x_wconf 77' lang='grc' dir='ltr'>ἱερατικὴν</span> <span class='ocrx_word' id='word_1_504' title='bbox 1234 4224 1563 4293; x_wconf 85' lang='grc' dir='ltr'>παραχωρεῖ</span> <span class='ocrx_word' id='word_1_505' title='bbox 1596 4223 1753 4296; x_wconf 82' lang='grc' dir='ltr'>ἔρχε-</span> 
     </span>
    </p>
   </div>
   <div class='ocr_carea' id='block_1_74' title="bbox 174 4309 1750 4389">
    <p class='ocr_par' dir='ltr' id='par_1_74' title="bbox 174 4309 1750 4389">
     <span class='ocr_line' id='line_1_74' title="bbox 174 4309 1750 4389; baseline 0.005 -28"><span class='ocrx_word' id='word_1_506' title='bbox 174 4309 305 4376; x_wconf 77' lang='grc' dir='ltr'>σθαι,</span> <span class='ocrx_word' id='word_1_507' title='bbox 332 4310 454 4365; x_wconf 70' lang='grc' dir='ltr'>οὔτε</span> <span class='ocrx_word' id='word_1_508' title='bbox 488 4314 585 4367; x_wconf 83' lang='grc' dir='ltr'>τὸν</span> <span class='ocrx_word' id='word_1_509' title='bbox 622 4314 774 4384; x_wconf 84' lang='grc' dir='ltr'>ἱερέα</span> <span class='ocrx_word' id='word_1_510' title='bbox 819 4314 912 4368; x_wconf 83' lang='grc' dir='ltr'>τὸν</span> <span class='ocrx_word' id='word_1_511' title='bbox 940 4315 1174 4385; x_wconf 76' lang='grc' dir='ltr'>σύζυγον</span> <span class='ocrx_word' id='word_1_512' title='bbox 1202 4316 1301 4386; x_wconf 80' lang='grc' dir='ltr'>τῆς</span> <span class='ocrx_word' id='word_1_513' title='bbox 1331 4316 1471 4385; x_wconf 84' lang='grc' dir='ltr'>μετά</span> <span class='ocrx_word' id='word_1_514' title='bbox 1502 4316 1602 4389; x_wconf 81' lang='grc' dir='ltr'>τὴν</span> <span class='ocrx_word' id='word_1_515' title='bbox 1632 4333 1750 4386; x_wconf 85' lang='grc' dir='ltr'>χει-</span> 
     </span>
    </p>
   </div>
   <div class='ocr_carea' id='block_1_75' title="bbox 176 4404 1751 4478">
    <p class='ocr_par' dir='ltr' id='par_1_75' title="bbox 176 4404 1751 4478">
     <span class='ocr_line' id='line_1_75' title="bbox 176 4404 1751 4478; baseline 0.004 -24"><span class='ocrx_word' id='word_1_516' title='bbox 176 4404 402 4469; x_wconf 84' lang='grc' dir='ltr'>ροτονὶαν</span> <span class='ocrx_word' id='word_1_517' title='bbox 461 4405 850 4476; x_wconf 80' lang='grc' dir='ltr'>μοιχευθείσης</span> <span class='ocrx_word' id='word_1_518' title='bbox 899 4411 1227 4478; x_wconf 90' lang='grc' dir='ltr'>παραχωρεῖ</span> <span class='ocrx_word' id='word_1_519' title='bbox 1268 4409 1364 4461; x_wconf 73' lang='grc' dir='ltr'>καὶ</span> <span class='ocrx_word' id='word_1_520' title='bbox 1420 4404 1578 4471; x_wconf 78' lang='grc' dir='ltr'>αὖθις</span> <span class='ocrx_word' id='word_1_521' title='bbox 1610 4404 1751 4462; x_wconf 81' lang='grc' dir='ltr'>εἶναι</span> 
     </span>
    </p>
   </div>
   <div class='ocr_carea' id='block_1_76' title="bbox 175 4490 1827 4580">
    <p class='ocr_par' dir='ltr' id='par_1_76' title="bbox 175 4490 1827 4580">
     <span class='ocr_line' id='line_1_76' title="bbox 175 4490 1827 4580; baseline 0.007 -39"><span class='ocrx_word' id='word_1_522' title='bbox 175 4490 333 4564; x_wconf 76' lang='grc' dir='ltr'>ἱερέα,</span> <span class='ocrx_word' id='word_1_523' title='bbox 359 4495 495 4551; x_wconf 79' lang='grc' dir='ltr'>ἀλλὰ</span> <span class='ocrx_word' id='word_1_524' title='bbox 528 4495 832 4564; x_wconf 73' lang='grc' dir='ltr'>ἀναγκάζει</span> <span class='ocrx_word' id='word_1_525' title='bbox 873 4498 1062 4552; x_wconf 79' lang='grc' dir='ltr'>τοῦτον</span> <span class='ocrx_word' id='word_1_526' title='bbox 1096 4499 1367 4552; x_wconf 80' lang='grc' dir='ltr'>ἀπολῦσαι</span> <span class='ocrx_word' id='word_1_527' title='bbox 1400 4500 1500 4570; x_wconf 80' lang='grc' dir='ltr'>τὴν</span> <span class='ocrx_word' id='word_1_528' title='bbox 1531 4517 1752 4570; x_wconf 85' lang='grc' dir='ltr'>μοιχευ-</span> <span class='ocrx_word' id='word_1_529' title='bbox 1783 4524 1827 4580; x_wconf 81' lang='lat' dir='ltr'><strong>D</strong></span> 
     </span>
    </p>
   </div>
   <div class='ocr_carea' id='block_1_77' title="bbox 173 4583 1636 4664">
    <p class='ocr_par' dir='ltr' id='par_1_77' title="bbox 173 4583 1636 4664">
     <span class='ocr_line' id='line_1_77' title="bbox 173 4583 1636 4664; baseline 0.006 -26"><span class='ocrx_word' id='word_1_530' title='bbox 173 4583 343 4641; x_wconf 84' lang='grc' dir='ltr'>θεῖσαν</span> <span class='ocrx_word' id='word_1_531' title='bbox 375 4592 616 4658; x_wconf 88' lang='grc' dir='ltr'>γυναῖκα</span> <span class='ocrx_word' id='word_1_532' title='bbox 657 4590 847 4658; x_wconf 80' lang='grc' dir='ltr'>αὐτοῦ,</span> <span class='ocrx_word' id='word_1_533' title='bbox 880 4592 930 4644; x_wconf 85' lang='grc' dir='ltr'>εἰ</span> <span class='ocrx_word' id='word_1_534' title='bbox 968 4591 1111 4645; x_wconf 87' lang='grc' dir='ltr'>θέλει</span> <span class='ocrx_word' id='word_1_535' title='bbox 1146 4592 1283 4656; x_wconf 79' lang='grc' dir='ltr'>τέως</span> <span class='ocrx_word' id='word_1_536' title='bbox 1313 4591 1636 4664; x_wconf 80' lang='grc' dir='ltr'>ἱερατεύειν.</span> 
     </span>
    </p>
   </div>
   <div class='ocr_carea' id='block_1_78' title="bbox 234 4703 1751 4778">
    <p class='ocr_par' dir='ltr' id='par_1_78' title="bbox 234 4703 1751 4778">
     <span class='ocr_line' id='line_1_78' title="bbox 234 4703 1751 4778; baseline 0.003 -22"><span class='ocrx_word' id='word_1_537' title='bbox 234 4703 483 4761; x_wconf 82' lang='grc' dir='ltr'>ΚΕΦΑΛ.</span> <span class='ocrx_word' id='word_1_538' title='bbox 519 4704 647 4761; x_wconf 83' lang='lat' dir='ltr'>AI&quot;.</span> <span class='ocrx_word' id='word_1_539' title='bbox 687 4735 759 4746; x_wconf 91' lang='lat'><strong>—</strong></span> <span class='ocrx_word' id='word_1_540' title='bbox 806 4706 949 4776; x_wconf 82' lang='grc' dir='ltr'>Περὶ</span> <span class='ocrx_word' id='word_1_541' title='bbox 987 4706 1095 4761; x_wconf 81' lang='grc' dir='ltr'>τοῦ</span> <span class='ocrx_word' id='word_1_542' title='bbox 1133 4706 1220 4777; x_wconf 79' lang='grc' dir='ltr'>μὴ</span> <span class='ocrx_word' id='word_1_543' title='bbox 1272 4709 1751 4778; x_wconf 80' lang='grc' dir='ltr'>χειροτονεῖσθαι</span> 
     </span>
    </p>
   </div>
   <div class='ocr_carea' id='block_1_79' title="bbox 171 4798 1751 4870">
    <p class='ocr_par' dir='ltr' id='par_1_79' title="bbox 171 4798 1751 4870">
     <span class='ocr_line' id='line_1_79' title="bbox 171 4798 1751 4870; baseline 0.004 -20"><span class='ocrx_word' id='word_1_544' title='bbox 171 4798 447 4867; x_wconf 76' lang='grc' dir='ltr'>κληρικὸγ</span> <span class='ocrx_word' id='word_1_545' title='bbox 487 4800 981 4870; x_wconf 72' lang='grc' dir='ltr'>ἁπολελυμένως,</span> <span class='ocrx_word' id='word_1_546' title='bbox 1029 4800 1192 4856; x_wconf 76' lang='grc' dir='ltr'><em>ἀλλὰ</em></span> <span class='ocrx_word' id='word_1_547' title='bbox 1248 4801 1489 4869; x_wconf 79' lang='grc' dir='ltr'>πάντως</span> <span class='ocrx_word' id='word_1_548' title='bbox 1530 4804 1618 4870; x_wconf 74' lang='grc' dir='ltr'>εἰς</span> <span class='ocrx_word' id='word_1_549' title='bbox 1654 4801 1751 4856; x_wconf 83' lang='grc' dir='ltr'>ἐκ·</span> 
     </span>
    </p>
   </div>
   <div class='ocr_carea' id='block_1_80' title="bbox 172 4892 941 4971">
    <p class='ocr_par' dir='ltr' id='par_1_80' title="bbox 172 4892 941 4971">
     <span class='ocr_line' id='line_1_80' title="bbox 172 4892 941 4971; baseline 0.008 -30"><span class='ocrx_word' id='word_1_550' title='bbox 172 4892 443 4971; x_wconf 70' lang='grc' dir='ltr'>πλησίας,</span> <span class='ocrx_word' id='word_1_551' title='bbox 476 4894 515 4962; x_wconf 77' lang='grc' dir='ltr'><em>ἢ</em></span> <span class='ocrx_word' id='word_1_552' title='bbox 535 4893 941 4963; x_wconf 79' lang='grc' dir='ltr'>μοναστήρια.</span> 
     </span>
    </p>
   </div>
   <div class='ocr_carea' id='block_1_81' title="bbox 234 4984 1184 5057">
    <p class='ocr_par' dir='ltr' id='par_1_81' title="bbox 234 4984 1184 5057">
     <span class='ocr_line' id='line_1_81' title="bbox 234 4984 1184 5057; baseline 0.006 -21"><span class='ocrx_word' id='word_1_553' title='bbox 234 4985 457 5040; x_wconf 88' lang='grc' dir='ltr'>Συνόδου</span> <span class='ocrx_word' id='word_1_554' title='bbox 482 4986 830 5057; x_wconf 86' lang='grc' dir='ltr'>Χαλκηδόνος</span> <span class='ocrx_word' id='word_1_555' title='bbox 857 4984 1041 5042; x_wconf 87' lang='grc' dir='ltr'>κανὼν</span> <span class='ocrx_word' id='word_1_556' title='bbox 1067 4985 1184 5053; x_wconf 81' lang='grc' dir='ltr'>κς’.</span> 
     </span>
    </p>
   </div>
   <div class='ocr_carea' id='block_1_82' title="bbox 232 5092 1753 5165">
    <p class='ocr_par' dir='ltr' id='par_1_82' title="bbox 232 5092 1753 5165">
     <span class='ocr_line' id='line_1_82' title="bbox 232 5092 1753 5165; baseline 0.003 -19"><span class='ocrx_word' id='word_1_557' title='bbox 232 5092 484 5148; x_wconf 78' lang='grc' dir='ltr'>ΚΕΦΔΛ.</span> <span class='ocrx_word' id='word_1_558' title='bbox 520 5096 740 5149; x_wconf 79' lang='grc' dir='ltr'>ΛΔ’.-</span> <span class='ocrx_word' id='word_1_559' title='bbox 766 5094 907 5163; x_wconf 78' lang='grc' dir='ltr'>Περὶ</span> <span class='ocrx_word' id='word_1_560' title='bbox 962 5095 1425 5165; x_wconf 79' lang='grc' dir='ltr'>περιοδούντων,</span> <span class='ocrx_word' id='word_1_561' title='bbox 1479 5095 1579 5151; x_wconf 81' lang='grc' dir='ltr'>καὶ</span> <span class='ocrx_word' id='word_1_562' title='bbox 1631 5095 1753 5151; x_wconf 79' lang='grc' dir='ltr'>τῶν</span> 
     </span>
    </p>
   </div>
   <div class='ocr_carea' id='block_1_83' title="bbox 171 5184 1040 5259">
    <p class='ocr_par' dir='ltr' id='par_1_83' title="bbox 171 5184 1040 5259">
     <span class='ocr_line' id='line_1_83' title="bbox 171 5184 1040 5259; baseline 0.007 -22"><span class='ocrx_word' id='word_1_563' title='bbox 171 5184 235 5239; x_wconf 76' lang='grc' dir='ltr'>ἐν</span> <span class='ocrx_word' id='word_1_564' title='bbox 256 5187 384 5255; x_wconf 83' lang='grc' dir='ltr'>ταῖς</span> <span class='ocrx_word' id='word_1_565' title='bbox 414 5187 642 5259; x_wconf 80' lang='grc' dir='ltr'>κώμαις</span> <span class='ocrx_word' id='word_1_566' title='bbox 673 5188 1040 5257; x_wconf 76' lang='grc' dir='ltr'>ἐκκλησιῶν.</span> 
     </span>
    </p>
   </div>
   <div class='ocr_carea' id='block_1_84' title="bbox 235 5280 1157 5347">
    <p class='ocr_par' dir='ltr' id='par_1_84' title="bbox 235 5280 1157 5347">
     <span class='ocr_line' id='line_1_84' title="bbox 235 5280 1157 5347; baseline 0.004 -14"><span class='ocrx_word' id='word_1_567' title='bbox 235 5280 460 5336; x_wconf 79' lang='grc' dir='ltr'>Συνόδου</span> <span class='ocrx_word' id='word_1_568' title='bbox 485 5282 810 5347; x_wconf 82' lang='grc' dir='ltr'>Λαοδικείας</span> <span class='ocrx_word' id='word_1_569' title='bbox 849 5281 1030 5337; x_wconf 86' lang='grc' dir='ltr'>κανὼν</span> <span class='ocrx_word' id='word_1_570' title='bbox 1057 5281 1157 5346; x_wconf 82' lang='grc' dir='ltr'>νζ¹.</span> 
     </span>
    </p>
   </div>
   <div class='ocr_carea' id='block_1_85' title="bbox 234 5372 1749 5446">
    <p class='ocr_par' dir='ltr' id='par_1_85' title="bbox 234 5372 1749 5446">
     <span class='ocr_line' id='line_1_85' title="bbox 234 5372 1749 5446; baseline -0.003 -18"><span class='ocrx_word' id='word_1_571' title='bbox 234 5376 546 5446; x_wconf 77' lang='grc' dir='ltr'>Κείμενον.</span> <span class='ocrx_word' id='word_1_572' title='bbox 585 5374 653 5430; x_wconf 81' lang='grc' dir='ltr'><strong>Ἦ</strong></span> <span class='ocrx_word' id='word_1_573' title='bbox 680 5376 747 5429; x_wconf 87' lang='grc' dir='ltr'>ια’</span> <span class='ocrx_word' id='word_1_574' title='bbox 774 5375 942 5442; x_wconf 81' lang='grc' dir='ltr'>διάτ.,</span> <span class='ocrx_word' id='word_1_575' title='bbox 977 5376 1074 5430; x_wconf 82' lang='grc' dir='ltr'>τοῦ</span> <span class='ocrx_word' id='word_1_576' title='bbox 1104 5373 1152 5442; x_wconf 84' lang='grc' dir='ltr'>γ’</span> <span class='ocrx_word' id='word_1_577' title='bbox 1175 5374 1282 5429; x_wconf 88' lang='grc' dir='ltr'>τὶτ.</span> <span class='ocrx_word' id='word_1_578' title='bbox 1311 5373 1408 5428; x_wconf 88' lang='lat'>106</span> <span class='ocrx_word' id='word_1_579' title='bbox 1440 5372 1485 5427; x_wconf 86' lang='grc' dir='ltr'>α’</span> <span class='ocrx_word' id='word_1_580' title='bbox 1520 5372 1749 5443; x_wconf 85' lang='grc' dir='ltr'>βιϐλίου,</span> 
     </span>
    </p>
   </div>
   <div class='ocr_carea' id='block_1_86' title="bbox 172 5465 1753 5541">
    <p class='ocr_par' dir='ltr' id='par_1_86' title="bbox 172 5465 1753 5541">
     <span class='ocr_line' id='line_1_86' title="bbox 172 5465 1753 5541; baseline -0.005 -15"><span class='ocrx_word' id='word_1_581' title='bbox 172 5465 332 5536; x_wconf 77' lang='grc' dir='ltr'>λέγει,</span> <span class='ocrx_word' id='word_1_582' title='bbox 373 5487 429 5526; x_wconf 91' lang='grc' dir='ltr'>κ.</span> <span class='ocrx_word' id='word_1_583' title='bbox 469 5487 527 5525; x_wconf 88' lang='grc' dir='ltr'>τ.</span> <span class='ocrx_word' id='word_1_584' title='bbox 553 5471 631 5539; x_wconf 90' lang='grc' dir='ltr'>λ.,</span> <span class='ocrx_word' id='word_1_585' title='bbox 668 5485 843 5541; x_wconf 87' lang='lat' dir='ltr'>usque</span> <span class='ocrx_word' id='word_1_586' title='bbox 877 5470 944 5526; x_wconf 84' lang='lat' dir='ltr'>ad</span> <span class='ocrx_word' id='word_1_587' title='bbox 998 5468 1466 5523; x_wconf 80' lang='grc' dir='ltr'>ὑποκαταστάτων</span> <span class='ocrx_word' id='word_1_588' title='bbox 1504 5466 1753 5536; x_wconf 86' lang='grc' dir='ltr'>λειτουρ-</span> 
     </span>
    </p>
   </div>
   <div class='ocr_carea' id='block_1_87' title="bbox 170 5561 301 5624">
    <p class='ocr_par' dir='ltr' id='par_1_87' title="bbox 170 5561 301 5624">
     <span class='ocr_line' id='line_1_87' title="bbox 170 5561 301 5624; baseline 0.031 -14"><span class='ocrx_word' id='word_1_589' title='bbox 170 5561 301 5624; x_wconf 84' lang='grc' dir='ltr'>γεῖν.</span> 
     </span>
    </p>
   </div>
   <div class='ocr_carea' id='block_1_88' title="bbox 238 5649 1755 5721">
    <p class='ocr_par' dir='ltr' id='par_1_88' title="bbox 238 5649 1755 5721">
     <span class='ocr_line' id='line_1_88' title="bbox 238 5649 1755 5721; baseline -0.001 -16"><span class='ocrx_word' id='word_1_590' title='bbox 238 5652 519 5721; x_wconf 73' lang='grc' dir='ltr'>Σχόλιον.</span> <span class='ocrx_word' id='word_1_591' title='bbox 566 5653 633 5709; x_wconf 85' lang='grc' dir='ltr'><strong><em>Ἦ</em></strong></span> <span class='ocrx_word' id='word_1_592' title='bbox 691 5652 760 5708; x_wconf 83' lang='grc' dir='ltr'>ια’</span> <span class='ocrx_word' id='word_1_593' title='bbox 795 5652 937 5708; x_wconf 86' lang='grc' dir='ltr'>διάτ.</span> <span class='ocrx_word' id='word_1_594' title='bbox 994 5651 1095 5707; x_wconf 88' lang='lat'>106</span> <span class='ocrx_word' id='word_1_595' title='bbox 1132 5658 1181 5721; x_wconf 83' lang='grc' dir='ltr'>γ’</span> <span class='ocrx_word' id='word_1_596' title='bbox 1222 5651 1331 5707; x_wconf 82' lang='grc' dir='ltr'>τιτ.</span> <span class='ocrx_word' id='word_1_597' title='bbox 1378 5649 1474 5705; x_wconf 80' lang='grc' dir='ltr'>τοῦ</span> <span class='ocrx_word' id='word_1_598' title='bbox 1520 5649 1755 5713; x_wconf 78' lang='grc' dir='ltr'>κώδικος</span> 
     </span>
    </p>
   </div>
   <div class='ocr_carea' id='block_1_89' title="bbox 172 5742 1754 5820">
    <p class='ocr_par' dir='ltr' id='par_1_89' title="bbox 172 5742 1754 5820">
     <span class='ocr_line' id='line_1_89' title="bbox 172 5742 1754 5820; baseline 0.01 -26"><span class='ocrx_word' id='word_1_599' title='bbox 172 5743 327 5817; x_wconf 82' lang='grc' dir='ltr'>ἐτέθη</span> <span class='ocrx_word' id='word_1_600' title='bbox 371 5749 455 5812; x_wconf 80' lang='grc' dir='ltr'>εἰς</span> <span class='ocrx_word' id='word_1_601' title='bbox 492 5748 602 5820; x_wconf 85' lang='grc' dir='ltr'>βιϐ.</span> <span class='ocrx_word' id='word_1_602' title='bbox 648 5749 699 5819; x_wconf 85' lang='grc' dir='ltr'>γ’</span> <span class='ocrx_word' id='word_1_603' title='bbox 747 5749 856 5803; x_wconf 84' lang='grc' dir='ltr'>τῶν</span> <span class='ocrx_word' id='word_1_604' title='bbox 887 5747 1218 5816; x_wconf 87' lang='grc' dir='ltr'>Βασιλικῶν,</span> <span class='ocrx_word' id='word_1_605' title='bbox 1256 5747 1363 5802; x_wconf 84' lang='grc' dir='ltr'>τίτ.</span> <span class='ocrx_word' id='word_1_606' title='bbox 1402 5752 1474 5816; x_wconf 91' lang='grc' dir='ltr'>γ’,</span> <span class='ocrx_word' id='word_1_607' title='bbox 1514 5762 1640 5813; x_wconf 88' lang='grc' dir='ltr'>κεφ.</span> <span class='ocrx_word' id='word_1_608' title='bbox 1677 5742 1754 5812; x_wconf 81' lang='grc' dir='ltr'>ς’.</span> 
     </span>
    </p>
   </div>
   <div class='ocr_carea' id='block_1_90' title="bbox 174 5832 1757 5915">
    <p class='ocr_par' dir='ltr' id='par_1_90' title="bbox 174 5832 1757 5915">
     <span class='ocr_line' id='line_1_90' title="bbox 174 5832 1757 5915; baseline 0.001 -24"><span class='ocrx_word' id='word_1_609' title='bbox 174 5834 339 5904; x_wconf 74' lang='grc' dir='ltr'>οὕτως</span> <span class='ocrx_word' id='word_1_610' title='bbox 368 5838 494 5912; x_wconf 77' lang='grc' dir='ltr'>ἔχον</span> <span class='ocrx_word' id='word_1_611' title='bbox 512 5842 603 5911; x_wconf 81' lang='grc' dir='ltr'>Ἐξ</span> <span class='ocrx_word' id='word_1_612' title='bbox 625 5842 796 5914; x_wconf 77' lang='grc' dir='ltr'>αὐτῆς</span> <span class='ocrx_word' id='word_1_613' title='bbox 821 5840 922 5913; x_wconf 82' lang='grc' dir='ltr'>τῆς</span> <span class='ocrx_word' id='word_1_614' title='bbox 948 5839 1142 5914; x_wconf 83' lang='grc' dir='ltr'>κώμης</span> <span class='ocrx_word' id='word_1_615' title='bbox 1171 5840 1230 5897; x_wconf 80' lang='grc' dir='ltr'>ὲν</span> <span class='ocrx_word' id='word_1_616' title='bbox 1319 5840 1467 5895; x_wconf 80' lang='grc' dir='ltr'>ἐστιν</span> <span class='ocrx_word' id='word_1_617' title='bbox 1493 5840 1527 5910; x_wconf 79' lang='grc' dir='ltr'>ἡ</span> <span class='ocrx_word' id='word_1_618' title='bbox 1557 5836 1757 5909; x_wconf 77' lang='grc' dir='ltr'>ἐκκλη-</span> 
     </span>
    </p>
   </div>
   <div class='ocr_carea' id='block_1_91' title="bbox 1852 3287 3450 3359">
    <p class='ocr_par' dir='ltr' id='par_1_91' title="bbox 1852 3287 3450 3359">
     <span class='ocr_line' id='line_1_91' title="bbox 1852 3287 3450 3359; baseline -0.004 -12"><span class='ocrx_word' id='word_1_619' title='bbox 1852 3292 2181 3347; x_wconf 86' lang='lat' dir='ltr'>adulterium</span> <span class='ocrx_word' id='word_1_620' title='bbox 2208 3289 2506 3353; x_wconf 87' lang='lat' dir='ltr'>commisit,</span> <span class='ocrx_word' id='word_1_621' title='bbox 2531 3288 2974 3359; x_wconf 83' lang='lat' dir='ltr'>competentibus</span> <span class='ocrx_word' id='word_1_622' title='bbox 3004 3288 3222 3343; x_wconf 87' lang='lat' dir='ltr'>subdita</span> <span class='ocrx_word' id='word_1_623' title='bbox 3250 3287 3450 3356; x_wconf 77' lang='lat' dir='ltr'>pcenis,</span> 
     </span>
    </p>
   </div>
   <div class='ocr_carea' id='block_1_92' title="bbox 1852 3380 3453 3452">
    <p class='ocr_par' dir='ltr' id='par_1_92' title="bbox 1852 3380 3453 3452">
     <span class='ocr_line' id='line_1_92' title="bbox 1852 3380 3453 3452; baseline -0.004 -11"><span class='ocrx_word' id='word_1_624' title='bbox 1852 3389 1905 3441; x_wconf 94' lang='lat' dir='ltr'>in</span> <span class='ocrx_word' id='word_1_625' title='bbox 1932 3385 2325 3441; x_wconf 87' lang='lat' dir='ltr'>monasterium</span> <span class='ocrx_word' id='word_1_626' title='bbox 2361 3383 2692 3452; x_wconf 86' lang='lat' dir='ltr'>conjiciatur</span> <span class='ocrx_word' id='word_1_627' title='bbox 2727 3398 2741 3446; x_wconf 91' lang='lat'><strong>;</strong></span> <span class='ocrx_word' id='word_1_628' title='bbox 2771 3391 2935 3450; x_wconf 87' lang='lat' dir='ltr'>atque</span> <span class='ocrx_word' id='word_1_629' title='bbox 2966 3380 3010 3437; x_wconf 91' lang='lat' dir='ltr'>si</span> <span class='ocrx_word' id='word_1_630' title='bbox 3041 3380 3274 3434; x_wconf 89' lang='lat' dir='ltr'>maritus</span> <span class='ocrx_word' id='word_1_631' title='bbox 3310 3380 3453 3434; x_wconf 88' lang='lat' dir='ltr'>intra</span> 
     </span>
    </p>
   </div>
   <div class='ocr_carea' id='block_1_93' title="bbox 1852 3471 3454 3548">
    <p class='ocr_par' dir='ltr' id='par_1_93' title="bbox 1852 3471 3454 3548">
     <span class='ocr_line' id='line_1_93' title="bbox 1852 3471 3454 3548; baseline -0.006 -12"><span class='ocrx_word' id='word_1_632' title='bbox 1852 3480 2133 3536; x_wconf 85' lang='lat' dir='ltr'>biennium</span> <span class='ocrx_word' id='word_1_633' title='bbox 2185 3494 2306 3533; x_wconf 90' lang='lat' dir='ltr'>eam</span> <span class='ocrx_word' id='word_1_634' title='bbox 2344 3477 2589 3548; x_wconf 87' lang='lat' dir='ltr'>recipere</span> <span class='ocrx_word' id='word_1_635' title='bbox 2638 3475 2894 3540; x_wconf 80' lang='lat' dir='ltr'>voluerit,</span> <span class='ocrx_word' id='word_1_636' title='bbox 2939 3473 3138 3528; x_wconf 91' lang='lat' dir='ltr'>damus</span> <span class='ocrx_word' id='word_1_637' title='bbox 3184 3473 3234 3527; x_wconf 93' lang='lat' dir='ltr'>ci</span> <span class='ocrx_word' id='word_1_638' title='bbox 3285 3471 3454 3542; x_wconf 87' lang='lat' dir='ltr'>hujus</span> 
     </span>
    </p>
   </div>
   <div class='ocr_carea' id='block_1_94' title="bbox 1855 3564 3452 3645">
    <p class='ocr_par' dir='ltr' id='par_1_94' title="bbox 1855 3564 3452 3645">
     <span class='ocr_line' id='line_1_94' title="bbox 1855 3564 3452 3645; baseline -0.006 -18"><span class='ocrx_word' id='word_1_639' title='bbox 1855 3574 2050 3645; x_wconf 80' lang='lat' dir='ltr'>agendi</span> <span class='ocrx_word' id='word_1_640' title='bbox 2084 3571 2387 3637; x_wconf 65' lang='lat' dir='ltr'>licentiam,</span> <span class='ocrx_word' id='word_1_641' title='bbox 2420 3578 2479 3623; x_wconf 94' lang='lat' dir='ltr'>ut</span> <span class='ocrx_word' id='word_1_642' title='bbox 2509 3577 2563 3624; x_wconf 92' lang='lat' dir='ltr'>et</span> <span class='ocrx_word' id='word_1_643' title='bbox 2596 3568 2650 3621; x_wconf 91' lang='lat' dir='ltr'>in</span> <span class='ocrx_word' id='word_1_644' title='bbox 2682 3564 3036 3623; x_wconf 85' lang='lat' dir='ltr'>matrimonio</span> <span class='ocrx_word' id='word_1_645' title='bbox 3071 3580 3193 3620; x_wconf 90' lang='lat' dir='ltr'>eam</span> <span class='ocrx_word' id='word_1_646' title='bbox 3230 3564 3452 3630; x_wconf 84' lang='lat' dir='ltr'>habeat,</span> 
     </span>
    </p>
   </div>
   <div class='ocr_carea' id='block_1_95' title="bbox 1853 3656 3454 3736">
    <p class='ocr_par' dir='ltr' id='par_1_95' title="bbox 1853 3656 3454 3736">
     <span class='ocr_line' id='line_1_95' title="bbox 1853 3656 3454 3736; baseline -0.006 -16"><span class='ocrx_word' id='word_1_647' title='bbox 1853 3681 2033 3736; x_wconf 82' lang='lat' dir='ltr'>neque</span> <span class='ocrx_word' id='word_1_648' title='bbox 2067 3664 2239 3719; x_wconf 93' lang='lat' dir='ltr'>ullum</span> <span class='ocrx_word' id='word_1_649' title='bbox 2282 3678 2348 3718; x_wconf 80' lang='lat' dir='ltr'>ex</span> <span class='ocrx_word' id='word_1_650' title='bbox 2386 3662 2492 3716; x_wconf 93' lang='lat' dir='ltr'>hoc</span> <span class='ocrx_word' id='word_1_651' title='bbox 2525 3670 2845 3715; x_wconf 81' lang='lat' dir='ltr'>revereatur</span> <span class='ocrx_word' id='word_1_652' title='bbox 2889 3658 3227 3729; x_wconf 87' lang='lat' dir='ltr'>periculum:</span> <span class='ocrx_word' id='word_1_653' title='bbox 3264 3656 3454 3710; x_wconf 84' lang='lat' dir='ltr'>matri-</span> 
     </span>
    </p>
   </div>
   <div class='ocr_carea' id='block_1_96' title="bbox 1853 3747 3454 3827">
    <p class='ocr_par' dir='ltr' id='par_1_96' title="bbox 1853 3747 3454 3827">
     <span class='ocr_line' id='line_1_96' title="bbox 1853 3747 3454 3827; baseline -0.005 -15"><span class='ocrx_word' id='word_1_654' title='bbox 1853 3758 2040 3812; x_wconf 92' lang='lat' dir='ltr'>ntonio</span> <span class='ocrx_word' id='word_1_655' title='bbox 2077 3772 2301 3827; x_wconf 88' lang='lat' dir='ltr'>quoque</span> <span class='ocrx_word' id='word_1_656' title='bbox 2362 3771 2461 3825; x_wconf 87' lang='lat' dir='ltr'>per</span> <span class='ocrx_word' id='word_1_657' title='bbox 2511 3768 2575 3808; x_wconf 90' lang='lat' dir='ltr'>ea</span> <span class='ocrx_word' id='word_1_658' title='bbox 2615 3768 2739 3823; x_wconf 71' lang='lat' dir='ltr'>qua:</span> <span class='ocrx_word' id='word_1_659' title='bbox 2792 3751 2975 3806; x_wconf 89' lang='lat' dir='ltr'>medio</span> <span class='ocrx_word' id='word_1_660' title='bbox 3036 3761 3278 3821; x_wconf 84' lang='lat' dir='ltr'>tempore</span> <span class='ocrx_word' id='word_1_661' title='bbox 3312 3747 3454 3804; x_wconf 85' lang='lat' dir='ltr'>facta</span> 
     </span>
    </p>
   </div>
   <div class='ocr_carea' id='block_1_97' title="bbox 1853 3841 3453 3918">
    <p class='ocr_par' dir='ltr' id='par_1_97' title="bbox 1853 3841 3453 3918">
     <span class='ocr_line' id='line_1_97' title="bbox 1853 3841 3453 3918; baseline -0.006 -11"><span class='ocrx_word' id='word_1_662' title='bbox 1853 3860 2002 3915; x_wconf 85' lang='lat' dir='ltr'>sunt,</span> <span class='ocrx_word' id='word_1_663' title='bbox 2034 3865 2143 3905; x_wconf 93' lang='lat' dir='ltr'>non</span> <span class='ocrx_word' id='word_1_664' title='bbox 2196 3848 2466 3904; x_wconf 70' lang='lat' dir='ltr'>laniendo.</span> <span class='ocrx_word' id='word_1_665' title='bbox 2501 3846 2681 3918; x_wconf 85' lang='lat' dir='ltr'>Atque</span> <span class='ocrx_word' id='word_1_666' title='bbox 2723 3846 2838 3900; x_wconf 74' lang='lat' dir='ltr'>lucc</span> <span class='ocrx_word' id='word_1_667' title='bbox 2869 3843 3090 3915; x_wconf 88' lang='lat' dir='ltr'>quidem</span> <span class='ocrx_word' id='word_1_668' title='bbox 3121 3842 3299 3899; x_wconf 80' lang='lat' dir='ltr'>civilis</span> <span class='ocrx_word' id='word_1_669' title='bbox 3345 3841 3453 3897; x_wconf 85' lang='lat' dir='ltr'>lex.</span> 
     </span>
    </p>
   </div>
   <div class='ocr_carea' id='block_1_98' title="bbox 1852 3935 3452 4015">
    <p class='ocr_par' dir='ltr' id='par_1_98' title="bbox 1852 3935 3452 4015">
     <span class='ocr_line' id='line_1_98' title="bbox 1852 3935 3452 4015; baseline -0.006 -14"><span class='ocrx_word' id='word_1_670' title='bbox 1852 3945 2104 4015; x_wconf 85' lang='lat' dir='ltr'>Intellige</span> <span class='ocrx_word' id='word_1_671' title='bbox 2153 3959 2283 3999; x_wconf 88' lang='lat' dir='ltr'>vero</span> <span class='ocrx_word' id='word_1_672' title='bbox 2318 3944 2463 3997; x_wconf 85' lang='lat' dir='ltr'>hanc</span> <span class='ocrx_word' id='word_1_673' title='bbox 2516 3940 2788 3996; x_wconf 73' lang='lat' dir='ltr'>novellam</span> <span class='ocrx_word' id='word_1_674' title='bbox 2838 3939 2905 3994; x_wconf 90' lang='lat' dir='ltr'>de</span> <span class='ocrx_word' id='word_1_675' title='bbox 2947 3938 3123 3994; x_wconf 86' lang='lat' dir='ltr'>laicis.</span> <span class='ocrx_word' id='word_1_676' title='bbox 3180 3935 3452 3992; x_wconf 81' lang='lat' dir='ltr'>Ecclesia-</span> 
     </span>
    </p>
   </div>
   <div class='ocr_carea' id='block_1_99' title="bbox 1853 4026 3455 4105">
    <p class='ocr_par' dir='ltr' id='par_1_99' title="bbox 1853 4026 3455 4105">
     <span class='ocr_line' id='line_1_99' title="bbox 1853 4026 3455 4105; baseline -0.007 -14"><span class='ocrx_word' id='word_1_677' title='bbox 1853 4037 1991 4092; x_wconf 90' lang='lat' dir='ltr'>stiea</span> <span class='ocrx_word' id='word_1_678' title='bbox 2022 4050 2259 4105; x_wconf 85' lang='lat' dir='ltr'>namque</span> <span class='ocrx_word' id='word_1_679' title='bbox 2296 4033 2379 4088; x_wconf 84' lang='lat' dir='ltr'>lex</span> <span class='ocrx_word' id='word_1_680' title='bbox 2406 4074 2420 4096; x_wconf 92' lang='lat'>,</span> <span class='ocrx_word' id='word_1_681' title='bbox 2452 4036 2567 4088; x_wconf 84' lang='lat' dir='ltr'>sive</span> <span class='ocrx_word' id='word_1_682' title='bbox 2601 4047 2779 4086; x_wconf 91' lang='lat' dir='ltr'>canon</span> <span class='ocrx_word' id='word_1_683' title='bbox 2827 4029 2859 4084; x_wconf 92' lang='lat'>8</span> <span class='ocrx_word' id='word_1_684' title='bbox 2907 4029 3128 4083; x_wconf 88' lang='lat' dir='ltr'>concilii</span> <span class='ocrx_word' id='word_1_685' title='bbox 3168 4026 3455 4081; x_wconf 56' lang='lat' dir='ltr'>Neocaesa-</span> 
     </span>
    </p>
   </div>
   <div class='ocr_carea' id='block_1_100' title="bbox 1857 4116 3449 4191">
    <p class='ocr_par' dir='ltr' id='par_1_100' title="bbox 1857 4116 3449 4191">
     <span class='ocr_line' id='line_1_100' title="bbox 1857 4116 3449 4191; baseline -0.006 -14"><span class='ocrx_word' id='word_1_686' title='bbox 1857 4122 2079 4187; x_wconf 86' lang='lat' dir='ltr'>rieusis,</span> <span class='ocrx_word' id='word_1_687' title='bbox 2108 4137 2287 4191; x_wconf 90' lang='lat' dir='ltr'>neque</span> <span class='ocrx_word' id='word_1_688' title='bbox 2308 4120 2568 4174; x_wconf 87' lang='lat' dir='ltr'>maritum</span> <span class='ocrx_word' id='word_1_689' title='bbox 2599 4118 2848 4172; x_wconf 89' lang='lat' dir='ltr'>mulieris</span> <span class='ocrx_word' id='word_1_690' title='bbox 2873 4116 3136 4171; x_wconf 73' lang='lat' dir='ltr'>adulterae</span> <span class='ocrx_word' id='word_1_691' title='bbox 3160 4117 3226 4169; x_wconf 90' lang='lat' dir='ltr'>ad</span> <span class='ocrx_word' id='word_1_692' title='bbox 3258 4130 3449 4169; x_wconf 78' lang='lat' dir='ltr'>sacer—</span> 
     </span>
    </p>
   </div>
   <div class='ocr_carea' id='block_1_101' title="bbox 1855 4207 3449 4279">
    <p class='ocr_par' dir='ltr' id='par_1_101' title="bbox 1855 4207 3449 4279">
     <span class='ocr_line' id='line_1_101' title="bbox 1855 4207 3449 4279; baseline -0.005 -10"><span class='ocrx_word' id='word_1_693' title='bbox 1855 4214 2037 4269; x_wconf 73' lang='lat' dir='ltr'>dotale</span> <span class='ocrx_word' id='word_1_694' title='bbox 2102 4213 2472 4267; x_wconf 85' lang='lat' dir='ltr'>ministerium</span> <span class='ocrx_word' id='word_1_695' title='bbox 2534 4210 2833 4273; x_wconf 82' lang='lat' dir='ltr'>devenire,</span> <span class='ocrx_word' id='word_1_696' title='bbox 2868 4225 3048 4279; x_wconf 90' lang='lat' dir='ltr'>neque</span> <span class='ocrx_word' id='word_1_697' title='bbox 3103 4207 3449 4263; x_wconf 80' lang='lat' dir='ltr'>sacerdotem</span> 
     </span>
    </p>
   </div>
   <div class='ocr_carea' id='block_1_102' title="bbox 1856 4299 3453 4373">
    <p class='ocr_par' dir='ltr' id='par_1_102' title="bbox 1856 4299 3453 4373">
     <span class='ocr_line' id='line_1_102' title="bbox 1856 4299 3453 4373; baseline -0.006 -12"><span class='ocrx_word' id='word_1_698' title='bbox 1856 4307 2113 4361; x_wconf 85' lang='lat' dir='ltr'>maritum</span> <span class='ocrx_word' id='word_1_699' title='bbox 2142 4304 2411 4370; x_wconf 89' lang='lat' dir='ltr'>mulieris,</span> <span class='ocrx_word' id='word_1_700' title='bbox 2453 4318 2573 4373; x_wconf 65' lang='lat' dir='ltr'>qua:</span> <span class='ocrx_word' id='word_1_701' title='bbox 2630 4310 2749 4372; x_wconf 86' lang='lat' dir='ltr'>post</span> <span class='ocrx_word' id='word_1_702' title='bbox 2787 4299 3010 4373; x_wconf 79' lang='lat' dir='ltr'>[ipsius]</span> <span class='ocrx_word' id='word_1_703' title='bbox 3048 4300 3453 4354; x_wconf 85' lang='lat' dir='ltr'>ordinationem</span> 
     </span>
    </p>
   </div>
   <div class='ocr_carea' id='block_1_103' title="bbox 1856 4393 3458 4464">
    <p class='ocr_par' dir='ltr' id='par_1_103' title="bbox 1856 4393 3458 4464">
     <span class='ocr_line' id='line_1_103' title="bbox 1856 4393 3458 4464; baseline -0.006 -10"><span class='ocrx_word' id='word_1_704' title='bbox 1856 4399 2184 4454; x_wconf 85' lang='lat' dir='ltr'>adulterium</span> <span class='ocrx_word' id='word_1_705' title='bbox 2261 4395 2541 4451; x_wconf 81' lang='lat' dir='ltr'>commisit</span> <span class='ocrx_word' id='word_1_706' title='bbox 2607 4394 2871 4464; x_wconf 89' lang='lat' dir='ltr'>deinceps</span> <span class='ocrx_word' id='word_1_707' title='bbox 2924 4393 3268 4449; x_wconf 86' lang='lat' dir='ltr'>sacerdotem</span> <span class='ocrx_word' id='word_1_708' title='bbox 3332 4406 3458 4446; x_wconf 85' lang='lat' dir='ltr'>esse</span> 
     </span>
    </p>
   </div>
   <div class='ocr_carea' id='block_1_104' title="bbox 1857 4484 3455 4550">
    <p class='ocr_par' dir='ltr' id='par_1_104' title="bbox 1857 4484 3455 4550">
     <span class='ocr_line' id='line_1_104' title="bbox 1857 4484 3455 4550; baseline -0.006 -3"><span class='ocrx_word' id='word_1_709' title='bbox 1857 4493 2026 4549; x_wconf 88' lang='lat' dir='ltr'>sinit:</span> <span class='ocrx_word' id='word_1_710' title='bbox 2065 4492 2156 4546; x_wconf 86' lang='lat' dir='ltr'>sed</span> <span class='ocrx_word' id='word_1_711' title='bbox 2200 4489 2350 4544; x_wconf 91' lang='lat' dir='ltr'>hunc</span> <span class='ocrx_word' id='word_1_712' title='bbox 2408 4502 2636 4542; x_wconf 83' lang='lat' dir='ltr'>uxorem</span> <span class='ocrx_word' id='word_1_713' title='bbox 2689 4487 2993 4540; x_wconf 89' lang='lat' dir='ltr'>adulteram</span> <span class='ocrx_word' id='word_1_714' title='bbox 3022 4527 3037 4550; x_wconf 92' lang='lat'>,</span> <span class='ocrx_word' id='word_1_715' title='bbox 3076 4485 3123 4541; x_wconf 92' lang='lat' dir='ltr'>si</span> <span class='ocrx_word' id='word_1_716' title='bbox 3176 4484 3337 4540; x_wconf 91' lang='lat' dir='ltr'>modo</span> <span class='ocrx_word' id='word_1_717' title='bbox 3364 4499 3455 4539; x_wconf 88' lang='lat' dir='ltr'>sa-</span> 
     </span>
    </p>
   </div>
   <div class='ocr_carea' id='block_1_105' title="bbox 1857 4577 3022 4653">
    <p class='ocr_par' dir='ltr' id='par_1_105' title="bbox 1857 4577 3022 4653">
     <span class='ocr_line' id='line_1_105' title="bbox 1857 4577 3022 4653; baseline -0.01 -10"><span class='ocrx_word' id='word_1_718' title='bbox 1857 4585 2105 4643; x_wconf 87' lang='lat' dir='ltr'>cerdotio</span> <span class='ocrx_word' id='word_1_719' title='bbox 2140 4583 2294 4653; x_wconf 82' lang='lat' dir='ltr'>fungi</span> <span class='ocrx_word' id='word_1_720' title='bbox 2344 4581 2493 4647; x_wconf 86' lang='lat' dir='ltr'>velit,</span> <span class='ocrx_word' id='word_1_721' title='bbox 2539 4577 2831 4650; x_wconf 88' lang='lat' dir='ltr'>repudiare</span> <span class='ocrx_word' id='word_1_722' title='bbox 2852 4578 3022 4651; x_wconf 81' lang='lat' dir='ltr'>cogit.</span> 
     </span>
    </p>
   </div>
   <div class='ocr_carea' id='block_1_106' title="bbox 1929 4692 3458 4755">
    <p class='ocr_par' dir='ltr' id='par_1_106' title="bbox 1929 4692 3458 4755">
     <span class='ocr_line' id='line_1_106' title="bbox 1929 4692 3458 4755; baseline -0.007 0"><span class='ocrx_word' id='word_1_723' title='bbox 1929 4700 2082 4755; x_wconf 81' lang='lat' dir='ltr'>CAP.</span> <span class='ocrx_word' id='word_1_724' title='bbox 2116 4695 2356 4753; x_wconf 86' lang='lat' dir='ltr'><strong>XXXIII.</strong></span> <span class='ocrx_word' id='word_1_725' title='bbox 2385 4722 2457 4735; x_wconf 86' lang='lat'>—-</span> <span class='ocrx_word' id='word_1_726' title='bbox 2488 4692 2573 4748; x_wconf 87' lang='lat' dir='ltr'>Ne</span> <span class='ocrx_word' id='word_1_727' title='bbox 2594 4692 2816 4749; x_wconf 75' lang='lat' dir='ltr'>clericus</span> <span class='ocrx_word' id='word_1_728' title='bbox 2856 4694 2911 4748; x_wconf 87' lang='lat' dir='ltr'>in</span> <span class='ocrx_word' id='word_1_729' title='bbox 2951 4693 3177 4748; x_wconf 80' lang='lat' dir='ltr'>liberum</span> <span class='ocrx_word' id='word_1_730' title='bbox 3217 4693 3458 4747; x_wconf 77' lang='lat' dir='ltr'>ministe-</span> 
     </span>
    </p>
   </div>
   <div class='ocr_carea' id='block_1_107' title="bbox 1860 4786 3456 4862">
    <p class='ocr_par' dir='ltr' id='par_1_107' title="bbox 1860 4786 3456 4862">
     <span class='ocr_line' id='line_1_107' title="bbox 1860 4786 3456 4862; baseline -0.006 -13"><span class='ocrx_word' id='word_1_731' title='bbox 1860 4795 2023 4859; x_wconf 87' lang='lat' dir='ltr'>rium,</span> <span class='ocrx_word' id='word_1_732' title='bbox 2064 4792 2156 4848; x_wconf 88' lang='lat' dir='ltr'>sed</span> <span class='ocrx_word' id='word_1_733' title='bbox 2191 4792 2406 4847; x_wconf 89' lang='lat' dir='ltr'>omnino</span> <span class='ocrx_word' id='word_1_734' title='bbox 2464 4792 2519 4844; x_wconf 90' lang='lat' dir='ltr'>in</span> <span class='ocrx_word' id='word_1_735' title='bbox 2559 4786 2841 4862; x_wconf 82' lang='lat' dir='ltr'>[certam]</span> <span class='ocrx_word' id='word_1_736' title='bbox 2871 4787 3149 4843; x_wconf 78' lang='lat' dir='ltr'>ecclesiam</span> <span class='ocrx_word' id='word_1_737' title='bbox 3200 4796 3294 4842; x_wconf 84' lang='lat' dir='ltr'>aut</span> <span class='ocrx_word' id='word_1_738' title='bbox 3342 4804 3456 4841; x_wconf 88' lang='lat' dir='ltr'>mo-</span> 
     </span>
    </p>
   </div>
   <div class='ocr_carea' id='block_1_108' title="bbox 1861 4886 2486 4944">
    <p class='ocr_par' dir='ltr' id='par_1_108' title="bbox 1861 4886 2486 4944">
     <span class='ocr_line' id='line_1_108' title="bbox 1861 4886 2486 4944; baseline -0.006 -1"><span class='ocrx_word' id='word_1_739' title='bbox 1861 4888 2155 4944; x_wconf 80' lang='lat' dir='ltr'>nasterium</span> <span class='ocrx_word' id='word_1_740' title='bbox 2188 4886 2486 4941; x_wconf 84' lang='lat' dir='ltr'>ordinetur.</span> 
     </span>
    </p>
   </div>
   <div class='ocr_carea' id='block_1_109' title="bbox 1938 4974 2961 5036">
    <p class='ocr_par' dir='ltr' id='par_1_109' title="bbox 1938 4974 2961 5036">
     <span class='ocr_line' id='line_1_109' title="bbox 1938 4974 2961 5036; baseline -0.005 0"><span class='ocrx_word' id='word_1_741' title='bbox 1938 4978 2169 5036; x_wconf 89' lang='lat' dir='ltr'>Concilii</span> <span class='ocrx_word' id='word_1_742' title='bbox 2197 4975 2663 5034; x_wconf 88' lang='lat' dir='ltr'>Chalcedonensis</span> <span class='ocrx_word' id='word_1_743' title='bbox 2692 4990 2869 5031; x_wconf 89' lang='lat' dir='ltr'>canon</span> <span class='ocrx_word' id='word_1_744' title='bbox 2906 4974 2961 5031; x_wconf 89' lang='lat'><strong>6.</strong></span> 
     </span>
    </p>
   </div>
   <div class='ocr_carea' id='block_1_110' title="bbox 1931 5083 3459 5151">
    <p class='ocr_par' dir='ltr' id='par_1_110' title="bbox 1931 5083 3459 5151">
     <span class='ocr_line' id='line_1_110' title="bbox 1931 5083 3459 5151; baseline -0.007 -6"><span class='ocrx_word' id='word_1_745' title='bbox 1931 5087 2086 5145; x_wconf 86' lang='lat' dir='ltr'><strong>CAP.</strong></span> <span class='ocrx_word' id='word_1_746' title='bbox 2115 5085 2362 5143; x_wconf 76' lang='lat' dir='ltr'><strong>XXXIV.</strong></span> <span class='ocrx_word' id='word_1_747' title='bbox 2384 5116 2457 5129; x_wconf 86' lang='lat'>——-</span> <span class='ocrx_word' id='word_1_748' title='bbox 2485 5084 2567 5141; x_wconf 84' lang='lat' dir='ltr'>De</span> <span class='ocrx_word' id='word_1_749' title='bbox 2592 5083 2997 5151; x_wconf 80' lang='lat' dir='ltr'>circuitoribus,</span> <span class='ocrx_word' id='word_1_750' title='bbox 3030 5092 3079 5138; x_wconf 86' lang='lat' dir='ltr'>et</span> <span class='ocrx_word' id='word_1_751' title='bbox 3112 5083 3346 5137; x_wconf 73' lang='lat' dir='ltr'>vicorum</span> <span class='ocrx_word' id='word_1_752' title='bbox 3370 5096 3459 5135; x_wconf 87' lang='lat' dir='ltr'>ec-</span> 
     </span>
    </p>
   </div>
   <div class='ocr_carea' id='block_1_111' title="bbox 1861 5184 2066 5239">
    <p class='ocr_par' dir='ltr' id='par_1_111' title="bbox 1861 5184 2066 5239">
     <span class='ocr_line' id='line_1_111' title="bbox 1861 5184 2066 5239; baseline 0 -1"><span class='ocrx_word' id='word_1_753' title='bbox 1861 5184 2038 5239; x_wconf 82' lang='lat' dir='ltr'>clesiis</span> <span class='ocrx_word' id='word_1_754' title='bbox 2051 5223 2066 5238; x_wconf 93' lang='lat'>.</span> 
     </span>
    </p>
   </div>
   <div class='ocr_carea' id='block_1_112' title="bbox 1928 5268 2814 5330">
    <p class='ocr_par' dir='ltr' id='par_1_112' title="bbox 1928 5268 2814 5330">
     <span class='ocr_line' id='line_1_112' title="bbox 1928 5268 2814 5330; baseline -0.008 0"><span class='ocrx_word' id='word_1_755' title='bbox 1928 5272 2158 5330; x_wconf 84' lang='lat' dir='ltr'>Concilii</span> <span class='ocrx_word' id='word_1_756' title='bbox 2185 5270 2484 5327; x_wconf 81' lang='lat' dir='ltr'>Laodiceni</span> <span class='ocrx_word' id='word_1_757' title='bbox 2515 5285 2693 5328; x_wconf 91' lang='lat' dir='ltr'>canon</span> <span class='ocrx_word' id='word_1_758' title='bbox 2721 5268 2814 5323; x_wconf 82' lang='lat'>57.</span> 
     </span>
    </p>
   </div>
   <div class='ocr_carea' id='block_1_113' title="bbox 1938 5356 3456 5426">
    <p class='ocr_par' dir='ltr' id='par_1_113' title="bbox 1938 5356 3456 5426">
     <span class='ocr_line' id='line_1_113' title="bbox 1938 5356 3456 5426; baseline -0.008 -8"><span class='ocrx_word' id='word_1_759' title='bbox 1938 5364 2154 5420; x_wconf 76' lang='lat' dir='ltr'>Textus.</span> <span class='ocrx_word' id='word_1_760' title='bbox 2181 5364 2373 5419; x_wconf 89' lang='lat' dir='ltr'>Const.</span> <span class='ocrx_word' id='word_1_761' title='bbox 2408 5361 2495 5425; x_wconf 76' lang='lat' dir='ltr'>ii,</span> <span class='ocrx_word' id='word_1_762' title='bbox 2537 5362 2620 5415; x_wconf 87' lang='lat' dir='ltr'>tit.</span> <span class='ocrx_word' id='word_1_763' title='bbox 2657 5360 2710 5426; x_wconf 78' lang='grc'>5,</span> <span class='ocrx_word' id='word_1_764' title='bbox 2754 5359 2851 5414; x_wconf 89' lang='lat' dir='ltr'>lib.</span> <span class='ocrx_word' id='word_1_765' title='bbox 2884 5373 2926 5423; x_wconf 86' lang='grc' dir='ltr'>ι,</span> <span class='ocrx_word' id='word_1_766' title='bbox 2954 5356 3105 5423; x_wconf 90' lang='lat' dir='ltr'>dicit,</span> <span class='ocrx_word' id='word_1_767' title='bbox 3140 5366 3271 5421; x_wconf 88' lang='lat' dir='ltr'>etc.,</span> <span class='ocrx_word' id='word_1_768' title='bbox 3294 5369 3456 5425; x_wconf 76' lang='lat' dir='ltr'>usque</span> 
     </span>
    </p>
   </div>
   <div class='ocr_carea' id='block_1_114' title="bbox 1860 5451 3194 5532">
    <p class='ocr_par' dir='ltr' id='par_1_114' title="bbox 1860 5451 3194 5532">
     <span class='ocr_line' id='line_1_114' title="bbox 1860 5451 3194 5532; baseline -0.007 -17"><span class='ocrx_word' id='word_1_769' title='bbox 1860 5459 1930 5515; x_wconf 86' lang='lat' dir='ltr'>ad</span> <span class='ocrx_word' id='word_1_770' title='bbox 1965 5476 2060 5532; x_wconf 83' lang='lat' dir='ltr'>per</span> <span class='ocrx_word' id='word_1_771' title='bbox 2093 5458 2350 5516; x_wconf 89' lang='lat' dir='ltr'>dominos</span> <span class='ocrx_word' id='word_1_772' title='bbox 2375 5456 2799 5527; x_wconf 88' lang='lat' dir='ltr'>compellantur,</span> <span class='ocrx_word' id='word_1_773' title='bbox 2821 5462 2878 5507; x_wconf 85' lang='lat' dir='ltr'>ut</span> <span class='ocrx_word' id='word_1_774' title='bbox 2904 5469 3031 5523; x_wconf 81' lang='lat' dir='ltr'>pag.</span> <span class='ocrx_word' id='word_1_775' title='bbox 3066 5451 3194 5507; x_wconf 81' lang='lat'>558.</span> 
     </span>
    </p>
   </div>
   <div class='ocr_carea' id='block_1_115' title="bbox 1873 5629 3458 5704">
    <p class='ocr_par' dir='ltr' id='par_1_115' title="bbox 1873 5629 3458 5704">
     <span class='ocr_line' id='line_1_115' title="bbox 1873 5629 3458 5704; baseline -0.011 -3"><span class='ocrx_word' id='word_1_776' title='bbox 1873 5630 1881 5637; x_wconf 82' lang='lat'>&#39;</span> <span class='ocrx_word' id='word_1_777' title='bbox 1935 5640 2228 5700; x_wconf 79' lang='lat' dir='ltr'>Scltolium.</span> <span class='ocrx_word' id='word_1_778' title='bbox 2258 5638 2493 5696; x_wconf 90' lang='lat' dir='ltr'>Constit.</span> <span class='ocrx_word' id='word_1_779' title='bbox 2530 5637 2615 5704; x_wconf 86' lang='lat' dir='ltr'>tt,</span> <span class='ocrx_word' id='word_1_780' title='bbox 2653 5636 2735 5693; x_wconf 89' lang='lat' dir='ltr'>tit.</span> <span class='ocrx_word' id='word_1_781' title='bbox 2767 5636 2823 5703; x_wconf 73' lang='grc' dir='ltr'>ε,</span> <span class='ocrx_word' id='word_1_782' title='bbox 2854 5635 2951 5691; x_wconf 90' lang='lat' dir='ltr'>lib.</span> <span class='ocrx_word' id='word_1_783' title='bbox 2981 5651 2999 5690; x_wconf 82' lang='grc' dir='ltr'>ι</span> <span class='ocrx_word' id='word_1_784' title='bbox 3024 5632 3149 5690; x_wconf 89' lang='lat' dir='ltr'>cod.</span> <span class='ocrx_word' id='word_1_785' title='bbox 3175 5629 3351 5701; x_wconf 86' lang='lat' dir='ltr'>posita</span> <span class='ocrx_word' id='word_1_786' title='bbox 3374 5637 3458 5685; x_wconf 88' lang='lat' dir='ltr'>est</span> 
     </span>
    </p>
   </div>
   <div class='ocr_carea' id='block_1_116' title="bbox 1862 5723 3447 5802">
    <p class='ocr_par' dir='ltr' id='par_1_116' title="bbox 1862 5723 3447 5802">
     <span class='ocr_line' id='line_1_116' title="bbox 1862 5723 3447 5802; baseline -0.012 -9"><span class='ocrx_word' id='word_1_787' title='bbox 1862 5736 1919 5793; x_wconf 93' lang='lat' dir='ltr'>in</span> <span class='ocrx_word' id='word_1_788' title='bbox 1960 5738 2059 5793; x_wconf 91' lang='lat' dir='ltr'>lib.</span> <span class='ocrx_word' id='word_1_789' title='bbox 2099 5734 2268 5791; x_wconf 85' lang='lat' dir='ltr'>Basil.</span> <span class='ocrx_word' id='word_1_790' title='bbox 2299 5732 2353 5801; x_wconf 83' lang='grc'>5,</span> <span class='ocrx_word' id='word_1_791' title='bbox 2386 5747 2507 5801; x_wconf 88' lang='lat' dir='ltr'>cap.</span> <span class='ocrx_word' id='word_1_792' title='bbox 2540 5730 2595 5799; x_wconf 86' lang='lat'><strong>6,</strong></span> <span class='ocrx_word' id='word_1_793' title='bbox 2627 5730 2774 5802; x_wconf 89' lang='lat' dir='ltr'>quod</span> <span class='ocrx_word' id='word_1_794' title='bbox 2807 5728 2889 5785; x_wconf 91' lang='lat' dir='ltr'>sic</span> <span class='ocrx_word' id='word_1_795' title='bbox 2917 5728 3116 5784; x_wconf 87' lang='lat' dir='ltr'>habet:</span> <span class='ocrx_word' id='word_1_796' title='bbox 3147 5725 3227 5780; x_wconf 81' lang='lat' dir='ltr'>Ex</span> <span class='ocrx_word' id='word_1_797' title='bbox 3255 5723 3447 5779; x_wconf 91' lang='lat' dir='ltr'>eodem</span> 
     </span>
    </p>
   </div>
   <div class='ocr_carea' id='block_1_117' title="bbox 1864 5819 3447 5903">
    <p class='ocr_par' dir='ltr' id='par_1_117' title="bbox 1864 5819 3447 5903">
     <span class='ocr_line' id='line_1_117' title="bbox 1864 5819 3447 5903; baseline -0.011 -13"><span class='ocrx_word' id='word_1_798' title='bbox 1864 5833 2007 5903; x_wconf 90' lang='lat' dir='ltr'>vico,</span> <span class='ocrx_word' id='word_1_799' title='bbox 2042 5831 2098 5890; x_wconf 88' lang='lat' dir='ltr'>in</span> <span class='ocrx_word' id='word_1_800' title='bbox 2135 5844 2245 5902; x_wconf 89' lang='lat' dir='ltr'>quo</span> <span class='ocrx_word' id='word_1_801' title='bbox 2262 5835 2348 5886; x_wconf 88' lang='lat' dir='ltr'>est</span> <span class='ocrx_word' id='word_1_802' title='bbox 2390 5825 2647 5897; x_wconf 81' lang='lat' dir='ltr'>ecclesia,</span> <span class='ocrx_word' id='word_1_803' title='bbox 2692 5824 2996 5885; x_wconf 85' lang='lat' dir='ltr'>secundum</span> <span class='ocrx_word' id='word_1_804' title='bbox 3037 5819 3447 5894; x_wconf 83' lang='lat' dir='ltr'>preportioncm</span> 
     </span>
    </p>
   </div>
  </div>
