4022 6432
540 333 676 400 1019

1637 333 1902 394 ΡΗΟΤῙΙ
1946 331 2465 394 PATRIARCILE
2505 333 2613 394 CP.

3690 331 3814 398 1093

537 450 1144 525 loci,judicioepiscopi
1170 449 1354 507 clerici
1385 448 1744 502 ordinantor:
1775 464 1837 504 ac
1859 448 2134 518 propriam

2256 446 2343 499 σία
2376 447 2520 500 κατά
2554 445 2855 515 ἀναλογίαν
2879 446 2988 499 τῶν
3028 446 3212 501 τόπων
3243 443 3502 518 κληρικοὶ
3535 445 3709 517 κρίσει
3739 440 3820 501 τιῦ

540 541 928 609 capitationem
963 549 1328 613 agnoscunto.
1352 537 1591 592 Constit.
1621 537 1688 591 16
1708 538 1953 603 ejusdem
1985 538 2066 592 tit.
2086 548 2136 591 et

541 631 640 686 lib.
675 633 729 686 in
763 630 931 688 Basil.
956 648 1065 686 non
1089 642 1169 688 est
1196 629 1396 702 posita.
1430 628 1666 684 Constit.
1695 637 1878 683 autem
1914 630 1977 692 2,
1999 629 2082 683 ιίι.
2113 630 2136 682 1

542 723 918 784 Novellarum,
981 737 1064 780 est
1104 723 1317 779 novella
1358 721 1658 778 Justiniaui
1702 722 1828 787 125,
1855 723 2146 793 positaque

542 829 631 875 est
668 821 721 873 in
757 820 853 874 lib.
876 818 1041 875 Basil.
1070 835 1153 880 ιιι,
1181 819 1264 874 ιίι.
1291 819 1343 883 1,
1383 833 1503 888 cap.
1535 818 1625 882 58,
1656 817 1801 888 quod
1829 818 1909 872 sic
1942 817 2142 871 habet:

546 911 899 979 Ascriptitios
928 929 1056 966 vero
1086 913 1139 965 in
1174 913 1257 983 his
1276 911 1410 987 solis
1436 911 1887 981 possessionibus
1909 905 2144 982 quarum

545 1002 831 1072 ascriptitii
866 1012 996 1058 sunt
1024 1044 1039 1066 ,
1069 1004 1298 1061 clericos
1335 1005 1471 1060 citra
1517 1006 1846 1059 voluntatem
1889 1003 2144 1059 domino-

545 1112 671 1150 rum
728 1098 841 1151 tieri
887 1099 1286 1154 concedimus:
1327 1115 1392 1154 ea
1446 1108 1630 1154 tamen
1697 1099 2036 1165 conditione,
2085 1107 2146 1153 ut

548 1189 736 1244 clerici
790 1190 915 1245 farti
961 1192 1328 1248 nihilominus
1373 1192 1686 1262 impositam
1733 1191 1836 1247 sibi
1873 1192 2145 1260 agricola-

547 1283 750 1335 tionem
779 1282 1133 1352 adimplcant.
1161 1284 1318 1340 Scias
1348 1295 1555 1348 autem,
1581 1285 1728 1356 quod
1753 1287 1869 1340 hzec
1904 1287 2141 1350 novella,

546 1388 670 1441 quae
702 1375 768 1428 de
825 1375 1144 1446 ascriptitiis
1181 1376 1454 1450 [tractat]
1492 1378 1655 1432 aliter
1702 1378 1913 1444 habuit,
1960 1378 2145 1446 prius-

547 1480 714 1533 quam
760 1479 1188 1537 con'tponeretur
1238 1486 1442 1540 corpus
1475 1469 1849 1535 Novellarum,
1906 1478 1961 1523 et
1987 1469 2146 1524 aliter

547 1558 604 1611 in
663 1575 897 1630 corpore
952 1561 1280 1631 scripta,et
1335 1563 1386 1616 in
1431 1561 1598 1616 Basil.
1642 1561 1982 1632 transposita
2038 1570 2141 1616 est.

546 1650 723 1708 Antea
779 1655 924 1708 enim
983 1666 1036 1710 et
1072 1654 1426 1726 capitationis
1475 1655 1661 1726 (quod
1727 1656 1894 1710 etiam
1965 1658 2146 1724 capita

549 1746 762 1802 Latinis
792 1747 1034 1816 dicitur)
1070 1750 1275 1804 mentio
1317 1748 1457 1804 facta
1487 1787 1502 1813 ,
1551 1759 1603 1802 et
1651 1748 1989 1818 ascriptitios
2049 1763 2146 1818 per

547 1840 883 1896 substitutos
929 1843 1135 1897 ruralia
1172 1841 1346 1898 cilicia
1400 1843 1626 1912 exsequi
1659 1840 1900 1913 [debere
1925 1839 1943 1913 ]
1968 1850 2146 1896 statu-

547 1944 662 1988 tnm
691 1933 891 1990 fuerat.
921 1935 978 1989 In
1008 1951 1241 2006 corpore
1269 1953 1398 1992 vero
1437 1936 1457 2010 [
1481 1937 1835 1993 Novellarum
1863 1937 1881 2010 ]
1905 1938 2142 1993 alterum

531 2025 794 2096 'ipsorum
827 2027 915 2097 (de
952 2029 1284 2098 capitatione
1326 2031 1551 2102 nempe)
1599 2045 1708 2085 non
1759 2044 1843 2086 est
1879 2031 2140 2102 positum.

547 2119 895 2191 Quapropter
943 2123 1107 2178 etiam
1151 2133 1420 2194 quantum
1469 2125 1534 2179 ad
1587 2125 1977 2196 capitationem
2029 2129 2145 2182 sive

548 2215 908 2270 canonarium
959 2216 1298 2289 [tributum]
1331 2217 1548 2283 attinet,
1586 2219 1652 2273 ad
1680 2219 1852 2288 legem
1889 2221 2144 2290 Superius

547 2307 838 2375 insertam,
866 2319 1031 2380 atque
1076 2311 1131 2365 in
1188 2311 1283 2366 lib.
1312 2328 1398 2377 ιιι,
1429 2327 1551 2382 cap.
1583 2312 1638 2377 6,
1666 2313 1896 2383 positam
1925 2331 1938 2367 :
1976 2330 2142 2381 quan-

548 2408 664 2452 tum
698 2416 829 2455 vero
855 2402 921 2457 ad
953 2403 1311 2473 ascriptitios,
1329 2405 1393 2458 ad
1427 2420 1694 2461 canonem
1736 2406 1802 2460 57
1846 2405 2143 2464 Laodiceni

548 2492 789 2558 concilii,
820 2503 876 2549 et
907 2497 1176 2551 novellam
1202 2495 1498 2554 Justiniani
1551 2499 1677 2564 1°25,
1707 2499 1822 2556 sive
1850 2511 2016 2570 caput
2050 2501 2144 2566 58,

547 2585 633 2639 tit.
669 2587 725 2653 1,
749 2587 847 2642 lib.
887 2603 947 2644 ιιι
979 2588 1147 2646 Basil.
1179 2591 1326 2662 quod
1357 2593 1548 2649 itidem
1581 2596 1840 2665 superius
1873 2597 2140 2654 insertum

549 2685 656 2741 est,
688 2688 741 2734 te
776 2680 982 2736 referre
1013 2683 1202 2739 debes.
1234 2685 1306 2740 De
1332 2688 1631 2742 canonario
1652 2699 1833 2744 autem
1866 2690 2144 2764 [tributo],

548 2777 605 2823 et
651 2772 1151 2830 consuetudinibus
1200 2791 1323 2838 quae
1371 2792 1469 2846 pro
1516 2781 1868 2836 ordinatione
1919 2783 2144 2850 dantur,

548 2859 660 2914 huc
695 2875 869 2929 usque
899 2861 993 2934 [in
1037 2865 1356 2940 republica]
1408 2871 1516 2924 vim
1570 2872 1732 2927 habet
1771 2887 1937 2929 aurea
1997 2876 2144 2933 bulla

548 2951 784 3008 celebris
838 2955 1002 3011 istius
1043 2956 1391 3029 imperatoris
1435 2963 1606 3018 lsaaci
1657 2965 1964 3034 Comneui,
2019 2984 2143 3040 qua:

548 3045 748 3114 partim
793 3047 868 3101 ita
917 3048 1117 3106 habet:
1179 3052 1384 3110 Statuit
1440 3073 1568 3112 vero
1622 3058 1972 3129 imperatoria
2024 3080 2143 3118 mea

2252 541 2558 593 ἐπισκόπου
2600 539 3141 610 χειροτονείσθωσαν,
3194 541 3289 594 καὶ
3330 541 3431 609 τὴν
3466 539 3672 593 οἰκείαν
3715 541 3821 594 ἔπι-

2248 633 2672 702 γινωσκέτωσαν
2706 633 3095 703 κεφαλιτιῶνα.
3138 634 3202 688 Ἦ
3243 631 3316 699 ις’
3350 634 3494 689 διάτ.
3559 631 3651 686 τοῦ
3680 634 3823 686 αὺτοῦ

2251 725 2360 779 τίτ.
2391 725 2488 779 καὶ
2525 724 2732 796 βιϐλίου
2765 725 2866 779 οὐκ
2912 725 3072 795 ἐτέθη
3123 725 3204 788 είς
3244 725 3314 779 ’ιά
3361 723 3652 780 Βασιλικά.
3695 725 3754 778 Ἦ
3778 725 3825 777 δὲ

2251 816 2296 887 β’
2325 816 2468 872 διάτ.
2518 817 2611 870 τοῦ
2640 824 2688 870 α’
2716 817 2822 870 τίτ.
2877 817 2986 872 τῶν
3018 817 3253 888 Νεαρών
3283 820 3401 871 ἐστι
3435 817 3828 889 νεαράΊουστι-

2249 905 2481 970 νιάνειος
2503 913 2644 978 ρκγθ,
2681 907 2775 960 καί¹
2826 906 2984 976 ἐτέθη
3019 909 3100 971 είς
3134 907 3338 978 βιϐλίον
3385 907 3497 961 τῶν
3546 907 3830 960 Βασιλικῶν

2247 1006 2317 1069 γ’,
2349 1000 2455 1054 τίτ.
2481 1000 2552 1066 α’,
2584 1019 2712 1070 κεφ.
2741 1001 2844 1073 λη’,
2877 1001 3048 1066 οὓτως
3077 1001 3200 1072 ἔχον
3224 1019 3238 1033 °
3269 1002 3409 1066 Τοὺς
3430 1003 3830 1071 ὲναπογράςους

2248 1094 2308 1146 ὲν
2333 1092 2526 1156 αὐταῖς
2561 1094 2724 1163 μόνον
2777 1097 2900 1158 ταῖς
2922 1096 3184 1165 κτήσεσιν
3234 1097 3294 1148 ὲν
3345 1092 3435 1159 αίς
3464 1096 3607 1148 εἰσιν
3657 1097 3830 1149 Evno-

2255 1202 2482 1256 γραφοι,
2525 1186 2822 1257 κληρικοὺς
2859 1188 2955 1241 καὶ
3001 1188 3153 1258 παρά
3175 1186 3402 1258 γνώμην
3431 1187 3546 1241 τῶν
3580 1187 3832 1240 δεσποτῶν

2250 1278 2497 1346 γίνεσθαι
2533 1279 2948 1352 συγχωροῦμεν,
2981 1281 3066 1349 ἐφ’
3095 1274 3139 1350 ᾧ
3171 1281 3353 1350 μέντοι
3379 1279 3524 1334 ὥστε
3561 1279 3834 1351 κληρικοὺς

2254 1371 2454 1433 αὐτοὺς
2484 1373 2803 1442 γινομένους
2833 1376 2931 1442 τὴν
2965 1374 3328 1445 ἐπικειμένην
3357 1375 3545 1438 αὐτοῖς
3576 1374 3832 1444 γεωργίαν

2251 1463 2515 1535 πληροῦν.
2542 1466 2689 1536 Πλὴν
2709 1467 2947 1536 γίνωσκε
2977 1468 3060 1521 ὅτι
3091 1467 3230 1538 αὕτη
3259 1470 3292 1538 ἡ
3321 1467 3495 1540 νεαρὰ
3524 1468 3560 1537 ἡ
3588 1468 3719 1537 περὶ
3749 1467 3835 1520 τῶν

2250 1559 2658 1631 ὲναπογράφων
2707 1561 2883 1625 ἄλλως
2949 1558 3062 1632 εἶχε
3109 1561 3216 1632 πρὸ
3270 1560 3366 1614 τοῦ
3423 1559 3756 1629 συντεθῆναι
3787 1564 3834 1613 τὶ

2251 1651 2455 1715 πλάτος
2479 1653 2587 1706 τῶν
2619 1652 2868 1722 Νεαρῶν,
2904 1655 2999 1706 καὶ
3028 1653 3204 1717 άλλως
3243 1653 3465 1725 ἐγράφη
3503 1654 3587 1715 εἰς
3621 1652 3684 1705 τὸ
3719 1653 3830 1707 πλά-

2252 1760 2364 1806 τος,
2398 1743 2492 1796 καὶ
2539 1743 2803 1814 μετετέθη
2871 1744 2951 1808 είς
2993 1744 3062 1797 τά
3102 1743 3368 1798 Βασιλικά
3393 1760 3408 1776 ·
3454 1744 3726 1814 πρότερον
3757 1743 3837 1812 μὲν

2263 1838 2372 1907 γὰρ
2398 1837 2735 1900 καπιτιῶνός
2769 1854 2828 1890 τε
2863 1838 3146 1909 ἐμέμνητο
3175 1839 3296 1910 ἦτοι
3319 1836 3736 1907 κεφαλιτιῶνος,
3766 1839 3834 1890 ὅτι

2258 1936 2352 1987 καὶ
2378 1935 2648 1997 καπίτους
2682 1937 2714 2004 ἡ
2752 1933 2964 2004 κεφαλὴ
2995 1936 3137 1989 κατὰ
3178 1934 3443 1997 Λατίνους
3484 1933 3728 2000 λέγεται,
3761 1934 3840 1984 καὶ

2261 2028 2328 2082 δι’
2375 2029 2841 2081 ὑποκαταστάτων
2891 2026 3226 2099 λειτουργεῖν
3261 2030 3386 2090 τοὺς
3435 2027 3840 2096 ἐναπογράφους

2256 2121 2566 2193 διωρίζετο.
2601 2122 2695 2186 Εἰς
2722 2121 2780 2175 δὲ
2805 2121 2865 2174 τὸ
2896 2121 3100 2184 πλάτος
3132 2121 3228 2174 καὶ
3262 2122 3343 2184 είς
3391 2119 3463 2174 τὰ
3495 2119 3758 2173 Βασιλικά
3790 2119 3840 2172 τὸ

2253 2215 2313 2270 ἓν
2344 2215 2404 2279 ἐξ
2437 2215 2618 2270 αὐτῶν
2646 2215 2765 2287 ἦτοι
2819 2216 2920 2286 τῆς
2966 2214 3362 2284 κεφαλιτιῶνος
3387 2215 3491 2268 οὐκ
3526 2212 3709 2282 ἐτέθη.
3756 2213 3840 2264 Διό

2255 2313 2351 2366 καὶ
2369 2311 2609 2380 ὀφείλεις
2645 2310 2937 2383 προσέχειν
2969 2310 3132 2381 χάριν
3171 2309 3271 2381 μὲν
3310 2309 3413 2379 τῆς
3459 2306 3836 2378 κεφαλιτιὼνος

2253 2405 2372 2476 ἦτοι
2403 2403 2496 2457 τοῦ
2528 2403 2812 2457 κανονικοῦ
2843 2403 2920 2474 τῷ
2946 2403 3158 2458 ἄνωθεν
3206 2399 3666 2472 καταστρωθέντι
3706 2400 3840 2468 νόμῳ

2254 2496 2351 2549 καὶ
2408 2495 2646 2565 κειμένῳ
2693 2496 2752 2547 ὲν
2793 2493 2982 2565 βιϐλίῳ
3032 2499 3102 2562 γ’,
3142 2492 3250 2546 τίτ.
3310 2497 3382 2560 γ’,
3414 2508 3544 2561 κεφ.
3588 2497 3664 2555 ς’,
3695 2490 3840 2561 χάριν

2253 2585 2313 2639 δὲ
2367 2585 2478 2637 τῶν
2545 2585 2948 2656 ὲναπογράφων
3019 2583 3100 2656 τῷ
3151 2581 3250 2649 νζ,
3285 2582 3474 2637 κανόνι
3508 2583 3609 2652 τῆς
3633 2583 3689 2634 ἑν
3714 2585 3839 2636 Λαο-

2253 2678 2433 2749 δικείᾳ
2481 2678 2722 2744 συνόδου,
2775 2680 2870 2732 καὶ
2903 2681 2970 2749 τῇ
3031 2683 3173 2750 ρκγ’.
3215 2677 3639 2747 Ἰουστινιανείῳ
3669 2677 3838 2746 νεαρᾷ,

2255 2774 2424 2844 ἤγουν
2490 2772 2570 2842 τῷ
2637 2772 2719 2842 λη’
2771 2788 2897 2840 κεφ.
2965 2770 3061 2824 τοῦ
3135 2776 3185 2824 α’
3249 2770 3356 2824 τίτ.
3412 2769 3510 2823 τοῦ
3557 2775 3610 2838 γ’
3655 2768 3838 2840 βιϐλίου

2259 2865 2371 2918 τῶν
2435 2864 2780 2929 Βασιλικῦιν,
2848 2862 2927 2934 τῷ
2980 2866 3075 2918 καὶ
3129 2861 3340 2918 ἄνωθεν
3387 2862 3834 2933 καταστρωθέντι.

2259 2957 2446 3029 Χάριν
2473 2957 2531 3010 δὲ
2567 2956 2665 3010 τοῦ
2709 2955 3018 3016 κανονικοῦ,
3048 2953 3144 3008 καὶ
3183 2953 3293 3007 τῶν
3337 2953 3479 3026 ὑπὲρ
3521 2954 3839 3025 χειροτονίας

2259 3048 2558 3119 διδομένων
2589 3047 2910 3119 συνηθειῶν,
2954 3049 3170 3118 ἐνεργεῖ
3212 3045 3376 3119 μέχρι
3404 3045 3502 3098 τοῦ
3537 3047 3635 3100 νῦν
3667 3048 3839 3116 χρυσο-

550 3136 836 3208 inajestas,
874 3152 932 3195 ut
978 3144 1143 3199 etiam
1198 3145 1253 3200 in
1307 3148 1660 3205 ordinatione
1709 3152 2059 3209 sacerdotum
2095 3165 2146 3212 et

2256 3143 2479 3196 σουλ).ον
2507 3141 2602 3196 τοῦ
2631 3142 2880 3214 ἀοιδίμου
2911 3141 3181 3213 βασιλέως
3213 3141 3423 3212 Κυρίου
3453 3140 3731 3194 Ὶσαακίου
3757 3141 3836 3192 τοῦ

552 3231 865 3286 canonariis
897 3232 1195 3310 [tributis]
1232 3247 1389 3295 vetus
1427 3239 1600 3296 forma
1638 3245 2021 3300 auctoritatem
2053 3248 2144 3302 ob-

552 3322 760 3379 tineat:
799 3334 856 3380 et
884 3327 1020 3408 nihil
1052 3329 1106 3383 in
1141 3331 1492 3388 ordinatione
1530 3319 1826 3406 episcopus
1857 3339 1950 3408 qui
1999 3341 2143 3394 ordi-

550 3423 668 3480 nat,
699 3407 1223 3492 amplius’accipiat,
1263 3440 1430 3495 quam
1461 3430 1862 3498 praeaestimatae
1912 3445 2148 3489 monetae

553 3505 926 3578 imperatoriae
974 3530 1116 3570 niese
1150 3517 1464 3586 majestatis
1511 3530 1719 3591 septem
1753 3540 1954 3579 aureos
1984 3542 2148 3580 num-

550 3613 674 3655 mos
699 3601 1000 3658 duntaxat:
1029 3623 1199 3662 unum
1230 3609 1504 3677 videlicet,
1536 3616 1757 3684 quando
1779 3617 2146 3672 ordinandum

549 3691 718 3748 faciat
795 3695 1104 3767 simplicem
1191 3717 1386 3772 papam
1459 3705 1578 3761 sive
1655 3707 1956 3778 lectorem;
2015 3720 2146 3775 tres,

549 3788 774 3857 quando
832 3790 1053 3846 ordinat
1105 3792 1440 3859 diaconum;
1495 3797 1700 3853 alteros
1746 3808 1878 3866 tres,
1926 3804 2148 3871 quando

549 3881 890 3936 sacerdotem
930 3882 1045 3937 sive
1082 3887 1467 3958 presbyterum
1505 3891 1740 3959 perlicit,
1780 3894 1861 3948 sic
1889 3896 2148 3952 similiter

548 3987 652 4042 pro
683 3976 985 4029 canonario
1013 3973 1294 4052 [tributo]
1344 3994 1376 4034 a
1415 3981 1537 4036 vico
1565 3983 1785 4052 triginta
1815 3984 2147 4042 infumibula

550 4065 808 4129 habente,
858 4067 1093 4124 similem
1139 4085 1366 4127 aureum
1423 4091 1589 4130 unum
1617 4119 1632 4143 ,
1679 4089 1968 4148 argenteos
1990 4080 2149 4146 duos,

551 4159 780 4214 arietem
847 4165 1275 4226 unum,ltordei
1343 4167 1555 4224 modios
1617 4186 1731 4237 sex,
1784 4173 2151 4229 vinimcnsu-

550 4266 643 4306 ras
672 4267 790 4315 sex,
824 4254 1014 4310 farinae
1036 4257 1249 4312 modios
1282 4274 1396 4324 sex,
1419 4261 1648 4331 gallinas
1687 4263 1906 4333 triginta
1930 4284 1942 4320 :
1971 4281 2001 4321 a
2030 4267 2152 4322 vico

552 4357 686 4398 vero
727 4345 821 4414 qui
865 4346 1057 4417 viginti
1103 4349 1430 4406 iul‘umibula
1480 4355 1665 4422 habet,
1695 4360 1846 4412 aurei
1906 4357 2149 4425 bessem,

549 4451 651 4507 pro
679 4439 894 4496 duobus
928 4443 1202 4512 argenteis
1247 4455 1569 4514 argenteum
1608 4446 1898 4522 [unum],
1946 4466 2148 4520 agnum

2254 3237 2544 3311 Κομνηνοῦ
2573 3238 2749 3302 οὕτως
2784 3237 2906 3309 έχον
2935 3240 2994 3290 ὲν
3030 3237 3208 3309 μέρει·
3249 3236 3425 3289 Τυποῖ
3456 3235 3514 3290 δὲ
3546 3238 3580 3306 ἡ
3615 3235 3839 3307 βασιλεία

2257 3349 2380 3405 μου,
2409 3333 2506 3387 καὶ
2527 3333 2621 3386 ἐπὶ
2657 3334 2725 3404 τῇ
2753 3329 3062 3403 χειροτονίᾳ
3101 3330 3211 3382 τῶν
3244 3330 3458 3401 ἱερέων,
3519 3329 3619 3382 καὶ
3654 3329 3750 3381 ἐπὶ
3773 3327 3839 3395 τῷ

2254 3423 2526 3496 κανονικῷ
2551 3425 2642 3478 τὸν
2675 3423 2904 3477 παλαιὸν
2927 3424 3173 3496 ἐνεργεῖν
3196 3423 3385 3485 τύπον,
3421 3423 3517 3475 καὶ
3554 3421 3728 3492 μηδὲν
3753 3422 3831 3473 ἐπὶ

2255 3523 2322 3593 τῇ
2375 3518 2684 3592 χειροτονίᾳ
2738 3517 3041 3590 λαμϐάνειν
3081 3516 3245 3570 πλέον
3298 3517 3390 3570 τὸν
3435 3514 3838 3586 χειροτονοῦντα

2253 3613 2446 3666 τοῦτον
2485 3612 2804 3674 ἐπίσκοπον,
2848 3609 3029 3681 ἀλλ’ἢ
3080 3609 3216 3681 μόνα
3249 3608 3320 3661 τὰ
3362 3609 3406 3672 ζ’
3459 3608 3648 3678 χρυσᾶ
3705 3605 3838 3675 νομί-

2261 3723 2447 3776 σματα
2498 3708 2599 3773 τῆς
2641 3703 3071 3775 προτιμωμένης
3121 3703 3373 3774 χαραγῆς
3417 3700 3522 3771 τῆς
3579 3699 3840 3770 βασιλείας

2263 3816 2388 3871 μου,
2421 3799 2593 3870 ἦγουν
2623 3797 2681 3851 ἓν
2720 3797 2818 3868 μὲν
2848 3797 2940 3850 ὅτε
2976 3797 3124 3849 ποιεῖ
3151 3795 3314 3848 αὐτὸν
3339 3794 3485 3847 λιτὸν
3522 3794 3711 3847 παπᾶν
3739 3793 3838 3862 ἦτοι

2263 3891 2648 3962 ἀναγνώστην,
2683 3890 2811 3963 τρία
2840 3891 2898 3944 δὲ
2923 3890 3014 3942 ὅτε
3051 3889 3351 3960 χειροτονεῖ
3387 3887 3556 3940 αὐτὸν
3586 3887 3835 3945 διάκονον,

2259 3986 2354 4039 καὶ
2387 3985 2553 4055 ἔτερα
2581 3983 2705 4056 τρία
2725 3984 2812 4037 ὅτε
2845 3982 3046 4054 πληροῖ
3076 3981 3236 4034 αὐτὸν
3262 3980 3434 4050 ἱερέα,
3460 3980 3584 4052 ἦτοι
3618 3979 3838 4051 πρεσϐύ-

2258 4095 2439 4149 τερον.
2483 4075 2764 4139 Ὡσαύτως
2824 4074 2919 4127 καὶ
2963 4073 3105 4145 ὑπὲρ
3135 4073 3231 4126 τοῦ
3273 4071 3567 4126 κανονικοῦ
3616 4074 3723 4127 ἀπὸ
3761 4071 3837 4126 τοῦ

2260 4171 2474 4242 ἔχοντος
2496 4169 2700 4241 χωρίου
2723 4165 2768 4220 λ’
2793 4167 3058 4229 καπνοὺς,
3078 4165 3324 4238 νόμισμα
3342 4165 3399 4218 ἓν
3421 4167 3632 4237 χρυσοῦ
3654 4167 3835 4236 ὅμοιον,

2261 4264 2481 4336 ἀργυρᾶ
2531 4262 2644 4322 δύο,
2689 4259 2844 4331 κριὸν
2890 4260 3006 4324 ἕνα,
3052 4259 3266 4330 καρπὸν
3308 4257 3530 4328 μοδίους
3575 4257 3659 4322 ἒξ,
3709 4255 3834 4309 οίνου

2262 4357 2439 4429 μέτρα
2474 4354 2554 4421 ἓξ,
2589 4353 2820 4424 ἀλεύρου
2859 4353 3016 4424 μόδια
3060 4351 3144 4416 ἓξ,
3181 4349 3277 4404 καὶ
3324 4349 3541 4420 ὀρνίθια
3571 4349 3639 4414 λ’,
3669 4345 3835 4402 ἀπὸδὲ

2255 4451 2351 4504 τοῦ
2388 4451 2604 4522 ἔχοντος
2632 4446 2678 4502 κ’
2708 4447 2968 4512 καπνοὺς,
3009 4445 3069 4498 τὸ
3091 4445 3336 4515 δίμοιρον
3365 4441 3459 4496 τοῦ
3496 4444 3832 4514 νομίσματος,

551 4529 924 4596 dimidiatum,
979 4535 1169 4589 hordei
1234 4537 1450 4594 modios
1506 4549 1770 4610 quatuor,
1819 4543 1934 4597 vini
1989 4559 2146 4598 men-

2259 4546 2354 4597 xal
2380 4545 2502 4597 ἀντὶ
2531 4543 2641 4595 τῶν
2671 4542 2765 4595 δύο
2789 4539 3048 4612 ἀργυρῶν
3079 4537 3352 4610 ἀργυροῦν
3387 4543 3436 4589 α’
3479 4537 3747 4610 μέσαρνον
3767 4535 3831 4594 ἓν,

554 4634 714 4676 suras
753 4634 1013 4692 quatuor,
1053 4625 1248 4682 farina:
1279 4631 1494 4686 modios
1529 4642 1788 4702 quatuor,
1820 4643 1876 4689 et
1914 4636 2148 4706 gallinas

552 4711 777 4782 viginti:
837 4731 868 4770 a
915 4715 1036 4772 vico
1097 4718 1336 4791 denique
1392 4723 1488 4792 qui
1553 4727 1743 4780 decem
1818 4727 2148 4783 infumibula

552 4806 740 4875 habet,
771 4817 1062 4882 argenteos
1094 4817 1368 4886 quinque,
1411 4821 1685 4889 agnellum
1724 4838 1926 4889 unum,
1959 4824 2150 4880 hordei

563 4901 785 4958 modios
822 4906 986 4967 duos,
1025 4909 1134 4963 vini
1177 4926 1469 4966 mensuras
1505 4914 1664 4981 duas,
1706 4913 1901 4971 farina:
1937 4918 2152 4975 modios

555 4993 719 5062 duos,
749 5006 804 5052 et
837 5000 1073 5068 gallinas
1105 5000 1330 5057 decem:
1360 5005 1828 5072 quemadmodum
1859 5008 1878 5081 [
1904 5007 2065 5081 haec]
2097 5011 2152 5064 in

555 5098 804 5143 veterum
869 5093 1261 5148 Actuariorum
1338 5095 1538 5166 sigillis
1607 5099 1773 5153 etiam
1843 5103 2152 5171 perscripta

558 5192 708 5237 sunt.
736 5183 918 5253 Atque
968 5185 1122 5257 [haec
1161 5188 1383 5257 quidem
1438 5192 1786 5266 dandarum]
1846 5197 2149 5266 specierum

560 5275 902 5332 conveniens
942 5279 1224 5335 ordinatio
1266 5281 1635 5352 imperatoriae
1682 5301 1822 5341 meae
1880 5287 2152 5357 majestati

561 5368 792 5437 placuit.
827 5371 963 5424 Cum
1004 5371 1107 5427 hac
1139 5389 1268 5429 vero
1302 5390 1470 5430 aurea
1505 5377 1731 5432 formali
1792 5378 1940 5433 bulla
1970 5382 2154 5438 conl‘e—

559 5470 683 5514 ctus
712 5470 792 5514 est
837 5461 1002 5518 etiam
1038 5465 1108 5520 15
1133 5468 1342 5524 mensis
1377 5467 1626 5524 Januarii
1655 5471 1974 5528 indictionis
2005 5474 2094 5540 10,
2127 5491 2156 5529 a

561 5552 920 5610 sanctissimo
937 5557 1030 5613 illo
1052 5561 1368 5630 patriarcha
1386 5562 1612 5618 domino
1633 5561 1860 5620 Nicolao
1882 5567 2159 5638 synodalis

560 5649 1014 5717 Commentarios,
1037 5653 1128 5723 qui
1155 5653 1330 5723 jubet,
1368 5667 1426 5710 ut
1447 5657 1750 5712 secundum
1771 5657 1912 5712 hanc
1930 5674 2154 5714 auream

571 5738 778 5795 bullam
817 5747 1114 5801 canonaria
1154 5747 1182 5818 έῘ
1205 5747 1479 5821 tributa],
1535 5765 1599 5806 ac
1656 5765 1756 5820 pro
1813 5751 2164 5808 ordinatione

565 5832 710 5902 [dari
738 5837 922 5912 solita]
955 5839 1172 5898 dentur.

2252 4639 2465 4709 καρπὸν
2500 4636 2656 4708 μόδια
2703 4633 2766 4701 δ’,
2797 4635 2941 4688 οἴνου
2991 4633 3167 4706 μέτρα
3214 4630 3276 4693 δ’,
3310 4630 3547 4704 ἀλεύρου
3594 4631 3746 4702 μόδια
3770 4628 3829 4690 δ’,

2251 4731 2348 4784 καὶ
2375 4728 2584 4800 ὀρνίθια
2610 4726 2682 4780 ac"
2723 4727 2832 4780 ἀπὸ
2875 4727 2933 4779 δὲ
2967 4724 3062 4778 τοῦ
3100 4724 3316 4796 ἔχοντος
3363 4722 3422 4784 ι’,
3455 4727 3704 4789 καπνοὺς
3733 4743 3823 4794 χω-

2257 4821 2396 4892 ρίου,
2441 4821 2659 4892 άργυρᾶ
2692 4817 2754 4884 ε’,
2803 4819 2942 4890 ἄρνα
2998 4817 3077 4884 ἓν,
3116 4817 3330 4888 καρπὸν
3378 4817 3539 4888 μόδια
3603 4818 3674 4889 β’,
3707 4818 3829 4871 οἴνου

2257 4914 2434 4986 μέτρα
2469 4911 2535 4984 β’,
2587 4911 2818 4985 ἀλεύρου
2853 4911 3012 4983 μόδια
3071 4909 3139 4978 β’,
3193 4911 3287 4965 καὶ
3312 4912 3528 4984 ὀρνίθια
3577 4911 3628 4967 ι’,
3668 4909 3830 4968 Καθὼς

2254 5011 2350 5062 καὶ
2378 5011 2436 5062 ὲν
2465 5009 2578 5072 τοῖς
2631 5007 2888 5076 σιχίλλοις
2919 5005 3030 5059 τῶν
3063 5005 3316 5059 παλαιῶν
3364 5007 3683 5076 πραιτόρων
3721 5006 3827 5058 ἀνα-

2257 5102 2586 5173 γράφονται,
2641 5099 2738 5153 καὶ
2769 5101 2802 5169 ὴ
2860 5098 3154 5169 σύμφωνος
3209 5099 3509 5162 κατάθεσις
3558 5100 3669 5152 τῶν
3716 5097 3827 5152 ὅλων

2260 5190 2574 5262 θεματικῶν
2604 5190 2920 5262 παρέστησε
2944 5193 3009 5259 τῇ
3044 5189 3297 5260 βασιλείᾳ
3343 5206 3468 5259 μου.
3503 5191 3611 5243 Σὺν
3636 5191 3710 5260 τῷ
3735 5205 3822 5241 τοι·

2261 5287 2404 5358 ούτῳ
2437 5287 2492 5340 δὲ
2534 5285 2916 5360 χρυσοϐούλλῳ
2950 5286 3166 5340 τυπικῶ
3193 5286 3384 5354 γέγονε
3410 5287 3507 5340 καὶ
3563 5287 3823 5358 σημείωμα

2263 5381 2542 5434 συνοδικὸν
2571 5381 2716 5433 κατὰ
2753 5379 2854 5450 τὴν
2896 5376 2955 5431 ιε’
2981 5379 3076 5432 τοῦ
3102 5377 3417 5451 Νοεμϐρίου
3453 5379 3622 5450 μηνὸς
3666 5380 3751 5447 τῆς
3776 5373 3817 5434 ι’.

2267 5474 2582 5537 ίνδικτιόνος
2605 5473 2758 5544 παρὰ
2791 5471 2887 5526 τοῦ
2927 5473 3236 5540 ἀγιωτάτου
3266 5472 3483 5525 ἐκείνου
3513 5471 3817 5544 πατριάρχου

2266 5567 2456 5638 κυρίου
2483 5566 2752 5620 Νικολάου
2793 5565 3309 5637 παρακελευόμενον
3339 5566 3484 5619 κατά
3522 5565 3584 5619 τὸ
3610 5562 3816 5617 τοιοῦτον

2266 5658 2661 5731 χρυσόὄουλλον
2712 5659 2952 5713 δίδοσθαι
3007 5659 3078 5713 τὰ
3123 5659 3407 5727 κανονικὰ,
3444 5658 3540 5712 καὶ
3591 5656 3656 5710 τά
3697 5653 3814 5720 ὑπὲρ

2268 5753 2626 5824 χειροτονίας.
