4022 6402
145 393 243 464 1021
841 389 1328 452 NOMOCANON.
1367 414 1438 424 —
1475 389 1624 450 TIT.
1667 389 1718 464 Ι,
1762 390 1923 450 CAP.
1959 389 2194 466 xxxv,
2239 392 2503 454 xxxvr.
3235 391 3371 455 1022

191 513 484 587 Σημείωσαι.
525 510 845 579 Ἀναγκαῖον
880 507 972 560 διὰ
992 507 1061 561 τὰ
1092 503 1407 577 ζητούμενα
1437 504 1703 559 κανονικά
1724 505 1876 576 παρά
1906 505 2013 558 τῶν
2039 508 2366 579 ἀρχιερέων,
2390 508 2486 560 καὶ
2505 504 2581 577 μὴ
2599 506 2855 576 διδόμενα
2885 507 3036 571 ἴσως,
3072 510 3121 562 οἱ
3153 508 3370 570 πλείους

139 610 221 680 γὰρ
249 603 346 658 τῶν
388 602 584 657 λαῖκῶν
605 602 665 656 οὒ
708 600 915 655 διδόασι
953 597 1265 662 καλοθελῶς
1315 596 1452 667 πρὸς
1482 597 1611 661 τοὺς
1653 598 1932 668 ἀρχιερεῖς
1963 599 2144 653 αὐτῶν
2193 600 2262 653 τὰ
2307 599 2570 654 κανονικὰ
2598 599 2870 668 ὁλέγοντες
2906 600 2966 654 τὸ
3013 601 3371 672 εὐαγγελικδν

140 701 273 773 ῥῆμα,
299 697 515 768 Δωρεὰν
537 693 802 759 ἐλάϐετε,
834 693 1064 763 δωρεὰν
1099 691 1258 756 δότε,
1305 691 1445 762 ὅπερ
1485 691 1634 744 ἐστὶν
1689 691 1983 764 ἀμέτοχον,
2010 692 2132 746 οὐδὲ
2162 691 2271 765 γάρ
2303 693 2421 746 ἐστι
2470 693 2663 764 μισθὸς
2694 694 2754 747 τὸ
2783 694 2945 767 χάριν
2997 694 3104 750 ἀπὸ
3164 699 3372 768 τροφῆς

137 794 363 864 διδόμενον
395 788 469 861 τῷ
495 787 761 860 ἀρχιερεῖ.

187 907 404 965 ΚΕΦΑΛ.
428 920 446 964 ι
470 903 594 958 ΛΕ’.
635 901 778 970 Περὶ
836 899 945 955 τοῦ
999 898 1119 954 ὑπὸ
1158 899 1266 953 τὸν
1309 897 1656 950 ἐπίσκοπον
1681 898 1736 957 Α

1833 895 1989 952 CAP.
2035 895 2256 953 XXXV.
2279 928 2348 939 —
2382 897 2451 953 Ut
2488 901 2842 967 ptochiorum,
2899 897 3367 960 monasteriorum.

135 1001 222 1072 τῆς
239 1001 448 1064 πόλεως
473 992 624 1051 εἶναι
651 993 797 1058 τοὺς
817 991 1145 1062 κληρικοὺς
1174 989 1296 1045 τῶν
1323 990 1657 1060 πτωχείων,

1774 1003 1810 1045 at
1847 991 2234 1061 martyriorum
2265 990 2445 1046 clerici
2474 991 2571 1046 sub
2607 994 2852 1066 episcopo
2882 996 3121 1050 civitatis
3155 997 3284 1051 sint.
3357 1055 3362 1066 ,

135 1094 208 1149 καὶ
234 1088 650 1162 μοναστηρίων,
691 1085 792 1142 καὶ
814 1085 1178 1156 μαρτυρίων.

135 1240 141 1249 ,
189 1184 384 1240 Συνόδου
413 1180 754 1253 Χαλκηδόνος
787 1178 972 1232 κανὼν
1004 1184 1077 1247 η’.

1831 1175 2062 1232 Concilii
2092 1174 2558 1233 Chalcedonensis
2587 1193 2708 1248 cap.
2739 1177 2795 1234 8.

186 1277 404 1333 ΚΕΦΔΛ.
443 1277 582 1342 ACI'.
612 1303 682 1315 —-
712 1272 853 1341 Περὶ
882 1271 1124 1326 δούλων
1157 1271 1608 1342 κληρουμένων.

1597 1309 1608 1325 .
1833 1268 1984 1324 CAP.
2019 1267 2261 1323 XXXVI.
2293 1299 2364 1308 —
2397 1268 2470 1323 De
2499 1270 2663 1326 servis
2692 1272 2783 1342 qui
2815 1270 2998 1326 clerici
3023 1272 3185 1342 ﬁunt.

196 1366 500 1423 ’Δποστόλων
527 1362 710 1418 κανὼν
733 1363 844 1433 πβ’.

1835 1363 2226 1430 Apostolorum
2261 1375 2442 1416 canon
2484 1360 2575 1415 82.

186 1459 454 1526 Κείμενον.
502 1455 567 1506 Ἦ
592 1453 684 1519 λς’
711 1452 976 1518 διάταξις,
1006 1451 1101 1506 τοῦ
1136 1457 1186 1521 γ’
1210 1452 1342 1518 τίτ.,
1369 1451 1464 1507 τοῦ
1493 1451 1544 1508 α’
1577 1453 1662 1524 βι-

1838 1452 2056 1508 Textus.
2079 1453 2268 1510 Const.
2295 1455 2385 1518 '56,
2420 1454 2504 1508 tit.
2535 1456 2589 1520 5,
2615 1455 2708 1510 lih.
2752 1455 2918 1514 tcod.
2959 1456 3058 1523 ait,
3125 1471 3370 1525 servum,

135 1551 250 1606 6λίου
264 1550 347 1604 τοῦ
363 1547 588 1611 κώδικος
611 1547 797 1618 φησιν,
834 1565 890 1602 κ.
924 1545 977 1601 τ’.
1013 1547 1089 1613 λ.,
1119 1563 1295 1618 usque
1323 1547 1390 1602 ad
1423 1547 1662 1614 ὑπεξου-

1460 1547 1662 1614 πεξου-
1763 1554 1893 1612 ειε.,
1919 1562 2084 1616 ιιεᾳιιε
2111 1548 2179 1600 ad
2211 1544 2335 1616 quis
2366 1546 2646 1613 liberetur,
2675 1556 2731 1600 ut
2757 1563 2882 1618 pag.
2921 1547 3047 1604 559.

135 1645 350 1714 σιότητος.

187 1736 427 1802 Σχόλιον.
473 1735 530 1788 '0
561 1740 610 1803 γ’
643 1736 752 1792 τίτ.
807 1738 903 1791 τοῦ
938 1738 988 1791 α’
1045 1736 1255 1810 βιϐλίου
1304 1736 1400 1790 τοῦ
1430 1737 1663 1801 κὼδικος

1841 1737 2136 1794 Scholium.
2166 1738 2275 1795 Tit.
2303 1741 2358 1807 5,
2384 1740 2481 1796 lib.
2515 1757 2532 1795 ι
2562 1742 2686 1797 cod.
2717 1741 2931 1811 positus
2974 1749 3058 1796 est
3094 1742 3148 1796 in
3187 1742 3282 1798 lib.
3314 1758 3369 1796 ιιι

132 1830 255 1898 ἐτέθη
280 1830 331 1881 ὲν
361 1827 540 1899 βιϐλίῳ
568 1827 620 1898 γ’
646 1829 755 1884 τῶν
806 1830 1114 1885 Βασιλικῶν
1170 1848 1298 1899 κεφ.
1337 1830 1404 1902 β’.
1431 1831 1580 1903 Πλὴν
1604 1831 1664 1884 τὸ

1787 1828 1934 1889 tasil.
1978 1844 2099 1899 cap.
2153 1827 2209 1883 2.
2250 1829 2642 1885 Verumtamen
2689 1832 2792 1886 hoc
2826 1845 2950 1901 cap.
3007 1831 3063 1884 in
3111 1845 3375 1902 repurga-

132 1940 229 1990 κεφ.
271 1921 415 1975 τοῦτο
474 1922 815 1994 παρελείφθη
864 1924 945 1986 εἰς
983 1923 1085 1993 τὴν
1133 1923 1536 1994 ἀνακάθαρσιν,
1570 1923 1664 1977 καὶ

1779 1921 1917 1976 tione
1947 1921 2237 1984 omissum,
2273 1934 2328 1977 et
2353 1937 2465 1977 non
2507 1923 2749 1993 positum
2778 1929 2883 1978 est.
2915 1922 3108 1976 Const.
3141 1920 3178 1976 2
3224 1922 3308 1976 tit.
3342 1923 3367 1976 1

130 2015 206 2068 οὐκ
233 2015 393 2084 ἐτέθη.
445 2015 508 2068 Ἦ
535 2014 578 2086 β’
603 2016 744 2070 διάτ.
795 2015 890 2069 τοῦ
916 2023 967 2068 α’
993 2016 1099 2071 τίτ.
1132 2015 1244 2070 τῶν
1298 2017 1529 2085 Νεαρῶν
1547 2017 1666 2069 ἐστι

1785 2012 2143 2078 Novellarnm,
2178 2023 2265 2070 est
2314 2015 2525 2069 novella
2567 2013 2865 2070 Justiniaui
2911 2014 3040 2079 125,
3082 2015 3373 2084 positaque

128 2109 264 2180 νεαρά
301 2109 719 2174 Ἰουστινιάνειος
760 2117 903 2181 ρκγ¹.
953 2111 1066 2163 Καὶ
1119 2109 1280 2180 ἐτέθη
1329 2110 1412 2174 είς
1460 2109 1666 2180 βιϐλίον

1787 2114 1852 2160 εει
1886 2105 1939 2159 in
1976 2106 2073 2161 lib.
2115 2105 2282 2161 Basil.
2322 2121 2407 2167 ιιι,
2443 2106 2527 2160 tit.
2586 2107 2638 2170 1,
2680 2121 2803 2176 cap.
2841 2105 2932 2172 57,
2973 2106 3120 2176 quod
3163 2107 3245 2162 sic
3272 2107 3375 2159 ha-

128 2199 211 2252 τὼν
243 2199 524 2252 Βασιλικῶν
565 2207 640 2270 γ’,
683 2201 791 2255 τίτ.
834 2207 905 2267 α’,
933 2218 1060 2269 κεφ.
1093 2201 1178 2266 λζ,
1207 2200 1382 2264 οὕτως
1423 2201 1566 2271 ἔχον,
1590 2200 1666 2262 ὡς
1693 2265 1716 2271 _

1787 2207 1881 2266 iet,
1923 2198 2000 2253 uti
2045 2199 2098 2252 in
2147 2199 2476 2268 compendio
2518 2198 2858 2268 propositum
2905 2206 3012 2253 est.
3061 2196 3218 2264 Quod
3246 2213 3375 2252 vero

130 2290 412 2360 συνωψίσθη.
441 2292 512 2344 Τὸ
545 2265 604 2345 δὲ
629 2265 1057 2362 ἐλευθερούσθαι
1089 2265 1217 2357 τοὺς
1241 2265 1664 2362 ἐναπογράφους
1693 2265 1718 2326 Ῐ

1788 2290 2064 2358 tscriptitii
2130 2265 2474 2358 liberentur,
2519 2265 2655 2360 pars
2717 2298 2802 2345 est
2853 2290 3099 2360 ejusdem
3150 2289 3376 2344 novellae

132 2378 264 2449 μέρος
309 2382 419 2433 ἐστὶ
467 2382 567 2452 τῆς
621 2383 794 2451 αὐτῆς
842 2389 962 2456 ρκγ¹
1004 2384 1228 2454 νεαρᾶς,
1284 2383 1381 2438 καὶ
1412 2384 1574 2454 ἐτέθη
1606 2385 1665 2437 ὲν

1783 2383 1904 2444 ιεδ,
1938 2382 2290 2452 positumque
2321 2392 2408 2438 est
2440 2384 2496 2436 in
2539 2383 2634 2438 lib.
2675 2381 2845 2436 Basil.
2904 2397 2986 2448 tu,
3039 2381 3124 2437 tit.
3157 2380 3213 2447 1,
3248 2396 3371 2451 cap.

127 2466 342 2540 βιϐλίῳγ⁹
360 2469 466 2524 τῶν
518 2471 830 2526 Βασιλικῶν
880 2473 986 2528 τίτ.
1027 2472 1102 2538 α’,
1135 2491 1268 2543 κεφ.
1329 2473 1425 2539 ια’,
1484 2473 1667 2546 ἔχοντι

1787 2477 1866 2539 Il,
1899 2475 2042 2544 quod
2076 2476 2156 2528 sic
2187 2475 2351 2528 habet
2388 2493 2400 2528 :
2452 2472 2584 2529 Post
2632 2473 3039 2528 ordinationem
3085 2487 3215 2527 vero
3258 2487 3375 2528 ser-

126 2561 263 2626 οὓτως
283 2578 298 2596 ’
318 2565 465 2619 Μετά
489 2565 546 2619 δὲ
566 2565 671 2636 τὴν
691 2566 1030 2638 χειροτονίαν
1055 2568 1150 2622 καὶ
1191 2567 1440 2636 δουλικῆς
1474 2572 1671 2623 ἐναπο-

1787 2567 1874 2622 vili
1932 2565 2368 2632 ascriptitiorum
2423 2566 2642 2619 fortuna
2689 2565 2981 2634 episcopos
3014 2563 3220 2618 liberos
3253 2578 3375 2618 csse

126 2650 300 2724 γράφου
341 2653 505 2724 τύχης
570 2659 702 2718 τοὺς
757 2654 1094 2719 ἐπισκόπους
1140 2651 1286 2709 εἶναι
1339 2655 1666 2727 ἐλευθέρους

1787 2661 2036 2729 iubemus
2069 2679 2082 2716 :
2116 2647 2562 2715 nisi'cohortalis
2597 2670 2797 2727 praeter
2832 2656 3146 2726 praadictam
3186 2656 3375 2711 obser-

125 2744 392 2814 κελεύομεν,
421 2747 470 2799 εί
501 2745 581 2819 μὴ
613 2745 894 2816 ταξεὼτης
920 2746 1073 2816 παρά
1108 2745 1210 2818 τὴν
1243 2747 1660 2819 προειρημένην

1786 2755 2052 2810 rationem
2099 2755 2389 2809 ordinatus
2447 2752 2540 2808 sit.
2596 2751 2879 2820 Ejusmodi
2934 2749 3082 2805 enim
3133 2756 3374 2804 remotos

124 2837 477 2912 χειροτονηθείη
506 2840 920 2911 παρατήρησιν.
950 2841 1090 2902 Τοὺς
1119 2840 1229 2910 γὰρ
1256 2839 1534 2906 τοιούτους
1568 2841 1668 2913 τῆς

1785 2850 1846 2903 ab
1879 2850 2198 2918 episcopatu
2250 2845 2466 2902 cohorti
2525 2859 2641 2900 suae
2698 2843 2915 2898 restitui
2965 2843 3252 2913 jubemus.
3304 2859 3373 2896 ne

123 2930 382 3002 ἐπισκοπῆς
411 2932 883 3003 ἀποκινουμένους
910 2936 977 3006 τῇ
1002 2933 1154 2996 τάξει
1185 2932 1664 2989 ἀποκαθίστασθαι

1785 2955 1885 3011 qua
1917 2957 1983 2995 ex
2011 2939 2101 2994 tali
2139 2937 2361 2994 fortuna
2395 2937 2708 2994 sacerdotio
2745 2936 3034 2992 oboriatur
3086 2945 3373 2990 contume-

123 3023 391 3096 κελεύομεν,
425 3027 513 3082 ἵνα
555 3030 637 3099 μὴ
684 3030 750 3082 ὲκ
788 3029 888 3100 τῆς
916 3029 1172 3100 τοιαύτης
1205 3029 1378 3101 τύχης
1414 3033 1480 3102 τῇ
1510 3032 1669 3103 ἱερω-

1779 3036 1869 3091 lia.
1922 3034 2190 3090 Caeterum
2221 3031 2516 3087 Iustiniani
2569 3032 2634 3088 81
2677 3031 2893 3086 novella
2956 3029 3131 3100 posita
3183 3038 3267 3085 est
3316 3033 3367 3084 in

123 3116 230 3190 σύνῃ
256 3119 401 3192 ὖὸρις
441 3121 696 3194 γένηται.
748 3121 812 3174 Ἦ
858 3121 1042 3192 μέντοι
1094 3120 1188 3177 πα¹
1230 3123 1666 3187 Ἰουστινιάνειος

1786 3129 1874 3184 .ib.
1903 3144 2031 3183 xxx1
2056 3126 2222 3183 Basil.
2260 3127 2343 3181 tit.
2369 3126 2423 3189 5,
2454 3141 2575 3196 cap.
2611 3125 2664 3189 1,
2701 3124 2848 3194 quod
2881 3125 2960 3180 sic
2995 3125 3048 3179 in
3087 3124 3244 3180 initio
3275 3125 3374 3180 ha-

120 3210 254 3281 νεαρὰ
283 3214 448 3266 κεῖται
483 3215 565 3279 είς
600 3213 806 3286 βιϐλίον
830 3213 912 3269 λα’
951 3213 1064 3269 τῶν
1127 3214 1436 3270 Βασιλικῶν
1468 3215 1576 3270 τίτ.
1600 3215 1665 3282 ε’,

1788 3229 1866 3283 oet
1898 3239 1911 3276 :
1957 3220 2275 3284 Sanc'unus,
2305 3226 2365 3273 ut
2403 3217 2669 3272 ordinarii
2699 3217 2978 3272 consules.
3011 3218 3090 3271 Ac
3119 3216 3376 3286 deinceps

120 3324 218 3376 κεφ.
243 3307 304 3374 α’,
357 3311 526 3375 οὕτως
578 3311 704 3384 ἔχον
745 3312 874 3382 περὶ
920 3310 1020 3383 τὴν
1068 3312 1266 3384 ἀρχήν*
1320 3311 1668 3382 Θεσπίζομεν

1795 3316 1924 3368 uhet
1971 3313 2159 3368 eadem
2203 3311 2444 3377 novella,
2505 3317 2567 3364 ut
2627 3311 2946 3379 quicunque
3001 3309 3376 3380 magistratus,

117 3399 216 3466 τούς
243 3419 296 3456 τε
320 3404 637 3476 ὲμϐἀθμους
674 3405 938 3468 ὑπάτους.
968 3406 1081 3461 Καὶ
1129 3405 1216 3476 ἐφ’
1255 3405 1384 3475 ἑξῆς
1421 3422 1668 3476 παρακει

1785 3405 2062 3476 liguitates
2107 3414 2162 3459 et
2211 3402 2393 3457 ofﬁcia
2430 3402 2610 3465 habet,
2643 3402 2726 3456 sui
2757 3401 2902 3472 juris
2955 3402 3049 3465 sit,
3095 3402 3314 3456 tametsi
3343 3419 3373 3456 a

117 3492 294 3548 λεύεται
323 3498 354 3567 ἡ
381 3497 518 3570 αὑτὴ
541 3497 714 3568 νεαρά
746 3497 834 3551 ἵνα
861 3496 1064 3561 πάντες
1092 3497 1143 3550 οἱ
1174 3495 1540 3567 ἀξιωματικοὶ
1569 3495 1665 3550 καὶ

1785 3509 1921 3568 tatrc
1960 3497 2338 3566 emancipatus
2391 3511 2500 3551 non
2559 3495 2744 3549 fuerit.
2799 3495 2962 3563 Atqui
3021 3493 3075 3556 9,
3135 3492 3239 3555 10,
3285 3495 3373 3558 11,

116 3586 154 3638 oi
175 3585 365 3658 ἔχοντες
409 3590 643 3660 ὀφφίκια
699 3590 962 3663 ἄρχοντες
1003 3588 1341 3654 αὑτεξούσιοι
1377 3583 1502 3656 ὦσι,
1557 3589 1704 3664 κᾶν(

1791 3591 2117 3662 mperatoris
2153 3589 2362 3646 domini
2409 3587 2609 3642 Leonis
2660 3587 2982 3657 Philosophi
3013 3585 3250 3641 Novellze
3282 3586 3374 3656 ju-

114 3674 191 3744 τῆς
239 3681 500 3751 πατρικῆς
545 3681 734 3752 χειρδς
767 3681 868 3734 οὐκ
893 3679 1136 3750 ἔφθασαν
1186 3680 1547 3751 ἀπολυθῆναι.
1597 3681 1662 3735 Ἠ

1787 3687 1952 3750 bent,
1985 3694 2045 3738 ut
2085 3685 2178 3754 qui
2201 3698 2394 3739 servus
2430 3682 2713 3751 ignorante
2743 3679 2966 3734 domino
2999 3688 3094 3733 aut
3121 3677 3375 3736 clericus,

115 3767 267 3839 μέντοι
314 3771 377 3841 θ’,
407 3772 438 3827 ι’
495 3774 596 3829 καὶ
651 3772 721 3829 ια’
771 3776 941 3845 νεαρά
994 3772 1089 3827 τοῦ
1149 3773 1414 3845 βασιλέως
1468 3774 1662 3845 κυρίου

1782 3788 1876 3834 aut
1904 3777 2231 3840 monachus,
2264 3784 2361 3830 aut
2406 3773 2698 3843 cpiscopus
2750 3769 2931 3826 factus
2968 3768 3155 3836 fuerit,
3187 3769 3232 3824 is
3263 3769 3370 3839 pri-

113 3861 306 3930 Δὲοντος
333 3866 425 3921 τοῦ
453 3867 758 3937 Φιλοσόφου
809 3866 1282 3938 παρακελεύονται
1325 3868 1418 3922 τὸν
1449 3868 1665 3940 κληρω·

1780 3872 1926 3928 stino
1976 3869 2201 3926 domino
2266 3867 2612 3923 restituatur.
2665 3865 2746 3918 'l'u
2798 3863 2968 3935 igitur
3023 3863 3115 3918 ubi
3172 3877 3241 3916 ex
3306 3859 3366 3915 11

114 3949 242 4007 θέντα
262 3954 436 4010 δοῦλον
471 3959 530 4011 ἐν
561 3957 759 4029 ἀγνοίᾳ
804 3955 900 4010 τοῦ
933 3957 1218 4024 δεσπότου,
1253 3958 1392 4013 ἀλλά
1425 3958 1534 4030 μὴν
1563 3959 1660 4014 καὶ

1785 3977 1899 4031 cap.
1931 3960 2015 4016 tit.
2054 3959 2202 4013 llih.
2247 3972 2310 4011 ιιι
2365 3954 2531 4010 Basil.
2565 3953 2829 4014 didicisti,
2885 3951 3069 4007 servili
3117 3947 3373 4018 ascripti-

111 4043 180 4097 :‘w
205 4049 498 4116 μονάσαντα
528 4051 627 4103 καὶ
664 4050 754 4102 τὸν
786 4051 1049 4119 γεγονότα
1079 4051 1378 4106 ἐπίσκοπον
1408 4052 1662 4107 ἀποκαθ-

1785 4053 1980 4106 tiorum
2063 4049 2298 4104 fortuna;
2351 4045 2661 4110 obnoxios,
2710 4053 3011 4113 posteaque
3079 4039 3373 4110 episcopali

113 4133 327 4191 ίςτασθαι
357 4139 431 4211 τῷ
461 4139 717 4211 προτέρῳ
745 4139 1005 4213 δεσπότῃ.
1043 4121 1114 4194 Σὺ
1147 4140 1278 4209 γοῦν
1327 4141 1517 4211 μαθὼν
1552 4140 1664 4194 ἀπὸ

1786 4144 2044 4216 dignitate
2077 4140 2283 4197 fuerint
2317 4137 2597 4201 honorati,
2644 4137 2848 4192 liberos
2879 4150 3002 4190 esse
3034 4151 3047 4188 :
3080 4150 3148 4187 ne
3178 4133 3374 4187 adver-

108 4227 181 4280 τοῦ
203 4237 264 4282 ια’
285 4249 405 4302 κεφ.
431 4234 528 4286 τοῦ
549 4231 599 4286 α’
649 4230 830 4285 τίτλου
862 4233 958 4286 τοῦ
991 4231 1038 4302 γ’
1066 4232 1276 4302 βιϐλίου
1307 4233 1416 4287 τῶν
1445 4233 1664 4287 Βασιλι-

1787 4239 1915 4296 seris
1949 4236 2018 4292 59
2044 4252 2164 4307 cap.
2193 4233 2438 4304 ejusdem
2465 4231 2551 4285 tit.
2575 4238 2629 4285 et
2653 4226 2909 4298 lih.quod
2939 4242 3049 4282 non
3081 4227 3238 4280 aliter
3258 4239 3375 4280 ser-

109 4320 216 4388 κῶν,
248 4324 324 4378 ὅτι
347 4326 438 4379 καὶ
470 4327 726 4398 δουλικῆς
749 4326 1134 4398 ὲναπογράφου
1155 4325 1326 4397 τύχης
1351 4329 1399 4379 οἱ
1430 4329 1660 4380 ἐπισκο-

1785 4346 1928 4390 t'um,
1959 4325 2178 4382 tametsi
2209 4324 2446 4380 clericus
2477 4321 2661 4377 factus
2689 4321 2781 4384 sit,
2808 4320 3043 4373 liberum
3074 4317 3373 4385 licri.dicit,

108 4414 228 4485 πικῴ
248 4421 602 4490 τετιμημένοι
621 4418 891 4490 ἀξιώματι
909 4419 1371 4490 ὲλευθεριάζουσι,
1402 4419 1476 4491 μὴ
1501 4423 1663 4473 ὲνανο

1785 4421 2007 4493 quatu'si
2027 4418 2238 4474 domini
2255 4417 2497 4487 cognitio
2519 4414 2610 4487 [ad
2634 4430 2754 4468 eam
2781 4411 2923 4484 rem]
2939 4411 3233 4466 accesserit
3249 4428 3261 4465 :
3278 4410 3373 4466 sed

106 4507 275 4580 τιωθῇς
301 4511 376 4582 τῷ
392 4511 469 4577 λζ’
501 4531 632 4583 κεφ.
659 4513 755 4566 τοῦ
776 4512 942 4568 αὑτοῦ
967 4513 1071 4568 τίτ.
1104 4514 1196 4566 καὶ
1214 4512 1446 4582 βιϐλίου,
1472 4512 1659 4580 λέγον-

1784 4513 2078 4572 secundum
2107 4512 2212 4566 hoc
2242 4510 2375 4564 illud
2399 4508 2562 4563 etiam
2583 4516 2748 4577 caput
2780 4505 3069 4576 intelligas.
3092 4500 3372 4573 Siquidem

103 4612 164 4665 τι,
197 4602 264 4672 μὴ
278 4603 448 4669 ἄλλως
469 4606 562 4660 τὸν
584 4604 770 4660 δοῦλον
804 4603 1227 4676 ἐλευθερούσθαι
1248 4605 1353 4659 κᾶν
1374 4605 1473 4675 κλη
1485 4605 1656 4676 ρωθῇ,

1787 4610 1869 4681 qui
1899 4621 2142 4669 servum,
2163 4604 2286 4658 licet
2313 4611 2511 4673 praeter
2535 4600 2872 4655 voluntatem
2917 4597 3124 4652 domini
3159 4596 3375 4666 episco-

106 4689 144 4740 εἱ
193 4693 262 4766 μὴ
307 4697 778 4770 παρακολουθήσει
821 4698 918 4753 καὶ
967 4695 1063 4750 τοῦ
1118 4697 1386 4751 δεσπότου
1423 4698 1658 4769 εἴδησις,

1782 4716 1904 4772 pum
1931 4697 2075 4753 factu
2085 4706 2157 4762 nt,
2176 4705 2230 4750 et
2242 4695 2473 4749 liberum
2488 4706 2610 4748 esse
2633 4690 2857 4746 dicunt:
2880 4705 2988 4744 non
3005 4697 3148 4744 recte
3162 4688 3370 4744 dicunt.

105 4787 218 4840 ἀλλὰ
243 4791 380 4845 κατὰ
403 4792 566 4846 τοῦτο
588 4791 698 4845 νόει
733 4791 829 4847 καὶ
872 4793 1048 4846 ἐκεῖνο
1100 4790 1162 4844 τὸ
1195 4808 1323 4860 κεφ.
1350 4791 1400 4845 οἱ
1431 4791 1540 4862 γὰρ
1569 4791 1654 4844 λέο

1787 4792 1896 4848 lloc
1930 4803 2170 4860 namque
2201 4794 2368 4856 caput
2400 4801 2465 4840 ex
2502 4786 2805 4854 posteriore
2836 4783 3014 4852 capite
3048 4781 3375 4850 interpreta-

104 4885 388 4950 γοντες,ὄτι
417 4885 508 4940 διὰ
557 4884 621 4939 τὸ
671 4885 773 4956 τῆς
826 4886 1132 4956 ἐπισκοπῆς
1173 4885 1396 4954 ἀξίωμα
1442 4884 1662 4937 ἐλευθε-

1783 4890 1979 4944 tionetu
2021 4884 2240 4955 accipit.
2275 4882 2490 4936 Etenim
2547 4876 2906 4951 [quanquam]
2938 4876 3098 4932 ambo
3125 4874 3371 4946 ejusdem

106 4975 265 5042 ρούται
313 4980 342 5032 ό
389 4979 582 5043 δοῦλος
635 4977 738 5032 κᾶν
794 4979 947 5049 παρὰ
982 4975 1210 5048 γνώμην
1245 4975 1340 5030 τού
1391 4975 1659 5030 δεσπότου

1783 4979 1995 5034 tovellaa
2015 4977 2150 5038 sint,
2177 4974 2405 5027 omnino
2431 4969 2665 5044 [tamen]
2690 4987 2716 5025 a
2742 4970 3066 5041 posteriore,
3089 4982 3284 5033 nempe
3302 4964 3371 5019 57

103 5067 372 5134 ἐπίσκοπος
401 5073 656 5142 γένηται,
683 5071 746 5124 οὐ
794 5070 979 5134 καλῶς
1002 5070 1274 5138 λέγουσιν.
1320 5068 1657 5142 Ἑρμηνεύε-

1780 5073 1974 5142 :apite,
2022 5068 2218 5139 prius.
2257 5081 2454 5136 nempe
2510 5066 2569 5118 11
2624 5072 2808 5134 caput,
2865 5059 3368 5131 interpretationem

102 5173 174 5209 ται
199 5159 300 5232 γὰρ
313 5162 372 5214 τὸ
405 5162 650 5215 τοιοῦτον
677 5178 802 5230 κεφ.
829 5161 939 5214 ἀπὸ
968 5159 1063 5213 τοῦ
1084 5162 1169 5230 ἐφ’
1198 5159 1325 5230 ἑξῆς
1372 5177 1502 5229 κεφ.
1531 5161 1663 5231 μιᾶς

1782 5163 2014 5234 tccipict.
2071 5160 2307 5215 Novella:
2353 5173 2516 5228 porro
2548 5154 2896 5226 imperatoris
2924 5152 3132 5208 domini
3171 5149 3370 5228 Leonis

103 5249 193 5321 γάρ
221 5254 320 5306 εἱσι
347 5256 550 5327 νεαρᾶς
579 5255 676 5308 καὶ
708 5255 1020 5326 ἀμφότερα,
1053 5254 1151 5307 καὶ
1177 5254 1397 5314 πάντως
1425 5253 1536 5305 ἀπὸ
1563 5250 1660 5306 τοῦ

1778 5253 2042 5326 Sapientis
2072 5269 2209 5324 quas
2229 5251 2336 5325 [tu]
2364 5250 2655 5321 diligenter
2676 5249 2812 5319 lege,
2832 5262 3050 5304 servum
3079 5245 3366 5309 clericum,

107 5347 550 5418 μεταγενεστέρου
585 5347 707 5418 ἦτοι
735 5347 830 5401 τοῦ
867 5345 944 5412 λζ’
980 5364 1106 5416 κεςρ.
1134 5345 1194 5398 τὸ
1223 5347 1657 5416 προγενέστερον

1781 5347 2132 5410 monachum,
2169 5353 2265 5400 aut
2318 5344 2639 5414 episcopum
2682 5340 2931 5405 factum,
2967 5338 3014 5393 si
3081 5339 3369 5409 ignorante

105 5454 208 5506 κεφ.
242 5440 358 5511 ἦτοι
390 5441 455 5495 τὸ
497 5439 567 5496 ια’
598 5440 1092 5512 ἑρμηνευθήσεται.
1142 5439 1207 5493 Αἱ
1235 5438 1449 5508 Νεαραὶ
1481 5438 1536 5490 δὲ
1569 5437 1661 5490 τοῦ

1777 5441 2014 5506 domino,
2041 5439 2226 5510 aliquo
2255 5437 2448 5491 horum
2483 5435 2683 5506 dignus
2717 5433 2937 5488 habitus
2966 5438 3070 5496 est,
3096 5432 3149 5485 in
3177 5430 3365 5501 pristi-

105 5529 344 5599 βασιλέως
373 5534 569 5605 κυρίου
599 5533 828 5598 Λέοντος
850 5532 943 5586 τοῦ
963 5531 1162 5602 Σοφοῦ,
1199 5531 1264 5596 ἀς
1293 5533 1388 5585 καὶ
1415 5532 1665 5600 ἀνάγνωο

1774 5551 1890 5591 nam
1919 5533 2170 5590 servilem
2197 5532 2497 5587 restituunt
2528 5526 2928 5583 conditionem.
2972 5523 3175 5580 Verum
3211 5524 3362 5577 enim

105 5622 147 5674 0t
177 5628 285 5694 μετ’
301 5629 644 5695 ἐπιμελείας,
673 5629 769 5682 καὶ
793 5627 886 5681 τὸν
909 5626 1281 5698 κληρωθέντα,
1319 5626 1411 5680 καὶ
1437 5626 1529 5679 τὸν
1561 5644 1664 5696 μο-

1774 5643 1896 5681 υνιὊ
1943 5636 2228 5696 postquam
2288 5622 2562 5678 novellam
2607 5618 2672 5674 10
2723 5617 2971 5689 ejusdem
3016 5615 3362 5685 imperatoris

102 5717 447 5787 νάσαντα,καὶ
475 5721 569 5774 τὸν
591 5722 890 5775 ἐπίσκοπον
922 5722 1185 5791 γεγονότα
1207 5721 1394 5776 δοῦλον
1419 5721 1634 5776 ἀποκαθ

1775 5719 1974 5775 demitti
2003 5716 2202 5772 Leonis
2249 5713 2526 5785 Sapientis
2565 5710 2750 5766 inveni
2810 5709 2954 5782 (qua:
3006 5708 3138 5762 olim
3183 5706 3363 5761 domi-

101 5811 269 5866 ιπῶσι
315 5815 458 5884 πρὸς
511 5813 609 5888 τὴν
663 5815 934 5889 προτέραν
971 5814 1227 5888 δουλικὴν
1275 5813 1474 5886 τύχην,
1506 5813 1574 5867 ἂν
1609 5815 1670 5868 ἐν

1776 5830 1901 5869 num
1935 5812 2001 5867 ad
2039 5821 2150 5866 tres
2181 5823 2358 5879 usque
2387 5821 2562 5862 annos
2589 5803 2876 5877 fugitivum
2923 5815 3142 5859 servum
3173 5812 3364 5854 mona-

100 5903 272 5978 ἀγνοίᾳ
308 5905 404 5962 τού
432 5907 699 5965 δεσπότου
725 5909 967 5966 τοιούτου
986 5907 1131 5976 τινὸς
1160 5909 1188 5964 ὁ
1220 5905 1405 5973 δοῦλος
1436 5905 1661 5981 ἀξιωθῇ.

1772 5908 1940 5968 chum
1972 5903 2180 5963 factum
2227 5913 2485 5960 revocare
2511 5898 2756 5972 potuisse
2787 5915 2802 5968 ;
2854 5896 2960 5954 hoc
2994 5902 3176 5951 autent
3220 5900 3358 5949 tem-
