3904 6298
629 285 800 356 .1023
1804 302 2070 364 ΡΠΟΤΙΙ
2110 299 2620 370 PATRIARCH/E
2662 313 2769 377 CP.
3647 347 3652 352 ι
3721 352 3818 418 um

656 424 788 477 pore
826 417 1042 476 exacto,
1084 411 1373 467 exclusum
1407 411 1579 469 fuisse
1605 416 1737 471 dicit
1783 432 1796 468 :
1833 429 1999 488 atque
2039 427 2100 473 ut
2131 435 2198 472 sei

657 517 758 527 ..ι-Λ
800 502 894 527 cal:
925 502 1148 527 Μυηξιεη
1188 507 1487 527 ,μμ-.--1,---
1519 506 1563 527 ο-
1591 517 1693 527 λιακ
2132 520 2144 527 .

2285 417 2334 477 Δ
2365 425 2508 498 Πλὴν
2551 427 2824 498 εὑρίσκων
2879 434 2978 506 τὴν
3011 434 3041 490 ι’
3095 438 3298 509 νεαρὰν
3330 443 3414 496 τοῦ
3463 447 3600 506 αὑτοῦ
3628 457 3820 527 βασιλέως

657 517 760 557 vus
800 502 897 556 tali
920 502 1152 559 consilio
1185 507 1490 562 monachus
1519 506 1719 576 factus,
1764 527 2097 582 quocunque
2130 520 2199 566 tan

2373 515 2581 586 Κυρίου
2615 519 2847 587 Λέοντος
2885 502 2981 580 τοῦ
3009 502 3468 600 Σοφοῦνλέγουσαν

656 595 780 651 dem
815 598 1421 668 temporeinveniatur,
1453 601 1506 656 in
1554 603 1772 672 pristini
1821 605 2035 662 domini
2102 617 2198 677 pot

2374 607 2536 680 μέχρι
2567 611 2734 686 τριῶν
2782 613 2991 685 χρόνων
3021 595 3304 686 ἠδὺνατοό
3344 595 3821 712 δεσπότης

669 701 868 746 statem
939 692 1272 763 subigatur:
1323 709 1501 766 neque
1526 698 1671 767 quod
1708 713 1902 754 servus
1942 700 2140 766 lateat,
2194 716 2211 753 ι

2373 719 2541 757 σαντα
2564 705 2781 775 φυγάδα
2818 707 3005 764 δοῦλον
3027 711 3195 766 αὑτοῦ
3225 715 3600 792 ἀνακαλεῖσθαι,
3619 692 3762 790 τοῦτόν
3788 742 3823 794 δὲ

660 783 883 838 triennii
915 783 1150 839 decursu
1199 785 1458 842 dominus
1505 788 1758 855 laedatur,
1806 791 2019 861 statuit)
2049 807 2202 847 suum

661 876 930 898 ,ηε-μη,
1557 881 1569 898 .
1631 897 1668 898 ,,
1724 890 1736 898 .
2025 883 2090 896 ..

2369 793 2464 848 τοῦ
2495 797 2688 898 χρόνου
2723 801 3104 898 ’παρελθόντος
3141 806 3470 876 ἀπεκλείετο,
3500 783 3824 898 καὶιδιοριξομξῖ

656 876 937 948 diligentia
967 879 1140 948 legem
1173 877 1242 934 de
1271 879 1511 935 triennio
1539 881 1830 937 docentem
1864 883 2115 953 quaesivi,
2165 899 2198 939 si

2371 901 2468 957 νην
2502 887 2591 941 τὸν
2633 889 2830 964 γνώμῃ
2881 892 3107 966 τοιαύτῃ
3163 896 3465 965 μονάσαντα
3516 876 3824 981 etatem:ng

667 985 777 1025 non
816 970 1039 1026 iuveni:
1075 979 1228 1026 extra
1256 987 1422 1043 quam
1462 974 1515 1029 id
1565 976 1768 1042 solum,
1799 977 1948 1046 quod
1999 978 2209 1047 superit

2367 977 2550 1033 πάντα
2581 980 2704 1034 καθ’
2734 981 2793 1034 ὃν
2825 983 2890 1037 ἂν
2922 984 3248 1056 εὑρίσκηται
3281 991 3466 1060 καιρὸν
3493 995 3583 1050 ὑπὸ
3607 970 3681 1056 τὸν
3697 1011 3825 1078 πρότε.

655 1065 947 1131 insertum,
976 1067 1260 1123 dominum
1295 1069 1440 1124 intra
1461 1086 1664 1127 annum
1690 1088 1911 1128 servum
1935 1090 2096 1130 suum
2124 1075 2197 1130 cit

2369 1089 2462 1143 ρον
2493 1071 2764 1146 δεσπότην
2791 1077 3104 1147 τάττεσθαι,
3136 1082 3231 1136 καὶ
3257 1082 3344 1137 διὰ
3377 1085 3435 1138 τὸ
3460 1083 3584 1143 εἶναι
3611 1093 3683 1147 τὸν
3709 1065 3827 1157 δέελον

655 1157 992 1214 voluntatem
1018 1175 1172 1216 suam
1209 1162 1468 1218 clericum
1490 1162 1692 1219 factum
1717 1165 2048 1237 investigare
2102 1183 2197 1238 pos

2366 1163 2547 1237 ἀφανῆ
2600 1166 2676 1238 μὴ
2733 1168 3071 1239 βλάπτεσθαι
3103 1173 3196 1227 τὸν
3227 1173 3487 1247 δεσπότην
3522 1181 3579 1235 ἐκ
3605 1187 3686 1256 τῆς
3712 1207 3826 1261 παρα.

654 1249 807 1306 dicit.
855 1251 1124 1318 Quocirca
1156 1255 1321 1310 etiam
1354 1256 1510 1327 sequi
1546 1273 1737 1330 cogor,
1785 1275 1909 1330 quae
1939 1275 1971 1315 a
2006 1259 2196 1330 Sapien

2365 1255 2575 1329 δρομῆς
2622 1259 2724 1330 τῆς
2758 1263 3038 1334 τριετίας·
3078 1266 3390 1323 ὲσποὺδασα
3436 1272 3598 1343 εὑρεῖν
3635 1249 3706 1331 av
3752 1249 3829 1353 τξερι

656 1351 786 1399 sunt
822 1345 1142 1400 constituta.
1188 1346 1462 1403 Existimo
1510 1365 1666 1417 vero,
1699 1353 1845 1422 quod
1903 1353 1950 1409 si
1981 1353 2107 1424 quis
2163 1371 2196 1408 ιι

2363 1349 2464 1420 τῆς
2491 1353 2730 1422 τριετίας
2759 1353 3084 1413 διδάσκοντα
3120 1361 3307 1430 νόμον,
3342 1363 3434 1416 καὶ
3465 1365 3552 1435 οὑχ
3579 1363 3707 1440 εὗρον
3726 1345 3828 1432 αὐτόν

655 1435 851 1491 vellam
884 1437 1032 1492 illam
1069 1448 1368 1496 extenuare
1403 1442 1557 1506 velit,
1601 1443 1762 1518 [non]
1821 1461 2078 1518 magnam
2136 1463 2197 1502 on

2363 1441 2492 1496 ἄνευ
2583 1445 2746 1516 μόνου
2798 1447 2894 1501 τοῦ
2967 1452 3451 1522 καταστρωθέντος
3509 1457 3708 1523 ἄνωθεν,
3773 1473 3829 1521 καὶ

656 1525 790 1582 nino
839 1529 1266 1599 ambiguitatem
1320 1532 1650 1589 inventurus
1689 1537 1781 1593 sit.
1832 1535 2048 1592 Etenim
2096 1538 2164 1604 si,

2363 1535 2616 1606 λέγοντος
2641 1539 2793 1604 ἐντὸς
2820 1542 3072 1598 ἐνιαυτοῦ
3102 1543 3367 1600 δύνασθαι
3390 1547 3478 1601 τὸν
3507 1549 3727 1625 δεσπότην
3746 1559 3826 1612 ἁνι-

657 1618 774 1675 liaec
811 1621 961 1687 dicit,
1003 1624 1260 1679 dominus
1309 1625 1604 1696 fugitivum
1652 1645 1874 1685 servum
1922 1632 2198 1687 monachu

2363 1625 2547 1700 ζητεῖν
2577 1629 2668 1684 τὸν
2719 1633 3077 1704 κληρωθέντα
3131 1636 3321 1692 δοῦλον
3353 1639 3473 1710 δίχα
3498 1618 3831 1715 γνὼμῃςάξιτιῦ.

653 1707 882 1776 factum,
910 1711 1087 1769 donec
1139 1714 1236 1789 [is]
1271 1728 1610 1790 compareat,
1644 1720 1939 1792 investigat
1975 1741 1987 1778 :
2027 1725 2195 1780 omnii

2288 1768 2332 1829 Β
2362 1723 2454 1776 Διὸ
2483 1723 2577 1778 καὶ
2606 1725 2992 1799 ἀναγκάζομαι
3042 1730 3362 1786 ἀκολουθεῖν
3398 1736 3506 1798 τοῖς
3532 1737 3662 1807 παρὰ
3683 1741 3750 1793 τοῦ
3774 1745 3830 1796 Eo-

655 1819 721 1856 ex
755 1805 1033 1859 contraria
1060 1809 1409 1878 oppositione
1437 1827 1656 1866 servum
1693 1813 2024 1867 monachum
2053 1829 2162 1870 non

2293 1805 2332 1829 ν
2362 1814 2464 1883 φοῦ
2485 1816 2914 1889 νομοθετηθεῖσι.
2942 1820 3172 1890 Νομίζω
3192 1822 3249 1875 δὲ
3280 1822 3365 1877 ὅτι
3415 1827 3507 1878 καὶ
3527 1827 3589 1880 τὰ
3607 1805 3691 1898 τῆς
3715 1837 3835 1887 τοιαὺ-

655 1890 785 1962 l'uga
817 1895 1197 1962 exsistentem,
1223 1900 1318 1954 sed
1363 1902 1742 1966 manifestum,
1785 1903 1927 1960 intra
1953 1907 2192 1961 trienniu

2363 1923 2467 1976 της
2497 1909 2702 1979 νεαρᾶς
2723 1909 2885 1981 εἴπερ
2915 1910 3133 1985 θελήσει
3163 1931 3249 1977 τις
3277 1890 3837 1991 ἀπολειφθῆναι-μεγάλας

659 1989 1044 2042 tantummodo
1069 1989 1330 2047 dominus
1363 1995 1644 2049 revocabit
1681 2014 1693 2050 :
1726 2006 1893 2066 atque
1952 1997 1998 2052 si
2033 1999 2105 2054 ita
2143 2015 2201 2055 ιι(

2365 1997 2454 2052 ἵνα
2493 1999 2704 2074 εὑρήσῃ
2732 2001 3084 2073 ἀμφιϐολίας.
3120 2006 3204 2070 El,
3235 2006 3346 2078 γὰρ
3369 2006 3444 2071 ὡς
3467 2006 3593 2081 αὕτη
3623 1989 3763 2082 φησιν,
3787 1989 3839 2070 τὶῦ

654 2077 870 2146 fecerit,
906 2080 975 2135 ab
1039 2082 1145 2136 hoc
1198 2084 1518 2140 excludetur
1555 2105 1569 2141 :
1610 2087 1661 2141 id
1696 2089 1842 2158 quod
1897 2089 2041 2145 dicta
2089 2090 2196 2147 Jus:

2363 2090 2423 2143 ὲν
2467 2093 2614 2162 φυγῇ
2671 2092 2801 2146 ὄντα
2865 2091 3054 2146 δοῦλον
3105 2096 3202 2147 καὶ
3264 2077 3593 2166 μονάσαντα⁷
3629 2077 3840 2175 μέχρι-τῆς

657 2170 804 2228 niani
838 2174 1228 2232 novellaintra
1257 2192 1463 2234 annum
1500 2179 1616 2234 ﬁeri
1655 2179 1902 2255 [deberel
1945 2185 2159 2240 statuit.
2194 2190 2199 2238 :

2365 2185 2671 2255 ἐμφανείας
2713 2185 2884 2239 αὑτοῦ
2934 2189 2962 2240 ό
3013 2187 3282 2260 δεσπότης
3329 2189 3599 2260 ἀναζητεῖ,
3629 2170 3839 2262 mg“;

657 2263 776 2320 haec
819 2264 892 2320 ita
925 2266 1134 2324 dixeris
1165 2279 1332 2340 atque
1367 2272 1771 2343 interpreteris,
1805 2277 2199 2334 conciliabuntt

2362 2277 2770 2344 ἀντιδιαστολῆς
2807 2277 2900 2332 τὸν
2929 2277 3008 2350 μὴ
3052 2280 3109 2332 ὲν
3142 2283 3288 2352 φυγῇ
3324 2281 3553 2352 μοναχὸν
3581 2282 3686 2336 ὄντα
3707 2285 3839 2349 δοῦλον,

654 2354 1050 2426 imperatorum
1076 2360 1326 2425 novellae,
1359 2371 1730 2433 praeterquam
1757 2363 1809 2417 in
1836 2364 1956 2420 solo
1986 2376 2196 2436 tempor

2364 2369 2480 2423 ἀλλ’
2512 2371 2954 2442 ὲμφανιζόμενον
2977 2373 3129 2436 ἐντὸς
3161 2374 3336 2446 μόνης
3364 2375 3596 2444 τριετίας
3621 2377 3841 2450 όδεσπότης

651 2449 800 2519 quod
839 2451 1164 2508 consolandi
1215 2455 1423 2511 domini
1477 2471 1646 2512 causa
1696 2457 1750 2511 in
1789 2458 2085 2512 triennium
2123 2475 2193 2530 pri

2363 2460 2802 2527 ἀνακαλέσεται,
2857 2463 3019 2518 τοῦτο
3070 2465 3128 2518 δὲ
3191 2465 3267 2538 μὴ
3314 2468 3550 2538 ποιήσας
3583 2470 3842 2540 ἀποκλεισθῇ-

650 2543 919 2599 tenditur.
945 2545 1024 2600 Ex
1055 2545 1358 2602 Iustiniani
1426 2549 1643 2604 novella
1700 2549 1807 2605 123
1852 2548 2023 2623 [quae]
2060 2554 2192 2623 (ιιιό

2363 2569 2539 2608 σεται.
2568 2552 2740 2608 Τοῦτο
2778 2555 2915 2627 ὅπερ
2962 2556 3263 2628 διορίζεται
3304 2557 3554 2628 γίνεσθαι
3582 2561 3708 2625 ἐντὸς
3727 2565 3843 2615 ἐνιαυ-

651 2643 802 2690 ctum
853 2637 971 2707 est)
1014 2638 1192 2709 posita
1249 2638 1382 2713 [est]
1421 2641 1473 2696 in
1523 2642 1620 2697 lib.
1677 2657 1735 2697 ιιι
1795 2641 1961 2697 Basil.
1997 2643 2080 2698 tit.
2109 2645 2193 2709 l,:

2359 2644 2456 2699 τοῦ
2482 2647 2515 2719 ἡ
2542 2646 2770 2718 ῥηθεῖσα
2807 2647 3187 2714 ’1ουστιάνειος
3212 2649 3390 2722 νεαρὰ
3423 2650 3475 2717 ι’,
3504 2654 3550 2705 εί
3571 2654 3714 2708 ταῦτα
3739 2656 3846 2718 οὕτως

651 2727 866 2791 statuit,
921 2737 978 2783 ut
1005 2737 1130 2800 post
1169 2732 1570 2788 ordinationem
1629 2751 1661 2790 a
1696 2735 1881 2790 servili
1917 2736 2186 2806 ascriptiti

2363 2733 2524 2808 εἴπῃς
2582 2737 2678 2790 καὶ
2739 2738 3095 2811 ὲρμηνεὺσῃς
3149 2741 3671 2814 συμϐιϐασθήσονται
3708 2748 3748 2798 αἱ
3779 2749 3843 2800 τῶι

654 2833 777 2873 rum
811 2820 1050 2885 fortuna,
1077 2822 1321 2895 episcopi
1376 2825 1536 2881 liberi
1570 2826 1680 2882 sint
1714 2846 1726 2882 :
1774 2828 2012 2898 itemque
2050 2844 2114 2884 ex
2155 2846 2196 2882 ni

2364 2827 2632 2900 βασιλέων
2685 2831 2877 2902 νεαραι
2925 2830 3055 2887 ἄνευ
3090 2833 3253 2902 μόνου
3301 2833 3399 2888 τοῦ
3437 2836 3618 2906 χρόνου
3646 2838 3721 2890 ἐπὶ
3757 2856 3847 2908 τριε-

650 2911 791 2967 vella
817 2912 880 2968 8l
917 2912 1086 2988 [quae]
1113 2917 1292 2987 posita
1325 2917 1454 2992 [est]
1485 2918 1540 2974 in
1571 2921 1667 2976 lib.
1694 2920 1858 2976 Basil.
1890 2937 2043 2988 xxxi,
2081 2921 2166 2978 tit.

2363 2921 2486 2977 τίαν
2515 2923 2894 2994 διικνουμὲνου
2929 2927 3018 2980 διὰ
3048 2927 3384 2999 περίθαλψιν
3412 2929 3507 2983 τοῦ
3553 2930 3765 2984 δεσπότου
3785 2934 3848 2984 ἀπὶ

653 3017 778 3074 cap.
812 3005 867 3071 l,
909 3023 1141 3076 quteque
1171 3010 1329 3081 jubet
1368 3020 1426 3066 ut
1458 3013 1779 3084 quicunque
1832 3014 1901 3069 ab
1953 3014 2195 3084 imperat:

2363 3013 2464 3083 τῆς
2523 3013 2640 3085 ρκγ¹
2704 3015 3089 3071 Ἰουστιανείου
3129 3021 3331 3092 νεαρᾶς
3385 3023 3487 3093 τῆς
3531 3025 3774 3094 κειμένης,
3808 3026 3851 3086 ὡς

655 3096 826 3164 ribus,
878 3098 1236 3171 dignitatibus
1265 3103 1533 3160 ofﬁciisve
1581 3105 1942 3176 prazl'ectoriis
1996 3109 2197 3164 honora

2309 3135 2328 3200 Ξ
2360 3105 2576 3177 εἴρηται
2604 3108 2662 3160 ὲν
2684 3107 2875 3178 βιϐλίῳ
2893 3107 2941 3180 γ’
2963 3109 3071 3164 τῶν
3089 3111 3426 3177 Βασιλικῶν,
3452 3113 3554 3167 τίτ.
3574 3112 3637 3178 α’,
3659 3117 3733 3169 καὶ
3745 3116 3851 3182 διορι-

654 3187 882 3257 fuerint,
922 3194 1100 3262 patria
1133 3205 1407 3266 potestate
1437 3199 1605 3254 etiam
1655 3200 1797 3255 citra
1842 3201 2016 3270 patris
2049 3203 2194 3257 volui

2309 3187 2328 3200 ”
2363 3196 2600 3271 ζομένης
2641 3201 2782 3269 μετὰ
2811 3201 2910 3273 τὴν
2942 3205 3304 3276 χειροτονίαν,
3338 3207 3440 3261 καὶ
3470 3207 3702 3275 δουλικῆς
3725 3211 3851 3261 ima-

653 3290 821 3338 tatem
853 3284 1155 3344 liberentur
1189 3289 1342 3362 [hinc
1370 3290 1645 3364 inquam,]
1681 3292 1936 3348 dixerunt
1970 3295 2195 3349 nonnull

2362 3291 2578 3362 γράφου
2625 3292 2798 3365 τύχης
2861 3295 2990 3358 τοὺς
3043 3297 3385 3363 ἐπισκόπους
3436 3299 3726 3370 ἐλευθέρους
3751 3296 3849 3351 sint.

651 3375 1061 3435 ecclesiasticos
1109 3383 1275 3438 etiam
1329 3385 1707 3455 magistratus,
1763 3386 2095 3458 simulatque
2143 3386 2193 3460 [d

2376 3383 2651 3450 Ὡσαύτως
2676 3389 2771 3440 καὶ
2815 3387 2923 3441 ἀπὸ
2957 3389 3060 3459 τῆς
3095 3390 3188 3445 πα¹
3221 3395 3432 3466 νεαρᾶς
3461 3397 3559 3465 τῆς
3605 3395 3806 3464 κειμένης
3823 3397 3854 3444 ἐι

653 3471 881 3546 gnitate]
911 3474 1156 3546 insigniti
1191 3476 1416 3543 fuerint,
1455 3478 1698 3537 illustres
1729 3490 1784 3536 et
1806 3497 1929 3537 esse
1962 3491 2016 3538 et
2037 3497 2195 3538 vocar

2364 3475 2557 3550 βιϐλίῳ
2585 3478 2694 3533 τῶν
2725 3479 3036 3535 Βασιλικῶν
3073 3482 3177 3548 λα’,
3214 3484 3321 3539 τίτ.
3355 3492 3427 3549 ε’,
3455 3504 3581 3556 κεφ.
3614 3485 3677 3551 α’,
3703 3488 3771 3539 καὶ
3791 3503 3853 3538 πι-

654 3580 719 3621 ac
741 3566 828 3621 sui
869 3569 1014 3638 juris
1071 3569 1191 3625 ﬁeri
1230 3586 1243 3623 :
1283 3580 1502 3628 utentes
1554 3572 1719 3629 etiam
1756 3574 1971 3629 novello
2022 3591 2188 3630 oracu

2366 3569 2810 3645 ρακελευομένης
2841 3575 3052 3637 πάντας
3074 3575 3201 3652 τοὺς
3225 3577 3300 3648 μὴ
3329 3578 3590 3643 τεθέντας
3611 3578 3738 3651 παρὰ
3761 3578 3856 3648 βπε-

651 3658 987 3729 percelebris
1063 3661 1415 3732 imperatoris
1483 3673 1538 3719 et
1608 3667 1986 3735 apostolorum
2056 3667 2193 3722 simil

2362 3661 2503 3716 λέων
2539 3663 2848 3736 ἀξιώμασιν
2976 3667 3256 3738 όφφικίοις
3292 3671 3638 3741 ἀρχοντικοῖς
3664 3671 3854 3725 ἀπαλλάτ-

655 3750 836 3805 sancti
882 3749 1238 3808 Constantini
1294 3755 1362 3810 ad
1426 3766 1678 3812 sanctum
1728 3757 2096 3829 Sylvestrum,
2153 3776 2197 3830 qi

2361 3753 2552 3808 τεσθαι
2593 3755 2693 3826 τῆς
2745 3757 3230 3830 ὑπεξουσιότητος,
3267 3763 3370 3816 καὶ
3421 3763 3549 3836 δίχα
3599 3763 3780 3834 γνώμης
3802 3764 3862 3815 τώ

649 3848 785 3897 tunc
809 3847 1093 3902 Romanus
1126 3862 1263 3918 papa
1314 3857 1454 3915 erat,
1496 3850 1689 3916 misso,
1746 3851 1894 3920 quod
1926 3865 1956 3906 a
1985 3850 2144 3906 nobis

2364 3846 2593 3918 πατρὸς,
2627 3843 2784 3902 εῖπόν
2810 3867 2958 3916 τινες
2981 3853 3076 3905 καὶ
3097 3852 3226 3916 τοὺς
3246 3854 3720 3926 ἐκκλησιαστικοὺς
3734 3856 3857 3924 ἄρχοι-

649 3934 882 4000 scholio,
911 3952 1033 4008 cap.
1062 3939 1114 4006 l,
1153 3941 1234 3997 tit.
1261 3941 1293 3995 8
1321 3943 1608 4012 praesentis
1637 3943 1819 4013 operis
1848 3943 2114 3999 insertum
2138 3959 2191 4000 es

2369 3954 2470 4002 τας
2501 3937 2620 4008 ἅμα
2653 3939 2732 4010 τῷ
2771 3943 3180 4013 σφραγισθῆναι
3199 3984 3212 4007 ,
3238 3944 3644 4017 ἀξιωματικοὺς
3669 3941 3776 3999 εἶναι
3806 3947 3860 3997 ni

652 4027 800 4097 quod
833 4031 1046 4100 statuit,
1082 4041 1144 4088 ut
1183 4049 1324 4106 papa
1353 4033 1638 4092 Romanus
1681 4035 1998 4092 facultatem
2052 4037 2190 4092 habe

2361 4031 2732 4104 ὀνομάζεσθαι
2783 4040 2877 4091 καὶ
2911 4039 3298 4106 αὐτεξουσίους
3354 4043 3628 4111 γίνεσθαι.
3657 4043 3857 4115 Χρὼμειοι

650 4118 960 4176 honorandi
1005 4124 1368 4196 dignitatibus
1411 4127 1643 4184 clericos
1681 4129 1775 4199 qui
1801 4130 1905 4185 sub
1942 4130 2060 4200 ipSo
2095 4145 2192 4185 sun

2362 4125 2421 4179 δὲ
2454 4129 2548 4182 καλ⁹
2577 4128 2654 4200 τῷ
2695 4131 2850 4202 παρὰ
2890 4133 2984 4186 τοῦ
3015 4135 3271 4206 ἀοιδίμου
3303 4135 3579 4206 βασιλέως
3627 4138 3708 4192 καὶ
3739 4139 3862 4190 ium-

649 4209 912 4279 qualibus
948 4213 1250 4285 imperator
1271 4219 1375 4272 sub
1399 4233 1457 4274 se
1480 4219 1816 4276 constitutos
1852 4223 2086 4278 honorat
2121 4239 2134 4276 :
2169 4240 2191 4278 e

2364 4220 2554 4274 στόλου
2576 4221 2736 4290 ἁγίου
2757 4225 3172 4281 Κωνσταντίνου
3199 4229 3409 4284 ἀπολυθ
3419 4232 3534 4284 ἐντι
3551 4233 3725 4301 νεαρᾶς
3741 4228 3861 4282 θεσπί-

649 4309 712 4356 ιιι
743 4315 930 4359 sancta
962 4309 1208 4379 synodus
1249 4320 1399 4365 esset
1453 4311 1637 4380 qualis
1688 4310 2120 4384 imperatoribus
2158 4329 2191 4370 si

2363 4331 2530 4385 σματι
2551 4314 2686 4387 πρὸς
2717 4317 2808 4372 τόν
2836 4335 2896 4371 τε
2937 4320 3123 4374 πάπαν
3156 4322 3382 4394 Ῥώμης
3422 4324 3581 4394 ἆγιον
3609 4323 3861 4391 Σίλϐεστρωε

659 4402 828 4451 natus
856 4412 869 4448 :
904 4397 1206 4468 itidemque
1235 4401 1444 4470 legibus
1476 4402 1775 4460 similitera
1806 4405 1966 4461 nobis
1996 4406 2201 4462 inserti:

2359 4405 2436 4476 τῷ
2463 4407 2559 4460 καὶ
2583 4411 3026 4478 καταστρωθέντι
3043 4413 3175 4485 παρ’
3197 4415 3356 4486 ἡμῶν
3387 4416 3590 4482 ἔξωθεν
3614 4416 3696 4469 τοῦ
3711 4414 3762 4480 α’,
3781 4431 3858 4478 χες.

649 4499 775 4556 qua:
800 4495 1071 4556 statuunt,
1116 4499 1177 4545 ut
1203 4490 1449 4548 Ecclesia
1497 4493 2109 4568 Constantiuopolitana
2152 4515 2191 4552 vi

2320 4507 2331 4552 ι
2357 4497 2449 4551 τοῦ
2476 4497 2526 4568 η’
2565 4499 2672 4553 τίτ.
2707 4501 2801 4553 τοῦ
2842 4504 3113 4573 παρόντος
3154 4507 3566 4578 συντάγματος,
3593 4507 3680 4562 καὶ
3704 4506 3862 4574 διοριζο-

647 4579 784 4636 teris
823 4578 1012 4638 Romae
1064 4583 1347 4656 privilegia
1394 4586 1614 4643 habeat.
1655 4588 1762 4644 Alii
1806 4605 1936 4646 vero
1983 4591 2189 4665 [contra

2360 4590 2511 4661 μένῳ
2539 4590 2684 4662 ἔχειν
2715 4593 2803 4645 ἐπ’
2833 4595 3019 4658 ἁδείας
3049 4596 3142 4649 τὸν
3187 4598 3380 4654 πάπαν
3425 4599 3645 4672 Ῥώμης
3667 4598 3861 4667 άξιὼμιεε

648 4674 761 4729 ﬁne
795 4676 1025 4730 novellae
1058 4676 1117 4731 8|
1175 4678 1280 4742 usi,
1337 4695 1459 4751 qua:
1487 4682 1664 4751 posita
1713 4693 1800 4740 est
1844 4685 1898 4738 in
1955 4686 2041 4740 tit.
2094 4685 2188 4740 5ιί

2353 4684 2521 4755 τιμᾷν
2549 4685 2677 4748 τοὺς
2703 4685 2793 4738 ὑπ’
2829 4687 2997 4740 αὑτὸν
3026 4689 3349 4760 κληρικοὺς,
3387 4693 3598 4756 ὁποίοις
3626 4692 3746 4746 καὶὸ

652 4783 786 4825 xxxx
824 4779 988 4839 atque
1042 4771 1158 4828 haec
1189 4773 1256 4827 ad
1295 4774 1522 4830 verbum
1559 4777 1691 4833 dicit
1727 4795 1740 4832 :
1770 4777 1955 4832 Palam
1985 4795 2116 4833 vero
2144 4795 2194 4834 es

2355 4773 2482 4839 λεὺς
2513 4777 2648 4848 τιμᾷ
2671 4779 2797 4843 τοὺς
2828 4777 2920 4832 ὑπ’
2956 4781 3142 4848 αὑτὸν,
3176 4783 3272 4837 καὶ
3298 4782 3443 4838 εἶναι
3474 4785 3575 4856 τὴν
3625 4785 3750 4854 ἱερὰν
3782 4782 3862 4834 σᾶν-

649 4865 930 4922 neminem
975 4869 1241 4924 exsistere
1271 4873 1364 4942 qui
1417 4873 1652 4945 ignoret,
1687 4891 1798 4945 prae
1847 4876 2107 4931 omnibus
2142 4885 2191 4930 ul

2369 4868 2488 4922 οδον
2517 4869 2636 4924 οἵαν
2678 4873 2773 4925 καὶ
2803 4872 2901 4946 τὴν
2957 4874 3246 4949 βασιλικὴν
3293 4879 3626 4952 σύγκλητον.
3664 4877 3863 4937 Ὡσαύτως

651 4973 760 5029 que
791 4958 1226 5030 religiosissimis
1247 4965 1412 5019 etiam
1452 4966 1726 5036 episcopis
1751 4982 1857 5022 una
1883 4982 2010 5022 cum
2035 4968 2192 5023 ordin

2356 4961 2452 5014 καὶ
2501 4965 2616 5027 τοῖς
2659 4963 2846 5035 νόμοις
2896 4969 3012 5031 τοῖς
3075 4971 3523 5043 καταστρωθεῖσι
3581 4971 3699 5042 παρ’
3742 4966 3861 5038 ἡμῶν.

653 5051 808 5106 tione
851 5066 964 5107 sua:
1007 5055 1297 5124 potestatis
1339 5055 1432 5127 jus
1464 5060 1726 5114 accedere
1771 5059 1936 5130 (nam
1980 5060 2073 5130 qui
2127 5076 2195 5115 on

2354 5054 2555 5122 ὁμοίως
2581 5058 2676 5111 καὶ
2721 5059 3121 5132 διοριζομένοις
3151 5061 3297 5133 ἔχειν
3346 5064 3452 5135 τὴν
3496 5064 3783 5135 Ἐκκλησίαν
3805 5059 3862 5128 τῆς

653 5142 806 5198 nium
833 5145 1148 5217 spirituales
1175 5147 1366 5206 Pat‘res
1400 5160 1550 5220 sunt,
1575 5154 1855 5224 quomodo
1893 5154 2195 5220 aliorumjai

2355 5149 2988 5217 Κωνσταντινουπόλεως
3017 5152 3086 5207 τά
3112 5155 3385 5227 προνόμια
3410 5158 3515 5228 τῆς
3547 5157 3755 5218 παλαιᾶς
3785 5153 3865 5204 Ῥώ-

652 5235 764 5291 buc
786 5239 1040 5306 potestati
1072 5241 1274 5298 subditi
1310 5243 1501 5317 sint?),
1536 5259 1782 5301 asserere
1807 5247 1986 5302 conati
2007 5256 2194 5314 sunt,t

2359 5257 2488 5312 μης.
2525 5241 2745 5315 Ἕτεροι
2779 5243 2837 5297 δὲ
2865 5242 2944 5316 τῷ
2971 5243 3116 5299 τέλει
3149 5247 3247 5318 τῆς
3293 5247 3388 5302 πα¹
3438 5250 3638 5320 νεαρᾶς
3663 5244 3866 5321 χρησάμε-

653 5327 770 5382 sola
801 5330 1098 5402 episcopali
1160 5333 1429 5404 dignitate
1466 5337 1756 5407 episcopos
1785 5352 1817 5392 a
1865 5338 2040 5409 patria
2080 5349 2195 5408 pote

2353 5349 2435 5386 νοι
2469 5334 2569 5404 τῆς
2619 5335 2881 5407 κειμένης
2924 5337 2982 5390 ἐν
3015 5337 3095 5410 τῷ
3127 5336 3166 5392 ε’
3203 5338 3397 5412 βιϐλίῳ
3430 5340 3529 5394 τοῦ
3577 5338 3652 5393 λα’
3683 5338 3784 5397 τίτ..
3807 5335 3867 5385 xz"-

651 5428 794 5476 state
845 5422 1048 5480 liberos
1083 5440 1206 5481 esse
1241 5446 1254 5482 :
1287 5443 1396 5483 non
1425 5443 1553 5483 vero
1607 5429 1774 5484 etiam
1838 5430 2193 5487 ecclesiasticc

2355 5425 2626 5496 λεγούσης
2654 5428 2830 5484 ταῦτα
2871 5430 3076 5504 ῥητῶς,
3117 5431 3394 5505 Πρόδηλον
3447 5434 3508 5489 δὲ
3539 5433 3613 5497 ὡς
3644 5431 3730 5486 οὑκ
3769 5426 3868 5481 ἐττει

653 5509 1004 5581 magistratus
1043 5528 1111 5569 ex
1157 5515 1528 5585 patriarcbico
1576 5516 1757 5588 sigillo
1797 5517 1883 5572 sui
1923 5518 2067 5589 juris
2102 5521 2195 5574 tier

2354 5518 2412 5584 ὃς
2433 5520 2636 5589 ἀγνοεῖ,
2663 5521 2804 5594 πρός
2846 5541 2910 5594 γε
2944 5525 3204 5580 ἁπάντων
3231 5528 3345 5592 τοῖς
3380 5527 3692 5588 όσιωτάτοις
3716 5521 3868 5576 ἐπισκό-

653 5602 787 5660 Nam
818 5605 1088 5677 profecto,
1123 5611 1402 5679 inquiunt,
1432 5612 1536 5668 hoc
1551 5613 1719 5667 etiam
1750 5613 1975 5668 novella:
1998 5615 2195 5670 additu:

2355 5630 2481 5676 ποις
2536 5612 2656 5686 ἅμα
2708 5619 2776 5688 τῇ
2824 5619 3132 5690 χειροτονίᾳ
3188 5619 3283 5672 καὶ
3327 5619 3429 5688 τὴν
3484 5617 3867 5685 αὑτεξουσιὸτητι

655 5709 824 5756 esset.
861 5698 1063 5756 Verum
1121 5703 1257 5759 mibi
1293 5703 1511 5761 videtur
1563 5706 1666 5761 bos
1715 5721 1824 5760 non
1866 5717 2009 5763 recte
2040 5706 2197 5764 dicen

2354 5705 2767 5778 προσγίνεσθαι.
2814 5712 2875 5764 Οἱ
2929 5710 3040 5782 γὰρ
3082 5711 3300 5767 πάντων
3359 5712 3521 5775 ὄντες
3577 5707 3864 5779 πνευματικά

665 5793 784 5852 Non
818 5793 963 5852 cnim
1009 5795 1308 5877 novellum‘
1339 5799 1514 5859 sancti
1556 5799 1903 5861 Constantini
1936 5801 2207 5863 oraculum

2353 5801 2618 5874 Πατέρεῆ
2641 5799 2772 5874 πῶς.
2801 5801 2866 5879 ἂν
2902 5803 3008 5860 ὑπὸ
3027 5804 3124 5878 τὴν
3172 5806 3371 5880 ἑτέρων
3412 5805 3658 5872 ἐξουσίαν
3687 5799 3868 5859 nitier,
