  <div class='ocr_page' id='page_1' title='image "/cluster/home/n/w/nwhite01/storage/ocr_20150623/104/hvd.32044018872853/518.png"; bbox 0 0 4022 6398; ppageno 0'>
   <div class='ocr_carea' id='block_1_1' title="bbox 104 400 209 464">
    <p class='ocr_par' dir='ltr' id='par_1_1' title="bbox 104 400 209 464">
     <span class='ocr_line' id='line_1_1' title="bbox 104 400 209 464; baseline 0.019 -1"><span class='ocrx_word' id='word_1_1' title='bbox 104 400 209 464; x_wconf 66' lang='grc' dir='ltr'><strong>ίθὲὅ</strong></span> 
     </span>
    </p>
   </div>
   <div class='ocr_carea' id='block_1_2' title="bbox 687 397 2560 493">
    <p class='ocr_par' dir='ltr' id='par_1_2' title="bbox 687 397 2560 493">
     <span class='ocr_line' id='line_1_2' title="bbox 687 397 2560 493; baseline 0.009 -28"><span class='ocrx_word' id='word_1_2' title='bbox 687 397 693 413; x_wconf 86' lang='grc'><em>’</em></span> <span class='ocrx_word' id='word_1_3' title='bbox 761 400 1257 469; x_wconf 84' lang='lat' dir='ltr'><strong>NOMOCANON.</strong></span> <span class='ocrx_word' id='word_1_4' title='bbox 1296 419 1367 444; x_wconf 74' lang='lat'><strong>‘-</strong></span> <span class='ocrx_word' id='word_1_5' title='bbox 1406 406 1553 470; x_wconf 87' lang='lat' dir='ltr'><strong>TIT.</strong></span> <span class='ocrx_word' id='word_1_6' title='bbox 1597 409 1646 485; x_wconf 85' lang='grc' dir='ltr'>Ι,</span> <span class='ocrx_word' id='word_1_7' title='bbox 1691 411 1849 475; x_wconf 84' lang='lat' dir='ltr'><strong>CAP.</strong></span> <span class='ocrx_word' id='word_1_8' title='bbox 1889 414 2187 493; x_wconf 79' lang='lat' dir='ltr'><strong>XXXVII,</strong></span> <span class='ocrx_word' id='word_1_9' title='bbox 2229 414 2560 482; x_wconf 77' lang='lat' dir='ltr'><strong>XXXVIII.</strong></span> 
     </span>
    </p>
   </div>
   <div class='ocr_carea' id='block_1_3' title="bbox 3187 424 3325 495">
    <p class='ocr_par' dir='ltr' id='par_1_3' title="bbox 3187 424 3325 495">
     <span class='ocr_line' id='line_1_3' title="bbox 3187 424 3325 495; baseline 0.036 -5"><span class='ocrx_word' id='word_1_10' title='bbox 3187 424 3325 495; x_wconf 71' lang='lat'><strong>1028</strong></span> 
     </span>
    </p>
   </div>
   <div class='ocr_carea' id='block_1_4' title="bbox 97 515 1629 610">
    <p class='ocr_par' dir='ltr' id='par_1_4' title="bbox 97 515 1621 592">
     <span class='ocr_line' id='line_1_4' title="bbox 97 515 1621 592; baseline 0.005 -20"><span class='ocrx_word' id='word_1_11' title='bbox 97 516 407 589; x_wconf 66' lang='grc' dir='ltr'>ἐπεχείρησαν</span> <span class='ocrx_word' id='word_1_12' title='bbox 429 516 601 571; x_wconf 81' lang='grc' dir='ltr'>εἰπεῖν</span> <span class='ocrx_word' id='word_1_13' title='bbox 615 515 725 571; x_wconf 83' lang='grc' dir='ltr'>ἀπὸ</span> <span class='ocrx_word' id='word_1_14' title='bbox 749 519 914 591; x_wconf 84' lang='grc' dir='ltr'>μόνου</span> <span class='ocrx_word' id='word_1_15' title='bbox 938 521 1036 575; x_wconf 82' lang='grc' dir='ltr'>τοῦ</span> <span class='ocrx_word' id='word_1_16' title='bbox 1069 524 1431 578; x_wconf 83' lang='grc' dir='ltr'>ὲπισκοπικοῦ</span> <span class='ocrx_word' id='word_1_17' title='bbox 1454 523 1621 592; x_wconf 85' lang='grc' dir='ltr'>ἀξιώ-</span> 
     </span>
    </p>
   </div>
   <div class='ocr_carea' id='block_1_5' title="bbox 1741 515 3320 610">
    <p class='ocr_par' dir='ltr' id='par_1_5' title="bbox 1741 529 3320 610">
     <span class='ocr_line' id='line_1_5' title="bbox 1741 529 3320 610; baseline 0.011 -27"><span class='ocrx_word' id='word_1_18' title='bbox 1741 529 1873 598; x_wconf 59' lang='lat' dir='ltr'><strong>quod</strong></span> <span class='ocrx_word' id='word_1_19' title='bbox 1909 533 2132 600; x_wconf 85' lang='lat' dir='ltr'><strong>perinde</strong></span> <span class='ocrx_word' id='word_1_20' title='bbox 2169 541 2334 603; x_wconf 86' lang='lat' dir='ltr'><strong>atque</strong></span> <span class='ocrx_word' id='word_1_21' title='bbox 2363 534 2772 606; x_wconf 90' lang='lat' dir='ltr'><strong>imperatoriam</strong></span> <span class='ocrx_word' id='word_1_22' title='bbox 2810 538 3175 610; x_wconf 89' lang='lat' dir='ltr'><strong>majestatem,</strong></span> <span class='ocrx_word' id='word_1_23' title='bbox 3210 542 3320 599; x_wconf 82' lang='lat' dir='ltr'><strong>Ro-</strong></span> 
     </span>
    </p>
   </div>
   <div class='ocr_carea' id='block_1_6' title="bbox 100 608 1629 701">
    <p class='ocr_par' dir='ltr' id='par_1_6' title="bbox 100 608 1624 689">
     <span class='ocr_line' id='line_1_6' title="bbox 100 608 1624 689; baseline 0.007 -27"><span class='ocrx_word' id='word_1_24' title='bbox 100 626 231 680; x_wconf 83' lang='grc' dir='ltr'>ματος</span> <span class='ocrx_word' id='word_1_25' title='bbox 258 608 647 680; x_wconf 79' lang='grc' dir='ltr'><strong>ἐλευθεριάζειν</strong></span> <span class='ocrx_word' id='word_1_26' title='bbox 677 612 805 678; x_wconf 81' lang='grc' dir='ltr'>τοὺς</span> <span class='ocrx_word' id='word_1_27' title='bbox 838 615 1173 681; x_wconf 76' lang='grc' dir='ltr'><strong>ἐπισκόπους</strong></span> <span class='ocrx_word' id='word_1_28' title='bbox 1196 617 1296 689; x_wconf 83' lang='grc' dir='ltr'>τῆς</span> <span class='ocrx_word' id='word_1_29' title='bbox 1312 618 1624 684; x_wconf 72' lang='grc' dir='ltr'>ὑπεξουσιόσ</span> 
     </span>
    </p>
   </div>
   <div class='ocr_carea' id='block_1_7' title="bbox 1741 608 3323 701">
    <p class='ocr_par' dir='ltr' id='par_1_7' title="bbox 1741 608 3323 701">
     <span class='ocr_line' id='line_1_7' title="bbox 1741 608 3323 701; baseline 0.009 -28"><span class='ocrx_word' id='word_1_30' title='bbox 1741 636 1949 677; x_wconf 71' lang='lat' dir='ltr'><strong>uanam</strong></span> <span class='ocrx_word' id='word_1_31' title='bbox 1997 622 2300 680; x_wconf 84' lang='lat' dir='ltr'><strong>Ecelesiam</strong></span> <span class='ocrx_word' id='word_1_32' title='bbox 2352 626 2407 680; x_wconf 91' lang='lat' dir='ltr'><strong>in</strong></span> <span class='ocrx_word' id='word_1_33' title='bbox 2456 626 2816 698; x_wconf 74' lang='lat' dir='ltr'><strong>dignitatibus</strong></span> <span class='ocrx_word' id='word_1_34' title='bbox 2864 608 3157 701; x_wconf 85' lang='lat' dir='ltr'><strong>gloriosam</strong></span> <span class='ocrx_word' id='word_1_35' title='bbox 3198 647 3323 688; x_wconf 79' lang='lat' dir='ltr'><strong>esse</strong></span> 
     </span>
    </p>
   </div>
   <div class='ocr_carea' id='block_1_8' title="bbox 94 701 1625 783">
    <p class='ocr_par' dir='ltr' id='par_1_8' title="bbox 94 701 1625 783">
     <span class='ocr_line' id='line_1_8' title="bbox 94 701 1625 783; baseline 0.008 -29"><span class='ocrx_word' id='word_1_36' title='bbox 94 718 238 771; x_wconf 77' lang='grc' dir='ltr'>τητος.</span> <span class='ocrx_word' id='word_1_37' title='bbox 259 701 329 753; x_wconf 88' lang='grc' dir='ltr'>Ού</span> <span class='ocrx_word' id='word_1_38' title='bbox 362 703 467 772; x_wconf 85' lang='grc' dir='ltr'>μὴν</span> <span class='ocrx_word' id='word_1_39' title='bbox 494 702 549 755; x_wconf 86' lang='grc' dir='ltr'>δὲ</span> <span class='ocrx_word' id='word_1_40' title='bbox 574 704 668 757; x_wconf 80' lang='grc' dir='ltr'><strong>καὶ</strong></span> <span class='ocrx_word' id='word_1_41' title='bbox 687 704 815 769; x_wconf 84' lang='grc' dir='ltr'>τοὺς</span> <span class='ocrx_word' id='word_1_42' title='bbox 840 706 1331 778; x_wconf 80' lang='grc' dir='ltr'><strong>ἐκκλησιαστικοὺς</strong></span> <span class='ocrx_word' id='word_1_43' title='bbox 1354 712 1625 783; x_wconf 84' lang='grc' dir='ltr'>ἄρχοντας</span> 
     </span>
    </p>
   </div>
   <div class='ocr_carea' id='block_1_9' title="bbox 96 791 1616 875">
    <p class='ocr_par' dir='ltr' id='par_1_9' title="bbox 96 791 1616 875">
     <span class='ocr_line' id='line_1_9' title="bbox 96 791 1616 875; baseline 0.011 -33"><span class='ocrx_word' id='word_1_44' title='bbox 96 791 424 857; x_wconf 71' lang='grc' dir='ltr'>αὐτεξουσίους</span> <span class='ocrx_word' id='word_1_45' title='bbox 452 794 699 863; x_wconf 87' lang='grc' dir='ltr'>γίνεσθαι</span> <span class='ocrx_word' id='word_1_46' title='bbox 732 798 833 867; x_wconf 85' lang='grc' dir='ltr'>τῆς</span> <span class='ocrx_word' id='word_1_47' title='bbox 865 802 1277 874; x_wconf 86' lang='grc' dir='ltr'>πατριαρχικῆς</span> <span class='ocrx_word' id='word_1_48' title='bbox 1298 804 1616 875; x_wconf 79' lang='grc' dir='ltr'>σφραγίδος,</span> 
     </span>
    </p>
   </div>
   <div class='ocr_carea' id='block_1_10' title="bbox 96 880 1623 967">
    <p class='ocr_par' dir='ltr' id='par_1_10' title="bbox 96 880 1623 967">
     <span class='ocr_line' id='line_1_10' title="bbox 96 880 1623 967; baseline 0.011 -34"><span class='ocrx_word' id='word_1_49' title='bbox 96 884 117 953; x_wconf 76' lang='grc' dir='ltr'>ἢ</span> <span class='ocrx_word' id='word_1_50' title='bbox 141 884 227 953; x_wconf 83' lang='grc' dir='ltr'><strong>γὰρ</strong></span> <span class='ocrx_word' id='word_1_51' title='bbox 250 880 329 945; x_wconf 88' lang='grc' dir='ltr'>ἂν,</span> <span class='ocrx_word' id='word_1_52' title='bbox 360 885 512 951; x_wconf 82' lang='grc' dir='ltr'>φασὶ,</span> <span class='ocrx_word' id='word_1_53' title='bbox 552 886 821 940; x_wconf 80' lang='grc' dir='ltr'>καὶτοῦτο</span> <span class='ocrx_word' id='word_1_54' title='bbox 850 893 915 959; x_wconf 79' lang='grc' dir='ltr'>τῇ</span> <span class='ocrx_word' id='word_1_55' title='bbox 946 893 1117 962; x_wconf 85' lang='grc' dir='ltr'>νεαρᾷ</span> <span class='ocrx_word' id='word_1_56' title='bbox 1144 894 1474 967; x_wconf 82' lang='grc' dir='ltr'><strong>προσετέθη,</strong></span> <span class='ocrx_word' id='word_1_57' title='bbox 1498 896 1623 963; x_wconf 75' lang='grc' dir='ltr'>ἐμοὶ</span> 
     </span>
    </p>
   </div>
   <div class='ocr_carea' id='block_1_11' title="bbox 94 974 1619 1060">
    <p class='ocr_par' dir='ltr' id='par_1_11' title="bbox 94 974 1619 1060">
     <span class='ocr_line' id='line_1_11' title="bbox 94 974 1619 1060; baseline 0.009 -33"><span class='ocrx_word' id='word_1_58' title='bbox 94 975 135 1027; x_wconf 78' lang='grc' dir='ltr'><strong>δὲ</strong></span> <span class='ocrx_word' id='word_1_59' title='bbox 156 975 280 1027; x_wconf 84' lang='grc' dir='ltr'>δοκεῖ</span> <span class='ocrx_word' id='word_1_60' title='bbox 305 974 372 1045; x_wconf 82' lang='grc' dir='ltr'>μὴ</span> <span class='ocrx_word' id='word_1_61' title='bbox 402 977 580 1041; x_wconf 85' lang='grc' dir='ltr'>καλῶς</span> <span class='ocrx_word' id='word_1_62' title='bbox 606 978 786 1048; x_wconf 84' lang='grc' dir='ltr'>λέγειν</span> <span class='ocrx_word' id='word_1_63' title='bbox 819 980 1065 1048; x_wconf 81' lang='grc' dir='ltr'><strong>τούτους,</strong></span> <span class='ocrx_word' id='word_1_64' title='bbox 1097 984 1347 1055; x_wconf 80' lang='grc' dir='ltr'>οὐδὲγὰρ</span> <span class='ocrx_word' id='word_1_65' title='bbox 1373 987 1619 1060; x_wconf 81' lang='grc' dir='ltr'><strong>ἀνῃρέθη</strong></span> 
     </span>
    </p>
   </div>
   <div class='ocr_carea' id='block_1_12' title="bbox 94 1067 1626 1141">
    <p class='ocr_par' dir='ltr' id='par_1_12' title="bbox 94 1067 1626 1141">
     <span class='ocr_line' id='line_1_12' title="bbox 94 1067 1626 1141; baseline 0.01 -23"><span class='ocrx_word' id='word_1_66' title='bbox 94 1068 139 1120; x_wconf 83' lang='grc' dir='ltr'>τὸ</span> <span class='ocrx_word' id='word_1_67' title='bbox 163 1069 333 1138; x_wconf 81' lang='grc' dir='ltr'>νεαρὸν</span> <span class='ocrx_word' id='word_1_68' title='bbox 370 1067 646 1140; x_wconf 80' lang='grc' dir='ltr'>θέσπισμα</span> <span class='ocrx_word' id='word_1_69' title='bbox 698 1070 794 1124; x_wconf 81' lang='grc' dir='ltr'>τοῦ</span> <span class='ocrx_word' id='word_1_70' title='bbox 836 1072 994 1141; x_wconf 82' lang='grc' dir='ltr'>ἁγίου</span> <span class='ocrx_word' id='word_1_71' title='bbox 1043 1077 1455 1131; x_wconf 88' lang='grc' dir='ltr'>Κωνσταντίνου</span> <span class='ocrx_word' id='word_1_72' title='bbox 1518 1080 1626 1133; x_wconf 85' lang='grc' dir='ltr'>ὑπὸ</span> 
     </span>
    </p>
   </div>
   <div class='ocr_carea' id='block_1_13' title="bbox 92 1160 1629 1242">
    <p class='ocr_par' dir='ltr' id='par_1_13' title="bbox 92 1160 1629 1242">
     <span class='ocr_line' id='line_1_13' title="bbox 92 1160 1629 1242; baseline 0.008 -30"><span class='ocrx_word' id='word_1_73' title='bbox 92 1161 167 1230; x_wconf 80' lang='grc' dir='ltr'>τῆς</span> <span class='ocrx_word' id='word_1_74' title='bbox 203 1160 612 1215; x_wconf 88' lang='grc' dir='ltr'>Ἱουστινιανείου</span> <span class='ocrx_word' id='word_1_75' title='bbox 649 1166 850 1235; x_wconf 86' lang='grc' dir='ltr'>νεαρᾶς</span> <span class='ocrx_word' id='word_1_76' title='bbox 892 1165 985 1219; x_wconf 81' lang='grc' dir='ltr'><strong>τὸν</strong></span> <span class='ocrx_word' id='word_1_77' title='bbox 1016 1165 1387 1239; x_wconf 76' lang='grc' dir='ltr'>διοριζόμενον</span> <span class='ocrx_word' id='word_1_78' title='bbox 1430 1171 1629 1242; x_wconf 80' lang='grc' dir='ltr'>ἐπίσης</span> 
     </span>
    </p>
   </div>
   <div class='ocr_carea' id='block_1_14' title="bbox 96 1250 1628 1333">
    <p class='ocr_par' dir='ltr' id='par_1_14' title="bbox 96 1250 1628 1333">
     <span class='ocr_line' id='line_1_14' title="bbox 96 1250 1628 1333; baseline 0.009 -31"><span class='ocrx_word' id='word_1_79' title='bbox 96 1254 144 1322; x_wconf 83' lang='grc' dir='ltr'>τῇ</span> <span class='ocrx_word' id='word_1_80' title='bbox 171 1250 391 1324; x_wconf 74' lang='grc' dir='ltr'>βασιλείᾳ</span> <span class='ocrx_word' id='word_1_81' title='bbox 437 1252 536 1305; x_wconf 64' lang='grc' dir='ltr'><strong>κα)⁵</strong></span> <span class='ocrx_word' id='word_1_82' title='bbox 592 1253 692 1324; x_wconf 82' lang='grc' dir='ltr'>τὴν</span> <span class='ocrx_word' id='word_1_83' title='bbox 744 1254 1074 1327; x_wconf 79' lang='grc' dir='ltr'>Ἐκκλησίαν</span> <span class='ocrx_word' id='word_1_84' title='bbox 1132 1259 1233 1329; x_wconf 84' lang='grc' dir='ltr'><strong>τῆς</strong></span> <span class='ocrx_word' id='word_1_85' title='bbox 1302 1260 1520 1333; x_wconf 84' lang='grc' dir='ltr'>Ῥώμης</span> <span class='ocrx_word' id='word_1_86' title='bbox 1571 1265 1628 1316; x_wconf 81' lang='grc' dir='ltr'><strong>ἐν</strong></span> 
     </span>
    </p>
   </div>
   <div class='ocr_carea' id='block_1_15' title="bbox 98 1342 1631 1419">
    <p class='ocr_par' dir='ltr' id='par_1_15' title="bbox 98 1342 1631 1419">
     <span class='ocr_line' id='line_1_15' title="bbox 98 1342 1631 1419; baseline 0.008 -23"><span class='ocrx_word' id='word_1_87' title='bbox 98 1342 324 1413; x_wconf 80' lang='grc' dir='ltr'>ἀξιώμασι</span> <span class='ocrx_word' id='word_1_88' title='bbox 351 1343 735 1414; x_wconf 82' lang='grc' dir='ltr'>σεμνύνεσθαι,</span> <span class='ocrx_word' id='word_1_89' title='bbox 765 1346 901 1401; x_wconf 83' lang='grc' dir='ltr'><strong>ἀλλά</strong></span> <span class='ocrx_word' id='word_1_90' title='bbox 927 1346 1023 1401; x_wconf 80' lang='grc' dir='ltr'>τοῦ</span> <span class='ocrx_word' id='word_1_91' title='bbox 1067 1351 1431 1406; x_wconf 82' lang='grc' dir='ltr'>ὲπισκοπικοῦ</span> <span class='ocrx_word' id='word_1_92' title='bbox 1468 1352 1631 1419; x_wconf 82' lang='grc' dir='ltr'>ἀξιώ-</span> 
     </span>
    </p>
   </div>
   <div class='ocr_carea' id='block_1_16' title="bbox 100 1434 1624 1517">
    <p class='ocr_par' dir='ltr' id='par_1_16' title="bbox 100 1434 1624 1517">
     <span class='ocr_line' id='line_1_16' title="bbox 100 1434 1624 1517; baseline 0.01 -33"><span class='ocrx_word' id='word_1_93' title='bbox 100 1450 231 1502; x_wconf 79' lang='grc' dir='ltr'>ματος</span> <span class='ocrx_word' id='word_1_94' title='bbox 251 1434 518 1504; x_wconf 80' lang='grc' dir='ltr'>διδομένου</span> <span class='ocrx_word' id='word_1_95' title='bbox 577 1438 653 1507; x_wconf 82' lang='grc' dir='ltr'>μὴ</span> <span class='ocrx_word' id='word_1_96' title='bbox 702 1437 864 1509; x_wconf 90' lang='grc' dir='ltr'>μόνον</span> <span class='ocrx_word' id='word_1_97' title='bbox 894 1440 1047 1511; x_wconf 78' lang='grc' dir='ltr'>παρὰ</span> <span class='ocrx_word' id='word_1_98' title='bbox 1078 1441 1189 1495; x_wconf 86' lang='grc' dir='ltr'><strong>τῶν</strong></span> <span class='ocrx_word' id='word_1_99' title='bbox 1240 1447 1624 1517; x_wconf 85' lang='grc' dir='ltr'>πατριαρχῶν,</span> 
     </span>
    </p>
   </div>
   <div class='ocr_carea' id='block_1_17' title="bbox 98 1526 1627 1602">
    <p class='ocr_par' dir='ltr' id='par_1_17' title="bbox 98 1526 1627 1602">
     <span class='ocr_line' id='line_1_17' title="bbox 98 1526 1627 1602; baseline 0.01 -25"><span class='ocrx_word' id='word_1_100' title='bbox 98 1526 314 1580; x_wconf 72' lang='grc' dir='ltr'>ἀλλὰκαὶ</span> <span class='ocrx_word' id='word_1_101' title='bbox 372 1530 527 1599; x_wconf 82' lang='grc' dir='ltr'><strong>παρά</strong></span> <span class='ocrx_word' id='word_1_102' title='bbox 611 1532 1048 1602; x_wconf 87' lang='grc' dir='ltr'>μητροπολιτῶν,</span> <span class='ocrx_word' id='word_1_103' title='bbox 1102 1536 1402 1591; x_wconf 83' lang='grc' dir='ltr'>κάντεῦθέν</span> <span class='ocrx_word' id='word_1_104' title='bbox 1460 1556 1627 1593; x_wconf 91' lang='grc' dir='ltr'>τινων</span> 
     </span>
    </p>
   </div>
   <div class='ocr_carea' id='block_1_18' title="bbox 96 1619 1632 1695">
    <p class='ocr_par' dir='ltr' id='par_1_18' title="bbox 96 1619 1632 1695">
     <span class='ocr_line' id='line_1_18' title="bbox 96 1619 1632 1695; baseline 0.01 -25"><span class='ocrx_word' id='word_1_105' title='bbox 96 1619 492 1688; x_wconf 77' lang='grc' dir='ltr'>ἁμφιϐαλλόντων</span> <span class='ocrx_word' id='word_1_106' title='bbox 527 1621 606 1695; x_wconf 78' lang='grc' dir='ltr'>μὴ</span> <span class='ocrx_word' id='word_1_107' title='bbox 650 1623 901 1693; x_wconf 83' lang='grc' dir='ltr'>γίνεσθαι</span> <span class='ocrx_word' id='word_1_108' title='bbox 944 1627 1329 1694; x_wconf 78' lang='grc' dir='ltr'>αύτεξουσίους</span> <span class='ocrx_word' id='word_1_109' title='bbox 1357 1632 1484 1695; x_wconf 81' lang='grc' dir='ltr'>τοὺς</span> <span class='ocrx_word' id='word_1_110' title='bbox 1510 1633 1632 1686; x_wconf 78' lang='grc' dir='ltr'>ἐπι-</span> 
     </span>
    </p>
   </div>
   <div class='ocr_carea' id='block_1_19' title="bbox 99 1711 1630 1794">
    <p class='ocr_par' dir='ltr' id='par_1_19' title="bbox 99 1711 1630 1794">
     <span class='ocr_line' id='line_1_19' title="bbox 99 1711 1630 1794; baseline 0.01 -31"><span class='ocrx_word' id='word_1_111' title='bbox 99 1711 287 1775; x_wconf 82' lang='grc' dir='ltr'>σκόπους</span> <span class='ocrx_word' id='word_1_112' title='bbox 330 1714 560 1783; x_wconf 83' lang='grc' dir='ltr'>πάντας,</span> <span class='ocrx_word' id='word_1_113' title='bbox 613 1717 647 1787; x_wconf 84' lang='grc' dir='ltr'>ἡ</span> <span class='ocrx_word' id='word_1_114' title='bbox 709 1716 1145 1785; x_wconf 87' lang='grc' dir='ltr'>Ἰουστινιόινειος</span> <span class='ocrx_word' id='word_1_115' title='bbox 1200 1723 1371 1794; x_wconf 84' lang='grc' dir='ltr'>νεαρὰ</span> <span class='ocrx_word' id='word_1_116' title='bbox 1419 1725 1630 1790; x_wconf 82' lang='grc' dir='ltr'>πάντας</span> 
     </span>
    </p>
   </div>
   <div class='ocr_carea' id='block_1_20' title="bbox 94 1805 1625 1889">
    <p class='ocr_par' dir='ltr' id='par_1_20' title="bbox 94 1805 1625 1889">
     <span class='ocr_line' id='line_1_20' title="bbox 94 1805 1625 1889; baseline 0.012 -34"><span class='ocrx_word' id='word_1_117' title='bbox 94 1805 193 1867; x_wconf 79' lang='grc' dir='ltr'>τοὺς</span> <span class='ocrx_word' id='word_1_118' title='bbox 235 1808 555 1872; x_wconf 82' lang='grc' dir='ltr'>ἐπισκόπους</span> <span class='ocrx_word' id='word_1_119' title='bbox 598 1808 984 1877; x_wconf 83' lang='grc' dir='ltr'>αὐτεξουσίους</span> <span class='ocrx_word' id='word_1_120' title='bbox 1020 1813 1270 1883; x_wconf 89' lang='grc' dir='ltr'>γίνεσθαι</span> <span class='ocrx_word' id='word_1_121' title='bbox 1311 1816 1625 1889; x_wconf 88' lang='grc' dir='ltr'>διωρίσατο,</span> 
     </span>
    </p>
   </div>
   <div class='ocr_carea' id='block_1_21' title="bbox 1728 716 3319 793">
    <p class='ocr_par' dir='ltr' id='par_1_21' title="bbox 1728 716 3319 793">
     <span class='ocr_line' id='line_1_21' title="bbox 1728 716 3319 793; baseline 0.008 -24"><span class='ocrx_word' id='word_1_122' title='bbox 1728 716 1939 779; x_wconf 78' lang='lat' dir='ltr'><strong>statuit,</strong></span> <span class='ocrx_word' id='word_1_123' title='bbox 1974 732 2003 770; x_wconf 89' lang='lat' dir='ltr'><strong>a</strong></span> <span class='ocrx_word' id='word_1_124' title='bbox 2049 716 2345 773; x_wconf 85' lang='lat' dir='ltr'><strong>Justiniani</strong></span> <span class='ocrx_word' id='word_1_125' title='bbox 2392 720 2604 775; x_wconf 89' lang='lat' dir='ltr'><strong>novella</strong></span> <span class='ocrx_word' id='word_1_126' title='bbox 2654 721 2977 793; x_wconf 83' lang='lat' dir='ltr'><strong>abrogatum</strong></span> <span class='ocrx_word' id='word_1_127' title='bbox 3025 732 3129 779; x_wconf 87' lang='lat' dir='ltr'><strong>est.</strong></span> <span class='ocrx_word' id='word_1_128' title='bbox 3180 725 3319 780; x_wconf 90' lang='lat' dir='ltr'><strong>Cum</strong></span> 
     </span>
    </p>
   </div>
   <div class='ocr_carea' id='block_1_22' title="bbox 1727 808 3313 886">
    <p class='ocr_par' dir='ltr' id='par_1_22' title="bbox 1727 808 3313 886">
     <span class='ocr_line' id='line_1_22' title="bbox 1727 808 3313 886; baseline 0.006 -24"><span class='ocrx_word' id='word_1_129' title='bbox 1727 824 1857 864; x_wconf 85' lang='lat' dir='ltr'><strong>vero</strong></span> <span class='ocrx_word' id='word_1_130' title='bbox 1890 808 2219 881; x_wconf 79' lang='lat' dir='ltr'><strong>episcopalis</strong></span> <span class='ocrx_word' id='word_1_131' title='bbox 2271 813 2508 882; x_wconf 80' lang='lat' dir='ltr'><strong>dignitas</strong></span> <span class='ocrx_word' id='word_1_132' title='bbox 2543 829 2653 868; x_wconf 91' lang='lat' dir='ltr'><strong>non</strong></span> <span class='ocrx_word' id='word_1_133' title='bbox 2688 816 2851 870; x_wconf 92' lang='lat' dir='ltr'><strong>modo</strong></span> <span class='ocrx_word' id='word_1_134' title='bbox 2880 830 2912 870; x_wconf 89' lang='lat' dir='ltr'><strong>a</strong></span> <span class='ocrx_word' id='word_1_135' title='bbox 2958 816 3313 886; x_wconf 84' lang='lat' dir='ltr'><strong>patriarchis,</strong></span> 
     </span>
    </p>
   </div>
   <div class='ocr_carea' id='block_1_23' title="bbox 1731 904 3316 982">
    <p class='ocr_par' dir='ltr' id='par_1_23' title="bbox 1731 904 3316 982">
     <span class='ocr_line' id='line_1_23' title="bbox 1731 904 3316 982; baseline 0.007 -27"><span class='ocrx_word' id='word_1_136' title='bbox 1731 918 1922 958; x_wconf 81' lang='lat' dir='ltr'><strong>verum</strong></span> <span class='ocrx_word' id='word_1_137' title='bbox 1957 904 2122 960; x_wconf 86' lang='lat' dir='ltr'><strong>etiam</strong></span> <span class='ocrx_word' id='word_1_138' title='bbox 2172 919 2203 958; x_wconf 91' lang='lat' dir='ltr'><strong>a</strong></span> <span class='ocrx_word' id='word_1_139' title='bbox 2251 907 2693 977; x_wconf 88' lang='lat' dir='ltr'><strong>metropolitanis</strong></span> <span class='ocrx_word' id='word_1_140' title='bbox 2729 910 3048 965; x_wconf 75' lang='lat' dir='ltr'><strong>conferatur</strong></span> <span class='ocrx_word' id='word_1_141' title='bbox 3096 928 3111 965; x_wconf 89' lang='lat'><strong>:</strong></span> <span class='ocrx_word' id='word_1_142' title='bbox 3146 920 3316 982; x_wconf 85' lang='lat' dir='ltr'><strong>atque</strong></span> 
     </span>
    </p>
   </div>
   <div class='ocr_carea' id='block_1_24' title="bbox 1732 994 3325 1075">
    <p class='ocr_par' dir='ltr' id='par_1_24' title="bbox 1732 994 3325 1075">
     <span class='ocr_line' id='line_1_24' title="bbox 1732 994 3325 1075; baseline 0.008 -28"><span class='ocrx_word' id='word_1_143' title='bbox 1732 994 1858 1048; x_wconf 91' lang='lat' dir='ltr'><strong>hinc</strong></span> <span class='ocrx_word' id='word_1_144' title='bbox 1892 994 2056 1068; x_wconf 90' lang='lat' dir='ltr'><strong>[tum]</strong></span> <span class='ocrx_word' id='word_1_145' title='bbox 2097 998 2346 1051; x_wconf 91' lang='lat' dir='ltr'><strong>nonnulli</strong></span> <span class='ocrx_word' id='word_1_146' title='bbox 2373 999 2746 1069; x_wconf 87' lang='lat' dir='ltr'><strong>ambigerent,</strong></span> <span class='ocrx_word' id='word_1_147' title='bbox 2796 1019 2925 1056; x_wconf 89' lang='lat' dir='ltr'><strong>num</strong></span> <span class='ocrx_word' id='word_1_148' title='bbox 2967 1018 3161 1059; x_wconf 90' lang='lat' dir='ltr'><strong>omnes</strong></span> <span class='ocrx_word' id='word_1_149' title='bbox 3207 1005 3325 1075; x_wconf 89' lang='lat' dir='ltr'><strong>epi-</strong></span> 
     </span>
    </p>
   </div>
   <div class='ocr_carea' id='block_1_25' title="bbox 1732 1089 3323 1159">
    <p class='ocr_par' dir='ltr' id='par_1_25' title="bbox 1732 1089 3323 1159">
     <span class='ocr_line' id='line_1_25' title="bbox 1732 1089 3323 1159; baseline 0.006 -16"><span class='ocrx_word' id='word_1_150' title='bbox 1732 1089 1881 1156; x_wconf 85' lang='lat' dir='ltr'><strong>scopi</strong></span> <span class='ocrx_word' id='word_1_151' title='bbox 1918 1089 2002 1143; x_wconf 91' lang='lat' dir='ltr'><strong>sui</strong></span> <span class='ocrx_word' id='word_1_152' title='bbox 2053 1090 2198 1159; x_wconf 84' lang='lat' dir='ltr'><strong>juris</strong></span> <span class='ocrx_word' id='word_1_153' title='bbox 2244 1090 2439 1145; x_wconf 89' lang='lat' dir='ltr'><strong>tierent</strong></span> <span class='ocrx_word' id='word_1_154' title='bbox 2487 1090 2829 1148; x_wconf 85' lang='lat' dir='ltr'><strong>:Justiniani</strong></span> <span class='ocrx_word' id='word_1_155' title='bbox 2874 1095 3090 1150; x_wconf 87' lang='lat' dir='ltr'><strong>novella</strong></span> <span class='ocrx_word' id='word_1_156' title='bbox 3129 1112 3323 1153; x_wconf 89' lang='lat' dir='ltr'><strong>omnes</strong></span> 
     </span>
    </p>
   </div>
   <div class='ocr_carea' id='block_1_26' title="bbox 1731 1179 3324 1252">
    <p class='ocr_par' dir='ltr' id='par_1_26' title="bbox 1731 1179 3324 1252">
     <span class='ocr_line' id='line_1_26' title="bbox 1731 1179 3324 1252; baseline 0.004 -19"><span class='ocrx_word' id='word_1_157' title='bbox 1731 1179 2043 1248; x_wconf 86' lang='lat' dir='ltr'><strong>episc0pos,</strong></span> <span class='ocrx_word' id='word_1_158' title='bbox 2088 1180 2306 1235; x_wconf 89' lang='lat' dir='ltr'><strong>etiamsi</strong></span> <span class='ocrx_word' id='word_1_159' title='bbox 2363 1196 2394 1235; x_wconf 92' lang='lat' dir='ltr'><strong>a</strong></span> <span class='ocrx_word' id='word_1_160' title='bbox 2438 1182 2770 1250; x_wconf 87' lang='lat' dir='ltr'><strong>patriarchis</strong></span> <span class='ocrx_word' id='word_1_161' title='bbox 2810 1200 2919 1240; x_wconf 89' lang='lat' dir='ltr'><strong>non</strong></span> <span class='ocrx_word' id='word_1_162' title='bbox 2974 1186 3324 1252; x_wconf 87' lang='lat' dir='ltr'><strong>ordinentur,</strong></span> 
     </span>
    </p>
   </div>
   <div class='ocr_carea' id='block_1_27' title="bbox 1733 1271 3325 1340">
    <p class='ocr_par' dir='ltr' id='par_1_27' title="bbox 1733 1271 3325 1340">
     <span class='ocr_line' id='line_1_27' title="bbox 1733 1271 3325 1340; baseline 0.004 -15"><span class='ocrx_word' id='word_1_163' title='bbox 1733 1271 1819 1325; x_wconf 92' lang='lat' dir='ltr'><strong>sui</strong></span> <span class='ocrx_word' id='word_1_164' title='bbox 1851 1271 1995 1340; x_wconf 88' lang='lat' dir='ltr'><strong>juris</strong></span> <span class='ocrx_word' id='word_1_165' title='bbox 2036 1273 2154 1326; x_wconf 86' lang='lat' dir='ltr'><strong>tieri</strong></span> <span class='ocrx_word' id='word_1_166' title='bbox 2178 1274 2389 1328; x_wconf 79' lang='lat' dir='ltr'><strong>statuit.</strong></span> <span class='ocrx_word' id='word_1_167' title='bbox 2425 1273 2578 1329; x_wconf 84' lang='lat' dir='ltr'><strong>Unde</strong></span> <span class='ocrx_word' id='word_1_168' title='bbox 2613 1276 2986 1331; x_wconf 83' lang='lat' dir='ltr'><strong>indubitanter</strong></span> <span class='ocrx_word' id='word_1_169' title='bbox 3043 1278 3170 1333; x_wconf 86' lang='lat' dir='ltr'><strong>dico</strong></span> <span class='ocrx_word' id='word_1_170' title='bbox 3202 1278 3325 1333; x_wconf 91' lang='lat' dir='ltr'><strong>illu-</strong></span> 
     </span>
    </p>
   </div>
   <div class='ocr_carea' id='block_1_28' title="bbox 1732 1366 3326 1439">
    <p class='ocr_par' dir='ltr' id='par_1_28' title="bbox 1732 1366 3326 1439">
     <span class='ocr_line' id='line_1_28' title="bbox 1732 1366 3326 1439; baseline 0.006 -22"><span class='ocrx_word' id='word_1_171' title='bbox 1732 1375 1877 1422; x_wconf 87' lang='lat' dir='ltr'><strong>stres</strong></span> <span class='ocrx_word' id='word_1_172' title='bbox 1910 1381 2031 1422; x_wconf 85' lang='lat' dir='ltr'><strong>esse</strong></span> <span class='ocrx_word' id='word_1_173' title='bbox 2080 1366 2291 1439; x_wconf 77' lang='lat' dir='ltr'><strong>Magnae</strong></span> <span class='ocrx_word' id='word_1_174' title='bbox 2337 1368 2586 1423; x_wconf 63' lang='lat' dir='ltr'><strong>ecclesiae</strong></span> <span class='ocrx_word' id='word_1_175' title='bbox 2622 1369 2999 1438; x_wconf 86' lang='lat' dir='ltr'><strong>magistratus,</strong></span> <span class='ocrx_word' id='word_1_176' title='bbox 3040 1379 3095 1425; x_wconf 90' lang='lat' dir='ltr'><strong>et</strong></span> <span class='ocrx_word' id='word_1_177' title='bbox 3125 1370 3326 1427; x_wconf 89' lang='lat' dir='ltr'><strong>debere</strong></span> 
     </span>
    </p>
   </div>
   <div class='ocr_carea' id='block_1_29' title="bbox 1732 1457 3326 1531">
    <p class='ocr_par' dir='ltr' id='par_1_29' title="bbox 1732 1457 3326 1531">
     <span class='ocr_line' id='line_1_29' title="bbox 1732 1457 3326 1531; baseline 0.003 -21"><span class='ocrx_word' id='word_1_178' title='bbox 1732 1457 1882 1519; x_wconf 87' lang='lat' dir='ltr'><strong>ipsos</strong></span> <span class='ocrx_word' id='word_1_179' title='bbox 1943 1458 2225 1525; x_wconf 90' lang='lat' dir='ltr'><strong>honorari,</strong></span> <span class='ocrx_word' id='word_1_180' title='bbox 2272 1468 2532 1529; x_wconf 84' lang='lat' dir='ltr'><strong>tanquam</strong></span> <span class='ocrx_word' id='word_1_181' title='bbox 2583 1461 2920 1515; x_wconf 85' lang='lat' dir='ltr'><strong>sacrosancti</strong></span> <span class='ocrx_word' id='word_1_182' title='bbox 2968 1470 3195 1517; x_wconf 87' lang='lat' dir='ltr'><strong>senatus</strong></span> <span class='ocrx_word' id='word_1_183' title='bbox 3230 1476 3326 1531; x_wconf 91' lang='lat' dir='ltr'><strong>pa—</strong></span> 
     </span>
    </p>
   </div>
   <div class='ocr_carea' id='block_1_30' title="bbox 1732 1550 3327 1624">
    <p class='ocr_par' dir='ltr' id='par_1_30' title="bbox 1732 1550 3327 1624">
     <span class='ocr_line' id='line_1_30' title="bbox 1732 1550 3327 1624; baseline 0.004 -21"><span class='ocrx_word' id='word_1_184' title='bbox 1732 1558 1846 1604; x_wconf 85' lang='lat' dir='ltr'><strong>tres</strong></span> <span class='ocrx_word' id='word_1_185' title='bbox 1901 1551 2242 1620; x_wconf 87' lang='lat' dir='ltr'><strong>couscriptos</strong></span> <span class='ocrx_word' id='word_1_186' title='bbox 2313 1570 2327 1607; x_wconf 90' lang='lat'>:</span> <span class='ocrx_word' id='word_1_187' title='bbox 2395 1550 2610 1624; x_wconf 82' lang='lat' dir='ltr'><strong>[idque]</strong></span> <span class='ocrx_word' id='word_1_188' title='bbox 2676 1554 2980 1607; x_wconf 87' lang='lat' dir='ltr'><strong>secundum</strong></span> <span class='ocrx_word' id='word_1_189' title='bbox 3038 1554 3327 1609; x_wconf 88' lang='lat' dir='ltr'><strong>oraculum</strong></span> 
     </span>
    </p>
   </div>
   <div class='ocr_carea' id='block_1_31' title="bbox 1733 1641 3332 1715">
    <p class='ocr_par' dir='ltr' id='par_1_31' title="bbox 1733 1641 3332 1715">
     <span class='ocr_line' id='line_1_31' title="bbox 1733 1641 3332 1715; baseline 0.004 -19"><span class='ocrx_word' id='word_1_190' title='bbox 1733 1641 1845 1696; x_wconf 91' lang='lat' dir='ltr'><strong>divi</strong></span> <span class='ocrx_word' id='word_1_191' title='bbox 1882 1642 2253 1710; x_wconf 82' lang='lat' dir='ltr'><strong>Constantini,</strong></span> <span class='ocrx_word' id='word_1_192' title='bbox 2304 1653 2360 1699; x_wconf 92' lang='lat' dir='ltr'><strong>et</strong></span> <span class='ocrx_word' id='word_1_193' title='bbox 2396 1645 2608 1715; x_wconf 85' lang='lat' dir='ltr'><strong>reliqua</strong></span> <span class='ocrx_word' id='word_1_194' title='bbox 2645 1644 2772 1715; x_wconf 85' lang='lat' dir='ltr'><strong>jura</strong></span> <span class='ocrx_word' id='word_1_195' title='bbox 2800 1646 3056 1715; x_wconf 86' lang='lat' dir='ltr'><strong>superius</strong></span> <span class='ocrx_word' id='word_1_196' title='bbox 3091 1662 3332 1703; x_wconf 84' lang='lat' dir='ltr'><strong>comme-</strong></span> 
     </span>
    </p>
   </div>
   <div class='ocr_carea' id='block_1_32' title="bbox 1734 1735 3331 1809">
    <p class='ocr_par' dir='ltr' id='par_1_32' title="bbox 1734 1735 3331 1809">
     <span class='ocr_line' id='line_1_32' title="bbox 1734 1735 3331 1809; baseline 0.001 -19"><span class='ocrx_word' id='word_1_197' title='bbox 1734 1745 1966 1790; x_wconf 88' lang='lat' dir='ltr'><strong>morata.</strong></span> <span class='ocrx_word' id='word_1_198' title='bbox 2000 1736 2178 1805; x_wconf 81' lang='lat' dir='ltr'><strong>Atque</strong></span> <span class='ocrx_word' id='word_1_199' title='bbox 2223 1736 2328 1792; x_wconf 89' lang='lat' dir='ltr'><strong>hoc</strong></span> <span class='ocrx_word' id='word_1_200' title='bbox 2360 1735 2631 1809; x_wconf 89' lang='lat' dir='ltr'><strong>[quidem]</strong></span> <span class='ocrx_word' id='word_1_201' title='bbox 2666 1736 2943 1805; x_wconf 90' lang='lat' dir='ltr'><strong>peculiare</strong></span> <span class='ocrx_word' id='word_1_202' title='bbox 2982 1737 3331 1807; x_wconf 82' lang='lat' dir='ltr'><strong>privilegium</strong></span> 
     </span>
    </p>
   </div>
   <div class='ocr_carea' id='block_1_33' title="bbox 1733 1826 3332 1899">
    <p class='ocr_par' dir='ltr' id='par_1_33' title="bbox 1733 1826 3332 1899">
     <span class='ocr_line' id='line_1_33' title="bbox 1733 1826 3332 1899; baseline 0.001 -16"><span class='ocrx_word' id='word_1_203' title='bbox 1733 1838 1837 1892; x_wconf 90' lang='lat' dir='ltr'><strong>est,</strong></span> <span class='ocrx_word' id='word_1_204' title='bbox 1878 1826 2165 1899; x_wconf 83' lang='lat' dir='ltr'><strong>[solisque]</strong></span> <span class='ocrx_word' id='word_1_205' title='bbox 2202 1828 2617 1899; x_wconf 81' lang='lat' dir='ltr'><strong>magistratibus</strong></span> <span class='ocrx_word' id='word_1_206' title='bbox 2652 1829 2778 1885; x_wconf 91' lang='lat' dir='ltr'><strong>solii</strong></span> <span class='ocrx_word' id='word_1_207' title='bbox 2817 1829 3332 1899; x_wconf 84' lang='lat' dir='ltr'><strong>Constantinopoli-</strong></span> 
     </span>
    </p>
   </div>
   <div class='ocr_carea' id='block_1_34' title="bbox 97 1894 1629 1992">
    <p class='ocr_par' dir='ltr' id='par_1_34' title="bbox 97 1894 1629 1980">
     <span class='ocr_line' id='line_1_34' title="bbox 97 1894 1629 1980; baseline 0.014 -33"><span class='ocrx_word' id='word_1_208' title='bbox 97 1894 176 1947; x_wconf 68' lang='grc' dir='ltr'>κᾶν</span> <span class='ocrx_word' id='word_1_209' title='bbox 198 1895 260 1969; x_wconf 84' lang='grc' dir='ltr'>μὴ</span> <span class='ocrx_word' id='word_1_210' title='bbox 295 1898 443 1970; x_wconf 81' lang='grc' dir='ltr'>παρὰ</span> <span class='ocrx_word' id='word_1_211' title='bbox 492 1902 856 1980; x_wconf 84' lang='grc' dir='ltr'>πατριαρχῶν</span> <span class='ocrx_word' id='word_1_212' title='bbox 901 1907 1346 1977; x_wconf 84' lang='grc' dir='ltr'>χειροτονῶνται,</span> <span class='ocrx_word' id='word_1_213' title='bbox 1383 1910 1510 1966; x_wconf 82' lang='grc' dir='ltr'>ὅθεν</span> <span class='ocrx_word' id='word_1_214' title='bbox 1536 1914 1629 1969; x_wconf 72' lang='grc' dir='ltr'>καὶ</span> 
     </span>
    </p>
   </div>
   <div class='ocr_carea' id='block_1_35' title="bbox 1741 1894 3333 1992">
    <p class='ocr_par' dir='ltr' id='par_1_35' title="bbox 1741 1922 3333 1992">
     <span class='ocr_line' id='line_1_35' title="bbox 1741 1922 3333 1992; baseline 0 -14"><span class='ocrx_word' id='word_1_215' title='bbox 1741 1932 1882 1979; x_wconf 76' lang='lat' dir='ltr'><strong>tame</strong></span> <span class='ocrx_word' id='word_1_216' title='bbox 1932 1922 2191 1978; x_wconf 69' lang='lat' dir='ltr'><strong>Ecclesia:</strong></span> <span class='ocrx_word' id='word_1_217' title='bbox 2244 1938 2340 1992; x_wconf 89' lang='lat' dir='ltr'><strong>per</strong></span> <span class='ocrx_word' id='word_1_218' title='bbox 2401 1923 2510 1978; x_wconf 85' lang='lat' dir='ltr'><strong>divi</strong></span> <span class='ocrx_word' id='word_1_219' title='bbox 2578 1922 2927 1977; x_wconf 75' lang='lat' dir='ltr'><strong>Constantini</strong></span> <span class='ocrx_word' id='word_1_220' title='bbox 2989 1923 3333 1978; x_wconf 85' lang='lat' dir='ltr'><strong>sanctionem</strong></span> 
     </span>
    </p>
   </div>
   <div class='ocr_carea' id='block_1_36' title="bbox 95 1988 1629 2086">
    <p class='ocr_par' dir='ltr' id='par_1_36' title="bbox 95 1988 1629 2079">
     <span class='ocr_line' id='line_1_36' title="bbox 95 1988 1629 2079; baseline 0.014 -40"><span class='ocrx_word' id='word_1_221' title='bbox 95 1988 431 2055; x_wconf 77' lang='grc' dir='ltr'>ἀνενδοιάστως</span> <span class='ocrx_word' id='word_1_222' title='bbox 479 1995 630 2065; x_wconf 80' lang='grc' dir='ltr'>φημὶ</span> <span class='ocrx_word' id='word_1_223' title='bbox 689 1997 1103 2068; x_wconf 79' lang='grc' dir='ltr'>ἀξιωματικοὺς</span> <span class='ocrx_word' id='word_1_224' title='bbox 1154 1996 1296 2057; x_wconf 79' lang='grc' dir='ltr'>εἶναι</span> <span class='ocrx_word' id='word_1_225' title='bbox 1346 2004 1477 2071; x_wconf 81' lang='grc' dir='ltr'>τοὺς</span> <span class='ocrx_word' id='word_1_226' title='bbox 1531 2008 1629 2079; x_wconf 82' lang='grc' dir='ltr'>τῆς</span> 
     </span>
    </p>
   </div>
   <div class='ocr_carea' id='block_1_37' title="bbox 1741 1988 3336 2086">
    <p class='ocr_par' dir='ltr' id='par_1_37' title="bbox 1741 1988 3336 2086">
     <span class='ocr_line' id='line_1_37' title="bbox 1741 1988 3336 2086; baseline 0.001 -17"><span class='ocrx_word' id='word_1_227' title='bbox 1741 2013 1951 2086; x_wconf 90' lang='lat' dir='ltr'><strong>[datum</strong></span> <span class='ocrx_word' id='word_1_228' title='bbox 1980 2013 2113 2086; x_wconf 90' lang='lat' dir='ltr'><strong>est].</strong></span> <span class='ocrx_word' id='word_1_229' title='bbox 2143 1988 2281 2069; x_wconf 82' lang='lat' dir='ltr'><strong>Nam</strong></span> <span class='ocrx_word' id='word_1_230' title='bbox 2314 2014 2546 2069; x_wconf 90' lang='lat' dir='ltr'><strong>aliorum</strong></span> <span class='ocrx_word' id='word_1_231' title='bbox 2598 2015 3063 2085; x_wconf 86' lang='lat' dir='ltr'><strong>patriarcharum,</strong></span> <span class='ocrx_word' id='word_1_232' title='bbox 3108 2015 3336 2085; x_wconf 84' lang='lat' dir='ltr'><strong>insuper</strong></span> 
     </span>
    </p>
   </div>
   <div class='ocr_carea' id='block_1_38' title="bbox 96 2081 1629 2188">
    <p class='ocr_par' dir='ltr' id='par_1_38' title="bbox 96 2081 1629 2188">
     <span class='ocr_line' id='line_1_38' title="bbox 96 2081 1629 2188; baseline 0.015 -55"><span class='ocrx_word' id='word_1_233' title='bbox 96 2081 308 2188; x_wconf 58' lang='grc' dir='ltr'>Μεγάλης</span> <span class='ocrx_word' id='word_1_234' title='bbox 344 2085 641 2188; x_wconf 67' lang='grc' dir='ltr'>ἐκκλησίας</span> <span class='ocrx_word' id='word_1_235' title='bbox 702 2090 993 2161; x_wconf 84' lang='grc' dir='ltr'>ἄρχοντας,</span> <span class='ocrx_word' id='word_1_236' title='bbox 1036 2094 1133 2147; x_wconf 76' lang='grc' dir='ltr'>καὶ</span> <span class='ocrx_word' id='word_1_237' title='bbox 1170 2096 1408 2166; x_wconf 84' lang='grc' dir='ltr'>ὀφείλειν</span> <span class='ocrx_word' id='word_1_238' title='bbox 1435 2100 1629 2167; x_wconf 77' lang='grc' dir='ltr'>αὐτοὺς</span> 
     </span>
    </p>
   </div>
   <div class='ocr_carea' id='block_1_39' title="bbox 1741 2081 3336 2188">
    <p class='ocr_par' dir='ltr' id='par_1_39' title="bbox 1741 2081 3336 2179">
     <span class='ocr_line' id='line_1_39' title="bbox 1741 2081 3336 2179; baseline 0.001 -17"><span class='ocrx_word' id='word_1_239' title='bbox 1741 2081 1792 2162; x_wconf 74' lang='lat' dir='ltr'><strong>et</strong></span> <span class='ocrx_word' id='word_1_240' title='bbox 1825 2081 2375 2178; x_wconf 78' lang='lat' dir='ltr'><strong>metropolitanorum</strong></span> <span class='ocrx_word' id='word_1_241' title='bbox 2427 2116 2484 2162; x_wconf 89' lang='lat' dir='ltr'><strong>et</strong></span> <span class='ocrx_word' id='word_1_242' title='bbox 2533 2108 2918 2178; x_wconf 89' lang='lat' dir='ltr'><strong>episcoporum</strong></span> <span class='ocrx_word' id='word_1_243' title='bbox 2974 2107 3336 2179; x_wconf 80' lang='lat' dir='ltr'><strong>magistratus</strong></span> 
     </span>
    </p>
   </div>
   <div class='ocr_carea' id='block_1_40' title="bbox 95 2174 1629 2272">
    <p class='ocr_par' dir='ltr' id='par_1_40' title="bbox 95 2174 1625 2272">
     <span class='ocr_line' id='line_1_40' title="bbox 95 2174 1625 2272; baseline 0.016 -47"><span class='ocrx_word' id='word_1_244' title='bbox 95 2174 305 2272; x_wconf 50' lang='grc' dir='ltr'>τιμᾶσθαι</span> <span class='ocrx_word' id='word_1_245' title='bbox 331 2177 403 2242; x_wconf 88' lang='grc' dir='ltr'><strong>ὡς</strong></span> <span class='ocrx_word' id='word_1_246' title='bbox 440 2179 542 2272; x_wconf 66' lang='grc' dir='ltr'>τῆς</span> <span class='ocrx_word' id='word_1_247' title='bbox 570 2182 724 2272; x_wconf 77' lang='grc' dir='ltr'>ἱερᾶς</span> <span class='ocrx_word' id='word_1_248' title='bbox 756 2185 1066 2256; x_wconf 82' lang='grc' dir='ltr'>συγκλήτου</span> <span class='ocrx_word' id='word_1_249' title='bbox 1095 2185 1350 2259; x_wconf 83' lang='grc' dir='ltr'>λογάδας,</span> <span class='ocrx_word' id='word_1_250' title='bbox 1391 2193 1537 2248; x_wconf 87' lang='grc' dir='ltr'><strong>κατά</strong></span> <span class='ocrx_word' id='word_1_251' title='bbox 1567 2195 1625 2250; x_wconf 79' lang='grc' dir='ltr'>τὸ</span> 
     </span>
    </p>
   </div>
   <div class='ocr_carea' id='block_1_41' title="bbox 1741 2174 2975 2272">
    <p class='ocr_par' dir='ltr' id='par_1_41' title="bbox 1741 2174 2975 2272">
     <span class='ocr_line' id='line_1_41' title="bbox 1741 2174 2975 2272; baseline 0.002 -18"><span class='ocrx_word' id='word_1_252' title='bbox 1741 2201 1930 2256; x_wconf 87' lang='lat' dir='ltr'><strong>iisdem</strong></span> <span class='ocrx_word' id='word_1_253' title='bbox 1959 2174 2261 2272; x_wconf 75' lang='lat' dir='ltr'><strong>privilegiis</strong></span> <span class='ocrx_word' id='word_1_254' title='bbox 2287 2200 2436 2272; x_wconf 82' lang='lat' dir='ltr'><strong>digni</strong></span> <span class='ocrx_word' id='word_1_255' title='bbox 2466 2174 2582 2255; x_wconf 76' lang='lat' dir='ltr'><strong>non</strong></span> <span class='ocrx_word' id='word_1_256' title='bbox 2603 2174 2975 2257; x_wconf 82' lang='lat' dir='ltr'><strong>habebuntur.</strong></span> 
     </span>
    </p>
   </div>
   <div class='ocr_carea' id='block_1_42' title="bbox 97 2264 3333 2366">
    <p class='ocr_par' dir='ltr' id='par_1_42' title="bbox 97 2264 3333 2366">
     <span class='ocr_line' id='line_1_42' title="bbox 97 2264 3333 2366; baseline 0.01 -49"><span class='ocrx_word' id='word_1_257' title='bbox 97 2264 469 2366; x_wconf 34' lang='lat' dir='ltr'><strong>leéamcpa‘coﬁ</strong></span> <span class='ocrx_word' id='word_1_258' title='bbox 520 2271 694 2366; x_wconf 72' lang='grc' dir='ltr'>ἁγίου</span> <span class='ocrx_word' id='word_1_259' title='bbox 730 2274 1149 2333; x_wconf 85' lang='grc' dir='ltr'>Κωνσταντίνου</span> <span class='ocrx_word' id='word_1_260' title='bbox 1189 2282 1285 2335; x_wconf 75' lang='grc' dir='ltr'><strong>καὶ</strong></span> <span class='ocrx_word' id='word_1_261' title='bbox 1333 2283 1404 2338; x_wconf 83' lang='grc' dir='ltr'>τὰ</span> <span class='ocrx_word' id='word_1_262' title='bbox 1462 2285 1627 2344; x_wconf 86' lang='grc' dir='ltr'>λοιπὰ</span> <span class='ocrx_word' id='word_1_263' title='bbox 1672 2292 1883 2365; x_wconf 87' lang='grc' dir='ltr'>νόμιμα</span> <span class='ocrx_word' id='word_1_264' title='bbox 1960 2264 2034 2348; x_wconf 70' lang='grc' dir='ltr'>τὰ</span> <span class='ocrx_word' id='word_1_265' title='bbox 2081 2264 2288 2349; x_wconf 73' lang='grc' dir='ltr'>ἄνώθεν</span> <span class='ocrx_word' id='word_1_266' title='bbox 2334 2264 2804 2366; x_wconf 67' lang='grc' dir='ltr'>μνημονευθέντα.</span> <span class='ocrx_word' id='word_1_267' title='bbox 2863 2293 3037 2348; x_wconf 83' lang='grc' dir='ltr'>Τοῦτο</span> <span class='ocrx_word' id='word_1_268' title='bbox 3061 2294 3119 2348; x_wconf 85' lang='grc' dir='ltr'>δὲ</span> <span class='ocrx_word' id='word_1_269' title='bbox 3162 2293 3333 2349; x_wconf 79' lang='grc' dir='ltr'>ιδικόν</span> 
     </span>
    </p>
   </div>
   <div class='ocr_carea' id='block_1_43' title="bbox 96 2358 3333 2456">
    <p class='ocr_par' dir='ltr' id='par_1_43' title="bbox 96 2358 3333 2456">
     <span class='ocr_line' id='line_1_43' title="bbox 96 2358 3333 2456; baseline 0.003 -26"><span class='ocrx_word' id='word_1_270' title='bbox 96 2358 184 2456; x_wconf 40' lang='lat' dir='ltr'><strong>if?“</strong></span> <span class='ocrx_word' id='word_1_271' title='bbox 209 2358 486 2431; x_wconf 69' lang='grc' dir='ltr'><strong>προνόμιον</strong></span> <span class='ocrx_word' id='word_1_272' title='bbox 519 2364 634 2426; x_wconf 78' lang='grc' dir='ltr'><strong>τοῖς</strong></span> <span class='ocrx_word' id='word_1_273' title='bbox 664 2363 894 2437; x_wconf 77' lang='grc' dir='ltr'>ἄρχουσι</span> <span class='ocrx_word' id='word_1_274' title='bbox 949 2370 1046 2424; x_wconf 72' lang='grc' dir='ltr'><strong>τοῦ</strong></span> <span class='ocrx_word' id='word_1_275' title='bbox 1100 2372 1292 2445; x_wconf 78' lang='grc' dir='ltr'>θρόνου</span> <span class='ocrx_word' id='word_1_276' title='bbox 1317 2376 1419 2448; x_wconf 81' lang='grc' dir='ltr'>τῆς</span> <span class='ocrx_word' id='word_1_277' title='bbox 1479 2358 1817 2456; x_wconf 30' lang='grc' dir='ltr'>Ἐκκλησίαςν</span> <span class='ocrx_word' id='word_1_278' title='bbox 1868 2387 1977 2441; x_wconf 84' lang='grc' dir='ltr'><strong>τῶν</strong></span> <span class='ocrx_word' id='word_1_279' title='bbox 2040 2358 2702 2442; x_wconf 63' lang='grc' dir='ltr'>Κιονσταντινούπολιτῶν</span> <span class='ocrx_word' id='word_1_280' title='bbox 2752 2385 2843 2441; x_wconf 84' lang='grc' dir='ltr'>διὰ</span> <span class='ocrx_word' id='word_1_281' title='bbox 2908 2387 2972 2441; x_wconf 89' lang='grc' dir='ltr'>τὸ</span> <span class='ocrx_word' id='word_1_282' title='bbox 3022 2385 3120 2440; x_wconf 83' lang='grc' dir='ltr'>τοῦ</span> <span class='ocrx_word' id='word_1_283' title='bbox 3172 2386 3333 2453; x_wconf 88' lang='grc' dir='ltr'>ἀγίου</span> 
     </span>
    </p>
   </div>
   <div class='ocr_carea' id='block_1_44' title="bbox 100 2450 3336 2570">
    <p class='ocr_par' dir='ltr' id='par_1_44' title="bbox 100 2450 3336 2570">
     <span class='ocr_line' id='line_1_44' title="bbox 100 2450 3336 2570; baseline 0.01 -66"><span class='ocrx_word' id='word_1_284' title='bbox 100 2450 461 2570; x_wconf 45' lang='grc' dir='ltr'>Κωνστανζτίνου</span> <span class='ocrx_word' id='word_1_285' title='bbox 477 2460 794 2570; x_wconf 70' lang='grc' dir='ltr'>θέσπισμα.</span> <span class='ocrx_word' id='word_1_286' title='bbox 821 2466 884 2570; x_wconf 63' lang='lat' dir='ltr'><strong>Ci</strong></span> <span class='ocrx_word' id='word_1_287' title='bbox 903 2466 1012 2570; x_wconf 77' lang='grc' dir='ltr'>γὰρ</span> <span class='ocrx_word' id='word_1_288' title='bbox 1035 2468 1297 2542; x_wconf 79' lang='grc' dir='ltr'>ἄρχοντες</span> <span class='ocrx_word' id='word_1_289' title='bbox 1318 2474 1425 2530; x_wconf 84' lang='grc' dir='ltr'><strong>τῶν</strong></span> <span class='ocrx_word' id='word_1_290' title='bbox 1456 2475 1637 2533; x_wconf 81' lang='grc' dir='ltr'>ἄλλων</span> <span class='ocrx_word' id='word_1_291' title='bbox 1667 2450 2055 2570; x_wconf 41' lang='grc' dir='ltr'>’πατριαρχῶν</span> <span class='ocrx_word' id='word_1_292' title='bbox 2077 2482 2305 2556; x_wconf 84' lang='grc' dir='ltr'>προσέτι</span> <span class='ocrx_word' id='word_1_293' title='bbox 2337 2501 2401 2554; x_wconf 90' lang='grc' dir='ltr'><strong>γε</strong></span> <span class='ocrx_word' id='word_1_294' title='bbox 2459 2483 2566 2556; x_wconf 83' lang='grc' dir='ltr'>μὴν</span> <span class='ocrx_word' id='word_1_295' title='bbox 2598 2484 2693 2538; x_wconf 67' lang='grc' dir='ltr'><strong>καὶ¹</strong></span> <span class='ocrx_word' id='word_1_296' title='bbox 2758 2483 2868 2538; x_wconf 86' lang='grc' dir='ltr'>τῶν</span> <span class='ocrx_word' id='word_1_297' title='bbox 2920 2450 3336 2555; x_wconf 79' lang='grc' dir='ltr'>μητροπολιτῶν</span> 
     </span>
    </p>
   </div>
   <div class='ocr_carea' id='block_1_45' title="bbox 98 2548 1894 2649">
    <p class='ocr_par' dir='ltr' id='par_1_45' title="bbox 98 2548 1894 2649">
     <span class='ocr_line' id='line_1_45' title="bbox 98 2548 1894 2649; baseline 0.018 -49"><span class='ocrx_word' id='word_1_298' title='bbox 98 2548 171 2600; x_wconf 73' lang='grc' dir='ltr'><strong>καὶ</strong></span> <span class='ocrx_word' id='word_1_299' title='bbox 195 2549 289 2603; x_wconf 82' lang='grc' dir='ltr'><strong>τῶν</strong></span> <span class='ocrx_word' id='word_1_300' title='bbox 309 2552 619 2639; x_wconf 82' lang='grc' dir='ltr'>ἐπισκόπων</span> <span class='ocrx_word' id='word_1_301' title='bbox 648 2558 761 2612; x_wconf 86' lang='grc' dir='ltr'><strong>τῶν</strong></span> <span class='ocrx_word' id='word_1_302' title='bbox 788 2560 969 2617; x_wconf 81' lang='grc' dir='ltr'>αὐτῶν</span> <span class='ocrx_word' id='word_1_303' title='bbox 1003 2566 1321 2637; x_wconf 89' lang='grc' dir='ltr'>προνομίων</span> <span class='ocrx_word' id='word_1_304' title='bbox 1338 2572 1441 2625; x_wconf 85' lang='grc' dir='ltr'>οὐκ</span> <span class='ocrx_word' id='word_1_305' title='bbox 1470 2548 1894 2649; x_wconf 46' lang='grc' dir='ltr'>ἀξιωθήσονταιί</span> 
     </span>
    </p>
   </div>
   <div class='ocr_carea' id='block_1_46' title="bbox 149 2634 1629 2742">
    <p class='ocr_par' dir='ltr' id='par_1_46' title="bbox 149 2634 1629 2742">
     <span class='ocr_line' id='line_1_46' title="bbox 149 2634 1629 2742; baseline 0.018 -46"><span class='ocrx_word' id='word_1_306' title='bbox 149 2641 363 2742; x_wconf 45' lang='grc' dir='ltr'>Ἐἶτερον</span> <span class='ocrx_word' id='word_1_307' title='bbox 390 2634 671 2717; x_wconf 63' lang='grc' dir='ltr'>σκόλιον.</span> <span class='ocrx_word' id='word_1_308' title='bbox 691 2653 1007 2723; x_wconf 86' lang='grc' dir='ltr'>Σημείωσαι</span> <span class='ocrx_word' id='word_1_309' title='bbox 1036 2634 1146 2710; x_wconf 81' lang='grc' dir='ltr'><strong>ἀπὸ</strong></span> <span class='ocrx_word' id='word_1_310' title='bbox 1162 2634 1272 2714; x_wconf 78' lang='grc' dir='ltr'><strong>τῶν</strong></span> <span class='ocrx_word' id='word_1_311' title='bbox 1303 2634 1362 2715; x_wconf 83' lang='grc' dir='ltr'><strong>ἐν</strong></span> <span class='ocrx_word' id='word_1_312' title='bbox 1390 2665 1470 2738; x_wconf 81' lang='grc' dir='ltr'>τῷ</span> <span class='ocrx_word' id='word_1_313' title='bbox 1490 2634 1629 2742; x_wconf 53' lang='lat' dir='ltr'><strong>acup.</strong></span> 
     </span>
    </p>
   </div>
   <div class='ocr_carea' id='block_1_47' title="bbox 96 2731 1628 2827">
    <p class='ocr_par' dir='ltr' id='par_1_47' title="bbox 96 2731 1628 2827">
     <span class='ocr_line' id='line_1_47' title="bbox 96 2731 1628 2827; baseline 0.021 -45"><span class='ocrx_word' id='word_1_314' title='bbox 96 2731 181 2827; x_wconf 73' lang='grc' dir='ltr'>όντι</span> <span class='ocrx_word' id='word_1_315' title='bbox 199 2732 291 2801; x_wconf 82' lang='grc' dir='ltr'>λς’,</span> <span class='ocrx_word' id='word_1_316' title='bbox 316 2752 436 2808; x_wconf 83' lang='grc' dir='ltr'>κεφ.</span> <span class='ocrx_word' id='word_1_317' title='bbox 459 2742 960 2813; x_wconf 86' lang='grc' dir='ltr'>καταστρωθεισῶν</span> <span class='ocrx_word' id='word_1_318' title='bbox 983 2746 1211 2819; x_wconf 86' lang='grc' dir='ltr'>Νεαρῶν</span> <span class='ocrx_word' id='word_1_319' title='bbox 1234 2731 1509 2827; x_wconf 39' lang='grc' dir='ltr'>συνάγοι-γε</span> <span class='ocrx_word' id='word_1_320' title='bbox 1532 2731 1628 2813; x_wconf 77' lang='grc' dir='ltr'>καὶ</span> 
     </span>
    </p>
   </div>
   <div class='ocr_carea' id='block_1_48' title="bbox 96 2823 1629 2923">
    <p class='ocr_par' dir='ltr' id='par_1_48' title="bbox 96 2823 1629 2923">
     <span class='ocr_line' id='line_1_48' title="bbox 96 2823 1629 2923; baseline 0.02 -46"><span class='ocrx_word' id='word_1_321' title='bbox 96 2823 205 2923; x_wconf 56' lang='grc' dir='ltr'>εἰπε,</span> <span class='ocrx_word' id='word_1_322' title='bbox 235 2827 307 2923; x_wconf 72' lang='grc' dir='ltr'>ὅτι</span> <span class='ocrx_word' id='word_1_323' title='bbox 334 2830 379 2923; x_wconf 86' lang='grc' dir='ltr'>οἱ</span> <span class='ocrx_word' id='word_1_324' title='bbox 410 2832 563 2904; x_wconf 86' lang='grc' dir='ltr'>παρὰ</span> <span class='ocrx_word' id='word_1_325' title='bbox 593 2836 822 2907; x_wconf 84' lang='grc' dir='ltr'>γνώμην</span> <span class='ocrx_word' id='word_1_326' title='bbox 844 2840 940 2892; x_wconf 84' lang='grc' dir='ltr'>τοῦ</span> <span class='ocrx_word' id='word_1_327' title='bbox 967 2839 1229 2897; x_wconf 83' lang='grc' dir='ltr'>δεσπότου</span> <span class='ocrx_word' id='word_1_328' title='bbox 1264 2823 1629 2923; x_wconf 86' lang='grc' dir='ltr'>κληρούμενοι</span> 
     </span>
    </p>
   </div>
   <div class='ocr_carea' id='block_1_49' title="bbox 96 2914 1625 3018">
    <p class='ocr_par' dir='ltr' id='par_1_49' title="bbox 96 2914 1625 3018">
     <span class='ocr_line' id='line_1_49' title="bbox 96 2914 1625 3018; baseline 0.022 -52"><span class='ocrx_word' id='word_1_329' title='bbox 96 2914 252 2983; x_wconf 74' lang='grc' dir='ltr'>δοῦλοι,</span> <span class='ocrx_word' id='word_1_330' title='bbox 283 2919 311 2990; x_wconf 82' lang='grc' dir='ltr'>ἢ</span> <span class='ocrx_word' id='word_1_331' title='bbox 338 2921 797 2993; x_wconf 81' lang='grc' dir='ltr'>ἐπισκοπεύοντες</span> <span class='ocrx_word' id='word_1_332' title='bbox 823 2931 905 2994; x_wconf 83' lang='grc' dir='ltr'>εὶς</span> <span class='ocrx_word' id='word_1_333' title='bbox 940 2932 1034 2986; x_wconf 80' lang='grc' dir='ltr'><strong>τὸν</strong></span> <span class='ocrx_word' id='word_1_334' title='bbox 1064 2936 1330 3009; x_wconf 88' lang='grc' dir='ltr'>πρότερον</span> <span class='ocrx_word' id='word_1_335' title='bbox 1355 2914 1625 3018; x_wconf 72' lang='grc' dir='ltr'>δεσπότην</span> 
     </span>
    </p>
   </div>
   <div class='ocr_carea' id='block_1_50' title="bbox 97 3007 1623 3110">
    <p class='ocr_par' dir='ltr' id='par_1_50' title="bbox 97 3007 1623 3110">
     <span class='ocr_line' id='line_1_50' title="bbox 97 3007 1623 3110; baseline 0.022 -52"><span class='ocrx_word' id='word_1_336' title='bbox 97 3007 164 3110; x_wconf 69' lang='grc' dir='ltr'><strong>καὶ</strong></span> <span class='ocrx_word' id='word_1_337' title='bbox 184 3009 393 3110; x_wconf 30' lang='grc' dir='ltr'>,ἄκοντες</span> <span class='ocrx_word' id='word_1_338' title='bbox 426 3016 886 3110; x_wconf 82' lang='grc' dir='ltr'>ἀντιστρέφονται</span> <span class='ocrx_word' id='word_1_339' title='bbox 927 3027 994 3079; x_wconf 86' lang='grc' dir='ltr'><strong>ἐκ</strong></span> <span class='ocrx_word' id='word_1_340' title='bbox 1029 3027 1132 3098; x_wconf 82' lang='grc' dir='ltr'>τῆς</span> <span class='ocrx_word' id='word_1_341' title='bbox 1152 3007 1516 3103; x_wconf 76' lang='grc' dir='ltr'>’χειροτονίας</span> 
     </span>
    </p>
   </div>
   <div class='ocr_carea' id='block_1_51' title="bbox 95 3098 1632 3197">
    <p class='ocr_par' dir='ltr' id='par_1_51' title="bbox 95 3098 1632 3197">
     <span class='ocr_line' id='line_1_51' title="bbox 95 3098 1632 3197; baseline 0.02 -44"><span class='ocrx_word' id='word_1_342' title='bbox 95 3098 431 3197; x_wconf 56' lang='grc' dir='ltr'>ώρελούμενοι.</span> <span class='ocrx_word' id='word_1_343' title='bbox 474 3109 756 3178; x_wconf 80' lang='grc' dir='ltr'>Ὡσαύτως</span> <span class='ocrx_word' id='word_1_344' title='bbox 773 3116 918 3183; x_wconf 78' lang='grc' dir='ltr'>εἰπὲ,</span> <span class='ocrx_word' id='word_1_345' title='bbox 934 3116 1016 3170; x_wconf 83' lang='grc' dir='ltr'>ὅτι</span> <span class='ocrx_word' id='word_1_346' title='bbox 1039 3116 1141 3173; x_wconf 91' lang='grc' dir='ltr'><strong>ούκ</strong></span> <span class='ocrx_word' id='word_1_347' title='bbox 1165 3098 1632 3197; x_wconf 31' lang='grc' dir='ltr'>ἀ-προσδιορίστως</span> 
     </span>
    </p>
   </div>
   <div class='ocr_carea' id='block_1_52' title="bbox 95 3191 1632 3285">
    <p class='ocr_par' dir='ltr' id='par_1_52' title="bbox 95 3191 1632 3285">
     <span class='ocr_line' id='line_1_52' title="bbox 95 3191 1632 3285; baseline 0.019 -41"><span class='ocrx_word' id='word_1_348' title='bbox 95 3191 271 3250; x_wconf 76' lang='grc' dir='ltr'>δύναται</span> <span class='ocrx_word' id='word_1_349' title='bbox 299 3200 325 3251; x_wconf 88' lang='grc' dir='ltr'>ὁ</span> <span class='ocrx_word' id='word_1_350' title='bbox 346 3200 613 3276; x_wconf 88' lang='grc' dir='ltr'>δεσπότης</span> <span class='ocrx_word' id='word_1_351' title='bbox 643 3206 1037 3265; x_wconf 86' lang='grc' dir='ltr'>ἀνακαλεῖσθαι</span> <span class='ocrx_word' id='word_1_352' title='bbox 1060 3191 1308 3281; x_wconf 78' lang='grc' dir='ltr'>τούτους,</span> <span class='ocrx_word' id='word_1_353' title='bbox 1332 3191 1450 3270; x_wconf 61' lang='grc' dir='ltr'><strong>ἀλλζ</strong></span> <span class='ocrx_word' id='word_1_354' title='bbox 1479 3191 1632 3285; x_wconf 82' lang='grc' dir='ltr'>ἐντὸς</span> 
     </span>
    </p>
   </div>
   <div class='ocr_carea' id='block_1_53' title="bbox 97 3290 1632 3380">
    <p class='ocr_par' dir='ltr' id='par_1_53' title="bbox 97 3290 1632 3380">
     <span class='ocr_line' id='line_1_53' title="bbox 97 3290 1632 3380; baseline 0.021 -45"><span class='ocrx_word' id='word_1_355' title='bbox 97 3290 292 3357; x_wconf 79' lang='grc' dir='ltr'>τριετίας</span> <span class='ocrx_word' id='word_1_356' title='bbox 322 3296 454 3364; x_wconf 87' lang='grc' dir='ltr'><strong>μετά</strong></span> <span class='ocrx_word' id='word_1_357' title='bbox 473 3299 535 3350; x_wconf 73' lang='grc' dir='ltr'><strong>τὸ</strong></span> <span class='ocrx_word' id='word_1_358' title='bbox 568 3298 757 3353; x_wconf 74' lang='grc' dir='ltr'>λαϐεῖν</span> <span class='ocrx_word' id='word_1_359' title='bbox 788 3302 989 3366; x_wconf 80' lang='grc' dir='ltr'>αὐτοὺς</span> <span class='ocrx_word' id='word_1_360' title='bbox 1038 3304 1242 3376; x_wconf 79' lang='grc' dir='ltr'>εἴδησιν</span> <span class='ocrx_word' id='word_1_361' title='bbox 1272 3308 1367 3363; x_wconf 83' lang='grc' dir='ltr'>τοῦ</span> <span class='ocrx_word' id='word_1_362' title='bbox 1407 3313 1632 3380; x_wconf 89' lang='grc' dir='ltr'>γεγονό-</span> 
     </span>
    </p>
   </div>
   <div class='ocr_carea' id='block_1_54' title="bbox 95 3381 1635 3472">
    <p class='ocr_par' dir='ltr' id='par_1_54' title="bbox 95 3381 1635 3472">
     <span class='ocr_line' id='line_1_54' title="bbox 95 3381 1635 3472; baseline 0.018 -41"><span class='ocrx_word' id='word_1_363' title='bbox 95 3396 161 3472; x_wconf 75' lang='grc' dir='ltr'><strong>τος</strong></span> <span class='ocrx_word' id='word_1_364' title='bbox 186 3381 567 3462; x_wconf 76' lang='grc' dir='ltr'>ψηφιζομένης.</span> <span class='ocrx_word' id='word_1_365' title='bbox 607 3393 729 3447; x_wconf 88' lang='grc' dir='ltr'>Ἔτι</span> <span class='ocrx_word' id='word_1_366' title='bbox 761 3394 884 3448; x_wconf 84' lang='grc' dir='ltr'>εἰπὲ</span> <span class='ocrx_word' id='word_1_367' title='bbox 921 3395 1004 3449; x_wconf 82' lang='grc' dir='ltr'>ὅτι</span> <span class='ocrx_word' id='word_1_368' title='bbox 1048 3398 1144 3452; x_wconf 81' lang='grc' dir='ltr'><strong>τοῦ</strong></span> <span class='ocrx_word' id='word_1_369' title='bbox 1180 3400 1349 3472; x_wconf 85' lang='grc' dir='ltr'>νόμου</span> <span class='ocrx_word' id='word_1_370' title='bbox 1381 3402 1635 3471; x_wconf 85' lang='grc' dir='ltr'>λέγοντος</span> 
     </span>
    </p>
   </div>
   <div class='ocr_carea' id='block_1_55' title="bbox 94 3469 1626 3571">
    <p class='ocr_par' dir='ltr' id='par_1_55' title="bbox 94 3469 1626 3571">
     <span class='ocr_line' id='line_1_55' title="bbox 94 3469 1626 3571; baseline 0.018 -49"><span class='ocrx_word' id='word_1_371' title='bbox 94 3469 162 3571; x_wconf 63' lang='grc' dir='ltr'>τὸν</span> <span class='ocrx_word' id='word_1_372' title='bbox 188 3474 621 3552; x_wconf 78' lang='grc' dir='ltr'>ἐπερωτώμενον,</span> <span class='ocrx_word' id='word_1_373' title='bbox 675 3485 771 3537; x_wconf 77' lang='grc' dir='ltr'>καὶ</span> <span class='ocrx_word' id='word_1_374' title='bbox 814 3485 891 3557; x_wconf 86' lang='grc' dir='ltr'>μὴ</span> <span class='ocrx_word' id='word_1_375' title='bbox 927 3469 1302 3558; x_wconf 80' lang='grc' dir='ltr'>ἀντιλέγοντα,</span> <span class='ocrx_word' id='word_1_376' title='bbox 1332 3469 1471 3547; x_wconf 86' lang='grc' dir='ltr'><strong>ἀλλά</strong></span> <span class='ocrx_word' id='word_1_377' title='bbox 1496 3511 1626 3549; x_wconf 81' lang='grc' dir='ltr'>σιω-</span> 
     </span>
    </p>
   </div>
   <div class='ocr_carea' id='block_1_56' title="bbox 94 3571 1635 3660">
    <p class='ocr_par' dir='ltr' id='par_1_56' title="bbox 94 3571 1635 3660">
     <span class='ocr_line' id='line_1_56' title="bbox 94 3571 1635 3660; baseline 0.018 -46"><span class='ocrx_word' id='word_1_378' title='bbox 94 3576 264 3660; x_wconf 35' lang='lat' dir='ltr'><strong>sima,</strong></span> <span class='ocrx_word' id='word_1_379' title='bbox 298 3571 651 3640; x_wconf 86' lang='grc' dir='ltr'>κερδαίνοντα</span> <span class='ocrx_word' id='word_1_380' title='bbox 701 3574 803 3646; x_wconf 82' lang='grc' dir='ltr'>μὲν</span> <span class='ocrx_word' id='word_1_381' title='bbox 836 3578 962 3630; x_wconf 83' lang='grc' dir='ltr'>ἀντὶ</span> <span class='ocrx_word' id='word_1_382' title='bbox 1017 3582 1399 3647; x_wconf 80' lang='grc' dir='ltr'>συναινοῦντος</span> <span class='ocrx_word' id='word_1_383' title='bbox 1447 3603 1635 3659; x_wconf 86' lang='grc' dir='ltr'>παρα-</span> 
     </span>
    </p>
   </div>
   <div class='ocr_carea' id='block_1_57' title="bbox 96 3656 1632 3747">
    <p class='ocr_par' dir='ltr' id='par_1_57' title="bbox 96 3656 1632 3747">
     <span class='ocr_line' id='line_1_57' title="bbox 96 3656 1632 3747; baseline 0.022 -45"><span class='ocrx_word' id='word_1_384' title='bbox 96 3656 437 3747; x_wconf 66' lang='grc' dir='ltr'>λαμϐάνεσθαι,</span> <span class='ocrx_word' id='word_1_385' title='bbox 467 3664 840 3738; x_wconf 79' lang='grc' dir='ltr'>ζημιούμενον</span> <span class='ocrx_word' id='word_1_386' title='bbox 871 3670 928 3723; x_wconf 83' lang='grc' dir='ltr'>δὲ</span> <span class='ocrx_word' id='word_1_387' title='bbox 953 3674 1075 3727; x_wconf 73' lang='grc' dir='ltr'>ἀντὶ</span> <span class='ocrx_word' id='word_1_388' title='bbox 1106 3675 1468 3747; x_wconf 83' lang='grc' dir='ltr'>ἀρνουμένου.</span> <span class='ocrx_word' id='word_1_389' title='bbox 1504 3656 1632 3735; x_wconf 74' lang='grc' dir='ltr'><strong>Ἐπὶ</strong></span> 
     </span>
    </p>
   </div>
   <div class='ocr_carea' id='block_1_58' title="bbox 96 3746 1633 3850">
    <p class='ocr_par' dir='ltr' id='par_1_58' title="bbox 96 3746 1633 3850">
     <span class='ocr_line' id='line_1_58' title="bbox 96 3746 1633 3850; baseline 0.018 -49"><span class='ocrx_word' id='word_1_390' title='bbox 96 3746 438 3850; x_wconf 75' lang='grc' dir='ltr'>παρόντος</span> <span class='ocrx_word' id='word_1_391' title='bbox 470 3757 730 3830; x_wconf 83' lang='grc' dir='ltr'>θέματος,</span> <span class='ocrx_word' id='word_1_392' title='bbox 767 3762 796 3814; x_wconf 87' lang='grc' dir='ltr'>ὁ</span> <span class='ocrx_word' id='word_1_393' title='bbox 842 3762 1001 3830; x_wconf 87' lang='grc' dir='ltr'>εἰδὼς</span> <span class='ocrx_word' id='word_1_394' title='bbox 1037 3746 1505 3841; x_wconf 13' lang='grc' dir='ltr'>τὴνίχειροτονίαν</span> <span class='ocrx_word' id='word_1_395' title='bbox 1538 3774 1633 3828; x_wconf 83' lang='grc' dir='ltr'><strong>τοῦ</strong></span> 
     </span>
    </p>
   </div>
   <div class='ocr_carea' id='block_1_59' title="bbox 93 3846 1634 3935">
    <p class='ocr_par' dir='ltr' id='par_1_59' title="bbox 93 3846 1634 3935">
     <span class='ocr_line' id='line_1_59' title="bbox 93 3846 1634 3935; baseline 0.02 -46"><span class='ocrx_word' id='word_1_396' title='bbox 93 3846 241 3935; x_wconf 53' lang='grc' dir='ltr'>δούλου</span> <span class='ocrx_word' id='word_1_397' title='bbox 270 3846 429 3901; x_wconf 79' lang='grc' dir='ltr'>αὑτοῦ</span> <span class='ocrx_word' id='word_1_398' title='bbox 468 3852 568 3904; x_wconf 78' lang='grc' dir='ltr'><strong>καὶ</strong></span> <span class='ocrx_word' id='word_1_399' title='bbox 614 3853 693 3923; x_wconf 85' lang='grc' dir='ltr'>μὴ</span> <span class='ocrx_word' id='word_1_400' title='bbox 742 3854 1042 3925; x_wconf 86' lang='grc' dir='ltr'>ἀντιλέγων</span> <span class='ocrx_word' id='word_1_401' title='bbox 1076 3860 1198 3913; x_wconf 82' lang='grc' dir='ltr'>ἀντὶ</span> <span class='ocrx_word' id='word_1_402' title='bbox 1253 3864 1634 3931; x_wconf 82' lang='grc' dir='ltr'>συναινοῦντος</span> 
     </span>
    </p>
   </div>
   <div class='ocr_carea' id='block_1_60' title="bbox 98 3930 1635 4020">
    <p class='ocr_par' dir='ltr' id='par_1_60' title="bbox 98 3930 1635 4020">
     <span class='ocr_line' id='line_1_60' title="bbox 98 3930 1635 4020; baseline 0.021 -39"><span class='ocrx_word' id='word_1_403' title='bbox 98 3930 382 4004; x_wconf 76' lang='grc' dir='ltr'>λογίζεσθαι,</span> <span class='ocrx_word' id='word_1_404' title='bbox 433 3942 530 3994; x_wconf 77' lang='grc' dir='ltr'><strong>καὶ</strong></span> <span class='ocrx_word' id='word_1_405' title='bbox 564 3941 735 3997; x_wconf 83' lang='grc' dir='ltr'>ταῦτα</span> <span class='ocrx_word' id='word_1_406' title='bbox 764 3945 1163 4020; x_wconf 80' lang='grc' dir='ltr'>βλαπτόμενος,</span> <span class='ocrx_word' id='word_1_407' title='bbox 1193 3955 1286 4008; x_wconf 70' lang='grc' dir='ltr'><strong>καὶ</strong></span> <span class='ocrx_word' id='word_1_408' title='bbox 1320 3955 1437 4010; x_wconf 79' lang='grc' dir='ltr'>ἔστι</span> <span class='ocrx_word' id='word_1_409' title='bbox 1473 3930 1635 4013; x_wconf 82' lang='grc' dir='ltr'>τοῦτο</span> 
     </span>
    </p>
   </div>
   <div class='ocr_carea' id='block_1_61' title="bbox 100 4019 1635 4123">
    <p class='ocr_par' dir='ltr' id='par_1_61' title="bbox 100 4019 1635 4123">
     <span class='ocr_line' id='line_1_61' title="bbox 100 4019 1635 4123; baseline 0.029 -53"><span class='ocrx_word' id='word_1_410' title='bbox 100 4019 230 4123; x_wconf 43' lang='lat' dir='ltr'><strong>[citae-ir</strong></span> <span class='ocrx_word' id='word_1_411' title='bbox 256 4027 337 4083; x_wconf 80' lang='grc' dir='ltr'>διὰ</span> <span class='ocrx_word' id='word_1_412' title='bbox 360 4031 457 4103; x_wconf 81' lang='grc' dir='ltr'><strong>τὴν</strong></span> <span class='ocrx_word' id='word_1_413' title='bbox 505 4034 849 4108; x_wconf 80' lang='grc' dir='ltr'>ἐλευθερίαν,</span> <span class='ocrx_word' id='word_1_414' title='bbox 890 4019 1011 4094; x_wconf 90' lang='grc' dir='ltr'><strong>Ἔτι</strong></span> <span class='ocrx_word' id='word_1_415' title='bbox 1060 4043 1181 4098; x_wconf 83' lang='grc' dir='ltr'>είπὲ</span> <span class='ocrx_word' id='word_1_416' title='bbox 1206 4045 1289 4099; x_wconf 83' lang='grc' dir='ltr'>ὅτι</span> <span class='ocrx_word' id='word_1_417' title='bbox 1323 4048 1431 4101; x_wconf 84' lang='grc' dir='ltr'>ἀπὸ</span> <span class='ocrx_word' id='word_1_418' title='bbox 1464 4050 1635 4123; x_wconf 82' lang='grc' dir='ltr'>μόνης</span> 
     </span>
    </p>
   </div>
   <div class='ocr_carea' id='block_1_62' title="bbox 91 4111 1632 4210">
    <p class='ocr_par' dir='ltr' id='par_1_62' title="bbox 91 4118 1632 4210">
     <span class='ocr_line' id='line_1_62' title="bbox 91 4118 1632 4210; baseline 0.015 -36"><span class='ocrx_word' id='word_1_419' title='bbox 91 4127 168 4182; x_wconf 80' lang='grc' dir='ltr'><strong>της</strong></span> <span class='ocrx_word' id='word_1_420' title='bbox 199 4118 550 4198; x_wconf 69' lang='grc' dir='ltr'>ἑπισκοπικῆς</span> <span class='ocrx_word' id='word_1_421' title='bbox 581 4131 919 4200; x_wconf 84' lang='grc' dir='ltr'>χειροτονίας</span> <span class='ocrx_word' id='word_1_422' title='bbox 948 4136 995 4186; x_wconf 76' lang='lat' dir='ltr'><strong>oi</strong></span> <span class='ocrx_word' id='word_1_423' title='bbox 1028 4135 1341 4202; x_wconf 84' lang='grc' dir='ltr'>ύπεξούσιοι</span> <span class='ocrx_word' id='word_1_424' title='bbox 1372 4142 1632 4210; x_wconf 83' lang='grc' dir='ltr'>αύτεξού-</span> 
     </span>
    </p>
   </div>
   <div class='ocr_carea' id='block_1_63' title="bbox 91 4211 1628 4307">
    <p class='ocr_par' dir='ltr' id='par_1_63' title="bbox 91 4211 1628 4307">
     <span class='ocr_line' id='line_1_63' title="bbox 91 4211 1628 4307; baseline 0.019 -46"><span class='ocrx_word' id='word_1_425' title='bbox 91 4211 442 4307; x_wconf 24' lang='grc' dir='ltr'>ἷιοιᾷγίνονται,</span> <span class='ocrx_word' id='word_1_426' title='bbox 488 4219 553 4272; x_wconf 83' lang='grc' dir='ltr'><strong>ού</strong></span> <span class='ocrx_word' id='word_1_427' title='bbox 592 4220 699 4292; x_wconf 83' lang='grc' dir='ltr'><strong>μὴν</strong></span> <span class='ocrx_word' id='word_1_428' title='bbox 735 4223 843 4276; x_wconf 84' lang='grc' dir='ltr'><strong>ἀπὸ</strong></span> <span class='ocrx_word' id='word_1_429' title='bbox 890 4225 1220 4298; x_wconf 85' lang='grc' dir='ltr'>κληρώσεως</span> <span class='ocrx_word' id='word_1_430' title='bbox 1269 4234 1628 4307; x_wconf 80' lang='grc' dir='ltr'>οἱασδήτινος.</span> 
     </span>
    </p>
   </div>
   <div class='ocr_carea' id='block_1_64' title="bbox 93 4296 1634 4388">
    <p class='ocr_par' dir='ltr' id='par_1_64' title="bbox 93 4296 1634 4388">
     <span class='ocr_line' id='line_1_64' title="bbox 93 4296 1634 4388; baseline 0.019 -37"><span class='ocrx_word' id='word_1_431' title='bbox 93 4296 154 4351; x_wconf 81' lang='grc' dir='ltr'><strong>Τὰ</strong></span> <span class='ocrx_word' id='word_1_432' title='bbox 179 4301 227 4355; x_wconf 88' lang='grc' dir='ltr'><strong>δὲ</strong></span> <span class='ocrx_word' id='word_1_433' title='bbox 252 4307 568 4378; x_wconf 84' lang='grc' dir='ltr'>ἁρχοντίκια</span> <span class='ocrx_word' id='word_1_434' title='bbox 596 4311 690 4366; x_wconf 75' lang='grc' dir='ltr'>τοῦ</span> <span class='ocrx_word' id='word_1_435' title='bbox 723 4296 1069 4388; x_wconf 55' lang='grc' dir='ltr'>πατριάρχου</span> <span class='ocrx_word' id='word_1_436' title='bbox 1103 4296 1525 4381; x_wconf 75' lang='grc' dir='ltr'>Κωνσταντινου</span> <span class='ocrx_word' id='word_1_437' title='bbox 1537 4296 1634 4380; x_wconf 82' lang='grc' dir='ltr'>πό-</span> 
     </span>
    </p>
   </div>
   <div class='ocr_carea' id='block_1_65' title="bbox 89 4387 1636 4484">
    <p class='ocr_par' dir='ltr' id='par_1_65' title="bbox 89 4387 1636 4484">
     <span class='ocr_line' id='line_1_65' title="bbox 89 4387 1636 4484; baseline 0.019 -40"><span class='ocrx_word' id='word_1_438' title='bbox 89 4387 196 4457; x_wconf 77' lang='grc' dir='ltr'>λεως</span> <span class='ocrx_word' id='word_1_439' title='bbox 217 4399 300 4452; x_wconf 77' lang='grc' dir='ltr'>καὶ</span> <span class='ocrx_word' id='word_1_440' title='bbox 330 4403 491 4472; x_wconf 85' lang='grc' dir='ltr'>μόνου</span> <span class='ocrx_word' id='word_1_441' title='bbox 536 4406 929 4474; x_wconf 82' lang='grc' dir='ltr'>αὐτεξουσίους</span> <span class='ocrx_word' id='word_1_442' title='bbox 980 4412 1195 4467; x_wconf 83' lang='grc' dir='ltr'>ποιοῦσι</span> <span class='ocrx_word' id='word_1_443' title='bbox 1238 4416 1366 4481; x_wconf 83' lang='grc' dir='ltr'>τοὺς</span> <span class='ocrx_word' id='word_1_444' title='bbox 1406 4418 1636 4484; x_wconf 86' lang='grc' dir='ltr'>ύπεξου-</span> 
     </span>
    </p>
   </div>
   <div class='ocr_carea' id='block_1_66' title="bbox 90 4484 1635 4585">
    <p class='ocr_par' dir='ltr' id='par_1_66' title="bbox 90 4484 1635 4585">
     <span class='ocr_line' id='line_1_66' title="bbox 90 4484 1635 4585; baseline 0.018 -46"><span class='ocrx_word' id='word_1_445' title='bbox 90 4484 228 4585; x_wconf 61' lang='grc' dir='ltr'>ϐίους.</span> <span class='ocrx_word' id='word_1_446' title='bbox 252 4490 320 4585; x_wconf 81' lang='grc' dir='ltr'>ὸ</span> <span class='ocrx_word' id='word_1_447' title='bbox 346 4494 400 4547; x_wconf 83' lang='grc' dir='ltr'><strong>δὲ</strong></span> <span class='ocrx_word' id='word_1_448' title='bbox 425 4498 508 4561; x_wconf 77' lang='grc' dir='ltr'><strong>εἰς</strong></span> <span class='ocrx_word' id='word_1_449' title='bbox 538 4502 785 4569; x_wconf 87' lang='grc' dir='ltr'>τριετίαν</span> <span class='ocrx_word' id='word_1_450' title='bbox 810 4507 1269 4573; x_wconf 84' lang='grc' dir='ltr'>παρεκτείνεσθαι</span> <span class='ocrx_word' id='word_1_451' title='bbox 1294 4510 1370 4580; x_wconf 84' lang='grc' dir='ltr'>τῷ</span> <span class='ocrx_word' id='word_1_452' title='bbox 1397 4510 1635 4585; x_wconf 81' lang='grc' dir='ltr'>δεσπότῃ</span> 
     </span>
    </p>
   </div>
   <div class='ocr_carea' id='block_1_67' title="bbox 88 4576 1632 4676">
    <p class='ocr_par' dir='ltr' id='par_1_67' title="bbox 88 4576 1632 4676">
     <span class='ocr_line' id='line_1_67' title="bbox 88 4576 1632 4676; baseline 0.02 -48"><span class='ocrx_word' id='word_1_453' title='bbox 88 4576 163 4647; x_wconf 74' lang='grc' dir='ltr'>τὴν</span> <span class='ocrx_word' id='word_1_454' title='bbox 191 4582 480 4658; x_wconf 73' lang='grc' dir='ltr'>ἀνάκλησιν</span> <span class='ocrx_word' id='word_1_455' title='bbox 514 4591 612 4644; x_wconf 82' lang='grc' dir='ltr'>τοῦ</span> <span class='ocrx_word' id='word_1_456' title='bbox 649 4595 1128 4668; x_wconf 80' lang='grc' dir='ltr'>χειροτονηθέντος</span> <span class='ocrx_word' id='word_1_457' title='bbox 1175 4599 1365 4655; x_wconf 82' lang='grc' dir='ltr'>δούλου</span> <span class='ocrx_word' id='word_1_458' title='bbox 1400 4604 1507 4657; x_wconf 81' lang='grc' dir='ltr'><strong>ἀπὸ</strong></span> <span class='ocrx_word' id='word_1_459' title='bbox 1531 4606 1632 4676; x_wconf 76' lang='grc' dir='ltr'>τῆς</span> 
     </span>
    </p>
   </div>
   <div class='ocr_carea' id='block_1_68' title="bbox 89 4672 1632 4762">
    <p class='ocr_par' dir='ltr' id='par_1_68' title="bbox 89 4672 1632 4762">
     <span class='ocr_line' id='line_1_68' title="bbox 89 4672 1632 4762; baseline 0.01 -29"><span class='ocrx_word' id='word_1_460' title='bbox 89 4672 254 4762; x_wconf 44' lang='grc' dir='ltr'><strong>νεξρᾶς</strong></span> <span class='ocrx_word' id='word_1_461' title='bbox 287 4676 373 4729; x_wconf 79' lang='grc' dir='ltr'>τοῦ</span> <span class='ocrx_word' id='word_1_462' title='bbox 391 4677 668 4748; x_wconf 83' lang='grc' dir='ltr'>βασιλέως</span> <span class='ocrx_word' id='word_1_463' title='bbox 707 4685 901 4756; x_wconf 87' lang='grc' dir='ltr'>κυρίου</span> <span class='ocrx_word' id='word_1_464' title='bbox 928 4688 1158 4753; x_wconf 85' lang='grc' dir='ltr'>Λέοντος</span> <span class='ocrx_word' id='word_1_465' title='bbox 1183 4691 1277 4743; x_wconf 82' lang='grc' dir='ltr'>τοῦ</span> <span class='ocrx_word' id='word_1_466' title='bbox 1307 4692 1483 4762; x_wconf 79' lang='grc' dir='ltr'>Σοφού</span> <span class='ocrx_word' id='word_1_467' title='bbox 1512 4672 1632 4747; x_wconf 79' lang='grc' dir='ltr'>ἐστι</span> 
     </span>
    </p>
   </div>
   <div class='ocr_carea' id='block_1_69' title="bbox 89 4759 1633 4900">
    <p class='ocr_par' dir='ltr' id='par_1_69' title="bbox 89 4759 1633 4900">
     <span class='ocr_line' id='line_1_69' title="bbox 89 4759 1633 4900; baseline 0.017 -86"><span class='ocrx_word' id='word_1_468' title='bbox 89 4759 161 4900; x_wconf 38' lang='grc' dir='ltr'>ἔτι).</span> <span class='ocrx_word' id='word_1_469' title='bbox 181 4771 376 4836; x_wconf 81' lang='grc' dir='ltr'>κρατεῖ,</span> <span class='ocrx_word' id='word_1_470' title='bbox 412 4774 514 4827; x_wconf 85' lang='grc' dir='ltr'><strong>κᾶν</strong></span> <span class='ocrx_word' id='word_1_471' title='bbox 540 4775 837 4843; x_wconf 78' lang='grc' dir='ltr'>ἐπιϐλαὸὲς</span> <span class='ocrx_word' id='word_1_472' title='bbox 868 4782 932 4851; x_wconf 83' lang='grc' dir='ltr'>τῇ</span> <span class='ocrx_word' id='word_1_473' title='bbox 970 4780 1255 4856; x_wconf 82' lang='grc' dir='ltr'>ἐλευθερίᾳ</span> <span class='ocrx_word' id='word_1_474' title='bbox 1279 4759 1419 4851; x_wconf 70' lang='grc' dir='ltr'>ἐστὶ,</span> <span class='ocrx_word' id='word_1_475' title='bbox 1452 4787 1541 4841; x_wconf 73' lang='grc' dir='ltr'>διὰ</span> <span class='ocrx_word' id='word_1_476' title='bbox 1570 4788 1633 4841; x_wconf 78' lang='grc' dir='ltr'><strong>τὸ</strong></span> 
     </span>
     <span class='ocr_line' id='line_1_70' title="bbox 114 4868 1436 4900; baseline 0.018 0"><span class='ocrx_word' id='word_1_477' title='bbox 114 4868 260 4900; x_wconf 61' lang='lat' dir='ltr'><strong>unum</strong></span> <span class='ocrx_word' id='word_1_478' title='bbox 1431 4884 1436 4891; x_wconf 79' lang='grc'><strong><em>“</em></strong></span> 
     </span>
    </p>
   </div>
   <div class='ocr_carea' id='block_1_70' title="bbox 114 4868 1436 4914">
    <p class='ocr_par' dir='ltr' id='par_1_70' title="bbox 114 4868 1436 4914">
     <span class='ocr_line' id='line_1_71' title="bbox 114 4868 1436 4914; baseline 0.013 -11"><span class='ocrx_word' id='word_1_479' title='bbox 114 4868 278 4914; x_wconf 74' lang='grc' dir='ltr'>ικαιον.</span> <span class='ocrx_word' id='word_1_480' title='bbox 1431 4884 1436 4891; x_wconf 75' lang='grc'><strong>“</strong></span> 
     </span>
    </p>
   </div>
   <div class='ocr_carea' id='block_1_71' title="bbox 144 4944 1604 5038">
    <p class='ocr_par' dir='ltr' id='par_1_71' title="bbox 144 4944 1604 5038">
     <span class='ocr_line' id='line_1_72' title="bbox 144 4944 1604 5038; baseline 0.021 -39"><span class='ocrx_word' id='word_1_481' title='bbox 144 4944 369 5010; x_wconf 79' lang='grc' dir='ltr'><strong>ΚΕΦΑΛ.</strong></span> <span class='ocrx_word' id='word_1_482' title='bbox 433 4959 556 5015; x_wconf 86' lang='grc' dir='ltr'><strong>ΛΖ’.</strong></span> <span class='ocrx_word' id='word_1_483' title='bbox 597 4992 665 5004; x_wconf 90' lang='lat'><strong>--</strong></span> <span class='ocrx_word' id='word_1_484' title='bbox 724 4963 865 5033; x_wconf 76' lang='grc' dir='ltr'>Περὶ</span> <span class='ocrx_word' id='word_1_485' title='bbox 913 4964 1348 5038; x_wconf 77' lang='grc' dir='ltr'>δισκονισσῶν,</span> <span class='ocrx_word' id='word_1_486' title='bbox 1386 4975 1485 5029; x_wconf 75' lang='grc' dir='ltr'>καὶ</span> <span class='ocrx_word' id='word_1_487' title='bbox 1514 4974 1604 5029; x_wconf 86' lang='grc' dir='ltr'>ὅτι</span> 
     </span>
    </p>
   </div>
   <div class='ocr_carea' id='block_1_72' title="bbox 92 5041 976 5129">
    <p class='ocr_par' dir='ltr' id='par_1_72' title="bbox 92 5041 976 5129">
     <span class='ocr_line' id='line_1_73' title="bbox 92 5041 976 5129; baseline 0.003 -19"><span class='ocrx_word' id='word_1_488' title='bbox 92 5041 215 5110; x_wconf 71' lang='grc' dir='ltr'><strong>Γυνὴ</strong></span> <span class='ocrx_word' id='word_1_489' title='bbox 238 5048 305 5101; x_wconf 86' lang='grc' dir='ltr'>οὐ</span> <span class='ocrx_word' id='word_1_490' title='bbox 326 5050 549 5121; x_wconf 78' lang='grc' dir='ltr'>γίνεται</span> <span class='ocrx_word' id='word_1_491' title='bbox 578 5058 976 5129; x_wconf 78' lang='grc' dir='ltr'>πρεσϐυτέρα.</span> 
     </span>
    </p>
   </div>
   <div class='ocr_carea' id='block_1_73' title="bbox 147 5132 1634 5225">
    <p class='ocr_par' dir='ltr' id='par_1_73' title="bbox 147 5132 1634 5225">
     <span class='ocr_line' id='line_1_74' title="bbox 147 5132 1634 5225; baseline 0.018 -36"><span class='ocrx_word' id='word_1_492' title='bbox 147 5132 347 5195; x_wconf 77' lang='grc' dir='ltr'>Συνόδου</span> <span class='ocrx_word' id='word_1_493' title='bbox 407 5145 643 5212; x_wconf 85' lang='grc' dir='ltr'>Νικαίας</span> <span class='ocrx_word' id='word_1_494' title='bbox 668 5149 851 5205; x_wconf 87' lang='grc' dir='ltr'>κανὼν</span> <span class='ocrx_word' id='word_1_495' title='bbox 893 5150 979 5205; x_wconf 81' lang='grc' dir='ltr'><strong>ιϐ’·</strong></span> <span class='ocrx_word' id='word_1_496' title='bbox 1027 5155 1246 5210; x_wconf 87' lang='grc' dir='ltr'>συνόδου</span> <span class='ocrx_word' id='word_1_497' title='bbox 1307 5158 1634 5225; x_wconf 87' lang='grc' dir='ltr'>Λαοδικείας</span> 
     </span>
    </p>
   </div>
   <div class='ocr_carea' id='block_1_74' title="bbox 94 5228 1632 5319">
    <p class='ocr_par' dir='ltr' id='par_1_74' title="bbox 94 5228 1632 5319">
     <span class='ocr_line' id='line_1_75' title="bbox 94 5228 1632 5319; baseline 0.023 -46"><span class='ocrx_word' id='word_1_498' title='bbox 94 5228 239 5319; x_wconf 67' lang='grc' dir='ltr'>κανών</span> <span class='ocrx_word' id='word_1_499' title='bbox 268 5230 354 5286; x_wconf 83' lang='grc' dir='ltr'>ια’·</span> <span class='ocrx_word' id='word_1_500' title='bbox 377 5238 596 5293; x_wconf 85' lang='grc' dir='ltr'>συνόδου</span> <span class='ocrx_word' id='word_1_501' title='bbox 615 5241 964 5314; x_wconf 82' lang='grc' dir='ltr'>Χαλκηδόνος</span> <span class='ocrx_word' id='word_1_502' title='bbox 997 5246 1180 5303; x_wconf 86' lang='grc' dir='ltr'>κανὼν</span> <span class='ocrx_word' id='word_1_503' title='bbox 1200 5246 1281 5303; x_wconf 81' lang='grc' dir='ltr'>ιε’·</span> <span class='ocrx_word' id='word_1_504' title='bbox 1312 5251 1535 5305; x_wconf 88' lang='grc' dir='ltr'>συνόδου</span> <span class='ocrx_word' id='word_1_505' title='bbox 1578 5250 1632 5319; x_wconf 80' lang='grc' dir='ltr'>ς’</span> 
     </span>
    </p>
   </div>
   <div class='ocr_carea' id='block_1_75' title="bbox 95 5316 342 5382">
    <p class='ocr_par' dir='ltr' id='par_1_75' title="bbox 95 5316 342 5382">
     <span class='ocr_line' id='line_1_76' title="bbox 95 5316 342 5382; baseline 0.061 -18"><span class='ocrx_word' id='word_1_506' title='bbox 95 5316 239 5373; x_wconf 79' lang='grc' dir='ltr'>κανὼν</span> <span class='ocrx_word' id='word_1_507' title='bbox 268 5324 321 5378; x_wconf 82' lang='grc' dir='ltr'>ιδ’</span> <span class='ocrx_word' id='word_1_508' title='bbox 329 5368 342 5382; x_wconf 93' lang='grc'><strong>.</strong></span> 
     </span>
    </p>
   </div>
   <div class='ocr_carea' id='block_1_76' title="bbox 148 5413 1635 5512">
    <p class='ocr_par' dir='ltr' id='par_1_76' title="bbox 148 5413 1635 5512">
     <span class='ocr_line' id='line_1_77' title="bbox 148 5413 1635 5512; baseline 0.015 -37"><span class='ocrx_word' id='word_1_509' title='bbox 148 5413 372 5512; x_wconf 45' lang='grc' dir='ltr'><strong>ΚΕῩΑΛ.</strong></span> <span class='ocrx_word' id='word_1_510' title='bbox 416 5428 547 5485; x_wconf 76' lang='lat' dir='ltr'><strong>AII&#39;.</strong></span> <span class='ocrx_word' id='word_1_511' title='bbox 576 5463 647 5473; x_wconf 94' lang='lat'><em>—</em></span> <span class='ocrx_word' id='word_1_512' title='bbox 671 5437 810 5505; x_wconf 77' lang='grc' dir='ltr'>Περὶ</span> <span class='ocrx_word' id='word_1_513' title='bbox 844 5439 965 5495; x_wconf 83' lang='grc' dir='ltr'>τῶν</span> <span class='ocrx_word' id='word_1_514' title='bbox 1001 5440 1100 5496; x_wconf 85' lang='grc' dir='ltr'>διὰ</span> <span class='ocrx_word' id='word_1_515' title='bbox 1120 5438 1233 5512; x_wconf 84' lang='grc' dir='ltr'>τῆς</span> <span class='ocrx_word' id='word_1_516' title='bbox 1260 5440 1635 5512; x_wconf 78' lang='grc' dir='ltr'>χειροτονίας</span> 
     </span>
    </p>
   </div>
   <div class='ocr_carea' id='block_1_77' title="bbox 97 5502 839 5593">
    <p class='ocr_par' dir='ltr' id='par_1_77' title="bbox 97 5502 839 5593">
     <span class='ocr_line' id='line_1_78' title="bbox 97 5502 839 5593; baseline 0.044 -43"><span class='ocrx_word' id='word_1_517' title='bbox 97 5502 364 5575; x_wconf 71' lang='grc' dir='ltr'>λυομένων</span> <span class='ocrx_word' id='word_1_518' title='bbox 386 5502 839 5593; x_wconf 76' lang='grc' dir='ltr'>ἁμαρτημάτων.</span> 
     </span>
    </p>
   </div>
   <div class='ocr_carea' id='block_1_78' title="bbox 152 5596 1114 5689">
    <p class='ocr_par' dir='ltr' id='par_1_78' title="bbox 152 5596 1114 5689">
     <span class='ocr_line' id='line_1_79' title="bbox 152 5596 1114 5689; baseline 0.024 -32"><span class='ocrx_word' id='word_1_519' title='bbox 152 5596 352 5662; x_wconf 78' lang='grc' dir='ltr'>Συνὸδου</span> <span class='ocrx_word' id='word_1_520' title='bbox 388 5609 817 5689; x_wconf 85' lang='grc' dir='ltr'>Νεοκαισαρείας</span> <span class='ocrx_word' id='word_1_521' title='bbox 838 5620 1020 5679; x_wconf 89' lang='grc' dir='ltr'>κανὼν</span> <span class='ocrx_word' id='word_1_522' title='bbox 1047 5622 1114 5680; x_wconf 84' lang='grc' dir='ltr'>θ’.</span> 
     </span>
    </p>
   </div>
   <div class='ocr_carea' id='block_1_79' title="bbox 1805 2666 3332 2739">
    <p class='ocr_par' dir='ltr' id='par_1_79' title="bbox 1805 2666 3332 2739">
     <span class='ocr_line' id='line_1_80' title="bbox 1805 2666 3332 2739; baseline -0.005 -8"><span class='ocrx_word' id='word_1_523' title='bbox 1805 2666 1971 2731; x_wconf 71' lang='lat' dir='ltr'><strong>Aliud</strong></span> <span class='ocrx_word' id='word_1_524' title='bbox 2009 2674 2291 2730; x_wconf 77' lang='lat' dir='ltr'><strong>scholium.</strong></span> <span class='ocrx_word' id='word_1_525' title='bbox 2347 2672 2427 2727; x_wconf 85' lang='lat' dir='ltr'><strong>Ex</strong></span> <span class='ocrx_word' id='word_1_526' title='bbox 2480 2668 2711 2726; x_wconf 80' lang='lat' dir='ltr'><strong>novellis</strong></span> <span class='ocrx_word' id='word_1_527' title='bbox 2769 2667 3026 2739; x_wconf 66' lang='lat' dir='ltr'><strong>praesenti</strong></span> <span class='ocrx_word' id='word_1_528' title='bbox 3082 2666 3214 2723; x_wconf 90' lang='lat' dir='ltr'><strong>huic</strong></span> <span class='ocrx_word' id='word_1_529' title='bbox 3260 2666 3332 2723; x_wconf 79' lang='grc'><strong>56</strong></span> 
     </span>
    </p>
   </div>
   <div class='ocr_carea' id='block_1_80' title="bbox 1734 2759 3412 2842">
    <p class='ocr_par' dir='ltr' id='par_1_80' title="bbox 1734 2759 3412 2842">
     <span class='ocr_line' id='line_1_81' title="bbox 1734 2759 3412 2842; baseline -0.007 -15"><span class='ocrx_word' id='word_1_530' title='bbox 1734 2785 1857 2842; x_wconf 88' lang='lat' dir='ltr'><strong>cap.</strong></span> <span class='ocrx_word' id='word_1_531' title='bbox 1890 2770 2114 2827; x_wconf 86' lang='lat' dir='ltr'><strong>insertis</strong></span> <span class='ocrx_word' id='word_1_532' title='bbox 2140 2769 2358 2840; x_wconf 82' lang='lat' dir='ltr'><strong>collige,</strong></span> <span class='ocrx_word' id='word_1_533' title='bbox 2388 2775 2443 2823; x_wconf 90' lang='lat' dir='ltr'><strong>et</strong></span> <span class='ocrx_word' id='word_1_534' title='bbox 2472 2765 2562 2820; x_wconf 91' lang='lat' dir='ltr'><strong>dic</strong></span> <span class='ocrx_word' id='word_1_535' title='bbox 2622 2776 2812 2820; x_wconf 81' lang='lat' dir='ltr'><strong>servos</strong></span> <span class='ocrx_word' id='word_1_536' title='bbox 2847 2770 3043 2831; x_wconf 69' lang='lat' dir='ltr'><strong>praeter</strong></span> <span class='ocrx_word' id='word_1_537' title='bbox 3077 2759 3334 2816; x_wconf 81' lang='lat' dir='ltr'><strong>volunta-</strong></span> <span class='ocrx_word' id='word_1_538' title='bbox 3406 2836 3412 2842; x_wconf 87' lang='lat'><strong>_</strong></span> 
     </span>
    </p>
   </div>
   <div class='ocr_carea' id='block_1_81' title="bbox 1738 2853 3328 2925">
    <p class='ocr_par' dir='ltr' id='par_1_81' title="bbox 1738 2853 3328 2925">
     <span class='ocr_line' id='line_1_82' title="bbox 1738 2853 3328 2925; baseline -0.006 -6"><span class='ocrx_word' id='word_1_539' title='bbox 1738 2873 1845 2919; x_wconf 88' lang='lat' dir='ltr'><strong>tem</strong></span> <span class='ocrx_word' id='word_1_540' title='bbox 1890 2862 2100 2918; x_wconf 80' lang='lat' dir='ltr'><strong>domini</strong></span> <span class='ocrx_word' id='word_1_541' title='bbox 2149 2862 2382 2918; x_wconf 89' lang='lat' dir='ltr'><strong>clericos</strong></span> <span class='ocrx_word' id='word_1_542' title='bbox 2428 2867 2523 2914; x_wconf 89' lang='lat' dir='ltr'><strong>aut</strong></span> <span class='ocrx_word' id='word_1_543' title='bbox 2559 2857 2729 2913; x_wconf 87' lang='lat' dir='ltr'><strong>etiam</strong></span> <span class='ocrx_word' id='word_1_544' title='bbox 2783 2854 3076 2925; x_wconf 91' lang='lat' dir='ltr'><strong>episcopos</strong></span> <span class='ocrx_word' id='word_1_545' title='bbox 3133 2853 3328 2921; x_wconf 78' lang='lat' dir='ltr'><strong>factos,</strong></span> 
     </span>
    </p>
   </div>
   <div class='ocr_carea' id='block_1_82' title="bbox 1736 2946 3330 3028">
    <p class='ocr_par' dir='ltr' id='par_1_82' title="bbox 1736 2946 3330 3028">
     <span class='ocr_line' id='line_1_83' title="bbox 1736 2946 3330 3028; baseline -0.007 -16"><span class='ocrx_word' id='word_1_546' title='bbox 1736 2957 1804 3012; x_wconf 88' lang='lat' dir='ltr'><strong>ad</strong></span> <span class='ocrx_word' id='word_1_547' title='bbox 1862 2958 2155 3028; x_wconf 88' lang='lat' dir='ltr'><strong>pristinum</strong></span> <span class='ocrx_word' id='word_1_548' title='bbox 2213 2955 2502 3011; x_wconf 89' lang='lat' dir='ltr'><strong>dominum</strong></span> <span class='ocrx_word' id='word_1_549' title='bbox 2543 2948 2801 3022; x_wconf 84' lang='lat' dir='ltr'><strong>quamvis</strong></span> <span class='ocrx_word' id='word_1_550' title='bbox 2846 2947 3054 3003; x_wconf 87' lang='lat' dir='ltr'><strong>invitos</strong></span> <span class='ocrx_word' id='word_1_551' title='bbox 3104 2946 3330 3013; x_wconf 86' lang='lat' dir='ltr'><strong>reverti,</strong></span> 
     </span>
    </p>
   </div>
   <div class='ocr_carea' id='block_1_83' title="bbox 1740 3039 3335 3120">
    <p class='ocr_par' dir='ltr' id='par_1_83' title="bbox 1740 3039 3335 3120">
     <span class='ocr_line' id='line_1_84' title="bbox 1740 3039 3335 3120; baseline -0.006 -15"><span class='ocrx_word' id='word_1_552' title='bbox 1740 3050 1986 3120; x_wconf 89' lang='lat' dir='ltr'><strong>nihilque</strong></span> <span class='ocrx_word' id='word_1_553' title='bbox 2014 3064 2081 3104; x_wconf 84' lang='lat' dir='ltr'><strong>ex</strong></span> <span class='ocrx_word' id='word_1_554' title='bbox 2111 3047 2459 3104; x_wconf 84' lang='lat' dir='ltr'><strong>ordinatione</strong></span> <span class='ocrx_word' id='word_1_555' title='bbox 2491 3044 2745 3099; x_wconf 86' lang='lat' dir='ltr'><strong>utilitatis</strong></span> <span class='ocrx_word' id='word_1_556' title='bbox 2771 3056 2991 3112; x_wconf 88' lang='lat' dir='ltr'><strong>capere.</strong></span> <span class='ocrx_word' id='word_1_557' title='bbox 3030 3039 3129 3096; x_wconf 94' lang='lat' dir='ltr'><strong>Dic</strong></span> <span class='ocrx_word' id='word_1_558' title='bbox 3176 3040 3335 3096; x_wconf 89' lang='lat' dir='ltr'><strong>simi-</strong></span> 
     </span>
    </p>
   </div>
   <div class='ocr_carea' id='block_1_84' title="bbox 1659 3137 3325 3229">
    <p class='ocr_par' dir='ltr' id='par_1_84' title="bbox 1659 3137 3325 3229">
     <span class='ocr_line' id='line_1_85' title="bbox 1659 3137 3325 3229; baseline -0.006 -31"><span class='ocrx_word' id='word_1_559' title='bbox 1659 3169 1704 3229; x_wconf 69' lang='grc' dir='ltr'><strong>ο</strong></span> <span class='ocrx_word' id='word_1_560' title='bbox 1740 3144 1863 3198; x_wconf 85' lang='lat' dir='ltr'><strong>liter</strong></span> <span class='ocrx_word' id='word_1_561' title='bbox 1891 3142 2176 3197; x_wconf 91' lang='lat' dir='ltr'><strong>dominum</strong></span> <span class='ocrx_word' id='word_1_562' title='bbox 2232 3141 2332 3196; x_wconf 86' lang='lat' dir='ltr'><strong>hos</strong></span> <span class='ocrx_word' id='word_1_563' title='bbox 2358 3154 2469 3193; x_wconf 92' lang='lat' dir='ltr'><strong>non</strong></span> <span class='ocrx_word' id='word_1_564' title='bbox 2504 3137 2823 3192; x_wconf 87' lang='lat' dir='ltr'><strong>indistincte</strong></span> <span class='ocrx_word' id='word_1_565' title='bbox 2859 3148 3118 3190; x_wconf 89' lang='lat' dir='ltr'><strong>revocare</strong></span> <span class='ocrx_word' id='word_1_566' title='bbox 3141 3147 3325 3205; x_wconf 88' lang='lat' dir='ltr'><strong>posse,</strong></span> 
     </span>
    </p>
   </div>
   <div class='ocr_carea' id='block_1_85' title="bbox 1741 3226 3332 3300">
    <p class='ocr_par' dir='ltr' id='par_1_85' title="bbox 1741 3226 3332 3300">
     <span class='ocr_line' id='line_1_86' title="bbox 1741 3226 3332 3300; baseline -0.006 -10"><span class='ocrx_word' id='word_1_567' title='bbox 1741 3233 1836 3290; x_wconf 90' lang='lat' dir='ltr'><strong>sed</strong></span> <span class='ocrx_word' id='word_1_568' title='bbox 1870 3234 2015 3288; x_wconf 89' lang='lat' dir='ltr'><strong>intra</strong></span> <span class='ocrx_word' id='word_1_569' title='bbox 2046 3231 2369 3293; x_wconf 88' lang='lat' dir='ltr'><strong>triennium,</strong></span> <span class='ocrx_word' id='word_1_570' title='bbox 2406 3238 2770 3300; x_wconf 85' lang='lat' dir='ltr'><strong>posteaquam</strong></span> <span class='ocrx_word' id='word_1_571' title='bbox 2826 3242 2945 3282; x_wconf 89' lang='lat' dir='ltr'><strong>rem</strong></span> <span class='ocrx_word' id='word_1_572' title='bbox 2991 3226 3332 3297; x_wconf 84' lang='lat' dir='ltr'><strong>cognoverit,</strong></span> 
     </span>
    </p>
   </div>
   <div class='ocr_carea' id='block_1_86' title="bbox 1740 3315 3335 3394">
    <p class='ocr_par' dir='ltr' id='par_1_86' title="bbox 1740 3315 3335 3394">
     <span class='ocr_line' id='line_1_87' title="bbox 1740 3315 3335 3394; baseline -0.005 -15"><span class='ocrx_word' id='word_1_573' title='bbox 1740 3323 2169 3394; x_wconf 85' lang='lat' dir='ltr'><strong>supputandum.</strong></span> <span class='ocrx_word' id='word_1_574' title='bbox 2204 3321 2437 3392; x_wconf 89' lang='lat' dir='ltr'><strong>Insuper</strong></span> <span class='ocrx_word' id='word_1_575' title='bbox 2463 3320 2573 3386; x_wconf 86' lang='lat' dir='ltr'><strong>dic,</strong></span> <span class='ocrx_word' id='word_1_576' title='bbox 2619 3315 2985 3390; x_wconf 85' lang='lat' dir='ltr'><strong>[quanquam]</strong></span> <span class='ocrx_word' id='word_1_577' title='bbox 3015 3316 3099 3371; x_wconf 80' lang='lat' dir='ltr'><strong>Iex</strong></span> <span class='ocrx_word' id='word_1_578' title='bbox 3130 3316 3335 3381; x_wconf 86' lang='lat' dir='ltr'><strong>tradat,</strong></span> 
     </span>
    </p>
   </div>
   <div class='ocr_carea' id='block_1_87' title="bbox 1739 3408 3330 3487">
    <p class='ocr_par' dir='ltr' id='par_1_87' title="bbox 1739 3408 3330 3487">
     <span class='ocr_line' id='line_1_88' title="bbox 1739 3408 3330 3487; baseline -0.005 -16"><span class='ocrx_word' id='word_1_579' title='bbox 1739 3416 2135 3487; x_wconf 89' lang='lat' dir='ltr'><strong>interrogatum</strong></span> <span class='ocrx_word' id='word_1_580' title='bbox 2165 3428 2274 3469; x_wconf 90' lang='lat' dir='ltr'><strong>non</strong></span> <span class='ocrx_word' id='word_1_581' title='bbox 2310 3411 2803 3476; x_wconf 88' lang='lat' dir='ltr'><strong>contradicentem,</strong></span> <span class='ocrx_word' id='word_1_582' title='bbox 2834 3409 2929 3465; x_wconf 88' lang='lat' dir='ltr'><strong>sed</strong></span> <span class='ocrx_word' id='word_1_583' title='bbox 2982 3419 3246 3464; x_wconf 86' lang='lat' dir='ltr'><strong>tacentem</strong></span> <span class='ocrx_word' id='word_1_584' title='bbox 3276 3408 3330 3463; x_wconf 91' lang='lat' dir='ltr'><strong>in</strong></span> 
     </span>
    </p>
   </div>
   <div class='ocr_carea' id='block_1_88' title="bbox 1739 3499 3334 3578">
    <p class='ocr_par' dir='ltr' id='par_1_88' title="bbox 1739 3499 3334 3578">
     <span class='ocr_line' id='line_1_89' title="bbox 1739 3499 3334 3578; baseline -0.006 -17"><span class='ocrx_word' id='word_1_585' title='bbox 1739 3522 1801 3563; x_wconf 89' lang='lat' dir='ltr'><strong>re</strong></span> <span class='ocrx_word' id='word_1_586' title='bbox 1850 3507 1952 3578; x_wconf 89' lang='lat' dir='ltr'><strong>ipsi</strong></span> <span class='ocrx_word' id='word_1_587' title='bbox 2000 3507 2217 3562; x_wconf 90' lang='lat' dir='ltr'><strong>lucrosa</strong></span> <span class='ocrx_word' id='word_1_588' title='bbox 2272 3518 2374 3574; x_wconf 90' lang='lat' dir='ltr'><strong>pro</strong></span> <span class='ocrx_word' id='word_1_589' title='bbox 2426 3501 2830 3565; x_wconf 86' lang='lat' dir='ltr'><strong>consentiente,</strong></span> <span class='ocrx_word' id='word_1_590' title='bbox 2871 3499 3139 3554; x_wconf 89' lang='lat' dir='ltr'><strong>damnosa</strong></span> <span class='ocrx_word' id='word_1_591' title='bbox 3200 3511 3334 3552; x_wconf 85' lang='lat' dir='ltr'><strong>vero</strong></span> 
     </span>
    </p>
   </div>
   <div class='ocr_carea' id='block_1_89' title="bbox 1740 3588 3336 3671">
    <p class='ocr_par' dir='ltr' id='par_1_89' title="bbox 1740 3588 3336 3671">
     <span class='ocr_line' id='line_1_90' title="bbox 1740 3588 3336 3671; baseline -0.007 -16"><span class='ocrx_word' id='word_1_592' title='bbox 1740 3614 1842 3671; x_wconf 84' lang='lat' dir='ltr'><strong>pro</strong></span> <span class='ocrx_word' id='word_1_593' title='bbox 1871 3608 2107 3671; x_wconf 84' lang='lat' dir='ltr'><strong>negante</strong></span> <span class='ocrx_word' id='word_1_594' title='bbox 2157 3595 2347 3651; x_wconf 88' lang='lat' dir='ltr'><strong>haberi</strong></span> <span class='ocrx_word' id='word_1_595' title='bbox 2394 3612 2409 3650; x_wconf 89' lang='lat'><strong>:</strong></span> <span class='ocrx_word' id='word_1_596' title='bbox 2467 3596 2522 3650; x_wconf 92' lang='lat' dir='ltr'><strong>in</strong></span> <span class='ocrx_word' id='word_1_597' title='bbox 2555 3592 2813 3665; x_wconf 86' lang='lat' dir='ltr'><strong>praesenti</strong></span> <span class='ocrx_word' id='word_1_598' title='bbox 2850 3588 3076 3663; x_wconf 89' lang='lat' dir='ltr'><strong>[tamen]</strong></span> <span class='ocrx_word' id='word_1_599' title='bbox 3124 3588 3336 3659; x_wconf 88' lang='lat' dir='ltr'><strong>specie,</strong></span> 
     </span>
    </p>
   </div>
   <div class='ocr_carea' id='block_1_90' title="bbox 1744 3680 3338 3749">
    <p class='ocr_par' dir='ltr' id='par_1_90' title="bbox 1744 3680 3338 3749">
     <span class='ocr_line' id='line_1_91' title="bbox 1744 3680 3338 3749; baseline -0.009 0"><span class='ocrx_word' id='word_1_600' title='bbox 1744 3693 2011 3749; x_wconf 87' lang='lat' dir='ltr'><strong>scientem</strong></span> <span class='ocrx_word' id='word_1_601' title='bbox 2050 3690 2459 3747; x_wconf 90' lang='lat' dir='ltr'><strong>ordinationem</strong></span> <span class='ocrx_word' id='word_1_602' title='bbox 2485 3688 2628 3743; x_wconf 88' lang='lat' dir='ltr'><strong>servi</strong></span> <span class='ocrx_word' id='word_1_603' title='bbox 2660 3687 2747 3743; x_wconf 90' lang='lat' dir='ltr'><strong>sui</strong></span> <span class='ocrx_word' id='word_1_604' title='bbox 2806 3694 2861 3741; x_wconf 88' lang='lat' dir='ltr'><strong>et</strong></span> <span class='ocrx_word' id='word_1_605' title='bbox 2896 3699 3005 3739; x_wconf 89' lang='lat' dir='ltr'><strong>non</strong></span> <span class='ocrx_word' id='word_1_606' title='bbox 3054 3680 3338 3738; x_wconf 89' lang='lat' dir='ltr'><strong>contradi-</strong></span> 
     </span>
    </p>
   </div>
   <div class='ocr_carea' id='block_1_91' title="bbox 1742 3774 3338 3854">
    <p class='ocr_par' dir='ltr' id='par_1_91' title="bbox 1742 3774 3338 3854">
     <span class='ocr_line' id='line_1_92' title="bbox 1742 3774 3338 3854; baseline -0.009 -10"><span class='ocrx_word' id='word_1_607' title='bbox 1742 3794 1976 3854; x_wconf 89' lang='lat' dir='ltr'><strong>centem,</strong></span> <span class='ocrx_word' id='word_1_608' title='bbox 2001 3785 2225 3841; x_wconf 87' lang='lat' dir='ltr'><strong>tametsi</strong></span> <span class='ocrx_word' id='word_1_609' title='bbox 2253 3784 2457 3839; x_wconf 89' lang='lat' dir='ltr'><strong>damno</strong></span> <span class='ocrx_word' id='word_1_610' title='bbox 2503 3780 2802 3846; x_wconf 80' lang='lat' dir='ltr'><strong>afﬁciatur,</strong></span> <span class='ocrx_word' id='word_1_611' title='bbox 2832 3792 2933 3848; x_wconf 88' lang='lat' dir='ltr'><strong>pro</strong></span> <span class='ocrx_word' id='word_1_612' title='bbox 2957 3774 3338 3832; x_wconf 81' lang='lat' dir='ltr'><strong>consentiente</strong></span> 
     </span>
    </p>
   </div>
   <div class='ocr_carea' id='block_1_92' title="bbox 1741 3869 3340 3950">
    <p class='ocr_par' dir='ltr' id='par_1_92' title="bbox 1741 3869 3340 3950">
     <span class='ocr_line' id='line_1_93' title="bbox 1741 3869 3340 3950; baseline -0.006 -16"><span class='ocrx_word' id='word_1_613' title='bbox 1741 3879 2007 3950; x_wconf 89' lang='lat' dir='ltr'><strong>reputari.</strong></span> <span class='ocrx_word' id='word_1_614' title='bbox 2042 3879 2223 3947; x_wconf 83' lang='lat' dir='ltr'><strong>Atque</strong></span> <span class='ocrx_word' id='word_1_615' title='bbox 2254 3885 2341 3930; x_wconf 90' lang='lat' dir='ltr'><strong>est</strong></span> <span class='ocrx_word' id='word_1_616' title='bbox 2370 3876 2477 3929; x_wconf 88' lang='lat' dir='ltr'><strong>hoc</strong></span> <span class='ocrx_word' id='word_1_617' title='bbox 2522 3869 2792 3946; x_wconf 90' lang='lat' dir='ltr'><strong>[quidem]</strong></span> <span class='ocrx_word' id='word_1_618' title='bbox 2842 3869 3078 3940; x_wconf 86' lang='lat' dir='ltr'><strong>speciale</strong></span> <span class='ocrx_word' id='word_1_619' title='bbox 3116 3878 3340 3938; x_wconf 85' lang='lat' dir='ltr'><strong>propter</strong></span> 
     </span>
    </p>
   </div>
   <div class='ocr_carea' id='block_1_93' title="bbox 1744 3960 3334 4037">
    <p class='ocr_par' dir='ltr' id='par_1_93' title="bbox 1744 3960 3334 4037">
     <span class='ocr_line' id='line_1_94' title="bbox 1744 3960 3334 4037; baseline -0.008 -11"><span class='ocrx_word' id='word_1_620' title='bbox 1744 3970 2080 4026; x_wconf 88' lang='lat' dir='ltr'><strong>libertatem.</strong></span> <span class='ocrx_word' id='word_1_621' title='bbox 2118 3967 2367 4037; x_wconf 88' lang='lat' dir='ltr'><strong>Denique</strong></span> <span class='ocrx_word' id='word_1_622' title='bbox 2414 3966 2525 4031; x_wconf 90' lang='lat' dir='ltr'><strong>dic,</strong></span> <span class='ocrx_word' id='word_1_623' title='bbox 2560 3979 2659 4034; x_wconf 87' lang='lat' dir='ltr'><strong>per</strong></span> <span class='ocrx_word' id='word_1_624' title='bbox 2709 3963 2885 4018; x_wconf 89' lang='lat' dir='ltr'><strong>solam</strong></span> <span class='ocrx_word' id='word_1_625' title='bbox 2928 3960 3334 4016; x_wconf 87' lang='lat' dir='ltr'><strong>ordinationem</strong></span> 
     </span>
    </p>
   </div>
   <div class='ocr_carea' id='block_1_94' title="bbox 1743 4052 3334 4135">
    <p class='ocr_par' dir='ltr' id='par_1_94' title="bbox 1743 4052 3334 4135">
     <span class='ocr_line' id='line_1_95' title="bbox 1743 4052 3334 4135; baseline -0.007 -16"><span class='ocrx_word' id='word_1_626' title='bbox 1743 4064 1797 4119; x_wconf 91' lang='lat' dir='ltr'><strong>in</strong></span> <span class='ocrx_word' id='word_1_627' title='bbox 1814 4064 2131 4135; x_wconf 84' lang='lat' dir='ltr'><strong>episcopum</strong></span> <span class='ocrx_word' id='word_1_628' title='bbox 2157 4061 2347 4132; x_wconf 80' lang='lat' dir='ltr'><strong>patriae</strong></span> <span class='ocrx_word' id='word_1_629' title='bbox 2359 4058 2616 4131; x_wconf 86' lang='lat' dir='ltr'><strong>potestati</strong></span> <span class='ocrx_word' id='word_1_630' title='bbox 2634 4057 2885 4113; x_wconf 91' lang='lat' dir='ltr'><strong>subditos</strong></span> <span class='ocrx_word' id='word_1_631' title='bbox 2900 4055 2969 4110; x_wconf 90' lang='lat' dir='ltr'><strong>ab</strong></span> <span class='ocrx_word' id='word_1_632' title='bbox 2992 4070 3055 4110; x_wconf 89' lang='lat' dir='ltr'><strong>ea</strong></span> <span class='ocrx_word' id='word_1_633' title='bbox 3074 4052 3295 4109; x_wconf 89' lang='lat' dir='ltr'><strong>liberari</strong></span> <span class='ocrx_word' id='word_1_634' title='bbox 3320 4072 3334 4108; x_wconf 90' lang='lat'><strong>:</strong></span> 
     </span>
    </p>
   </div>
   <div class='ocr_carea' id='block_1_95' title="bbox 1743 4147 3341 4227">
    <p class='ocr_par' dir='ltr' id='par_1_95' title="bbox 1743 4147 3341 4227">
     <span class='ocr_line' id='line_1_96' title="bbox 1743 4147 3341 4227; baseline -0.007 -15"><span class='ocrx_word' id='word_1_635' title='bbox 1743 4173 1854 4212; x_wconf 88' lang='lat' dir='ltr'><strong>non</strong></span> <span class='ocrx_word' id='word_1_636' title='bbox 1919 4165 2103 4211; x_wconf 88' lang='lat' dir='ltr'><strong>autem</strong></span> <span class='ocrx_word' id='word_1_637' title='bbox 2157 4153 2302 4227; x_wconf 87' lang='lat' dir='ltr'><strong>[per</strong></span> <span class='ocrx_word' id='word_1_638' title='bbox 2365 4148 2812 4222; x_wconf 88' lang='lat' dir='ltr'><strong>ordinationem]</strong></span> <span class='ocrx_word' id='word_1_639' title='bbox 2873 4149 2928 4204; x_wconf 91' lang='lat' dir='ltr'><strong>in</strong></span> <span class='ocrx_word' id='word_1_640' title='bbox 2999 4147 3341 4218; x_wconf 82' lang='lat' dir='ltr'><strong>qualiscum-</strong></span> 
     </span>
    </p>
   </div>
   <div class='ocr_carea' id='block_1_96' title="bbox 1744 4240 3334 4320">
    <p class='ocr_par' dir='ltr' id='par_1_96' title="bbox 1744 4240 3334 4320">
     <span class='ocr_line' id='line_1_97' title="bbox 1744 4240 3334 4320; baseline -0.008 -16"><span class='ocrx_word' id='word_1_641' title='bbox 1744 4265 1852 4320; x_wconf 91' lang='lat' dir='ltr'><strong>que</strong></span> <span class='ocrx_word' id='word_1_642' title='bbox 1877 4248 2079 4319; x_wconf 88' lang='lat' dir='ltr'><strong>gradus</strong></span> <span class='ocrx_word' id='word_1_643' title='bbox 2105 4247 2387 4302; x_wconf 87' lang='lat' dir='ltr'><strong>clericum.</strong></span> <span class='ocrx_word' id='word_1_644' title='bbox 2431 4242 2673 4310; x_wconf 82' lang='lat' dir='ltr'><strong>Insignia</strong></span> <span class='ocrx_word' id='word_1_645' title='bbox 2722 4256 2856 4297; x_wconf 87' lang='lat' dir='ltr'><strong>vero</strong></span> <span class='ocrx_word' id='word_1_646' title='bbox 2910 4240 3334 4309; x_wconf 84' lang='lat' dir='ltr'><strong>magistratuum</strong></span> 
     </span>
    </p>
   </div>
   <div class='ocr_carea' id='block_1_97' title="bbox 1747 4331 3340 4413">
    <p class='ocr_par' dir='ltr' id='par_1_97' title="bbox 1747 4331 3340 4413">
     <span class='ocr_line' id='line_1_98' title="bbox 1747 4331 3340 4413; baseline -0.008 -15"><span class='ocrx_word' id='word_1_647' title='bbox 1747 4342 2076 4413; x_wconf 83' lang='lat' dir='ltr'><strong>patriarchae</strong></span> <span class='ocrx_word' id='word_1_648' title='bbox 2154 4335 2811 4408; x_wconf 88' lang='lat' dir='ltr'><strong>Constantinopolitani,</strong></span> <span class='ocrx_word' id='word_1_649' title='bbox 2869 4333 3101 4404; x_wconf 86' lang='lat' dir='ltr'><strong>ejusque</strong></span> <span class='ocrx_word' id='word_1_650' title='bbox 3163 4331 3340 4387; x_wconf 89' lang='lat' dir='ltr'><strong>solius</strong></span> 
     </span>
    </p>
   </div>
   <div class='ocr_carea' id='block_1_98' title="bbox 1746 4425 3338 4508">
    <p class='ocr_par' dir='ltr' id='par_1_98' title="bbox 1746 4425 3338 4508">
     <span class='ocr_line' id='line_1_99' title="bbox 1746 4425 3338 4508; baseline -0.006 -17"><span class='ocrx_word' id='word_1_651' title='bbox 1746 4437 1938 4508; x_wconf 65' lang='lat' dir='ltr'><strong>patria:</strong></span> <span class='ocrx_word' id='word_1_652' title='bbox 1985 4434 2244 4507; x_wconf 84' lang='lat' dir='ltr'><strong>potestati</strong></span> <span class='ocrx_word' id='word_1_653' title='bbox 2290 4433 2561 4489; x_wconf 78' lang='lat' dir='ltr'><strong>obnoxios</strong></span> <span class='ocrx_word' id='word_1_654' title='bbox 2607 4428 2981 4499; x_wconf 87' lang='lat' dir='ltr'><strong>emancipant.</strong></span> <span class='ocrx_word' id='word_1_655' title='bbox 3013 4425 3172 4492; x_wconf 76' lang='lat' dir='ltr'><strong>Quod</strong></span> <span class='ocrx_word' id='word_1_656' title='bbox 3206 4440 3338 4481; x_wconf 85' lang='lat' dir='ltr'><strong>vero</strong></span> 
     </span>
    </p>
   </div>
   <div class='ocr_carea' id='block_1_99' title="bbox 1670 4519 3337 4612">
    <p class='ocr_par' dir='ltr' id='par_1_99' title="bbox 1670 4519 3337 4612">
     <span class='ocr_line' id='line_1_100' title="bbox 1670 4519 3337 4612; baseline -0.01 -25"><span class='ocrx_word' id='word_1_657' title='bbox 1670 4557 1713 4612; x_wconf 73' lang='grc' dir='ltr'>υ</span> <span class='ocrx_word' id='word_1_658' title='bbox 1740 4531 1967 4587; x_wconf 87' lang='lat' dir='ltr'><strong>domino</strong></span> <span class='ocrx_word' id='word_1_659' title='bbox 2001 4528 2280 4585; x_wconf 88' lang='lat' dir='ltr'><strong>revocatio</strong></span> <span class='ocrx_word' id='word_1_660' title='bbox 2310 4526 2545 4582; x_wconf 88' lang='lat' dir='ltr'><strong>ordinati</strong></span> <span class='ocrx_word' id='word_1_661' title='bbox 2580 4522 2723 4580; x_wconf 82' lang='lat' dir='ltr'><strong>servi</strong></span> <span class='ocrx_word' id='word_1_662' title='bbox 2756 4522 2814 4575; x_wconf 90' lang='lat' dir='ltr'><strong>in</strong></span> <span class='ocrx_word' id='word_1_663' title='bbox 2861 4519 3159 4574; x_wconf 89' lang='lat' dir='ltr'><strong>triennium</strong></span> <span class='ocrx_word' id='word_1_664' title='bbox 3207 4530 3337 4587; x_wconf 89' lang='lat' dir='ltr'><strong>pro-</strong></span> 
     </span>
    </p>
   </div>
   <div class='ocr_carea' id='block_1_100' title="bbox 1742 4608 3337 4693">
    <p class='ocr_par' dir='ltr' id='par_1_100' title="bbox 1742 4608 3337 4693">
     <span class='ocr_line' id='line_1_101' title="bbox 1742 4608 3337 4693; baseline -0.008 -16"><span class='ocrx_word' id='word_1_665' title='bbox 1742 4622 2006 4687; x_wconf 87' lang='lat' dir='ltr'><strong>tenditur,</strong></span> <span class='ocrx_word' id='word_1_666' title='bbox 2039 4620 2140 4693; x_wconf 92' lang='lat' dir='ltr'><strong>[id]</strong></span> <span class='ocrx_word' id='word_1_667' title='bbox 2168 4636 2236 4675; x_wconf 85' lang='lat' dir='ltr'><strong>ex</strong></span> <span class='ocrx_word' id='word_1_668' title='bbox 2278 4617 2495 4672; x_wconf 87' lang='lat' dir='ltr'><strong>novella</strong></span> <span class='ocrx_word' id='word_1_669' title='bbox 2543 4612 2900 4684; x_wconf 89' lang='lat' dir='ltr'><strong>imperatoris</strong></span> <span class='ocrx_word' id='word_1_670' title='bbox 2929 4609 3140 4666; x_wconf 87' lang='lat' dir='ltr'><strong>domini</strong></span> <span class='ocrx_word' id='word_1_671' title='bbox 3192 4608 3337 4665; x_wconf 86' lang='lat' dir='ltr'><strong>Leo-</strong></span> 
     </span>
    </p>
   </div>
   <div class='ocr_carea' id='block_1_101' title="bbox 1743 4701 3339 4786">
    <p class='ocr_par' dir='ltr' id='par_1_101' title="bbox 1743 4701 3339 4786">
     <span class='ocr_line' id='line_1_102' title="bbox 1743 4701 3339 4786; baseline -0.009 -16"><span class='ocrx_word' id='word_1_672' title='bbox 1743 4716 1832 4771; x_wconf 90' lang='lat' dir='ltr'><strong>nis</strong></span> <span class='ocrx_word' id='word_1_673' title='bbox 1870 4714 2147 4786; x_wconf 88' lang='lat' dir='ltr'><strong>Sapientis</strong></span> <span class='ocrx_word' id='word_1_674' title='bbox 2198 4707 2601 4786; x_wconf 90' lang='lat' dir='ltr'><strong>[desumptum]</strong></span> <span class='ocrx_word' id='word_1_675' title='bbox 2633 4718 2761 4763; x_wconf 87' lang='lat' dir='ltr'><strong>est:</strong></span> <span class='ocrx_word' id='word_1_676' title='bbox 2810 4716 2866 4761; x_wconf 89' lang='lat' dir='ltr'><strong>et</strong></span> <span class='ocrx_word' id='word_1_677' title='bbox 2897 4718 3217 4777; x_wconf 87' lang='lat' dir='ltr'><strong>quanquam</strong></span> <span class='ocrx_word' id='word_1_678' title='bbox 3265 4701 3339 4756; x_wconf 86' lang='lat' dir='ltr'><strong>Ii-</strong></span> 
     </span>
    </p>
   </div>
   <div class='ocr_carea' id='block_1_102' title="bbox 1743 4794 3338 4879">
    <p class='ocr_par' dir='ltr' id='par_1_102' title="bbox 1743 4794 3338 4879">
     <span class='ocr_line' id='line_1_103' title="bbox 1743 4794 3338 4879; baseline -0.008 -15"><span class='ocrx_word' id='word_1_679' title='bbox 1743 4809 1943 4865; x_wconf 86' lang='lat' dir='ltr'><strong>bertati</strong></span> <span class='ocrx_word' id='word_1_680' title='bbox 2012 4822 2179 4879; x_wconf 89' lang='lat' dir='ltr'><strong>grave</strong></span> <span class='ocrx_word' id='word_1_681' title='bbox 2229 4805 2303 4862; x_wconf 90' lang='lat' dir='ltr'><strong>sit</strong></span> <span class='ocrx_word' id='word_1_682' title='bbox 2349 4804 2531 4877; x_wconf 89' lang='lat' dir='ltr'><strong>[eique</strong></span> <span class='ocrx_word' id='word_1_683' title='bbox 2583 4802 3038 4872; x_wconf 85' lang='lat' dir='ltr'><strong>impedimentum</strong></span> <span class='ocrx_word' id='word_1_684' title='bbox 3093 4794 3338 4868; x_wconf 67' lang='lat' dir='ltr'><strong>afferat],</strong></span> 
     </span>
    </p>
   </div>
   <div class='ocr_carea' id='block_1_103' title="bbox 1744 4888 3249 4971">
    <p class='ocr_par' dir='ltr' id='par_1_103' title="bbox 1744 4888 3249 4971">
     <span class='ocr_line' id='line_1_104' title="bbox 1744 4888 3249 4971; baseline -0.009 -16"><span class='ocrx_word' id='word_1_685' title='bbox 1744 4910 1966 4971; x_wconf 88' lang='lat' dir='ltr'><strong>propter</strong></span> <span class='ocrx_word' id='word_1_686' title='bbox 1991 4900 2085 4970; x_wconf 88' lang='lat' dir='ltr'><strong>jus</strong></span> <span class='ocrx_word' id='word_1_687' title='bbox 2116 4897 2324 4971; x_wconf 89' lang='lat' dir='ltr'><strong>[tamen</strong></span> <span class='ocrx_word' id='word_1_688' title='bbox 2353 4905 2409 4951; x_wconf 92' lang='lat' dir='ltr'><strong>et</strong></span> <span class='ocrx_word' id='word_1_689' title='bbox 2428 4890 2767 4965; x_wconf 69' lang='lat' dir='ltr'><strong>aequitatem]</strong></span> <span class='ocrx_word' id='word_1_690' title='bbox 2796 4894 3035 4963; x_wconf 90' lang='lat' dir='ltr'><strong>vigorem</strong></span> <span class='ocrx_word' id='word_1_691' title='bbox 3062 4888 3249 4944; x_wconf 84' lang='lat' dir='ltr'><strong>habet.</strong></span> 
     </span>
    </p>
   </div>
   <div class='ocr_carea' id='block_1_104' title="bbox 1813 4978 3343 5054">
    <p class='ocr_par' dir='ltr' id='par_1_104' title="bbox 1813 4978 3343 5054">
     <span class='ocr_line' id='line_1_105' title="bbox 1813 4978 3343 5054; baseline -0.011 -6"><span class='ocrx_word' id='word_1_692' title='bbox 1813 4992 1968 5048; x_wconf 74' lang='lat' dir='ltr'><strong>CAP.</strong></span> <span class='ocrx_word' id='word_1_693' title='bbox 2014 4988 2283 5045; x_wconf 79' lang='lat' dir='ltr'><strong>XXXVII.</strong></span> <span class='ocrx_word' id='word_1_694' title='bbox 2322 4986 2491 5042; x_wconf 86' lang='lat' dir='ltr'><strong>—De</strong></span> <span class='ocrx_word' id='word_1_695' title='bbox 2515 4984 2860 5053; x_wconf 70' lang='lat' dir='ltr'><strong>diaconissis,</strong></span> <span class='ocrx_word' id='word_1_696' title='bbox 2884 4992 2931 5039; x_wconf 83' lang='lat' dir='ltr'><strong>et</strong></span> <span class='ocrx_word' id='word_1_697' title='bbox 2965 4982 3105 5054; x_wconf 82' lang='lat' dir='ltr'><strong>quod</strong></span> <span class='ocrx_word' id='word_1_698' title='bbox 3148 4978 3343 5034; x_wconf 85' lang='lat' dir='ltr'><strong>mulier</strong></span> 
     </span>
    </p>
   </div>
   <div class='ocr_carea' id='block_1_105' title="bbox 1740 5082 2326 5160">
    <p class='ocr_par' dir='ltr' id='par_1_105' title="bbox 1740 5082 2326 5160">
     <span class='ocr_line' id='line_1_106' title="bbox 1740 5082 2326 5160; baseline -0.012 -18"><span class='ocrx_word' id='word_1_699' title='bbox 1740 5087 2045 5160; x_wconf 77' lang='lat' dir='ltr'><strong>presbytera</strong></span> <span class='ocrx_word' id='word_1_700' title='bbox 2075 5100 2179 5138; x_wconf 82' lang='lat' dir='ltr'><strong>non</strong></span> <span class='ocrx_word' id='word_1_701' title='bbox 2208 5082 2326 5144; x_wconf 78' lang='lat' dir='ltr'><strong>ﬁat.</strong></span> 
     </span>
    </p>
   </div>
   <div class='ocr_carea' id='block_1_106' title="bbox 1811 5161 3333 5238">
    <p class='ocr_par' dir='ltr' id='par_1_106' title="bbox 1811 5161 3333 5238">
     <span class='ocr_line' id='line_1_107' title="bbox 1811 5161 3333 5238; baseline -0.012 -4"><span class='ocrx_word' id='word_1_702' title='bbox 1811 5178 2046 5235; x_wconf 88' lang='lat' dir='ltr'><strong>Concilii</strong></span> <span class='ocrx_word' id='word_1_703' title='bbox 2097 5174 2306 5231; x_wconf 65' lang='lat' dir='ltr'><strong>Nicaeni</strong></span> <span class='ocrx_word' id='word_1_704' title='bbox 2366 5187 2541 5229; x_wconf 88' lang='lat' dir='ltr'><strong>canon</strong></span> <span class='ocrx_word' id='word_1_705' title='bbox 2607 5170 2722 5238; x_wconf 57' lang='lat'><strong>19;</strong></span> <span class='ocrx_word' id='word_1_706' title='bbox 2756 5166 2978 5225; x_wconf 86' lang='lat' dir='ltr'><strong>concilii</strong></span> <span class='ocrx_word' id='word_1_707' title='bbox 3038 5161 3333 5220; x_wconf 81' lang='lat' dir='ltr'><strong>Laodiceni</strong></span> 
     </span>
    </p>
   </div>
   <div class='ocr_carea' id='block_1_107' title="bbox 1741 5256 3338 5339">
    <p class='ocr_par' dir='ltr' id='par_1_107' title="bbox 1741 5256 3338 5339">
     <span class='ocr_line' id='line_1_108' title="bbox 1741 5256 3338 5339; baseline -0.013 -9"><span class='ocrx_word' id='word_1_708' title='bbox 1741 5287 1918 5330; x_wconf 84' lang='lat' dir='ltr'><strong>canon</strong></span> <span class='ocrx_word' id='word_1_709' title='bbox 1944 5271 2005 5326; x_wconf 80' lang='lat' dir='ltr'><strong>II</strong></span> <span class='ocrx_word' id='word_1_710' title='bbox 2035 5288 2050 5339; x_wconf 89' lang='lat'><strong>;</strong></span> <span class='ocrx_word' id='word_1_711' title='bbox 2081 5269 2302 5326; x_wconf 87' lang='lat' dir='ltr'><strong>concilii</strong></span> <span class='ocrx_word' id='word_1_712' title='bbox 2330 5263 2806 5323; x_wconf 87' lang='lat' dir='ltr'><strong>Chalcedonensis</strong></span> <span class='ocrx_word' id='word_1_713' title='bbox 2838 5275 3015 5319; x_wconf 90' lang='lat' dir='ltr'><strong>canon</strong></span> <span class='ocrx_word' id='word_1_714' title='bbox 3046 5256 3116 5313; x_wconf 81' lang='grc'><strong>15</strong></span> <span class='ocrx_word' id='word_1_715' title='bbox 3144 5274 3160 5324; x_wconf 88' lang='grc'>;</span> <span class='ocrx_word' id='word_1_716' title='bbox 3198 5269 3338 5312; x_wconf 87' lang='lat' dir='ltr'><strong>con-</strong></span> 
     </span>
    </p>
   </div>
   <div class='ocr_carea' id='block_1_108' title="bbox 1741 5360 2368 5425">
    <p class='ocr_par' dir='ltr' id='par_1_108' title="bbox 1741 5360 2368 5425">
     <span class='ocr_line' id='line_1_109' title="bbox 1741 5360 2368 5425; baseline -0.014 0"><span class='ocrx_word' id='word_1_717' title='bbox 1741 5365 1853 5425; x_wconf 87' lang='lat' dir='ltr'><strong>cilii</strong></span> <span class='ocrx_word' id='word_1_718' title='bbox 1884 5364 2026 5421; x_wconf 79' lang='lat' dir='ltr'><strong>sexti</strong></span> <span class='ocrx_word' id='word_1_719' title='bbox 2065 5377 2245 5419; x_wconf 81' lang='lat' dir='ltr'><strong>canon</strong></span> <span class='ocrx_word' id='word_1_720' title='bbox 2279 5360 2368 5417; x_wconf 72' lang='grc'>14.</span> 
     </span>
    </p>
   </div>
   <div class='ocr_carea' id='block_1_109' title="bbox 1808 5442 3341 5524">
    <p class='ocr_par' dir='ltr' id='par_1_109' title="bbox 1808 5442 3341 5524">
     <span class='ocr_line' id='line_1_110' title="bbox 1808 5442 3341 5524; baseline -0.012 -9"><span class='ocrx_word' id='word_1_721' title='bbox 1808 5458 1962 5516; x_wconf 80' lang='lat' dir='ltr'><strong>CAP.</strong></span> <span class='ocrx_word' id='word_1_722' title='bbox 1994 5455 2286 5511; x_wconf 80' lang='lat' dir='ltr'><strong>XXXVIII.</strong></span> <span class='ocrx_word' id='word_1_723' title='bbox 2322 5484 2388 5495; x_wconf 92' lang='lat'><strong>—-</strong></span> <span class='ocrx_word' id='word_1_724' title='bbox 2414 5453 2493 5510; x_wconf 82' lang='lat' dir='ltr'><strong>De</strong></span> <span class='ocrx_word' id='word_1_725' title='bbox 2527 5449 2759 5524; x_wconf 71' lang='lat' dir='ltr'><strong>peccatis</strong></span> <span class='ocrx_word' id='word_1_726' title='bbox 2804 5463 2924 5521; x_wconf 77' lang='lat' dir='ltr'><strong>qua:</strong></span> <span class='ocrx_word' id='word_1_727' title='bbox 2978 5461 3073 5519; x_wconf 83' lang='lat' dir='ltr'><strong>per</strong></span> <span class='ocrx_word' id='word_1_728' title='bbox 3116 5442 3341 5501; x_wconf 81' lang='lat' dir='ltr'><strong>ordina-</strong></span> 
     </span>
    </p>
   </div>
   <div class='ocr_carea' id='block_1_110' title="bbox 1750 5530 2341 5588">
    <p class='ocr_par' dir='ltr' id='par_1_110' title="bbox 1750 5530 2341 5588">
     <span class='ocr_line' id='line_1_111' title="bbox 1750 5530 2341 5588; baseline -0.01 0"><span class='ocrx_word' id='word_1_729' title='bbox 1750 5531 1945 5588; x_wconf 77' lang='lat' dir='ltr'><strong>tionem</strong></span> <span class='ocrx_word' id='word_1_730' title='bbox 1978 5530 2341 5585; x_wconf 83' lang='lat' dir='ltr'><strong>remittuntur.</strong></span> 
     </span>
    </p>
   </div>
   <div class='ocr_carea' id='block_1_111' title="bbox 1824 5612 2839 5681">
    <p class='ocr_par' dir='ltr' id='par_1_111' title="bbox 1824 5612 2839 5681">
     <span class='ocr_line' id='line_1_112' title="bbox 1824 5612 2839 5681; baseline -0.012 0"><span class='ocrx_word' id='word_1_731' title='bbox 1824 5622 2054 5681; x_wconf 89' lang='lat' dir='ltr'><strong>Concilii</strong></span> <span class='ocrx_word' id='word_1_732' title='bbox 2085 5615 2548 5679; x_wconf 83' lang='lat' dir='ltr'><strong>Neocaesariensis</strong></span> <span class='ocrx_word' id='word_1_733' title='bbox 2577 5629 2754 5672; x_wconf 90' lang='lat' dir='ltr'><strong>canon</strong></span> <span class='ocrx_word' id='word_1_734' title='bbox 2786 5612 2839 5670; x_wconf 90' lang='lat'><strong>9.</strong></span> 
     </span>
    </p>
   </div>
   <div class='ocr_carea' id='block_1_112' title="bbox 1984 5740 2019 5766">
    <p class='ocr_par' dir='ltr' id='par_1_112' title="bbox 1984 5740 2019 5766">
     <span class='ocr_line' id='line_1_113' title="bbox 1984 5740 2019 5766; baseline 0 0"><span class='ocrx_word' id='word_1_735' title='bbox 1984 5740 2019 5766; x_wconf 68' lang='grc' dir='ltr'><em>Ι</em></span> 
     </span>
    </p>
   </div>
  </div>
