4022 6396
622 352 757 417 10527

1760 354 2024 416 PllO'l‘Il
2056 352 2565 415 PATRlARClI/E
2603 354 2715 417 ΟΡ.

3762 348 3880 418 1023

1987 684 2397 772 ΤΙΤΛοΣ
2490 686 2596 770 B'-

629 919 788 972 ΠΕΡΙ
838 918 1181 971 ΠΟΙΗΣΕΩΣ
1221 914 1651 979 ΕΚΚΑΗΣΙΩΝ,
1695 912 1812 967 ΚΛΙ
1851 914 2009 967 ΠΕΡΙ
2065 913 2268 967 ΙΕΡΩΝ
2312 914 2615 975 ΣΚΕΥΩΝ,
2665 914 2785 966 ΚΑΙ
2830 912 3335 983 ΑΝΑΘΙΙΜΑΤΩΝ,
3377 914 3501 968 ΚΑΙ
3554 915 3879 973 ΚΔΗΡΙΚΩΝ

1326 988 1514 1040 ΠΑΡΑ
1556 988 1851 1040 ΓΝΩΜΗΝ
1887 985 2290 1040 ΕΙΙΙΣΚΟΠΩΝ
2334 985 2676 1039 ΙΣΊὩΝΤΩΝ
2727 984 3241 1056 ΘΥΣΙΑΣἸἨΡΙΑ.,

1701 1334 2169 1416 TlTULUS
2250 1336 2817 1417 SECUNDUS.

626 1546 733 1604 DE
773 1541 1329 1605 EXSTRUENDIS
1385 1542 1810 1605 ECCIESIIS.
1859 1543 1965 1601 DE
2023 1542 2301 1603 SACRIS
2345 1541 2609 1616 VASIS,
2666 1541 2937 1615 ATQUE
2982 1541 3378 1611 DONARIIS,
3425 1539 3527 1600 ET
3584 1540 3688 1601 DE
3727 1540 3879 1605 CLE-

906 1624 1114 1685 lilClS
1157 1622 1394 1685 Cl'l'PiA
1444 1623 2002 1683 VULUNTATEM
2056 1624 2623 1685 EPISCOPORUM
2674 1622 3030 1682 ALTARIA
3072 1620 3630 1682 ERIGENTIBUS.

693 1806 926 1862 CAPUT
975 1806 1271 1863 PRIMUM.
1294 1837 1363 1847 ——
1392 1806 1468 1861 De
1500 1807 1833 1862 exstruendis
1863 1808 2097 1863 ecclesiis
2120 1850 2134 1876 ,
2164 1816 2214 1863 et

2391 1807 2786 1861 ΚΕΦΑΛΑΙΟΝ
2808 1805 3106 1861 ΠΡΩΤΟΝ.
3138 1839 3207 1849 -
3223 1806 3359 1875 Περὶ
3383 1806 3682 1875 ποιήσεως
3702 1807 3887 1876 ἐκκλη-

626 1900 961 1955 dedicatione
992 1902 1373 1972 martyriorum
1404 1901 1583 1955 nullas
1624 1913 1930 1956 sanctorum
1968 1902 2223 1974 reliquias

626 1993 956 2048 habentium.

705 2102 917 2158 Concili
975 2101 1435 2173 Carthaginensis
1488 2118 1666 2157 canon
1716 2101 1781 2169 6,
1838 2101 1936 2169 85;
2003 2104 2223 2159 concilii

629 2197 832 2253 Nicaeni
868 2197 1093 2251 secundi
1126 2210 1305 2250 canon
1338 2196 1507 2261 7,17.

700 2292 921 2347 Textus.
969 2289 1026 2344 In
1062 2305 1185 2359 cap.
1210 2290 1299 2357 14,
1338 2291 1425 2345 tit.
1466 2290 1521 2352 5,
1555 2289 1841 2360 praesentis
1875 2291 2226 2360 operis,etc.,

628 2401 791 2457 usque
824 2382 893 2438 ad
921 2383 1280 2452 magistratus
1308 2397 1507 2454 cogere
1559 2380 1827 2455 [debere],
1864 2393 1921 2437 ut
1954 2399 2076 2454 pag.
2105 2384 2231 2440 663-

703 2568 999 2625 Scholium.
1026 2567 1219 2624 Const.
1252 2567 1320 2622 15
1344 2608 1359 2632 ,
1386 2567 1472 2623 tit.
1498 2567 1552 2632 2,
1580 2567 1677 2624 lib.
1710 2583 1751 2636 ι,
1783 2569 2104 2640 cod.posita
2146 2582 2233 2631 est

630 2666 683 2716 in
714 2662 810 2717 lib.
842 2677 875 2716 v
904 2661 1071 2717 Basil.
1102 2662 1185 2716 tit.
1222 2662 1274 2716 1.
1314 2677 1437 2732 cap.
1476 2662 1507 2715 7
1533 2701 1549 2727 ,
1592 2663 1658 2716 ad
1690 2677 1817 2717 eum
1868 2665 2090 2719 modum
2133 2664 2233 2719 ha-

580 2823 590 2834 ,
634 2758 788 2818 hens,
821 2764 883 2809 ut
912 2756 965 2809 in
995 2764 1147 2809 textu
1180 2755 1572 2824 compendiose
1605 2757 1886 2825 proposita
1911 2767 2015 2811 est.
2054 2755 2231 2827 Legas

634 2866 761 2903 vero
790 2848 824 2902 9
867 2863 989 2918 cap.
1038 2848 1124 2901 tit.
1158 2847 1215 2912 ὅ,
1268 2847 1363 2901 lib.
1409 2864 1439 2901 v
1472 2847 1638 2903 Basil.
1680 2848 1828 2919 quod
1878 2858 1966 2905 est
2019 2850 2234 2904 novella

632 2941 931 2996 .lustiniani
968 2939 1093 3003 151,
1121 2938 1428 3009 eademque
1470 2938 1587 2995 fere
1616 2942 1844 3007 statuit,
1886 2956 1952 2995 ac
1988 2942 2236 3011 proxime

638 3033 892 3103 sequenti
938 3031 1153 3086 scholio
1186 3031 1456 3086 insertum
1504 3038 1611 3086 est.
1663 3031 1856 3088 Const.
1904 3032 1997 3098 45,
2050 3033 2135 3089 ιίι.
2176 3033 2233 3101 5,

2328 1898 2501 1966 σιῶν,
2522 1900 2619 1953 καὶ
2645 1899 2779 1967 περὶ
2798 1898 3195 1968 καθιερώσεως
3219 1898 3568 1965 ἐκκλησιῶν
3589 1899 3686 1954 καί
3698 1917 3890 1971 μάρτυς

2320 1994 2469 2062 plur
2485 1991 2570 2063 μὴ
2596 1993 2862 2061 ἐχόντων
2896 1993 3162 2062 λείψανα
3190 1992 3393 2062 ἁγίων.

2401 2104 2629 2157 Συνόδου
2668 2103 3032 2175 Καρθαγένης
3074 2102 3256 2157 κανὼν
3284 2102 3360 2170 ς’,
3402 2103 3516 2174 πγ”
3549 2106 3761 2160 συνόδου
3809 2105 3891 2158 Ni-

2330 2198 2494 2261 καίας
2519 2197 2583 2249 τὸ
2608 2194 2676 2267 β’,
2714 2195 2898 2251 κανὼν
2927 2193 2992 2261 ζ’,
3020 2193 3107 2261 ιζ’.

2402 2289 2713 2358 Κείμενον.
2758 2287 2850 2340 Ἐν
2898 2285 2979 2357 τῷ
3030 2286 3072 2339 δ’
3125 2287 3411 2359 κεφαλαίῳ
3450 2284 3546 2341 τοῦ
3577 2285 3625 2357 γ’
3672 2287 3772 2342 τίτ.
3812 2286 3892 2341 τοῦ

2330 2380 2601 2453 παρόντος
2625 2381 3022 2449 συντάγματος,
3044 2396 3097 2433 κ.
3122 2394 3171 2432 τ.
3190 2377 3267 2446 λ.,
3296 2395 3472 2450 usque
3489 2380 3558 2435 ad
3579 2379 3891 2449 ἀναγκάζον·

2332 2493 2385 2529 σι
2418 2474 2597 2528 ταῦτα
2629 2472 2991 2545 πληροῦσθαι.

2403 2568 2682 2637 Σχόλιον.
2752 2565 2815 2620 Ἠ
2850 2562 2911 2618 ιε’
2955 2563 3201 2631 διάταξις
3239 2563 3333 2618 τοῦ
3389 2562 3433 2635 β’
3459 2565 3566 2619 τίτ.
3620 2564 3711 2618 τοῦ
3736 2563 3782 2619 α’
3836 2563 3897 2635 βι-

2334 2662 2487 2716 ϐλίου
2517 2660 2613 2715 τοῦ
2650 2659 2904 2723 κώδικος,
2943 2656 3107 2728 ἐτέθη
3143 2661 3201 2711 ὲν
3261 2657 3456 2729 βιϐλίῳ
3482 2657 3523 2712 ε’
3557 2657 3667 2712 τῶν
3704 2658 3897 2713 Βασιλι-

2335 2756 2456 2809 κῶκ
2496 2755 2605 2808 τίτ.
2657 2752 2729 2818 α’,
2767 2751 3051 2823 κεφαλαίῳ
3082 2749 3149 2817 ζ’,
3184 2751 3359 2817 οὕτως
3408 2752 3631 2823 ἔχουσα,
3667 2753 3739 2817 ὡς
3765 2752 3898 2813 ἐντὸς

2338 2846 2675 2918 συνωψίσθη.
2724 2847 2789 2899 Ἦ
2833 2844 2917 2916 με’
2960 2845 3203 2911 διάταξις
3242 2845 3337 2899 τοῦ
3383 2851 3433 2914 γ’
3490 2845 3672 2898 τίτλου
3725 2845 3823 2898 τοῦ
3864 2842 3898 2898 α’

2340 2941 2551 3013 βιϐλίου
2579 2940 2675 2994 τοῦ
2706 2939 2959 3005 κώδικος,
2999 2939 3103 2992 οὐκ
3132 2937 3295 3009 ἐτέθη
3317 2939 3396 3002 εἰς
3421 2937 3492 2992 τὰ
3522 2938 3804 3003 Βασιλικὰ,
3828 2936 3903 2991 καὶ

2342 3034 2481 3107 μηδὲ
2516 3034 2581 3087 σὺ
2625 3032 2800 3105 ταύτῃ
2835 3015 3123 3105 ’πρόσχῃς,
3159 3030 3435 3099 ἀνάγνωθι
3464 3032 3521 3085 δὲ
3568 3032 3629 3085 τὸ
3672 3028 3713 3083 θ’
3750 3030 3900 3100 κεςάι

644 3125 738 3178 Iib.
771 3122 937 3177 icod.
972 3123 1027 3177 in
1060 3120 1227 3177 Basil.
1274 3138 1384 3178 non
1417 3129 1503 3177 est
1546 3122 1749 3193 posita,
1804 3138 1981 3193 neque
2017 3139 2147 3180 vero
2177 3134 2231 3179 tu

2349 3129 2519 3195 λαιον,
2550 3126 2645 3181 τοῦ
2676 3124 2726 3196 γ’
2755 3126 2861 3181 τίτ.
2894 3124 2989 3179 τοῦ
3045 3123 3086 3177 ε’
3116 3124 3326 3195 βιϐλίου
3357 3126 3467 3179 τῶν
3502 3124 3804 3178 Βαωλικῶν
3832 3125 3903 3195 μέ-

649 3216 724 3269 nu
754 3215 1044 3270 inhaereas.
1078 3215 1266 3270 Mense
1295 3228 1480 3270 autem
1511 3187 1714 3271 nam.)
1747 3187 1940 3271 indic-t.
1967 3217 2057 3284 tt,
2090 3216 2229 3272 facta

2349 3240 2436 3295 ρος
2454 3187 2516 3275 ὃν
2564 3221 2666 3291 τῆς
2689 3187 2815 3291 ’ρλα’
2850 3187 3281 3291 Ἰουστινιανείου
3312 3220 3514 3291 νεαρᾶς
3542 3220 3614 3272 τὰ
3646 3219 3785 3271 αὐτὰ
3810 3234 3905 3287 σχε-

638 3315 724 3361 usi.
750 3304 1050 3377 [quaedam]
1087 3305 1298 3361 novella
1330 3306 1509 3360 sancti
1534 3307 1715 3361 nostri
1756 3306 2107 3377 imperatoris
2130 3306 2234 3360 do-

652 3400 784 3454 mini
812 3399 1080 3453 Manuelis
1106 3400 1398 3466 Cornneui,
1433 3414 1557 3470 qua:
1602 3400 1801 3469 partim
1837 3400 1953 3455 hate
1999 3400 2231 3454 statuit:

644 3492 781 3546 tium
811 3491 900 3546 bis
926 3492 1033 3546 hoc
1061 3491 1252 3556 etiam,
1286 3491 1355 3546 iis
1376 3507 1501 3561 qua:
1531 3503 1659 3546 ante
1688 3494 1894 3563 scripta
1926 3504 2078 3556 sunt,
2105 3508 2235 3547 san-

640 3586 837 3640 iiendo
892 3585 1303 3655 conjungimus.
1358 3584 1510 3639 Multi
1566 3587 1820 3643 homines
1866 3588 1919 3641 in
1970 3587 2237 3642 extremis

648 3678 767 3731 suis
810 3678 1277 3747 dispositionibus
1298 3687 1689 3748 procuratores
1724 3682 1839 3734 sive
1884 3690 2240 3735 exsecutores

644 3780 837 3818 eorum
893 3782 1017 3835 qua:
1104 3769 1567 3837 praescripserunt
1652 3768 2008 3840 relinquunt,
2064 3772 2241 3841 iisque

646 3858 897 3923 Christo,
932 3859 1079 3913 dulci
1117 3860 1222 3914 isto
1251 3875 1315 3915 ac
1342 3862 1550 3917 mundo
1587 3862 1815 3919 salutari
1843 3864 2086 3933 nomine,
2122 3866 2236 3920 ha:-

655 3952 785 4007 rede
823 3954 1051 4023 scripto,
1078 3969 1263 4009 rerum
1298 3969 1524 4010 suarum
1568 3958 2036 4027 dispensationem
2074 3972 2243 4029 atque

651 4044 1194 4102 administrationem
1248 4047 1565 4118 injungunt.
1600 4048 1717 4105 Hoc
1763 4062 1945 4107 autem
1987 4054 2243 4108 videntur

663 4143 866 4202 Iacere,
919 4154 1045 4193 cum
1104 4140 1443 4211 pauperibus
1500 4142 1840 4199 substantias
1893 4160 2025 4201 suas
2071 4147 2241 4201 dividi

664 4225 1018 4296 praecipiunt.
1068 4226 1205 4281 Cum
1259 4231 1405 4282 enim
1459 4230 1779 4287 mendicans
1830 4234 2049 4303 accipit,
2098 4244 2246 4289 astat

644 4318 921 4382 Christus,
957 4333 1022 4373 ac
1054 4334 1161 4373 una
1203 4336 1327 4375 cum
1366 4321 1459 4377 illo
1500 4321 1733 4395 [dantis]
1761 4339 1983 4378 manum
2021 4335 2239 4381 vacuat.

648 4410 925 4473 Quatenus
965 4426 1213 4482 namque,
1264 4412 1463 4483 inquit,
1524 4413 1685 4487 [ipse]
1737 4418 1826 4470 uni
1889 4432 1955 4471 ea:
2004 4419 2239 4473 minimis

645 4507 785 4557 lusce
821 4502 1082 4571 fratribus
1120 4505 1343 4575 fecistis,
1382 4507 1508 4561 mihi
1540 4508 1740 4577 fecistis
1777 4511 1818 4563 ².
1850 4508 2115 4566 Jubemos
2139 4513 2243 4583 igi-

661 4604 774 4661 tur,
803 4606 863 4651 ut
900 4600 1124 4665 quando
1154 4601 1471 4669 hujusmodi
1525 4604 1918 4671 procuratoria:
1960 4606 2247 4675 dispensa-

653 4692 853 4755 tioues,
902 4702 957 4747 et
1007 4694 1060 4747 in
1115 4696 1234 4764 pias
1279 4711 1479 4751 causas
1514 4697 1957 4764 distributiones,
2004 4715 2125 4771 qua:
2176 4700 2247 4755 ad

653 4783 850 4839 anima:
874 4796 1085 4840 rectum
1113 4786 1365 4853 ductum,
1392 4803 1458 4842 ac
1484 4790 1837 4859 pupillorum,
1861 4806 2055 4847 senum
2080 4803 2246 4863 atque

658 4890 957 4944 pauperum
994 4879 1406 4947 educationem,
1437 4891 1493 4936 et
1522 4883 1942 4951 exhibitioneuz,
1986 4886 2241 4953 tendunt,

656 4978 1046 5037 proponuntur
1100 4988 1114 5023 :
1174 4970 1229 5023 in
1309 4970 1397 5025 his
1459 4970 1798 5041 judiciorum
1872 4977 2246 5046 prolationes,

660 5070 827 5131 atque
845 5063 940 5133 qui
967 5062 1093 5117 hinc
1117 5063 1391 5119 exsistunt
1412 5067 1607 5124 inanes
1631 5078 1938 5139 temporum
1957 5071 2247 5139 decursus,

647 5155 839 5208 locum
878 5170 991 5209 non
1026 5154 1293 5212 habeant.
1324 5156 1609 5231 Contingit
1660 5164 1789 5218 hinc
1818 5164 1989 5232 enim,
2041 5183 2102 5220 ut
2147 5166 2248 5222 de-

662 5248 981 5302 functorum
1016 5250 1217 5305 anima:
1250 5252 1514 5308 damnum
1547 5256 1805 5325 subeant,
1838 5266 1893 5314 ct
1933 5263 2247 5319 communis

659 5340 907 5393 omnium
946 5341 1076 5395 boni
1114 5342 1480 5417 utilitatisque
1520 5363 1690 5403 causa
1735 5350 1862 5405 lata:
1913 5352 2058 5423 leges
2100 5370 2252 5408 com-

667 5443 950 5488 mutentur
986 5436 1038 5489 in
1067 5440 1432 5497 contrarium.
1464 5441 1605 5498 Tum
1634 5460 1810 5516 neque
1842 5446 2053 5518 justum
2084 5447 2249 5522 [esse]

668 5530 1019 5597 imperatoria
1054 5548 1175 5587 mea
1204 5534 1725 5608 majestasjudicat,
1766 5552 1819 5595 ut
1855 5542 1951 5611 qui
2003 5543 2142 5597 ordo
2194 5545 2250 5599 in

663 5623 887 5692 reliquis
910 5624 1137 5694 judiciis
1175 5629 1406 5697 obtinet,
1459 5631 1555 5705 [is]
1606 5636 1774 5691 etiam
1826 5638 1881 5693 in
1928 5637 2251 5695 istiusmodi

664 5718 921 5786 usurpari
960 5716 1202 5793 [debeat]
1234 5741 1247 5778 :
1281 5726 1377 5781 sed
1408 5736 1465 5783 ut
1503 5729 1693 5786 talium
1733 5732 2041 5804 specierum
2075 5732 2251 5788 ambi-

746 5874 765 5903 ‘
798 5876 987 5930 Matth.
1019 5894 1145 5949 xxv,
1177 5881 1267 5938 40.

2342 3317 2434 3370 δὸν
2458 3314 2784 3387 νομοθετοῦν
2818 3314 2910 3367 καὶ
2939 3313 3331 3381 καταστρωθὲν
3378 3314 3458 3376 εἰς
3482 3312 3546 3365 τὸ
3581 3314 3735 3367 ἐπιὸν
3756 3330 3902 3365 κατα-

2344 3409 2533 3465 ϐατόν.
2574 3408 2735 3463 Κατὰ
2780 3408 2872 3461 τὸν
2914 3406 3164 3478 Μάρτιον
3192 3408 3336 3478 μῆνα
3380 3406 3481 3477 τῆς
3524 3402 3585 3457 ιδ’
3623 3405 3905 3464 hamum;

2345 3503 2541 3571 γέγονε
2569 3501 2743 3573 νεαρὰ
2773 3500 2869 3555 τοῦ
2890 3500 3053 3569 ἁγίου
3083 3500 3245 3572 ἡμῶν
3284 3499 3697 3569 αὐτοκράτορος
3744 3498 3905 3565 κυρίου

2348 3592 2610 3666 Μανουὴλ
2639 3592 2735 3647 τοῦ
2762 3592 3052 3664 Κομνηνοῢ
3083 3595 3141 3645 ὲν
3166 3593 3326 3663 μέρει
3354 3592 3481 3646 τάδε
3508 3590 3801 3658 διεξιοῦσα·
3828 3589 3906 3641 Σὺν

2348 3687 2563 3751 τούτοις
2618 3686 2712 3739 καὶ
2768 3685 2927 3739 τοῦτο
2983 3684 3339 3749 θεσπίζοντες
3395 3686 3513 3748 τοῖς
3567 3680 3906 3755 προγραφείσι

2354 3777 2747 3849 προστίθεμεν·
2782 3776 2974 3829 Πολλοί¹
3016 3775 3126 3829 τῶν
3170 3773 3474 3845 ἀνθρώπων
3520 3778 3581 3829 ὲν
3622 3777 3736 3837 τοῖς
3764 3776 3909 3827 Emta-

2351 3869 2584 3935 λευτίοις
2612 3870 2794 3923 αὐτῶν
2813 3868 3207 3940 διατάγμασιν,
3238 3868 3580 3939 ἐπιτρόπους
3604 3868 3772 3940 ἧγουν
3800 3866 3907 3918 διοι-

2352 3964 2551 4034 κητὰς,
2577 3963 2688 4016 τῶν
2737 3960 2870 4034 παρ’
2904 3961 3089 4015 αὐτῶν
3148 3960 3532 4032 διορισθέντων
3589 3956 3908 4029 καταλιμπά-

2352 4074 2525 4119 νουσι,
2580 4057 2673 4110 καὶ
2718 4054 2933 4119 τούτοις
2968 4054 3286 4109 ἀνατιθέασι
3318 4053 3419 4125 τὴν
3448 4054 3562 4107 τῶν
3604 4054 3908 4125 πραγμάτων

2358 4150 2540 4205 αὐτῶν
2575 4150 2890 4218 οἰκονομίαν
2909 4165 2967 4202 τε
2988 4148 3087 4201 καὶ
3113 4147 3402 4219 διοίκησιν,
3434 4147 3528 4200 τὸν
3555 4146 3789 4219 Χριστὸν
3812 4144 3911 4213 κλῃ-

2359 4244 2591 4317 ρονόμον
2613 4242 2941 4314 γράφοντες,
2974 4241 3035 4295 τὸ
3068 4242 3242 4311 γλυκὺ
3265 4240 3425 4293 τοῦτο
3448 4243 3547 4295 καὶ
3580 4238 3911 4311 κοσμοτήριον

2355 4337 2549 4408 ὄνομα.
2608 4336 2782 4391 Τοῦτο
2826 4337 2884 4391 δὲ
2938 4335 3160 4390 δοκοῦσι
3192 4337 3369 4388 ποιεῖν
3400 4334 3468 4388 δι’
3499 4328 3578 4388 ὧν
3608 4338 3723 4398 τοῖς
3750 4332 3911 4400 πένησι

2356 4433 2456 4497 τὰς
2493 4430 2817 4502 περιουσίας
2849 4430 3030 4483 αὐτῶν
3055 4428 3539 4501 καταμερισθῆναι
3580 4427 3911 4499 προστάττω·

2360 4541 2436 4588 σι,
2475 4524 2569 4576 τοῦ
2594 4524 2701 4595 γὰρ
2731 4523 3010 4586 αἰτοῦντος
3033 4522 3405 4595 λαμὸάνοντος
3431 4523 3695 4576 ἵσταταιὸ
3717 4516 3912 4591 Χριστὸς

2357 4616 2755 4684 συγκοιλαίνων
2786 4616 2960 4683 τούτῳ
2981 4615 3080 4687 τὴν
3102 4618 3281 4687 χεῖρα.
3298 4614 3562 4684 Ἑφόσον
3582 4615 3713 4685 γὰρ,
3760 4610 3909 4680 φησὶν,

2352 4709 2443 4763 ἐνι
2478 4710 2707 4763 τούτων
2743 4707 2865 4762 τῶν
2910 4709 3256 4777 ἐλαχίστων
3281 4706 3572 4776 ἀδελφῶν
3602 4705 3909 4770 ἐποιήσατε,

2354 4802 2483 4873 ἐμοὶ
2510 4801 2861 4865 ἐποιήσατε.
2905 4800 3408 4875 Παρακελευόμεθα
3430 4797 3527 4853 οὖν
3554 4802 3684 4854 ὅταν
3713 4800 3903 4865 ἐπιτροο

2353 4896 2513 4949 πικαί
2533 4895 2783 4950 τοιαῦται
2800 4895 3095 4967 διοικήσεις
3122 4895 3465 4964 πρόκεινται,
3486 4894 3584 4947 καὶ
3611 4896 3689 4956 εἰς
3706 4888 3910 4945 εὐσεὸεέ

2356 4989 2536 5052 αἰτίας
2581 4988 2855 5059 διανομαὶ,
2886 4989 2981 5042 καὶ
3008 4987 3142 5059 πρὸς
3170 4987 3411 5058 ψυχικὰς
3459 4986 3792 5057 οἰκονομίας,
3840 4979 3910 5033 καὶ

2355 5078 2612 5152 ὀρφανῶν
2642 5079 2930 5151 άφηλίκων
2979 5096 3040 5132 τε
3091 5080 3189 5131 καὶ
3236 5079 3487 5148 πενήτων
3533 5076 3817 5145 ἁναγωγὰς
3838 5069 3910 5123 καί

2354 5172 2662 5243 διατροφὰς
2705 5171 2953 5237 τείνωσι,
2986 5172 3061 5241 μὴ
3096 5171 3282 5241 χώραν
3305 5170 3452 5242 ἔχειν
3480 5172 3541 5224 ἐν
3574 5170 3788 5230 ταύταις
3810 5162 3909 5221 τοὺς

2352 5266 2463 5320 τῶν
2497 5267 2871 5339 δικαστηρίων
2900 5265 3373 5335 ὑπερϐιϐασμοὺς,
3418 5265 3515 5319 καὶ
3560 5263 3658 5327 τὰς
3692 5255 3907 5315 ἐντεῦθεν

2352 5360 2833 5431 χρονοτριὸήσεις.
2889 5358 3187 5429 Συμὸαἰνει
3238 5359 3351 5431 γὰρ
3386 5356 3637 5411 ἐντεῦθεν
3686 5355 3780 5417 τάς
3822 5346 3907 5403 τῶν

2353 5450 2736 5505 τελευτώντων
2764 5451 3099 5523 ζημιοῦσθαι
3137 5452 3341 5525 ψυχὰς,
3361 5453 3459 5507 καὶ
3482 5454 3611 5517 τοὺς
3638 5453 3723 5504 ἐπ’
3747 5445 3905 5517 ἀγαθῷ

2357 5545 2453 5599 καὶ
2498 5546 2655 5616 κοινῇ
2705 5544 3015 5617 λυσιτελείᾳ
3068 5543 3161 5598 τοῦ
3207 5547 3410 5610 παντὶς
3455 5545 3710 5606 τεθέντας
3742 5542 3905 5611 νόμους

2356 5642 2435 5705 εἰς
2479 5640 2794 5694 τούναντίον
2824 5640 3231 5711 περιίστασθαι.
3268 5641 3344 5694 Οὐ
3388 5640 3495 5714 γὰρ
3532 5639 3732 5693 δίκαιον
3760 5634 3903 5707 κρίνει

2353 5735 2386 5807 ἡ
2446 5734 2697 5806 βασιλεία
2735 5752 2840 5807 μου
2895 5734 2994 5808 τὴν
3034 5733 3130 5787 ἐπὶ
3163 5735 3276 5799 τοῖς
3326 5733 3535 5798 λοιποῖς
3577 5728 3905 5802 δικαστηρίοις
