4022 6406
106 449 223 514 1029

1072 440 1562 503 ΝΟΜΟΟΑΝΟΝο
1606 465 1676 476 ·-
1714 440 1862 499 ΤΙΤ.
1904 441 1988 515 II,
2031 442 2187 501 CAP.
2232 442 2281 503 Ι.

3234 442 3369 507 1030

106 556 400 633 κρατοῦσαν
432 553 779 619 ἀκολουθίαν,
820 553 913 608 καὶ
947 555 1040 608 ἐπὶ
1070 556 1187 615 τοῖς
1224 551 1490 615 τοιούτοις
1520 552 1674 605 πολι-

1799 554 2015 623 guitates
2041 551 2329 608 confestim
2369 552 2674 621 solvamur,
2711 537 2916 627 [itaut]
2951 568 3128 625 neque
3153 554 3370 610 libellus

106 650 365 712 τεύεσθαι,
431 650 568 703 ἀλλὰ
601 648 699 709 τὰς
724 646 820 701 ἐπὶ
873 649 995 710 ταῖς
1039 646 1318 708 τοιαύταις
1348 645 1674 697 ὑποθέσεσιν

108 742 443 814 ἀμφιϐολίας,
470 739 806 795 ἀπεντεύθεν
847 738 1092 803 λύεσθαι,
1131 739 1205 810 μὴ
1252 736 1502 791 λιϐέλλου
1537 737 1677 790 διδο-

108 836 275 904 μένου,
338 833 599 903 εἰδήσεως
630 831 687 883 δὲ
719 829 1025 901 τριημέρου
1054 830 1088 900 ἢ
1122 832 1217 882 καὶ
1264 830 1358 882 ἐπὶ
1402 828 1667 899 τέταρτον

109 926 634 999 παρεκτεινομένης,
694 927 916 995 μήτινος
968 925 1077 994 γὰρ
1109 922 1436 991 δικαστικῆς
1488 920 1679 973 ὑποθέ-

110 1038 231 1083 σεως
275 1018 795 1088 ὲπεισαγομένης,ἠ
848 1016 958 1071 τῶν
987 1017 1301 1087 προσόντων
1356 1014 1571 1085 ἑκάστῳ
1602 1014 1681 1065 δι-

110 1113 261 1166 καίων
290 1111 584 1181 γενήσεται
617 1109 995 1175 κατεξέτασις,
1026 1110 1123 1163 καὶ
1166 1108 1674 1179 μετακληθήσονται
1702 1152 1703 1155 η

112 1205 191 1257 καί
232 1203 398 1273 ἄμφω
456 1202 527 1254 τὰ
584 1202 726 1272 μέρη
767 1201 891 1270 δίχα
944 1201 1089 1264 τινὸς
1129 1199 1534 1271 ὑπερημερίας,
1584 1200 1677 1251 καί

114 1296 569 1367 ἀπαιτηθήσονται
612 1296 853 1367 ἑκάτερα
882 1296 952 1349 τὰ
985 1296 1127 1367 μέρη
1162 1295 1286 1365 δίχα
1315 1294 1460 1357 τινὸς
1496 1295 1564 1347 τὰ
1589 1293 1679 1345 δο-

122 1387 301 1441 κοῦντα
335 1386 639 1442 συντείνειν
662 1389 848 1451 αὐτοῖς
877 1386 1273 1459 προϐαλέσθαι,
1308 1388 1406 1441 καί
1429 1385 1573 1440 οὓτω
1610 1386 1678 1439 δι’

114 1480 273 1547 ὀλίγου
301 1478 498 1548 καιροῦ
556 1479 809 1549 μηνιαίου
836 1479 1026 1549 τυχὸν,
1089 1479 1123 1550 ἢ
1181 1480 1274 1533 καὶ
1315 1480 1395 1542 εἰς
1426 1478 1680 1551 δεύτερον

115 1572 586 1643 παρεκτεινομένου
626 1573 770 1626 κατὰ
802 1574 862 1627 τὸ
900 1572 1056 1637 δόξαν
1093 1572 1171 1644 τῷ
1199 1574 1465 1643 δικαστῇ,
1503 1589 1678 1643 προσ-

115 1667 325 1735 ἠκουσαν
374 1665 583 1732 δέξοιτο
662 1666 817 1720 λύσιν
870 1667 932 1720 τὸ
991 1665 1277 1736 άνακύψαν
1331 1666 1631 1737 ἀμφίϐολον
1663 1706 1677 1731 ,

117 1758 445 1830 τηρουμένων
504 1758 754 1830 δηλονότι
803 1760 914 1815 τῶν
945 1760 1126 1832 νόμων
1177 1760 1272 1813 έπί
1304 1760 1405 1830 τῆς
1464 1760 1677 1822 οἰκείας

118 1852 256 1921 ἕδρας
278 1851 370 1904 καί
394 1851 754 1924 παγιότητος.
782 1854 937 1906 Ὅσοι
968 1852 1046 1924 μὴ
1068 1851 1215 1921 μετὰ
1243 1851 1337 1905 τὸν
1369 1851 1464 1905 106
1492 1852 1680 1904 τελευ-

1780 645 1964 709 detur,
2020 658 2074 699 et
2105 645 2347 715 cognitio
2388 644 2442 700 in
2492 654 2601 699 tres
2638 657 2733 701 aut
2779 645 3100 719 [summum]
3134 657 3373 717 quatuor

1778 738 1895 791 dies
1930 736 2211 792 differatur
2247 755 2261 792 :
2294 738 2441 792 nulla
2464 738 2761 808 judiciaria
2796 740 3063 795 dilatione
3121 740 3373 795 introdu-

1781 830 1974 893 Cruda,
2031 830 2161 898 quid
2210 829 2416 897 cuique
2461 829 2593 899 jure
2650 840 2950 901 competat,
2977 831 3369 901 disquiratur:

1781 924 1919 977 citra
1951 938 2170 977 omnem
2208 924 2529 979 dilationem
2586 934 2825 993 utraque
2866 941 2993 995 pars
3027 934 3373 991 accersatur,

1780 1025 1942 1082 atque
1966 1023 2024 1067 ut
2052 1015 2183 1084 quid
2216 1015 2360 1084 juris
2394 1031 2452 1070 se
2480 1016 2684 1071 habere
2715 1026 2889 1087 putet,
2920 1026 3226 1087 proponat,
3251 1016 3373 1071 exi--

1781 1116 1943 1176 gatnr
1970 1123 1984 1160 :
2011 1114 2235 1175 tumque
2259 1108 2477 1161 domum
2502 1124 2598 1179 per
2623 1110 2787 1165 breve
2810 1119 3025 1180 tempus
3052 1112 3105 1163 in
3128 1124 3373 1165 mensem

1782 1199 1927 1254 forte
1957 1198 2177 1271 [unum]
2206 1207 2300 1253 aut
2330 1200 2495 1257 etiam
2532 1201 2764 1255 alterum
2807 1202 3230 1266 extendendum,
3287 1215 3376 1255 res

1780 1293 1833 1345 in
1860 1292 2294 1346 controversiam
2321 1293 2577 1357 deducta,
2600 1303 2763 1363 prout
2781 1294 2953 1364 judici
2976 1296 3156 1349 visum
3184 1293 3374 1356 fuerit,

1780 1387 2178 1441 convenienter
2208 1386 2501 1440 dirimatur
2534 1404 2547 1440 :
2582 1385 2664 1457 [ut
2701 1386 2909 1459 tamen]
2944 1388 2997 1441 in
3030 1403 3131 1443 sua
3168 1386 3375 1462 [quasi]

1781 1480 1910 1533 sede
1945 1492 2009 1531 ac
2044 1478 2321 1533 soliditate
2348 1477 2581 1531 ﬁrmiter
2608 1487 2866 1533 maneant
2894 1478 3016 1552 [etc]
3053 1482 3221 1550 leges,
3253 1499 3378 1553 qua:

1787 1586 1897 1625 non
1926 1587 2054 1625 mox
2084 1589 2112 1623 a
2138 1570 2385 1627 defuncti
2422 1581 2619 1636 morte,
2656 1573 2750 1627 sed
2779 1583 2903 1642 post
2929 1574 3139 1641 aliquot
3161 1577 3377 1633 dierum

1780 1664 2074 1717 decursum
2138 1677 2499 1723 successores
2550 1662 2726 1733 ipsius
2787 1664 2841 1716 in
2898 1664 3171 1735 judicium
3234 1669 3381 1724 trahi

1782 1763 2049 1820 statuunt,
2079 1756 2553 1825 quemadmodum
2585 1770 2706 1823 qua:
2745 1755 2851 1810 huc
2882 1758 3161 1826 pertinent
3194 1757 3375 1816 fusius

1783 1844 1837 1898 in
1884 1843 2132 1899 Basilicis
2172 1853 2403 1899 tractata
2439 1853 2587 1898 sunt.
2637 1845 2695 1898 Si
2747 1860 2875 1899 vero
2927 1855 3251 1916 procurator
3305 1849 3377 1904 ad

120 1946 363 2014 τήσαντος
396 1944 653 2012 θάνατον,
693 1947 861 2011 εὐθὺς
897 1950 1022 2011 τους
1055 1949 1269 2000 ἐκείνου
1298 1945 1574 2017 διαδόχους
1611 1948 1691 2010 εἰς

1799 1938 2112 1992 dilationem
2148 1952 2377 2008 vergere
2408 1937 2659 1992 videatur
2681 1976 2698 2004 ,
2746 1953 2921 2009 eaque
2972 1940 3100 1994 dolo
3137 1950 3383 1999 evertere

120 2037 444 2108 δικαστήριον
508 2037 768 2091 ἕλκεσθαι
829 2038 1256 2103 διακελεύονται,
1341 2038 1478 2092 ἀλλὰ
1545 2039 1685 2109 μετὰ

124 2128 455 2200 παραδρομὴν
490 2131 720 2203 ἡμερῶν
747 2148 933 2196 τινων,
966 2130 1150 2195 καθὼς
1202 2133 1271 2185 τὰ
1318 2134 1447 2203 περί
1478 2131 1686 2185 τούτων

124 2223 435 2293 πλατύτερον
492 2226 609 2287 τοῖς
654 2224 960 2294 βασιλικοῖς
1018 2223 1396 2295 διηγόρευται.
1434 2224 1499 2276 Εἰ
1534 2223 1591 2276 δέ
1620 2239 1685 2291 γε

126 2314 389 2385 ἐπίτροπος
406 2316 491 2379 εἰς
515 2316 841 2387 ὑπερθέσεις
865 2316 1059 2387 φανείη
1084 2316 1303 2385 χωρῶν,
1336 2316 1432 2368 καί
1459 2313 1688 2367 τοιαῦτα

128 2407 387 2478 σκαιωρῶν
423 2408 733 2479 φωραθείη,
772 2410 866 2462 καί⁵
916 2409 1052 2481 πρὸς
1104 2407 1556 2481 ὑπερϐιϐασμοὺς
1582 2423 1691 2478 χω-

131 2500 271 2570 ρήσῃ,
306 2501 378 2573 μὴ
404 2502 581 2555 ποιῶν
618 2501 807 2566 καθὼς
839 2504 868 2555 6
901 2502 1222 2573 διαθέμενος
1251 2501 1552 2567 διετάξατο,
1595 2501 1695 2571 τῆς

128 2593 401 2662 ἐπιτροπῆς
424 2593 526 2647 καὶ
587 2593 901 2664 οἰκονομίας
947 2593 1056 2647 τῶν
1106 2593 1201 2647 106
1252 2592 1682 2664 τελευτήσαντος

129 2684 443 2753 πραγμάτων
470 2683 1002 2755 μετακινηθήσεται,
1026 2681 1424 2755 ἀνατεθήσεται
1439 2683 1497 2735 δὲ
1527 2680 1691 2753 αὕτη,

132 2767 201 2836 οἷς
226 2774 286 2827 ἂν
309 2778 335 2828 6
368 2776 628 2846 βασιλεὺς
661 2776 989 2848 διορίσηται,
1023 2777 1056 2849 ἢ
1092 2776 1285 2830 τούτου
1324 2776 1453 2838 ἴσως
1483 2775 1691 2845 ἀποδη-

132 2866 356 2934 μοῦντος,
394 2870 423 2922 6
452 2870 556 2939 τῆς
591 2869 800 2934 πόλεως
833 2870 1078 2942 ἔπαρχος
1131 2871 1249 2939 ἅμα
1272 2871 1358 2942 τῷ
1386 2873 1486 2942 τῆς
1525 2870 1692 2939 ἁγιω-

133 2960 272 3029 τάτης
309 2962 641 3035 Ἐκκλησίας
679 2964 973 3035 οἰκονόμῳ,
1028 2963 1127 3035 τὴν
1159 2963 1354 3016 τούτου
1399 2964 1689 3033 ποιήσεται

1792 2032 2260 2102 deprehendatur,
2309 2047 2409 2085 nec
2440 2033 2910 2101 quemadmodum
2968 2043 3203 2090 testator
3244 2052 3385 2107 pra)-

1792 2125 1959 2193 ci-pit,
1994 2125 2521 2194 procrastinationes
2566 2130 2835 2181 nectendo
2884 2125 3091 2182 faciat:
3126 2143 3155 2181 a
3198 2144 3385 2185 rerum

1794 2216 2037 2271 defuncti
2063 2217 2452 2286 procuratione
2471 2232 2536 2271 ac
2560 2219 2981 2288 dispensatione
3010 2232 3385 2289 removeatur,

1795 2322 1970 2376 eaque
1996 2307 2199 2376 quibus
2224 2307 2525 2376 imperator
2560 2310 2834 2376 statuerit,
2884 2311 3209 2382 injungatur
3244 2332 3256 2368 :
3291 2324 3388 2368 aut

1800 2400 1846 2453 si
1890 2400 1936 2453 is
1982 2397 2127 2452 lorte
2176 2413 2407 2468 peregre
2457 2399 2548 2466 sit,
2598 2398 2889 2469 pra-fectus
2927 2404 3079 2458 urbis
3116 2420 3224 2457 una
3256 2420 3387 2460 cum

1796 2490 2151 2547 sanctissimo
2202 2491 2463 2545 Ecclesiae
2507 2506 2797 2547 mcunomo
2838 2509 2928 2548 res
2968 2494 3091 2551 illas
3127 2506 3390 2566 procuret

1797 2600 1863 2639 ac
1911 2584 2220 2653 dispenset,
2271 2583 2365 2652 qui
2398 2586 2465 2638 de
2512 2584 2599 2639 his
2647 2600 2768 2654 quae
2806 2585 2861 2640 in
2910 2587 3225 2658 hujusmodi
3263 2606 3391 2661 spe-

1797 2677 1989 2733 ciebus
2018 2675 2505 2743 administrarunt,
2547 2677 2889 2747 imperatori,
2918 2690 3012 2735 aut
3038 2683 3084 2737 si
3132 2681 3386 2741 fortassis

1802 2766 1893 2822 hic
1938 2781 2166 2839 peregre
2222 2766 2345 2832 erit,
2395 2769 2749 2823 sanctissimo
2801 2772 3124 2840 patriarcha:
3163 2774 3392 2831 reddere

1800 2864 2073 2918 rationem
2130 2862 2433 2917 debebunt.
2485 2862 2600 2919 Non
2651 2873 2834 2919 tamen
2884 2876 3050 2937 prout
3090 2869 3391 2938 imperator

1794 2958 2050 3029 jusserit,
2091 2954 2344 3012 defuncti
2370 2958 2626 3012 voluntas
2658 2958 3066 3029 adimplehitur.

131 3052 413 3124 οἰκονομίαν
446 3073 514 3109 τε
543 3058 639 3111 καί⁵
666 3056 935 3127 διοίκησιν
968 3056 1281 3126 ὀφείλοντες
1335 3056 1541 3124 εἴδησιν
1611 3052 1815 3108 διδόναι
1868 3050 1979 3103 τῶν
2014 3050 2107 3103 ὲπί
2167 3052 2288 3113 ταῖς
2314 3050 2597 3115 τοιαύταις
2651 3052 2975 3107 ὑποθέσεσιν
3004 3056 3396 3130 οἰκονομουμέ-

134 3164 222 3201 νων
246 3149 317 3217 τῷ
346 3148 563 3218 βασιλεῖ
591 3152 688 3203 καὶ
718 3150 798 3221 τῷ
839 3150 987 3204 κατὰ
1016 3151 1117 3221 τὴν
1158 3141 1373 3223 ἡμέραν
1408 3150 1700 3221 ἁγιωτάτῳ
1758 3144 2101 3218 πατριάρχῃ,
2159 3146 2207 3198 εἰ
2238 3146 2381 3217 τύχῃ
2432 3147 2525 3201 τὸν
2595 3146 2826 3219 βασιλέα
2884 3152 3169 3224 ἀπόδημον
3232 3149 3393 3221 εἶναι,

135 3237 213 3289 καί
237 3238 307 3310 μὴ
334 3240 476 3293 κατὰ
502 3240 805 3312 πρόσταξιν
836 3241 1004 3295 αὑτοῦ
1034 3242 1103 3295 τὰ
1134 3242 1232 3296 106
1263 3241 1695 3313 τελευτήσαντος
1730 3238 1983 3311 πληρῶσι
2016 3238 2323 3307 θελήματα.

192 3332 484 3400 Κείμενον.
536 3332 601 3384 Ἡ
632 3330 679 3401 γ’
735 3332 877 3387 διάτ.
926 3331 1021 3385 τοῦ
1064 3329 1108 3403 β’
1142 3333 1251 3386 τίτ.
1306 3332 1415 3387 τῶν
1466 3330 1692 3403 Νεαρῶν

1877 3326 2094 3395 Textus.
2119 3326 2311 3383 Const.
2338 3328 2393 3393 5,
2426 3328 2508 3383 tit.
2532 3329 2567 3382 9.
2588 3327 2962 3401 Novellarum,
2988 3344 3121 3400 etc.,
3142 3350 3305 3406 usque
3324 3336 3395 3392 ad

136 3441 180 3477 κ.
204 3440 248 3476 τ.
276 3423 348 3489 λ..
375 3428 632 3497 usquead
649 3426 894 3492 διατάξει
915 3426 1189 3481 διατυποῖ.

192 3518 452 3585 Σχόλιογ.
494 3518 563 3570 Ἦ
597 3516 643 3587 γ’
671 3518 937 3586 διάταξις,
967 3519 1061 3573 106
1101 3516 1144 3591 β’
1171 3518 1354 3571 τίτλου
1393 3516 1504 3571 τῶν
1558 3516 1698 3571 Νεα-

138 3607 229 3676 ρῶν
271 3612 380 3663 ἐστι
439 3612 614 3683 νεαρὰ
685 3613 1115 3677 Ἰουστινιάνειος
1185 3610 1298 3684 ρλα⁹
1340 3611 1571 3682 κειμένη
1639 3611 1699 3663 ὲν

140 3699 299 3771 {atii/im
327 3708 386 3770 ε’,
414 3702 583 3775 τίτλῳ
607 3701 675 3772 γ’.
710 3705 790 3759 Τά
816 3705 874 3757 δὲ
898 3705 1309 3777 συνοψισθέντα,
1341 3708 1450 3758 εἰσί
1478 3704 1573 3758 τοῦ
1604 3705 1700 3757 αύ-

140 3791 214 3843 τού
257 3795 449 3861 τίτλου,
516 3797 901 3866 κεφάλαιον,θ¹
932 3798 1107 3864 οὕτως
1156 3800 1297 3870 έχονο
1360 3801 1426 3852 Εἰ
1460 3798 1518 3851 δὲ
1553 3799 1695 3869 ὑπὲρ

142 3883 465 3956 ἁναρρύσεως
501 3888 875 3958 αἰχμαλώτων
913 3908 965 3943 τι
1012 3892 1461 3955 καταλέλειπται,
1493 3892 1587 3945 καὶ
1624 3894 1698 3961 μὴ

141 3975 335 4048 ὀνόματι
387 3983 416 4034 6
445 3982 771 4053 διαθέμενος
805 3985 957 4055 εἴπῃ,
1012 3985 1102 4038 διά
1145 4002 1290 4047 τινος
1315 3983 1421 4055 χρὴ
1446 3984 1702 4053 γένεσθαι

142 4068 221 4139 τὴν
249 4073 563 4146 ἀνάρρυσιν,
607 4077 702 4129 καὶ
743 4075 919 4138 οὕτως
974 4076 1270 4147 κελεύομεν
1298 4080 1368 4131 τὰ
1400 4078 1703 4148 πράγματα

144 4164 196 4212 τὰ
218 4165 303 4217 ἐπὶ
325 4168 516 4222 τούτου
550 4169 1009 4239 καταλειφθέντα,
1033 4170 1239 4225 τούτων
1258 4172 1442 4225 τόπων
1478 4174 1702 4224 ἐπίσκο-

145 4268 244 4320 πον,
278 4260 365 4311 καί
395 4262 486 4313 τὸν
512 4261 707 4313 τούτου
739 4263 1028 4333 οἰκονόμον
1061 4262 1245 4315 λαϐεῖν
1289 4264 1383 4317 καὶ
1441 4264 1501 4316 τὸ
1530 4262 1706 4316 τοιοῦ-

143 4357 217 4395 τον
264 4348 473 4413 εὐσεϐὲς
509 4350 675 4420 ἔργον
718 4352 985 4423 πληροῦν.
1032 4354 1120 4406 Ἐν
1170 4352 1370 4415 πάσαις
1402 4356 1515 4424 γάρ
1577 4357 1699 4416 ταῖς

146 4441 393 4508 τοιαύταις
432 4446 690 4499 εὐσεϐέσι
720 4448 1033 4517 βουλήσεσι,
1065 4449 1193 4511 τοὺς
1220 4448 1551 4509 ὁσιωτάτους
1592 4447 1702 4499 τῶν

149 4529 306 4584 τόπων
346 4537 678 4600 ἐπισκόπους
709 4538 1012 4609 βουλόμεθα
1042 4542 1314 4609 προνοεῖν,
1347 4538 1487 4591 ὥστε
1526 4538 1703 4589 πάντα

147 4626 263 4677 κατὰ
297 4626 388 4698 τὴν
414 4628 509 4681 106
534 4629 959 4701 τελευτήσαντος
986 4630 1240 4701 βούλησιν
1272 4632 1612 4702 προϐαίνειν,
1648 4635 1696 4683 εἰ

1802 3421 1874 3476 45
1902 3430 2083 3475 const.
2119 3420 2383 3488 instituit,
2421 3431 2478 3474 ut
2512 3438 2637 3492 pag.
2673 3422 2802 3478 566.

1878 3514 2177 3571 Scholium.
2228 3514 2414 3570 Const.
2469 3516 2526 3580 5,
2579 3517 2661 3571 tit.
2693 3518 2729 3571 2
2760 3516 3135 3585 Novellarum,
3178 3533 3263 3579 est
3294 3539 3401 3580 no-

1808 3606 1948 3661 vella
1974 3603 2276 3660 Justiniani
2309 3605 2407 3660 151
2447 3605 2525 3677 [ct
2559 3608 2666 3680 est]
2696 3610 2871 3677 posita
2902 3612 2958 3665 in
2996 3613 3092 3668 lib.
3132 3629 3184 3681 v,
3220 3615 3303 3680 tit,
3338 3616 3392 3671 ὅ.

1808 3702 1940 3768 Quae
1976 3715 2106 3756 vero
2150 3700 2205 3754 in
2234 3701 2577 3771 .compendio
2628 3704 2908 3774 proposita
2964 3716 3113 3772 sunt,
3148 3709 3397 3778 ejusdetn

1809 3796 1894 3849 tit.
1930 3804 2061 3849 sunt
2089 3809 2211 3864 cap.
2244 3794 2297 3859 9,
2332 3796 2477 3864 quod
2538 3797 2619 3851 sic
2667 3796 2872 3853 habet:
2902 3796 3032 3854 Item
3066 3801 3111 3856 si
3161 3817 3261 3872 pro
3300 3802 3369 3859 re

1809 3888 2123 3957 demptione
2176 3887 2517 3957 captivorum
2554 3890 2761 3960 aliquid
2808 3892 3053 3949 relictum
3091 3896 3183 3959 sit,
3224 3910 3401 3966 neque

1809 3986 2043 4032 testator
2074 3978 2401 4031 nominatim
2443 3978 2666 4044 dixerit,
2720 3994 2817 4048 per
2866 3996 3029 4050 quem
3068 3981 3404 4052 redemptio-

1808 4087 1933 4126 nem
1965 4071 2081 4126 lieri
2127 4081 2421 4141 oporteat:
2457 4071 2643 4127 itidem
2681 4073 2963 4143 juhemus,
3000 4084 3059 4129 ut
3092 4092 3179 4129 res
3214 4077 3265 4129 in
3296 4076 3400 4132 hoc

1810 4166 2047 4230 relictas,
2082 4164 2330 4220 locorum
2367 4166 2664 4235 cpiscopus
2688 4176 2743 4221 et
2769 4166 2936 4237 hujus
2963 4182 3285 4223 (econumus
3309 4184 3402 4224 ca-

1810 4262 1946 4331 piat,
1975 4269 2029 4314 et
2072 4260 2387 4330 hujusmodi
2427 4261 2573 4330 pium
2603 4276 2740 4330 opus
2768 4263 3024 4331 gimpleat.
3053 4261 3111 4317 1n
3145 4264 3403 4321 omnibus

1812 4354 1961 4409 enim
2014 4354 2137 4409 istis
2172 4355 2275 4423 piis
2308 4353 2682 4408 voluntatibus
2728 4356 2982 4411 volumus
3031 4357 3195 4411 etiam
3256 4358 3404 4427 ipsos

1813 4445 2259 4515 religiosissimos
2319 4446 2569 4500 locorum
2643 4445 2934 4516 episcopos
2999 4448 3402 4517 providentiam

1816 4538 2257 4600 accommodare,
2282 4545 2341 4591 ut
2358 4539 2544 4591 omnia
2572 4539 2877 4591 secundum
2904 4542 3182 4595 testatoris
3205 4541 3404 4596 volun-

1814 4639 1975 4683 tatem
2001 4631 2303 4698 procedant
2328 4648 2340 4684 :
2363 4630 2467 4684 etsi
2486 4631 2723 4685 maxime
2747 4646 2776 4684 a
2810 4633 3162 4688 testatorihus
3190 4645 3284 4688 aut
3305 4639 3407 4691 do-

150 4717 226 4767 καί
253 4720 313 4771 τά
336 4723 573 4791 μάλιστα
591 4726 744 4796 παρὰ
761 4726 872 4778 των
893 4725 1228 4795 διαθεμένων
1247 4725 1279 4796 ἦ
1311 4726 1417 4779 τῶν
1446 4725 1692 4796 δωρησα-

1812 4723 2104 4777 natoribus
2141 4722 2493 4776 interdictum
2521 4723 2656 4793 ipsis
2687 4724 2779 4789 sit,
2818 4740 2889 4779 ne
2942 4727 3073 4795 quid
3112 4727 3167 4781 in
3200 4728 3267 4782 iis
3308 4729 3406 4783 ha-

152 4806 325 4875 μένων,
372 4816 732 4887 ἁπαγορευθῇ
781 4816 964 4879 αὐτοῖς
1005 4818 1148 4886 ἔχειν
1190 4817 1325 4887 πρὸς
1387 4818 1526 4869 αὑτά
1587 4834 1709 4870 τινα

152 4903 433 4965 μετουσίαν.
481 4908 545 4960 Εἰ
594 4907 651 4959 δὲ
694 4910 742 4960 οἰ
776 4907 950 4961 ταῦτα
1009 4907 1241 4978 ποιῆσαι
1296 4909 1704 4975 κελευσθέντες,

154 4990 278 5058 ἂπαξ
307 4998 397 5050 καί
440 4999 523 5062 δίς
560 5000 712 5071 παρὰ
745 5000 838 5052 106
894 5004 1319 5071 μακαριωτάτου
1358 5003 1467 5054 τῶν
1524 5001 1705 5055 τόπων

152 5082 418 5142 ἐπισκόπου
470 5092 564 5145 καί
627 5092 736 5145 τῶν
772 5092 976 5145 τούτων
1033 5093 1337 5164 οἰκονόμων
1384 5094 1470 5147 διὰ
1531 5094 1701 5164 δημοο

156 5173 263 5229 σίων
309 5182 615 5252 προσώπων
672 5184 1157 5257 ὑπομνησθέντες,
1227 5186 1574 5255 ι’δπερθώνται
1633 5186 1703 5239 τὰ

154 5269 524 5333 διατυπωθέντα
569 5281 901 5351 πληρῶσαι,
934 5280 1231 5351 κελεύομεν
1280 5281 1503 5344 τούτους
1528 5279 1699 5333 ιᾶπαν

157 5366 316 5434 κέρδος
347 5376 706 5443 καταλειφθὲν
738 5376 922 5438 αὐτοῖς
974 5376 1127 5445 παρὰ
1168 5373 1264 5427 106
1298 5375 1472 5428 ταῦτα
1521 5374 1703 5428 κελεύ-

160 5474 321 5525 σαντος
367 5468 689 5533 ἀπολλύναι,
744 5469 871 5531 τοὺς
926 5468 983 5521 δὲ
1012 5469 1344 5531 ὁσιωτάτους
1376 5469 1484 5520 τῶν
1519 5468 1701 5521 τόπων

159 5554 474 5625 ἐπισκόπους,
498 5565 675 5615 πάντα
690 5562 759 5614 τά
780 5563 1078 5633 πράγματα
1102 5562 1169 5615 τὰ
1190 5561 1419 5627 πάσαις,
1452 5562 1527 5626 ὡς
1550 5561 1704 5633 εἴρη-

156 5660 247 5711 ται,
274 5654 381 5715 ταῖς
415 5655 693 5708 εύσεϐέσιν
728 5656 927 5719 αἰτίαις
958 5654 1347 5727 ἀφορισθέντα,
1382 5655 1521 5726 μετά
1559 5672 1702 5725 καρο

158 5742 369 5798 πὼνκαί
417 5749 767 5820 ὲπαυξήσεων
822 5749 917 5802 106
969 5750 1138 5821 μέσου
1184 5750 1404 5821 χρόνου,
1455 5750 1553 5802 καί
1606 5749 1701 5804 τοῦ

160 5839 583 5907 μνημονευθέντος
604 5843 797 5915 χρόνου
823 5843 1074 5915 κέρδους,
1130 5844 1391 5909 ἐκδικεῖν,
1430 5845 1525 5897 καὶ
1554 5842 1701 5916 ἆπερ

156 5924 495 6001 ὀ-ιιλθέμενος
541 5934 863 6007 διετύπωσε,
930 5934 1195 6009 πληροῦν,
1250 5934 1459 6001 εἰδότας
1513 5935 1590 6002 ὡς
1648 5938 1698 5991 εἰ

1809 4815 1975 4869 beant
2005 4816 2345 4870 commercii.
2368 4815 2529 4870 Certe
2572 4817 2615 4870 si
2644 4816 2718 4870 illi
2743 4819 2837 4887 qui
2865 4818 2981 4874 haec
3013 4821 3238 4890 exsequi
3261 4820 3405 4891 jussi

1809 4916 1958 4971 sunt,
2018 4907 2186 4960 semel
2238 4916 2405 4976 atque
2454 4906 2656 4961 iterum
2710 4924 2740 4961 a
2783 4910 3104 4965 beatissimo
3154 4912 3402 4968 locorum

1807 5001 2088 5070 episcopo,
2131 5010 2187 5055 et
2233 5001 2355 5070 ejus
2404 5003 2710 5060 oeconomis
2740 4990 2839 5074 per
2861 5006 3111 5075 publicas
3138 5022 3404 5077 personas

1806 5093 2093 5161 admoniti,
2115 5108 2177 5147 ea
2200 5110 2321 5163 qum
2344 5095 2611 5165 disposita
2633 5106 2759 5151 sunt
2796 5097 3023 5168 implere
3050 5098 3402 5155 distulerint:

1802 5184 2063 5256 jubemus
2097 5197 2152 5241 ut
2184 5187 2220 5241 ii
2253 5203 2429 5257 omne,
2456 5188 2706 5252 lucrum,
2755 5191 2903 5259 quod
2935 5190 3004 5244 ah
3048 5207 3113 5245 eo
3157 5192 3253 5260 qui
3300 5194 3402 5248 ista

1804 5280 1975 5352 jussit
2030 5280 2279 5333 relictum
2318 5290 2435 5348 est,
2486 5283 2786 5336 amittant:
2820 5282 3223 5352 religiosissimi
3275 5300 3403 5340 vero

1810 5373 2059 5427 locorum
2085 5374 2329 5445 episcopi
2360 5390 2556 5431 omnes
2582 5391 2691 5439 res,
2715 5391 2837 5446 quae
2866 5378 3291 5449 quibuscunque
3321 5380 3405 5451 (ut

1810 5468 2012 5522 dictum
2046 5474 2151 5538 est)
2183 5470 2285 5538 piis
2322 5470 2508 5525 causis
2543 5470 2815 5538 deputatae
2859 5478 3008 5533 sunt,
3041 5485 3167 5525 cum
3213 5471 3404 5527 fructi-

1800 5560 1905 5615 bus
1952 5570 2006 5614 ct
2041 5562 2206 5615 medii
2249 5563 2514 5631 temporis
2565 5561 3001 5627 accessionibus,
3050 5569 3216 5631 atque
3265 5563 3399 5619 item

1801 5666 2105 5709 memorato
2140 5657 2424 5725 temporali
2449 5658 2618 5717 ,lucro
2642 5657 2914 5709 vindicent
2955 5675 2967 5710 :
2998 5666 3053 5712 et
3087 5674 3209 5728 qua:
3238 5668 3404 5714 testa-

1803 5756 1887 5801 tor
1927 5747 2222 5817 disposuit,
2266 5747 2602 5818 adimpleant
2649 5748 2865 5808 scituri.
2918 5751 3061 5818 quod
3114 5753 3160 5807 si
3201 5763 3254 5805 et
3294 5752 3399 5823 ipsi

1802 5840 2165 5911 negligentius
2223 5842 2467 5913 egerint,
2522 5857 2622 5911 pro
2676 5843 2932 5897 omnibus
2984 5842 3071 5898 his
3130 5846 3396 5903 rationem

1804 5928 1917 5993 Deo
1953 5935 2221 5993 reddituri
2246 5936 2378 5994 sint.
2408 5932 2552 5991 Sane
2588 5936 2634 5993 si
2668 5936 3121 6007 religiosissimus
3147 5938 3395 5998 locorum
