3904 6298
565 364 700 433 1031

1736 358 2001 426 ῙἮΟΤῙΙ
2033 358 2541 425 PATRIARCH/E
2578 360 2688 428 ΟΡ.

3674 374 3779 447 1032

570 483 866 553 ιιρῑεοορυε
905 478 1112 552 aliquid
1159 493 1352 535 eorum
1396 492 1520 549 quae
1573 492 1603 532 a
1639 478 1801 534 nobis
1840 479 1985 534 dicta
2024 486 2173 544 sunt,

2303 479 2685 551 ἱᾳθυμήσαιεν,
2725 480 2867 569 ὑπὲρ
2898 480 3122 537 πάντων
3156 480 3362 539 τούτων
3410 483 3552 555 λόγον
3592 490 3657 562 τῷ
3685 495 3780 569 Θεῷ

570 575 988 647 praetermiserit
1021 593 1035 631 :
1073 573 1288 629 licitum
1312 580 1435 628 esto
1458 570 1881 642 religiosissime
1907 570 2027 641 ejus
2054 585 2170 625 me-

572 667 926 738 tropolitano,
961 666 1078 721 haec
1109 664 1329 736 exigere
1359 674 1523 733 atque
1549 661 1797 732 implere.
1828 660 1935 716 Sed
1965 669 2022 715 et
2052 660 2173 716 cui-

572 760 656 815 vis
682 760 775 813 alii
804 759 1027 813 licentia
1063 757 1192 817 erit.
1220 772 1285 811 ea
1328 755 1396 811 de
1437 771 1497 809 re
1530 754 1891 823 quaestionem
1926 766 2171 817 movere,

571 854 814 923 dareque
857 865 1082 922 operam
1149 862 1210 905 ut
1244 849 1501 905 omnibus
1546 848 1723 903 modis
1751 846 1801 901 id
1848 862 2020 918 genus
2071 846 2175 915 piae

578 964 759 1005 causa:
804 955 1199 1018 exsequantur.
1238 946 1294 1001 Si
1333 962 1468 1001 vero
1502 945 1677 999 haeres
1708 958 1772 998 ea
1803 958 1926 1012 qua:
1968 942 2022 995 in
2050 942 2174 1012 pias

576 1056 775 1097 causas
812 1039 1003 1093 relicta
1031 1047 1184 1102 sunt,
1219 1053 1329 1092 non
1375 1037 1619 1107 impleat,
1648 1035 1839 1090 dicens
1874 1048 1983 1087 non
2028 1031 2177 1088 sulIi-

577 1150 702 1190 cere
725 1134 793 1187 ad
827 1133 927 1187 has
954 1131 1205 1186 relictum
1234 1130 1337 1186 sibi
1362 1128 1783 1201 patrimonium,
1811 1126 2092 1197 jubcmus,
2117 1131 2178 1180 ut

577 1227 725 1280 omni
748 1225 904 1280 lucro
921 1225 1067 1295 quod
1092 1242 1156 1279 ex
1190 1222 1428 1278 Falcidia
1451 1222 1718 1294 provenit,
1746 1229 1995 1285 vacante,
2017 1218 2179 1289 quid-

579 1315 713 1386 quid
762 1314 817 1369 in
864 1313 1203 1385 ejuscemodi
1242 1312 1598 1369 facultatibus
1649 1313 1929 1366 inventum
1991 1308 2177 1376 fuerit,

579 1404 917 1476 providentia
950 1404 1285 1459 sanctissimi
1333 1402 1581 1458 locorum
1616 1400 1861 1472 episcopi
1909 1409 2081 1455 totum
2124 1399 2180 1453 in

581 1510 782 1551 causas
810 1495 865 1548 in
889 1510 1031 1565 quas
1066 1494 1319 1549 relictum
1354 1502 1459 1557 est,
1495 1494 1786 1563 procedat,
1818 1492 1977 1558 Quod
2021 1490 2067 1544 si
2104 1491 2182 1546 le-

579 1598 764 1659 gatum
796 1586 865 1640 ab
894 1586 1082 1656 aliquo
1124 1586 1190 1640 ad
1230 1587 1348 1656 pias
1400 1600 1598 1640 causas
1656 1584 1908 1637 relictum
1956 1582 2122 1637 fuerit
2165 1599 2180 1637 :

576 1680 860 1752 jubemus,
894 1687 956 1733 ut
981 1679 1128 1734 intra
1158 1693 1253 1735 sex
1278 1694 1497 1734 menses
1527 1677 1595 1731 ab
1615 1676 1992 1732 insinuatione
2015 1685 2185 1730 testa-

584 1772 755 1828 menti
790 1772 1192 1836 numerandos,
1234 1771 1494 1826 omuibus
1526 1771 1633 1826 hoc
1684 1769 1866 1825 modis
1897 1778 2188 1840 praestetur

2280 572 2639 642 παρέξουσιν.
2691 574 2756 627 Ei
2813 568 3034 645 μέντοι,
3094 576 3123 629 ό
3174 575 3461 642 ὁσιώτατος
3505 580 3601 635 τῶν
3645 586 3785 643 τόπων

2280 665 2602 730 ἐπίσκοπος,
2626 665 2943 739 παραλείπῃ
2966 685 3018 721 τι
3040 665 3152 720 τῶν
3172 669 3306 739 ἡμῖν
3329 670 3608 741 εἰρημένων
3631 676 3787 741 ἐξέστω

2280 758 2376 812 καὶ
2415 755 2496 829 τῷ
2525 758 2810 830 όσιωτάτῳ
2838 758 3005 813 αὐτοῦ
3058 760 3449 833 μητροπολίτῃ,
3481 763 3636 819 ταῦτα
3662 769 3789 823 ἅπαις

2282 854 2400 905 τεῖν
2430 851 2530 906 καὶ¹
2568 851 2833 925 πληροῦν,
2871 852 2969 907 καὶ
3011 853 3178 906 παντὶ
3230 853 3286 907 δὲ
3318 854 3483 926 ἑτέρῳ
3512 856 3645 911 ἄδεια
3668 860 3791 926 ἔστω,

2278 940 2381 1013 τὴν
2427 941 2687 1014 τοιαύτην
2729 940 2960 1013 ζήτησιν
3008 944 3201 1009 κινεῖν,
3252 944 3347 997 καὶ
3402 947 3693 1013 σπουδάζειν
3730 952 3793 1004 ἵνα

2282 1037 2419 1089 πᾶσι
2441 1034 2667 1105 τρόποις
2697 1036 2755 1088 αἱ
2785 1033 3036 1088 τοιαῦται
3062 1034 3310 1099 εὐσεϐεῖς
3340 1037 3505 1091 αἰτίαι
3555 1040 3795 1113 πληρωθῶ.

2284 1145 2391 1182 σιν.
2424 1128 2487 1180 Εἰ
2511 1128 2567 1182 δὲ
2600 1130 2628 1181 ό
2650 1127 2988 1199 κληρονόμος
3016 1130 3085 1183 τὰ
3107 1130 3187 1193 εἰς
3220 1130 3462 1193 εὐσεϐεῖς
3488 1132 3648 1198 αἰτίας
3672 1152 3795 1192 κατα-

2286 1218 2620 1291 λελειμμένα
2649 1219 2725 1291 μὴ
2755 1220 3045 1293 πληρώσῃ,
3072 1222 3247 1289 λέγων
3283 1222 3382 1295 τὴν
3412 1226 3798 1296 καταλειφθεῖσαν

2287 1313 2438 1385 αὐτῷ
2467 1314 2840 1385 κληρονομίαν
2872 1315 2947 1385 μὴ
2980 1316 3173 1385 ἀρκεῖν
3203 1317 3284 1377 είς
3309 1316 3532 1384 ταύτας,
3565 1320 3799 1393 κελεύομεν

2289 1407 2492 1469 παντὸς
2507 1406 2602 1460 τοῦ
2627 1408 2693 1459 ἐκ
2708 1406 2801 1461 τοῦ
2817 1408 2957 1477 φαλκ
2966 1407 3097 1461 ιδίου
3114 1406 3338 1479 κέρδους
3354 1408 3677 1477 σχολάζοντος
3694 1414 3801 1466 όσον-

2289 1499 2498 1569 δήποτε
2525 1499 2723 1570 εὑρεθῇ
2758 1502 2816 1553 ἐν
2836 1502 2904 1569 τῇ
2924 1500 3152 1572 τοιαύτῃ
3190 1497 3351 1570 οὐσία
3388 1502 3672 1571 προχωρεῖν
3696 1504 3742 1555 ἐν
3758 1509 3801 1576 τῇ

2294 1589 2530 1662 προνοίᾳ
2548 1590 2641 1642 τοῦ
2666 1590 2974 1659 ἀγιωτάτου
3000 1589 3111 1643 τῶν
3132 1590 3315 1643 τόπων
3346 1590 3634 1644 ἐπισκόπου
3656 1594 3804 1659 εἰςτὰς

2292 1682 2478 1746 αἰτίας
2510 1681 2577 1745 ἃς
2606 1682 3053 1737 καταλέλειπται.
3090 1684 3153 1736 Ei
3180 1683 3239 1737 δὲ
3263 1682 3497 1753 ληγάτον
3527 1684 3664 1755 παρά
3688 1703 3805 1751 τινος,

2294 1778 2376 1842 είς
2404 1777 2650 1841 εὐσεϐεῖς
2673 1777 2853 1841 αἰτίας
2872 1777 3289 1848 καταλειφθείη,
3317 1777 3604 1849 κελεύομεν
3618 1780 3725 1832 εἵσω
3740 1798 3807 1852 μη·

582 1866 670 1922 his
707 1866 909 1936 quibus
939 1864 1189 1921 relictum
1213 1874 1317 1920 est.
1354 1864 1449 1919 Sin
1480 1878 1660 1920 autem
1682 1902 1699 1929 ,
1731 1864 1825 1934 qui
1854 1865 1959 1919 hoc
1982 1862 2193 1935 gravati

2303 1869 2410 1924 νῶν
2429 1867 2490 1934 ἓξ
2512 1869 2621 1923 ἀπὸ
2636 1869 2734 1939 τῆς
2752 1869 3103 1941 ἐμφανίσεως
3127 1871 3227 1941 τῆς
3252 1870 3519 1942 διαθήκης
3545 1872 3810 1944 άριθμωμέ.

586 1969 716 2016 sunt
764 1958 1083 2027 huiusmodi
1122 1958 1363 2029 legatum
1424 1968 1685 2028 prmstare
1731 1956 2051 2012 distulerint
2081 1973 2096 2011 :
2128 1964 2185 2010 et

584 2055 797 2109 fructus
844 2061 900 2107 et
942 2066 1165 2117 usurae.
1195 2061 1250 2106 et
1280 2052 1465 2107 omnis
1507 2050 1749 2121 legitima
1800 2051 2068 2115 accessio,
2116 2048 2186 2105 ab

584 2147 720 2218 ipsis
757 2146 869 2217 jam
906 2145 1034 2201 inde
1080 2160 1109 2198 a
1142 2152 1391 2214 tempore
1419 2145 1614 2200 mortis
1652 2143 1773 2212 eius
1808 2144 1899 2215 qui
1940 2142 2184 2215 reliquit,

583 2239 889 2310 exigentur.
940 2237 999 2292 Si
1043 2237 1284 2309 legatum
1320 2252 1567 2292 annuum
1615 2240 1926 2308 cuicunque
1955 2251 2185 2292 venera-

588 2331 683 2385 bili
719 2330 908 2385 domui
940 2329 1194 2385 relictuin
1245 2328 1436 2395 fuerit,
1485 2328 1779 2401 siquidem
1830 2329 1909 2395 hi,
1951 2329 2046 2400 qui
2083 2330 2188 2384 hoc

586 2421 718 2475 dare
742 2420 885 2491 jussi
915 2430 1083 2486 sunt,
1120 2428 1217 2474 aut
1258 2420 1413 2474 locus
1446 2434 1512 2474 ex
1539 2434 1652 2489 quo
1699 2419 1753 2474 id
1788 2417 2033 2489 praestari
2066 2417 2189 2488 jus-

585 2526 706 2565 sum
745 2519 849 2577 est,
878 2511 931 2565 in
962 2513 1149 2566 eadem
1186 2519 1285 2565 aut
1318 2509 1492 2563 vicina
1536 2509 1825 2581 provincia
1852 2518 1939 2565 est
1974 2525 1990 2563 :
2021 2508 2187 2579 jube-

586 2616 730 2669 mus,
761 2615 943 2670 neque
983 2600 1149 2656 modo
1182 2600 1290 2654 tale
1320 2600 1561 2670 legatum
1594 2601 1887 2656 alienetur.
1916 2598 2014 2655 Sin
2045 2599 2185 2664 loca,

587 2699 679 2744 aut
709 2706 955 2760 personae
977 2731 993 2754 ,
1028 2707 1097 2747 ex
1122 2692 1349 2764 quibus,
1386 2701 1478 2747 aut
1503 2708 1533 2746 a
1564 2693 1770 2763 quibus
1795 2693 1900 2748 hoc
1924 2691 2043 2747 dari
2063 2691 2187 2762 jus-

587 2800 709 2837 sum
743 2795 823 2840 est
845 2824 862 2852 ,
910 2787 966 2840 in
999 2786 1390 2841 remotioribus
1417 2787 1528 2840 sint
1558 2786 1805 2857 partibus
1836 2801 1852 2839 :
1884 2793 2017 2840 tunc
2048 2785 2191 2841 inte-

588 2894 745 2948 grutu
774 2878 882 2933 illis
910 2888 1029 2934 esto
1051 2920 1066 2947 ,
1104 2879 1311 2949 quibus
1368 2879 1420 2935 id
1455 2879 1708 2934 relictum
1739 2889 1842 2945 est,
1872 2886 1929 2933 ut
1972 2879 2020 2934 si
2047 2878 2190 2934 obli-

588 2980 709 3040 gata
747 2970 911 3025 etiam
959 2987 1087 3042 pars
1120 2971 1427 3039 consentit,
1470 2972 1707 3043 legatum
1752 2980 2101 3043 permutem,
2134 2979 2191 3028 et

586 3067 827 3121 vicinum
877 3068 1115 3139 aliquem
1145 3083 1247 3139 pro
1274 3068 1381 3125 hoc
1426 3069 1663 3123 reditum
1692 3068 1914 3138 capiant
1944 3068 2191 3133 uberem,

590 3169 645 3216 et
682 3175 806 3216 cum
839 3161 1157 3217 accessione
1178 3202 1193 3227 ,
1229 3177 1353 3232 quae
1408 3176 1519 3216 non
1549 3160 1735 3215 minus
1766 3170 1964 3231 quarta
1994 3160 2196 3215 relictae

593 3254 921 3325 quantitatis
956 3263 1114 3325 parte
1144 3256 1413 3322 continet,
1441 3263 1496 3310 et
1528 3270 1705 3327 neque
1727 3254 1919 3310 multis
1954 3254 2190 3326 publicis

596 3349 1051 3418 praestationibus
1082 3361 1369 3406 onustum.
1408 3346 1514 3404 Sed
1542 3360 1596 3404 et
1623 3349 1670 3404 si
1703 3350 1940 3405 vendere
1970 3348 2077 3404 tale
2114 3348 2190 3403 le-

593 3452 780 3510 gatum
816 3442 1111 3509 voluerint,
1149 3458 1257 3498 non
1289 3444 1474 3499 minus
1498 3444 1659 3515 pretii
1698 3444 1921 3498 nomine
1947 3444 2191 3514 capiant,

594 3551 760 3606 quam
791 3551 859 3591 ex
895 3537 991 3591 tali
1024 3536 1201 3608 legato
1222 3553 1317 3608 per
1347 3538 1572 3609 triginta
1595 3538 1855 3608 quinque
1880 3552 2054 3592 annos
2079 3537 2193 3591 col-

595 3632 841 3701 ligatur:
890 3630 965 3685 ita
1015 3640 1236 3698 tamen,
1282 3641 1345 3686 ut
1384 3632 1658 3703 ejusmodi
1706 3632 1940 3702 pretium
1987 3632 2055 3686 ad
2089 3631 2197 3686 uti-

594 3723 801 3777 litatem
843 3723 1118 3793 praedicta:
1162 3725 1494 3780 venerabilis
1520 3724 1719 3780 domus
1769 3724 2053 3794 procedat,
2101 3724 2192 3779 cui

599 3812 854 3867 relictum
900 3822 1003 3868 est.
1065 3811 1380 3887 [Similiter]
1411 3820 1574 3870 etiam
1608 3831 1730 3886 cap.
1766 3816 1796 3869 7
1830 3816 2074 3885 ejusdem
2102 3816 2195 3872 lib.

596 3912 653 3959 et
672 3903 778 3969 tit.,
813 3905 959 3975 quod
985 3905 1065 3960 sic
1092 3905 1258 3961 habet
1290 3925 1304 3961 :
1329 3907 1384 3961 Si
1408 3909 1535 3978 quis
1560 3910 1891 3976 oratorium,
1914 3910 2198 3979 templum,

601 4003 696 4050 aut
724 4010 1019 4060 xenonem,
1061 4007 1158 4053 aut
1184 4000 1489 4070 ptocbium,
1515 4010 1611 4057 aut
1642 4001 2200 4072 orphanotrophium,

600 4094 695 4141 aut
745 4090 1165 4158 nosocomium,
1204 4102 1301 4147 aut
1344 4094 1507 4149 aliam
1556 4095 1923 4150 venerabilem
1971 4097 2198 4151 domum

600 4180 811 4236 exstrui
844 4181 900 4235 in
946 4183 1138 4240 ultima
1188 4186 1471 4243 voluntate
1499 4188 1856 4259 disposuerit,
1891 4188 2153 4260 jubemus
2181 4232 2196 4259 ,

603 4280 661 4327 ut
684 4276 988 4330 oratorium
1041 4278 1181 4333 intra
1212 4281 1462 4351 quinque
1501 4298 1679 4338 annos
1712 4283 2048 4354 perﬁciatur,
2074 4298 2205 4354 pro-

605 4364 843 4422 videntia
889 4369 1140 4426 locorum
1194 4373 1440 4445 episcopi
1474 4384 1530 4429 et
1577 4375 1755 4431 civilis
1799 4378 2153 4447 magistratus
2187 4395 2221 4439 εν

606 4474 785 4515 xenon
816 4477 969 4531 vero,
1003 4474 1099 4519 aut
1128 4467 1437 4535 ptocbium,
1461 4476 1557 4523 aut
1598 4470 1706 4525 alia
1748 4471 2075 4528 venerabilis
2104 4474 2204 4527 do-

2299 1976 2430 2027 νων,
2454 1960 2615 2015 τοῦτο
2640 1963 2779 2015 πᾶσι
2799 1961 3025 2031 τρόποις
3074 1962 3419 2034 παρέχεσθαι
3454 1957 3536 2027 οἷς
3566 1964 3811 2018 καταλέλει-

2300 2069 2459 2106 πται.
2512 2051 2579 2106 Εί
2626 2052 2684 2106 δὲ
2734 2053 3086 2124 ὑπερθῶνται
3120 2057 3170 2109 οἱ
3217 2054 3397 2123 τούτῳ
3429 2055 3751 2128 βεϐαρημένοι
3772 2058 3813 2111 τὸ

2298 2144 2544 2198 τοιοῦτον
2571 2145 2809 2216 ληγάτον
2843 2146 3130 2217 παρέχειν,
3161 2148 3259 2201 καὶ
3287 2147 3540 2218 καρποὺς
3565 2148 3650 2201 καὶ
3673 2148 3813 2210 τόκους

2301 2240 2399 2294 καὶ
2430 2241 2615 2295 πᾶσαν
2646 2240 2879 2312 νόμιμον
2902 2241 3209 2314 ἐπαύξησιν
3260 2242 3707 2313 άπαιτηθήσονται
3736 2242 3810 2294 ἀπὸ

2297 2333 2392 2387 τοῦ
2431 2333 2627 2405 καιροῦ
2660 2335 2760 2405 τῆς
2796 2335 3056 2405 τελευτῆς
3080 2336 3257 2390 ταῦτα
3287 2337 3681 2399 καταλιπόντος.
3705 2336 3753 2388 Ei
3772 2334 3810 2386 δὲ

2297 2426 2535 2498 ληγάτον
2563 2428 2780 2499 ἐτήσιον
2814 2428 3116 2500 οίῳδήποτε
3149 2428 3439 2499 σεϐασμίῳ
3465 2429 3592 2497 οἴκῳ
3615 2427 3815 2481 καταλει-

2302 2520 2489 2593 φθείη,
2526 2522 2577 2574 εί
2634 2522 2734 2592 μὲν
2763 2522 2814 2575 οἱ
2850 2520 3091 2576 τοιοῦτοι
3137 2521 3323 2577 δοῦναι
3356 2521 3815 2592 κελευσθέντες,ἧό

2302 2614 2470 2679 τόπος
2500 2613 2560 2680 ἐξ
2586 2609 2649 2669 οῦ
2686 2615 2985 2687 ἐκελεύσθη
3008 2615 3172 2670 τοῦτο
3201 2615 3568 2687 παρέχεσθαι,
3596 2617 3649 2670 ἐν
3672 2619 3725 2687 τῇ
3748 2616 3816 2668 αὗ-

2299 2703 2395 2758 τοῦ
2421 2704 2455 2774 ἢ
2491 2708 2557 2777 τῇ
2588 2706 2793 2775 γείτονι
2823 2706 3067 2778 ἐπαρχίᾳ
3091 2706 3200 2777 εἴη,
3233 2706 3537 2776 κελεύομεν
3559 2707 3629 2779 μὴ
3656 2708 3818 2776 imp/ao

2301 2814 2391 2868 πῳ
2427 2798 2489 2852 τὸ
2525 2799 2768 2852 τοιοῦτον
2789 2799 3029 2870 ληγάτον
3053 2799 3422 2854 ἐκποιεῖσθαι.
3451 2800 3515 2854 Ei
3553 2800 3607 2854 δέ
3629 2801 3672 2853 οί
3709 2800 3820 2853 τόποι

2302 2890 2336 2961 ἢ
2376 2891 2448 2945 τὰ
2499 2892 2771 2963 πρόσωπα
2824 2890 2885 2957 ἐξ
2926 2884 3002 2946 ὧν
3049 2891 3211 2947 τοῦτο
3237 2892 3466 2963 δοθῆναι
3521 2891 3818 2961 προσετάχθη,

2302 2983 2641 3054 πορρωτέρω
2679 2982 2897 3055 εἴησαν,
2941 2984 3247 3053 τηνικαῦτα
3295 2985 3508 3051 ἐξέστω
3555 2984 3751 3048 ἐκείνοις
3769 2978 3823 3047 οἷς

2305 3074 2468 3130 τοῦτο
2501 3076 2949 3145 καταλέλειπται,
3000 3079 3049 3131 εί
3105 3080 3199 3131 καὶ
3234 3079 3297 3133 τὸ
3338 3078 3659 3150 ἐνεχόμενον
3704 3079 3825 3147 μέρος

2306 3171 2573 3233 συναινεί,
2608 3169 2865 3241 ἀμείϐειν
2899 3170 2962 3223 τὸ
3003 3169 3264 3241 ληγάτον,
3294 3171 3399 3225 καὶ
3425 3171 3647 3242 πλησίον
3666 3169 3826 3240 λαμϐά-

2302 3278 2417 3318 νειν
2448 3262 2588 3335 ὑπὲρ
2616 3261 2811 3316 τούτου
2847 3262 3111 3337 πρόσοδον
3147 3262 3407 3335 εὔπορον,
3443 3265 3539 3318 καὶ
3569 3265 3691 3335 μετά
3709 3278 3827 3333 προσ·

2304 3357 2480 3428 θήκης
2499 3357 2600 3410 οὐκ
2628 3356 2915 3422 ἐλάττονος
2946 3355 3044 3411 τοῦ
3065 3357 3330 3428 τετάρτου
3372 3357 3576 3429 μέρους
3601 3355 3690 3427 τῆς
3715 3371 3829 3408 κατι·

2302 3453 2622 3526 λειφθείσης
2666 3454 2991 3527 ποσότητος,
3019 3456 3115 3509 καὶ
3157 3455 3296 3525 μηδὲ
3348 3455 3571 3519 πολλοῖς
3614 3452 3829 3523 δημοσίοις

2304 3547 2606 3621 τελέσμασι
2633 3548 3041 3621 βεϐαρημένης.
3074 3550 3138 3605 Εἰ
3158 3550 3217 3604 δὲ
3247 3550 3343 3604 καὶ
3370 3550 3621 3621 πωλῆσαι
3644 3547 3830 3620 βούλεται

2306 3641 2569 3710 τοιοῦτον,
2624 3644 2700 3716 μὴ
2747 3644 2971 3699 ἔλαττον
3028 3645 3111 3708 είς
3168 3644 3233 3697 τὸ
3275 3644 3505 3715 τίμημα
3561 3642 3741 3705 λαϐεῖν,
3767 3638 3831 3691 τοῦ

2309 3738 2434 3791 ὅσον
2465 3736 2611 3809 ὑπὲρ
2664 3738 2911 3793 τοιούτου
2958 3737 3055 3791 τοῦ
3108 3737 3374 3808 ληγάτου,
3408 3739 3505 3792 ἐπὶ
3537 3737 3606 3790 λε’
3634 3735 3835 3795 ἐνιαυτοῖς

2312 3828 2631 3899 συνάγεται,
2662 3828 2806 3884 οὕτω
2838 3830 3023 3902 μέντοι
3053 3829 3195 3883 ὥστε
3223 3830 3286 3883 τὸ
3300 3829 3553 3884 τοιοῦτον
3585 3828 3767 3899 τίμημα
3782 3826 3836 3885 εἰς

2310 3922 2372 3975 τὸ
2392 3924 2673 3994 συμφέρον
2700 3923 2794 3977 τοῦ
2819 3924 3222 3995 προειρημένου
3246 3923 3555 3994 σεϐασμίου
3576 3919 3834 3983 obtriqu

2314 4018 2649 4089 κατελείφθη
2681 4020 3014 4089 προχωρεῖν,
3043 4019 3142 4071 καὶ
3182 4017 3491 4087 κεφάλαιον
3520 4015 3566 4081 ζ’
3604 4015 3688 4068 τοῦ
3718 4011 3837 4065 αὐτοῦ

2317 4109 2525 4181 βιϐλίου
2560 4112 2654 4164 καὶ
2707 4110 2891 4164 τίτλου
2941 4108 3117 4173 οὕτως
3136 4109 3259 4180 ἔχον
3282 4124 3296 4138 ·
3334 4108 3409 4161 Εἴ
3447 4126 3530 4173 τις
3562 4103 3841 4173 κατασκευὴν

2316 4203 2639 4275 εὐκτηρίου,
2668 4202 2820 4269 ναοῦ,
2854 4203 2887 4275 ἢ
2917 4203 3169 4270 ξενῶνος,
3206 4202 3240 4273 ἢ
3274 4203 3579 4273 πτωχείου,
3612 4201 3642 4271 ἦ
3671 4201 3843 4269 ὀρφανο-

2316 4298 2597 4369 τροφείου,
2632 4297 2665 4369 ἢ
2710 4296 3083 4368 νοσοκομείου,
3135 4297 3169 4367 ἢ
3206 4296 3370 4352 ἄλλου
3402 4295 3692 4367 σεϐασμίου
3717 4292 3843 4349 οἶκον,

2319 4392 2378 4446 ἐν
2398 4391 2690 4463 τελευταίᾳ
2738 4390 2990 4462 βουλήσει
3030 4390 3289 4460 γενέσθαι
3335 4389 3686 4451 διατυπώσει,
3712 4383 3845 4437 thei-

2320 4487 2546 4558 κτήριον
2564 4486 2663 4558 μὲν
2685 4486 2850 4539 πέντε
2866 4486 2996 4540 εἴσω
3026 4484 3293 4540 ἐνιαυτῶν
3323 4484 3665 4558 πληροῦσθαι
3683 4479 3845 4535 κελεύο-

606 4566 731 4607 mus
767 4554 911 4609 intra
965 4573 1136 4613 unum
1173 4575 1380 4616 annum
1434 4571 1773 4619 exstruatur.
1824 4566 1880 4620 Si
1926 4566 2072 4621 intra
2104 4581 2194 4620 an-

2327 4597 2426 4651 μεν
2463 4580 2693 4652 προνοίᾳ
2735 4578 2847 4633 τῶν
2885 4580 3070 4634 τόπων
3100 4580 3427 4643 ἐπισκόπου,
3463 4580 3559 4633 καὶ
3587 4578 3675 4632 τοῦ
3698 4577 3847 4630 mitti-

607 4661 737 4699 num
756 4646 1002 4705 baaredes
1022 4666 1318 4722 xenonem,
1332 4667 1830 4730 autquamcunque
1842 4662 2209 4720 venerabilem

609 4738 830 4792 domum
863 4779 879 4806 ,
916 4756 1082 4811 quam
1118 4754 1347 4803 testator
1371 4750 1585 4805 exstrui
1605 4751 1899 4823 disposuit,
1930 4769 2038 4810 non
2070 4754 2214 4813 fece-

608 4828 738 4897 rint,
775 4830 1057 4904 jubemus,
1090 4846 1151 4893 ut
1171 4838 1396 4896 domum
1446 4843 1485 4897 ii
1521 4845 1604 4900 vel
1628 4855 1815 4902 emant
1841 4888 1858 4915 ,
1888 4850 1974 4906 vel
2003 4851 2212 4907 condu-

607 4930 756 4991 cant,
788 4924 881 4980 tibi
913 4925 1069 4997 jussa
1089 4940 1292 4999 queant
1326 4936 1574 5006 exsequi,
1608 4940 1873 5010 tantisper
1900 4941 2031 4997 dum
2065 4943 2213 5014 ejus-

612 5016 758 5072 modi
789 5023 1117 5081 venerabilis
1163 5025 1360 5084 domus
1391 5028 1729 5088 absolvatur.
1766 5034 1847 5090 Ac
1891 5036 1941 5091 si
1988 5036 2211 5107 quidem

616 5109 733 5178 ipse
762 5118 991 5169 testator
1020 5116 1315 5187 deﬁnierit,
1350 5122 1575 5191 quinam
1607 5127 1935 5194 xenodocbi,
1966 5138 2062 5185 aut
2091 5138 2213 5201 pto-

616 5205 924 5278 chotrophi.
964 5218 1059 5264 aut
1105 5209 1162 5265 id
1211 5227 1383 5281 genus
1409 5214 1501 5269 alii
1543 5217 1952 5287 dispensatores
1976 5222 2090 5278 lieri
2121 5223 2214 5279 de-

620 5302 825 5373 beant,‘;
846 5316 938 5360 aut
978 5304 1286 5364 harredibus
1319 5311 1434 5366 suis
1466 5311 1633 5383 hujus
1663 5316 1741 5369 rei
1776 5316 2052 5386 optionem
2077 5333 2215 5389 prte-

619 5395 801 5451 buerit
838 5414 850 5453 :
880 5398 1166 5469 iubemus,
1193 5411 1255 5458 ut
1285 5405 1546 5462 omnibus
1568 5408 1745 5465 modis
1774 5410 2017 5469 hteredes
2041 5413 2214 5484 ipsius

621 5492 709 5548 his
736 5509 860 5564 quae
894 5495 964 5551 ab
1009 5496 1130 5569 ipso
1161 5500 1431 5572 disposita
1476 5514 1629 5569 sunt,
1658 5506 2000 5564 satisfaciant
2032 5527 2046 5565 :
2081 5511 2212 5567 bea-

622 5587 855 5644 tissimis
891 5590 1142 5648 locorum
1194 5596 1469 5669 episcopis
1513 5599 1847 5672 inspecturis
1894 5618 1962 5658 an
1994 5603 2215 5677 dispen-

622 5681 764 5737 satio
788 5683 1016 5754 pulchre
1035 5689 1297 5758 procedat
1324 5708 1337 5746 :
1370 5700 1425 5750 et
1450 5693 1496 5749 si
1519 5693 1982 5765 deprehenderint
2009 5712 2105 5754 eos
2123 5699 2214 5769 qui

623 5773 1093 5845 dispensationem
1119 5781 1323 5841 habent
1380 5801 1621 5857 nequam
1650 5788 1904 5847 homines
1925 5799 1981 5846 et
2007 5792 2214 5848 nullius

625 5866 781 5925 bona:
817 5873 896 5928 rei
928 5890 1049 5932 esse
1072 5917 1087 5944 ,
1124 5877 1397 5936 licentiam
1430 5881 1730 5954 habituris,
1758 5893 1815 5941 ut
1849 5884 1971 5943 sine
2010 5885 2215 5944 damno

2320 4670 2416 4727 κοῦ
2473 4670 2758 4743 ἄρχοντος,
2798 4671 2893 4724 τὸν
2928 4671 2986 4725 δὲ
3036 4670 3238 4736 ξενῶνα
3278 4673 3374 4724 καὶ
3429 4671 3495 4725 τὸ
3542 4663 3847 4739 πτωχείαν,ῆ

2315 4764 2479 4820 ἄλλον
2515 4764 2817 4835 σεϐάσμιον
2839 4758 3010 4831 οἷκον,
3038 4766 3171 4819 εῐσω
3193 4764 3310 4828 ἐνὸς
3346 4763 3601 4818 ἐνιαυτοῦ
3636 4760 3847 4833 γίνεσθαι.

2316 4858 2381 4911 Ei
2431 4857 2489 4911 δέ
2544 4857 2697 4922 ἐντὸς
2732 4855 2986 4911 ἐνιαυτοῦ
3031 4856 3108 4930 μὴ
3147 4860 3455 4929 ποιήσωσιν
3486 4859 3537 4912 οἱ
3582 4854 3847 4928 κληρονόμοι

2315 4950 2409 5005 τὸν
2449 4949 2677 5017 ξενῶνα,
2707 4950 2742 5022 ἢ
2777 4951 3097 5023 οίονδήποτε
3149 4952 3453 5023 σεϐάσμιον
3479 4948 3646 5017 οἷκον,
3671 4947 3757 5003 ὑπὸ
3782 4942 3847 4997 τοῦ

2322 5043 2651 5115 διαθεμένου
2697 5044 3109 5099 διατυπωθέντα
3143 5045 3423 5114 γενέσθαι,
3461 5042 3738 5112 κελεύομεν
3761 5033 3847 5089 τούν

2317 5154 2444 5202 τους
2469 5132 2675 5209 οἷκονῆ
2714 5136 3043 5209 ἀγοράζειν,
3086 5137 3119 5210 ἢ
3179 5136 3532 5209 μισθοῦσθαι,
3558 5137 3683 5189 ὅπου
3709 5132 3846 5184 δύναν-

2319 5246 2411 5282 ται
2460 5229 2531 5282 τὰ
2558 5228 2925 5284 κελευσθέντα
2976 5228 3288 5301 πληρῶσαι,
3350 5228 3459 5293 ἕως
3496 5228 3563 5282 ἂν
3604 5229 3631 5280 ό
3663 5220 3846 5279 τοιοῦτος

2319 5323 2617 5395 σεϐάσμιος
2641 5319 2793 5387 οἶκος
2810 5321 3115 5395 ν’πληρωθῇ,
3149 5323 3246 5377 καὶ
3280 5324 3327 5376 εί
3352 5323 3453 5393 μὲν
3476 5322 3637 5383 αὐτὸς
3660 5319 3686 5372 ό
3713 5312 3848 5373 διαθέ·

2321 5431 2484 5485 μενος
2517 5414 2676 5488 ὁρίσῃ
2712 5416 2839 5479 τοὺς
2871 5416 3190 5485 ὀφείλοντας
3224 5415 3537 5486 ξενοδόχους
3566 5405 3845 5484 γενέσθαι,ῆ

2319 5508 2746 5580 πτωχοτρόφους
2781 5508 3041 5581 ἥᾶλλους
3089 5508 3366 5573 τοιούτους
3414 5507 3716 5577 διοικητάς,
3768 5503 3848 5555 εἴτε

2318 5601 2431 5663 τοῖς
2459 5598 2611 5662 ἰδίοις
2646 5598 3008 5672 κληρονόμοις
3033 5599 3132 5672 τὴν
3159 5599 3417 5671 τοιαύτην
3436 5597 3688 5668 ἐπιλογὴν
3714 5592 3849 5661 παρᾶο

2322 5714 2448 5768 σχῃν
2484 5696 2784 5768 κελεύομεν
2806 5697 3033 5770 τρόποις
3054 5697 3226 5753 ἅπασι
3256 5698 3381 5763 τοὺς
3412 5696 3758 5769 κληρονόμους
3776 5686 3848 5740 αὖ·

2317 5790 2435 5856 τοῦ,
2487 5790 2556 5844 τὰ
2603 5790 2733 5863 παρ’
2774 5790 2942 5846 αὐτοῦ
2998 5791 3412 5847 διατυπωθέντα
3474 5786 3721 5859 πληροῦν,
3768 5779 3848 5833 τῶν

2323 5885 2465 5942 κατά
2491 5886 2660 5941 τόπον
2688 5888 3127 5958 μακαριωτάτων
3158 5886 3477 5941 ἐπισκόπων
3497 5878 3845 5939 ἐποπτευόντων
